4100 6212
327 267 434 325 955

329 397 435 438 non
465 389 636 450 potes,
660 395 758 437 nec
779 393 1010 450 unquam
1036 377 1320 450 quidquam
1350 375 1612 450 lefecisse
1627 375 1897 450 paenituit.

328 445 491 522 Cujus
518 445 758 522 bonitate,
780 445 900 505 facii
930 445 1144 522 sumus)
1175 445 1230 522 et
1252 447 1451 522 justitia
1472 445 1658 522 pennas
1685 445 1897 522 Iuimu_s,

329 516 697 578 et'clementia
747 521 1056 575 liberamur.
1099 516 1264 586 Cujus"
1301 516 1678 585 omnipotentia
1723 516 1902 570 omnia

328 592 620 662 gubernat,
664 593 800 662 regit
832 600 913 662 et,
933 591 1118 660 implet
1155 605 1274 658 quin
1313 589 1534 662 creavit.
1567 586 1675 640 Nec
1705 586 1825 662 ideo
1853 594 1904 641 te

330 656 554 730 implere
597 656 773 717 omnia
815 656 1075 726 dicimus,
1116 656 1256 730 utite
1283 658 1625 730 contineant;
1670 656 1762 730 sed
1791 657 1904 730 ipsa

329 726 508 803 potius
553 749 583 786 a
628 742 678 788 te
717 732 1107 803 contineantur.
1161 729 1292 803 Nec_
1320 728 1671 797 particulatim
1715 726 1905 795 imples

330 799 510 858 omnia
529 845 544 869 ,
574 818 672 857 nec
707 802 969 856 ullatenus
998 801 1067 854 ita
1101 799 1390 870 putandum
1419 807 1530 870 est,
1564 807 1901 870 utgunaquazf

329 888 434 940 que
469 866 555 927 res
582 888 676 942 pro
709 871 1068 942 magnitudine
1097 866 1209 925 suae
1245 868 1500 942 partionis
1533 867 1709 942 capiat
1735 876 1786 921 te
1805 908 1834 942 ,_
1849 866 1900 920 id

330 937 440 1010 est,
473 937 699 998 maxima
745 937 940 1012 majus,
971 941 1189 1012 minima
1217 937 1420 1012 minus;
1463 953 1582 992 cum
1612 937 1686 1012 sis
1730 937 1904 1012 potius

329 1007 444 1082 ipse
470 1013 522 1067 in
567 1007 846 1080 omnibus,
874 1019 929 1067 et
953 1011 1130 1082 omnia
1157 1012 1223 1082 in,
1237 1021 1306 1082 te.
1331 1008 1492 1082 Cujus
1522 1007 1904 1082 omnipotentia

330 1078 508 1136 omnia
535 1078 838 1148 concludit,
864 1097 965 1137 nec
992 1081 1249 1137 evadendi
1279 1079 1567 1148 potentiam
1587 1145 1595 1148 Α
1613 1086 1753 1130 tuam
1783 1078 1908 1148 quis

319 1151 527 1208 aditum
572 1145 1047 1221 invenire'poterit.
1075 1151 1175 1218 Qui
1206 1145 1348 1204 enim
1375 1157 1424 1203 te
1451 1163 1556 1202 non
1585 1145 1742 1202 habet
1786 1145 1901 1216 pla-

327 1231 501 1276 catum
519 1263 532 1283 .
565 1237 898 1289 nequaquam
927 1221 1121 1276 evadet
1147 1221 1358 1276 iratum.

398 1290 622 1348 CAPUT
647 1285 732 1346 ΙΙΙ.
747 1285 1061 1346 Desiderium
1081 1289 1196 1343 Dei.
1214 1289 1339 1358 Ejus
1360 1288 1586 1360 effectus.
1608 1285 1686 1360 (a)
1706 1287 1779 1341 ’l‘c
1804 1288 1892 1356 igi-

327 1368 436 1426 tur,
473 1361 887 1418 clementissime
920 1361 1056 1415 Deus
1077 1401 1091 1426 ,
1120 1360 1306 1414 invoco
1337 1360 1392 1414 in
1438 1359 1666 1411 animam
1695 1372 1898 1422 meam,

327 1445 486 1500 quam
517 1446 786 1501 praeparas
811 1431 876 1486 ad
921 1430 1234 1501 capiendum
1267 1439 1344 1492 te,
1379 1445 1444 1482 ex
1469 1427 1732 1482 desiderio
1761 1428 1901 1496 quod

326 1500 556 1570 inspira’s
611 1503 678 1556 ei.
735 1501 900 1566 Intra,
945 1515 1102 1569 rogo,
1161 1500 1212 1552 in
1275 1513 1421 1570 eam,
1455 1506 1509 1570 et
1559 1506 1744 1570 coapta
1777 1513 1898 1570 eam

329 1567 460 1640 tibi,
489 1580 546 1626 ut
591 1570 864 1640 possideas
919 1567 1058 1624 illam
1115 1584 1274 1640 quam
1317 1567 1484 1622 fecisti
1530 1576 1584 1621 et
1630 1567 1896 1621 refecisti:

325 1649 386 1694 ut
429 1638 652 1696 habeam
699 1650 748 1694 te
794 1640 936 1694 velut
975 1638 1302 1708 signaculum
1350 1652 1504 1704 super
1532 1651 1652 1708 _cor
1700 1652 1898 1691 meum.

327 1710 551 1776 Quaeso,
607 1711 875 1779 piissime,
925 1705 1255 1764 invocantem
1304 1716 1466 1779 tene
1511 1705 1763 1779 deseras,
1811 1707 1900 1779 qui

327 1775 631 1850 priusquam
654 1789 705 1834 te
727 1783 1024 1834 invocarem
1043 1819 1058 1843 ,
1091 1793 1177 1832 me
1203 1778 1431 1838 vocasti,
1454 1786 1508 1829 et
1525 1777 1791 1850 quaesisti;
1824 1775 1895 1850 (ᾇ)

327 1846 386 1904 iit
411 1846 508 1922 ego
545 1866 730 1906 servus
761 1860 882 1904 tuus
911 1857 963 1904 te
987 1864 1282 1922 quzererem
1307 1889 1322 1912 ,
1349 1846 1650 1922 quaerendo
1694 1847 1900 1922 inveni-

325 1917 470 1986 rem',
506 1929 560 1976 et
589 1922 858 1975 inventum
884 1917 1136 1974 amarem.
1185 1917 1448 1983 Qumsivi,
1497 1927 1548 1970 ct
1591 1917 1764 1969 inveni
1809 1927 1896 1982 te,

330 1990 577 2054 Domine,
603 2001 656 2046 et
677 2005 855 2043 amare
891 1988 1153 2044 desidero.
1183 1989 1329 2055 Auge
1355 1987 1672 2055 desiderium
1702 2001 1895 2049 meum,

325 2067 381 2114 et
403 2060 468 2113 da
495 2060 634 2129 quod
665 2069 787 2129 peto
811 2076 824 2110 :
847 2059 1098 2129 quoniam
1131 2058 1174 2110 si
1205 2054 1390 2129 cuncta
1429 2071 1542 2129 qua;
1571 2054 1900 2129 fccisti_m_ilii

327 2124 569 2192 dederis,
616 2124 722 2184 non
749 2124 940 2184 sufﬁcit
970 2142 1125 2182 servo
1150 2136 1272 2189 tuo,
1303 2127 1400 2178 nis:
1434 2137 1482 2179 te
1524 2125 1692 2192 ipsum
1735 2124 1897 2179 dede-

325 2199 420 2270 ris.
449 2199 521 2270 (ci
554 2200 624 2252 Da
648 2215 774 2270 ergo
801 2209 850 2253 te
879 2199 1048 2270 ipsum
1081 2197 1207 2250 milii
1229 2239 1243 2262 ,
1279 2197 1414 2250 Deus
1443 2210 1590 2248 meus
1614 2235 1628 2258 ,
1659 2193 1820 2270 redde
1849 2204 1902 2249 te

329 2264 476 2322 mihi.
511 2269 587 2326 En
628 2264 751 2323 amo
777 2278 861 2333 te;
899 2264 960 2322 'et
985 2267 1030 2321 si
1067 2282 1248 2336 parum
1271 2275 1397 2336 est,
1431 2280 1603 2336 amem
1658 2264 1898 2318 validius.

327 2337 442 2394 Tuo
481 2353 608 2408 ergo
649 2354 832 2394 amore
883 2348 1096 2408 teneor,
1140 2347 1228 2390 tuo
1256 2335 1521 2408 desnlerio
1568 2335 1767 2404 ﬂagro,
1814 2344 1900 2388 tua

327 2409 467 2464 dulci
495 2407 746 2463 memoria
768 2409 1018 2462 delector.
1046 2407 1180 2462 Ecce
1207 2408 1332 2461 dum
1360 2407 1450 2460 tibi
1481 2421 1631 2459 mens
1657 2420 1772 2459 mea
1811 2419 1898 2458 su-

327 2479 526 2548 spirat,
573 2487 628 2533 et
653 2487 794 2532 tuam
823 2477 1140 2532 inell‘abilem
1165 2477 1412 2547 pietatem
1440 2475 1757 2540 meditatur,
1789 2475 1901 2548 ipsa

327 2545 502 2604 carnis
528 2549 734 2604 sarcina
766 2549 939 2602 minus
975 2545 1195 2616 gravati,
1224 2549 1604 2616 Cogitationum
1648 2545 1901 2600 tumultus

327 2628 538 2682 cessat,
581 2619 784 2686 pondus
811 2618 1146 2672 mortalitatis
1174 2631 1230 2672 et
1255 2618 1588 2672 miseriarum
1617 2630 1764 2668 more
1812 2630 1900 2686 so—

325 2687 423 2744 lito
443 2704 546 2742 non
573 2685 805 2753 hebetat,
833 2690 989 2743 silent
1009 2697 1218 2748 cuncta,
1246 2687 1521 2756 tranquilla
1545 2693 1668 2740 sunt
1695 2685 1898 2756 omnia,

327 2773 422 2828 cor
445 2757 614 2822 ardet,
643 2759 849 2813 animus
869 2761 1092 2828 gaudet,
1123 2755 1538 2828 iuemurta’wgei
1556 2800 1568 2822 ,
1605 2755 1902 2809 inteliectus

327 2827 500 2895 lucet,
524 2839 578 2883 et
605 2837 746 2882 totus
783 2827 998 2897 spiritus
1023 2844 1090 2882 ex
1133 2827 1392 2882 desiderio
1426 2829 1643 2897 visionis
1667 2834 1778 2897 tua:
1814 2839 1903 2877 ac-

328 2894 521 2953 census
545 2939 560 2961 ,
595 2894 933 2952 invisibilium
973 2912 1156 2952 amore
1195 2900 1304 2966 rapi
1338 2911 1400 2950 se.
1423 2896 1568 2966 videt.
1615 2895 1696 2964 (tl)
1733 2894 1902 2966 Assu-

328 2977 440 3039 mat
461 2969 682 3039 spiritus
708 2983 858 3024 meus
883 2983 1086 3036 pennas
1106 2976 1164 3022 ut
1183 2963 1372 3037 aquila
1388 3013 1402 3039 _,
1438 2965 1580 3018 volet
1604 2978 1651 3018 et
1679 2963 1777 3039 non
1802 2963 1900 3017 de-

328 3033 509 3102 ﬁciat,
537 3038 678 3093 volet
721 3047 779 3108 et
814 3033 1086 3108 perveniat
1130 3033 1295 3108 usilue
1338 3036 1402 3089 ad
1429 3041 1676 3090 dcc-nem
1715 3033 1902 3086 domus

329 3117 434 3162 tua:
455 3118 508 3164 ct
534 3105 780 3163 thronum
809 3105 990 3178 gloria:
1015 3117 1146 3161 tuae:
1178 3105 1235 3161 ut
1261 3107 1329 3159 ibi
1353 3121 1512 3178 super
1543 3118 1776 3178 mensam
1818 3118 1903 3178 re—

329 3179 571 3233 iectionis
590 3179 782 3234 civium
804 3173 1154 3246 supernorum
1179 3186 1415 3245 pascatur
1446 3175 1506 3229 de
1533 3173 1751 3246 cognitis
1777 3173 1898 3236 .uis,

329 3247 386 3303 in
414 3248 534 3304 loco
560 3263 768 3318 pascua:
787 3290 802 3315 ,
821 3244 971 3318 juxta
993 3244 1192 3300 ﬂuenta
1211 3250 1539 3316 plen;ss.ma.
1569 3244 1644 3297 Tu
1674 3251 1786 3297 (2:10
1807 3259 1900 3297 cx-

331 3319 546 3374 sultatio
589 3328 764 3373 nostra
789 3360 804 3384 ,
837 3319 922 3388 qui
951 3333 1008 3372 es
1035 3332 1156 3386 Spes
1199 3325 1375 3388 nostra
1395 3358 1408 3373 .
1455 3329 1594 3388 satus
1624 3327 1777 3388 atque
1817 3329 1900 3366 re-

331 3389 595 3458 demptio:
621 3398 673 3443 ιιι
715 3383 831 3444 esto
854 3383 1114 3442 'nostrnin
1155 3387 1436 3455 gaudium.
1471 3385 1557 3454 qui
1598 3399 1655 3438 es
1695 3383 1902 3436 futurus

329 3460 626 3530 praemium.
650 3459 725 3513 Te
752 3465 1195 3530 senipci‘quaprat
1231 3463 1402 3509 anima
1431 3470 1547 3510 mea
1567 3495 1580 3520 ,
1611 3464 1662 3508 et
1691 3465 1741 3507 tu
1767 3469 1903 3523 pra:-

329 3527 410 3584 sta
439 3539 495 3583 ut
514 3527 802 3596 quaerendo
829 3545 932 3581 non
955 3527 1180 3582 deﬁciat.

391 3594 614 3654 CAPUT
628 3597 800 3653 IV.De
813 3598 1008 3652 miseria
1025 3598 1212 3650 anima:
1230 3612 1341 3664 qua:
1357 3594 1606 3648 Christmu
1626 3611 1723 3647 non
1743 3603 1897 3646 (mult.

331 3669 425 3724 Vae
475 3671 682 3723 misera:
743 3669 932 3722 anima:
983 3683 1100 3736 qua:
1131 3667 1396 3720 (lliristum
1436 3681 1538 3719 non
1577 3665 1780 3736 qua-rit,
1805 3679 1902 3718 nec

331 3749 506 3803 amat;
536 3738 679 3792 arida
713 3747 894 3792 manet
921 3747 974 3792 et
1001 3734 1211 3792 misera.
1243 3736 1312 3806 (c)
1345 3736 1519 3788 Perdit
1563 3739 1701 3802 quod
1738 3734 1897 3799 vivit,

331 3811 420 3879 qui
445 3821 495 3864 te
523 3809 686 3862 Deum
716 3823 819 3862 non
833 3807 1025 3879 diligit.
1055 3807 1153 3874 Qui
1180 3806 1528 3879 curat-vivere
1557 3820 1660 3879 non
1690 3813 1903 3879 propter

334 3873 416 3944 te,
446 3879 696 3945 Domine,
732 3878 862 3932 nihil
890 3873 998 3942 est,
1039 3873 1091 3932 et
1116 3894 1208 3947 pro
1234 3875 1396 3930 nihilo
1423 3885 1536 3936 est;
1565 3875 1651 3947 qui
1695 3873 1798 3947 tibi
1826 3873 1900 3947 vi-

334 3941 457 4004 vere
478 3941 714 4014 recusat,
737 3941 1080 4004 mortuus’est
1097 3941 1222 4016 {qui
1249 3947 1338 4000 tibi
1363 3959 1466 4016 non
1492 3944 1657 4016 sapit,
1687 3941 1897 4008 desipit.

333 4009 846 4084 Misericordissime,
877 4019 968 4073 tibi
1008 4009 1471 4073 ine'comniendo,
1506 4009 1670 4084 rcd__d_o
1704 4018 1757 4063 ct
1779 4025 1904 4063 con-

333 4089 464 4144 cedo
483 4106 574 4158 per
587 4106 743 4158 quem
761 4079 876 4144 sum
894 4127 910 4154 ,
931 4089 1050 4141 vivo
1069 4095 1122 4141 et
1141 4087 1288 4154 sapio
1307 4101 1320 4147 ;
1341 4084 1390 4136 in
1413 4092 1461 4135 te
1477 4079 1707 4144 conﬁdo,
1726 4093 1899 4159 spero,

333 4167 388 4214 et
410 4168 572 4214 totam
608 4174 755 4227 spem
791 4173 961 4211 meam
992 4172 1158 4224 pono,
1193 4168 1470 4227 perquem
1501 4164 1767 4227 resurgam
1787 4190 1802 4216 ,
1826 4165 1902 4202 γι·
1940 4203 1944 4206 ,

331 4244 450 4284 vam
481 4238 535 4282 et
573 4221 896 4297 requiescam
918 4244 950 4297 ;7
977 4221 1027 4280 te
1054 4221 1242 4297 cupio,
1275 4223 1436 4291 diligo
1465 4232 1518 4297 ct
1555 4221 1751 4297 adoro,
1782 4235 1901 4274 cum

332 4313 440 4368 quo
477 4291 733 4364 manebo,
775 4296 1008 4368 regnabo
1034 4304 1087 4350 et
1115 4291 1303 4368 beatus
1327 4308 1450 4368 ero.
1489 4291 1677 4344 Anima
1705 4305 1822 4368 qua:
1852 4299 1903 4344 te

332 4362 437 4424 non
460 4368 676 4438 quaerit,
700 4362 797 4438 nec
815 4362 1005 4438 diligit,
1029 4365 1282 4419 mundum
1310 4362 1509 4438 diligit,
1538 4363 1765 4429 peccatis
1787 4376 1903 4414 ser-

332 4439 428 4505 vit;
465 4433 518 4494 et
546 4437 686 4492 vitiis
715 4433 948 4506 subjecta
978 4443 1097 4500 est;
1126 4448 1391 4503 nunquam
1425 4433 1902 4506 quieta,nunqu_am

291 4547 298 4552 -
333 4501 524 4566 secura
549 4517 648 4564 est.
691 4501 1000 4562 Faniuletur
1029 4506 1120 4560 tibi
1159 4501 1373 4573 semper
1414 4501 1564 4556 mens
1594 4515 1708 4554 mea
1729 4541 1743 4566 ,
1773 4501 1903 4573 piis-

331 4580 497 4642 sime;
525 4579 756 4648 suspiret
782 4576 876 4632 tibi
909 4591 1119 4646 semper
1147 4571 1503 4648 peregrinatio
1545 4585 1694 4648 n_iea,
1723 4571 1906 4625 ardeat

333 4649 388 4704 in
413 4641 592 4702 amore
615 4641 702 4702 tuo
725 4663 820 4703 cor
846 4641 1041 4711 meum,
1064 4641 1358 4714 requiescat
1377 4643 1429 4696 in
1462 4651 1532 4706 te,
1567 4641 1704 4695 Deus
1731 4655 1901 4707 meus,

331 4721 506 4774 anima
526 4732 665 4786 mea,
692 4717 1078 4786 contempletur
1112 4724 1164 4770 te
1188 4715 1240 4770 in
1276 4715 1467 4786 mentis
1493 4726 1744 4786 excessu,
1776 4725 1904 4764 can-

331 4797 407 4843 tet
449 4785 628 4841 laudes
650 4781 780 4842 'tuas
820 4787 870 4840 in
897 4781 1235 4856 jubilatione,
1267 4794 1320 4840 et
1345 4785 1553 4856 haicrsit
1581 4783 1634 4836 in
1680 4781 1780 4836 hoc
1813 4797 1907 4836 ex-

329 4859 451 4913 silio
482 4872 600 4927 meo
637 4855 928 4912 consolatio
963 4872 1100 4912 mea.
1148 4857 1219 4927 (ο
1267 4855 1544 4927 Conl‘ngiat
1590 4867 1740 4927 mens
1785 4865 1905 4905 mea

329 4929 429 4982 sub
467 4925 657 4981 umbra
683 4927 884 4980 alarum
922 4935 1128 4980 tuarum
1157 4923 1225 4981 ab
1262 4923 1478 4980 testibus
1521 4923 1904 4992 cogitationum

331 4997 510 5052 saeculi
549 4995 724 5066 hujus.
766 4996 1032 5066 Repauset
1071 4997 1121 5050 in
1148 5005 1219 5066 ite
1254 5010 1348 5050 cor
1388 5009 1596 5066 meum,
1623 5007 1718 5066 cor
1760 5005 1906 5045 mare

333 5082 579 5139 magnum
609 5062 816 5122 tumens
841 5062 1106 5139 fluctibus.
1133 5065 1176 5139 Ο
1193 5064 1600 5139 dives_omniu_m
1623 5062 1900 5139 bonorum,

333 5147 388 5194 et
422 5131 622 5208 dapum
664 5153 906 5208 superna:
949 5137 1204 5192 satietatis
1242 5134 1640 5202 epulantissiine
1687 5131 1905 5201 largitor

420 5385 468 5503 b2
503 5400 612 5441 Haec
647 5385 802 5500 usque
845 5392 906 5440 ad
936 5385 1044 5440 'not.
1073 5390 1150 5452 (tl)
1195 5402 1292 5438 non
1323 5393 1436 5436 sunt
1451 5386 1591 5435 dicta:
1613 5385 1860 5435 orationis.

420 5467 444 5502 ε
501 5461 695 5503 August.
742 5455 806 5503 ib.
834 5454 896 5503 15
915 5453 1251 5503 Ωοηῖρδε.οίιι).
1275 5450 1323 5498 8.

418 5465 466 5527 c2
501 5465 810 5527 ιιιιιεςιιδιλιιιι1
834 5465 1145 5527 ειεξιιιθιιῑιξδξ,ι
1147 5465 1251 5514 cap.
1275 5465 1323 5498 δ.

392 5514 471 5640 ξύ)
504 5514 645 5565 ιιειέι
667 5514 750 5564 lib.
772 5515 932 5566 Medit.
956 5527 1061 5576 cap.
1086 5514 1164 5562 57.

363 5641 373 5651 .
409 5577 462 5651 ρ)
495 5584 603 5651 δαῖε
625 5577 862 5651 sane.“
892 5576 1156 5651 ινοβαειιξο
1174 5582 1249 5651 ,ει
1483 5569 1850 5651 ἓέολ,.ἷ.²¹ὶ⁵“Ξ¹ί
1881 5580 1910 5617 ³

327 5631 458 5690 dicta
475 5646 596 5689 erat.
631 5631 747 5688 Sunt
767 5639 874 5688 fere
896 5650 958 5686 ex
983 5631 1206 5686 ﬁeruard.
1233 5649 1382 5687 serm.
1406 5633 1464 5684 20
1497 5635 1546 5683 in
1563 5639 1693 5683 Cant.
1719 5645 1768 5681 ιι.
1796 5631 1841 5680 1.

395 5701 460 5766 (Ι)
496 5701 595 5751 vid.
619 5699 704 5750 lib.
729 5699 888 5751 adedit.
909 5710 1014 5761 cap.
1033 5698 1110 5750 57.

415 5344 446 5380 a
498 5331 580 5382 Hic
601 5331 766 5392 incipit
781 5337 1070 5391 excerptum
1093 5341 1159 5378 ex
1179 5334 1263 5376 Ms.
1295 5331 1428 5376 Mett.
1455 5327 1680 5374 oratione
1704 5321 1904 5372 inedita.

420 5392 447 5441 b
503 5400 612 5441 Haec
739 5405 802 5442 ue
845 5392 906 5440 ad
944 5397 1044 5440 not.
1073 5390 1150 5452 (tl)
1195 5402 1292 5438 non
1323 5393 1436 5436 sunt
1451 5386 1591 5435 dicta:
1613 5385 1860 5435 orationis.

415 5452 444 5502 τ
501 5405 806 5516 Augusliﬂib.
834 5454 896 5503 15
915 5453 1126 5502 Contess.
1147 5463 1251 5514 cap.
1275 5450 1323 5498 8.

415 5517 451 5580 tt
504 5522 571 5565 tta
595 5522 645 5564 et
667 5514 750 5564 lib.
772 5515 932 5580 Medit.
956 5527 1061 5576 cap.
1086 5513 1164 5580 57.
1287 5573 1299 5580 _
1386 5578 1391 5580 _
1704 5569 1715 5580 _
1832 5574 1842 5580 _

392 5331 416 5640 Ξ

1774 256 2124 317 MANUALE.

3480 262 3588 323 951

2007 378 2203 460 Deus‘,
2243 378 2310 434 da
2349 375 2521 460 Alasso_
2547 379 2760 450 cibum,
2809 383 2999 460 collige
3045 381 3378 460 dispersum,
3417 384 3584 460 libera

2007 451 2364 522 captivum,et
2410 451 2708 522 redintegra
2757 451 3006 509 scissum.
3048 451 3581 512 En‘statadostium

2008 519 2323 598 et__pulsa_t_;
2377 521 2600 598 obsecro
2621 519 2734 598 'per
2775 525 2976 598 viscera
3029 525 3408 598 misericordiae
3442 537 3584 598 tute,

2009 590 2198 656 quibus
2221 591 2447 664 visitasti
2489 608 2586 664 nos
2617 590 2793 648 oriens
2815 609 2880 648 ex
2910 596 3040 661 alto,
3067 595 3196 664 jube
3223 596 3452 664 pulsanti
3481 590 3584 652 mi;

2011 661 2373 740 sero_aperir_i,
2405 670 2463 716 ut
2487 663 2964 740 liberisgrcssibus
2993 661 3316 734 ingrediatur
3339 666 3406 740 ad
3434 675 3584 740 tetet

2009 733 2305 810 requiescat
2331 733 2385 810 in
2427 741 2497 798 te,
2527 744 2580 810 et
2609 733 2876 810 reﬁciatur
2901 735 2968 810 de
3011 733 3065 790 te
3091 751 3225 810 pane
3250 737 3472 810 caalcsti.
3503 738 3583 791 'l‘u

2010 802 2154 853 enim
2183 815 2242 854 es
2269 802 2416 870 panis
2447 812 2500 857 et
2529 804 2642 857 l‘ons
2674 805 2812 869 vitae,
2845 813 2898 859 ιιι
2929 802 3106 860 lumen
3147 807 3401 861 claritatis
3430 815 3584 861 aeter-

2012 884 2120 946 nae,
2140 879 2204 946 tu
2218 875 2407 946 omnia
2438 889 2507 946 ei;
2536 875 2727 946 quibus
2751 878 2933 946 vivunt
2960 876 3089 930 recti
3124 877 3210 946 qui
3253 876 3480 946 diligunt
3509 886 3579 932 te.

2082 940 2306 996 CAPUT
2332 942 2400 1012 7V.
2460 940 2634 996 Oratio
2679 945 2936 999 invitantis
2980 947 3030 999 in
3065 962 3118 1000 se
3142 940 3374 1000 'Deum:
3401 947 3538 1002 Deus
3562 989 3576 1012 ,

2009 1009 2187 1065 lumen
2215 1011 2456 1066 cordium
2506 1023 2556 1069 te
2601 1015 2888 1068 videntium
2911 1057 2926 1081 ,
2967 1025 3020 1070 et
3050 1017 3154 1070 vita
3203 1017 3497 1070 animarum
3530 1009 3580 1071 te

2009 1081 2297 1156 amantium
2317 1123 2332 1147 ,
2361 1091 2414 1136 et
2435 1083 2601 1139 virtus
2630 1087 2650 1156 ξ
2703 1087 3078 1156 cogitationum
3111 1096 3160 1140 te
3187 1087 3532 1156 quaerentium
3559 1127 3575 1153 ,

2008 1147 2096 1230 lac
2149 1161 2204 1204 ut
2241 1161 2424 1206 sancto
2478 1155 2644 1230 amori
2688 1147 2794 1230 tuo
2832 1155 3169 1230 inliteream._
3196 1147 3578 1230 \"eni,_rogo_'.

2007 1225 2061 1300 in
2114 1235 2207 1300 cor
2244 1238 2458 1300 meum,
2487 1232 2534 1276 ct
2563 1225 2630 1300 ab
2651 1225 2889 1279 ubertate
2919 1226 3336 1300 volupta_ti5_tna:
3375 1226 3578 1300 inebria

2007 1289 2135 1343 illud
2159 1332 2174 1355 ,
2193 1301 2256 1365 ut
2279 1293 2561 1348 obliviscar
2609 1295 2706 1348 ista
2737 1289 3066 1364 temporalia:
3119 1295 3287 1350 Pudet
3339 1310 3402 1350 ac
3441 1295 3583 1365 piget

2007 1374 2097 1442 me
2124 1361 2259 1442 .talia
2290 1365 2393 1442 pati
2415 1405 2429 1442 ε
2455 1365 2642 1442 _qualia
2672 1361 2900 1420 mundus
2951 1365 3052 1420 iste
3101 1366 3226 1435 agit.
3257 1361 3453 1442 _Triste
3496 1361 3582 1442 est

2007 1429 2136 1510 mihi
2192 1429 2332 1510 quod
2382 1429 2556 1510 video,
2609 1444 3102 1510 gravc_est_omge
3131 1429 3272 1506 quod
3301 1435 3580 1510 detransi-

2007 1503 2161 1582 toriis
2199 1503 2374 1582 audio.
2409 1503 2610 1582 Adjuva
2654 1519 2759 1570 me,
2781 1505 3000 1582 Domine
3030 1503 3188 1582 Deus
3210 1519 3396 1582 meus,
3423 1505 3579 1582 et.da

2007 1567 2242 1626 laetitiam
2267 1573 2316 1627 in
2343 1567 2504 1628 corde
2527 1589 2647 1628 ineo
2677 1591 2689 1626 :
2717 1567 2836 1630 veni
2862 1575 2928 1629 ad
2955 1590 3039 1629 me
3065 1584 3122 1630 ut
3140 1575 3348 1630 videam
3372 1567 3440 1630 te.
3468 1575 3576 1630 Sed

2007 1639 2084 1708 (a)
2111 1651 2332 1722 angusta
2361 1653 2442 1698 est
2471 1644 2830 1722 mibi__domus
2873 1645 3066 1700 anima:
3107 1661 3240 1722 inea:
3262 1686 3278 1712 ,
3305 1659 3580 1722 quousque

2004 1713 2191 1766 venias
2233 1713 2300 1768 ad
2328 1729 2464 1777 eam,
2494 1723 2548 1768 et
2584 1714 2833 1770 dilatetur
2854 1729 2884 1768 a
2915 1723 2966 1770 te
2998 1733 3011 1769 :
3043 1717 3254 1770 ruinosa
3283 1713 3386 1782 est,
3420 1713 3579 1770 retice

2007 1794 2154 1863 eam:
2175 1782 2348 1863 Habet
2369 1784 2594 1863 plurima
2616 1785 3023 1863 quae-edendam
3040 1787 3226 1863 oculos
3243 1794 3385 1863 tuos,
3410 1785 3580 1840 lateor

2007 1857 2062 1902 ct
2081 1853 2193 1924 scio
2217 1871 2230 1906 :
2256 1853 2348 1908 sed
2369 1855 2487 1924 quis
2511 1853 2781 1910 mundabit
2803 1855 2959 1910 eam?
2987 1864 3077 1910 aut
3103 1856 3184 1911 cui
3211 1856 3362 1924 alteri
3385 1865 3578 1924 praeter

2005 1927 2058 1972 te
2087 1922 2328 1977 clamabo
2352 1922 2476 1990 ,Vab
2505 1925 2715 1979 occultis
2767 1926 2890 1979 meis
2928 1927 3119 1979 munda
3157 1941 3268 1988 me,
3321 1922 3577 1988 Domine;

2005 1998 2051 2064 ι]
2103 1995 2164 2045 ab
2213 1993 2391 2048 alienis
2447 2011 2595 2063 parce
2635 2011 2774 2048 servo
2824 2005 2908 2048 tuo
2947 1993 3132 2064 (Psal.
3188 2010 3349 2062 xvm,
3401 1995 3507 2064 14)
3554 1996 3578 2048 ?

2006 2058 2114 2114 Fac
2159 2079 2262 2128 me,
2285 2058 2456 2120 dulcis
2491 2063 2704 2120 Christe
2725 2105 2741 2130 ,
2782 2065 2920 2120 bone
2955 2058 3123 2131 'Jesu,
3151 2065 3234 2120 fac
3261 2058 3348 2120 me
3367 2105 3384 2130 ,
3407 2058 3536 2131 rogo
3559 2105 3575 2131 ,

2005 2143 2188 2212 amore
2209 2141 2266 2188 et
2291 2135 2554 2190 desiderio
2583 2145 2672 2189 tuo
2699 2135 2968 2205 deponere
2995 2150 3134 2212 onus
3155 2135 3446 2212 carnalium
3473 2135 3573 2212 de-

2005 2201 2344 2271 sideriorum,
2370 2217 2425 2261 et
2451 2201 2787 2260 terrenarum
2807 2206 3374 2274 concupiscentiarum.
3400 2205 3580 2258 Domi-

2007 2279 2164 2327 nctur
2190 2277 2334 2330 carni
2364 2275 2768 2340 anima,anima:
2789 2277 2944 2344 ratio,
2970 2276 3339 2344 rationigratia
3368 2283 3456 2328 tua
3478 2285 3580 2344 ;ret

2005 2351 2110 2398 tuac
2127 2361 2212 2400 me
2225 2346 2444 2401 interius
2454 2354 2506 2401 et
2525 2347 2758 2402 exterius
2771 2343 2939 2402 subde
2955 2343 3432 2401 voluntati.Tribue
3446 2343 3578 2399 milii

2005 2422 2064 2468 ut
2093 2414 2270 2486 laudet
2294 2424 2344 2470 te
2369 2431 2464 2470 cor
2487 2431 2662 2470 meum
2687 2457 2701 2480 ,
2729 2425 2784 2471 et
2809 2415 2984 2486 lingua
3009 2430 3145 2486 mea,
3173 2423 3228 2470 et
3250 2413 3427 2486 omnia
3455 2426 3577 2486 ossa

2005 2499 2144 2538 mea.
2170 2485 2335 2539 Dilata
2365 2494 2596 2540 mentem
2624 2501 2818 2552 meam,
2841 2483 2906 2540 et'
2923 2485 3104 2540 attolle
3129 2485 3376 2540 intuitum
3399 2483 3578 2538 cordis

2005 2554 2147 2634 mei,
2176 2564 2234 2608 ut
2261 2556 2341 2610 vel
2371 2555 2901 2634 rapidacogitatione
2929 2555 3145 2634 spiritus
3176 2567 3328 2610 meus
3354 2553 3579 2634 attingat

2007 2631 2060 2676 te
2086 2633 2340 2679 aeternam
2371 2623 2686 2694 sapientiam
2716 2639 2878 2694 super
2902 2623 3080 2680 omnia
3105 2634 3428 2680 manentem.
3456 2623 3576 2682 Dis-

2005 2693 2152 2747 solve
2184 2711 2288 2759 me,
2320 2693 2447 2760 oro,
2465 2711 2494 2748 a
2523 2694 2749 2749 vinculis
2775 2693 2966 2763 Quibus
2994 2694 3314 2750 constrictus
3343 2703 3530 2748 teneor
3561 2711 3573 2748 :

2004 2771 2065 2817 ut
2088 2763 2392 2831 relinquens
2415 2765 2591 2818 omnia
2617 2765 2740 2828 ista,
2765 2764 2858 2819 tibi
2878 2765 3142 2832 festinem,
3166 2763 3260 2820 tibi
3280 2764 3381 2819 soli
3402 2763 3574 2819 inline-

2005 2847 2173 2897 ream,
2203 2834 2294 2888 tibi
2323 2835 2420 2888 soli
2450 2833 2738 2888 intendam.

2074 2902 2302 2975 C_APUT
2351 2904 2441 2958 Vl.
2493 2903 2659 2971 Quam
2709 2902 2878 2975 felices
2920 2905 3080 2960 sancti
3122 2904 3238 2959 hinc
3281 2905 3574 2975 migrantes.

2007 2972 2082 3042 (ὁ)
2115 2973 2264 3044 Felix,
2287 2975 2463 3028 anima
2485 3016 2499 3041 ,
2535 2991 2652 3044 quae
2685 2972 2898 3030 terreno
2940 2975 3168 3030 resoluta
3217 2972 3432 3030 carcere
3455 3016 3470 3040 ,
3514 2973 3576 3028 li-

2005 3045 2131 3114 bera
2171 3043 2363 3114 caelum
2402 3043 2567 3114 petit,
2611 3061 2729 3112 qua:
2786 3053 2838 3100 te
2886 3045 3253 3100 dulcissimum
3290 3044 3571 3114 Dominum

2005 3113 2142 3168 facie
2167 3113 2234 3168 ad
2266 3113 2452 3168 faciem
2481 3114 2670 3179 cernit,
2703 3129 2821 3182 qua:
2851 3115 3000 3169 nullo
3027 3123 3172 3168 metu
3199 3114 3385 3168 mortis
3412 3113 3578 3167 allici-

2008 3193 2124 3254 tur,
2171 3183 2262 3238 sed
2302 3183 2370 3238 de
2399 3184 2798 3252 incorruptione
2830 3193 3096 3254 perpetuae
3133 3183 3317 3254 gloria:
3346 3183 3574 3236 lwtatur.

2007 3253 2309 3323 Tranquilla
2347 3261 2428 3308 est
2471 3263 2526 3309 et
2567 3269 2787 3319 secura,
2821 3253 2926 3308 non
2973 3254 3121 3308 timet
3158 3253 3366 3307 hostem
3407 3267 3579 3323 neque

2004 3321 2250 3380 mortem.
2293 3324 2461 3378 liabet
2496 3325 2605 3392 jam
2657 3335 2706 3377 te
2755 3325 2898 3392 pium
2949 3323 3226 3378 Dominum
3253 3364 3268 3386 ,
3298 3337 3456 3391 quem
3486 3321 3577 3376 ditt

2005 3395 2284 3462 quaesivit,
2335 3409 2650 3464 semperque
2697 3395 2895 3448 amavit
2951 3413 2965 3449 :
3014 3392 3332 3464 liymnidicis
3378 3393 3576 3464 sociata

2005 3464 2202 3528 choris,
2224 3462 2474 3520 mellillua
2505 3462 2770 3534 perpetem
2797 3462 3096 3534 festivitatis
3123 3463 3354 3518 carmina
3381 3462 3448 3517 ad
3465 3462 3580 3516 lau-

2005 3534 2125 3589 dem
2157 3535 2336 3604 glorim
2364 3545 2486 3598 tuae,
2506 3532 2614 3589 rei
2639 3533 2849 3590 Christe
2881 3536 3018 3590 bone
3046 3532 3172 3604 Iesu
3198 3575 3213 3600 ,
3242 3534 3293 3587 in
3323 3543 3579 3587 :eternum

2007 3603 2257 3659 concinit.
2287 3605 2582 3660 Inebriatur
2605 3605 2745 3660 enim
2784 3605 2852 3658 ab
2875 3605 3116 3659 ubertate
3143 3603 3333 3658 domus
3365 3612 3464 3656 tua:
3483 3644 3498 3666 ,
3526 3611 3582 3657 et

2006 3682 2243 3744 torrente
2270 3675 2556 3743 voluptatis
2601 3684 2704 3728 tuac
2749 3682 2915 3744 potas
2945 3689 3062 3727 eam
3093 3672 3262 3744 (Psal.
3307 3689 3464 3744 xxxv,
3499 3672 3576 3744 9).

2005 3743 2152 3798 Felix
2179 3742 2408 3798 societas
2443 3742 2790 3812 supernorum
2821 3743 3011 3797 civium
3036 3783 3052 3808 ,
3095 3742 3148 3797 et
3184 3743 3411 3812 gloriosa
3439 3742 3580 3795 sule-

2005 3816 2196 3868 mnitas
2227 3815 2462 3868 onmium
2487 3811 2556 3867 ad
2593 3822 2642 3867 te
2683 3811 3012 3866 redeuntium
3034 3852 3050 3877 ,
3086 3813 3155 3866 ab
3194 3811 3349 3878 hujus
3382 3820 3580 3864 nostra:

2005 3883 2440 3952 peregrinationis
2469 3883 2601 3936 tristi
2633 3882 2814 3937 labore
2851 3881 2918 3936 ad
2946 3881 3304 3952 amqanitatem
3345 3878 3577 3952 pulchri-

2007 3949 2235 4018 tudinis,
2267 3953 2331 4005 ad
2364 3952 2746 4006 formositatem
2784 3953 2944 4006 totius
2968 3949 3284 4018 splendoris,
3316 3959 3472 4019 atque
3499 3950 3580 4004 di-

2005 4023 2253 4089 gnitatem
2278 4022 2438 4075 totius
2465 4023 2759 4092 elegantiae,
2793 4021 2878 4075 ubi
2911 4029 2962 4076 te
2981 4021 3471 4092 jugitcr,_Domine,
3503 4019 3576 4074 tui

2005 4037 2253 4089 gnuatcm
2278 4037 2438 4075 tonus
2465 4037 2759 4092 elegantiae,
2793 4037 2878 4075 unt
2911 4037 2962 4076 te
3010 4037 3197 4090 ugiter,
3234 4037 3471 4086 nomine,
3503 4037 3576 4074 ιιιι

2005 4093 2148 4161 cives
2173 4099 2415 4146 cernunt.
2451 4091 2590 4146 Nihil
2623 4093 2839 4146 omnino
2861 4037 3002 4161 quod
3022 4090 3299 4145 conturbet
3321 4100 3576 4152 mentem,

2005 4160 2202 4215 ibidem
2218 4163 2436 4216 auribus
2449 4162 2632 4216 audire
2645 4161 2820 4216 datur.
2839 4160 2966 4229 Quae
2981 4161 3209 4227 cantica,
3227 4176 3343 4230 qua:
3359 4175 3576 4229 organa,

2005 4247 2123 4302 quae
2139 4232 2435 4298 cantilenm,
2453 4248 2571 4302 quae
2589 4232 2834 4286 melodia:
2855 4233 2924 4287 ibi
2945 4233 3059 4288 sine
3079 4230 3184 4286 line
3201 4231 3580 4286 decantanun-‘i

2006 4301 2208 4357 Sonant
2231 4303 2302 4357 ibi
2331 4316 2541 4367 semper
2569 4303 3162 4373 melliﬂuaihymnorum
3193 4317 3388 4373 organa
3407 4343 3422 4365 ,
3454 4315 3578 4354 sua-

2005 4373 2220 4428 vissima
2285 4373 2609 4443 Angelorum
2673 4372 2939 4438 melodia,
2994 4373 3198 4428 cantica
3255 4372 3580 4443 canticorum

2006 4443 2176 4510 mira,
2207 4459 2325 4514 quae
2362 4441 2426 4498 ad
2459 4443 2666 4498 laudem
2717 4451 2772 4514 et
2817 4443 3034 4512 gloriam
3079 4451 3220 4514 tuam
3263 4456 3293 4496 a
3337 4441 3580 4514 supernis

2005 4510 2308 4568 civibus—in
2366 4523 2694 4583 perpetuum,
2741 4510 3105 4583 decantatitur.
3149 4510 3581 4583 AAmaritudect

2007 4585 2179 4639 omnis
2210 4583 2344 4637 fellis
2368 4579 2644 4651 asperitas
2685 4582 2738 4634 in
2777 4582 2992 4650 regione
3030 4591 3116 4635 tua
3146 4581 3318 4651 locum
3358 4594 3461 4632 non
3491 4579 3584 4630 hn-

2007 4652 2284 4709 bent.Non
2303 4650 2544 4706 enimest
2568 4651 2640 4704 ibi
2664 4651 2840 4704 malus
2866 4665 3040 4719 neque
3083 4650 3304 4712 malitia,
3351 4664 3454 4704 non
3501 4659 3583 4702 est

2007 4722 2339 4780 adversarius
2378 4729 2431 4776 et
2475 4723 2808 4790 impugnans,
2841 4735 2938 4790 nec
2954 4728 3035 4774 est
3054 4719 3158 4790 ulla
3182 4721 3379 4790 peccati
3408 4719 3572 4790 illece-

2007 4793 2272 4857 bra,nulla
2293 4801 2374 4847 est
2399 4791 2470 4845 ibi
2491 4787 3028 4860 indigentia,dederus
3046 4788 3271 4860 nullum,
3285 4787 3397 4860 rixa
3418 4788 3580 4850 milia,

2019 4864 2221 4918 nullum
2263 4857 2640 4930 impropcrium
2667 4901 2682 4925 ,
2713 4859 2946 4914 causatio
2978 4859 3119 4930 nulla
3139 4899 3161 4930 ,γ
3189 4857 3362 4930 nullus
3390 4859 3545 4930 timor
3566 4899 3580 4921 ,

2011 4934 2152 4986 nulla
2191 4928 2541 5002 inquietudo,
2564 4930 2717 5002 nulla
2747 4944 2935 5002 poena,
2965 4928 3106 5002 nulla
3133 4928 3374 5002 dubietas
3393 4969 3406 4991 ,
3439 4928 3584 4981 nulla

2010 4998 2290 5066 violentia,
2321 5001 2462 5055 nulla
2491 4998 2784 5064 discordia;
2820 4998 2914 5054 sed
2952 5007 3035 5054 est
3076 4998 3148 5053 ibi
3189 5013 3288 5066 pax
3332 5012 3537 5052 summa
3565 5037 3579 5059 ,

2011 5073 2240 5127 cliaritas
2267 5073 2420 5140 plena
2445 5113 2460 5137 ,
2488 5069 2729 5139 jubilatio
2754 5077 2812 5140 et
2852 5069 2968 5123 laus
3007 5069 3102 5124 Dei
3134 5079 3330 5140 aeterna
3353 5111 3368 5140 ,
3397 5083 3584 5122 secura

2011 5145 2126 5198 sine
2157 5137 2517 5211 line—requies,
2547 5148 2601 5196 et
2628 5139 2877 5210 gaudium
2905 5153 3118 5209 semper
3145 5139 3196 5194 in
3227 5137 3427 5207 Spiritu
3457 5151 3584 5191 san-

2076 5313 3382 5407 ζηὲἷιηιξξὲξέὶῖὲἒ·ἑξῖἶιλιέέρξέῗξὶἶε,Ἠξῖῗηηεῗῖἷίῦνυῗξ
3406 5311 3590 5376 “Pw”

2013 5392 2234 5444 superate
2255 5375 2502 5436 satietatis,
2525 5375 2872 5441 opulentissime
2897 5375 3094 5438 largitor
3123 5375 3281 5426 Deus!
3344 5383 3400 5423 λι.
3478 5375 3484 5376 “

2075 5446 2094 5473 ³
2128 5448 2178 5489 ιιι
2199 5439 2423 5489 Oratione
2447 5446 2527 5487 Ms.
2555 5440 2796 5487 Mettensis
2819 5439 2896 5486 hic
2919 5428 3124 5496 additur,
3158 5435 3390 5486 maritalis
3411 5441 3591 5487 mentes

2011 5499 2260 5565 satumque
2288 5513 2306 5550 :
2331 5509 2383 5550 et
2407 5515 2516 5565 mox
2538 5508 2629 5565 est,
2653 5499 2916 5565 ittlttnreaut
2935 5513 2952 5560 ;
2973 5501 3148 5565 omisso
3169 5498 3449 5565 verbo,fac.

2078 5557 2385 5673 (ιθεὲιιιςιιδι.
2435 5561 2518 5612 lib.
2569 5557 2844 5611 l'COnl'ess.
2890 5557 2994 5624 cap.
3041 5561 3102 5622 5;
3148 5559 3246 5610 vid.
3301 5557 3389 5610 lib.
3431 5557 3590 5608 Medit.

2078 5640 2116 5673 ι).
2175 5639 2219 5672 ι.

2013 5639 2283 5750 ﬁliumin.
2299 5687 2382 5738 lib.
2403 5687 2466 5738 de
2480 5686 2699 5750 Speculo,
2716 5699 2820 5750 cap.
2833 5685 2912 5748 50;
2937 5692 2989 5737 et
3008 5683 3166 5736 Medit.
3188 5695 3327 5748 capp.
3351 5681 3414 5736 ﬁ
3425 5689 3479 5741 et
3491 5681 3570 5738 ἣν
