4094 6202
361 244 463 306 961

364 367 470 412 tam
494 356 685 413 efﬁcax
715 354 1006 411 remedium
1027 395 1041 419 ,
1067 366 1226 423 quam
1254 351 1472 423 vulnera
1503 347 1695 423 Christi
1712 365 1741 423 Ξ
1752 348 1823 423 in
1840 349 1943 403 illis

362 428 569 483 dormio
615 440 866 491 securus,
917 433 972 481 et
1012 419 1293 492 requiesco
1342 420 1652 492 intrepidus.
1703 419 1947 492 Christus

361 508 606 554 mortuus
624 506 706 553 est
734 512 828 567 pro
851 496 1024 550 nobis.
1048 490 1188 549 Nihil
1215 503 1320 547 tam
1341 498 1424 546 est
1447 490 1513 545 ad
1536 498 1781 555 mortem,
1805 490 1945 559 quod

362 578 535 625 morte
560 568 757 623 Christi
785 582 892 623 non
927 568 1175 621 salvetur.

433 637 659 711 CAPUT
694 637 881 692 XXIII.
922 637 989 711 [ﬁt
1015 644 1190 711 contra
1212 633 1628 711 desperationem.
1661 629 1792 683 Tota
1817 644 1947 711 spes

363 725 480 765 mea
520 718 601 765 est
639 709 691 763 in
733 717 903 763 morte
942 705 1151 760 Domini
1192 701 1319 759 mei'.
1364 702 1504 757 Mors
1549 701 1663 770 ejus
1700 701 1947 754 meritum

350 796 579 858 ,meum,
606 778 868 858 refugium
901 792 1111 842 meum,
1157 774 1482 858 salus,‘.vita
1526 778 1584 853 et
1622 771 1947 858 resurrectio

364 846 482 905 mea
508 839 625 921 :7(a)
653 839 897 903 me'ritum
924 839 1124 921 meum,
1148 839 1420 921 miseratio
1436 841 1664 921 Domini.
1688 839 1803 921 l‘ion
1829 855 1946 895 sum

363 911 755 989 meriti-inops,
786 917 1041 989 quamdiu
1060 911 1167 989 ille
1188 914 1585 989 miseratiouum
1615 911 1810 989 oblitus
1841 928 1945 966 non

362 989 539 1045 fuerit.
572 990 638 1044 Et
663 982 711 1044 si
738 982 1117 1045 misericordiae
1146 984 1355 1040 Domini
1382 983 1561 1038 multa:
1582 1023 1598 1046 ,
1630 982 1823 1035 multus
1847 998 1947 1052 ego

363 1076 480 1115 sum
522 1061 574 1114 in
616 1059 838 1114 meritis.
872 1059 1081 1125 Quanto
1110 1058 1197 1112 ille
1234 1056 1499 1125 potentior
1527 1052 1702 1108 estad
1733 1053 1945 1125 salvan-

362 1130 485 1186 dum
507 1171 522 1193 ,
558 1139 704 1184 tanto
732 1144 831 1199 ego
870 1123 1125 1199 securior.
1170 1123 1391 1199 Peccavi
1411 1132 1693 1199 peccatum
1720 1123 1940 1199 grande,

363 1209 419 1256 et
446 1201 734 1255 multormn
765 1193 882 1253 sum
913 1198 1039 1264 mihi
1070 1197 1314 1251 coascius
1342 1195 1689 1258 delictorum;
1732 1208 1829 1247 nec
1868 1193 1948 1248 sic

363 1270 628 1339 despero,
670 1269 918 1339 quoniam
950 1268 1037 1339 ubi
1067 1266 1468 1339 abundaverunt
1494 1264 1685 1319 delicta
1707 1305 1720 1327 ,
1762 1279 1947 1335 super-

363 1337 656 1397 abundavit
680 1337 733 1395 et
756 1341 943 1410 gratia.
970 1338 1070 1404 Qui
1096 1338 1162 1392 de
1189 1337 1340 1410 venia
1366 1344 1943 1410 iteccaturum_su01'unt

362 1411 641 1481 desperat,
673 1404 831 1481 negat
873 1410 1049 1481 Deum
1084 1404 1663 1481 essemisericordem.
1706 1404 1944 1481 linguam

362 1472 933 1554 injuriam'Deo'tacit,
965 1479 1052 1548 qui
1084 1478 1151 1533 de
1176 1477 1292 1554 ejus
1322 1475 1681 1554 misericordia
1714 1472 1942 1554 difﬁdit:

363 1544 630 1622 quantum.
660 1551 711 1605 iu
751 1565 810 1606 se
846 1544 959 1613 est,
984 1544 1342 1622 'negatDeum
1376 1546 1572 1622 habere
1606 1544 1941 1611 charitatem,

361 1617 637 1678 veritatem
666 1630 721 1677 et
745 1617 1092 1690 potestatem,
1113 1618 1208 1690 f(b)'
1230 1618 1283 1671 in
1312 1617 1503 1690 quibus
1529 1624 1651 1690 tota
1674 1630 1796 1683 spes
1824 1629 1945 1690 mea

362 1633 637 1678 veritatem
666 1633 721 1677 et
745 1633 1059 1690 potestatem
1079 1661 1092 1683 ,
1126 1633 1208 1689 (0)·
1230 1633 1283 1671 ιη
1306 1633 1503 1741 διυιουε
1533 1633 1640 1669 tuta
1674 1633 1796 1683 spes
1827 1633 1945 1668 mea

362 1691 949 1768 consistit,.scilicet_in
979 1689 1237 1768 charitate
1274 1703 1302 1741 a
1328 1687 1606 1768 optionis,
1640 1686 1700 1768 in
1724 1687 1945 1768 veritate

361 1763 757 1845 promissionis,
789 1762 920 1845 et‘iu
952 1767 1212 1845 potestate
1250 1757 1562 1845 reddition'is
1584 1758 1622 1809 ί.
1655 1756 1947 1845 Murmuret

358 1827 466 1902 iam
497 1842 749 1903 quantum
780 1827 1007 1887 voluerit
1036 1830 1292 1899 insipiens
1319 1828 1570 1903 cogitatio
1578 1841 1710 1903 _mea
1738 1827 1941 1903 dicens,

362 1896 492 1976 Quis
516 1896 671 1976 'enim
711 1918 769 1958 es
804 1911 895 1976 tu,
928 1909 981 1955 et
1009 1896 1203 1971 quanta
1233 1896 1624 1976 engloriajlla
1645 1937 1673 1976 ,ο
1688 1896 1945 1976 quibusve

361 1965 568 2028 meritis
598 1972 740 2028 illam
770 1965 1273 2037 obtinere'speras?
1299 1965 1368 2022 Εἰ
1395 1980 1493 2036 ego
1520 1965 1834 2037 ﬁducialiter
1862 1983 1945 2021 re-

362 2042 638 2113 spondebo
658 2084 671 2107 ,
701 2043 823 2098 Scio
852 2042 936 2113 cui
963 2036 1198 2113 credidi,
1225 2038 1348 2108 quia
1387 2037 1440 2091 in
1478 2036 1737 2113 charitate
1783 2037 1943 2113 nimia

360 2106 634 2184 adoptavit
657 2106 744 2184 me
770 2114 833 2184 in
850 2111 1033 2184 tilium,
1059 2110 1180 2184 quia
1208 2106 1367 2184 verax
1391 2108 1548 2184 estin
1570 2106 1940 2184 promissione,

361 2176 551 2253 potens
580 2183 633 2239 in
662 2182 1017 2253 exhibitione,
1045 2176 1117 2253 ei,
1142 2179 1265 2253 licet
1304 2179 1353 2234 ei
1394 2176 1571 2232 facere
1613 2177 1768 2253 quod
1793 2178 1940 2232 vult:

361 2248 469 2308 non
501 2268 715 2322 possum
755 2252 945 2307 terreri
975 2250 1307 2322 multitudine
1331 2256 1666 2322 peccatorum
1684 2288 1697 2311 ,
1728 2248 1772 2302 si
1802 2263 1945 2322 mors

360 2319 570 2379 Domini
600 2324 650 2377 in
679 2332 910 2378 mentem
938 2321 1172 2391 venerit,
1204 2321 1451 2391 quoniam
1495 2328 1707 2391 peccata
1735 2333 1852 2391 mea
1883 2319 1943 2372 il-

359 2393 468 2448 lum
498 2395 710 2450 vincere
738 2408 844 2448 non
873 2400 1125 2463 possunt.
1152 2388 1235 2463 (c)'
1257 2390 1400 2444 Clavi
1431 2398 1497 2463 et_
1504 2389 1693 2463 lancea
1714 2388 1944 2463 clamant

360 2465 525 2532 mihi,
553 2464 692 2534 quod
734 2457 1429 2534 vere-reconciliatususum
1459 2457 1781 2534 Chri_sto,_s_i
1822 2474 1941 2514 eum

359 2528 627 2591 amavero.
662 2533 932 2603 Longinus
966 2532 1174 2603 aperuit
1211 2530 1340 2603 mihi
1371 2529 1507 2603 latus
1534 2528 1729 2603 Christi
1761 2529 1942 2584 lancea

361 2603 537 2678 (Joan.
564 2621 682 2678 xix,
712 2599 834 2676 545,
864 2614 919 2659 et
946 2599 1044 2673 ego
1071 2602 1283 2678 intravi,
1310 2608 1375 2678 et
1393 2600 1470 2678 ibi
1492 2599 1767 2678 requiesco
1793 2614 1945 2678 secu-

359 2669 471 2731 rus.
500 2676 600 2744 Qui
632 2669 1020 2741 tituet',amet';
1049 2672 1305 2744 quoniam
1328 2669 1561 2726 charitas
1601 2669 1760 2723 mittit
1803 2670 1942 2725 t‘oras

361 2741 606 2801 timorem
639 2745 689 2815 (ι
716 2744 871 2799 Joan.
904 2741 1144 2815 IV,_18).
1190 2742 1403 2815 Nullum
1454 2748 1797 2815 tamupoteus
1839 2748 1939 2807 est,

363 2826 471 2870 tam
499 2810 686 2870 efﬁcax
715 2823 902 2871 contra
929 2810 1171 2867 ardorem
1203 2811 1435 2866 libidinis
1473 2810 1938 2875 medicamentum,

359 2901 519 2957 quam
547 2901 691 2941 mors
717 2884 1087 2957 Redemptoris
1107 2882 1232 2936 mei.
1256 2880 1509 2936 Extendit
1535 2881 1749 2957 brachia
1771 2895 1863 2957 sna
1890 2881 1940 2934 in

359 2950 547 3023 cruce,
579 2966 634 3012 et
659 2950 1125 3025 expandit'manus
1168 2967 1293 3025 suas
1336 2960 1550 3025 paratus
1589 2950 1639 3025 in
1669 2951 1942 3025 amplexus

359 3019 899 3097 peccatorumflnter
942 3022 1156 3097 brachia
1203 3021 1492 3097 Salvatoris
1538 3019 1641 3097 mei
1685 3028 1741 3097 et
1768 3021 1943 3097 vivere

359 3087 505 3163 volo,
532 3107 586 3153 ct
612 3097 745 3153 mori
770 3094 947 3168 cupio.
981 3093 1055 3148 lbi
1082 3106 1300 3168 securus
1328 3089 1663 3168 decantabn‘:
1692 3087 1944 3168 Exangoo

362 3178 409 3222 te
427 3210 441 3234 ,
473 3160 721 3232 Domine;
747 3160 984 3236 quoniam
1009 3162 1271 3236 δειδίξιήιηὶ
1300 3177 1420 3236 mc‘,‘
1444 3177 1531 3236 nec
1558 3160 1815 3236 delerlusti
1844 3160 1941 3212 ini-

360 3229 516 3293 micos
544 3254 679 3318 meo;
702 3229 858 3318 super
882 3252 960 3289 me
997 3229 1167 3299 (Paul.
1200 3248 1353 3318 xm,
1371 3229 1451 3318 ‘2):
1485 3230 1945 3318 Sa‘lvatorpuostcr

360 3317 518 3378 caput
543 3299 813 3364 inclinavit
834 3308 1102 3378 inﬁmorte,
1128 3312 1185 3357 ut
1210 3302 1388 3378 oscula
1411 3299 1564 3378 daret
1584 3301 1695 3354 suis
1713 3299 1939 3353 dilectis.

360 3370 541 3436 Toties
572 3380 735 3434 Deum
762 3370 1095 3441 osculamur,
1121 3372 1328 3444 quoties
1368 3372 1421 3427 in
1448 3370 1564 3441 ejus
1589 3386 1769 3424 amore.
1798 3386 1944 3424 com-

402 3465 665 3505 unatmur.

683 3516 852 3573 XXIV
863 3559 875 3571 .
907 3513 1166 3570 Excitatio
1193 3514 1375 3567 anima:
1397 3512 1464 3565 ad
1489 3528 1709 3565 amorem
1736 3511 1938 3565 Christi.

362 3591 407 3645 0
433 3591 606 3645 anima
632 3603 770 3662 mea,
796 3586 1048 3662 insignita
1078 3584 1191 3662 Dei
1214 3583 1463 3662 imagine,
1490 3582 1761 3662 redempta
1788 3581 1943 3662 Chri-

363 3662 430 3715 sti
461 3659 749 3730 sanguine,
780 3653 1100 3728 desponsata
1125 3655 1227 3730 tide
1246 3695 1262 3721 ,
1281 3653 1694 3730 _dotat_a__3pir_i_tn
1714 3693 1728 3716 ,
1758 3660 1942 3705 ornata

363 3722 673 3803 virtutibus,
705 3722 951 3803 deputata
980 3741 1099 3803 cum
1131 3724 1384 3803 Angelis,
1409 3722 1746 3803 diligeillum
1783 3738 1811 3774 a
1841 3738 1944 3788 quo

368 3810 568 3856 tantum
596 3793 790 3855 dilecta
810 3814 889 3864 es,
917 3796 1130 3853 intende
1156 3793 1236 3850 illi
1259 3796 1348 3865 qui
1372 3794 1595 3848 intendit
1620 3793 1733 3853 tibi,
1762 3806 1946 3861 quaere

365 3879 690 3944 quarentem
734 3880 815 3934 te,
851 3883 969 3924 ama
998 3876 1290 3923 amatorem
1330 3873 1484 3944 tuum.
1521 3879 1551 3916 a
1581 3877 1697 3944 quo
1744 3870 1943 3915 tantum

367 3940 760 4015 amaris,_cujus
784 3944 1269 4015 amore-praeventa
1296 3950 1374 4001 es,
1399 3940 1489 4015 qui
1515 3942 1596 4013 est
1618 3946 1775 4015 causa
1800 3947 1947 4015 auto-

365 4013 439 4067 ris
459 4014 553 4068 tui.
570 4000 804 4083 'lpséest
826 4000 1096 4083 meritum,
1119 4008 1233 4083 ipse
1260 4000 1553 4083 premium.
1578 4001 1691 4069 ipse
1719 4000 1936 4083 Υιχιξρψε,

367 4085 479 4153 ipse
518 4071 673 4148 usus,
706 4082 818 4151 ipse
847 4080 989 4134 ﬁnis.
1017 4071 1097 4149 (ά)
1124 4071 1666 4153 Esto'sollicitamum
1698 4071 1943 4153 sollicito,

366 4141 487 4207 c'um
515 4141 743 4208 vacante
764 4164 978 4214 vacans,
1008 4141 1129 4203 cuin
1157 4144 1356 4201 mundo
1380 4141 1596 4208 munda,
1620 4157 1738 4195 cum
1763 4151 1947 4195 sancto

366 4230 568 4278 sancta.
595 4222 812 4291 Qualem
842 4229 895 4275 te
925 4218 1190 4291 paraveris
1219 4216 1357 4291 Deo,
1392 4214 1510 4268 talis
1528 4221 1743 4291 oportet
1771 4221 1824 4291 ut
1849 4227 1947 4280 ap-

366 4303 553 4364 pareat
574 4283 686 4348 tibi.
720 4283 1059 4364 Deus_s_tiavis
1084 4295 1138 4342 et
1165 4286 1328 4364 mitis,
1356 4293 1410 4340 et
1436 4284 1616 4364 multa:
1643 4283 1945 4364 misericorf

369 4353 468 4419 ilia:
496 4363 612 4433 (Ps.
641 4378 840 4427 Lxxxv,
858 4358 1191 4433 5)A;Asuaves,
1217 4355 1393 4433 mites,
1419 4354 1630 4433 dulces,
1646 4353 1870 4433 humiles
1896 4362 1949 4433 et

366 4422 738 4489 misericordes
780 4422 1019 4501 requirit.
1067 4430 1200 4501 Ama
1240 4426 1414 4501 illum
1440 4423 1749 4501 qui__ednxit
1786 4430 1837 4501 te
1880 4422 1948 4478 de

365 4503 482 4560 lacu
521 4504 780 4571 miseriae,
811 4495 874 4574 et
890 4501 958 4557 de
988 4500 1099 4574 luto
1138 4497 1303 4574 falcis.
1336 4495 1486 4574 Elige
1530 4495 1675 4548 illum
1719 4495 1944 4574 anticum

370 4581 515 4628 tuum
547 4590 654 4645 prae
679 4563 925 4645 omnibus
948 4570 1137 4645 amicis
1161 4568 1263 4645 tuis
1289 4584 1302 4621 :
1327 4563 1590 4645 qui,_cmn
1616 4563 1791 4645 omnia
1819 4563 1947 4645 sub-

371 4652 534 4698 tracta
547 4633 783 4707 't‘ucrint,
811 4643 955 4698 solus
985 4642 1078 4697 tibi
1107 4639 1265 4715 ﬁdem
1283 4633 1542 4715 servabit.
1574 4636 1626 4690 In
1659 4635 1742 4715 die
1769 4633 1948 4715 sepul-

371 4725 502 4767 tura:
532 4721 637 4767 tute
663 4705 783 4767 cum
815 4727 1002 4767 omnes
1039 4711 1193 4767 amici
1224 4710 1296 4764 tui
1327 4708 1576 4763 recedent
1605 4722 1631 4759 a
1662 4713 1742 4761 te.
1779 4705 1868 4758 ille
1897 4713 1949 4757 te

339 4775 475 4838 'uon
521 4782 851 4851 derelinquet
877 4800 889 4835 :
920 4781 1012 4836 sed
1036 4781 1282 4851 tuebitur
1317 4794 1349 4832 a
1387 4778 1711 4851 rugientibus
1743 4789 1950 4851 praepa-

368 4856 497 4908 ratis
522 4852 587 4906 ad
609 4847 806 4915 escam,
836 4860 890 4905 et
912 4850 1173 4905 conducet
1198 4859 1247 4902 te
1276 4864 1369 4917 per
1393 4849 1624 4917 ignotam
1655 4847 1945 4917 regionem,

368 4934 527 4994 atque
554 4914 805 4994 perducet
830 4919 895 4975 ad
919 4920 1123 4994 plateas
1151 4914 1393 4994 supernae
1417 4914 1545 4994 Sion
1565 4957 1579 4980 ,
1607 4927 1657 4994 et
1686 4916 1758 4967 ibi
1784 4914 1948 4994 collo:

369 4982 510 5050 cabit
540 4982 591 5048 te
619 5008 736 5048 cum
767 4982 985 5061 Angelis
1008 4982 1348 5061 ante_facie_m
1373 4985 1663 5054 majestatis
1691 4999 1822 5050 sum,
1862 4982 1949 5036 ubi

369 5066 551 5120 audies
580 5064 706 5119 illud
733 5056 1027 5122 angelicum
1054 5058 1255 5122 melos,
1284 5056 1530 5119 Sanctus,
1561 5062 1794 5117 sanctus,
1822 5068 1948 5107 sau-

370 5145 506 5204 ctus,
539 5123 957 5191 DominusDeus
975 5126 1221 5186 sabaoth.
1245 5127 1322 5182 lbi
1343 5134 1425 5182 est
1445 5125 1709 5180 canticum
1733 5123 1947 5188 ltetitim,

436 5293 451 5324 ι
489 5290 636 5352 Alias,
664 5283 1022 5352 redemptionis.

456 5353 507 5403 al
542 5359 608 5401 Ex
622 5348 742 5401 'eod.
766 5348 914 5400 serm.
940 5348 987 5397 5.

457 5400 506 5471 55
539 5400 717 5463 Etihmc
737 5409 822 5459 lib.
845 5410 909 5459 de
924 5408 1062 5471 Dilig.
1103 5413 1221 5471 Deo,
1244 5416 1371 5471 cap._
1388 5401 1480 5471 ιιι
1485 5414 1547 5451 ex
1563 5400 1826 5471 Bernarclg.

458 5460 506 5535 ἐξ
521 5460 745 5524 Bernard.
769 5473 820 5521 in
834 5477 965 5535 Cant.
991 5460 1140 5520 scrin.
1152 5460 1231 5527 61⁷,
1244 5460 1327 5515 ιιιῐ.
1347 5465 1508 5535 few;
1526 5469 1577 5535 et
1591 5475 1737 5535 Serm.
1843 5473 1887 5507 ιι.

493 5520 920 5601 δᾞιῖᾆρθιληπό.
952 5534 1146 5601 iuuant.
1174 5520 1317 5601 Serm.
1345 5527 1425 5587 69,
1454 5520 1508 5601 n.
1532 5527 1588 5601 ’ῖς
1614 5522 1852 5601 iteuLlih:
1871 5520 1952 5601 idle

352 5588 690 5663 ’ροῐιεέίειιιίεν
710 5597 763 5663 in
795 5591 1287 5663 omanem.
1319 5602 1423 5663 cae
1450 5588 1518 5663 εξ.
1545 5588 1948 5663 remeast-

371 5647 465 5711 tib.
500 5647 522 5708 ι
566 5647 792 5718 Miseéll.,
832 5647 914 5705 ὶῖι.
960 5653 1046 5713 ss;
1086 5661 1137 5702 et
1180 5647 1427 5714 Augustin.
1468 5647 1557 5699 lib.
1606 5647 1662 5697 ιο
1702 5647 1948 5701 confess,

1835 233 2186 292 MANUALE.

3534 241 3640 300 962

2054 349 2561 423 vox_exsultationis
2596 351 2870 423 etsalutis
2890 394 2905 419 ,
2931 353 3219 423 gratiarum
3246 356 3386 411 actio
3405 397 3420 422 ,
3459 364 3516 413 et
3538 373 3644 415 vox

2055 421 2225 477 laudis
2246 463 2260 487 ,
2301 430 2458 489 atque
2496 420 2709 476 alleluia
2736 423 2790 476 in
2823 420 3153 492 perpetuum.
3188 426 3261 481 lbi
3290 436 3372 482 est
3397 420 3644 485 cumulus

2055 491 2335 563 felicitatis,
2358 492 2767 563 supereminens
2787 491 2973 563 gloria,
2999 497 3435 562 superabundans
3456 498 3640 554 laetitia

2051 571 2105 616 et
2142 562 2315 634 omnia
2358 561 2514 616 bona.
2557 562 2601 616 Ο
2625 561 2809 617 animai
2826 578 2941 618 mea
2968 566 3174 633 suspira
3198 568 3472 634 ardenter,
3497 569 3643 624 desi-
3715 608 3727 634 ρ

2052 634 2178 688 dera
2202 632 2571 710 vehementer,
2604 641 2662 687 ut
2695 634 2868 703 possis
2896 631 3177 710 pervenire
3205 636 3256 690 in
3286 637 3429 692 illam
3455 631 3644 710 super-
3714 631 3721 651 ⁸

2053 718 2175 779 nam
2204 703 2496 779 civitatem,
2522 702 2588 757 de
2613 702 2714 779 qua
2743 713 2848 779 tam
2877 702 3105 779 gloriosa
3128 705 3434 779 dicta_suut,
3464 702 3641 779 in'qua

2051 775 2201 847 sicut
2211 773 2511 847 laetantium
2550 775 2787 829 omnium
2829 773 3083 847 habitatio
3110 787 3192 830 est
3226 775 3396 847 (Psal.
3424 773 3639 846 Lxxx'vt,

2051 844 2086 898 5
2110 854 2155 897 et
2174 844 2248 913 7).
2277 847 2473 899 Amore
2498 853 2650 913 potes
2675 846 2982 913 ascendere,
3017 847 3214 901 amanti
3236 844 3367 901 nihil
3396 856 3478 903 est
3505 844 3645 903 dim;

2051 916 2186 988 cile,
2218 915 2348 970 nihil
2391 915 2739 988 impossibile.
2784 916 2974 988 Anima
3022 932 3141 988 quae
3185 926 3356 983 amat,
3401 919 3643 974 ascendit

2052 985 2357 1058 [renuenter
2379 1027 2392 1051 ,
2422 994 2476 1058 et
2498 987 2668 1058 currit
2697 985 3156 1058 familiariter'per
3183 989 3385 1056 plateas
3411 989 3645 1045 caelestis

2050 1055 2344 1128 Jerusalem
2364 1094 2379 1121 ,
2413 1056 2675 1128 visitando
2706 1057 3039 1112 Patriarchas
3064 1055 3119 1112 et
3144 1055 3438 1128 Prophetas
3458 1100 3472 1123 ,
3501 1061 3645 1115 salu-

2054 1125 2214 1200 tando
2241 1126 2555 1200 Apostolos_,
2594 1126 2905 1183 admirando
2944 1129 3210 1200 exercitus
3252 1125 3546 1200 martyrum
3589 1139 3646 1187 et

2051 1196 2453 1269 confessorum,
2485 1196 2783 1269 chorosque
2827 1199 3091 1268 virginum
3133 1196 3474 1269 speculando.
3514 1200 3640 1256 Cte-

2052 1268 2160 1320 lmu
2185 1308 2198 1331 ,
2227 1276 2402 1331 terra,
2436 1276 2490 1321 et
2514 1268 2692 1322 omnia
2721 1283 2841 1338 quae
2871 1269 2923 1323 in
2963 1270 3042 1324 eis
3079 1268 3236 1333 sunt,
3284 1285 3389 1324 non
3432 1278 3645 1327 cessant

2050 1338 2691 1413 mihidicejeLutamem
2723 1339 3002 1413 Dominum
3033 1341 3194 1413 Deum
3226 1355 3404 1396 meum
3432 1342 3533 1413 (a).

2121 1408 2346 1481 CAPUT
2384 1407 2565 1481 XXV.
2594 1409 2994 1481 Animazisolum
3039 1411 3215 1481 suﬂioit
3260 1407 3508 1465 summum
3550 1412 3643 1467 bo-

2052 1495 2191 1532 num.
2233 1477 2515 1532 Voluntatis
2549 1479 2691 1533 bona:
2727 1480 2889 1534 valor.
2928 1482 3033 1536 Cor
3076 1477 3363 1536 humanum
3406 1482 3456 1535 iu
3493 1481 3640 1537 desi-

2049 1548 2200 1604 derio
2224 1549 2536 1621 aeternitatis
2561 1565 2665 1621 non
2695 1550 2855 1604 ﬁxum
2877 1591 2892 1618 ,
2930 1566 3198 1621 nunquam
3236 1552 3425 1607 stabile
3468 1560 3643 1620 potest

2049 1634 2189 1685 esse,
2213 1619 2307 1674 sed
2334 1620 2476 1673 omni
2501 1620 2829 1675 volubilitate
2851 1619 3134 1677 volubili—us
3159 1640 3172 1676 :
3200 1622 3267 1677 de
3290 1622 3394 1676 alio
3421 1619 3476 1677 in
3494 1622 3641 1679 aliud

2050 1691 2273 1761 transit,
2305 1705 2552 1761 quaerens
2576 1691 2814 1760 requiem
2842 1691 2931 1746 ubi
2963 1708 3068 1747 non
3094 1700 3195 1747 est.
3236 1693 3292 1747 In
3336 1692 3420 1748 bis
3460 1701 3639 1748 autem

2049 1760 2264 1844 caducis
2290 1760 2346 1816 et
2370 1761 2724 1843 transitoriis,
2752 1761 2807 1816 in
2835 1762 3030 1844 quibus
3049 1762 3165 1833 ejus
3190 1762 3410 1844 allectus
3444 1762 3640 1833 captivi

2052 1839 2316 1904 tenentur,
2357 1846 2535 1887 veram
2577 1833 3095 1904 requiemginvenire
3133 1848 3239 1888 non
3279 1833 3417 1888 valet
3455 1851 3467 1886 :
3505 1847 3640 1904 quo-

2049 1902 2190 1956 niam
2218 1902 2293 1974 (b)
2320 1911 2479 1957 tantae
2504 1909 2588 1956 est
2602 1901 2895 1974 dignitatis,
2921 1911 2978 1958 ut
3001 1903 3200 1958 nullum
3222 1904 3419 1959 bonum
3446 1901 3642 1973 praeter

2049 1971 2315 2043 summum
2342 1973 2538 2043 bonum
2567 1972 2620 2043 ei
2654 1971 2900 2028 sufficere
2935 1975 3103 2043 possit
3136 1992 3149 2027 :
3180 1981 3341 2029 tantae
3369 1971 3460 2028 est
3477 1974 3639 2029 etiam

2048 2042 2310 2098 libertatis
2331 2084 2344 2105 ,
2377 2054 2431 2097 ut
2461 2042 2528 2097 ad
2557 2042 2701 2096 aliud
2727 2042 2947 2098 invitum
2977 2045 3092 2114 cogi
3135 2058 3240 2099 non
3285 2043 3467 2113 possit.
3499 2044 3637 2114 Pro-

2048 2122 2231 2183 pterea
2257 2114 2541 2185 unicuique
2562 2114 2777 2185 propria
2802 2113 3055 2185 voluntas
3068 2123 3151 2169 est
3170 2129 3327 2185 causa
3351 2128 3462 2169 sure
3484 2113 3638 2185 dam-

2050 2185 2278 2238 nationis
2324 2184 2408 2239 vel
2456 2183 2793 2249 Salvationis;
2840 2194 2895 2239 et
2940 2183 3060 2239 ideo
3104 2184 3236 2239 nihil
3285 2184 3445 2238 ditius
3495 2184 3633 2239 bona

2050 2254 2322 2308 voluntate
2352 2254 2462 2308 Deo
2491 2253 2729 2308 oll‘ertur.
2774 2254 2920 2309 Bona
2947 2254 3192 2309 voluntas
3231 2255 3394 2309 Deum
3431 2253 3499 2307 ad
3540 2268 3638 2308 nos

2049 2323 2285 2389 deducit,
2314 2332 2370 2379 et
2397 2339 2496 2379 nos
2523 2324 2575 2376 in
2600 2339 2725 2378 eum
2748 2323 2945 2393 dirigit.
2970 2326 3071 2379 Per
3092 2324 3287 2379 bonam
3308 2325 3635 2378 voluntatem

2050 2394 2217 2448 Deum
2248 2395 2535 2464 diligimus,
2570 2395 2733 2447 Deum
2763 2394 3027 2464 eligimus,
3056 2394 3123 2449 ad
3152 2393 3317 2449 Deum
3348 2395 3632 2464 currimus,

2048 2465 2114 2518 ad
2142 2465 2308 2519 Deum
2339 2461 2806 2535 pervenimusqtac
2836 2461 3000 2535 Deum
3040 2463 3393 2535 possidemus.
3425 2461 3470 2518 Ο
3496 2463 3635 2519 bona

2048 2536 2313 2600 voluntas,
2337 2533 2432 2605 per
2453 2549 2609 2603 quam
2632 2533 2697 2589 ad
2718 2534 2816 2605 Dei
2836 2534 3236 2590 similitudinem
3260 2533 3632 2605 reformamur,

2049 2615 2103 2659 et
2131 2605 2178 2657 ei
2208 2603 2410 2660 similes
2432 2605 2690 2660 efﬁcimur
2709 2606 2722 2658 ε
2740 2603 2829 2658 .lta
2861 2605 3104 2659 amabilis
3130 2613 3214 2660 est
3241 2606 3348 2660 Deo
3376 2604 3514 2660 bona
3540 2619 3636 2660 νοο

2049 2675 2257 2739 luntas,
2287 2685 2343 2730 ut
2382 2676 2496 2745 ipse
2534 2676 2587 2728 in
2627 2674 2788 2729 corde
2820 2673 3073 2745 habitare
3116 2690 3222 2729 non
3260 2676 3419 2741 velit,
3454 2676 3505 2730 in
3532 2690 3638 2739 quo

2048 2746 2184 2800 bona
2212 2744 2454 2800 voluntas
2481 2760 2586 2799 non
2611 2745 2786 2799 fuerit.
2814 2744 2958 2800 Bona
2982 2745 3227 2801 voluntas
3250 2745 3390 2800 illius
3414 2759 3636 2800 summa:

2049 2816 2340 2885 majestalis
2369 2815 2679 2871 Trinitatem
2720 2815 2786 2869 ad
2826 2830 2884 2871 se
2918 2816 3153 2871 inclinat.
3183 2815 3452 2885 Sapientia
3480 2832 3635 2870 nam-

2048 2902 2150 2957 que
2177 2887 2241 2940 ad
2267 2886 2898 2957 cognitionemveritatis
2914 2886 3060 2942 illam
3091 2886 3372 2953 illuminat,
3404 2886 3637 2941 charilas

2049 2956 2113 3009 ad
2152 2955 2473 3011 desiderium
2522 2956 2774 3010 bonitatis
2818 2955 3142 3021 inﬂammat,
3174 2957 3461 3025 paternilas
3489 2957 3543 3011 in
3571 2971 3636 3011 ea

2048 3027 2277 3079 custodit
2301 3026 2444 3095 quod
2469 3026 2686 3091 creavit,
2712 3041 2780 3081 ne
2800 3035 3001 3094 pereat.
3029 3028 3165 3094 Quid
3191 3035 3272 3082 est
3298 3027 3527 3096 cognitio
3547 3043 3638 3081 ve-

2049 3096 2257 3179 ritatis?
2278 3097 2469 3179 -Primo
2496 3109 2817 3179 cognoscere
2846 3104 2896 3179 te
2924 3096 3116 3179 ipsum,
3143 3107 3199 3152 et
3227 3097 3366 3179 quod
3388 3110 3515 3179 esse
3543 3096 3639 3179 de-

2048 3163 2208 3228 beas,
2238 3175 2295 3219 ut
2320 3180 2441 3221 esse
2458 3163 2718 3237 _stud_eas;
2752 3164 2892 3234 quod
2921 3163 3097 3221 autem
3122 3163 3495 3237 corrigendum
3533 3173 3636 3232 est,

2050 3243 2108 3289 ut
2136 3237 2368 3307 corrigas
2400 3256 2411 3290 :
2439 3235 2633 3307 deinde
2673 3250 2995 3304 cognoscere
3032 3245 3086 3291 et
3123 3235 3303 3292 amare
3332 3238 3638 3291 Creatorem

2051 3316 2231 3372 ιιιιιιιι;
2266 3306 2366 3361 hoc
2392 3306 2533 3361 enim
2564 3314 2640 3360 est
2673 3313 2838 3360 totum
2865 3307 3094 3361 hominis
3116 3308 3333 3363 bonum.
3580 3316 3587 3317 ⁷

2119 3376 2202 3431 Ct
2215 3377 2345 3433 PUT
2385 3376 2572 3431 XXVI.
2626 3375 2856 3430 Veritatis
2885 3378 3121 3433 coanitio.
3165 3376 3261 3431 Dei
3298 3378 3352 3432 in
3389 3377 3641 3432 hominem

2049 3447 2306 3531 uene/icio.
2323 3446 2713 3531 ucarnaltionis
2734 3463 2918 3531 causa.
2950 3446 3081 3503 Vide
3107 3462 3235 3531 ergo
3260 3463 3421 3531 quam
3447 3449 3637 3531 inetia-

2051 3518 2169 3572 bilis
2198 3528 2278 3572 est
2306 3518 2499 3572 divina:
2528 3518 2804 3572 charitatis
2833 3532 2956 3587 erga
2987 3533 3084 3573 nos
3108 3518 3341 3573 dilectio.
3371 3518 3447 3574 De
3472 3520 3639 3575 nihilo

2051 3603 2148 3642 nos
2174 3590 2393 3655 creavit,
2426 3598 2479 3642 et
2506 3587 2758 3657 quidquid
2788 3587 3043 3642 habemus
3072 3589 3226 3643 nobis
3254 3589 3471 3644 donavit
3501 3608 3514 3644 :
3543 3589 3639 3644 sed

2049 3660 2167 3729 quia
2201 3659 2318 3728 plus
2341 3660 2627 3712 dileximus
2650 3657 2831 3729 datum
2858 3671 3017 3729 quam
3041 3658 3279 3729 datorem
3300 3701 3315 3725 ,
3342 3669 3639 3729 creaturam

2050 3726 2212 3809 tjttant
2237 3729 2579 3809 Creatorem,
2618 3726 2908 3809 cecidimus
2948 3728 3000 3781 in
3041 3728 3284 3809 laqueum
3325 3728 3519 3809 diaboli
3542 3768 3555 3791 ,
3587 3737 3643 3783 et

2050 3798 2173 3852 facti
2202 3814 2386 3853 sumus
2411 3798 2527 3866 ejus
2556 3796 2715 3850 servi.
2748 3796 2887 3866 Deus
2907 3811 3036 3851 vero
3056 3796 3418 3852 misericordia
3441 3806 3636 3864 motus,

2052 3870 2195 3922 misit
2219 3868 2408 3923 Filium
2436 3865 2591 3921 Suum
2617 3881 2722 3936 quo
2747 3865 3033 3922 redimeret
3059 3880 3274 3931 servos;
3309 3868 3447 3922 misit
3477 3870 3638 3923 etiam

2052 3938 2306 4008 Spiritum
2333 3948 2594 4002 sanctmn,
2622 3951 2728 4006 quo
2752 3950 2941 4008 servos
2962 3937 3247 4008 adeptaret
3271 3939 3321 3991 in
3349 3937 3486 3992 ﬁlios
3516 3957 3528 3992 :
3552 3937 3642 3992 Fi-

2053 4005 2177 4062 lium
2201 4008 2345 4063 dedit
2366 4008 2419 4062 in
2443 4005 2667 4077 pretium
2688 4005 3091 4077 redemptionis,
3112 4005 3369 4077 Spiritum
3395 4016 3641 4063 sanctum

2053 4080 2105 4133 in
2150 4077 2753 4149 privilegiumiam’oris,
2795 4092 2854 4149 se
2896 4077 3125 4149 denique
3165 4085 3331 4149 totum
3372 4086 3550 4133 servat
3586 4079 3639 4133 in

2054 4146 2414 4213 luereditatém
2441 4146 2873 4219 adoptionis‘Jta
2902 4146 3060 4219 Deus,
3090 4156 3148 4203 ut
3173 4147 3439 4216 piissimus
3465 4156 3521 4204 et
3543 4149 3643 4203 mi-

2054 4220 2505 4275 sericordissimus
2546 4218 2752 4274 amator
2783 4218 3055 4274 hominum
3075 4260 3091 4284 ,
3122 4233 3234 4289 prre
3260 4218 3528 4274 desiderio
3557 4219 3642 4275 vel

2053 4307 2234 4346 amore
2279 4291 2542 4357 hominis,
2572 4304 2677 4344 non
2718 4289 2888 4345 solum
2930 4303 3056 4354 sua,
3090 4303 3275 4343 verum
3315 4289 3475 4344 etiam
3505 4299 3559 4345 et
3583 4306 3644 4346 se

2054 4362 2224 4430 ipsum
2269 4359 2556 4431 impendit,
2596 4368 2658 4431 ut
2686 4359 2953 4431 hominem
2982 4368 3353 4431 recuperaret,
3385 4375 3490 4413 non
3535 4371 3640 4414 Iam

2054 4429 2155 4487 sibi
2183 4429 2720 4501 quam’hominiipsi.
2758 4429 2823 4485 Ut
2852 4430 3095 4501 homines
3124 4444 3187 4501 ex
3210 4429 3331 4501 _Deo
3360 4444 3645 4501 nasceren-

2056 4512 2169 4568 tur,
2199 4497 2371 4571 primo
2398 4517 2462 4555 ex
2494 4497 2631 4568 ipsis
2647 4507 2801 4571 natus
2826 4507 2909 4554 est
2935 4499 3097 4571 Deus.
3122 4497 3254 4571 Quis
3281 4506 3363 4571 est
3396 4507 3503 4553 tam
3540 4499 3641 4553 du-

2056 4588 2145 4626 rus
2167 4614 2181 4636 ,
2201 4567 2368 4641 'quem
2400 4584 2503 4624 non
2517 4567 2764 4641 emolliat
2790 4583 2944 4641 amor
2967 4568 3059 4621 Dei
3089 4568 3167 4622 sic
3202 4567 3470 4641 hominem
3500 4583 3642 4641 pra:-

2057 4637 2306 4706 venicus;
2350 4650 2452 4695 tam
2473 4680 2487 4705 ,
2518 4639 2730 4706 inquam
2751 4679 2765 4703 ,
2794 4638 3084 4693 vehemens
3117 4651 3298 4702 amor,
3332 4637 3469 4705 quod
3505 4639 3645 4694 Deus

2057 4720 2273 4781 propter
2302 4711 2569 4781 hominem
2596 4706 2759 4762 homo
2780 4708 3036 4781 dignatus
3061 4715 3143 4762 est
3172 4706 3282 4781 ﬁeri
3301 4707 3324 4760 ?
3345 4706 3492 4781 Quis
3521 4720 3641 4777 pot-

2056 4777 2139 4838 est
2161 4777 2333 4837 'odire
2377 4780 2678 4844 hominem,
2707 4778 2858 4844 cujus
2889 4788 3129 4833 naturam
3161 4786 3214 4831 et
3239 4777 3639 4832 similitudinem

2058 4854 2198 4908 videt
2228 4854 2278 4906 in
2309 4849 2637 4905 humanitate
2665 4846 2797 4904 Dei?
2824 4848 3028 4903 Revera
3059 4848 3149 4917 qui
3179 4846 3290 4901 odit
3317 4848 3464 4902 illum
3487 4890 3501 4912 ,
3532 4848 3643 4901 odit

2060 4925 2255 4990 Deum,
2284 4934 2335 4977 et
2363 4923 2434 4976 ita
2460 4919 2633 4989 perdit
2669 4917 2920 4990 quidquid
2949 4917 3092 4972 facit.
3135 4917 3208 4989 (ο)
3234 4918 3374 4972 Deus
3412 4933 3640 4990 nutuque

2058 4986 2273 5065 propter
2301 4986 2569 5047 hominem
2598 4986 2764 5045 factus
2787 4986 2869 5065 est
2892 4986 3155 5065 homo,__ut
3172 4986 3313 5044 esset
3341 4986 3646 5065 redemptor

2057 5059 2255 5136 quiest
2277 5073 2329 5120 et
2354 5072 2583 5128 creator,
2611 5069 2665 5116 et
2690 5070 2749 5115 ut
2776 5060 2844 5116 de
2872 5074 2971 5115 suo
2999 5059 3351 5114 redimeretur
3377 5059 3569 5123 homo;
3594 5068 3648 5112 ct

2092 5246 2138 5354 di
2178 5238 2469 5313 tegendum,
2497 5245 2551 5287 ut
2574 5238 2620 5285 in
2662 5236 2788 5285 libro
2809 5236 2873 5284 de
2891 5235 3065 5298 Spiritu
3107 5239 3159 5283 et
3182 5234 3345 5283 Anima
3373 5266 3389 5292 ,
3436 5244 3541 5295 cap.
3565 5231 3646 5293 54,

2126 5310 2315 5354 aptans.

2059 5316 2315 5366 adoptans.

2125 5388 2197 5448 (α)
2234 5391 2471 5433 Hactenus
2492 5381 2621 5448 idem
2661 5385 2737 5430 est
2759 5379 2884 5442 apud
2907 5386 3176 5441 nugonem,
3202 5377 3287 5429 lib.
3312 5378 3343 5426 4
3364 5377 3429 5428 de
3450 5377 3643 5437 Anima,

2059 5443 2293 5501 deinceps
2313 5447 2509 5494 omnino
2530 5443 2772 5492 diversus.

2094 5531 2197 5642 h(b)
2234 5538 2370 5604 ungo
2392 5528 2508 5577 Vict.
2550 5526 2634 5574 lih.
2680 5526 2698 5572 l
2746 5522 3025 5583 miscellam,
3070 5525 3142 5572 tit.
3169 5524 3218 5585 7;
3253 5522 3384 5573 idem
3403 5522 3468 5572 de
3491 5520 3649 5571 Laude

2127 5600 2326 5642 aritatts.

2061 5600 2326 5642 Charitatis.

2128 5678 2197 5739 (σς)
2232 5684 2367 5740 Hugo
2387 5675 2502 5723 Vict.
2532 5670 2614 5720 lib.
2654 5672 2673 5720 1
2712 5667 2985 5729 miscellam,
3011 5668 3084 5717 tit.
3104 5666 3183 5718 87.
