4094 6202
562 282 666 341 967

562 399 751 473 gnitati
769 398 1100 463 dilectionis;
1130 395 1369 473 profecto
1393 395 1470 448 sic
1490 392 1795 473 gaudebunt
1824 398 1934 447 toto
1960 391 2139 473 corde,

564 468 677 527 tota
705 479 911 536 mente,
957 477 1062 523 tota
1092 468 1264 521 anima
1285 508 1300 530 ,
1352 476 1410 520 ut
1441 475 1617 536 tamen
1657 472 1828 536 totum
1856 472 2145 536 cor,u_tota

568 557 722 596 mens
744 582 759 604 ,
794 533 907 593 tota
925 542 1097 592 anima
1128 552 1232 591 non
1265 535 1495 590 sufficiat
1519 534 1833 604 plenitudini
1860 533 2062 604 gaudii.

639 602 861 666 CAPUT
910 608 1146 664 XXXVI.
1208 608 1286 660 An
1337 608 1481 676 plene
1520 602 1615 676 Vltio
1674 605 1994 676 excogitctur.
2047 602 2147 656 Ilic

566 697 761 747 semper
787 682 840 733 in
879 680 1056 732 notitia
1079 720 1094 745 ,
1144 694 1316 731 amore
1337 673 1383 729 et
1426 675 1613 745 gaudio
1648 676 1708 727 de
1747 673 1855 727 Deo
1904 690 2142 747 crescere.

568 744 708 806 Deus
734 765 882 804 meus
908 759 960 803 et
987 750 1240 802 Dominus
1280 744 1463 811 meus,
1497 762 1618 814 spes
1646 761 1757 798 mea
1811 755 1863 796 et
1899 744 2147 813 gaudium

566 820 742 875 cordis
769 820 870 875 mei
889 860 904 885 ,
934 819 1020 873 dic
1050 820 1240 873 animae
1272 833 1403 871 mea:
1426 859 1439 880 ,
1487 818 1531 868 si
1574 818 1670 885 hoc
1701 825 1781 867 est
1804 815 2051 884 gaudium
2080 815 2147 885 de

565 906 672 961 quo
702 890 855 961 nobis
886 905 978 957 per
1001 889 1194 961 Filium
1220 898 1363 961 tuum
1392 887 1543 961 dicis,
1577 884 1760 951 Petite,
1785 884 2110 961 et__at_tcipietis
2128 900 2148 961 ς

566 954 621 1014 ut
647 954 1124 1031 gaudiunt'vestrunt
1153 960 1439 1031 sitp‘lenum
1454 956 1633 1031 _(Joan.
1662 971 1756 1009 XVI
1777 995 1791 1021 ,
1824 954 1935 1031 2i).
1967 954 2146 1008 Inveni

565 1026 795 1100 namque
823 1030 1069 1100 gaudium
1097 1026 1670 1100 quoddampletmm,
1722 1035 1775 1079 et
1825 1026 1942 1093 plus
1990 1041 2146 1100 quam

568 1096 1001 1171 plenum.P|euo
1030 1096 1226 1169 quippe
1273 1097 1470 1171 corde,
1518 1098 1676 1171 plena
1729 1105 1935 1171 mente,
1992 1096 2146 1163 plena

566 1166 741 1225 anima
760 1210 776 1236 ,
806 1171 963 1239 pleno
989 1166 1098 1223 toto
1126 1166 1365 1223 homine
1393 1166 1586 1239 gnidio
1627 1167 1750 1228 illo,
1783 1166 1957 1239 adhuc
1980 1179 2147 1239 supra

568 1240 784 1295 modum
807 1236 1075 1307 supererit
1100 1239 1371 1309 gaudium.
1396 1238 1508 1291 Non
1531 1252 1657 1305 ergo
1676 1246 1840 1309 totum
1869 1236 1995 1309 illud
2021 1250 2148 1303 gau-

566 1310 717 1371 dium
746 1306 959 1373 intrabit
982 1311 1033 1362 iu
1065 1306 1385 1379 gaudentes,
1426 1308 1518 1362 sed
1541 1309 1633 1361 toti
1660 1307 1954 1379 gaudentes
1986 1306 2151 1358 intra-

568 1380 705 1437 bunt
743 1381 795 1434 in
824 1377 1247 1449 gaudium—illud.
1285 1380 1408 1441 Dic,
1454 1379 1676 1449 Domine
1701 1420 1714 1443 ,
1760 1377 1844 1449 dic
1874 1391 2030 1449 servo
2061 1385 2149 1449 tuo

564 1450 708 1505 intus
730 1450 781 1505 in
808 1445 968 1505 corde
990 1465 1140 1514 meo,
1170 1450 1347 1503 si‘hoc
1382 1456 1463 1502 est
1506 1448 1757 1518 gaudium
1789 1448 1840 1500 in
1871 1446 2012 1518 quod
2063 1445 2139 1518 i_u-_

565 1520 782 1575 trahunt
806 1521 942 1575 servi
978 1521 1050 1581 tui
1076 1561 1090 1584 ,
1120 1521 1208 1589 qui
1242 1516 1527 1589 intrabunt
1562 1520 1612 1571 iu
1640 1518 1887 1589 gaudium
1938 1516 2148 1589 Domini

564 1592 667 1646 sui.
698 1590 800 1647 Sed
832 1600 977 1645 certe
1000 1586 1250 1661 gaudium
1302 1588 1430 1643 illud
1480 1586 1942 1661 quohgaudebunt
1994 1586 2149 1661 electi

566 1662 673 1726 tui,
702 1676 791 1715 nec
819 1662 994 1715 oculus
1006 1657 1144 1714 vvidit
1168 1700 1183 1725 ,
1211 1677 1299 1714 nec
1329 1660 1466 1712 auris
1492 1657 1683 1711 audit-it
1708 1702 1721 1725 ,
1753 1674 1840 1711 nec
1866 1660 1915 1710 in
1940 1674 2026 1710 cor
2052 1657 2147 1709 lio-

564 1732 715 1785 minis
741 1731 965 1785 ascendit
991 1731 1147 1802 (lsai.
1182 1746 1305 1785 wa
1330 1772 1344 1797 ,
1375 1731 1436 1793 4;
1468 1731 1485 1783 Ι
1512 1728 1630 1784 Cor.
1665 1745 1699 1782 ιι
1725 1770 1737 1792 ,
1782 1727 1861 1796 9).
1902 1727 2147 1802 Nondum

2028 272 2248 330 APPEN
2257 272 2386 329 DIX.

3795 290 3926 365 968

2253 392 2405 468 electi
2438 391 2531 445 tui.
2556 389 2749 462 Utique
2778 399 2982 468 tantum
3010 393 3355 463 gaudebunt,
3399 405 3661 468 quantum
3714 418 3902 460 ama-

2250 464 2409 527 bunt;
2468 462 2968 539 tantum_.am_abunt
3000 462 3032 529 ,7
3067 462 3347 533 quantum
3377 462 3750 539 cognoscent.
3820 476 3901 531 Et

2252 543 2505 606 quantum
2539 544 2620 597 te,
2652 533 2877 589 Doinine
2897 575 2911 598 ,
2944 545 3302 606 cognoscent,
3325 533 3583 606 quantum
3624 552 3681 598 te
3713 560 3897 599 ama-

2251 604 2419 680 bunt?
2448 604 2603 680 Certe
2628 619 2727 680 nec
2756 605 2943 680 oculus
2970 605 3138 680 vidit,
3168 621 3269 680 nec
3287 604 3433 663 auris
3461 611 3674 668 audivit
3696 657 3716 680 ,
3769 631 3890 671 nec

2252 673 2305 726 in
2332 688 2424 727 cor
2462 675 2695 727 hominis
2716 674 2956 749 ascendit
2983 674 3051 749 in
3085 674 3183 749 hac
3213 677 3351 743 vita,
3382 690 3645 749 quantum
3688 673 3755 741 te
3779 700 3889 741 co-

2252 755 2506 812 gnoscent
2531 754 2584 798 et
2622 746 2875 799 amabunt
2898 746 2951 799 in
2981 746 3069 799 illa
3098 746 3228 800 vita.

2322 814 2428 892 Oro
2456 825 2506 868 te
2528 856 2560 892 ,_
2591 815 2726 867 Deus
2755 829 2905 892 meus
2926 856 2939 879 ,
2969 830 3301 892 cognoscam
3316 826 3404 892 te_,
3438 835 3613 877 amem
3671 833 3736 880 te
3761 867 3781 892 ,
3817 835 3885 880 ut

2251 884 2597 963 gaudeamde
2630 894 2795 963 te;_et
2820 887 3002 963 si_no_n
3032 884 3246 963 possum
3289 889 3344 943 in
3372 889 3473 945 hac
3496 894 3602 963 vita
3627 895 3707 949 ad
3748 884 3884 963 ple-

2254 954 2378 1031 nuni
2400 997 2414 1020 ,
2448 954 2823 1031 velproﬁcimu
2852 956 2919 1031 de
2938 957 3044 1031 die
3063 958 3114 1010 in
3137 956 3280 1031 diem
3301 1001 3316 1025 ,
3350 962 3647 1031 usquedum
3674 954 3891 1020 veniat

2256 1025 2381 1100 illud
2405 1026 2469 1100 ad
2498 1027 2729 1094 plenum.
2759 1026 3009 1100 Proliciat
3035 1029 3200 1100 inme
3231 1030 3315 1083 hic
3335 1025 3517 1087 notitia
3545 1035 3661 1100 tui,
3694 1046 3769 1089 ut
3800 1036 3888 1089 ibi

2255 1098 2347 1149 iiat
2388 1097 2541 1162 plena
2566 1098 2914 1169 ;Acrcscatgin
2938 1113 3021 1151 me
3053 1098 3141 1152 hic
3166 1114 3320 1154 amor
3357 1110 3470 1156 tuus
3491 1145 3506 1169 ,
3536 1114 3594 1159 ut
3644 1097 3747 1161 tibi
3800 1108 3888 1161 sit

2256 1168 2476 1247 plenus;
2508 1178 2572 1247 ut_
2592 1167 2676 1220 hic
2691 1166 2939 1247 gaudium
2963 1183 3140 1222 meum
3172 1170 3240 1223 sit
3267 1170 3321 1224 in
3349 1186 3441 1241 spe
3475 1166 3772 1247 maguum,
3816 1184 3886 1230 et

2254 1238 2324 1291 ibi
2356 1238 2421 1314 iu_
2449 1253 2505 1314 re
2525 1237 2758 1306 plenum.
2796 1237 2933 1314 Dens
2960 1254 3118 1293 verax
3138 1281 3152 1304 ,
3181 1248 3306 1314 peto
3325 1237 3395 1314 ut
3412 1237 3670 1313 accipiam
3695 1237 3879 1314 quod

2254 1308 2518 1379 promittis
2539 1350 2552 1373 ,
2583 1317 2637 1359 ut
2687 1307 2936 1376 gaudium
2982 1324 3159 1362 meum
3187 1310 3257 1364 sit
3286 1307 3878 1379 pleuumeedit'etur

2256 1378 2377 1430 inde
2407 1379 2614 1453 interim
2661 1391 2812 1431 mens
2841 1393 2989 1444 mea,
3016 1380 3262 1453 loquatur
3288 1378 3427 1436 finde
3461 1383 3638 1453 lingua
3683 1400 3818 1440 mea
3855 1427 3871 1451 ,

2254 1458 2397 1501 amet
2437 1449 2562 1501 illud
2591 1463 2685 1501 cor
2715 1464 2889 1502 meum
2912 1487 2929 1512 ,
2960 1451 3356 1504 sermocinetur
3384 1468 3447 1506 os
3472 1449 3651 1509 meum
3675 1496 3693 1517 ,
3726 1449 3869 1510 esué

2254 1520 2355 1571 riat
2381 1518 2508 1571 illud
2537 1519 2712 1571 anima
2740 1533 2859 1573 mea
2883 1561 2895 1583 ,
2930 1520 3218 1574 sitiatillud
3243 1535 3372 1575 caro
3398 1538 3539 1588 mea,
3571 1525 3867 1581 desideret

2254 1588 2524 1665 i_lludAtt_ita
2556 1588 2851 1665 substantia
2892 1604 3009 1665 mea
3031 1632 3045 1656 ,
3073 1590 3244 1645 donec
3281 1592 3480 1665 int_rem
3510 1595 3561 1648 in
3592 1596 3861 1665 gaudium

2256 1658 2465 1712 Domini
2492 1659 2594 1713 mei
2627 1676 2639 1710 :
2674 1661 2760 1728 qui
2790 1669 2872 1714 est
2903 1662 3072 1715 triuus
3109 1669 3164 1716 et
3189 1677 3323 1717 unus
3352 1663 3497 1719 Deus
3525 1658 3858 1722 benedictus

2255 1729 2310 1783 in
2336 1729 2551 1785 saecula.
2584 1731 2777 1784 Amen.

569 1815 698 1871 ergo
725 1802 950 1872 cogitavi
978 1797 1071 1856 aut
1095 1801 1204 1855 dixi
1231 1843 1244 1865 ,
1276 1802 1500 1856 Domine
1520 1842 1533 1865 ,
1564 1809 1818 1871 quantum
1845 1797 2150 1869 gaudebunt

880 1941 3818 1958 ’κῇ-ψη

582 1945 1912 1991 &———_—._
1938 1982 2097 1988 —.—
2118 1953 2650 1990 ._—_—_—_———I
2657 1953 3818 1991 Ξ

585 1945 735 1957 _.—.——._

880 1945 975 1953 -Ν

582 1979 1912 1994 B_—_—'——
1938 1982 2097 1988 —'—
2118 1979 3816 1996 ‘———_—_-———_;;:x

1324 1982 1611 1991 ——_

1514 2075 2172 2148 ADMONITIO
2238 2075 2352 2147 IN
2414 2077 2897 2149 LIBRUM

1398 2210 1527 2273 CUI
1572 2209 1922 2271 SPECULO
1962 2208 2243 2270 NOMEN
2277 2208 2755 2272 INSCRIPTUM
2797 2212 2966 2273 EST.

630 2357 744 2413 Non
777 2373 880 2414 una
907 2368 990 2414 est
1012 2359 1135 2415 libri
1157 2361 1530 2431 subsequentis
1558 2359 1834 2429 inscriptio
1857 2358 1907 2412 in
1932 2358 2163 2427 antiquis
2187 2356 2481 2413 codicibus.
2512 2358 2825 2428 Appellatur
2850 2360 2902 2414 in
2947 2360 3214 2430 plerisque
3259 2360 3545 2430 Speculum
3582 2362 3699 2419 sive
3733 2364 3848 2419 Ma-

555 2449 715 2504 nuale
734 2490 748 2511 ,
776 2448 939 2505 ducto
966 2448 1187 2505 forsitan
1216 2452 1370 2505 titulo
1399 2466 1466 2506 ex
1494 2451 1670 2505 verbis
1695 2450 1951 2515 auctoris,
1981 2448 2048 2503 ad
2073 2450 2241 2503 Deum
2269 2449 2483 2504 circiter
2504 2450 2663 2505 ﬁnem
2691 2451 2763 2505 ita
2786 2452 3049 2521 loquentis
3077 2470 3090 2505 :
3120 2452 3255 2506 Huic
3271 2454 3709 2523 deﬂoratiuncula!
3729 2474 3851 2527 opo-

554 2556 667 2594 ram
690 2540 806 2594 dedi
830 2582 845 2608 ,
876 2549 928 2594 ut
953 2542 1095 2596 breve
1122 2552 1167 2596 et
1199 2542 1444 2597 Manuale
1469 2543 1674 2596 verbum
1692 2557 1889 2594 mecum
1917 2540 1980 2593 de
2008 2549 2054 2593 te
2079 2556 2272 2610 semper
2301 2540 2533 2594 haberem
2556 2581 2571 2605 ,
2600 2557 2661 2595 ea:
2690 2546 2837 2613 cujus
2869 2544 3099 2608 lectione,
3127 2552 3320 2613 quoties
3362 2555 3561 2616 tepesco
3582 2588 3597 2612 ,
3628 2549 3681 2601 in
3706 2558 3846 2603 tum

553 2632 859 2686 reaccendar
886 2646 1129 2685 amorem.
1163 2631 1327 2685 Paulo
1355 2641 1474 2700 post
1502 2631 1632 2685 dicit
1660 2638 1848 2684 auctor
1869 2629 2183 2696 decerptum
2223 2643 2253 2682 a
2285 2643 2342 2683 se
2376 2630 2515 2683 hunc
2540 2632 2916 2686 sermunculutn
2941 2674 2955 2697 ,
2989 2634 3063 2686 uti
3091 2632 3158 2689 de
3197 2634 3309 2690 Deo
3334 2636 3463 2689 sicut
3491 2637 3644 2690 corde
3684 2639 3845 2693 credit

563 2723 631 2775 ad
649 2722 903 2792 justitiam
924 2762 940 2788 ,
969 2723 1041 2775 ita
1061 2738 1148 2776 ore
1174 2724 1500 2792 conﬁteretur
1529 2722 1596 2774 ad
1620 2721 1854 2775 salutent.
1886 2719 2020 2773 Hinc
2050 2734 2156 2773 non
2182 2718 2363 2788 inepte
2391 2720 2442 2773 in
2470 2721 2834 2790 manuscripto
2874 2723 3189 2780 Parisieusis
3219 2726 3430 2796 collegii
3478 2727 3841 2787 Bernardino.

553 2828 674 2868 rum
704 2813 1041 2879 inscribitur,
1073 2814 1308 2868 Libellus
1333 2812 1609 2867 catholica:
1638 2811 1780 2865 ﬁdei.
1807 2810 1862 2864 In
1893 2826 1999 2880 quo
2028 2811 2188 2865 etiam
2208 2809 2660 2866 Bernardinorum
2685 2814 2871 2869 codice
2890 2815 3123 2871 alterum
3148 2816 3311 2875 habet
3357 2819 3597 2890 proxime
3650 2824 3840 2895 adjun—

559 2914 705 2961 ctum
731 2907 1044 2976 opusculum
1067 2922 1186 2961 cum
1213 2907 1381 2961 hocce
1411 2904 1584 2971 titulo,
1616 2901 1894 2959 Confessio
1920 2912 2178 2973 quantum
2206 2901 2451 2958 Christus
2480 2904 2713 2960 humano
2737 2908 2923 2976 generi
2952 2910 3238 2967 subvenire
3263 2911 3507 2984 dignatus
3532 2926 3616 2971 est
3644 2937 3659 2971 :
3687 2918 3833 2988 quod

558 3000 747 3071 incipit
799 3001 850 3055 in
882 3002 1023 3058 hunc
1050 3001 1295 3064 modum,
1328 3001 1597 3072 Snperiori
1622 3002 1945 3055 sermnnculo
1970 3001 2297 3070 confessionis
2317 3002 2439 3071 ﬁdei
2469 3019 2621 3071 mete,
2648 3012 2755 3061 etc.
2787 3006 2914 3064 Haec
2941 3019 3117 3065 autem
3156 3015 3412 3082 opuscula
3439 3015 3540 3072 duo
3556 3018 3727 3075 nihilo
3753 3021 3838 3076 di-

555 3110 711 3153 versa
741 3103 867 3150 Sunt
889 3111 918 3149 a
950 3096 1117 3166 prima
1138 3104 1193 3151 et
1216 3094 1448 3150 secunda
1481 3104 1630 3164 parte
1661 3094 2024 3149 Confessionis
2046 3094 2167 3148 ﬁdei
2192 3110 2314 3165 quae
2340 3095 2483 3152 Petri
2514 3098 2785 3154 Fraucisci
2835 3101 3088 3159 Chiﬂletii
3133 3121 3257 3162 cura
3278 3148 3294 3174 ,
3341 3110 3441 3164 sub
3469 3112 3676 3167 Alcuini
3741 3133 3837 3171 no-

547 3187 693 3281 mine
720 3194 946 3281 quatuor
970 3187 1225 3281 instructa
1257 3186 1496 3281 partibus
1522 3186 1721 3281 prodiit
1749 3203 1812 3242 ex
1841 3185 2142 3241 Boheriano
2160 3189 2472 3259 exemplari.
2506 3191 2835 3261 Scripturam
2866 3198 3185 3265 exemplaris
3214 3200 3371 3270 hujus
3401 3203 3681 3262 Boheriani
3703 3225 3831 3281 pro-

549 3279 695 3336 xime
710 3280 964 3335 accedere
993 3278 1058 3334 ad
1087 3289 1294 3348 tempus
1317 3277 1496 3333 Caroli
1521 3279 1713 3349 Magni,
1746 3294 1845 3334 nec
1874 3279 2069 3333 saeculo
2091 3293 2232 3335 nono
2253 3282 2604 3349 posteriorem
2631 3284 2821 3351 videri,
2843 3294 3107 3343 testantur
3122 3290 3219 3343 viri
3244 3292 3324 3345 rei
3351 3292 3623 3350 litterarim
3650 3277 3831 3365 peiitia

555 3370 879 3436 clarissimi,
909 3370 1001 3440 qui
1022 3370 1086 3424 ad
1103 3369 1397 3425 faciendam
1428 3369 1495 3424 de
1518 3370 1619 3424 hoc
1645 3371 1760 3439 ipso
1791 3369 1949 3424 ﬁdem
1972 3412 1987 3435 ,
2022 3371 2375 3425 instrumento
2405 3373 2547 3428 edito
2570 3375 2622 3428 in
2650 3375 2898 3431 Veterum
2927 3380 3306 3435 Analectorum
3335 3392 3479 3440 tomo
3509 3385 3657 3457 [(ubi
3687 3390 3829 3458 plura

548 3463 604 3518 in
633 3462 769 3516 hanc
799 3477 913 3517 rem
936 3459 1294 3532 disseruntur)
1323 3460 1774 3529 subscripserunt.
1809 3460 2143 3530 Quapropter
2166 3476 2286 3531 quze
2314 3463 2658 3534 subsequeuti
2698 3468 2929 3536 Speculo
2963 3470 3123 3540 (quod
3170 3489 3362 3544 nempe
3414 3450 3563 3530 nihil.
3587 3450 3727 3535 aliud
3750 3493 3829 3537 est

548 3554 655 3611 nisi
684 3552 1048 3609 Coul'essionis
1096 3552 1366 3646 prmdictze
1402 3566 1523 3646 pars
1550 3552 1742 3646 prima)
1775 3552 1950 3646 inesse
1990 3552 2327 3646 reperiuntur
2354 3558 2657 3612 communia
2708 3575 2827 3615 cum
2885 3562 3316 3623 Meditatiouibus
3371 3568 3460 3624 hic
3489 3573 3648 3641 paulo
3672 3591 3825 3646 supra

546 3649 796 3711 excusis,
838 3661 901 3703 ea
932 3661 1037 3699 non
1064 3660 1092 3699 a
1119 3643 1544 3701 Meditationibus
1575 3644 1626 3697 in
1656 3643 1944 3712 Speculum
1973 3685 1985 3707 ,
2019 3645 2111 3698 sed
2142 3660 2172 3697 a
2201 3645 2431 3714 Speculo
2456 3649 2632 3717 potius
2662 3651 2714 3704 in
2762 3652 3165 3727 Meditationes,
3210 3672 3342 3727 quas
3380 3660 3593 3718 decimo
3636 3643 3825 3724 szeculo

545 3739 872 3811 posteriores
902 3752 1022 3793 esse
1046 3736 1210 3807 liquet
1230 3778 1243 3799 ,
1286 3736 1559 3789 derivasse
1585 3735 1874 3805 putandum
1905 3745 2007 3790 est.
2040 3735 2305 3791 Czeterum
2334 3740 2494 3793 verba
2516 3750 2570 3795 et
2607 3724 2902 3799 sententias
2932 3746 3017 3801 hic
3048 3764 3155 3803 non
3186 3724 3254 3805 ei:
3300 3755 3579 3824 Augustini
3629 3768 3825 3817 tantum

549 3832 700 3889 libris
724 3874 739 3900 ,
763 3840 854 3886 aut
882 3829 1125 3901 Gregorii
1154 3839 1209 3883 et
1234 3827 1417 3882 lsidori
1439 3868 1453 3893 ,
1484 3828 1576 3881 sed
1606 3828 1763 3881 etiam
1796 3844 1858 3881 ex
1892 3828 2057 3897 ipsius
2085 3827 2293 3884 Alcuini
2323 3830 2699 3901 scriptionibus
2728 3835 2845 3891 aliis
2875 3837 3152 3910 decerptas
3182 3844 3531 3902 observamus
3562 3866 3706 3921 :quo
3734 3870 3825 3923 po-

553 3924 818 4018 tissimum
858 3929 1177 4018 argumento
1206 3935 1511 4018 moramur,
1546 3923 1829 4018 quominus
1860 3921 1911 3974 id
1929 3922 2119 4018 ‘operis
2147 3921 2357 3978 Alcuini
2380 3938 2499 3980 esse
2530 3926 2898 3986 incunctanter
2926 3933 3273 3992 alﬁrmemus.
3302 3939 3655 4001 Emendando
3694 3921 3822 4018 Spe-

548 4017 672 4073 culo
695 4059 710 4085 ,
739 4026 935 4088 praeter
963 4015 1295 4070 Parisienses
1319 4012 1532 4067 codices
1564 4012 1896 4067 bibliothecae
1920 4011 2245 4069 Colbertinae
2274 4024 2329 4070 et
2358 4017 2567 4087 collegii
2591 4019 3039 4079 Bernardinorum
3060 4066 3075 4092 ,
3100 4026 3440 4088 adhibuimus
3460 4035 3624 4092 etiam
3653 4011 3823 4097 Bobe-

546 4112 683 4167 riani
703 4109 1021 4181 exemplaris
1043 4108 1426 4179 apographum.

564 4236 3819 4282 _______________“________

1519 4324 2829 4505 SPECULUM,

1689 4548 2167 4657 LIBER
2243 4551 2359 4657 Π
2345 4555 2461 4660 Ν
2470 4556 2685 4667 US.

2058 4731 2302 4802 %§%%%%§

610 4864 835 4923 CAPUT
873 4860 1157 4919 PRIMUM.
1208 4858 1471 4916 [avocatio
1518 4858 1585 4910 ad
1630 4866 1855 4912 sanctam
1901 4856 1943 4909 Τ
1945 4858 2123 4911 rinita-

539 4948 659 4994 tem.
714 4936 788 5007 (a)
837 4934 1035 5007 Adesto
1085 4932 1485 5007 milii‘,‘verum
1530 4929 1742 5007 lumen,
1969 4928 2123 5007 Pater

538 4997 896 5075 omnipoiens.
931 5003 1126 5075 Adesto
1154 5002 1305 5075 mihi,
1341 5013 1530 5075 verum
1559 5000 1737 5053 lumen
1759 5071 1768 5075 _
1789 4999 1857 5075 de
1885 4997 2117 5075 lumine,

536 5068 770 5135 Verbum
792 5117 807 5141 ,
830 5074 996 5129 Filius
1029 5071 1154 5136 Dei,
1184 5072 1327 5126 Deus
1355 5070 1713 5141 omnipotens.
1744 5068 2116 5141 Adestomihi,

534 5165 663 5206 vera
699 5137 1033 5207 illuminatic,
1062 5144 1244 5195 sancte
1272 5141 1520 5210 Spiritus,
1550 5139 1725 5193 Patris
1748 5148 1803 5193 et
1850 5137 1965 5192 Filii
1988 5140 2118 5210 iuni-

536 5231 635 5283 tas,
694 5217 975 5276 sanctitas,
1024 5211 1288 5277 charitas,
1318 5209 1473 5283 Deus
1515 5211 1872 5283 omnipotens.
1921 5209 2120 5283 Adesto

533 5278 694 5354 mihi,
718 5304 752 5342 ο
778 5302 878 5340 una
906 5282 1167 5343 Trinitas,
1198 5289 1254 5336 et
1277 5280 1415 5354 trina
1441 5280 1647 5354 unitas,
1682 5280 1837 5332 Pater
1865 5288 1920 5354 et
1951 5278 2119 5334 Filius
2214 5320 2221 5325 .

532 5370 583 5416 et
609 5348 836 5427 Spiritus
858 5362 1104 5427 sanctus,
1138 5368 1274 5406 unus
1316 5351 1457 5427 Deus
1485 5350 1859 5427 _om_uip_otens.
1901 5348 2119 5427 Invocat

532 5438 608 5492 te,
633 5418 874 5490 Domine,
901 5425 1032 5479 ﬁdes
1051 5437 1192 5487 mea,
1219 5436 1377 5491 quam
1401 5419 1591 5474 dedisti
1614 5418 1748 5492 mihi
1778 5427 2000 5492 propter
2018 5420 2116 5473 bo-

533 5488 754 5556 nitatem
786 5488 929 5551 tuam
972 5493 1038 5548 ad
1086 5488 1312 5547 salutem
1364 5504 1558 5545 meam.
1612 5488 1825 5542 lnvocat
1856 5499 1905 5544 te
1931 5530 1945 5553 ,
1976 5491 2117 5545 Deus

531 5583 720 5634 meus,
759 5576 904 5622 casta
949 5562 1275 5619 conscientia
1298 5575 1451 5624 mea,
1484 5566 1538 5613 et
1581 5560 1759 5613 suavis
1787 5574 1939 5613 amor
1995 5561 2114 5614 lidei

2230 4875 2393 4945 meae,
2426 4876 2585 4945 quam
2612 4863 3193 4945 decussisignorantiai
3213 4875 3452 4945 tenebris
3480 4879 3549 4934 ad
3575 4882 3810 4942 veritatis

2227 4932 2630 5013 intelligentiam
2648 4932 2939 5013 perduxisii
2970 4955 3167 5013 gquam
3198 4943 3328 4999 tulta
3363 4932 3549 5004 saeculi
3561 4932 3814 5011 amarit;

2227 5002 2373 5090 dine,
2401 5013 2454 5090 et
2483 5002 2907 5090 tumncharilatis
2927 5002 3236 5090 _t_i-u_'l_ced_ine
3281 5002 3543 5087 adhibita,
3566 5002 3812 5090 Epﬁéin

2225 5072 2357 5157 mihi
2400 5082 2454 5127 et
2501 5074 2807 5157 melliﬂuam
2848 5079 3179 5157 reddidisti}.
3209 5082 3425 5141 Invoeat
3462 5072 3548 5157 ω’,
3574 5072 3813 5152 ἷἷίἶῖἱᾶ

2224 5144 2717 5233 bataLvoxflara
2744 5155 2801 5233 et
2821 5149 3065 5230 sincerus
3090 5153 3440 5233 clamorﬁdei
3472 5144 3811 5233 aegida}

2224 5215 2292 5267 ab
2321 5215 2449 5282 ipsis
2494 5215 2622 5270 mihi
2662 5220 2933 5276 enutriens
2961 5224 3235 5279 cunabulis
3262 5215 3574 5285 illuminasti
3600 5215 3812 5304 sem—pe;

2288 5328 2388 5400 fsic
2414 5328 2629 5400 potiores
2641 5336 2750 5400 Mss.
2769 5344 2812 5391 a,
2832 5329 2959 5400 tollo.
2978 5333 3120 5400 Alias,
3134 5337 3283 5388 stulta
3302 5341 3472 5392 muli
3487 5345 3807 5400 macritudine

2220 5387 2395 5438 ablata.
2413 5387 2473 5425 '—
2487 5396 2574 5461 σει-⁵.
2598 5392 2742 5453 Lugd.
2764 5387 2878 5463 Yeu.
2903 5397 2981 5444 six
3000 5387 3236 5467 exhibent
3245 5387 3806 5469 hdué'ioaﬁTJm";
3895 5458 3905 5463 ,

2220 5449 2281 5499 de
2304 5462 2522 5499 excussis
2544 5461 2827 5500 tanorantzm
2850 5455 3075 5500 ῑεηεὺης-
3109 5460 3176 5500 ad
3198 5461 3411 5500 νήιηιερ
3446 5442 3805 5500 halitum"...

2423 5455 2522 5534 Ei?"
2544 5455 3075 5534 ‘WLmHFEIePEWE"
3109 5460 3176 5509 αά

2218 5512 3804 5656 nassum

2218 5633 2602 5713 ἷξέξίίίῖξτξέίίὲἓξ
2625 5638 2770 5713 eunt!)
2793 5645 2900 5689 ωνο
2933 5633 3018 5705 (Idi
3040 5633 3213 5695 ιείιιιθὶί
3524 5633 3797 5713 ἱεῖιῖᾶῖῖεἷ

597 5698 672 5761 (a)
704 5698 777 5748 Sic
798 5698 960 5757 incipit
981 5696 1216 5744 invocatio
1240 5692 1422 5744 Alcuini
1441 5698 1548 5754 post
1571 5690 1723 5741 libros
1743 5692 1809 5741 de
1827 5693 2075 5742 Trinitate.
2217 5703 2347 5755 runt,
2370 5709 2465 5756 qua
2486 5697 2647 5749 unua.
2718 5708 2772 5748 Μ,
