4100 6212
520 253 628 313 98δ

520 367 730 426 ordine.
778 365 923 421 Deus
980 361 1258 419 invisibilis
1303 368 1358 416 ct
1404 360 1683 424 immense,
1728 357 2007 416 ineffabilia
2050 367 2105 415 et

522 452 761 503 :eterne,
808 433 1355 504 incomprehensibilis
1384 442 1436 504 ct
1472 432 1801 504 incorporeo,
1835 432 2110 504 immorta-

525 511 595 565 lis
623 518 676 564 et
724 502 1002 576 perpetuo,
1044 503 1487 576 incommutabilis
1527 512 1581 557 et
1628 502 2107 576 incircumscripte,

525 578 786 635 mirabilis
814 572 869 632 et
895 575 1190 640 benedicte,
1221 574 1525 636 iudicibilis,
1556 573 1640 627 cui
1665 587 1786 627 esse
1807 582 1889 627 est
1909 572 2107 637 vivere,

530 664 720 719 sapere
746 654 801 702 et
838 645 1320 719 intelligere,_scire
1347 654 1401 698 et
1437 658 1620 719 posse,
1655 642 2112 719 pulchrescereet

529 711 822 775 clarescere
849 711 1093 772 unum'et
1118 715 1255 768 idem
1286 723 1400 780 est;
1432 711 1553 783 quia
1579 711 1802 782 simplex
1832 728 1913 779 es,
1952 721 2007 767 et
2027 711 2110 766 di-

527 789 635 845 vidi
664 804 767 843 non
796 796 967 856 potes.
993 786 1075 841 Tu
1100 801 1158 840 es
1185 786 1323 856 Deus
1351 798 1499 838 meus
1516 785 1668 837 vivus
1688 792 1741 838 et
1765 798 1940 856 verus,
1973 784 2111 837 Deus

528 860 666 931 pius,
700 854 974 931 rex'meus
1008 872 1248 931 magnus.
1281 855 1355 910 Te
1395 870 1554 931 unum
1588 856 1751 931 Deum
1781 854 2111 931 co_lo,_unum

531 924 841 985 itaturarum
869 924 1207 997 principium.
1232 942 1262 979 a
1286 940 1390 995 quo
1412 926 1728 997 universitas
1755 933 1809 978 et
1836 924 2113 979 inchoatur

529 1010 585 1055 et
605 998 877 1069 perficitur
903 1006 957 1052 et
984 998 1285 1052 continetur
1310 1015 1323 1050 :
1346 1012 1507 1049 unum
1536 996 1703 1050 Deum
1730 1008 1886 1069 atquo
1905 1009 2109 1069 sumus,

530 1064 628 1140 per
653 1084 809 1138 quem
841 1083 1042 1140 sumus,
1085 1069 1136 1140 in
1164 1080 1270 1137 quo
1300 1081 1504 1140 sumus,
1548 1080 1578 1140 a
1615 1080 1720 1140 quo
1748 1064 2110 1140 discessimus,

532 1134 620 1195 cui
661 1134 947 1194 dissimiles
979 1138 1099 1192 facti
1146 1134 1362 1197 sumus;
1406 1136 1720 1205 principium
1749 1135 1813 1188 ad
1841 1134 1981 1203 quod
2025 1149 2114 1189 rc-

532 1211 815 1273 currimus,
846 1217 900 1263 et
928 1208 1151 1262 formam
1178 1223 1333 1275 quam
1362 1208 1651 1273 sequimur,
1683 1214 1737 1259 et
1760 1205 1984 1275 gratiam
2011 1220 2115 1275 qua

532 1281 978 1340 reconciliantur;
1027 1293 1184 1331 unum
1215 1292 1321 1345 quo
1349 1288 1563 1330 auctore
1593 1275 1786 1331 conditi
1816 1290 2018 1340 sumus,
2061 1284 2117 1329 ct

533 1350 933 1407 similitudinem
966 1364 1057 1415 per
1082 1363 1238 1418 quam
1280 1347 1342 1400 ad
1373 1348 1624 1401 unitatem
1664 1347 2033 1418 reformamur,
2060 1353 2116 1399 et

532 1437 716 1492 pacem
772 1436 873 1492 qua
908 1416 1117 1492 unitati
1159 1419 1529 1492 adlimrrmus;
1581 1433 1617 1471 ιι
1657 1432 1746 1469 um
1798 1416 1959 1492 Deum
2010 1430 2116 1484 quo

532 1485 1060 1553 creatore-Vivimus,
1101 1505 1259 1558 quem
1299 1487 1599 1557 diligentes,
1649 1496 1701 1541 et
1742 1500 1853 1558 quo
1883 1485 2116 1541 fruentes

532 1561 690 1618 beate
722 1562 983 1626 vivimus;
1016 1570 1069 1614 te
1104 1555 1280 1623 laudo,
1315 1555 1572 1613 benedice
1606 1567 1763 1625 atque
1791 1555 1975 1619 adoro,
2012 1564 2116 1609 tum

532 1632 833 1687 clementia:
889 1640 943 1683 et
989 1630 1208 1684 bonitati
1255 1630 1448 1697 gratias
1494 1628 1671 1682 refero
1717 1642 1812 1697 pro
1857 1626 2119 1681 universis

533 1701 690 1758 donis
724 1704 827 1755 tuis
857 1716 917 1754 ac
943 1700 1099 1767 (latis,
1128 1708 1181 1753 et
1208 1714 1304 1768 pro
1329 1700 1576 1753 omnibus
1605 1697 1877 1753 beneﬁciis
1907 1697 2119 1751 miseri-

532 1774 731 1828 cordiac
762 1782 885 1833 tum,
916 1787 1035 1841 quae
1072 1772 1262 1824 anima:
1293 1771 1612 1839 corporique
1654 1783 1776 1841 meo
1804 1768 2032 1841 largiris,
2065 1774 2119 1821 et

532 1856 745 1911 semper
774 1838 993 1912 largitus
1022 1857 1081 1895 es
1114 1856 1141 1893 a
1176 1856 1337 1908 puero
1367 1849 1419 1894 et
1445 1855 1473 1892 a
1514 1838 1792 1912 cunabulis
1831 1838 1962 1891 meis
1991 1852 2115 1912 pro-

532 1906 668 1981 pter"
697 1922 749 1966 te
777 1924 828 1966 et
856 1906 1047 1967 nomen
1075 1906 1220 1965 tuum
1253 1919 1514 1964 sanctum.
1563 1908 1714 1981 Unde
1753 1916 2003 1981 expertus
2029 1906 2113 1960 di-

532 1977 660 2048 dici,
693 1983 811 2051 quia
842 1991 894 2035 tu
923 1982 1061 2036 Deus
1084 1992 1285 2045 noster,
1318 1983 1455 2034 Deus
1484 1995 1543 2033 es
1562 1979 1780 2033 infinitae
1809 1977 2113 2051 mi_sericor-_

532 2052 657 2116 dim,
683 2047 738 2107 εἰ
760 2052 1051 2120 majestatis
1078 2053 1354 2106 immensa:
1382 2050 1698 2120 pietatisque
1717 2047 1961 2120 gratuita:
1988 2064 2002 2100 :
2026 2048 2116 2120 qui

536 2136 723 2177 servos
767 2116 885 2176 tuos
916 2123 1052 2178 inter
1076 2122 1295 2176 adversa
1324 2116 1394 2174 et'
1409 2116 1659 2188 prospera
1691 2116 2003 2188 mirabiliter
2029 2116 2115 2171 di-

533 2193 663 2263 rigis
693 2202 850 2262 atque
875 2191 1131 2255 custodis,
1161 2193 1341 2263 sicque
1372 2187 1678 2263 moderaris
1697 2189 1859 2241 vitam
1905 2187 2114 2242 illorum

533 2260 841 2333 in'utraquc
881 2272 1047 2332 parte,
1072 2271 1154 2333 tut
1190 2261 1409 2333 adversa
1443 2260 1829 2333 prosperis,__e_t
1862 2271 2114 2333 prospera

532 2326 824 2389 succedant
873 2326 1131 2388 adversis.
1174 2326 1519 2399 (Ionﬁteaniur
1558 2326 1685 2400 (Ergo
1722 2329 1826 2400 tibi,
1866 2326 2113 2400 Domine,

531 2406 704 2458 omnia
718 2420 869 2473 opera
886 2412 991 2461 tua.
1012 2412 1056 2457 et
1072 2402 1233 2457 sancti
1244 2398 1315 2454 (ni
1330 2398 1721 2473 benedicant’tibi
1739 2398 1912 2469 (Pani.
1931 2414 2113 2473 cxtav,

533 2475 654 2544 10);
696 2469 760 2529 et'
783 2487 840 2526 ut
864 2473 1168 2528 confitendo
1193 2472 1526 2542 resipiscam,
1560 2486 1665 2544 non
1704 2478 1918 2525 cessent
1941 2484 1971 2522 a
2000 2469 2113 2522 lau.

529 2541 687 2613 dibus
729 2545 833 2597 tuis
872 2545 971 2613 ipsi
1008 2544 1166 2599 etiam
1197 2550 1524 2613 peccatores.
1562 2541 1971 2613 Quorum_unus
2010 2552 2112 2613 ego

532 2612 658 2669 licet
702 2615 753 2667 in
794 2607 1024 2682 peccatis
1068 2607 1304 2682 pronior,
1352 2612 1516 2667 corde
1563 2607 1737 2682 tamen
1789 2607 2113 2682 desideranti

530 2692 649 2737 tuas
679 2677 904 2738 decanto
934 2677 1136 2748 laudes,
1184 2684 1227 2736 si
1266 2698 1369 2736 non
1413 2697 1475 2737 ea
1507 2696 1606 2751 qua
1636 2679 1807 2751 debeo
1833 2677 1989 2732 laude
2027 2678 2110 2733 vel

530 2753 808 2821 dignitate,
850 2753 986 2806 facio
1014 2767 1116 2821 qua
1145 2752 1298 2806 valeo
1335 2748 1586 2821 facultate
1614 2768 1627 2821 ξ
1652 2748 1879 2821 respice,
1898 2762 2106 2821 quaeso,

529 2818 723 2875 sereno
759 2822 906 2875 vultu
950 2822 1013 2874 ad
1032 2818 1147 2875 ‘boc
1185 2836 1318 2875 mea:
1360 2820 1658 2890 exiguitatis
1693 2818 2027 2890 obsequium,
2058 2827 2114 2874 et

530 2891 851 2959 prepitiabili
897 2889 1203 2958 dignatione
1254 2888 1748 2959 accipe'tantillum
1793 2888 2109 2959 sacrificium

528 2957 880 3016 confessionis
916 2957 1034 3014 fidei
1074 2976 1241 3027 mem,
1276 2969 1334 3015 ut
1373 2957 1440 3014 ad
1485 2970 1536 3014 te
1574 2959 1758 3015 redeat
1809 2957 1950 3029 quod
1988 2974 2017 3012 a
2063 2968 2114 3016 te

527 3032 706 3092 venit;
746 3046 847 3086 non
880 3031 1171 3099 respiciens
1208 3040 1410 3086 tantum
1441 3031 1504 3085 ad
1534 3030 1585 3085 id
1610 3029 1749 3100 quod
1776 3029 2001 3085 devotus
2025 3029 2111 3084 of-

526 3100 661 3166 fero,
693 3113 947 3172 quantum
978 3101 1043 3156 ad
1070 3120 1129 3156 ea
1169 3119 1287 3172 qua:
1317 3103 1658 3172 devotissime
1683 3101 1861 3172 dicere
1889 3100 2029 3172 volui
2056 3109 2111 3154 et

526 3119 661 3166 xero,
732 3119 947 3155 uanuun
978 3119 1043 3156 aa
1070 3120 1129 3156 ea
1169 3119 1287 3172 qua:
1317 3119 1658 3156 uevoussrme
1683 3119 1861 3155 dicere
1890 3119 2029 3154 vouu
2056 3119 2110 3154 ei

526 3173 668 3244 volo.
693 3119 963 3244 (biidquid
985 3174 1127 3227 enim
1155 3174 1377 3227 dedecet
1400 3175 1479 3227 vel
1513 3182 1563 3227 te
1583 3170 1832 3244 oﬂ‘eudit,
1856 3169 2110 3244 abhorret

527 3243 701 3295 anima
734 3241 869 3297 mea;
906 3242 1114 3298 Utinam
1137 3258 1347 3312 possem
1374 3244 1493 3297 talia
1520 3244 1692 3313 qualia
1721 3243 1799 3313 illi
1824 3241 2111 3313 bymuidici

526 3313 852 3382 Angelorum
882 3313 1063 3383 chori!
1108 3311 1152 3367 Ο
1181 3329 1335 3383 quam
1367 3311 1648 3382 diligenter
1671 3328 1759 3366 me
1788 3312 1840 3383 in
1870 3311 2113 3383 laudibus

527 3380 635 3435 tuis
662 3392 829 3436 totum
862 3380 1214 3444 cfl‘underem,
1245 3392 1299 3437 et
1324 3380 1619 3436 luculenter
1646 3384 1698 3435 in
1720 3382 1896 3436 medio
1921 3380 2111 3436 Eccle-

527 3453 620 3522 siae
650 3467 864 3505 carmen
905 3452 1086 3522 gloria:
1124 3460 1228 3506 tuae
1266 3450 1972 3522 infatigabilis_l_)eroraret_n!
2006 3449 2111 3505 Sed

527 3521 648 3590 quia
678 3530 737 3591 ut
766 3522 839 3575 illi
858 3520 1083 3591 nequeo,
1116 3535 1333 3590 prorsus
1364 3521 1588 3576 tacebo?
1615 3520 1728 3583 Vae,
1755 3520 1997 3584 Domine,
2030 3529 2111 3574 ta-

528 3590 772 3645 centibus
796 3591 864 3647 de
904 3590 974 3658 te,
1000 3593 1092 3663 qui
1122 3605 1215 3646 ora
1254 3600 1521 3645 mutorum
1549 3591 1796 3655 resolvis,
1828 3598 1881 3644 et
1906 3591 2111 3661 linguas

1973 239 2341 299 APPENDIX.

2210 358 2661 437 infantium__facis_
2692 358 2920 437 disertas
2957 355 3112 437 (εαρ,
3141 373 3185 437 _x
3210 399 3242 437 ,_
3270 357 3386 437 ἓξ).
3432 359 3639 437 Verum
3685 365 3830 437 quia

2220 432 2457 505 parvulis
2497 431 2618 486 licet
2648 431 2833 505 laudes
2876 430 2991 485 tuas
3023 430 3423 505 veibalbutire,
3468 432 3687 505 suscipe
3704 430 3820 491 ’δει-

2223 500 2502 568 oriﬁcium,
2534 516 2743 573 precor,
2786 502 2854 558 de
2895 516 3056 556 manu
3095 502 3290 572 lingua:
3329 518 3486 568 mem,
3514 504 3586 561 de
3614 500 3825 563 'cordis

2221 586 2424 633 amore.

2294 645 2401 700 Sed
2428 647 2664 712 ignosce,
2691 660 2840 715 rogo.
2869 645 3110 710 Domine,
3136 644 3504 715 indignissimo
3523 654 3582 703 et
3607 645 3817 705 infelici

2223 724 2398 771 tecum
2429 715 2495 770 de
2520 725 2571 772 te
2588 713 2787 771 diutius
2811 716 3047 787 loquenti
3072 713 3520 787 servofignosce,
3548 717 3653 787 pie,
3687 720 3817 787 quia

2225 801 2330 840 non
2373 787 2669 857 temeritate
2707 786 3157 857 praesumptionis,
3200 785 3578 857 sed'aviditate
3609 788 3685 843 tui
3708 785 3814 843 de—

2223 857 2404 911 siderii
2434 856 2558 911 huic
2586 855 3038 911 deﬂoratiunculae
3078 870 3294 926 operam
3335 855 3460 911 dedi
3494 874 3508 912 :
3541 868 3599 911 ut
3638 859 3810 915 breve

2223 936 2278 980 ct
2312 928 2554 981 manuale
2581 927 2800 982 verbum
2844 941 3052 982 mecum
3089 926 3157 981 de
3202 934 3255 981 te
3284 940 3496 997 semper
3522 926 3804 995 haberem,

2225 1012 2289 1052 ex
2311 998 2462 1068 cujus
2489 999 2715 1054 lectione
2745 998 2951 1068 quoties
2980 997 3277 1068 tepeﬁo,tin
3308 1005 3455 1051 tuum
3480 1000 3807 1055 reaccendar

2223 1066 2481 1123 amorem.
2510 1068 2707 1123 Sumus
2732 1066 2874 1123 enim
2902 1068 2956 1122 in
2986 1066 3163 1123 medio
3200 1067 3508 1136 laqueorum
3537 1069 3719 1136 positi,
3752 1079 3812 1125 et

2227 1138 2347 1193 ideo
2369 1140 2519 1194 facile
2545 1156 2571 1192 a
2595 1140 2797 1195 cmlesti
2822 1138 3155 1207 frigescimus
3174 1136 3462 1193 desiderio.
3491 1138 3637 1195 Unde
3663 1140 3783 1195 indi
3808 1168 3812 1171 -

2226 1224 2410 1277 gemus
2453 1210 2666 1264 assiduo
2709 1210 3057 1272 monimento,
3104 1224 3208 1279 quo
3250 1209 3603 1279 expergefacti
3639 1211 3708 1264 ad
3755 1220 3809 1267 te

2229 1289 2466 1335 nostrum
2493 1296 2679 1335 verum
2702 1294 3075 1348 summumque
3102 1278 3323 1345 bonum,
3353 1294 3474 1334 cum
3498 1279 3804 1349 deﬂuimus,

2225 1365 2580 1405 recurramus.
2630 1351 2806 1405 Multa:
2851 1349 3082 1418 denique
3130 1358 3256 1403 sunt
3305 1352 3803 1419 contemplationes,

2224 1422 2415 1490 quibus
2439 1422 2613 1475 anima
2645 1422 2833 1477 devota
2878 1421 2969 1475 tibi
2994 1420 3318 1475 exercitatur
3344 1428 3397 1475 et
3424 1420 3629 1490 proﬁcit
3663 1438 3677 1474 :
3709 1422 3807 1478 sed

2227 1492 2364 1545 nulla
2393 1506 2576 1546 earum
2602 1492 2673 1547 ita
2703 1506 2789 1545 me
2812 1491 3062 1557 oblectat,
3094 1499 3187 1545 aut
3220 1505 3372 1546 mens
3397 1505 3516 1546 mea
3554 1492 3801 1559 intendit,

2227 1562 2365 1616 sicut
2385 1562 2470 1616 illa
2490 1578 2610 1632 quae
2628 1563 2698 1618 de
2714 1572 2803 1617 tua
2825 1562 2998 1632 agitur
3019 1561 3363 1632 preprietate.
3390 1560 3595 1616 Idcirco
3624 1578 3808 1618 neces-

2226 1632 2425 1686 sarium
2452 1631 2574 1686 duxi
2607 1633 2750 1687 hunc
2780 1632 2908 1687 mihi
2948 1632 3120 1702 solum
3155 1631 3447 1702 decerpere
3491 1647 3806 1689 sermuncu-

2228 1703 2358 1767 Ium,
2388 1703 2476 1757 ubi
2505 1702 2575 1757 de
2602 1703 2983 1772 omnipotentia
3012 1701 3306 1772 majestatis
3329 1710 3458 1768 tum,
3483 1703 3623 1757 sicut
3644 1704 3808 1761 corde

2226 1772 2389 1828 credo
2435 1772 2502 1827 ad
2544 1773 2825 1841 justitiam,
2881 1773 2951 1828 ita
3003 1787 3098 1827 ore
3144 1772 3405 1827 conﬁteor
3451 1772 3520 1828 ad
3575 1773 3803 1830 salutem

2230 1843 2404 1917 (Rom.
2436 1860 2493 1917 λι,
2522 1845 2632 1917 to).
2667 1844 2916 1917 te‘Deum
2943 1842 3152 1901 Patrem
3179 1842 3492 1917 ingenitum,
3534 1853 3587 1899 te
3613 1843 3806 1900 Filium

2233 1913 2670 1985 unigenitum,'tc
2709 1913 2964 1983 Spiritum
3007 1913 3253 1969 sanctum
3288 1914 3637 1982 paracletum,
3677 1929 3804 1985 san-

2234 1994 2374 2039 ctam
2398 1993 2467 2057 tet
2504 1986 2827 2057 individuam
2868 1984 3180 2057 Trinitatem
3235 1985 3619 2057 unumtDenm,
3650 1984 3724 2057 (a)
3752 1985 3808 2041 in

2233 2056 2597 2125 magnitudine
2640 2056 2923 2119 infinitum,
2955 2055 3008 2111 in
3046 2055 3237 2110 virtute
3277 2055 3723 2125 omnipotentem,
3753 2056 3807 2111 in

2226 2124 2462 2181 bonitate
2502 2141 2788 2189 summum,
2847 2126 2917 2195 in
2952 2126 3210 2195 sapientia
3249 2125 3703 2191 inaestimabilem,
3750 2126 3806 2182 in

2227 2197 2461 2252 consiliis
2490 2197 2804 2260 terribilem,
2827 2196 2880 2251 in
2902 2194 3114 2267 judiciis
3135 2196 3360 2267 justum,
3386 2196 3440 2251 in
3467 2197 3808 2267 cogitationi-

2224 2267 2324 2323 bus
2363 2269 2798 2331 secretissimum,
2844 2267 2900 2321 in
2929 2266 3109 2322 verbis
3142 2266 3411 2332 'veracem,
3461 2267 3512 2321 in
3542 2266 3810 2336 ’operibus

2226 2346 2486 2401 sanctum,
2516 2340 2567 2393 in
2603 2337 2980 2393 misericordiis
2999 2336 3311 2406 copiosum;
3339 2352 3464 2407 erga
3490 2336 3808 2408 delinquen-

2227 2419 2308 2463 tes
2330 2409 2793 2477 patientissimum,
2818 2423 2941 2477 erga
2964 2409 3284 2477 pmuitentes
3310 2407 3630 2475 piissimum,
3660 2407 3809 2464 sem-

2226 2493 2323 2547 per
2348 2479 2485 2534 idem
2516 2480 2708 2548 ipsum,
2742 2487 3002 2533 aeternum
3040 2493 3103 2533 ac
3147 2478 3554 2548 sempiternum,
3584 2478 3807 2533 immor-

2224 2550 2384 2604 talem
2412 2560 2573 2619 atque
2598 2548 3121 2615 incommutabilem;
3152 2564 3309 2619 quem
3346 2563 3447 2603 nec
3471 2549 3641 2618 spatia
3671 2547 3807 2603 dila-

2224 2627 2357 2685 tant,
2387 2634 2488 2674 nec
2515 2618 2750 2675 brevitas
2783 2619 3023 2675 locorum
3051 2618 3317 2689 angustat,
3348 2634 3447 2675 nec
3472 2619 3806 2687 receptacula

2224 2690 2332 2744 ulla
2368 2697 2660 2755 coarctant,
2704 2703 2803 2745 nec
2830 2690 3075 2745 voluntas
3101 2690 3289 2755 variat,
3334 2705 3437 2745 nec
3464 2689 3802 2746 necessitudo

2220 2760 2535 2829 corrumpit,
2582 2775 2681 2815 nec
2722 2770 2913 2816 maesta
2957 2760 3284 2829 perturbant,
3316 2774 3417 2815 nec
3444 2760 3566 2815 laeta
3600 2760 3804 2829 demul-

2220 2839 2381 2894 ceut;
2408 2831 2491 2886 cui
2519 2845 2619 2887 nec
2645 2830 2843 2886 oblivio
2869 2828 3024 2892 tollit.
3070 2846 3170 2887 nec
3198 2829 3451 2885 memoria
3482 2828 3679 2895 reddit,
3705 2844 3802 2885 nec

2222 2901 2488 2970 praeterita
2517 2910 2815 2969 transeunt,
2858 2916 2960 2957 nec
2988 2901 3163 2957 futura
3201 2900 3529 2967 succedunt;
3576 2900 3663 2955 cui
3705 2915 3803 2956 nec

2223 2972 2373 3042 origo
2411 2972 2640 3034 initium,
2671 2986 2772 3028 nec
2810 2981 3050 3042 tempora
3080 2973 3489 3042 incrementum,
3520 2985 3621 3026 nec
3647 2985 3799 3025 casus

2224 3041 2384 3097 tinem
2415 3044 2597 3098 dabit:
2626 3042 2719 3099 sed
2748 3052 2874 3098 ante
2913 3041 3128 3103 saecula.
3156 3052 3211 3099 ct
3252 3041 3304 3096 in
3349 3042 3584 3106 smculis,
3626 3050 3681 3096 et
3706 3055 3799 3110 per

2220 3114 2413 3168 smcula
2442 3115 2496 3170 in
2523 3123 2782 3169 aeternum
2811 3113 2971 3179 vivis,
3002 3121 3057 3169 et
3098 3120 3178 3167 est
3203 3112 3294 3167 tibi
3324 3112 3441 3166 laus
3465 3111 3715 3181 perennis
3743 3120 3797 3165 et

2222 3193 2418 3238 mterna
2460 3185 2651 3255 gloria,
2694 3199 2900 3238 summa
2930 3192 3164 3255 potestas
3206 3193 3259 3255 et
3286 3183 3568 3252 singularis
3606 3181 3794 3255 honor,

2223 3251 2538 3324 perpetuum
2580 3269 2800 3324 regnum
2841 3263 2895 3309 et
2931 3251 3046 3310 Sine
3089 3254 3194 3309 fine
3223 3251 3532 3322 imperium,
3568 3267 3663 3321 per
3688 3251 3798 3306 infl-

2219 3324 2332 3450 Rita
2380 3335 2435 3381 et
2478 3324 2745 3381 indefessa
2786 3332 2842 3379 et
2880 3325 3198 3381 immortalia
3234 3325 3427 3380 saecula
3465 3324 3796 3380 saeculorum.

2269 3410 2410 3450 men.

2269 3410 2387 3451 men
2396 3434 2410 3449 .

2285 3594 2358 3659 (a)
2394 3593 2574 3644 Alcuin.
2601 3592 2772 3653 verba,
2796 3590 2889 3642 col.
2911 3590 3018 3653 156,
3043 3603 3089 3641 a.

1350 3733 1487 3739 ...η-.-ι
1512 3732 1611 3739 ...ν-

529 3735 625 3745 ...κ-

3535 3761 3745 3768 Γ.
3750 3761 3782 3768 ί-ι

625 3776 813 3785 ..ν-.-

873 3876 1327 3939 ADMONITIO
1369 3875 1451 3937 IN
1494 3875 1895 3938 LIBELLUM
1946 3873 2083 3949 QUI
2122 3873 2447 3938 DICITUR
2496 3873 2906 3937 SPECULUM
2948 3870 3462 3945 PECCATORIS,

598 4023 794 4081 Incerti
822 4024 1054 4079 auctoris
1093 4032 1177 4079 est
1212 4022 1352 4078 istud
1383 4022 1528 4077 aliud
1559 4022 1865 4093 Speculum,
1904 4030 1961 4078 et
1986 4022 2267 4093 Augustini
2294 4030 2450 4078 :ctate
2488 4022 2654 4077 multo
2686 4020 3018 4091 posterioris.
3050 4020 3205 4076 Patet
3238 4035 3310 4075 ex
3339 4020 3448 4075 illis
3474 4018 3667 4083 verbis,
3706 4034 3802 4074 ca-

531 4118 695 4187 pite7
721 4134 735 4169 :
765 4136 784 4167 (
816 4118 884 4171 Ει
912 4126 1127 4171 satanas
1165 4130 1324 4170 ausus
1357 4114 1454 4168 fuit
1480 4130 1598 4169 cum
1632 4116 1809 4171 furore
1838 4116 2095 4185 impetum
2120 4114 2295 4171 facere
2322 4116 2374 4169 in
2402 4114 2790 4170 sanctissimam
2821 4115 2961 4170 beati
2990 4114 3198 4169 Martini
3238 4113 3494 4181 animam,
3528 4113 3615 4183 qui
3654 4119 3790 4175 erat,

526 4217 589 4263 ut
611 4209 823 4273 dicitur,
852 4224 1060 4277 gemma
1087 4208 1424 4263 sacerdotum
1455 4225 1469 4260 :
1508 4227 1525 4260 ι
1558 4224 1675 4278 qua:
1706 4208 1954 4262 nimirum
1984 4207 2146 4263 verba
2172 4207 2467 4278 reSpiciunt
2496 4208 2547 4261 in
2577 4206 2785 4262 Martini
2812 4206 2998 4262 laudes
3037 4206 3103 4261 ab
3132 4205 3317 4262 Odone
3339 4206 3677 4262 Cluniacensi
3704 4204 3799 4259 ab-

506 4286 653 4354 bate
689 4298 1036 4366 conscriptas.
1080 4296 1232 4352 Adde
1274 4296 1555 4367 prazbendaz
1595 4298 1932 4361 vocabulum,
1980 4298 2033 4352 in
2070 4298 2243 4367 capite
2271 4298 2320 4363 7,
2357 4313 2453 4368 pro
2483 4296 2745 4354 beneficio
2775 4297 3149 4353 Ecclesiastico
3191 4298 3461 4368 usurpari,
3502 4296 3801 4366 significatu

528 4398 655 4445 ante
676 4389 928 4444 sacculum
950 4390 1239 4456 decimum,
1271 4398 1325 4443 ut
1352 4390 1652 4459 opinamur,
1680 4390 1882 4459 ignoto.
1914 4389 2043 4457 Quze
2096 4399 2352 4459 praeterea
2379 4390 2431 4445 in
2462 4391 2636 4460 capite
2661 4390 2695 4445 5
2723 4390 2985 4462 leguntur,
3016 4404 3077 4445 ea
3103 4389 3353 4444 videntur
3375 4402 3671 4459 supponere
3690 4385 3802 4441 Hu-

525 4483 679 4554 gonis
708 4480 968 4549 Victorini
993 4482 1189 4538 librum
1230 4482 1297 4537 de
1326 4481 1480 4537 Modo
1509 4481 1719 4549 orandi,
1747 4489 1801 4536 et
1828 4496 2077 4553 magnam
2107 4481 2304 4537 habere
2340 4484 2751 4538 consensionem
2777 4499 2897 4537 cum
2928 4483 3065 4540 libro
3091 4498 3248 4553 supra
3279 4497 3471 4539 excuso
3503 4479 3569 4533 de
3593 4478 3800 4549 Spiritu

526 4582 581 4630 et
624 4572 840 4640 Anima,
883 4590 1112 4647 cumque
1153 4574 1411 4646 opusculo
1451 4574 1517 4629 de
1546 4572 1884 4629 Conscientia
1932 4573 1984 4627 in
2024 4573 2281 4628 Bcruardi
2310 4574 2637 4644 Appendice.
2676 4574 2910 4630 Collatus
2939 4574 3038 4630 fuit
3072 4574 3162 4630 hic
3186 4575 3397 4631 libellus
3435 4587 3554 4629 cum
3582 4571 3798 4628 duobus

521 4663 651 4722 Mss.
686 4679 792 4719 uno
812 4665 1153 4722 bibliotheca:
1178 4664 1377 4736 chim,
1411 4664 1534 4721 etS.
1565 4663 1798 4720 Medardi
1823 4663 2227 4721 Suessionensis
2251 4665 2440 4733 altero,
2474 4666 2525 4720 in
2552 4681 2658 4737 quo
2683 4665 2793 4721 Leo
2823 4680 2957 4737 papa
2983 4667 3197 4723 citatur.

1053 4898 1980 5014 srncumm
2044 4894 3230 5038 PECCATOBIS,

1698 5107 2172 5218 LIBER
2260 5106 2376 5213 Π
2358 5107 2506 5215 Ν
2517 5107 2720 5216 US.

1891 5314 2413 5375 mi

581 5434 807 5494 CAPUT
832 5435 1115 5497 PRIMUM.
1161 5439 1297 5507 Quid
1321 5440 1418 5501 his,
1447 5410 1654 5495 Utinam
1683 5442 1953 5507 saperent,
1974 5442 2095 5507 θρα,

2200 5432 2289 5502 jus
2321 5430 2500 5486 saeculi
2540 5429 2592 5485 fu
2632 5428 2787 5485 ientis
2823 5442 3026 5493 sumus,
3072 5427 3190 5483 dies
3235 5427 3403 5483 nostri
3434 5427 3575 5483 sicut
3609 5425 3797 5483 umbra

2203 5510 2547 5555 nrmtereunt.
2585 5445 2814 5555 [Secesse
2840 5508 2924 5555 est
2951 5500 3108 5555 igitur
3155 5499 3318 5554 corde
3348 5497 3577 5554 sollicito
3601 5498 3795 5555 saeuius

504 5519 741 5574 peccator
768 5508 1023 5565 doceatur.
1065 5505 1346 5583 Quoniam,
1375 5505 1755 5575 cbarissime‘,
1794 5507 1846 5561 in
1886 5506 1967 5561 via
2002 5505 2100 5559 bu-

2203 5497 2547 5574 prmtereunt.
2585 5497 2814 5574 Necesse
2840 5508 2924 5555 est
2939 5500 3108 5574 igitur
3155 5499 3318 5554 corde
3348 5497 3577 5554 sollicito
3601 5498 3795 5574 smptus

2202 5568 2511 5636 memorari,
2548 5572 2690 5641 quod
2718 5580 2897 5641 nostra
2918 5568 3212 5641 fragilitas,
3239 5577 3423 5641 nostra
3440 5568 3690 5641 mortalis
3716 5569 3798 5641 in:

2203 5644 2428 5724 ilrmitas
2470 5634 2627 5724 toties
2665 5641 2808 5724 cogit
2843 5634 3283 5724 quaestuum
3324 5649 3407 5721 est
3438 5637 3606 5724 illud?

575 5656 587 5686 '
626 5663 705 5703 Ms.
736 5658 1069 5727 Medardertsis,
1093 5665 1171 5716 hic
1190 5673 1241 5717 et
1264 5665 1402 5727 infra,
1442 5664 1617 5726 fratres
1650 5662 1961 5723 rharissimi;
2008 5663 2098 5715 sed
2203 5656 2428 5724 E'rmllas
2470 5656 2627 5727 ιριιςξε
2665 5656 2817 5727 90,81}
2836 5656 3283 5727 ρυιινιδομᾼυυω
3306 5656 3407 5727 Αρξῑ
3422 5656 3542 5727 liti]!

2206 5713 2319 5789 ipse
2355 5713 2690 5785 omnipotens
2719 5711 2974 5768 Dominus
3017 5721 3257 5770 nostrum
3301 5712 3381 5767 sui
3411 5711 3577 5781 gratia
3612 5709 3794 5767 volens

507 5726 607 5764 nou
627 5724 925 5769 constanter.
