4094 6202
376 239 475 296 991

376 353 648 414 derisione
675 351 864 424 dignos
887 350 1165 424 clamabo;
1202 356 1405 424 et_cum
1434 346 1646 424 irruerit
1675 361 1837 416 super
1865 362 1961 403 vos

378 429 468 484 illa
519 417 795 496 repentina
847 421 1142 496 calamitas,
1192 419 1528 496 subsannabo,
1583 417 1633 496 id
1679 427 1786 482 est,
1839 432 1958 496 cum

381 512 560 552 amara
583 488 740 550 'mors
765 507 859 548 vos
902 490 1269 552 momorderit,
1303 498 1502 543 aeterna
1545 488 1962 543 subsannatione

381 569 570 638 dignos
593 564 880 638 damnabo.
906 560 1077 638 _Aud_i,_
1095 569 1150 615 tu
1193 570 1484 638 peccator,_
1503 559 1794 638 terribilem
1833 573 1960 613 sen-

381 629 624 701 tentiam,
654 649 812 704 quam
837 633 881 687 si
911 631 1258 699 intelligeres,
1300 631 1414 704 sine
1453 629 1964 704 dubio_cxpavesce-

379 723 490 764 res.
519 707 622 762 Sed
671 700 969 772 Scripturas
1012 716 1190 772 sacras
1239 701 1572 770 negligenter
1615 700 1770 770 legis,
1813 708 1964 772 actus

381 780 506 832 vita:
536 788 660 837 true,
689 770 828 828 mala
872 788 993 842 qua:
1023 771 1174 839 facis,
1223 781 1439 840 peccata
1483 786 1602 842 qua:
1650 770 1958 842 committis,

380 847 518 902 facta
548 854 602 901 et
628 845 768 900 dicta
792 850 848 898 et
876 841 1038 912 opera
1068 850 1157 897 tua
1189 842 1328 896 mala
1364 857 1471 896 non
1498 841 1766 912 Sapienter
1794 841 1958 909 respi~

379 919 491 982 cis;
533 916 690 971 velox
717 914 785 969 ad
827 928 1088 979 mensam,
1117 912 1300 968 tardus
1328 912 1394 967 ad
1425 913 1703 968 ecclesiam
1729 928 1743 977 ;
1777 920 1965 982 potens

381 987 446 1041 ad
467 980 780 1056 potandum,
809 984 904 1039 sed
947 999 1088 1055 aeger
1117 983 1181 1037 ad
1207 982 1592 1107 .psallendum;
1638 980 1855 1052 pervigil
1897 980 1965 1036 ad

381 1057 607 1107 fabulas.
634 1055 1001 1107 somnolentus
1030 1054 1097 1107 ad
1117 1054 1222 1107 viui
1248 1069 1357 1107 Ias:
1388 1054 1617 1107 nrocax‘
1647 1053 1713 1106 ad
1743 1053 1964 1107 loouen-

379 1053 608 1120 fabulas,
634 1053 1097 1112 somnolentus'ad
1117 1053 1357 1123 vigilias;
1388 1054 1617 1122 procax‘
1647 1053 1713 1106 ad
1743 1053 1964 1122 loquen-

380 1129 528 1195 dum,
573 1127 667 1183 sed
713 1124 894 1180 tardus
922 1134 975 1179 et
1009 1133 1186 1179 mutus
1209 1123 1276 1178 ad
1315 1123 1651 1195 canendum;
1685 1132 1962 1195 promptus

384 1199 452 1254 ad
481 1193 612 1253 iram
640 1206 695 1252 et
745 1196 1159 1262 detractionem,
1191 1195 1338 1264 piger
1363 1209 1491 1249 vero
1518 1194 1582 1247 ad
1622 1193 1917 1264 orationem
1942 1209 1956 1258 ;

388 1269 602 1324 invidia:
629 1276 854 1331 amator,
880 1281 1170 1335 pauperum
1199 1263 1394 1320 Christi
1423 1272 1768 1335 persecutor;
1800 1263 1966 1335 festu-

385 1354 503 1394 cam
532 1339 585 1393 in
629 1337 734 1392 alio
760 1337 915 1392 oculo
959 1334 1270 1406 respiciens,
1314 1335 1408 1391 sed
1459 1334 1662 1389 trabem
1712 1335 1763 1388 in
1811 1334 1967 1406 oculo

385 1418 478 1464 tuo
507 1424 612 1463 non
639 1408 864 1469 videns;
918 1405 1140 1461 aliorum
1173 1407 1307 1460 facta
1339 1406 1722 1467 condemnans,
1755 1405 1848 1459 sed
1880 1414 1966 1458 tua

384 1496 493 1535 non
519 1479 886 1542 considerans,
916 1492 1015 1532 nec
1037 1477 1311 1532 deserens.
1336 1475 1572 1531 Caeteros
1594 1474 1966 1544 reprehendis,

385 1559 442 1622 te
474 1549 1068 1622 ipsumnoncorrigis;
1101 1547 1236 1622 alios
1257 1547 1555 1622 vituperas,
1592 1555 1646 1600 et
1685 1554 1736 1600 te
1765 1547 1966 1622 collau-

385 1616 522 1676 das':
548 1621 766 1674 malitia:
791 1616 1055 1683 inventor,
1085 1616 1380 1686 disciplina:
1405 1617 1739 1681 destructor;
1764 1617 1968 1671 amicus

384 1691 656 1757 vitiorum,
684 1700 735 1746 et
781 1689 950 1744 hostis
976 1689 1249 1742 virtutum.
1298 1687 1422 1742 Haec
1471 1696 1594 1741 sunt
1623 1703 1740 1757 qua:
1792 1687 1968 1740 homi-

388 1777 512 1817 nem
549 1756 836 1822 exciecant,
865 1767 920 1814 et
945 1774 973 1812 a
1002 1759 1110 1813 Deo
1145 1759 1318 1827 ipsum
1358 1766 1646 1827 separant;
1694 1756 1808 1811 haec
1847 1766 1972 1812 sunt

387 1848 506 1902 quae
550 1831 867 1885 monachum
919 1829 1158 1902 el'ticiunt
1199 1827 1607 1902 daemoniacum,
1651 1843 1968 1902 conversum

388 1897 629 1957 efﬁciunt
651 1916 978 1971 perversum,
999 1899 1249 1971 clericum
1272 1898 1602 1971 lnereticum,
1623 1897 1968 1971 christianum

391 1969 780 2027 antichrisium.
813 1972 910 2039 Qui
935 1971 1076 2025 enim
1103 1969 1425 2023 christianus
1451 1983 1554 2022 non
1582 1977 1684 2032 est,
1714 1969 1970 2022 antichri-

391 2052 507 2096 stus
548 2050 648 2097 est.
693 2041 810 2096 Non
852 2050 935 2096 est
963 2040 1302 2105 christianos,
1347 2039 1436 2109 qui
1481 2039 1590 2092 vita
1635 2048 1690 2093 et
1733 2041 1970 2095 moribus

387 2112 602 2169 Christo
629 2121 710 2167 est
734 2112 1054 2167 contrarius.

461 2183 595 2247 Heu,
639 2181 780 2238 heu!
845 2181 930 2236 Vir
971 2181 1214 2253 insipiens
1257 2196 1358 2235 non
1401 2189 1685 2254 cognoscet,
1717 2189 1763 2235 et
1789 2181 1972 2237 stultus

453 2296 469 2328 ι
507 2295 644 2358 Alias,
673 2300 888 2359 paratus.

1837 227 2199 287 APPENDIX.

3561 237 3667 297 892

2071 363 2172 401 non
2197 344 2438 418 intelliget
2475 344 2583 399 ltwc
2612 343 2784 418 (Psal.
2819 361 2928 412 xm,
2962 345 3016 418 7)
3046 364 3058 402 :
3091 354 3146 404 et
3182 347 3325 416 ideo,
3351 349 3490 406 sicut
3533 352 3668 410 dicit

2069 418 2221 490 idem
2259 415 2564 490 propheta_,_
2599 415 2771 490 Simul
2807 415 3050 490 insipiens
3101 428 3148 490 et
3192 421 3378 474 stultus
3431 423 3665 490 peribunt

2070 485 2238 559 (Psal.
2269 501 2453 550 XLVIII,
2486 484 2594 559 ll).
2637 486 2744 559 Sed
2772 484 3184 559 quae‘distantia
3232 500 3315 546 est
3363 484 3503 548 inter
3529 493 3664 549 insi-

2073 555 2303 630 pientem
2330 564 2394 630 et
2413 555 2674 630 stultum?
2710 555 2898 630 omnis
2925 559 3122 614 stultus
3149 569 3233 615 est
3269 560 3548 630 insipiens.
3581 564 3666 619 ln-

2071 627 2272 696 Sipiens
2312 627 2453 701 enim
2495 627 2690 701 dicitur
2727 627 2877 697 quasi
2906 644 3014 685 non
3055 631 3290 701 sapiens.
3336 627 3484 687 Multi
3522 635 3663 691 enim

2072 705 2291 752 manent
2327 699 2416 766 qui
2443 699 2712 767 sapientes
2743 713 2850 754 non
2897 709 3039 766 sunt,
3069 699 3130 755 et
3159 711 3338 758 tamen
3377 703 3528 758 stulti
3557 721 3661 760 non

2073 768 2395 840 sunt.AMAulti
2417 768 2544 837 justi
2575 778 2717 834 sunt,
2742 776 2804 840 et
2842 769 2993 824 multi
3017 771 3147 839 justi
3187 787 3294 826 non
3328 782 3473 840 sunt,
3502 783 3556 829 et
3582 785 3662 830 ta-

2072 853 2195 893 men
2227 838 2404 913 iniqui
2432 854 2535 913 non
2563 839 2829 913 sunt._Vis
2856 838 3082 913 noscere
3125 842 3243 913 quis
3285 843 3356 898 sit
3380 838 3658 912 insipiens,

2071 909 2274 985 etquis
2302 908 2534 985 stuitus?
2574 908 2836 979 [nsipiens
2859 919 2963 972 est,
2995 912 3085 985 qui
3129 908 3188 968 se
3215 928 3246 967 a
3274 908 3506 985 paradisi
3530 908 3660 985 gaué

2073 978 2180 1053 diis
2204 979 2538 1053 peregrinum
2569 978 2694 1035 esse
2719 995 2828 1053 non
2861 978 3182 1053 considerat.
3209 978 3300 1053 qui
3326 999 3385 1039 se
3423 978 3660 1040 exsulem

2076 1049 2127 1104 in
2155 1049 2257 1104 hoc
2280 1050 2599 1123 essiiionon
2629 1050 2876 1123 attendit.
2910 1051 3116 1123 Stultus
3139 1049 3243 1116 est,
3269 1054 3360 1123 qui
3404 1053 3529 1109 licet
3559 1056 3658 1110 ista

2073 1121 2398 1194 cognoverit,
2434 1121 2859 1194 liberarihtamen
2885 1137 2916 1176 a
2942 1122 3124 1194 mundi
3152 1121 3367 1179 miseria
3411 1139 3507 1194 per
3536 1127 3660 1181 vita:

2075 1191 2321 1264 meritum
2361 1207 2469 1247 non
2494 1190 2738 1264 intendit.
2793 1192 2945 1264 Item,
2974 1193 3228 1262 insipiens
3270 1202 3372 1258 est,
3409 1190 3500 1264 qui
3548 1210 3657 1251 non

2074 1261 2244 1335 credit
2268 1261 2444 1335 futura
2473 1261 2731 1332 supplicia
2771 1261 3124 1335 reproboruin
3154 1278 3273 1319 esse
3299 1261 3576 1335 perpetua,
3608 1274 3664 1321 et

2075 1330 2263 1404 gaudia
2290 1330 2556 1401 justorum
2577 1330 2782 1388 aeterna
2807 1330 3048 1389 {stultus
3086 1343 3264 1389 autem
3292 1330 3514 1404 estfqui
3541 1336 3664 1390 licet

2075 1401 2273 1474 credat,
2305 1411 2480 1458 tamen
2509 1411 2566 1458 ut
2597 1411 2823 1458 mortem
2868 1412 3180 1474 perpetuam
3223 1401 3520 1468 evadat,'et
3542 1407 3660 1474 glo-

2074 1472 2208 1526 riam
2256 1482 2511 1528 zeternam
2561 1481 2708 1528 caste
2769 1472 2999 1528 vivendo
3055 1474 3248 1543 pieque
3297 1472 3662 1530 conversa—udo

2075 1543 2334 1614 acquirat,
2365 1558 2470 1598 non
2500 1543 2746 1598 intendit.
2780 1543 2932 1599 Justo
2960 1544 3123 1614 igitur
3151 1545 3247 1600 Dei
3271 1544 3478 1613 judicio
3512 1546 3663 1600 simul

2078 1612 2321 1682 insipiens
2348 1624 2393 1668 et
2422 1614 2605 1668 stultus
2635 1613 2883 1683 peribunt.
2911 1612 3062 1681 Quod
3108 1612 3284 1668 tamen
3330 1630 3436 1668 non
3487 1614 3659 1680 fieret,

2075 1683 2118 1754 si
2149 1693 2380 1754 saperent
2419 1693 2468 1738 et
2514 1685 2870 1754 intelligerent,
2897 1701 2957 1738 ac
2999 1685 3272 1739 novissima
3320 1685 3660 1753 providerent.

2075 1753 2234 1819 Ecce,
2257 1753 2419 1810 frater
2442 1755 2538 1822 mi,
2553 1754 2662 1824 jam
2684 1753 2880 1825 legisti,
2901 1755 3009 1824 jam
3033 1754 3210 1809 vidisti
3229 1755 3282 1809 in
3310 1756 3412 1810 hoc
3440 1757 3663 1824 speculo

2075 1825 2393 1896 peccatoris,
2420 1826 2546 1894 quid
2575 1827 2773 1896 sapias,
2799 1825 2926 1895 quid
2956 1825 3249 1896 intelligas,
3271 1825 3539 1896 quomodo
3563 1840 3664 1881 no-

2078 1894 2290 1948 vissima
2322 1895 2616 1966 providere
2642 1894 2928 1966 debeas;
2953 1894 3198 1966 superest
3240 1895 3400 1965 igitur
3438 1905 3496 1949 ut
3542 1896 3666 1952 dili-

2075 1974 2262 2034 genter
2303 1965 2499 2032 discas,
2534 1974 2588 2021 et
2616 1966 2667 2020 in
2693 1965 2858 2020 corde
2901 1965 3104 2031 ﬁrmes,
3131 1974 3190 2020 ut
3226 1979 3356 2021 sane
3385 1966 3582 2035 sapias,
3609 1976 3666 2022 et

2079 2043 2226 2090 recte
2253 2035 2550 2106 intelligas,
2578 2036 2850 2104 quomodo
2897 2037 3187 2091 novissima
3232 2043 3324 2090 tua
3372 2034 3665 2106 prudenter

2076 2105 2379 2174 provideas,
2403 2105 2458 2160 ut
2484 2122 2578 2176 per
2602 2105 2717 2162 haec
2737 2115 2993 2162 aeternam
3022 2106 3419 2161 damnationem
3440 2105 3658 2172 evadas,

2076 2184 2273 2231 etcum
2308 2177 2532 2232 Domino
2565 2187 2752 2232 nostro
2783 2176 2921 2233 Jesu
2943 2176 3162 2233 Christo
3200 2177 3364 2231 vitam
3405 2183 3660 2232 aeternam

2077 2245 2372 2316 possideas.
2430 2250 2624 2303 Amen.
2716 2306 2719 2308 _

854 2490 1095 2602 DE
1170 2488 1979 2613 TBIPLIGI
2028 2489 3203 2604 EABITACULO

1579 2655 2055 2762 LIBER
2124 2655 2560 2777 UNU'S,

1301 2837 1623 2902 INCERTI
1667 2836 2079 2914 AUCTORIS,
2116 2840 2269 2902 NEC
2316 2841 2746 2905 INERUDITI.

1780 2971 2254 3026 φθιροεκῲ

463 3067 690 3126 CAPUT
747 3067 1030 3124 PRIMUM.
1095 3065 1176 3122 De
1223 3065 1380 3121 tribus
1436 3066 1768 3133 habitaculis,
1819 3083 1971 3136 regno

396 3141 506 3198 Dei.
536 3141 741 3204 mundo,
770 3141 984 3208 inferno.
1023 3137 1184 3210 Regni
1214 3136 1304 3191 Dei
1342 3139 1490 3197 bona.
1521 3147 1568 3191 et
1598 3137 1786 3260 in{erni
1815 3138 1971 3191 mala.

396 3212 514 3260 Tria
568 3223 689 3260 sunt
745 3213 846 3260 sub
883 3210 1262 3260 omnipotentis
1309 3209 1403 3260 Dei
1449 3224 1605 3260 manu
1671 3208 1971 3260 tabitacula.

393 3212 516 3267 Tria
568 3223 689 3266 sunt
745 3213 846 3266 sub
883 3208 1262 3278 omnipotentis
1309 3209 1403 3263 Dei
1449 3224 1605 3262 manu
1654 3208 1971 3273 habitacula,

396 3285 644 3350 primunt,
671 3283 855 3344 imum,
881 3281 1110 3334 medium
1140 3294 1409 3350 :quorum
1440 3293 1727 3342 summum,
1752 3294 1973 3348 regnum

398 3349 490 3406 Dei
524 3353 602 3405 vel
633 3367 850 3420 regnum
875 3351 1129 3420 calorum
1155 3349 1382 3410 dicitur;
1435 3350 1616 3420 imum,
1653 3358 1868 3420 vocatur
1899 3350 1978 3401 in-

396 3422 614 3483 fernus;
658 3417 912 3482 medium,
961 3419 1187 3472 mundus
1234 3417 1478 3487 przesens'
1514 3419 1595 3471 vel
1626 3418 1769 3472 orbis
1801 3429 1975 3474 terra-

399 3507 516 3544 rum
546 3491 864 3557 appellatur.
903 3489 1137 3554 Quorum
1178 3497 1411 3540 extrema
1443 3488 1660 3541 omnino
1699 3488 1798 3542 sibi
1841 3489 1976 3543 invi-

400 3577 516 3616 cem
547 3567 674 3615 sunt
696 3559 982 3621 contraria,
1011 3567 1064 3613 ct
1091 3558 1232 3612 nulla
1261 3558 1358 3612 sibi
1390 3559 1645 3614 societate
1673 3559 1973 3629 conjuncta.

401 3629 531 3696 Qua:
557 3631 696 3684 enim
726 3631 952 3684 societas
996 3637 1167 3696 potest
1203 3643 1321 3682 esse
1352 3630 1482 3683 lucis
1523 3629 1588 3683 ad
1630 3631 1899 3696 tenebras,
1925 3639 1979 3685 et

397 3699 592 3757 Christi
619 3700 684 3754 ad
716 3701 878 3756 Belial
909 3699 1104 3768 (IICor.
1133 3715 1204 3765 vi,
1236 3700 1302 3754 i4
1317 3708 1364 3753 et
1396 3699 1516 3768 i5)?
1547 3700 1773 3756 Medium
1801 3711 1975 3755 autem

403 3771 709 3826 nonnullam
762 3771 922 3826 habet
967 3770 1362 3824 similitudinem
1409 3770 1471 3825 ad
1517 3780 1777 3826 extrema.
1825 3770 1978 3825 Unde

402 3843 577 3897 lucem
613 3853 666 3896 et
694 3841 942 3896 tenebras
973 3841 1150 3904 habet,
1186 3840 1349 3910 frigus
1378 3850 1432 3896 et
1459 3842 1713 3907 calorem,
1738 3841 1978 3895 dolorem

400 3923 453 3967 et
483 3914 785 3977 sanitatem,
816 3913 1050 3967 lanitiam
1081 3921 1136 3965 et
1176 3927 1482 3977 mcerorem,
1525 3913 1702 3967 odium
1744 3922 1796 3966 et
1825 3927 1976 3966 amo-

401 3998 536 4049 rem,
563 3985 730 4037 bonos
757 3993 810 4036 et
853 3984 1039 4046 malos,
1076 3983 1247 4051 justos
1278 3992 1332 4036 et
1369 3983 1615 4051 injustas,
1640 3982 1884 4036 dominos
1927 3991 1982 4038 et

395 4068 612 4120 servos,
643 4069 863 4124 regnum
896 4062 949 4124 et
991 4052 1396 4121 subjectionem,
1442 4053 1633 4124 famem
1678 4061 1733 4107 et
1760 4053 1978 4124 satieta-

403 4134 530 4187 tem,
555 4123 780 4178 mortem
809 4131 862 4176 et
889 4123 1068 4187 vitam,
1089 4132 1144 4178 et
1168 4125 1440 4178 innumera
1470 4123 1624 4192 hujus
1652 4123 1814 4176 modi.
1838 4123 1981 4189 Quo-

403 4211 520 4248 rum
560 4195 794 4248 omnium
839 4209 962 4262 pars
1003 4209 1104 4248 una
1151 4195 1429 4263 imaginem
1476 4194 1633 4247 habet
1671 4194 1818 4262 regni
1863 4194 1976 4258 Dei,

404 4279 530 4332 pars
555 4265 718 4318 altera
749 4263 961 4317 inferni.
997 4265 1318 4318 Commixtio
1358 4279 1588 4332 namque
1617 4264 1873 4317 malorum
1904 4264 1979 4316 si-

404 4335 513 4387 mul
546 4344 597 4388 et
627 4333 885 4388 bonorum
915 4335 965 4388 in
1008 4334 1109 4388 hoc
1150 4334 1346 4388 mundo
1372 4343 1482 4397 est;
1513 4334 1564 4386 in
1593 4347 1756 4400 regno
1799 4341 1980 4386 autem

407 4403 503 4458 Dei
537 4403 664 4458 nulli
714 4405 838 4458 mali
881 4417 1018 4468 sunt,
1049 4405 1141 4459 sed
1165 4419 1352 4457 omnes
1394 4403 1548 4467 boni;
1590 4410 1644 4455 at
1685 4403 1736 4454 in
1772 4401 1981 4456 inferno

408 4474 535 4528 nulli
586 4475 739 4537 boni,
786 4475 877 4530 scd
920 4491 1106 4529 omnes
1150 4475 1304 4539 mali;
1348 4483 1401 4527 et
1450 4483 1671 4541 uterque
1725 4472 1874 4527 locus
1915 4488 1982 4527 ex

404 4545 582 4600 medio
609 4548 902 4616 suppletur.
937 4545 1220 4600 Hominum
1251 4545 1392 4616 enim
1438 4543 1594 4616 hujus
1636 4543 1850 4616 mundi,
1891 4543 1982 4616 alii

405 4612 689 4671 elevantur
707 4612 772 4671 ad
800 4618 1016 4682 coelum,
1044 4617 1130 4670 alii
1173 4615 1453 4670 trahuntur
1477 4612 1546 4668 ad
1577 4613 1862 4668 infernum.
1895 4612 1982 4669 Si-

407 4686 562 4741 miles
587 4688 781 4758 quippe
809 4688 1069 4758 similibus
1091 4687 1402 4757 junguntur,
1428 4685 1478 4758 id
1508 4695 1608 4758 est,
1644 4683 1979 4758 bonibonis,

403 4765 458 4810 et
506 4756 629 4812 mali
684 4756 876 4822 malis;
931 4757 1063 4827 justi
1095 4756 1362 4812 homines
1419 4757 1578 4827 justis
1627 4756 1875 4825 Angelis,
1930 4765 1985 4809 et

410 4835 830 4897 transgressores
896 4826 1140 4882 hemines
1197 4826 1676 4897 transgressoribus
1740 4827 1980 4897 angelis;

407 4896 678 4953 scrvi'Dei
718 4899 851 4965 Deo,
879 4900 1018 4953 servi
1049 4898 1245 4952 diaboli
1285 4896 1538 4952 diabolo:
1582 4896 1845 4952 benedicti
1889 4911 1984 4950 vo-

405 4980 594 5040 camur
621 4971 684 5022 ad
730 4986 952 5040 regnum
994 4969 1090 5023 sibi
1143 4976 1383 5036 paratum
1427 4968 1491 5022 ab
1534 4967 1737 5040 origine
1776 4967 1980 5030 mundi,

413 5039 674 5110 maledicti
705 5039 1041 5110 expelluntur
1067 5041 1118 5110 in
1147 5040 1319 5110 ignem
1351 5046 1631 5110 aeternum,
1651 5039 1740 5108 qui
1768 5045 1982 5110 paratus

405 5117 498 5196 est,
512 5109 722 5196 diabolo
741 5107 795 5164 et
810 5107 1264 5196 angeliscjusii!
1273 5109 1394 5196 utili.
1410 5179 1422 5196 Ι
1432 5124 1560 5196 sitv,
1575 5109 1647 5196 ὃς

480 5180 557 5250 (a)
587 5181 727 5234 Bona
757 5179 934 5235 autem
962 5179 1109 5250 regn‘i
1139 5179 1372 5233 ccelestis
1392 5179 1590 5243 dicere,
1617 5179 1699 5234 vel
1723 5180 1978 5248 cogitare,

408 5252 492 5305 vel
535 5253 828 5322 intelligere
861 5261 916 5305 ut
940 5260 1084 5316 sunt,
1118 5251 1296 5304 nullus
1324 5256 1500 5319 potest
1525 5264 1685 5304 carne
1726 5250 1986 5322 vestitus:

409 5323 576 5375 multo
598 5321 737 5376 enim
779 5323 978 5391 majora
1007 5332 1060 5376 et
1087 5322 1304 5375 meliora
1329 5328 1470 5386 sunt,
1504 5335 1661 5391 quam
1692 5321 1990 5389 cogitantur

409 5401 464 5446 et
494 5390 885 5462 intelliguntur;
927 5392 1066 5447 unde
1091 5391 1344 5460 scriptum
1382 5390 1850 5462 es1,quodoeulus
1889 5406 1990 5462 non

412 5462 555 5530 vidit,
583 5461 680 5517 nec
700 5466 838 5520 auris
881 5464 1092 5530 audivit,
1123 5479 1210 5516 nec
1253 5463 1306 5516 in
1353 5478 1438 5516 cor
1483 5461 1698 5516 hominis
1741 5461 1988 5522 ascendit,

411 5615 760 5743 saginanam
780 5623 1024 5675 habentur
1044 5621 1128 5674 lib.
1148 5621 1213 5673 de
1235 5619 1377 5685 Dilig.
1395 5626 1510 5682 Deo,
1531 5629 1638 5683 cap.
1661 5617 1740 5680 l8,
1764 5617 1878 5670 hinc
1898 5615 1988 5670 de-

2081 3085 2193 3142 quae
2238 3071 2543 3141 pra’paravit
2583 3069 2722 3125 Deus
2770 3069 3091 3142 diligentibus
3136 3087 3190 3126 se
3237 3071 3290 3141 (l
3327 3071 3447 3128 Cor.
3493 3089 3551 3142 tt,
3587 3071 3664 3142 9).

2083 3138 2324 3212 Regnum
2346 3138 2596 3210 namque
2640 3141 2730 3196 Dei
2760 3138 2903 3196 omni
2946 3142 3082 3196 fama
3119 3138 3308 3212 majus,
3339 3143 3483 3198 omni
3512 3138 3669 3202 laude

2082 3211 2291 3279 melius,
2324 3212 2467 3266 omni
2514 3212 2733 3267 scicntia
2787 3211 3244 3278 innumerabilius,
3276 3215 3420 3268 omni
3471 3215 3663 3283 gloria,

2080 3298 2198 3352 quae
2226 3290 2456 3351 putatur,
2487 3283 2856 3338 excellentius.
2883 3283 3016 3337 Mala
3047 3284 3207 3338 etiam
3253 3283 3445 3338 inferni
3485 3283 3668 3340 dicere

2080 3354 2162 3407 vel
2209 3353 2466 3424 cogitare,
2499 3363 2560 3407 ut
2607 3363 2752 3416 sunt,
2797 3369 2954 3408 nemo
2998 3363 3210 3420 potest:
3245 3353 3443 3424 pejora,
3471 3353 3668 3424 quippe

2062 3432 2204 3477 'sunt
2235 3423 2386 3494 valde
2423 3438 2580 3492 quam
2608 3425 2926 3492 cogitantur.
2961 3425 3196 3494 Regnum
3224 3425 3400 3494 itaque
3428 3423 3522 3479 Dci
3554 3423 3669 3494 ple-

2081 3509 2207 3548 num
2245 3502 2326 3547 est
2353 3493 2506 3564 lucis,
2539 3503 2593 3548 et
2621 3495 2785 3562 pacis,
2816 3505 2870 3550 et
2907 3493 3200 3555 charitatis,
3231 3503 3284 3550 et
3313 3493 3588 3564 Sapientia:
3612 3504 3668 3551 et

2080 3564 2286 3634 gloria),
2319 3571 2373 3618 et
2401 3562 2714 3628 honestatis,
2746 3574 2799 3619 ct
2841 3565 3154 3633 dulcedinis,
3183 3575 3239 3621 et
3265 3562 3586 3632 dilectionis,
3616 3575 3672 3621 et

2083 3633 2350 3707 melodire,
2375 3634 2683 3707 ctulaititise,
2713 3645 2768 3688 et
2795 3635 3138 3692 beatitudinis
3168 3638 3444 3707 perennis,
3466 3646 3522 3691 et
3556 3651 3673 3691 0m-

2083 3705 2165 3777 nis
2195 3705 2315 3759 boni
2339 3702 2798 3777 ineli'abilis,quod
2830 3722 2928 3760 nec
2955 3707 3058 3761 dici
3107 3702 3204 3762 nec
3231 3702 3450 3777 cogitari
3473 3716 3666 3777 potest.

2084 3776 2149 3829 At
2189 3777 2338 3830 locus
2384 3774 2572 3828 inferni
2618 3775 2806 3840 plenus
2851 3787 2932 3830 est
2974 3774 3667 3845 tenebrarmn,discbrdi:e,

2083 3845 2222 3910 odii,
2264 3845 2543 3916 stultitiae,
2575 3846 2833 3911 miseriae,
2873 3846 3233 3916 turpitudinis,
3277 3848 3668 3915 amaritudinis,

2084 3917 2416 3983 oll‘eusionis,
2461 3915 2681 3980 doloris,
2727 3916 3075 3982 adustionis‘,
3122 3916 3258 3982 sitis,
3307 3918 3481 3982 lamis,
3533 3916 3670 3986 ignis

2086 3987 2553 4058 inexstinguibilis,
2584 3986 2828 4053 tristitiae,
2853 3987 3098 4058 vindictae
3119 3985 3388 4056 perennis,
3408 3995 3468 4058 et
3491 3985 3670 4041 omnis

2086 4058 2367 4112 inell‘abilis
2412 4058 2556 4118 mali,
2586 4059 2725 4127 quod
2765 4074 2863 4114 nec
2915 4057 3019 4113 dici
3062 4073 3162 4113 nec
3200 4057 3419 4127 cogitari
3470 4065 3668 4126 potest.

2084 4127 2238 4200 Cives
2265 4129 2386 4183 ρωΙί
2413 4137 2537 4200 sunt
2565 4128 2695 4195 justi
2726 4128 2968 4184 homines
2993 4136 3051 4184 et
3078 4129 3289 4200 Angeli,
3313 4143 3547 4200 quorum
3577 4143 3670 4182 rex

2085 4209 2169 4254 cst
2201 4199 2345 4252 Deus
2381 4199 2740 4267 omnipotens.
2775 4202 2842 4253 At
2888 4209 3075 4255 contra
3121 4198 3264 4255 cives
3311 4198 3503 4254 interni
3551 4205 3676 4253 sunt

2087 4270 2254 4341 impii
2282 4268 2526 4341 homines
2571 4279 2625 4341 et
2670 4269 2973 4335 daemones,
3026 4285 3253 4341 quorum
3301 4270 3547 4341 princeps
3593 4275 3676 4322 est

2087 4340 2351 4395 diabolus.
2393 4338 2560 4394 Satiat
2598 4339 2773 4408 justos
2814 4342 2946 4395 visio
2986 4338 3289 4395 sanctorum
3320 4339 3592 4393 hominum
3620 4346 3676 4393 et

2086 4410 2433 4480 Angelorum,
2466 4417 2521 4463 ct
2559 4425 2721 4479 super
2749 4411 2922 4464 omnia
2970 4411 3134 4480 ipsius
3175 4410 3286 4480 Dei.
3317 4409 3531 4462 Cruciat
3570 4409 3674 4462 im-

2088 4478 2206 4550 pios
2248 4489 2302 4534 et
2341 4478 2647 4550 peccatores
2699 4480 2833 4533 visio
2879 4479 3151 4550 hominum
3194 4478 3582 4550 dainnatorum
3618 4485 3674 4550 et

2087 4547 2411 4612 diemonuin,
2443 4558 2497 4602 et
2543 4565 2703 4617 super
2742 4550 2915 4602 omnia
2967 4549 3133 4616 ipsius
3176 4547 3391 4617 diaboli.
3445 4547 3587 4600 Nihil
3621 4547 3672 4601 in

2088 4635 2253 4690 regno
2283 4621 2376 4674 Dei
2400 4616 2752 4690 desideratur
2789 4616 3468 4690 quodinonuinveniatur;
3519 4626 3574 4670 at
3621 4617 3674 4672 in

2089 4685 2295 4746 inferno
2341 4688 2470 4742 nihil
2516 4689 2780 4741 invenitur
2806 4685 2962 4756 'quod
2992 4686 3346 4742 desideratur.
3401 4686 3457 4741 In
3507 4702 3676 4756 regno

2089 4762 2182 4816 Dei
2229 4760 2359 4815 nihil
2391 4758 2675 4824 invenitur,
2705 4757 2805 4812 nisi
2846 4757 2987 4828 quod
3035 4758 3226 4827 placet,
3258 4766 3312 4813 et
3339 4756 3590 4822 delectat,
3622 4766 3678 4813 et

2089 4833 2277 4896 satiat;
2310 4838 2365 4885 at
2407 4838 2590 4883 contra
2630 4829 2682 4883 in
2719 4830 2836 4883 lacu
2872 4828 3102 4884 miseria:
3133 4828 3382 4898 perennis
3423 4829 3553 4883 nihil
3593 4830 3674 4898 vi-

2089 4903 2266 4967 detur,
2288 4900 2521 4970 nihilque
2551 4902 2797 4964 sentitur,
2824 4899 2923 4953 nisi
2950 4899 3090 4970 quod
3115 4897 3379 4968 displicet,
3399 4899 3497 4952 nisi
3530 4897 3671 4970 quod

2090 4973 2330 5040 oll‘endit,
2361 4968 2458 5026 nisi
2506 4970 2647 5041 quod
2693 4971 2913 5026 cruciat.
2958 4968 3031 5042 (a)
3056 4969 3112 5025 In
3155 4985 3320 5042 regno
3347 4979 3546 5042 aeterno
3573 4968 3678 5024 erit

2090 5045 2195 5098 vita
2223 5045 2338 5098 sine
2365 5051 2555 5108 morte,
2586 5043 2782 5096 veritas
2802 5043 2917 5097 sine
2938 5041 3140 5102 errore.
3165 5041 3388 5094 felicitas
3413 5041 3528 5094 sine
3557 5054 3678 5108 per-

2093 5116 2413 5170 turbatione.
2438 5113 2609 5169 Omne
2653 5115 2849 5168 bonum
2897 5113 2951 5166 in
2997 5126 3161 5180 regno
3210 5110 3318 5180 Dei_
3349 5109 3600 5180 abundat,
3623 5118 3678 5164 et

2093 5186 2296 5240 nullum
2319 5185 2545 5250 malum;
2575 5200 2733 5239 omne
2759 5185 2952 5238 malum
2977 5183 3028 5236 in
3052 5178 3266 5236 carcere
3289 5178 3485 5250 diaboli
3510 5181 3679 5250 abun-5

2093 5257 2203 5324 dat,
2236 5267 2289 5312 et
2316 5249 2537 5310 nullum
2559 5257 2777 5309 bonum.
2809 5253 2993 5308 Nullus
3024 5251 3272 5324 indignus
3286 5249 3349 5324 Δἰη
3392 5265 3558 5324 regno
3585 5249 3678 5324 Dei

2095 5319 2415 5398 suscipitur;
2468 5326 2643 5382 nullus
2668 5341 2796 5382 vero
2825 5325 3034 5393 dignus,
3066 5319 3242 5376 nullus
3277 5319 3558 5389 justus’ad
3588 5320 3674 5375 in-

2096 5399 2301 5454 l'ernum
2335 5399 2583 5452 trahitur.

2159 5492 2177 5522 ί
2213 5497 2295 5541 Ms.
2324 5490 2611 5547 Victorinus,
2635 5487 2815 5551 fetoris.

2165 5553 2232 5615 (a)
2270 5561 2377 5615 tunc
2396 5552 2563 5615 verba,
2669 5562 2814 5614 regno
2834 5552 3031 5615 aeterno,
3059 5552 3178 5604 etc.,
3195 5542 3674 5615 usque_ad_verbtt_tn,

2099 5602 2470 5679 pertugbatione,
2488 5602 2824 5663 desiderantur
2843 5611 2889 5659 in
2900 5602 3028 5671 Mss;
3044 5602 3422 5671 suut’Augitstin.
3440 5602 3680 5657 Enricibd.

2100 5675 2202 5740 cap.
2221 5675 2297 5726 25.
