4094 6202
398 5626 423 5661 Δ

456 246 567 308 097

457 377 619 423 unum
656 362 802 419 enim
829 368 955 419 sunt
982 363 1035 419 in
1060 363 1197 431 Deo,
1228 370 1283 420 et
1308 377 1414 419 non
1453 363 1624 418 solum
1661 362 1778 420 haec
1813 365 1952 421 inter
1978 379 2037 421 se

457 433 644 505 eadem
686 443 808 489 sunt
858 436 910 489 in
958 435 1100 499 Deo,
1145 436 1237 489 sed
1275 450 1378 489 non
1410 435 1551 489 aliud
1580 446 1881 505 suntquam
1923 438 2034 505 ipse

457 504 633 560 Deus:
670 514 723 560 et
747 506 1013 575 quomodo
1037 507 1263 560 mundus
1295 514 1409 560 erat
1433 508 1481 558 iu
1514 507 1642 570 Deo,
1673 504 1958 574 antequam
1982 508 2031 561 in

455 588 516 629 se
542 576 657 644 ipso
698 586 862 643 essm,
894 593 999 630 non
1029 578 1290 639 tnuudus,
1333 578 1423 630 sed
1460 577 1593 629 Deus
1630 592 1641 627 :
1676 587 1727 630 et
1767 578 2034 646 quomodo

456 645 656 715 ubique
684 654 823 700 totus
851 649 966 701 siue
999 650 1134 713 loco,
1165 663 1384 712 magnus
1417 650 1531 700 sine
1572 645 1865 715 quantitate
1885 690 1899 713 ,
1936 648 2032 701 bo-

455 730 557 786 nus
587 717 701 770 sine
720 718 971 786 qualitate
998 737 1009 771 :
1043 728 1095 771 et
1117 718 1382 786 quomodo
1412 719 1586 769 omnia
1621 727 1857 784 penetrat
1883 735 2034 772 utun-

455 785 523 840 da
548 795 602 841 et
649 785 914 841 immunda
944 790 1059 842 sine
1088 785 1165 840 sui
1200 789 1507 856 pollutione.
1537 788 1591 842 Si
1624 790 1763 840 enim
1805 789 1891 841 lus
1935 790 2031 844 ista

454 857 675 911 visibilis
696 861 869 912 omnia
899 860 1010 913 loca
1035 860 1282 923 illustrat,
1313 870 1361 912 et
1388 858 1717 927 sterquilinia
1749 859 1905 911 etiam
1938 875 2030 926 pe-

453 936 630 982 netrat
658 928 775 985 sine
803 930 986 993 fetore,
1012 940 1063 982 et
1090 931 1203 981 siue
1227 930 1304 981 sui
1338 930 1622 995 pollutione
1646 945 1658 987 ;
1697 938 1891 997 quanto
1916 944 2029 982 ma-

451 996 535 1066 gis
564 998 733 1070 Deus,
775 1000 863 1070 qui
892 1009 972 1053 est
1010 1000 1287 1052 invisibilis
1327 1009 1379 1051 et
1427 996 1871 1053 incommutabilis
1909 999 2026 1065 lux,

454 1068 628 1138 omnia
661 1068 893 1137 penetral
916 1112 929 1134 ,
963 1071 1125 1138 regit,
1157 1071 1402 1133 sustinet,
1430 1070 1742 1133 circumdat,
1779 1071 2026 1137 illustrat,

450 1136 566 1192 sine
592 1136 694 1192 ulla
725 1136 1122 1194 mutatione'vcl
1160 1141 1485 1207 pollutione,
1520 1154 1625 1193 non
1653 1141 1825 1194 solum
1863 1142 2027 1195 coale-

449 1207 550 1261 stia
578 1217 631 1263 et
661 1211 951 1274 terrestria,
983 1209 1075 1264 sed
1104 1212 1265 1263 etiam
1298 1210 1612 1262 infernalia?

524 1276 676 1332 Tunc
705 1279 807 1333 erit
831 1280 1015 1334 electis
1041 1280 1131 1334 Dei
1165 1281 1300 1334 trina
1324 1281 1477 1343 visio,
1508 1280 1557 1333 id
1579 1291 1679 1344 est,
1712 1281 2026 1349 corporalis,

1796 244 2009 310 SCALA
2049 248 2387 311 PARADISI.

2149 368 2320 438 fallaci
2349 364 2625 438 phantasia
2656 363 2972 438 inspicient;
2999 378 3101 436 qua
3134 364 3340 423 visione
3368 366 3527 423 etiam
3556 367 3722 427 hodie

2143 436 2393 492 fruuntur
2421 438 2638 507 spiritus
2665 436 2923 501 iustorum
2965 446 3083 505 post
3124 451 3406 507 corporum
3442 440 3671 497 claustra
3704 460 3719 495 :

2143 518 2196 562 ct
2227 510 2358 581 visio
2389 507 2758 581 intellectualis
2779 549 2793 571 ,
2835 522 2936 577 qua
2965 522 3098 581 puro
3123 511 3317 562 mentis
3342 511 3495 565 oeulo
3525 511 3579 565 in
3614 511 3726 581 spi-

2144 581 2248 633 ritu
2284 579 2448 633 Deum
2478 578 2754 641 videbunt,
2790 587 2841 631 ct
2866 594 2987 631 suas
3015 579 3237 639 animas,
3268 588 3321 632 et
3349 582 3571 635 virtutes
3592 578 3723 636 inti-

2141 665 2272 712 mas,
2303 660 2354 703 et
2382 650 2600 718 spiritus
2641 649 2927 714 angelicis.
2959 647 3107 702 Tunc
3137 648 3372 716 duplices
3413 652 3517 705 Deo
3548 653 3719 708 acturi

2140 731 2264 774 sunt
2297 722 2515 790 gratias,
2541 719 2784 773 videlicet
2812 734 2904 789 pro
2941 734 3034 772 sua
3074 719 3383 790 liberatione
3409 736 3441 775 a
3469 733 3722 790 perpetua

2139 789 2513 851 daniuatione,
2549 800 2601 845 et
2631 805 2724 858 pro
2762 791 3019 842 bonorum
3055 789 3303 842 ineffabili
3343 789 3716 848 retributione.

2140 861 2289 915 Tunc
2330 862 2627 914 communis
2666 860 2903 913 ninnium
2946 877 3067 913 rcus
3097 869 3150 912 et
3192 861 3357 912 hostis
3394 860 3635 916 diabolus
3665 863 3719 917 in

2138 939 2424 999 Conspectu
2452 932 2741 985 electorum
2775 931 2864 984 Dei
2893 931 3247 994 damnabitur,
3272 929 3424 999 cujus
3450 931 3720 985 damnatio

2138 1014 2189 1057 et
2220 1002 2567 1056 intolerabilis
2593 1017 2742 1070 pinna
2768 1001 3080 1055 delectabile
3107 1002 3467 1069 spectaculum
3502 1010 3724 1071 przesta-

2138 1073 2212 1127 bit
2268 1074 2471 1128 electis.
2536 1073 2682 1125 'l‘uuc
2736 1072 3107 1125 ardentissimo
3153 1086 3332 1124 amore
3380 1072 3719 1129 liberatorem

2136 1158 2288 1197 suum
2320 1152 2372 1198 et
2403 1144 2634 1195 oumiuui
2668 1144 2924 1195 bonorum
2947 1141 3186 1196 datorem
3210 1139 3483 1206 amabunt,
3519 1152 3571 1196 ct
3600 1147 3716 1198 sine

2138 1217 2241 1269 line
2281 1225 2334 1268 et
2374 1214 2727 1268 sinefastidio
2753 1214 2987 1267 clamore
3025 1213 3201 1266 cordis
3231 1212 3519 1265 Ιςιιιὼὺηιιι
3552 1214 3715 1269 Deum

2136 1287 2587 1354 omnipotentem,
2624 1285 2905 1353 benignum
2939 1292 2993 1337 et
3036 1283 3467 1337 misericordem:
3501 1284 3581 1354 cui
3616 1284 3685 1338 bo

454 1363 556 1420 qua
599 1364 823 1418 corpora
866 1360 1182 1417 cernentur;
1223 1351 1572 1420 quorumdam
1615 1352 1945 1419 splendentia
1973 1361 2031 1406 ut

448 1418 932 1490 sol,rquorumdam
967 1430 1023 1473 ut
1052 1420 1195 1484 luna,
1226 1418 1449 1474 aliorum
1485 1418 1744 1475 utstella'.
1779 1422 1845 1475 Et
1868 1422 2027 1490 spiri-

451 1489 637 1555 tualis,
666 1506 767 1560 qua
804 1490 1177 1546 similitudines
1209 1506 1495 1561 corporum
1529 1492 1580 1545 in
1623 1493 1808 1559 Spiritu
1839 1489 2028 1547 etnon

2137 1372 2236 1480 xor
2262 1353 2313 1410 et
2334 1356 2501 1426 gloria
2525 1364 2577 1409 et
2600 1370 2737 1407 nunc
2762 1364 2811 1408 ct
2838 1369 2931 1423 per
2952 1357 3129 1409 omnia
3154 1353 3347 1408 secula
3374 1353 3687 1411 sweulorum

2188 1442 2330 1480 tuen.

2188 1442 2330 1480 [DCI].

1284 1677 1735 1741 ADMONITIO
1769 1680 1849 1740 ΙΝ
1894 1680 2194 1742 LIBRUM
2239 1677 2885 1752 SUBSEQUENTEM.

514 1842 628 1898 Hoc
662 1844 977 1914 opusculum
1019 1843 1489 1899 circumferebatur
1530 1843 1688 1897 etiam
1734 1842 1871 1898 inter
1898 1841 2151 1897 Bernardi
2181 1857 2339 1912 opera
2360 1884 2375 1907 ,
2415 1832 2726 1910 inscriptum
2757 1838 2911 1893 Scala
2938 1838 3306 1905 claustralium,
3325 1841 3428 1895 sive
3450 1840 3722 1897 Tractatus

444 1934 507 1989 de
546 1935 695 1987 modo
736 1936 949 2001 orandi;
976 1935 1070 1990 sed
1096 1950 1195 1991 nec
1226 1935 1365 1988 illius
1390 1949 1509 1989 esse
1536 1934 1894 1989 Lovauicnses
1934 1944 2278 2002 censuerunt,
2310 1943 2362 1990 et
2392 1934 2526 1988 bene
2552 1932 2786 2002 quidem.
2817 1931 2871 1986 ln
2900 1931 3085 1987 codice
3119 1932 3261 1987 enim
3294 1932 3390 1988 Ms.
3419 1933 3715 1991 Cartbusite

443 2026 773 2083 Coloniensis
829 2026 1029 2100 (sicuti
1083 2028 1134 2082 in
1189 2028 1369 2081 ultima
1416 2028 1651 2083 editione
1698 2027 1953 2083 Bcrnardi
2007 2038 2248 2084 notatum
2296 2028 2411 2098 est)
2466 2026 2737 2095 prolixam
2776 2027 2936 2083 habet
2968 2027 3246 2096 epistolam
3297 2044 3417 2084 cum
3466 2029 3566 2085 ista
3603 2028 3721 2098 epi-

441 2120 643 2189 graplte
675 2136 689 2173 :
721 2117 954 2190 Epistola
997 2120 1188 2173 domini
1225 2118 1470 2189 Guigonis
1502 2118 1871 2175 Carthasiensis
1899 2120 1967 2173 ad
2010 2124 2218 2191 fratrem
2257 2118 2551 2173 Cervasium
2612 2118 2673 2172 de
2716 2116 2831 2171 Vita
2883 2119 3285 2187 contemplativa.
3327 2118 3525 2173 Dilecto
3573 2118 3723 2187 fratri

442 2226 534 2263 suo
563 2208 804 2264 Cervasio
829 2209 924 2264 Fr.
959 2208 1146 2282 Guigo,
1190 2210 1428 2265 delectari
1452 2212 1505 2264 in
1531 2210 1772 2265 Domino.
1806 2213 1990 2266 Amare
2014 2221 2061 2266 te
2092 2229 2155 2267 ea:
2193 2213 2357 2266 debito
2394 2222 2581 2276 lencor,
2612 2212 2729 2283 quia
2761 2211 2897 2280 prior
2924 2229 3000 2265 me
3034 2228 3207 2265 amare
3234 2212 3479 2282 incwpisti
3498 2229 3515 2276 ;
3551 2221 3597 2266 et
3637 2227 3723 2266 re-

441 2299 654 2355 scribere
692 2299 781 2355 tibi
799 2301 1091 2372 compellor,
1118 2302 1236 2373 quia
1267 2302 1445 2356 litteris
1477 2302 1575 2356 tuis
1599 2304 1665 2356 ad
1688 2303 2003 2357 scribendum
2029 2319 2107 2356 me
2127 2303 2267 2374 prius
2297 2304 2536 2357 invitasti.
2569 2301 2814 2369 Quaedam
2839 2320 2957 2373 ergo
2981 2320 3094 2373 qua:
3118 2304 3180 2356 de
3203 2304 3456 2374 spirituali
3482 2305 3723 2363 exercitio

441 2391 790 2446 claustralium
815 2393 1230 2463 “cogitaveram,
1264 2394 1601 2449 transmittere
1628 2396 1906 2463 proposui;
1929 2402 1983 2448 ut
2002 2395 2090 2464 qui
2118 2395 2243 2447 talia
2272 2394 2575 2463 experiendo
2609 2396 2815 2459 melius,
2841 2409 2994 2465 quam
3034 2411 3125 2465 ego
3154 2397 3441 2463 tractando,
3473 2394 3720 2461 didicisti,

441 2497 665 2536 mearum
684 2481 853 2552 judea:
876 2484 947 2537 sis
990 2484 1353 2553 cogitationum
1390 2493 1438 2537 et
1468 2492 1735 2536 corrector.
1777 2482 1842 2536 Et
1874 2485 2046 2538 merito
2077 2484 2185 2539 Ιηυο
2226 2485 2383 2539 nostri
2420 2484 2604 2537 laboris
2633 2485 2777 2538 initia
2821 2486 2906 2538 tibi
2947 2486 3179 2557 primitus
3219 2486 3395 2555 o/I'ero,
3438 2496 3491 2540 ut
3515 2486 3724 2542 novella:

439 2574 771 2645 plantationis
803 2576 1078 2646 primitivos
1103 2576 1297 2647 [ructus
1317 2574 1562 2648 colligas;
1591 2576 1828 2646 quoniam
1854 2577 1916 2630 de
1940 2577 2171 2630 servitute
2194 2574 2502 2641 Pharaonis,
2521 2586 2566 2630 te
2594 2577 2809 2630 delicata
2834 2578 3102 2632 solitudine
3130 2578 3373 2633 laudabili
3398 2581 3533 2651 furto
3560 2580 3722 2637 surri-

438 2666 598 2733 picns,
628 2664 941 2743 inordinata
976 2677 1260 2722 castrorum
1290 2668 1397 2721 acie
1430 2664 1722 2733 collocasti,
1757 2684 1953 2720 ramum
1990 2670 2053 2720 de
2088 2668 2305 2720 oleastro
2342 2668 2615 2735 artificiose
2652 2668 2872 2721 excisum
2914 2670 3185 2739 prudenter
3218 2672 3442 2725 inserens
3481 2673 3534 2726 in
3559 2672 3715 2726 oliva.

439 2755 572 2812 Tum
603 2758 738 2813 liber
764 2758 949 2828 incipit
976 2774 990 2812 :
1023 2757 1151 2814 Cum
1179 2759 1260 2813 die
1286 2758 1529 2828 quadam,
1570 2766 1673 2812 etc.
1716 2758 1842 2813 Post
1870 2769 2110 2814 extrema
2141 2770 2315 2811 autem
2348 2758 2509 2813 verba
2542 2759 2627 2817 illa
2650 2801 2663 2825 ,
2694 2776 2867 2829 pacem
2903 2761 2955 2814 in
2984 2762 3225 2832 idipsum,
3255 2764 3331 2817 sic
3357 2763 3488 2817 liber
3514 2751 3721 2818 claudl«

438 2856 523 2903 tur
559 2866 572 2902 :
620 2846 700 2903 Tu
727 2865 845 2920 ergo
886 2851 1061 2921 frater,
1094 2851 1166 2903 mi
1195 2849 1402 2903 (ἐρινυαεὶ
1422 2892 1435 2916 ,
1468 2850 1510 2903 si
1552 2849 1754 2919 quando
1782 2849 1956 2902 datum
1997 2849 2083 2903 tibi
2113 2849 2264 2919 fuerit
2298 2851 2511 2921 desuper
2543 2851 2899 2920 prazdiclorum
2938 2853 3188 2924 graduum
3219 2854 3565 2910 celsitudinem
3597 2871 3722 2910 con-

440 2941 704 3010 scendere,
740 2951 992 2998 memento
1031 2942 1164 3008 mei;
1205 2951 1251 2996 et
1296 2957 1387 2996 ora
1426 2957 1517 3012 pro
1566 2957 1662 3007 me,
1709 2957 1827 2994 cum
1864 2940 1983 2995 bene
2020 2941 2173 3011 fuerit
2209 2941 2327 3007 tibi;
2367 2951 2422 2995 ut
2462 2944 2537 2996 sic
2573 2944 2769 2999 cortina
2808 2946 3056 3000 cortinam
3099 2946 3301 3013 trahat,
3333 2959 3379 3002 et
3420 2948 3507 3018 qui
3548 2947 3719 3015 audit,

448 3117 559 3134 ’”
656 3194 671 3201 ‘
1192 3209 1838 3361 SCALA
1939 3210 2952 3410 PARADISI,

1552 3412 2027 3521 LIBER
2123 3411 2565 3522 UNUS.

1747 3594 2391 3649 (ΘΞ-ο-ἲενιςοοβέὲαὶθ

512 3717 737 3777 CAPUT
778 3715 1057 3774 PRIMUM.
1112 3715 1396 3785 Descriptio
1478 3726 1693 3785 quatuor
1761 3715 2008 3784 graduum

444 3790 853 3847 exercitationum
878 3788 1255 3859 spiritualium.
1273 3785 1466 3843 Lectio.
1495 3786 1781 3859 Meditatio.
1811 3785 2006 3859 Oratio.

1378 3116 3705 3143 mm

2115 3744 2366 3817 restabat
2393 3737 3113 3817 eorum_oflicia_videamus.
3157 3741 3335 3817 Beata:
3378 3744 3539 3817 igitur
3583 3746 3707 3804 vitae

2115 3806 2456 3879 dulcedinem
2488 3808 2645 3860 lectio
2674 3808 2921 3879 inquirit,
2959 3812 3229 3865 meditatio
3270 3806 3471 3870 invenit
3493 3859 3506 3879 ,
3534 3820 3707 3874 oratio

444 3860 829 3931 Contemplatio.
862 3855 992 3931 Cum
1014 3859 1099 3915 die
1123 3858 1347 3931 quadam
1374 3858 1636 3931 corporali
1668 3871 1916 3931 manuum
1939 3855 2014 3931 la-

443 3931 572 3989 bore
602 3925 888 4003 occupatus
916 3930 983 3987 de
1008 3925 1295 4003 Spiriiualis
1325 3928 1557 4003 hominis
1586 3925 1840 4003 exercitio
1865 3926 2009 3993 cogi-

445 4011 557 4059 tare
583 3996 886 4071 cmpis'scm,
918 3996 1147 4073 quatuor
1167 3997 1471 4073 spirituales
1496 3996 1691 4073 gradus
1722 3996 1897 4073 animo
1924 4010 2014 4073 c0-

444 4074 629 4143 gitanti
655 4066 712 4128 se
738 4066 913 4127 subito
937 4066 1263 4143 obtulerunt,
1286 4068 1489 4121 scilicet
1512 4066 1689 4143 lectio,
1720 4066 2011 4143 meditatio,

447 4136 617 4197 oratio
644 4151 696 4197 et
723 4141 1121 4210 contemplatio.
1157 4140 1281 4210 lla-c
1310 4145 1392 4193 est
1435 4136 1575 4191 scala
1610 4136 1971 4210 claustralium
1997 4175 2012 4201 ,

446 4228 549 4284 qua
577 4212 644 4268 de
672 4221 815 4284 terra
841 4213 891 4265 in
931 4204 1122 4267 omium
1154 4209 1516 4284 sublevantur,
1545 4207 1799 4284 gradibus
1825 4204 2011 4284 distin-

448 4277 530 4339 (Sta
574 4282 773 4353 paucis,
807 4283 1080 4337 immensm
1110 4289 1284 4334 tamen
1313 4286 1368 4333 et
1397 4277 1723 4353 incredibilis
1753 4277 2016 4353 iiiagrritu-

448 4347 605 4409 ditiis.
636 4347 798 4423 Cujus
825 4361 1066 4408 extrema
1100 4365 1222 4421 pars
1252 4359 1408 4404 terrrc
1440 4349 1614 4423 innixa
1647 4356 1746 4423 est,
1776 4347 2019 4423 superior

449 4439 575 4481 vero
607 4416 773 4480 nubés
804 4431 1065 4493 penetrat,
1094 4416 1147 4477 et
1170 4428 1373 4476 secreta
1398 4420 1653 4473 cmlorutn
1688 4419 1924 4493 rimatur.
1949 4416 2019 4493 _lli

446 4495 639 4566 gradus
669 4487 817 4551 sicut'
837 4492 1139 4566 nominibus
1165 4503 1223 4566 et
1254 4506 1496 4566 numero
1521 4497 1646 4543 sunt
1688 4487 1913 4566 diversi,
1949 4488 2019 4541 ita

447 4560 635 4621 ordine
664 4575 718 4621 et
745 4564 1001 4620 munere‘
1030 4572 1152 4618 sunt
1177 4562 1427 4616 distincti.
1462 4560 1696 4627 Quorum
1729 4560 2019 4628 proprieta-

450 4644 529 4689 tes
555 4644 609 4689 et
636 4636 808 4689 ofﬁcia
834 4635 1045 4704 quidem
1076 4633 1309 4705 singula,
1332 4633 1453 4705 quid
1477 4633 1613 4687 circa
1645 4646 1741 4686 nos
1765 4630 2017 4705 efficiant,

449 4704 717 4772 quomodo
747 4702 884 4760 inter
912 4719 971 4759 se
995 4702 1220 4759 invicem
1261 4703 1506 4757 differant
1532 4713 1584 4757 et
1617 4702 2014 4769 praccmiucaut,

452 4775 494 4844 si
525 4774 642 4843 quis
668 4774 945 4844 diligenter
966 4775 1206 4844 inspiciat
1227 4815 1239 4835 ,
1276 4773 1529 4843 quidquid
1566 4774 1763 4844 laboris
1789 4780 1879 4826 aut
1903 4779 2018 4824 stu-

450 4841 875 4912 tliiimpcnderit
911 4845 962 4896 in
990 4841 1065 4898 eis
1086 4884 1100 4909 ,
1134 4841 1306 4897 breve
1323 4841 1587 4913 reputabit
1623 4852 1675 4897 et
1706 4841 1879 4906 facile,
1913 4855 2022 4913 prte

450 4915 697 4970 utilitatis
715 4913 1083 4967 etdulcediuis
1105 4912 1482 4982 magnitudine.
1516 4914 1609 4966 Est
1638 4925 1812 4968 autem
1842 4912 2019 4975 lectio,

450 4984 633 5040 sedula
668 4984 1057 5051 Scripturarum
1087 4997 1208 5037 cum
1236 4982 1397 5035 animi
1428 4983 1720 5037 intentione
1743 4982 2021 5050 inspectio.

451 5054 723 5111 Meditatio
749 5063 830 5109 est
870 5053 1104 5108 studiosa
1136 5052 1328 5105 mentis
1358 5053 1515 5113 actio,
1541 5054 1761 5106 occulte
1792 5051 2026 5106 veritatis

451 5126 690 5181 notitiam
722 5125 883 5181 ductu
924 5123 1152 5193 propriae
1195 5121 1417 5193 rationis
1462 5123 1801 5191 investigatis.
1846 5121 2027 5175 Oratio

452 5205 534 5251 est
556 5196 745 5252 devota
782 5191 990 5251 cordis'
1020 5192 1243 5259 intentio
1270 5193 1320 5246 in
1356 5191 1542 5255 Deum,
1575 5208 1669 5260 pro
1696 5193 1849 5247 malis
1875 5206 2025 5246 amo-

452 5267 656 5337 vendis,
671 5277 723 5323 et
750 5267 900 5322 bonis
924 5262 1298 5337 adipiscendis.
1314 5261 1707 5337 pontemplatio
1725 5260 2027 5337 cst_m_eut_i_s

453 5335 508 5390 in
531 5336 692 5392 Deum
724 5352 996 5407 suspensa:
1017 5332 1259 5407 quaedam
1282 5334 1527 5401 elevatio,
1552 5332 1769 5389 aeternae
1794 5332 2031 5390 dulcedi-

453 5407 535 5460 nis
555 5407 740 5477 gaudia
768 5408 1073 5477 degustans.

523 5474 748 5532 CAPUT
781 5474 858 5530 ΙΙΪ
877 5476 1154 5549 Descriptio
1182 5476 1456 5549 oﬁiciorum
1496 5483 1720 5549 quatuor
1756 5474 2028 5549 graduum.

454 5548 748 5616 Assiguatis
802 5562 930 5617 ergo
969 5543 1192 5619 quatuor
1212 5543 1519 5619 "graduum'
1551 5543 2030 5615 descriptionibus,

519 5682 532 5712 ¹
572 5679 693 5729 Alias
709 5716 723 5739 ,
747 5678 930 5729 merito.

517 5745 535 5774 ³
570 5744 689 5792 Alias
705 5778 717 5801 ,
741 5743 925 5791 mentis.

2119 3877 2385 3951 postulat,
2420 3878 2799 3951 coiitemplatio
2827 3880 3089 3950 degustat.
3123 3881 3274 3939 Unde
3320 3886 3433 3951 ipse
3458 3877 3713 3945 Dominus

2120 3947 2245 4025 dicit
2266 3947 2555 4025 ,_Qua:rite,
2586 3947 2959 4025 et_iittieniet_is:
2989 3952 3186 4025 pulsate
3214 3963 3261 4007 et
3304 3947 3558 4025 aperietur
3580 3962 3718 4015 vobis

2122 4015 2475 4091 (Mattlt._vt_t,
2506 4018 2579 4085 7).
2629 4018 2850 4091 Quterite
2878 4015 3102 4091 legendo
3121 4065 3134 4088 ,
3168 4033 3215 4076 et
3242 4015 3500 4081 invenietis
3547 4031 3715 4085 Inedi-

2121 4085 2304 4171 tando.
2326 4085 2535 4170 Pulsafe
2549 4089 2769 4171 orando,
2792 4085 3110 4171 etapErietur
3124 4085 3259 4149 uobis
3279 4099 3708 4171 contemplando.

2122 4156 2303 4235 Lectio
2346 4159 2495 4235 quasi
2543 4159 2770 4235 solidum
2802 4156 2980 4235 cibum
3026 4165 3105 4217 ori
3134 4167 3389 4235 apponit;
3437 4156 3715 4225 meditatio

2122 4228 2366 4308 masticat
2391 4238 2444 4308 et
2472 4228 2694 4308 frangit;
2723 4233 2892 4308 oratio
2922 4228 3447 4308 saporem'acquirit;
3474 4252 3717 4296 contem-

2122 4298 2285 4381 platio
2311 4309 2391 4353 est
2420 4300 2530 4381 ipsa
2562 4298 2785 4381 dulcedo
2807 4346 2826 4381 ,_
2854 4298 3331 4381 qtae'jucuudatet
3358 4298 3544 4364 reficit.
3578 4312 3715 4366 Lec-

2122 4371 2199 4423 tio
2239 4371 2296 4446 in.
2330 4371 2559 4446 cortice,
2590 4371 2946 4446 meditatio'in
2978 4371 3161 4446 adipe,
3192 4380 3362 4432 oratio
3384 4380 3433 4433 in
3466 4382 3717 4436 desiderii

2124 4440 2509 4564 postulatione,
2558 4445 2940 4513 contemplatio
2971 4447 3021 4501 in
3049 4440 3254 4514 adepta:
3280 4449 3576 4505 dulcedinis
3619 4453 3717 4506 de-

2145 4512 2425 4564 ectatione.
2472 4512 2623 4564 Ouod
2655 4522 2711 4564 ut
2756 4516 3062 4564 expressius
3109 4517 3277 4564 videri
3322 4520 3515 4564 nosQiL
3550 4536 3713 4564 nnmn

2145 4512 2425 4586 iactatione.
2472 4512 2623 4578 Quod
2655 4522 2711 4565 ut
2756 4512 3062 4582 expressius
3109 4512 3278 4571 videri
3322 4520 3518 4586 possit,
3550 4536 3713 4577 unum

2125 4581 2191 4654 de
2237 4581 2414 4654 multis
2442 4596 2754 4654 supponam
2784 4581 3106 4652 esemplum.
3160 4586 3217 4640 In
3250 4581 3476 4643 lectione
3504 4581 3710 4654 'audio,

2124 4650 2270 4729 Beati
2295 4651 2692 4729 arundoeorde,
2721 4650 2956 4729 quoniam
3000 4656 3097 4729 ipsi
3128 4654 3293 4710 Deum
3336 4659 3574 4713 videbunt
3605 4650 3713 4729 (Id.

2124 4737 2187 4785 ν,
2222 4719 2297 4793 8).
2334 4722 2467 4800 Ecce
2497 4722 2657 4776 breve
2684 4719 2934 4800 verbum,
2988 4719 3079 4800 sed
3129 4741 3291 4781 suave
3341 4738 3394 4782 et
3442 4719 3716 4800 multiplici

2127 4790 2289 4865 sensit
2319 4790 2569 4845 refertum
2596 4834 2609 4858 ,
2639 4792 2704 4845 ad
2733 4803 2939 4861 pastum
2970 4796 3161 4850 anima:
3188 4801 3338 4865 quasi
3369 4815 3526 4855 uvam
3558 4790 3716 4855 inini-

2128 4862 2348 4940 stravit;
2381 4877 2537 4931 quam
2566 4862 3356 4940 ppstquamuanimadiligenter
3384 4870 3709 4940 inspexerit.

2129 4932 2257 4987 dicit
2290 4933 2424 4986 intra
2455 4948 2547 4999 se,
2581 4933 2761 5005 Potest
2806 4934 3003 5004 aliquid
3048 4932 3199 4991 honi‘
3217 4954 3371 5005 esse,
3419 4932 3603 4994 rc'dibo
3647 4941 3712 4995 ad

2130 5017 2223 5091 cor
2253 5018 2430 5057 meum
2453 5043 2467 5067 ,
2512 5004 2807 5091 etotentabo
2837 5006 2879 5059 si
2912 5004 3371 5091 forteintelligere
3398 5012 3718 5091 cuinyeuire

2129 5082 2321 5199 potero
2366 5074 2675 5127 munditiam
2721 5074 2896 5130 hanc:
2931 5079 3159 5146 pretiosa
3190 5074 3330 5134 enim
3364 5093 3417 5135 et
3442 5082 3717 5137 desidera-

2170 5144 2252 5198 ilis
2298 5153 2379 5199 est
2429 5159 2513 5199 res
2544 5146 2638 5199 ista
2661 5186 2675 5199 .
2704 5148 3222 5199 cuius-nossessores
3256 5151 3390 5199 beati
3438 5151 3708 5199 dicuntur-

2170 5144 2252 5220 ilis
2298 5153 2398 5220 est_
2429 5159 2513 5220 res
2529 5146 2638 5220 _ist_a
2661 5186 2675 5212 ,
2704 5144 3222 5219 cujus-possessores
3255 5151 3392 5206 beati
3438 5151 3709 5220 dicuntur,

2133 5214 2323 5284 quibus
2352 5215 2486 5271 visio
2529 5215 2649 5292 Dei,
2678 5233 2812 5292 quae
2838 5214 3048 5292 estvita
3094 5231 3323 5290 aeterna,
3372 5214 3716 5292 promittitur,

2133 5301 2252 5355 qua:
2277 5293 2355 5358 tot
2385 5286 2866 5358 sacrzeScripturaa
2892 5290 3209 5345 testimoniis
3229 5286 3578 5348 collaudatur.
3607 5286 3720 5349 Hoc

2134 5371 2264 5427 ergo
2290 5357 2390 5411 sibi
2428 5357 2641 5433 plenius
2683 5357 2937 5433 esplieari
2985 5360 3329 5429 desiderans,
3375 5364 3556 5433 incipit
3586 5365 3724 5420 hanc

2138 5443 2293 5503 unam
2323 5429 2603 5503 masticare
2628 5438 2681 5503 et
2712 5428 2990 5499 frangere,
3022 5447 3247 5503 eamque
3276 5428 3426 5503 quasi
3448 5428 3503 5489 in
3535 5444 3719 5489 torcu-

2139 5498 2440 5575 lariponit;
2486 5499 2678 5553 deinde
2718 5498 3208 5575 expugnationem
3237 5498 3307 5557 ad
3348 5505 3723 5575 inquirendum

2138 5570 2263 5647 quid
2292 5570 2365 5647 sit
2383 5610 2397 5632 ,
2425 5577 2479 5647 et
2503 5569 2985 5647 qpomodqbaberi
3012 5572 3176 5642 possit
3196 5572 3312 5630 haec
3336 5569 3469 5634 adeo
3494 5577 3727 5647 pretiosa
3804 5604 3817 5619 ι

2141 5651 2193 5698 et
2221 5640 2583 5697 desiderabilis
2611 5640 2887 5696 munditia.

2211 5710 2432 5767 CAPUT
2464 5709 2545 5765 Ill.
2574 5711 2917 5767 Meditationis
2956 5713 3190 5784 alliciunt.
3218 5714 3444 5774 Scientia
3461 5717 3515 5775 in
3534 5716 3683 5777 malis
3701 5757 3722 5793 ,
