4100 6212
571 239 711 312 ιοοδ
1979 241 2341 304 uersuum.

571 356 725 428 cujus
745 353 1156 428 ,quaisiéel'l'eetiis
1182 365 1259 428 est
1291 356 1748 428 contemplationis
1779 357 2022 416 dulcedo.

644 425 871 484 CAPUT
897 425 986 480 XI.
1023 427 1187 490 Quam
1213 425 1637 498 imperfecti'sine
1670 445 1722 482 se
1756 429 1985 483 invicem.
2025 431 2159 487 Con-

3713 263 3888 326 κιαι

2271 363 2432 442 neat?
2458 365 2587 436 Quis
2609 377 2696 442 est
2728 371 2851 428 hic?
2876 379 2930 430 et
2961 374 3295 434 laudabimus
3322 389 3468 436 etim.
3495 379 3648 439 Velle
3681 385 3880 442 multis

573 499 1180 572 reiitjilarititunfelicitas.
1209 497 1286 550 Ex
1317 497 1408 572 his
1426 514 1703 569 possumus
1729 501 1997 572 colligere,
2020 504 2158 572 quod

575 569 736 624 lectio
774 569 888 623 sine
925 569 1264 622 meditatione
1301 569 1445 622 arida
1482 578 1592 635 est,
1629 571 1902 625 meditatio
1932 569 2052 628 sine
2080 574 2159 628 le-

576 642 752 696 ctione
779 655 1020 701 erronea,
1052 640 1221 692 oratio
1250 640 1362 693 sine
1398 640 1738 695 meditatione
1766 642 1960 710 tepida,
1995 644 2162 700 medi-

577 713 706 766 tatio
732 713 844 764 sine
875 711 1112 764 oratione
1145 709 1501 773 infructuosa;
1532 713 1703 765 oratio
1731 728 1848 766 cum
1881 713 2160 769 devotione

574 781 1035 848 contemplationis
1076 782 1417 850 acquisitiva;
1456 783 1916 851 contemplationis
1951 784 2161 852 adoptio

573 853 693 906 sine
731 853 1004 917 oratione,
1036 861 1124 904 aut
1163 867 1281 905 rara
1303 894 1315 915 ,
1349 863 1436 906 aut
1469 854 1801 906 miraeulosa.
1844 855 1981 908 Deus
2020 856 2160 909 enim

574 923 724 990 cujus
748 922 993 990 potentia:
1021 937 1122 976 non
1147 934 1228 975 est
1253 938 1504 976 numerus
1528 925 1612 977 vel
1637 925 1914 988 terminus.
1939 936 1992 980 et
2015 925 2162 994 cujus

575 993 939 1066 misericordia
982 995 1345 1066 stipmf_oiiitiia
1380 1009 1537 1066 opera
1571 995 1724 1066 ejus,
1757 993 2160 1066 quandoqueiex

574 1063 835 1132 lapidibus
866 1064 1083 1116 suscitat
1112 1064 1244 1116 lilios
1273 1065 1518 1130 Abralne,
1549 1065 1671 1118 dum
1701 1066 1863 1118 duros
1893 1077 1944 1118 et
1972 1063 2161 1122 nolen-

577 1142 658 1188 tes
684 1135 1020 1207 acquiescere
1046 1138 1184 1207 cogit
1213 1145 1271 1187 ut
1299 1135 1462 1188 velint
1494 1153 1505 1186 :
1531 1145 1580 1188 et
1614 1137 1692 1207 ita
1712 1137 1857 1202 quasi
1891 1137 2158 1207 prodigus,

574 1215 634 1260 It
661 1207 820 1274 vulgo
849 1206 949 1258 dici
984 1205 1143 1276 solet,
1179 1207 1365 1276 bovem
1402 1222 1565 1259 cornu
1597 1206 1787 1272 trahit,
1819 1209 2028 1276 quando
2050 1205 2161 1262 non

576 1285 795 1330 vocatus
835 1292 892 1329 se
930 1275 1174 1329 infundit.
1221 1275 1370 1341 Quod
1413 1277 1510 1330 etsi
1551 1275 1861 1346 quandoque
1901 1279 2162 1347 aliquibus

575 1347 800 1416 legimus
826 1347 1144 1416 contigisse,
1176 1357 1230 1400 ut
1267 1347 1431 1400 Paulo
1459 1356 1510 1400 et
1539 1348 1846 1416 quibusdam
1880 1349 2026 1410 aliis;
2059 1365 2162 1403 non

577 1426 753 1470 tamen
782 1417 901 1471 ideo
927 1417 1181 1470 debemus
1211 1432 1306 1470 nos
1336 1418 1482 1486 quasi
1522 1419 1683 1471 Deum
1714 1420 1962 1472 tentando
1989 1420 2162 1474 divina

579 1503 931 1558 praesumere,
967 1487 1057 1560 sed
1096 1488 1269 1560 facere
1304 1489 1537 1560 quodad
1572 1505 1665 1541 nos
1697 1491 1958 1557 pertinet,
1990 1490 2165 1560 legere

579 1560 780 1613 scilicet
805 1568 854 1612 et
884 1558 1124 1611 meditari
1158 1560 1207 1611 in
1237 1560 1348 1627 lege
1379 1559 1503 1623 Dei;
1533 1575 1686 1612 orare
1710 1563 1723 1590 ¹
1756 1560 1925 1628 ipsum
1948 1602 1960 1623 ,
1994 1558 2164 1615 utad-

573 1628 723 1700 juvet
766 1630 1122 1700 infirmitatem
1169 1638 1437 1695 nostram,
1485 1639 1536 1700 et
1580 1630 1752 1683 videat
1797 1630 2163 1698 imperfectum

577 1699 818 1754 nostrum
855 1718 867 1751 :
901 1699 1040 1766 quod
1071 1701 1180 1768 ipse
1209 1699 1364 1754 docet
1391 1716 1483 1752 nos
1517 1699 1711 1762 facere,
1745 1700 1948 1768 dicens,
1986 1701 2161 1765 Petita,

578 1779 623 1823 et
649 1771 903 1841 accipietis
925 1786 941 1830 ;
967 1773 1190 1837 qum-ite,
1219 1779 1262 1822 t't
1288 1772 1578 1836 invenietis;
1603 1771 1815 1841 pulsate,
1844 1782 1888 1824 et
1915 1774 2166 1839 aperietur

576 1841 714 1894 vobis
745 1839 954 1910 (Matth.
988 1857 1080 1898 vit.
1113 1841 1188 1910 7).
1220 1841 1369 1894 Nunc
1399 1843 1538 1893 enim
1571 1839 1776 1910 regnum
1805 1843 2040 1895 αιτιοι-ηυξ
2070 1845 2165 1896 υἰηι

575 1909 790 1982 patitur,
825 1921 870 1964 et
897 1911 1099 1964 violenti
1127 1909 1330 1979 rapiunt
1359 1912 1487 1964 illud
1515 1912 1531 1982 (
1564 1909 1648 1963 Itl.
1683 1929 1753 1975 x1,
1791 1912 1899 1981 19.).
1936 1913 2071 1968 Ecce
2101 1930 2166 1969 ex

574 1981 907 2056 praesignatis
933 1981 1358 2056 distinctionibus
1384 1981 1863 2056 perspici‘possunt
1889 1984 2166 2056 pricdicto-

573 2051 693 2111 rum
728 2052 986 2125 graduum
1021 2052 1373 2126 proprietates
1389 2051 1671 2127 quomodo
1703 2053 1802 2114 sibi
1833 2053 2162 2127 cohaareant,

573 2134 631 2182 et
668 2127 792 2195 quid
823 2128 1011 2196 singuli
1044 2129 1095 2181 in
1131 2128 1280 2180 nobis
1311 2127 1560 2182 efﬁciant.

647 2197 854 2270 Beatus
882 2197 1041 2270 homo
1083 2200 1231 2265 cujus
1273 2200 1479 2252 animus
1509 2214 1543 2253 a
1574 2199 1780 2254 cmteris
1814 2199 2037 2270 negotiis
2071 2215 2164 2256 va-

573 2285 728 2333 cuus,
760 2271 810 2322 in
842 2267 924 2322 his
952 2278 1176 2340 quatuor
1204 2271 1452 2339 gradibus
1484 2271 1681 2324 vorsari
1711 2267 1922 2340 semper
1951 2271 2166 2326 deside-

573 2349 689 2412 rat,
722 2340 806 2412 qui
848 2337 1073 2394 venditis
1110 2337 1369 2394 universis
1407 2357 1524 2410 qua:
1563 2341 1774 2403 habuit,
1815 2337 1945 2397 emit
1978 2358 2162 2412 agrum

575 2409 725 2484 illum
747 2452 758 2470 ,
793 2411 842 2484 in
874 2427 980 2480 quo
1016 2411 1142 2464 latet
1178 2409 1457 2484 thesaurus
1487 2412 1850 2469 desiderabilis
1881 2409 2158 2484 (ldfxut,

574 2480 702 2548 44);
733 2482 935 2536 scilicet
962 2497 1148 2536 vacare
1179 2493 1230 2536 et
1261 2483 1438 2537 vidch
1465 2499 1621 2552 quam
1659 2485 1835 2537 suavis
1863 2480 1945 2538 est
1985 2485 2163 2537 Domi-

573 2565 707 2614 nus;
737 2553 823 2619 qni
854 2553 903 2603 in
934 2554 1102 2621 primo
1135 2553 1300 2620 gradu
1329 2556 1681 2618 exercitatus,
1713 2555 1763 2606 in
1796 2555 2028 2607 secundo
2058 2555 2165 2607 cir-

575 2631 940 2692 cumspectus,
971 2623 1020 2674 in
1051 2623 1207 2675 tertio
1233 2624 1485 2690 devotus,
1515 2625 1566 2678 in
1595 2634 1782 2692 quarto
1809 2639 1967 2692 supra
1999 2639 2056 2677 se
2084 2625 2164 2678 le-

573 2691 981 2762 vatus,_perhas
1003 2693 1340 2748 asciensiones
1358 2709 1488 2761 qilas
1511 2695 1560 2747 in
1584 2691 1746 2747 Corde
1767 2710 1863 2748 suo
1882 2691 2160 2762 disposuit,

575 2760 815 2814 ascendit
850 2761 915 2813 de
953 2763 1144 2814 virtute
1184 2763 1234 2815 in
1276 2760 1556 2828 virtutem,
1589 2764 1757 2817 donec
1787 2760 2161 2818 videatDeum

571 2829 878 2903 deprumin
914 2830 1058 2882 Sion.
1103 2831 1292 2884 Beatus
1331 2832 1413 2903 cui
1456 2834 1510 2886 in
1551 2834 1651 2885 hoc
1691 2849 1937 2902 supremo
1963 2835 2160 2903 gradu,

575 2900 662 2953 vel
693 2899 899 2974 modico
927 2909 1164 2974 tgnpore
1191 2902 1500 2974 conceditur
1532 2899 1772 2966 manere;
1803 2905 1889 2974 qui
1919 2899 2042 2960 vere
2071 2899 2163 2972 po-

575 2979 683 3043 test
711 2969 888 3043 dicere
910 3012 922 3033 ,
962 2969 1099 3025 Ecce
1125 2973 1308 3043 sentio
1347 2973 1566 3043 gratiam
1611 2969 1850 3040 Domini,
1883 2991 2007 3028 ecce
2042 2969 2163 3029 cum

575 3040 737 3095 Petro
765 3049 817 3095 et
845 3040 1047 3116 Joanne
1087 3042 1308 3116 gloriam
1339 3040 1452 3112 ejus
1493 3045 1546 3116 in
1585 3052 1766 3099 monte
1795 3046 2158 3116 contemplor,

574 3125 703 3184 ecce
727 3127 846 3184 cum
874 3111 1037 3184 Jacob
1076 3111 1386 3182 plerumque
1427 3115 1671 3169 llachelis
1705 3111 2036 3184 amplexibus
2065 3117 2160 3172 de-

573 3181 760 3256 lector.
788 3183 894 3236 Sed
923 3194 1101 3256 caveat
1131 3185 1230 3256 sibi
1260 3181 1386 3256 iste,
1417 3201 1484 3242 uc
1517 3199 1633 3256 post
1661 3181 2160 3255 contemplationem

573 3252 753 3318 istam,
782 3269 882 3323 qua
912 3253 1145 3308 elevatus
1173 3253 1331 3309 fuerit
1359 3252 1529 3325 usque
1551 3257 1615 3310 ad
1645 3259 1830 3324 caelos,
1865 3252 2163 3312 inordinate

574 3337 702 3378 casu
741 3334 1155 3396 corruatusque
1192 3326 1258 3396 ad
1294 3325 1515 3396 abyssos
1547 3345 1557 3379 :
1593 3344 1690 3381 nec
1723 3338 1838 3394 post
1877 3327 1968 3381 Dei
2003 3328 2161 3381 visio-

576 3409 698 3448 nem
716 3396 737 3426 ⁸
761 3395 826 3448 ad
854 3395 1079 3446 lascivos
1102 3395 1280 3447 mundi
1308 3395 1455 3449 actus
1477 3405 1529 3450 et
1549 3398 1724 3450 carnis
1748 3398 2023 3451 illecebras
2045 3413 2165 3452 con-

578 3472 830 3518 vertatur.
855 3463 988 3517 Cum
1011 3480 1138 3518 vero
1160 3465 1350 3517 mentis
1373 3465 1616 3519 humana:
1641 3467 1782 3521 acies
1805 3469 2030 3528 inlirma,
2053 3467 2164 3522 veri

578 3533 795 3606 luminis
825 3534 1237 3606 illustrationein
1264 3534 1458 3588 diutius
1497 3536 1759 3591 sustinere
1793 3552 1898 3590 non
1937 3539 2161 3606 poterit,

575 3603 646 3658 ad
674 3605 898 3673 aliquem
928 3606 1085 3675 trium
1113 3605 1399 3674 graduum,
1433 3621 1526 3675 per
1554 3622 1688 3675 quos
1713 3603 2051 3668 ascenderat,
2085 3609 2161 3662 le-

578 3676 717 3728 viter
751 3684 811 3728 et
847 3674 1086 3730 ordinate
1127 3674 1446 3742 descendat;
1483 3685 1536 3731 et
1573 3674 1873 3730 alternatim
1915 3679 2071 3731 modo
2110 3678 2164 3732 in

577 3760 709 3810 uno,
740 3746 898 3798 modo
929 3747 979 3800 in
1010 3746 1197 3810 altero,
1233 3747 1521 3801 secundum
1555 3749 1767 3801 modum
1791 3749 1810 3778 ³
1843 3749 1995 3802 liberi
2021 3749 2164 3802 arbi-

581 3817 666 3870 trii
697 3831 792 3886 pro
819 3818 1020 3872 ratione
1048 3819 1148 3872 loci
1175 3829 1226 3872 et
1255 3820 1505 3886 temporis
1529 3819 1854 3881 demoretur,
1886 3829 2030 3873 tanto
2054 3819 2163 3886 jam

579 3887 690 3958 Deo
717 3887 954 3949 vicinior,
981 3897 1176 3957 quanto
1198 3905 1225 3940 a
1249 3891 1420 3958 primo
1444 3890 1608 3958 gradu
1633 3890 1905 3944 remotior.
1933 3889 2037 3945 Sed
2062 3890 2165 3946 heu

578 3956 779 4026 fragilis
809 3966 862 4012 et
901 3956 1213 4012 miserabilis
1252 3956 1478 4013 humana
1516 3960 1784 4016 conditio!
1829 3961 1966 4015 Ecce
2004 3960 2164 4015 ductu

579 4029 802 4102 rationis
836 4038 888 4082 et
925 4028 1315 4102 Scripturarum
1353 4031 1668 4084 testimoniis
1708 4041 1888 4102 aperte
1927 4033 2165 4086 videmus

579 4097 635 4169 in
665 4098 747 4169 his
775 4106 1002 4169 quatuor
1026 4099 1276 4167 gradibus
1304 4100 1454 4152 bonne
1481 4102 1602 4153 vitae
1635 4097 2012 4169 perfectionem
2038 4117 2166 4156 cono

580 4167 758 4226 tineri,
788 4176 843 4220 et
872 4166 1040 4236 inhis
1060 4169 1347 4236 spiritualis
1380 4169 1607 4223 hominis
1633 4166 1942 4224 exercitium
1970 4172 2166 4226 debere

579 4237 802 4291 versari.
841 4235 944 4290 Sed
984 4235 1102 4306 quis
1137 4246 1218 4291 est
1251 4238 1340 4306 qui
1376 4237 1515 4294 hunc
1548 4241 1759 4296 vivendi
1792 4242 2053 4296 tramitem
2082 4251 2164 4298 te-

646 4365 664 4429 !
699 4363 822 4429 Alias
860 4365 938 4416 hic
969 4366 1186 4429 additur,
1212 4367 1286 4419 rel
1307 4383 1488 4421 amare.

643 4427 666 4492 ξ
698 4425 849 4492 Alias,
883 4433 986 4492 post
1007 4425 1189 4492 factum
1209 4430 1542 4484 visitationem.

617 4545 619 4548 η
644 4488 667 4522 ⁸
699 4487 839 4552 Alias,
859 4487 1052 4541 malum.

2271 433 2908 527 adjaeet‘ﬁedperﬁcere
2942 449 3140 516 paucis.
3173 449 3239 504 Et
3267 433 3467 508 utinam
3491 433 3876 527 ddisti;-

2271 514 2346 560 eis
2372 523 2609 567 essemus
2639 514 2651 567 ι

2342 577 2566 665 C‘APIFJ'T
2605 583 2718 665 ΧΠ.
2755 586 2985 654 Quatuor
3013 607 3178 646 causa
3209 592 3270 647 ab
3304 595 3383 649 Itis
3418 594 3659 665 gradibus
3696 606 3872 654 retra-

2273 647 2461 734 hentes.
2491 647 2828 734 Sunt_autein
2855 671 3081 734 quatuor
3105 678 3281 718 causa:
3309 647 3870 734 qumairetiraliunt'

2274 721 2582 802 plerumque
2611 727 2677 780 ab
2707 729 2820 783 istis
2852 721 3124 800 gradibus,
3157 721 3381 802 scilicet,
3403 721 3736 793 inevitabilis
3764 721 3865 796 iiél

2272 796 2521 876 cessitasl,
2546 796 2782 876 honestae
2807 796 3031 876 actionis
3058 796 3276 871 utilitas,
3303 796 3532 862 humana
3560 809 3862 876 inﬁrmitas,

2272 863 2554 939 mundialis
2587 871 2806 924 vanitas.
2837 872 3009 926 Prima
3041 885 3124 931 est
3147 863 3484 939 excusabilis,
3518 880 3748 934 secunda
3763 863 3864 935 161

2271 930 2700 1018 leralnlilsntertia
2729 930 3600 1018 iniserabiliquuartaculpabilis:
3616 930 3865 1007 iiii—reid-

2271 1003 2497 1084 Pahil‘is?
2531 1009 2634 1062 lllis
2664 1011 2802 1084 enim
2833 1029 2966 1079 quos
2997 1003 3298 1084 huiusmodi
3329 1003 3615 1074 no'visSiina
3637 1003 3861 1076 tota",

2273 1081 2455 1127 saneto
2485 1082 2751 1148 preposito
2779 1086 3015 1147 retrahit,
3046 1081 3234 1142 melius
3259 1098 3373 1143 erat
3397 1091 3613 1158 gloriam
3641 1093 3731 1146 Dei
3756 1108 3860 1147 non

2273 1159 2815 1227 cognoscere,_quani
2844 1167 2960 1227 post
2990 1160 3219 1226 agnitum
3252 1169 3396 1214 retro
3426 1162 3521 1216 ire.
3553 1162 3717 1227 Quam
3757 1164 3861 1216 nti~

2273 1230 2376 1297 quo
2415 1223 2807 1297 excusationem
2841 1223 3054 1280 habebit
3086 1230 3185 1284 iste
3214 1230 3282 1283 de
3320 1223 3782 1297 peccato‘l'Nonnc
3809 1235 3858 1288 ei

2268 1293 2410 1369 juste
2442 1293 2818 1369 potestdieere
2850 1297 3138 1363 Dominus,
3168 1293 3494 1366 Quid'debui
3527 1303 3619 1356 tibi
3650 1302 3853 1369 facere,

2274 1364 2324 1442 et
2348 1374 2457 1442 pou
2489 1361 2628 1415 feci?
2658 1364 2781 1442 Non
2802 1382 2940 1432 eras,
2971 1378 3021 1422 et
3047 1361 3221 1442 creari
3253 1379 3338 1434 te;
3373 1375 3636 1442 peccasti,
3663 1383 3717 1427 et
3743 1361 3853 1427 dia;

2275 1425 2380 1480 boli
2401 1444 2627 1509 .servum
2649 1446 2716 1509 _te
2757 1425 2991 1509 ieceras,
3023 1449 3076 1494 et
3114 1425 3426 1506 redemi'tei
3459 1425 3511 1497 in
3544 1425 3724 1497 nuindi
3751 1425 3854 1498 cir-

2273 1504 2472 1580 Clttlrlilu
2501 1517 2617 1580 eum
2646 1504 2822 1574 impiis
2847 1510 3116 1575 currebas,
3143 1520 3197 1566 et
3225 1513 3356 1580 elegi
3386 1504 3463 1576 te;
3492 1515 3739 1569 dederam
3766 1515 3853 1568 tibi

2274 1575 2494 1651 gratiam
2528 1575 2577 1626 in
2607 1589 2892 1647 conspectu
2912 1596 3062 1654 ineo,
3093 1594 3146 1654 et
3171 1575 3414 1654 volebam
3443 1585 3618 1639 facere
3644 1585 3780 1654 apud
3807 1594 3854 1639 le

2276 1650 2626 1708 mansionem,
2663 1656 2717 1700 tu
2743 1664 2869 1702 vero
2893 1650 3178 1718 despexisti
3208 1669 3311 1717 me,
3339 1664 3391 1708 et
3421 1673 3526 1708 non
3551 1650 3721 1710 solum
3747 1670 3854 1709 ser-

2275 1725 2459 1792 mones
2489 1730 2669 1792 meos,
2701 1720 2796 1773 sed
2828 1736 2911 1774 me
2942 1721 3112 1789 ipsum
3147 1725 3414 1792 projecisti
3447 1735 3739 1780 retrorsum
3761 1765 3775 1787 .
3807 1735 3854 1780 et

2275 1782 2556 1861 ambulasti
2585 1798 2700 1856 post
2727 1782 3184 1861 concupiscentiae
3211 1782 3350 1849 tuas.
3380 1797 3503 1854 Sed.
3533 1813 3566 1850 0
3595 1797 3733 1851 Deus
3762 1782 3852 1851 bo-

2276 1867 2342 1937 ιξο
2362 1893 2375 1916 ›
2408 1858 2582 1937 suavis
2609 1870 2660 1912 et
2689 1862 2864 1937 mitis,
2896 1858 3099 1917 amicus
3125 1865 3296 1937 dulcis
3316 1905 3330 1930 ,
3367 1867 3702 1921 consiliarius
3732 1883 3851 1935 pru-

2274 1920 2440 2004 dens;
2472 1927 2681 2006 adjutor
2713 1920 2896 2006 fortis:
2926 1950 3095 2006 quium,
3120 1920 3470 2001 inhumanus,
3502 1920 3660 2006 quam
3691 1920 3852 1991 teme-

2274 2002 2442 2074 rarius
2472 2009 2552 2074 est
2577 2002 2666 2068 qui
2699 2011 2750 2055 te
2782 2003 2982 2071 abiicit,
3009 2005 3099 2074 qui
3128 2015 3232 2060 tam
3262 2002 3536 2069 humilem,
3570 2018 3676 2062 tam
3708 2024 3852 2060 man-

2274 2072 2479 2147 suetum
2509 2069 2767 2139 bOSpitem
2792 2087 2819 2127 a
2849 2069 2948 2130 ouo
2969 2069 3130 2147 corde
3159 2078 3395 2146 repellit!
3421 2078 3468 2141 Ο
3492 2093 3650 2147 quam
3681 2078 3852 2132 infelix

2275 2148 2328 2192 et
2351 2134 2996 2218 damnosa-commutatio,
3019 2134 3328 2206 Creatoi'em
3353 2134 3784 2218 suum'abjieere,
3807 2159 3854 2202 et

2274 2223 2462 2278 pravas
2487 2218 2774 2293 neruisque
2785 2222 3140 2293 cogitationes
3158 2221 3426 2293 recipere!
3452 2219 3580 2279 Illud
3596 2220 3764 2293 etiam
3785 2233 3856 2293 se;

2272 2292 2474 2365 cretum
2504 2289 2677 2343 cubile
2693 2292 2930 2365 Spiritus
2959 2296 3156 2361 sancti,
3191 2289 3454 2350 secretum
3483 2290 3686 2360 cordis,
3718 2289 3853 2365 quod

2274 2355 2428 2432 paulo
2459 2367 2580 2430 ante
2605 2355 2910 2416 ccclestibus
2937 2355 3510 2433 gaudiisintcndebat,
3547 2379 3654 2420 tam
3677 2355 3853 2421 subito

2273 2438 2560 2506 immundis
2585 2433 3000 2506 cogitationibus
3035 2446 3088 2488 et
3125 2438 3358 2506 peccatis
3399 2437 3608 2492 tradere
3640 2438 3853 2491 concul-

2271 2495 2529 2577 candinn!
2568 2495 2757 2577 Adhuc
2797 2504 2849 2559 in
2887 2506 3048 2577 corde
3083 2495 3260 2562 calent
3301 2510 3478 2576 sponsi
3519 2509 3770 2577 vestigia;
3805 2517 3854 2563 et

2267 2580 2375 2644 jam
2406 2575 2825 2644 intromittuntur
2851 2576 3145 2632 adulterina
3176 2575 3460 2633 desideria.
3497 2578 3631 2633 Male
3660 2575 3851 2633 ξείνω-ε-

2274 2641 2424 2719 uicus
2463 2650 2516 2693 et
2559 2641 2864 2719 indecorum
2895 2661 2990 2719 εει
3031 2663 3185 2703 aures
3225 2665 3344 2719 quin
3386 2649 3543 2704 modo
3579 2649 3852 2703 audierunt

2271 2708 2430 2789 verba
2457 2726 2576 2789 qua:
2607 2729 2712 2789 non
2741 2716 2862 2789 licet
2889 2718 3088 2773 homini
3117 2708 3259 2789 loqui
3287 2721 3352 2784 (ll
3379 2720 3494 2774 Cor.
3529 2735 3618 2777 xu,
3649 2721 3725 2786 4),
3751 2729 3849 2774 tam

2271 2782 2387 2856 cito_
2416 2782 2654 2838 inclinari
2687 2788 2760 2839 ad
2802 2789 3006 2844 fabulas
3041 2799 3097 2844 et
3131 2782 3488 2845 detractiones
3527 2782 3844 2856 audiendas;

2269 2847 2473 2930 oculos,
2508 2856 2593 2921 qui
2629 2859 2793 2930 sacris
2822 2859 3071 2930 lacrymis
3103 2862 3260 2915 modo
3290 2862 3535 2930 haptizati
3566 2871 3737 2925 erant,
3768 2847 3848 2913 re;

2273 2928 2428 3001 pente
2472 2929 2710 3001 converti
2734 2929 2815 3001 ad
2859 2928 3110 2985 videndus
3148 2928 3440 2994 vanitates;
3479 2934 3710 3001 linguam
3739 2943 3849 3000 qua:

2271 2991 2428 3082 modo
2469 2995 3058 3082 dulce.epithalamium
3094 2991 3501 3068 decantaverat,
3533 2991 3849 3082 «fuas-igriitis

2270 3070 2700 3142 et‘persuasoriis
2727 3071 2950 3142 eloquiis
2973 3074 3083 3128 suis
3107 3089 3225 3127 cum
3249 3088 3446 3142 Sponso
3467 3070 3847 3128 reconciliare-

2270 3139 2352 3215 lj-j}
2375 3147 2658 3215 sponsam,
2685 3149 2742 3193 et
2767 3141 3132 3198 introduxerat
3157 3139 3350 3198 eam—in
3379 3144 3568 3200 cellam
3599 3144 3848 3196 vinariam

2271 3200 2438 3284 (tiam.
2465 3221 2518 3271 ιι,
2545 3207 2625 3284 4),
2647 3211 2835 3264 iterum
2857 3216 3092 3268 converti
3120 3215 3185 3268 ad
3209 3230 3341 3269 vana
3363 3215 3594 3284 eloquia,
3619 3215 3684 3268 ad
3708 3228 3850 3268 scur.

2270 3274 2527 3348 rilitates,
2562 3279 2630 3333 ad
2673 3284 3096 3338 concinnandum
3143 3285 3331 3348 dolos,
3371 3286 3438 3339 ad
3467 3274 3846 3340 detractiones.

2269 3344 2422 3424 Absit
2450 3362 2479 3400 a
2511 3351 2684 3424 nobis,
2719 3352 2962 3424 Domine.
2994 3356 3098 3410 Sed
3125 3357 3168 3410 si
3197 3344 3330 3410 forte
3358 3371 3420 3410 ex
3453 3355 3682 3410 humana
3708 3355 3851 3409 infir-

2271 3419 2453 3495 mitate
2477 3419 2543 3472 ad
2571 3422 2690 3475 talia
2718 3423 3002 3479 dilabimur
3022 3469 3035 3492 ,
3069 3442 3174 3480 non
3205 3427 3323 3481 ideo
3348 3426 3694 3495 desperemus
3715 3465 3728 3488 ,
3761 3425 3849 3479 sed

2270 3493 2475 3567 iterum
2500 3505 2834 3567 recurremus
2865 3495 2929 3550 ad
2966 3499 3281 3551 clementem
3320 3493 3614 3564 medicum,
3645 3497 3735 3567 qui
3762 3511 3850 3551 su-

2269 3559 2425 3638 scitat
2445 3559 2512 3614 de
2537 3568 2681 3638 terra
2694 3565 2932 3638 inopem,
2961 3578 3012 3621 et
3037 3569 3190 3637 erigit
3213 3569 3281 3623 de
3306 3577 3543 3623 stercore
3570 3559 3849 3638 pauperem

2272 3625 2442 3768 ἓΡεηΙ.
2483 3645 2621 3698 cxn,
2655 3637 2709 3706 7)
2743 3654 2754 3688 :
2787 3625 2842 3690 et
2873 3625 2962 3705 qui
3000 3655 3102 3692 non
3117 3625 3256 3693 vvult
3297 3648 3522 3693 mortem
3565 3625 3851 3706 peccatoris

2297 3695 2482 3754 Ezec/t.
2515 3719 2702 3768 χχχιιι,
2733 3707 2842 3768 Η),
2873 3709 3061 3763 iterum
3093 3710 3300 3764 curabit
3325 3719 3378 3764 et
3405 3710 3612 3764 sanabit
3641 3724 3758 3763 nos.

2297 3695 2482 3776 Egeo/t.
2515 3695 2702 3769 xxxii",
2733 3707 2842 3776 ll),
2873 3695 3061 3763 iierum
3093 3710 3300 3764 curabit
3325 3719 3378 3764 et
3405 3695 3612 3764 sanabit
3641 3724 3758 3763 nos.

2342 3769 2458 3824 Jam
2487 3782 2694 3849 tempus
2719 3769 2880 3832 estut
2903 3780 3142 3848 epistola:
3168 3784 3324 3834 linem
3348 3781 3703 3849 imponamus.
3727 3778 3854 3832 Ore-

2271 3855 2390 3895 mus
2409 3857 2537 3920 ergo
2561 3847 2745 3911 Deum,
2770 3857 2828 3902 ut
2851 3847 3225 3920 impedimenta
3249 3867 3368 3920 qua:
3390 3847 3486 3904 nos
3506 3853 3573 3904 ab
3594 3851 3709 3918 ejus
3730 3864 3856 3904 con.

2272 3913 2615 3990 tneinplationc
2645 3913 2955 3983 retrahunt,
2989 3923 3038 3974 in
3069 3913 3316 3990 praesenti
3349 3923 3502 3975 nobis
3533 3913 3769 3990 mitiget,
3802 3920 3854 3974 in

2271 3982 2450 4061 futuro
2472 3989 2620 4043 nobis
2643 3992 2850 4059 penitus
2872 3982 3112 4046 aul‘erat‘:
3133 3993 3220 4061 qui
3247 4008 3339 4060 per
3361 3982 3854 4061 praediCtos'gmdus

2272 4053 2337 4132 de
2365 4057 2556 4113 virtute
2587 4053 2909 4132 in'virtutein
2942 4077 3039 4116 nos
3066 4053 3321 4132 perducat
3341 4053 3551 4126 [donec
3580 4053 3854 4132 videamus

2273 4130 2436 4186 Deum
2467 4133 2686 4187 deorum
2719 4134 2769 4186 in
2801 4131 2924 4187 Sion
2958 4130 3140 4204 (Paul.
3172 4149 3405 4199 Lxxxut,
3447 4135 3535 4202 8).
3569 4132 3669 4187 Ubi
3699 4130 3855 4185 electi

2273 4217 2376 4255 non
2401 4206 2666 4271 guttatim,
2689 4219 2794 4258 non
2822 4205 3174 4273 interpolatim
3201 4205 3496 4273 percipient
3514 4204 3705 4257 divina:
3726 4215 3856 4255 con-

2275 4276 2631 4344 templationis
2660 4275 3027 4335 dulcedinem;
3059 4276 3154 4330 sed
3187 4284 3419 4328 torrente
3449 4274 3730 4344 voluptatis
3767 4273 3854 4325 in-

2273 4348 2594 4424 desinenter
2627 4345 2814 4415 repleti
2870 4345 3138 4424 habebunt
3184 4345 3463 4424 gaudium,
3509 4343 3648 4412 quod
3693 4355 3856 4424 nemo

2273 4418 2423 4474 tollet
2455 4417 2522 4470 ab
2551 4417 2658 4482 eis,
2701 4427 2755 4472 et
2793 4430 2975 4485 pacem
3012 4415 3530 4479 incommutabilem,
3570 4427 3761 4482 pacem
3800 4415 3855 4467 in

2275 4491 2520 4559 idipsum.

2592 4693 2874 4700 -————-—-

586 4642 3840 4702 Em

1953 4693 2874 4702 _________.~_____

1953 4660 2584 4692 ﬂ

1953 4694 2584 4704 _____.__________.~

1289 4731 1298 4741 l
1345 4768 1800 4831 ADMONITIO
1865 4770 1945 4831 IN
1990 4769 2612 4845 SUBSEQUENTEM
2654 4768 2978 4831 LIBRUM.

653 4893 919 4953 Honorius
941 4892 1435 4964 Augustodunensis
1469 4894 1521 4948 in
1550 4895 1686 4949 libro
1714 4895 1782 4950 de
1811 4896 2182 4952 Luminaribus
2213 4894 2464 4951 Ecclesia:
2501 4903 2744 4950 recenset
2767 4896 2965 4951 editum
2995 4910 3026 4950 a
3051 4909 3109 4951 se
3137 4908 3292 4965 opus,
3323 4893 3408 4950 cui
3439 4893 3642 4961 titulus,
3673 4891 3855 4964 Cogni-

583 4992 652 5048 tio
677 4993 810 5060 vitae,
838 4993 900 5047 de
928 4990 1032 5047 Deo
1051 5001 1099 5046 et
1128 4991 1230 5044 vita
1256 4998 1462 5046 aeterna.
1493 4989 1606 5044 Hoc
1629 4991 1802 5060 ipsum
1830 5001 1910 5047 est
1951 4999 2321 5062 argumentum
2351 4989 2471 5045 libri
2499 4989 2897 5060 subsequentis,
2930 4988 3018 5059 qui
3050 5003 3170 5044 cum
3205 4987 3273 5042 de
3309 4987 3418 5043 Deo
3445 4995 3499 5042 et
3523 4988 3626 5041 vita
3660 4994 3853 5041 aeterna

582 5093 726 5142 totus
753 5085 840 5150 sit,
875 5083 1172 5153 appellatur
1203 5089 1379 5136 tamen
1410 5081 1529 5136 sive
1560 5089 1762 5136 tantum
1791 5080 2020 5154 Cognitio
2051 5083 2163 5136 vita:
2182 5123 2196 5149 ,
2227 5081 2357 5137 utin
2385 5088 2564 5137 vetere
2594 5081 2779 5136 codice
2806 5079 3142 5135 Audoenensi
3164 5121 3179 5147 ,
3206 5079 3294 5150 qui
3323 5087 3479 5134 aetate
3507 5078 3615 5134 fere
3639 5077 3857 5134 Honorii
3914 5119 3916 5127 ,

583 5183 813 5252 scriptus
840 5179 1081 5245 videtur;
1111 5178 1222 5234 sive
1246 5185 1302 5233 ut
1320 5178 1373 5232 in
1395 5176 1692 5248 impressis,
1721 5176 1798 5232 De
1823 5179 2105 5249 cognitione
2125 5192 2254 5232 vera:
2275 5177 2405 5246 vitae,
2429 5191 2729 5248 quanquam
2757 5189 2943 5230 vocem
2969 5190 3098 5229 vera:
3125 5173 3308 5228 titulus
3334 5174 3386 5228 in
3417 5173 3644 5243 quadam
3674 5171 3856 5227 Jodoci

585 5271 737 5328 Badii
761 5270 996 5327 editione
1030 5283 1136 5324 non
1165 5265 1375 5324 habeat.
1403 5267 1572 5322 Nemo
1597 5282 1727 5323 vero
1757 5275 1841 5323 est
1866 5269 1953 5339 qui
1986 5268 2070 5323 hic
2098 5268 2389 5322 Honorium
2419 5266 2955 5336 Augustodunensem
2977 5306 2990 5330 ,
3023 5265 3067 5320 si
3098 5261 3258 5320 modo
3282 5265 3385 5319 alia
3410 5265 3578 5334 ipsius
3606 5263 3856 5334 Opuscula

582 5365 794 5433 viderit,
825 5379 932 5420 non
961 5361 1114 5418 facile
1141 5369 1408 5434 agnoscat.
1428 5360 1577 5415 Solet
1602 5360 1691 5416 ille
1721 5359 1981 5431 imprimis
2009 5375 2126 5415 eam
2153 5359 2484 5424 methodum,
2513 5373 2631 5428 quae
2658 5359 2710 5412 in
2739 5356 2839 5412 hoc
2862 5357 2998 5414 libro
3025 5365 3282 5422 servatur,
3317 5358 3638 5423 consectari,
3667 5353 3857 5426 dialogi

585 5456 756 5515 forma
786 5472 875 5514 res
904 5464 1149 5522 tractare,
1181 5463 1235 5510 et
1261 5453 1624 5523 colloquentes
1652 5468 1772 5508 cum
1798 5453 2055 5522 magistro
2084 5450 2372 5521 discipulos
2402 5450 2674 5516 inducere,
2705 5450 2793 5520 qui
2822 5448 2870 5505 ei
2895 5464 3109 5520 semper
3134 5451 3185 5506 in
3213 5450 3408 5521 dialogi
3437 5449 3542 5505 [ine
3570 5450 3705 5505 bene
3734 5463 3859 5518 pre-

587 5559 798 5608 cantur.
825 5549 893 5607 Et
911 5547 1126 5621 quidem
1153 5546 1241 5602 hic
1260 5547 1380 5603 loco
1395 5543 1668 5616 Discipuli,
1701 5544 2044 5601 substitutum
2070 5543 2264 5613 ubique
2290 5542 2461 5599 fuerat
2487 5541 2694 5598 Fratres
2717 5558 2735 5596 :
2757 5540 2854 5596 sed
2872 5551 3104 5597 erratum
3123 5543 3188 5598 ad
3213 5544 3571 5599 Audoenense
3589 5542 3864 5612 exemplar

592 5621 944 5700 correximus.
974 5642 1245 5698 Praeterea
1269 5638 1581 5696 Anselmum
1614 5636 1807 5691 imitari
1841 5644 1985 5691 amat
2020 5634 2286 5690 Honorius
2304 5675 2318 5698 ,
2347 5643 2398 5689 et
2423 5633 2589 5705 ipsius
2613 5647 2718 5688 non
2747 5640 2949 5686 tantum
2992 5632 3287 5689 doctrinam
3321 5633 3552 5702 tradere,
3581 5632 3676 5690 sed
3705 5633 3864 5688 etiam

585 5734 848 5811 quasdam
875 5733 1142 5796 interdum
1167 5745 1328 5793 voces
1353 5744 1641 5802 usurpare,
1669 5735 1728 5786 ut
1755 5743 1876 5785 cum
1903 5725 1994 5786 hic
2020 5741 2269 5784 summum
2298 5723 2547 5797 Spiritum
2573 5723 2801 5796 appellat
2829 5722 2996 5780 Deum
3029 5725 3140 5782 sive
3164 5724 3422 5796 Spiritum
3450 5732 3717 5796 metum,
3742 5732 3870 5788 cui)
