4100 6212
288 342 462 402 1009

273 497 280 504 .
317 453 519 525 etenim
552 466 673 525 qua:
702 452 789 525 vel
830 449 1219 525 oppositionem
1240 446 1327 503 vel
1336 445 1783 525 contrarietatem
1808 441 1894 498 vel

272 570 277 575 .
316 516 919 593 accitlenS'suscipiun't,
943 521 1082 576 nulla
1106 520 1312 574 ratione
1335 520 1445 573 Deo
1468 516 1683 593 proprie
1698 528 1900 593 _con_ve-

320 596 499 668 niunt.‘
540 585 858 668 lgituriéutn
896 585 1105 646 ratione
1141 585 1488 668 repugnante
1508 586 1638 668 nihil
1680 585 1754 668 de.
1786 585 1900 640 Deo

321 665 540 735 proprie
564 659 730 733 Ἰοαυί
777 664 1085 735 valeamus,
1136 661 1325 715 saltem
1370 659 1661 729 improprie
1705 663 1762 711 et
1803 669 1901 725 per

321 734 695 806 arni’gmata‘de
712 734 957 806 βολοςυί
983 740 1303 806 satagamus.

393 795 619 861 CAPUT
658 796 745 858 IV.
779 795 926 858 Mens
961 795 1146 856 animi:
1184 799 1462 870 speculum.
1495 797 1722 854 Scientia
1743 795 1902 870 _unde

325 875 487 930 nobis.
552 874 869 945 Spiritualiai
905 873 1006 943 ﬁde
1063 865 1245 945 attingi
1268 914 1281 935 ,
1328 887 1429 945 non
1470 870 1684 945 raiione.

324 955 407 1000 tus
433 961 520 1001 sea:
547 936 708 998 modis
743 946 796 998 in
836 936 1104 1014 Scriptura
1131 936 1335 1014 dicitur.
1371 941 1489 1014 Aer.
1526 937 1765 1014 Yentus._
1780 936 1901 991 Vita

325 1016 603 1070 oratorum.
646 1015 786 1069 Dtsc.
831 1008 1061 1069 Evid’ens
1095 1012 1310 1082 quidem
1356 1010 1493 1082 ratio
1529 1008 1689 1082 docet.
1732 1008 1899 1062 Deum

327 1085 575 1141 humanis
600 1085 777 1139 verbis
805 1080 1155 1139 inedicibilem
1177 1121 1191 1147 ,
1226 1081 1318 1137 sed
1350 1080 1721 1135 intellectualis
1746 1092 1900 1133 mens

326 1154 595 1211 iubianter
613 1153 880 1209 desiderat
898 1168 1018 1208 eum
1041 1153 1140 1208 sibi
1169 1160 1454 1222 utcumque
1477 1150 1594 1204 tleri
1613 1148 1898 1222 cognosc}

325 1227 519 1289 bilem;
555 1239 676 1295 qua)
712 1238 864 1278 mens
904 1224 1069 1295 instar
1105 1222 1304 1295 speculi
1331 1218 1534 1295 anima:
1573 1218 1815 1295 videtur,
1847 1218 1901 1273 in

325 1312 434 1365 quo
463 1289 631 1365 ipsa'm
660 1294 945 1365 imaginem
968 1289 1237 1365 creatoris
1262 1293 1341 1346 sui
1363 1289 1774 1365 contempletur.

401 1361 541 1421 Mtte.
574 1361 825 1420 Universa
852 1380 970 1434 qua:
1010 1364 1060 1417 in
1089 1362 1249 1418 rebus
1273 1363 1466 1434 creatis
1494 1361 1740 1434 novimus
1762 1400 1777 1425 ,
1808 1372 1905 1429 per

325 1450 618 1504 corporeus
640 1449 831 1489 sensus
855 1430 1219 1504 cognovimus.
1250 1433 1316 1487 Et
1339 1447 1402 1488 ea
1429 1430 1642 1502 quidem
1663 1444 1783 1504 quae
1804 1442 1905 1484 nec

328 1500 449 1559 .visu
490 1520 593 1560 nec
637 1500 961 1576 experientia
1001 1503 1317 1576 didicimus,
1346 1500 1459 1571 per'
1476 1500 1904 1576 comparationes

329 1576 566 1655 visorum
591 1575 681 1655 _vc_l
707 1569 1053 1655 expectorqu
1080 1569 1361 1655 discimus,
1394 1581 1452 1626 ut
1475 1569 1905 1655 quaedebestiis

330 1646 419 1722 vel
441 1646 635 1722 ignotis
663 1640 965 1722 hominibus
992 1644 1251 1722 legimus;
1274 1658 1393 1712 qua:
1422 1651 1599 1722 autem
1630 1640 1784 1722 nobis
1812 1655 1904 1722 pc-

333 1709 486 1770 nitus'
497 1715 782 1782 incognita,
812 1730 907 1785 per
933 1709 1357 1795 comparationes
1379 1721 1532 1767 notas
1562 1726 1668 1766 non
1698 1709 1902 1834 signiﬁ-

333 1796 552 1834 ntur.
583 1799 849 1834 nunnuam
882 1800 1099 1834 nrorsns
1136 1784 1373 1834 scientizn
1398 1791 1596 1834 nostra)
1625 1781 1735 1834 noli
1776 1795 1902 1834 can-

331 1796 520 1840 cantur
538 1825 553 1850 ,
583 1781 849 1854 nunquam
882 1781 1099 1853 prorsus
1134 1784 1373 1854 scientiae
1398 1791 1596 1854 nostra;
1625 1781 1907 1854 notiiican-

334 1864 440 1910 tur.
485 1855 552 1909 Et
594 1850 722 1910 ideo
742 1855 862 1924 quia
884 1850 1199 1922 Vspiritualia
1230 1854 1384 1908 nobis
1414 1861 1538 1924 sunt
1580 1850 1863 1906 invisibilia
1888 1890 1903 1916 ,

334 1933 496 1995 atque
523 1922 794 1993 corporeis
837 1925 1083 1978 sensibus
1125 1922 1597 1995 incomparabilia,
1638 1936 1908 1995 nunquam

336 1991 498 2050 ert—int
522 1991 678 2048 nobis
699 1996 876 2062 aliqua
908 1997 1116 2048 ratione
1145 1991 1457 2062 probabilia.
1481 1994 1614 2058 Quia
1640 2005 1775 2062 vero
1795 1991 1911 2062 haec

334 2074 545 2119 constat
563 2079 703 2129 esse,
732 2061 827 2119 scd
858 2079 952 2134 per
970 2064 1161 2118 similia
1190 2063 1403 2119 edoceri
1423 2070 1726 2132 nequeunt,
1749 2061 1909 2117 ﬁdem

336 2143 538 2189 tantum
562 2135 889 2190 credentium
916 2137 1151 2205 exigunt.

412 2206 554 2260 Dtsc.
587 2205 715 2272 Quae
743 2206 879 2259 ratio
903 2201 1229 2273 argumentis
1267 2204 1488 2275 probat,
1521 2216 1822 2275 quanquam
1846 2201 1910 2275 in

336 2279 734 2345 comparatione
781 2272 1067 2341 deﬁciant,
1124 2272 1346 2330 necesse
1399 2285 1483 2329 est
1532 2272 1589 2327 ut
1638 2272 1913 2345 rationalis

336 2341 563 2471 quisque
592 2345 811 2401 credere
851 2360 956 2399 non
997 2355 1185 2399 renuat
1222 2364 1235 2399 :
1271 2354 1322 2399 tn
1353 2352 1557 2399 tantum
1584 2343 1763 2413 profer
1786 2341 1914 2414 quid

376 2432 408 2471 c
436 2416 709 2471 spiritibus
732 2417 1007 2471 sciendum
1035 2415 1126 2469 tibi
1152 2416 1289 2470 ratio
1319 2417 1521 2469 innuat.

376 2432 408 2471 c
436 2416 709 2485 spiritibus
732 2417 1007 2471 sciendum
1035 2415 1126 2469 tibi
1152 2416 1289 2470 ratio
1319 2417 1521 2469 innuat.

411 2482 550 2542 Mite.
581 2486 686 2540 Sex
714 2486 887 2541 modis
911 2486 964 2540 in
989 2485 1278 2555 Scripturis
1303 2486 1521 2554 spiritus
1546 2482 1912 2539 substantiali-

340 2564 425 2611 ter
443 2556 569 2620 dici,
592 2571 698 2610 non
726 2557 909 2625 nescio
932 2571 960 2608 a
984 2557 1135 2611 vobis
1156 2556 1299 2611 sciri.
1330 2555 1510 2609 Primo
1533 2568 1777 2625 summus
1798 2568 1912 2607 om-

342 2627 489 2696 nium
532 2626 670 2680 Deus
699 2623 916 2695 spiritus
950 2626 1275 2696 appellatur,
1319 2633 1377 2680 ut
1420 2624 1491 2679 ibi
1533 2640 1547 2677 :
1591 2623 1816 2696 Spiritus
1841 2631 1915 2678 est

341 2695 517 2766 Deus;
545 2707 594 2749 et
613 2697 700 2766 qui
727 2694 942 2766 edormit
968 2694 1078 2750 enin
1103 2737 1118 2763 ,
1156 2698 1209 2750 in
1246 2696 1429 2765 spiritu
1466 2702 1662 2766 oportet
1699 2694 1918 2748 adorare

342 2764 525 2832 (Joan.
556 2764 645 2831 tv,
674 2767 788 2834 24).
819 2765 1066 2821 Secundo
1096 2764 1823 2835 angelispiritus_dicuutur,
1848 2771 1918 2835 ut

344 2830 417 2890 ibi
463 2853 476 2889 :
661 2830 782 2906 facit
825 2836 1033 2904 angelos
1069 2830 1190 2890 suos
1226 2830 1434 2905 spiritus
1475 2833 1806 2906 (Psul._0tti_,

346 2905 533 2961 Tertio
563 2903 753 2959 animm
790 2903 1008 2974 spiritus
1052 2903 1423 2974 nuncupantur
1446 2944 1461 2967 ,
1501 2904 1665 2974 utjbi
1686 2920 1711 2974 7:
1742 2903 1918 2956 Exibit

342 2976 553 3054 spiriius
570 2976 702 3046 ejus,
718 2988 779 3054 ,ει
806 2970 925 3054 caro
948 2985 1217 3054 revertetur
1234 2970 1515 3054 inuemar!
1542 2970 1712 3054 (i’sal.
1744 2986 1914 3040 (την,

351 3042 427 3117 4).
452 3042 662 3117 Quarto,
683 3046 784 3100 vita
812 3047 1093 3117 brutorum
1106 3045 1411 3117 animalium
1435 3042 1653 3112 spiritus
1672 3051 1915 3117 vocatur,

312 3111 407 3176 ,υἱ
449 3111 518 3171 ibi
567 3132 582 3167 :
631 3116 754 3180 Quis
796 3117 888 3171 scit
934 3117 979 3169 si
1014 3115 1224 3184 spiritus
1257 3111 1607 3184 jumentorum
1648 3111 1919 3184 descendet

344 3187 585 3241 deorsum
611 3185 803 3257 (Eccle.
837 3202 915 3252 Ill,
945 3181 1074 3257 2i)?
1088 3181 1294 3257 Quinto
1311 3184 1455 3257 venii
1483 3182 1731 3257 dicuntur
1756 3181 1917 3257 spiti-

348 3266 476 3336 ius,
515 3266 572 3310 ut
609 3252 679 3311 ibi
716 3273 737 3336 :_
760 3256 1002 3336 Spiritus
1011 3252 1349 3336 procellarum
1376 3253 1549 3336 (licet.
1575 3267 1807 3316 CXLVIII,
1837 3252 1915 3336 8).

349 3327 515 3383 Sexto
541 3343 636 3383 aer
660 3322 877 3396 spiritus
901 3322 1169 3394 scribitur,
1200 3335 1255 3380 ut
1278 3326 1347 3380 ibi
1376 3322 1493 3396 0s
1511 3338 1678 3377 meum
1704 3322 1884 3396 aperui
1899 3362 1915 3387 ,

349 3406 397 3469 et
422 3397 612 3469 attraxi
638 3392 872 3466 spiritum
894 3392 1263 3469 (emtum,
1297 3392 1440 3469 liii).
1460 3395 1695 3463 Quorum
1724 3392 1920 3469 doliid-

348 3467 425 3522 tio
446 3468 564 3521 talis
591 3462 676 3522 est
706 3485 719 3521 :
751 3470 857 3522 Aer
875 3462 957 3522 est
980 3467 1197 3535 spiritus
1223 3462 1449 3529 sensili's,
1477 3479 1585 3519 non
1606 3462 1915 3535 sensibilis;

349 3536 403 3592 id
442 3546 563 3608 est,
601 3550 759 3608 quem
798 3552 901 3608 nos
944 3533 1259 3593 attrahenda
1298 3537 1597 3608 sentimus,
1639 3534 1753 3608 ipse
1786 3533 1918 3588 nihil

350 3604 839 3673 sentiens,'cunctis
859 3616 1035 3663 tamen
1061 3608 1160 3663 sub
1178 3608 1317 3664 calo
1335 3605 1629 3661 viventibus
1649 3604 1918 3674 spiramen

349 3676 627 3732 exhibens.
658 3677 860 3732 Ventus
896 3678 1114 3748 spiritus
1140 3688 1223 3734 est
1261 3693 1356 3734 aer
1376 3718 1391 3742 ,
1426 3677 1517 3730 Dei
1546 3683 1674 3729 nutu
1698 3715 1713 3741 ,
1740 3675 1920 3744 aliquo

352 3748 757 3819 motn‘agitatus
778 3789 793 3811 ,
829 3749 1073 3816 procellis
1097 3764 1353 3819 aquarum
1386 3753 1759 3819 augmentatus
1782 3758 1921 3819 ,__per

350 3814 590 3889 angeiica
612 3814 902 3889 ministeria
932 3814 1189 3874 excitatus
1212 3859 1228 3885 ,
1265 3834 1359 3889 per
1386 3816 1571 3889 eadem
1612 3814 1921 3889 tranquilla-

352 3884 457 3943 ttts.
486 3887 605 3944 Vita
626 3888 900 3943 brutorum
921 3884 1227 3945 animalium
1252 3884 1335 3944 est
1357 3886 1580 3955 spiritus
1593 3884 1768 3955 vitalis
1791 3897 1920 3955 conf

351 3966 511 4030 stans
521 3958 592 4030 de
617 3973 742 4014 aere
766 3968 820 4014 et
847 3963 1102 4030 sanguine
1124 4001 1140 4026 ,
1168 3951 1452 4030 animalis,
1479 3954 1756 4030 invisibilis
1778 3992 1794 4017 ,
1826 3951 1921 4007 sed

353 4028 640 4094 sensibilis,
664 4024 975 4084 memoriam
1005 4024 1205 4084 habens
1227 4069 1244 4095 ,
1274 4026 1368 4082 sed
1394 4024 1666 4083 intellectu
1691 4036 1879 4079 carens
1900 4059 1918 4088 ,

349 4113 474 4153 cum
505 4112 666 4152 carne
690 4098 948 4165 moriens,
975 4099 1028 4153 in
1054 4113 1176 4153 aera
1203 4112 1546 4152 evanescens.

423 4166 649 4239 CAPUT
691 4168 754 4222 V.
806 4163 993 4239 Anima
1040 4168 1324 4239 intelligens
1377 4167 1498 4239 quid
1548 4164 1633 4239 sit.
1679 4163 1773 4219 Est
1819 4164 1923 4239 vim

348 4238 603 4293 sensibilis
621 4276 638 4302 ,
675 4238 959 4302 mutabilis,
986 4235 1237 4305 illocalis',
1270 4235 1552 4308 passibilis;
1584 4235 1692 4289 sine
1717 4236 1921 4308 quanti-

352 4308 671 4390 tatehﬁgara
694 4308 773 4363 vel
807 4309 992 4387 colore.
1033 4308 1224 4390 Anima
1254 4305 1393 4390 fere
1431 4307 1663 4390 spiritus
1672 4314 1761 4390 est
1799 4305 1923 4360 sub~

352 4372 901 4449 stantia'incorporea.
928 4379 1169 4449 corporis
1196 4372 1276 4434 sui
1302 4380 1430 4444 vita,
1459 4372 1770 4449 invisibilis,
1797 4390 1922 4431 sen-

351 4448 539 4515 sibilis,
564 4446 849 4515 mutabilis,
872 4446 1116 4516 illocalis,
1139 4448 1423 4518 passibilis,
1451 4462 1551 4504 nec
1569 4446 1921 4518 qnantitatum

352 4532 642 4590 mensurae,
665 4534 764 4576 nec
785 4521 1096 4590 qualitatum
1122 4518 1307 4574 forma:
1333 4520 1413 4575 vel
1439 4517 1636 4590 coloris
1659 4517 1921 4590 susceptio

353 4587 478 4645 bilis
508 4591 523 4621 ⁸
557 4608 572 4643 :
601 4587 946 4659 memorialis,
968 4590 1264 4655 rationalis,
1288 4587 1677 4653 intellectualis,
1706 4587 1923 4659 immor-

357 4658 500 4715 talis.
530 4658 599 4713 Et
635 4675 704 4714 ne
744 4660 858 4716 haec
882 4658 1095 4717 vacillet
1118 4659 1359 4716 deﬁnitio
1377 4701 1391 4725 ,
1420 4659 1557 4716 ratio
1585 4672 1703 4713 eam
1731 4658 1921 4727 proba-

356 4727 589 4782 tionibus
626 4728 883 4800 roboret._
907 4733 1096 4785 Anima
1137 4739 1221 4784 est
1261 4730 1552 4800 spiritualis
1593 4728 1918 4800 substantia;

354 4811 517 4862 omne
561 4797 706 4852 enim
748 4798 889 4868 quod
937 4800 1027 4854 alii
1079 4800 1241 4855 vitam
1288 4797 1697 4862 subministrat,
1748 4799 1922 4869 ipsum

355 4883 579 4925 necesse
619 4876 704 4939 est
738 4878 796 4922 ut
828 4868 1081 4939 subsistat
1117 4889 1131 4924 :
1165 4870 1259 4924 sed
1301 4871 1474 4924 anima
1512 4872 1675 4939 vitam
1713 4869 1924 4939 corpori

356 4939 543 4995 tribuit
579 4956 594 4994 :
633 4937 793 5009 igitur
825 4938 1001 4994 anima
1038 4939 1259 5009 realiter
1302 4940 1560 4995 subsistit.
1607 4937 1755 4992 Hanc
1795 4937 1925 4994 vero

354 5009 517 5080 vitam
537 5008 907 5079 esse’ipsamet
936 5008 1144 5080 probat,
1166 5008 1290 5063 dum
1316 5009 1594 5080 praesentia
1614 5022 1711 5080 sua
1731 5022 1926 5080 corpus

358 5079 628 5147 viviﬁcat,
671 5077 909 5135 absentia
937 5077 1044 5134 'sua
1092 5078 1229 5133 idem
1269 5077 1572 5133 mortiﬁcat.
1612 5077 1737 5131 Haec
1774 5079 1927 5133 nobis

356 5150 569 5220 quidem
590 5159 672 5207 est
693 5150 994 5214 invisibilis,
1014 5147 1110 5205 sed
1130 5147 1405 5220 spiritibus
1424 5158 1508 5203 est
1526 5147 1767 5220 visibilis.
1780 5147 1927 5204 Hanc

355 5218 517 5278 etiam
543 5221 847 5278 sensibilem
886 5236 1007 5277 esse
1033 5227 1277 5285 constat,
1309 5219 1434 5274 dum
1473 5218 1642 5274 oculis
1678 5218 1886 5274 colores
1907 5259 1924 5286 ,

355 5290 575 5347 auribus
593 5305 774 5357 sonos,
796 5293 1014 5349 naribus
1042 5290 1258 5354 odores,
1293 5290 1465 5359 palato
1491 5302 1727 5358 sapores,
1759 5290 1929 5342 mani-

356 5361 466 5443 bus_
496 5375 690 5443 aspera
733 5362 818 5416 vel
862 5363 999 5443 lenia
1045 5361 1248 5443 sentire
1291 5368 1527 5443 praestat.
1554 5359 1928 5443 lEstﬂqquque

356 5429 629 5502 mutabilis
656 5445 673 5486 :
698 5445 858 5487 omne
879 5434 1021 5488 enim
1051 5431 1192 5502 quod
1222 5429 1492 5501 peieratur
1516 5438 1570 5484 et
1596 5429 1926 5502 melioratur,

352 5501 610 5583 mutabile
636 5509 755 5582 est;
782 5502 877 5583 sed
916 5499 1107 5585 anima.
1129 5499 1271 5585 vitiis
1289 5499 1579 5628 'ptéioratur
1600 5539 1616 5564 ,
1645 5499 1928 5583 virtutibus

356 5572 701 5628 melioratur:
732 5581 889 5628 untur
912 5571 1179 5628 mutabilis
1214 5582 1316 5628 est.
1396 5580 1446 5626 st
1468 5580 1627 5626 etiam
1655 5570 1876 5626 illocalts
1912 5589 1925 5625 :

356 5572 701 5643 melioratur;
732 5571 889 5643 igitur
912 5571 1179 5643 mutabilis
1214 5570 1324 5628 est.
1349 5570 1446 5643 Est
1468 5572 1627 5643 etiam
1655 5570 1876 5643 illocalis
1912 5589 1925 5625 :

346 5657 518 5717 cuine
554 5642 697 5703 enim
730 5641 873 5716 quod
899 5643 1017 5702 loco
1040 5642 1327 5703 includitur
1348 5683 1366 5712 ,
1392 5641 1673 5701 altitudine
1697 5682 1713 5710 ,
1743 5642 1924 5699 latitu-

423 5788 439 5822 ι
473 5792 525 5837 tn
546 5791 675 5848 Mss,
697 5781 1056 5851 quantitate..."
1402 5780 1560 5838 Colore
1598 5782 1927 5849 susceptibilis.

1385 5944 1413 5953 ..-

1334 331 1537 389 LIBER
1576 329 1667 387 DE
1702 322 2111 386 COGNITIONE
2153 324 2360 383 VERE
2393 326 2594 385 VITIE.

2191 243 2198 251 '
2226 235 2470 268 ηας-,μα’

3451 328 3592 388 1010

2004 441 2129 518 dine
2149 485 2164 509 ,
2193 443 2523 518 longitudine
2551 446 2690 518 aeris
2714 445 3169 503 circumscribitur
3189 488 3204 513 ,
3243 459 3442 518 corpus
3463 453 3583 512 est;

2003 511 2096 567 sed
2131 515 2268 569 ratio
2288 511 2485 571 'docuit
2525 517 2757 590 animam
2786 518 3152 590 incorpoream
3191 511 3311 590 esse
3335 511 3356 583 ξ
3380 517 3433 590 id
3458 511 3586 590 est,

2004 597 2106 638 nec
2143 600 2338 656 corpus
2379 601 2480 641 nec
2520 587 2737 658 aliquod
2784 587 3080 644 membrum
3133 589 3373 653 habere;
3426 588 3588 657 igitur

2004 663 2214 710 constat
2241 655 2359 711 eam
2381 671 2503 713 esse
2533 655 2816 713 illocalem.
2845 658 2959 713 Non
2991 659 3131 714 enim
3154 659 3383 727 spatium
3406 655 3547 714 aeris
3569 697 3587 723 ,

2005 732 2064 800 ut
2092 740 2316 800 corpus,
2342 736 2567 800 occupat
2589 769 2604 794 ,
2640 745 2737 783 nec
2761 743 2956 800 corpus
2974 772 2989 793 ,
3014 737 3073 783 ut
3096 744 3231 800 aqua
3262 737 3454 793 utrem,
3484 729 3588 783 im-

2006 796 2147 864 plet;
2177 797 2270 851 sed
2298 806 2354 851 ut
2379 798 2526 853 calor
2547 808 2658 852 toto
2681 799 2786 868 igni
2812 796 3094 856 illocaliter
3122 796 3278 861 inest.
3308 802 3378 853 ita
3407 799 3588 853 anima

2007 874 2173 940 totum
2201 882 2407 940 corpus
2425 868 2704 940 illocaliter
2732 869 2932 940 implet.
2969 870 3106 940 Ignis
3144 870 3357 940 quidem
3385 869 3588 940 estivi-

2005 936 2304 1021 sibiiis,sed
2332 939 2483 1021 calor
2517 936 2885 1021 iqvisibilisZet
2927 936 3194 1021 sensibilis
3216 983 3247 1021 ,_
3267 938 3588 1021 ei'quodani

2006 1006 2167 1089 modo
2191 1010 2401 1089 ignem
2438 1009 2712 1089 vixiﬁcans
2754 1027 2767 1063 :
2810 1010 2879 1064 ita
2923 1010 3100 1089 anima
3144 1006 3423 1089 invisibilis
3448 1051 3462 1072 ,
3490 1008 3589 1089 sed

2004 1078 2306 1150 sensibilis,
2353 1079 2562 1150 visibile
2598 1095 2795 1149 corpus
2832 1081 3060 1150 quadam
3089 1081 3293 1136 occulta
3332 1080 3382 1134 vi
3412 1080 3588 1133 sensi-

2005 1147 2132 1232 licat
2168 1158 2223 1203 et
2259 1149 2508 1232 viviﬁcat.
2553 1150 2677 1232 Huic
2699 1147 2799 1232 est
2834 1147 3396 1232 quoquenpassibilisc
3425 1164 3589 1231 omne

2006 1218 2147 1292 enim
2169 1219 2310 1288 quod
2329 1235 2561 1276 maerore
2580 1220 2834 1292 afficitur,
2851 1218 3223 1292 'pas'sibilecst
3251 1238 3263 1274 :
3292 1218 3385 1276 sed
3405 1219 3588 1292 anima

1976 1289 2130 1345 dum
2172 1305 2290 1362 suae
2336 1291 2621 1362 voluntatis
2663 1288 2886 1362 compos
2928 1306 3032 1347 non
3081 1291 3345 1353 efﬁcitur,
3374 1288 3589 1362 dolore

2006 1360 2277 1432 mmstitim
2302 1360 2560 1428 afﬁcitur;
2599 1362 2760 1432 igitur
2788 1358 3065 1431 'passibilis
3089 1378 3208 1418 esse
3234 1358 3590 1432 convincitur.

2006 1427 2095 1502 Ab
2114 1430 2214 1502 hac
2242 1432 2508 1502 quantitas
2541 1427 2837 1487 excluditur
2865 1450 2880 1487 ε
2911 1433 3037 1488 dum
3077 1447 3177 1488 nec
3202 1429 3480 1502 altitudine
3505 1431 3590 1484 vel

2008 1499 2286 1574 latitudine
2325 1511 2417 1557 aut
2454 1502 2785 1574 longitudine
2807 1504 3026 1558 metitur
3049 1545 3064 1568 ,
3097 1518 3197 1559 nec
3235 1518 3331 1574 sex
3359 1500 3592 1574 circum~

2006 1572 2249 1639 stantias,
2278 1574 2484 1629 scilicet
2512 1571 2635 1628 ante
2657 1582 2711 1629 ct
2735 1584 2904 1639 retro,
2938 1575 3182 1630 dextrum
3213 1582 3266 1628 ct
3290 1571 3587 1635 sinistrum,

2006 1652 2220 1714 sursum
2258 1651 2313 1699 et
2355 1644 2604 1700 deorsum
2631 1685 2645 1711 ,
2691 1659 2749 1700 se
2792 1644 3065 1699 includere
3105 1644 3322 1714 patitur.
3351 1641 3592 1714 Qualitas

2008 1712 2168 1779 etiam
2197 1712 2384 1769 forma:
2412 1723 2466 1770 et
2488 1714 2680 1770 coloris
2711 1715 2777 1769 ab
2803 1713 2902 1771 hac
2927 1711 3255 1779 secernitur,
3289 1711 3417 1768 dum
3443 1711 3591 1766 nulla

2010 1778 2179 1862 forma
2208 1785 2300 1862 vei
2324 1785 2545 1862 humani
2586 1785 2857 1855 corporis,
2896 1787 2990 1862 vel_
3021 1786 3179 1862 ullius
3221 1783 3473 1862 coloratte
3513 1780 3595 1862 rei

2009 1850 2084 1906 illi
2109 1853 2447 1911 adscribitur.
2490 1856 2613 1911 iltec
2651 1850 2729 1910 cst
2768 1856 3131 1920 memorialis,
3162 1854 3284 1924 quia
3326 1851 3594 1924 prsetetjla

2009 1924 2201 1981 recolit
2221 1926 2261 1978 ¹.
2290 1926 2384 1980 Est
2411 1924 2707 1992 rationalis,
2726 1927 2846 1996 quia
2878 1926 3159 1995 praesentia
3182 1921 3462 1996 discernit.
3485 1921 3596 1996 ΔΕζει

2011 1996 2405 2064 intellectualis,
2433 1997 2557 2066 quia
2579 1991 3037 2066 futura'inte'lligit.
3062 1996 3210 2051 Hanc
3234 1991 3591 2066 im_mortalem

2011 2066 2137 2120 hinc
2159 2081 2283 2121 esse
2308 2062 2537 2133 constat,
2565 2065 2707 2136 quod
2729 2062 3043 2122 memoriam
3068 2065 3150 2121 sui
3178 2062 3321 2136 apud
3346 2070 3594 2134 posteros

2010 2137 2321 2206 perenniter
2343 2137 2538 2192 durare
2568 2137 2788 2191 laborat.
3262 2204 3273 2206 _
3328 2204 3336 2206 μ
3365 2200 3389 2206 ,λ

2082 2206 2308 2278 CAPUT
2351 2206 2433 2260 VI.
2466 2207 2646 2278 Angeli
2686 2207 2809 2278 quid
2835 2206 2952 2278 sint.
2982 2205 3059 2261 An
3087 2205 3206 2278 sint.
3240 2202 3375 2273 Quid
3386 2202 3389 2203 ⁷
3415 2210 3592 2278 agniti.

2018 2274 2231 2330 Notitire
2245 2292 2417 2330 eorum
2436 2287 2484 2330 et
2504 2272 2690 2331 nostris
2701 2277 2987 2331 discrimen.
3001 2276 3236 2346 Angelus
3250 2272 3596 2346 autetnspiri-

2014 2354 2099 2401 tus
2134 2355 2216 2401 est
2253 2347 2545 2401 substantia
2586 2348 2926 2416 incorporea,
2949 2342 3258 2411 invisibilis,
3300 2342 3590 2416 seusibiiis,

2013 2416 2316 2481 rationalis,
2341 2411 3102 2481 intellectualis,immortalis;
3128 2416 3386 2471 bonorum
3418 2411 3594 2467 lucida

2015 2493 2070 2557 et
2088 2486 2447 2556 impassibilis,
2463 2486 2723 2541 malorum
2744 2495 2877 2557 tetra
2899 2496 2954 2542 et
2973 2482 3386 2557 passibilis._Sed
3405 2482 3596 2557 viden-

2015 2556 2140 2611 dum
2164 2552 2358 2627 'utrnm
2397 2556 2571 2627 aliqua
2611 2556 2900 2627 substantia
2950 2552 3067 2612 talis
3106 2556 3160 2627 in
3199 2552 3598 2627 rebus‘crea‘tis

2016 2641 2137 2682 esse
2155 2626 2424 2691 credatur,
2452 2622 2572 2681 cum
2595 2642 2624 2681 a
2652 2628 2805 2683 nobis
2832 2626 3050 2683 minime
3070 2625 3331 2682 videatur.
3359 2622 3595 2695 Angelos

2015 2711 2137 2779 esse
2173 2696 2285 2779 ipsa
2325 2697 2649 2779 insensibilia
2681 2697 2949 2779 probant,
2991 2712 3111 2779 qute
3150 2706 3256 2751 tam
3284 2692 3598 2779 certam‘sui

2016 2765 2381 2837 motns’legem
2408 2765 2717 2822 observant.
2742 2766 2913 2822 Omne
2934 2765 3132 2837 quippe
3158 2765 3301 2837 quod
3326 2771 3595 2837 movetur2

2017 2847 2107 2891 aut
2133 2832 2336 2891 motn'm
2367 2853 2395 2890 a
2425 2851 2483 2891 se
2522 2837 2680 2893 habet
2715 2846 2810 2892 aut
2846 2832 3100 2892 aliunde':
3131 2832 3225 2892 sed
3261 2849 3421 2890 omne
3453 2832 3601 2903 quod

2017 2916 2221 2961 motum
2259 2922 2289 2961 a
2330 2922 2390 2962 se
2420 2907 2616 2970 habet,
2656 2918 2741 2962 est
2777 2907 3028 2962 sensibile
3052 2947 3067 2973 ,
3110 2916 3167 2961 ut
3202 2906 3413 2965 anima;
3453 2902 3600 2974 quod

2017 2977 2260 3041 aliunde,
2293 2977 2598 3031 insensibile
2618 3017 2633 3042 ,
2665 2988 2724 3031 ut
2762 2992 2976 3046 corpus.
2999 2975 3151 3044 Quod
3177 2976 3220 3029 si
3246 2974 3357 3041 sol,
3390 2975 3515 3029 luna
3543 2979 3602 3046 et

2018 3046 2192 3100 sidera
2222 3060 2319 3114 per
2344 3061 2403 3100 se
2432 3058 2743 3112 moventur,
2777 3043 2941 3101 sensu
2970 3043 3054 3100 vel
3085 3047 3290 3100 ratione
3315 3046 3494 3113 vigere
3520 3043 3603 3114 vi-

2020 3112 2250 3185 dentur}
2274 3131 2391 3184 qua:
2412 3123 2518 3169 tam
2540 3124 2685 3170 certa
2709 3127 2967 3185 tempora,
2991 3123 3098 3169 tam
3120 3121 3263 3185 certa
3285 3112 3406 3169 creti
3427 3112 3601 3185 spatia

2021 3181 2360 3249 custodiunt,
2394 3193 2446 3239 et
2474 3185 2705 3254 quodam
2737 3181 2896 3240 modo
2924 3200 3079 3239 suum
3118 3183 3443 3239 intellectum
3477 3181 3602 3254 huic

2023 3255 2224 3311 mundo
2263 3255 2462 3310 lumine
2492 3252 2582 3311 vel
2621 3257 2784 3324 signis
2819 3257 3063 3311 innuunt.
3089 3254 3195 3311 Sed
3225 3254 3313 3324 qui
3343 3267 3406 3308 ea
3433 3252 3603 3306 ratio-

2023 3327 2162 3381 nalia
2200 3327 2285 3381 vel
2322 3327 2509 3381 saltem
2537 3324 2805 3382 sensibilia
2845 3341 3070 3394 corpora
3110 3325 3401 3379 arbitratur
3424 3363 3439 3389 ,
3475 3324 3601 3394 iure

2022 3411 2182 3453 sensu
2215 3410 2403 3452 carens
2426 3437 2441 3462 ,
2487 3396 2626 3452 inter
2665 3397 3040 3452 irrationabilia
3082 3402 3436 3465 computatur.
3464 3396 3605 3465 cum

2020 3476 2197 3523 autem
2220 3481 2349 3522 vere
2374 3467 2725 3538 sintcorpora
2755 3466 2996 3532 visibilia,
3028 3466 3122 3522 sed
3152 3463 3296 3521 metu
3322 3463 3556 3519 carentia
3579 3503 3599 3530 ,

2019 3546 2202 3607 utputa
2228 3537 2577 3603 insensibilia,
2605 3547 2659 3593 ct
2683 3546 2856 3593 tamen
2880 3545 3229 3607 moveantur;
3245 3543 3453 3590 constat
3473 3547 3603 3603 pro-

2020 3606 2160 3663 tecto
2194 3608 2335 3679 quod
2370 3607 2587 3679 aliunde
2624 3608 3186 3679 moveaniursilestat
3221 3606 3381 3675 igitur
3407 3619 3476 3679 ca
3499 3616 3605 3679 per

2020 3673 2256 3749 angelica
2280 3678 2572 3749 ministeria
2601 3678 2823 3749 moveri.
2851 3676 3107 3731 Similiter
3133 3673 3341 3740 ventos,
3373 3673 3600 3749 pluvias,

2058 3742 2325 3811 randines,
2349 3746 2576 3815 fulgura,
2606 3747 2856 3811 tonitrua,
2884 3754 3250 3815 tempestates,
3275 3742 3604 3815 aurasjussu

2068 3816 2119 3871 ei
2141 3833 2234 3887 per
2255 3817 2373 3887 illos
2395 3811 2502 3887 regi
2532 3811 2619 3886 qui
2641 3815 2864 3887 dubitat,
2895 3831 2954 3887 ea
2978 3811 3476 3887 _scusibilia_putat_:
3505 3811 3604 3867 sed

2022 3882 2166 3941 hunc
2194 3886 2328 3940 ratio
2348 3882 2564 3939 stultum
2586 3900 2707 3940 cum
2738 3884 3132 3940 insensibilibus
3152 3882 3342 3955 probat
3366 3885 3407 3955 ξ.
3441 3882 3603 3937 Bruta

2020 3970 2232 4082 quoque
2269 3955 2516 4009 animalia
2545 3956 2731 4011 usibus
2769 3955 3014 4010 humanis
3050 3953 3297 4025 per—illos
3333 3953 3603 4009 obsecun-

2060 4041 2152 4081 are
2176 4025 2259 4080 vel
2287 4025 2557 4080 adversari
2580 4027 2669 4082 aui
2691 4042 2796 4081 non
2824 4026 3067 4082 credunt.
3089 4033 3182 4081 aut
3205 4024 3293 4079 illa
3322 4037 3417 4082 Der
3436 4021 3603 4081 ratio-

2060 4021 2160 4081 are'
2176 4025 2259 4080 vel
2287 4025 2557 4080 adversari
2580 4027 2669 4096 qui
2691 4042 2796 4081 non
2824 4021 3067 4087 credunt,
3089 4033 3182 4081 aut
3205 4024 3293 4079 illa
3322 4037 3417 4095 per
3436 4021 3606 4096 ratio—

2022 4097 2106 4152 nis
2144 4095 2469 4152 intellectum
2502 4094 2617 4151 bare
2645 4098 2818 4152 facere
2846 4096 3106 4163 credunt,
3144 4096 3301 4165 longe
3326 4094 3366 4149 ’a
3393 4094 3606 4165 ratione

2020 4167 2298 4223 recedunt.
2331 4166 2437 4238 Sed
2457 4176 2511 4221 et
2539 4175 2726 4238 cuncta
2755 4182 2873 4238 quae
2898 4168 2950 4222 in
2973 4167 3132 4222 rebus
3167 4164 3603 4238 insensibiiibus,

2021 4238 2105 4294 vel
2131 4237 2394 4310 creaturis
2417 4234 3064 4310 sensibilibus'gcruntur,
3096 4252 3194 4308 per
3212 4236 3341 4310 illos
3369 4234 3606 4310 admitti-

2022 4308 2181 4378 strari
2210 4307 2298 4378 qui
2324 4307 2545 4378 ambigit
2569 4348 2585 4375 ,
2624 4304 2848 4364 multum
2887 4324 2918 4364 a
2957 4304 3353 4364 luce'veritatis
3385 4304 3606 4378 desipit.

2023 4377 2185 4450 Igitur
2209 4375 2418 4434 constat
2445 4375 2665 4448 angelos
2682 4393 2819 4450 vere
2841 4386 3074 4450 essetet
3103 4385 3294 4432 cuncta
3310 4375 3478 4450 nobis
3507 4389 3605 4428 oc-

2022 4445 2165 4504 culta
2193 4456 2435 4520 patenter
2467 4445 2644 4520 nosse.
2674 4448 2910 4520 Sedihoc
2935 4447 3111 4520 diti'ert
3138 4450 3276 4501 inter
3310 4445 3519 4499 illorum
3552 4450 3611 4498 et

2023 4517 2261 4575 nostram
2304 4517 2578 4571 scientiam
2606 4558 2622 4583 ,
2662 4518 2802 4587 quod
2847 4518 2947 4586 ipsi
2978 4531 3167 4571 omnes
3207 4529 3396 4587 causas
3423 4526 3609 4569 rerum

2024 4600 2308 4660 antequam
2334 4589 2584 4660 eveniant
2605 4584 2927 4660 priesciunt;
2957 4600 3055 4640 nos
3083 4594 3260 4640 autem
3285 4584 3373 4637 vix
3398 4591 3454 4660 ct
3480 4597 3607 4637 cum

2023 4653 2219 4732 magno
2238 4656 2419 4713 labore
2443 4653 2823 4727 investigamus
2845 4671 2958 4723 eas,
2989 4665 3267 4727 postquam
3290 4668 3377 4709 res
3402 4653 3455 4708 in
3482 4660 3608 4709 actu

2024 4738 2287 4789 constant.

2095 4799 2321 4859 CAPUT
2360 4795 2469 4869 VII.
2501 4795 2638 4869 Deus
2675 4796 2799 4869 quid
2825 4797 2909 4851 sit.
2954 4795 3103 4861 Quod
3120 4794 3211 4869 sit.
3247 4794 3395 4869 Quod
3433 4794 3498 4849 sit
3525 4809 3613 4847 ve-

2024 4874 2170 4939 ritas,
2192 4874 2316 4943 vita,
2338 4868 2607 4943 sapientia,
2626 4867 2830 4943 justitio
2874 4876 2920 4943 ei
2955 4867 3229 4943 aeternitas.
3260 4867 3428 4943 [ferro
3461 4879 3610 4943 suni-

2026 4933 2433 5013 mus'spiritus',
2461 4933 2682 5013 sicut'a
2723 4939 2866 5013 nullo
2905 4937 3177 5013 intellectu
3216 4933 3612 5013 vaiet_pr0pri_e

2027 5004 2271 5086 cogitari,
2294 5014 2366 5086 ita
2388 5007 2547 5086 nulla
2562 5010 2879 5086 delinitioue
2898 5007 3092 5079 poterit
3115 5007 3328 5077 proprie
3355 5004 3615 5086 determi-

2028 5078 2165 5142 nari.
2213 5078 2320 5139 Sed
2364 5078 2495 5151 quia
2537 5078 2912 5137 intellectualis
2956 5093 3110 5151 mens
3156 5093 3293 5151 eum
3326 5084 3615 5151 utcumque

2028 5168 2317 5225 agnoscere
2345 5146 2578 5225 anhelat,
2616 5154 2731 5225 lucc
2758 5149 3103 5225 aenigmatiea
3136 5146 3618 5225 deiini_tio_ei_i_n_te-

2029 5215 2130 5282 rint
2168 5223 2416 5280 sufﬁciat.
2460 5219 2599 5280 Deus
2641 5222 2859 5293 spiritus
2877 5215 2983 5293 'est
2996 5220 3248 5293 essentia
3290 5215 3614 5293 invisibilis,

2029 5297 2173 5352 omni
2201 5305 2458 5353 creatura:
2485 5288 3038 5364 incomprehensibilis
3062 5332 3076 5354 ,
3109 5299 3274 5364 totam
3291 5288 3457 5364 vitam
3483 5330 3498 5351 ,
3530 5296 3614 5364 to-

2031 5379 2137 5425 tam
2168 5367 2480 5436 sapientiam
2506 5408 2520 5433 ,
2555 5358 2720 5421 totam
2758 5362 3109 5436 aeternitatem
3149 5358 3308 5436 simul
3351 5359 3614 5436 essentia-

2028 5437 2153 5496 liter
2191 5428 2471 5509 pbssidens
2506 5428 2643 5509 Evcl
2685 5436 2799 5506 ipsa
2838 5433 2946 5489 vita
2971 5474 2991 5509 ,_
3017 5433 3130 5504 ipsa
3160 5430 3418 5509 sapientia
3443 5469 3458 5496 ,
3492 5428 3610 5502 ipsa

2034 5503 2252 5574 veritas,
2281 5510 2395 5583 ipsa
2417 5507 2642 5580 iustitia,
2667 5503 2779 5583 ipsa
2809 5503 3079 5583 aeternitas
3108 5503 3362 5569 existens,
3393 5513 3612 5564 omnem

2030 5575 2329 5638 creaturam
2358 5575 2525 5638 instar
2547 5575 2729 5652 puncti
2754 5576 2810 5633 in
2836 5591 2897 5635 se
2920 5575 3223 5636 continens.

2093 5720 2112 5752 ι
2147 5725 2251 5769 MSS.
2276 5717 2390 5777 duo,
2415 5712 2666 5779 recolligit.

2042 5786 2043 5791 ‘
2087 5783 2117 5868 ξ
2151 5788 2258 5839 Mss.
2290 5780 2404 5846 duo,
2429 5777 2625 5842 refutat.
