4100 6212
322 295 460 355 101⁸1

318 424 382 466 se
402 406 648 479 intelligit
677 413 733 465 et
754 411 959 464 tantum
983 417 1045 463 se
1061 404 1253 479 diligit.
1286 401 1344 462 Si
1366 405 1510 461 enim
1536 419 1645 461 non
1688 412 1892 460 tantum

319 494 383 536 se
416 477 661 550 intelligit
696 487 951 550 quantum
990 477 1516 550 vivit,'nequaq_nam
1564 490 1771 529 summa
1811 489 1900 530 sa-

318 550 515 617 pientia
543 545 647 606 eiit
673 565 690 614 ;
714 545 790 606 'et
814 550 858 604 si
888 563 994 604 non
1022 556 1225 607 tantum
1266 545 1325 602 se
1350 545 1523 616 diligit
1549 554 1804 617 quantum
1837 559 1897 602 se

317 615 609 692 intelligit,
637 634 844 692 summa
887 619 1101 692 dilectio
1140 618 1359 673 minime
1399 615 1597 692 esistit.
1630 615 1733 671 Sed
1773 630 1896 692 eum

318 685 516 761 ipsius'
533 685 823 752 substantia
871 690 1147 745 verissime
1193 702 1459 761 summum
1482 740 1499 761 ί
1516 686 1712 742 bonum
1761 685 1831 740 sit
1876 704 1892 754 ;

315 759 522 817 summa
559 770 735 818 autem
781 761 887 816 vita
909 802 925 828 ,
954 770 1008 816 et
1034 772 1239 814 summa
1278 759 1535 829 sapientia
1562 798 1576 821 ,
1602 765 1658 812 et
1683 771 1891 829 summa

314 830 531 895 dilectio
556 847 663 887 non
693 830 794 887 nisi
823 831 875 886 in
900 844 1109 887 summo
1136 831 1275 885 bono
1298 828 1521 884 inveniri
1553 828 1720 898 possit
1745 843 1760 893 ;
1796 841 1892 898 ne-

314 905 547 973 cessario
568 902 806 973 sequitur
829 910 937 957 tres
963 915 1253 973 personas,_
1271 900 1444 973 Patris
1469 897 1733 973 gignentis
1756 939 1772 963 ,
1806 897 1893 953 Fi-

314 972 370 1028 lii
399 975 581 1043 geniti,
611 969 839 1044 Spiritus
865 969 1039 1044 sancti
1060 970 1544 1044 procedentis,_pcr
1571 969 1746 1044 omnia
1771 982 1893 1044 esse

313 1039 584 1113 aequales,
629 1039 684 1100 et
711 1044 764 1098 in
809 1058 914 1100 una
946 1039 1239 1113 eadtimque
1283 1039 1550 1096 individua
1596 1040 1890 1095 substantia

311 1127 577 1170 summum
605 1116 803 1170 bonum
828 1114 1137 1168 existentes.

384 1185 526 1243 Dtsc.
567 1185 675 1240 Cur
701 1185 753 1239 in
771 1184 857 1241 his
881 1183 1153 1238 vocabulis
1178 1181 1346 1252 magis
1363 1180 1534 1237 deitas
1550 1180 1884 1252 veneratori,

314 1266 436 1309 cum
466 1255 830 1311 misericordia
869 1262 925 1309 et
957 1253 1159 1320 justilia
1198 1261 1254 1308 et
1274 1251 1483 1307 caeteras
1508 1251 1733 1307 virtutes
1774 1251 1890 1323 ejus

310 1325 560 1397 essentia:
572 1326 922 1397 assignentur
944 1324 970 1377 7

381 1395 519 1452 MAG.
559 1391 810 1464 Quia'illa
854 1403 977 1450 sunt
995 1394 1046 1450 ei
1098 1393 1310 1464 preprie
1333 1392 1622 1449 secundum
1654 1406 1724 1464 se
1755 1391 1886 1448 sub-

309 1462 600 1535 stantialia,
651 1468 750 1521 ista
798 1480 932 1521 vero
971 1462 1261 1535 secundum
1302 1477 1401 1519 nos
1428 1464 1476 1518 ei
1517 1462 1883 1535 occidentalia.

309 1533 612 1594 Misericors
650 1551 878 1607 namque
915 1535 1035 1591 inde
1072 1534 1286 1607 dicitur,
1319 1548 1423 1607 non
1450 1534 1591 1604 quod
1630 1533 1883 1607 miserum

309 1621 405 1661 cor
428 1607 653 1672 habeat;
684 1604 1031 1663 sed'omnem
1061 1605 1328 1660 miseriam
1355 1605 1513 1674 longe
1563 1620 1593 1659 a
1627 1604 1885 1674 Decesse

308 1678 446 1733 ratio
470 1680 676 1748 probat.
708 1676 914 1748 Iustum
942 1684 1119 1748 autem
1141 1674 1367 1730 humana
1392 1673 1590 1748 locutio
1615 1673 1879 1748 nominat,

307 1748 398 1816 qui
424 1743 579 1804 bunis
602 1748 761 1814 bona,
782 1747 937 1803 malis
957 1746 1096 1801 mala
1120 1753 1508 1816 recompensat.
1535 1744 1730 1816 Verum
1752 1743 1884 1816 quia

308 1815 451 1876 Deus
480 1818 687 1874 miseris
716 1818 769 1872 in
794 1816 1024 1873 miseriis
1047 1815 1315 1880 subvenit,
1348 1829 1543 1870 nomen
1584 1815 1885 1869 misericor-

306 1887 393 1943 dis
415 1889 500 1945 vel
541 1888 919 1945 misericordize
956 1886 1202 1957 accepit:
1252 1886 1494 1957 quamvis
1532 1886 1576 1940 si
1614 1898 1882 1957 nunquam

305 1958 497 2030 aliquis
523 1959 685 2014 miser
713 1958 917 2030 fuisset,
947 1957 1032 2030 cui
1073 1954 1489 2030 misericordiam
1531 1954 1877 2030 impenderet,

306 2023 418 2085 neti
440 2031 623 2085 minus
648 2038 825 2085 tamen
868 2029 920 2083 in
949 2026 1245 2097 substantia
1269 2025 1349 2079 sui
1380 2026 1492 2097 ipsa
1521 2023 1880 2097 miSericordia

307 2101 578 2177 existeret.
608 2100 739 2169 Quia
764 2113 917 2177 vero
935 2096 1342 2177 justislargitur
1387 2095 1623 2177 przemia,
1674 2095 1882 2177 injustis

302 2168 446 2252 iusta
473 2165 675 2242 irrogat
699 2165 984 2241 supplicia;
1011 2168 1155 2293 juste
1180 2165 1591 2250 vocatur'jnstus
1620 2165 1704 2220 vel
1723 2165 1882 2234 justi-

306 2247 381 2293 tta
421 2257 437 2293 :
478 2250 652 2293 tamen
704 2241 749 2293 si
793 2241 971 2293 nullus
1033 2246 1149 2292 oret
1181 2253 1265 2293 (ειη
1293 2238 1377 2292 vel
1401 2237 1624 2293 gloriam
1650 2236 1735 2289 vel
1770 2250 1882 2293 Dm—

306 2236 437 2296 tia':
478 2236 652 2296 tamén
704 2236 971 2296 si'nullus
1013 2236 1149 2293 foret
1181 2237 1265 2294 cui
1293 2238 1377 2292 vel
1401 2237 1624 2305 gloriam
1650 2236 1735 2289 vel
1770 2250 1884 2305 poe-

306 2326 429 2382 nam
456 2311 804 2382 impenderet,
834 2326 948 2382 non
971 2309 1147 2364 minus
1174 2306 1513 2382 i_pse_justitia
1537 2306 1875 2362 subsisteret.

304 2378 399 2436 Sic
426 2382 493 2438 de
521 2378 728 2437 caeteris
753 2381 1037 2436 virtutibus
1065 2378 1421 2434 sentiendum.

266 2500 273 2504 .
373 2451 599 2519 CAPUT
636 2450 1147 2533 XX.._Anlnon‘aliqni
1179 2449 1456 2532 necessario
1476 2448 1670 2533 __r_niser_i
1698 2464 1719 2514 ,'
1744 2446 1882 2531 Petts

303 2536 418 2577 vero
456 2518 631 2577 artetur
666 2523 812 2578 mali.
842 2521 990 2589 Quod
1040 2518 1147 2574 sine
1169 2520 1361 2574 miseris
1377 2518 1579 2589 justitia
1614 2527 1661 2572 et
1686 2518 1881 2589 miseri-

302 2592 478 2664 cordia
498 2593 591 2647 Dei
616 2592 930 2664 manifestari
956 2599 1158 2664 queant.
1182 2590 1336 2664 Dise.
1364 2588 1499 2664 Hinc
1520 2589 1770 2664 ‘maxima
1796 2588 1874 2642 vi-

266 2710 273 2714 .
304 2662 461 2718 detur
486 2664 710 2733 quaestio
749 2658 1084 2733 suboriri._Si
1126 2658 1750 2733 misericordia_Dei_uon
1776 2672 1876 2733 po:

302 2735 405 2804 tuit
427 2727 667 2804 dignosci
696 2733 797 2786 nisi
827 2747 923 2804 per
949 2731 1194 2804 miseros,
1225 2744 1325 2804 nec
1341 2729 1554 2804 ju_sti_ti_:_t_
1586 2727 1704 2799 ejus
1750 2727 1878 2804 sciri

301 2801 403 2857 nisi
453 2799 548 2869 pér
592 2799 948 2866 damnandos;
998 2801 1208 2856 videtur
1267 2799 1644 2855 inevitabiliter
1683 2800 1874 2869 sequi,

300 2869 562 2943 quosdam
585 2872 889 2943 necessario
917 2871 1142 2925 miseros
1166 2869 1352 2943 factos,
1385 2884 1478 2940 per
1506 2884 1643 2939 quos
1666 2869 1877 2943 miseri-

299 2938 481 2999 cordia
511 2943 603 2999 Dei
639 2942 991 3006 revelaretur,
1034 2948 1090 2995 et
1122 2938 1401 3010 quosdam
1435 2938 1739 3010 necessario
1780 2938 1877 3010 da:

302 3014 584 3080 mnabiles,
614 3028 710 3081 per
731 3006 1807 3083 quosjustitiaDeimanitestaretur.Quod
1830 3009 1876 3063 si

299 3087 372 3138 ita
415 3093 515 3149 est,
549 3077 657 3151 jam
689 3077 888 3138 frustra
925 3079 1293 3151 prmdicabitttr
1320 3079 1516 3151 malum
1557 3077 1688 3132 nihil
1719 3093 1873 3151 esse,

297 3168 419 3225 cum
487 3148 615 3209 nihil
672 3148 1049 3225 pejus‘possit
1104 3149 1388 3225 excogitari
1453 3148 1876 3225 qua_m_miseria

299 3231 355 3280 et
374 3224 644 3280 damnatio
667 3218 692 3278 ἴ
710 3218 764 3277 et
778 3225 821 3277 si
847 3218 948 3277 hoc
982 3237 1079 3291 per
1104 3220 1428 3291 validissima
1461 3218 1681 3273 rationis
1717 3233 1876 3291 argu-

300 3302 477 3351 menta
540 3310 645 3349 non
698 3289 1080 3357 infirmahitur,
1128 3290 1238 3360 jam
1287 3289 1425 3344 Deus
1464 3303 1729 3343 summum
1780 3289 1876 3344 bo-

299 3380 426 3420 num
455 3366 673 3420 minime
701 3364 1057 3435 cognoscitur,
1091 3362 1197 3435 imo
1225 3368 1408 3416 auctor
1437 3360 1567 3435 tanti
1595 3360 1718 3413 mali
1747 3375 1875 3435 eon-

297 3435 542 3492 vincitur.
591 3430 856 3490 Porro'si
904 3432 1074 3488 noluit
1099 3433 1184 3487 vel
1234 3446 1338 3484 non
1375 3432 1556 3501 potuit,
1590 3430 1875 3487 ostendere

299 3520 451 3561 suam
476 3505 893 3562 misericordiam
919 3503 1022 3558 nisi
1045 3503 1099 3556 in
1129 3501 1358 3566 miseris,
1378 3499 1649 3569 justitiam
1691 3501 1791 3555 nisi
1821 3502 1873 3555 in

266 3575 647 3640 damnandis;
686 3575 806 3644 quis
851 3588 956 3628 non
997 3572 1177 3644 videat
1202 3571 1373 3644 sequi,
1407 3584 1527 3644 eum
1555 3570 1873 3644 malevolum

264 3682 269 3687 ο
297 3647 383 3702 vel
409 3641 752 3716 impotentem
769 3662 783 3710 ;
800 3645 867 3716 in
884 3658 1009 3716 uno,
1032 3642 1174 3716 quod
1200 3641 1395 3716 bonum
1416 3641 1526 3716 nisi
1558 3656 1651 3716 per
1674 3642 1873 3696 malum

296 3710 581 3839 ostender;
608 3715 866 3782 noluerit;
899 3714 956 3769 in
995 3710 1185 3780 altero,
1214 3711 1356 3783 quod
1383 3711 1538 3767 aliter
1567 3710 1744 3767 facere
1766 3726 1873 3767 non

298 3796 533 3839 militent

354 3789 533 3843 ituerit

354 3802 392 3841 Il
545 3802 569 3839 ἴ

298 3802 665 3926 μὲἰὲιρηίε
685 3858 768 3914 vel
807 3857 1029 3913 demens
1062 3855 1179 3912 hzec
1208 3860 1495 3926 praesumat
1521 3851 1718 3914 dicere,
1774 3850 1876 3926 mi-

302 3921 648 3984 sericordiam
673 3937 727 3983 et
745 3929 1003 3998 justitiam
1029 3927 1119 3981 Dei
1151 3921 1262 3998 nisi
1283 3940 1377 3994 per
1403 3922 1628 3977 miseros
1671 3921 1875 3998 et__da-

298 3999 560 4055 mutandos
609 3990 935 4055 mani'festari
986 4011 1092 4051 non
1123 3990 1392 4063 potuisse,
1424 4007 1543 4047 cum
1596 3990 1874 4046 manifeste

296 4077 510 4124 constet
536 4084 635 4126 nos
663 4070 900 4124 occultas
928 4067 1140 4122 divitias
1180 4079 1283 4119 non
1311 4065 1481 4118 solum
1513 4075 1609 4130 per
1632 4070 1872 4130 egentes,

295 4137 392 4194 sed
417 4139 575 4193 etiam
597 4154 690 4205 per
708 4138 1041 4193 abundantes
1063 4136 1431 4205 demonstrare
1450 4130 1640 4202 posse?
1654 4130 1709 4187 Si
1730 4132 1874 4186 enim

268 4208 558 4264 .occultam
600 4202 839 4263 habuero
881 4207 1181 4277 pecuniam,
1220 4218 1346 4277 non;
1371 4202 1492 4277 ideo
1518 4216 1736 4277 necesse
1773 4204 1877 4257 erit

270 4294 614 4349 quemquam
644 4271 927 4348 pauperem
953 4279 1206 4349 existere,
1231 4274 1317 4349 cui
1333 4271 1605 4349 largiendo
1621 4287 1741 4349 eam
1764 4288 1876 4327 ma-

295 4343 539 4404 nifestam
568 4343 777 4415 fac-iam,
804 4362 926 4404 cum
956 4347 1184 4418 idipsum
1214 4344 1365 4418 diviti
1391 4343 1670 4418 tribuendo
1700 4343 1876 4418 facere

296 4433 522 4490 queam;
555 4420 647 4475 sed
676 4420 850 4489 potius
879 4420 923 4473 si
950 4414 1167 4490 pauper
1180 4415 1404 4490 quilibet
1429 4415 1664 4490 existens
1691 4414 1758 4468 ad
1790 4429 1876 4490 me

298 4483 525 4554 venerit,
558 4490 625 4546 de
654 4483 861 4545 occulta
885 4483 1106 4561 pecunia
1122 4487 1171 4561 ei
1196 4483 1617 4561 misericordiam
1639 4483 1873 4561 impendi

297 4560 584 4630 oportebit.
616 4561 810 4630 Sicque
835 4554 952 4628 ejus
989 4556 1323 4630 experientia
1346 4570 1431 4630 me
1458 4556 1663 4630 largum
1697 4564 1752 4609 et
1769 4554 1874 4630 Ἰοῖ

291 4624 557 4708 cupietem
583 4624 929 4708 comprobat;
962 4624 1102 4708 quod
1142 4627 1282 4708 idem
1302 4627 1365 4708 in
1382 4624 1744 4708 divite'posse
1762 4624 1875 4680 fieri

293 4706 525 4763 constat,
557 4697 798 4769 quamvis
824 4697 1072 4769 pauperis
1095 4699 1181 4753 vel
1205 4697 1388 4753 divitis
1413 4697 1633 4769 scientia
1658 4703 1749 4750 aut
1776 4710 1874 4769 ex-

292 4768 552 4895 ﬁrientia
577 4766 711 4821 nihil
742 4766 1154 4850 mihiutilitatis,
1196 4778 1381 4850 ntputa
1403 4768 1581 4823 omnia
1609 4766 1745 4849 bona
1776 4766 1874 4819 ha-

367 4847 463 4895 uti.
487 4837 756 4895 conferat;
782 4853 912 4895 lDSIS
937 4847 1113 4890 autem
1141 4840 1307 4895 utilia.
1333 4853 1442 4891 uno
1463 4852 1764 4892 necessaria
1787 4850 1874 4892 me

367 4840 463 4903 uti,
487 4837 756 4900 conferat;
782 4838 912 4906 ipsis
937 4847 1113 4890 autem
1141 4837 1307 4898 utilia,
1333 4839 1442 4891 imo
1463 4838 1764 4892 necessaria
1787 4850 1875 4906 me

293 4909 517 4973 habere,
565 4909 645 4964 eis
686 4905 827 4962 scire
863 4915 919 4961 et
964 4907 1195 4976 experiri
1225 4907 1451 4960 multum
1500 4907 1766 4975 expediat.
1812 4905 1869 4959 In

294 4978 438 5035 hunc
476 4980 675 5050 quipr
714 4978 929 5050 modum
980 4975 1230 5050 si’nullus
1271 4975 1552 5050 aliquando
1586 4976 1873 5050 inisernvel

293 5045 620 5106 damnabilis
655 5048 858 5111 fuisset,
895 5049 1034 5102 Deus
1071 5045 1409 5114 omnipotens
1452 5045 1874 5100 misericordiam

293 5127 352 5176 et
373 5121 631 5188 justitiam
654 5121 706 5174 in
728 5118 929 5189 angelis
948 5125 1003 5171 et
1022 5132 1025 5139 '
1043 5115 1675 5189 hominibusnonminus
1699 5115 1873 5189 mani—

270 5183 489 5252 testare
518 5183 895 5254 potuissetfde
919 5202 1012 5243 sua
1044 5185 1292 5242 videlicet
1314 5183 1636 5239 abundantia
1665 5186 1747 5240 eis
1776 5185 1877 5240 mi~

290 5254 634 5317 sericorditer
659 5259 932 5330 largiendo
971 5256 1114 5328 quod
1156 5256 1374 5311 minime
1399 5254 1694 5330 baberent;
1724 5271 1878 5330 pra:-

208 5364 241 5381 ,.
292 5331 478 5386 sertim
504 5345 624 5385 cum
653 5325 828 5386 omhis
855 5325 1097 5387 creatura
1123 5343 1154 5382 a
1182 5342 1242 5382 se
1267 5327 1487 5380 omnino
1507 5326 1637 5380 nihil
1657 5325 1868 5388 habeat.

290 5400 387 5459 sed
414 5402 589 5456 omnia
620 5403 688 5457 ab
730 5402 843 5470 ipso
867 5401 1015 5457 fonte
1054 5398 1294 5454 omnium
1338 5397 1601 5470 bonorum
1627 5396 1871 5465 accipiat,

290 5486 356 5526 ac
383 5471 520 5527 dona
540 5486 633 5527 sua
657 5472 709 5528 in
734 5467 846 5527 suis
860 5471 1004 5541 juste
1023 5467 1390 5525 conservando
1409 5482 1527 5536 quae
1552 5467 1620 5541 ab
1639 5480 1705 5522 eo
1722 5481 1875 5541 accc.

291 5542 513 5612 pissent.
574 5543 641 5600 Et
687 5541 808 5599 ideo
847 5537 952 5599 non
998 5548 1124 5612 erat
1172 5548 1488 5612 necesseut
1520 5537 1875 5612 vel‘angelus

288 5608 687 5671 damnationem
732 5612 799 5669 ad
840 5610 1282 5667 manifestandam
1327 5609 1420 5668 Dei
1461 5608 1741 5681 justitiam,
1790 5608 1873 5666 vel

359 5769 379 5805 ⁸
413 5765 537 5825 Βωιὶ
552 5766 666 5827 ωηο
686 5764 886 5834 addunt,
918 5776 1067 5830 quam
1083 5761 1295 5818 aliarum
1314 5763 1563 5817 virtutum.

1797 5866 1877 5882 ei...

1364 286 1571 351 LIBER
1607 284 1702 350 UE
1733 283 2143 352 COGNiTIONE
2180 292 2390 354 ΥΕΒῶ
2427 294 2637 356 ἮΤᾹΒ.

1930 2857 1981 2884 ,ι’

2000 205 2137 236 mw

3452 305 3590 366 1018

2006 406 2167 461 homo
2212 406 2484 464 miseriam
2530 408 2597 464 ad
2625 407 2999 466 declarandam
3030 409 3128 467 Dei
3156 413 3581 476 misericordiam

2006 476 2332 559 inciderent;
2361 493 2481 559 enm
2505 488 2789 559 utrumque
2813 481 2864 559 i_n
2888 483 3148 539 stantibus
3173 487 3374 559 angelis
3403 486 3588 545 decla-

2003 550 2202 626 rave_rit
2237 548 2661 626 misericordiam
2702 548 2968 626 videlicet,
3001 568 3158 626 neosna
3187 548 3338 626 lapsu
3358 572 3582 616 conser-

2002 619 2202 692 vando;
2230 619 2507 687 justitiam,
2536 622 2613 675 eis
2643 622 2858 692 prtemia
2873 623 3071 679 dando.
3096 624 3229 691 Quia
3243 619 3427 683 autem
3450 630 3586 686 libe-

2001 690 2356 767 ra-vol_unta_t_e
2385 692 2605 767 angelus
2635 690 2729 767 vel
2750 691 2910 747 homo
2932 708 2962 746 a
2991 694 3099 767 Deo
3124 690 3579 767 apostataverunt,

2001 759 2420 837 miscricordiam
2463 759 2529 837 et
2559 760 2843 837 justitiam,
2891 765 3039 837 quasi
3090 759 3240 834 prius
3289 759 3577 837 occultam,

2000 831 2279 907 manifeste
2320 832 2529 907 experti
2558 831 2746 907 nsunt.
2793 831 2956 907 dum
2988 831 3131 907 illum
3188 837 3397 907 justitia
3437 831 3581 907 juste

1998 901 2286 962 damnavit.
2317 900 2473 957 istum
2501 900 2862 959 misericordia
2889 900 3306 962 misericorditer
3321 908 3390 965 de
3413 900 3579 966 inise-

1998 972 2074 1026 ria
2126 972 2384 1027 liberavit.
2434 973 2501 1027 Et
2535 988 2654 1029 cum
2685 973 2738 1028 in
2771 975 2868 1028 hac
2900 977 3227 1042 experientia
3277 978 3407 1033 nihil
3469 980 3581 1036 Deo

1998 1042 2241 1099 utilitatis
2269 1043 2582 1107 accreverit,
2616 1044 2667 1098 in
2698 1060 2804 1116 quo
2828 1045 3103 1115 plenitudo
3130 1047 3366 1102 omnium
3399 1049 3573 1104 bono-

1996 1122 2275 1189 ﬁrmante
2288 1129 2499 1169 omnem
2528 1123 2764 1189 creatam
2783 1124 3079 1189 creaturam
3109 1116 3301 1180 fuerit;
3335 1120 3577 1189 sequitur

1994 1184 2136 1253 quod
2167 1184 2309 1239 nulla
2339 1185 2649 1254 necessitas,
2674 1185 2767 1241 sed
2793 1184 2906 1241 sola
2929 1186 3173 1243 voluntas
3198 1202 3291 1245 eos
3316 1189 3382 1244 ad
3412 1184 3573 1247 inise-

1992 1254 2125 1308 riam
2152 1256 2489 1323 compulerit.

2064 1324 2287 1382 CAPUT
2325 1325 2466 1380 XXI.
2518 1325 2648 1380 Mati
2680 1326 2841 1381 Deum
2882 1337 3138 1383 auctorem
3168 1346 3268 1383 non
3320 1345 3444 1391 esse,
3485 1330 3576 1385 sed

1991 1395 2350 1450 ordinatorent.
2381 1395 2477 1450 Dei
2514 1396 2744 1469 bonitas.
2765 1396 3162 1469 Omnipotentia.
3199 1400 3367 1454 Deum
3394 1409 3572 1456 autem

1992 1481 2096 1520 non
2123 1479 2240 1521 esse
2264 1475 2534 1542 auctorem
2555 1467 2820 1542 mali_hine
2845 1467 3025 1542 aperte
3046 1479 3274 1542 constat,
3297 1472 3436 1542 quod
3460 1472 3574 1541 ipse

1989 1550 2149 1592 omne
2178 1537 2373 1591 malum
2402 1537 2637 1593 daumat.
2666 1538 2833 1594 Porro
2858 1537 2998 1597 quod
3036 1541 3231 1595 malum
3264 1537 3368 1596 nun
3391 1537 3569 1597 subsi-

1990 1616 2127 1679 stat,
2175 1607 2393 1679 evidens
2438 1611 2572 1663 ratio
2619 1608 2826 1679 probat.
2869 1607 3055 1666 Omnis
3093 1611 3234 1666 enim
3275 1611 3572 1667 substantia

1990 1676 2127 1752 bona
2157 1685 2259 1752 est,
2293 1678 2387 1733 sed
2432 1676 2631 1733 malum
2648 1679 2869 1752 _bonum
2907 1696 3014 1735 non
3044 1690 3159 1743 est;
3190 1682 3350 1752 igitur
3373 1683 3571 1737 malum

1990 1747 2282 1821 substantia
2305 1763 2409 1803 non
2436 1757 2540 1821 est,
2570 1750 2664 1805 sed
2696 1750 2925 1821 privatio
2950 1751 3076 1806 boni
3102 1747 3450 1807 esthidetur
3471 1766 3571 1807 au-

1988 1825 2096 1894 teni
2119 1819 2339 1894 _malunt
2367 1819 2654 1894 quoddam
2674 1819 2865 1894 agendi
2896 1822 2979 1877 vel
3001 1822 3231 1894 patiendi
3270 1822 3570 1894 separabile

1986 1889 2269 1961 accidens;
2292 1888 2345 1943 in
2375 1888 2920 1961 aetuquidem,idum
2953 1888 3252 1949 inordinate
3279 1888 3484 1961 agitur;
3514 1892 3568 1947 in

1986 1960 2234 2027 passione
2256 1968 2455 2027 autem,
2488 1960 2614 2015 dum
2636 1960 2933 2016 inordinata
2962 1962 3101 2016 actio
3128 1962 3264 2017 bene
3290 1960 3568 2017 ordinabi-

1986 2036 2091 2101 tur.
2127 2029 2202 2099 (α)
2234 2028 2289 2085 In
2317 2045 2481 2099 regno
2504 2032 2700 2101 quippe
2722 2039 2910 2086 cuncta
2938 2032 3233 2086 ordinantis
3257 2032 3388 2087 nihil
3414 2033 3566 2087 inor-

1984 2099 2222 2155 dinatum
2242 2099 2576 2171 relinquitur.
2606 2101 2699 2156 Est
2724 2111 2900 2157 autem
2929 2111 3107 2158 rectus
3125 2102 3401 2159 rationalis
3418 2116 3573 2158 crea-

1987 2178 2125 2243 turae
2174 2171 2335 2237 ordo,
2385 2180 2443 2243 ut
2488 2171 2684 2243 caduca
2728 2181 2965 2243 respuat,
3017 2186 3264 2228 mansura
3316 2180 3564 2243 appetat;

1986 2239 2228 2311 homines
2256 2243 2308 2296 in
2328 2241 2504 2296 anima
2531 2239 2857 2297 immortales
2882 2242 3086 2311 diligat,
3110 2243 3276 2297 Deum
3297 2239 3567 2297 summum

1983 2309 2320 2383 bonumnprac
2346 2310 2591 2383 omnibus
2638 2326 2843 2376 amans,
2881 2309 3003 2383 ejus
3041 2309 3297 2368 voluntati
3325 2312 3563 2367 obediat.

1983 2378 2089 2435 Sed
2118 2378 2487 2450 qui'summum
2506 2381 2706 2437 bonum
2730 2378 3097 2448 contemnunt,
3120 2383 3378 2437 caducum
3404 2398 3565 2436 mun-

1984 2450 2037 2522 di
2066 2451 2259 2522 bonum
2289 2452 2533 2522 diligunt,
2576 2452 2750 2506 socias
2792 2452 2998 2506 animas
3037 2452 3355 2522 despiciunt,
3383 2452 3563 2508 carnis

1982 2520 2261 2592 desideriis
2314 2520 2600 2592 obedinnt;
2670 2522 2723 2576 lii
2780 2522 3078 2577 inordinate
3119 2520 3337 2589 vivunt,
3382 2523 3566 2592 sicque

1984 2591 2179 2645 malum
2225 2590 2442 2646 facitmt.
2475 2589 2586 2647 IIoc
2632 2607 2762 2646 vero
2805 2592 3001 2647 malum
3040 2592 3391 2656 ordinabitur,
3431 2589 3563 2647 dum

1984 2662 2097 2716 haec
2122 2662 2260 2717 actio
2289 2662 2339 2715 in
2403 2662 2667 2717 assionem
2696 2662 3003 2717 mutabitur.
3035 2662 3165 2717 Nam
3189 2662 3314 2718 dum
3348 2663 3481 2718 tales
3507 2670 3568 2717 et

1984 2743 2190 2786 summo
2213 2741 2269 2786 et
2295 2677 2496 2786 caguco
2525 2731 2705 2786 mundi
2735 2724 2879 2786 bono
2902 2720 3195 2786 privamur.
3234 2747 3455 2786 necesse
3480 2739 3568 2786 est

1980 2743 2190 2786 summo
2213 2741 2269 2788 et
2295 2724 2496 2787 caduco
2525 2731 2705 2802 mundi
2735 2724 2879 2787 bono
2902 2724 3195 2802 privamur,
3234 2747 3455 2788 necesse
3480 2739 3570 2788 est

1980 2810 2039 2857 ut
2058 2802 2282 2873 asperis,
2312 2818 2430 2872 quae
2454 2801 2723 2858 blanditiis
2741 2801 3004 2858 contraria
3034 2811 3202 2873 sunt,_
3229 2802 3561 2873 afficiantur;

1979 2888 2097 2941 qua:
2119 2871 2294 2928 tamen
2322 2871 2373 2925 in
2400 2886 2460 2929 se
2491 2873 2619 2941 ipsis
2641 2887 2745 2927 non
2769 2882 2891 2927 sunt
2921 2873 3080 2938 mala,
3112 2871 3205 2928 sed
3236 2872 3561 2942 patientibus

1978 2943 2226 2997 videntur
2249 2957 2448 2996 amara.
2493 2942 2654 3013 Igitur
2683 2957 2779 3012 per
2804 2948 3046 2998 naturam
3073 2943 3203 2998 nihil
3232 2952 3315 2998 est
3340 2943 3561 3013 malum.

2052 3013 2218 3067 Deum
2247 3022 2422 3067 autem
2458 3012 2724 3067 summum
2750 3013 2948 3069 bouum
2986 3013 3111 3068 hinc
3137 3020 3372 3075 constat,
3417 3012 3564 3075 quod
3610 3020 3613 3023 ‘

1952 3081 2131 3137 'malis
2155 3090 2211 3136 et
2239 3082 2363 3143 reis.
2407 3084 2555 3152 quasi
2582 3090 2763 3137 contra
2806 3082 3089 3152 justitiam,
3135 3081 3561 3137 misericordiam

1978 3167 2127 3207 suam
2172 3160 2449 3221 praerogat.
2500 3151 2702 3220 Nempe
2752 3167 2783 3206 a
2834 3152 2977 3206 fonte
3022 3152 3215 3206 summi
3270 3152 3392 3206 boni
3440 3152 3562 3206 talis

1974 3220 2181 3291 justitia’
2201 3229 2402 3288 manat,
2431 3236 2534 3290 qua
2564 3222 2702 3275 Deus
2745 3222 2863 3289 jure
2910 3220 3141 3290 indignis
3181 3221 3422 3276 misereri
3459 3221 3561 3275 de-

1978 3293 2100 3348 beat
2125 3309 2138 3347 :
2168 3293 2256 3361 qui
2282 3292 2449 3362 etiam
2466 3292 2755 3362 benevolus
2779 3294 2831 3346 in
2860 3291 2960 3347 hoc
2989 3291 3388 3362 comprobatur,
3431 3291 3558 3361 quia

1976 3364 2123 3420 solus
2152 3359 2229 3417 tot
2253 3363 2405 3418 bonis
2431 3359 2530 3417 frui
2566 3362 2751 3428 noluit,
2782 3362 2876 3418 sed
2896 3378 2961 3418 ex
2994 3359 3158 3417 nihilo
3207 3371 3282 3417 tot
3312 3359 3563 3417 substan-

1978 3435 2077 3517 tias
2099 3434 2340 3517 protulit,
2365 3433 2557 3516 quibus
2586 3433 2723 3488 bona
2753 3432 3266 3517 gloriandistrjbuit:
3295 3431 3557 3517 Qmuipo-

1976 3502 2281 3568 tens'vcro,
2326 3502 2434 3558 imo
2478 3503 2592 3572 ipsa
2635 3502 3019 3572 omnipotentia
3068 3503 3190 3559 hinc
3233 3502 3557 3568 declaratur.

1975 3576 2117 3646 quod
2141 3585 2336 3630 tantam
2358 3573 2655 3646 machinam
2674 3590 2851 3630 rerum
2867 3575 3389 3646 cumomnibnsqntn
3409 3582 3556 3646 sunt,

1978 3643 2149 3716 potuit
2171 3661 2235 3702 ex
2279 3644 2446 3700 nihilo
2484 3643 2736 3716 formare,
2782 3653 2836 3716 et_
2862 3645 3036 3716 omnis
3064 3653 3305 3716 creatura
3334 3658 3457 3716 eum
3488 3644 3559 3697 ad

1978 3712 2356 3773 inconveniens
2384 3729 2488 3768 non
2529 3713 2714 3779 ﬂectit,
2744 3714 2838 3769 sed
2860 3712 3115 3782 quidquid
3145 3721 3247 3775 est,
3279 3713 3430 3782 nutui
3458 3726 3558 3766 suo

1978 3794 2147 3858 paret.
2182 3787 2319 3858 Ecce
2364 3792 2471 3837 tota
2520 3784 2743 3858 munitio
2782 3780 2974 3858 vestra}
2999 3780 3379 3852 propositionis
3413 3780 3560 3852 jacet

1978 3852 2195 3911 subruta
2217 3855 2383 3908 ariete
2407 3852 2703 3907 manifestze
2722 3852 2996 3907 rationis‘.

2047 3924 2274 3980 CAPUT
2313 3922 2475 3978 XXII.
2521 3922 2668 3977 Unde
2695 3938 2774 3977 res
2804 3931 3005 3977 rreatw.
3058 3920 3179 3977 Non
3213 3938 3276 3977 ea:
3305 3921 3405 3975 Dei
3431 3923 3556 3977 sub-

1977 3996 2181 4052 stantia.
2226 3993 2346 4047 Non
2376 4010 2439 4048 ea:
2466 3994 2676 4047 materia
2699 3993 2788 4048 sed
2813 4010 2875 4047 ea:
2898 3993 3076 4047 nihilo.
3109 3992 3210 4059 Qui
3252 4000 3418 4046 tamen
3455 4009 3559 4046 non

1979 4081 2043 4121 er
2065 4065 2242 4119 nihilo.
2279 4064 2418 4119 Disc.
2443 4063 2584 4120 Utile
2609 4073 2693 4118 est
2730 4063 3000 4118 munimen
3030 4063 3229 4118 erroris
3273 4063 3476 4127 subrui,
3503 4072 3560 4117 et

1977 4150 2156 4191 arcem
2198 4135 2439 4190 veritatis
2482 4134 2741 4195 construi.
2784 4136 2936 4197 cuius
2984 4132 3385 4189 fundamentum
3432 4133 3557 4201 quia

1977 4222 2139 4276 super
2168 4205 2354 4260 omnia
2379 4214 2648 4276 creantem
2684 4205 2945 4260 stabiliter
2981 4204 3187 4268 locasti,
3233 4212 3479 4276 superest
3500 4213 3561 4258 ut

1979 4274 2278 4332 machinam
2323 4291 2484 4346 super
2509 4275 2767 4346 originem
2811 4283 3089 4346 creaturas,
3117 4274 3451 4346 consolidcs,
3495 4288 3559 4327 ac

1981 4348 2137 4403 finem
2180 4345 2362 4401 mundi
2392 4345 2556 4402 initio
2576 4345 2934 4415 continuando
2958 4345 3211 4407 aediﬁces.
3241 4345 3560 4413 culmenque

1980 4418 2032 4472 in
2075 4418 2185 4472 alto
2226 4418 2372 4488 regni
2421 4418 2681 4475 caelorum
2733 4430 3094 4488 consummes.
3138 4415 3318 4488 Itaque
3356 4416 3561 4467 ratione

1979 4489 2237 4558 probante
2282 4485 2686 4558 nobisinsinua
2711 4494 2887 4541 utrum
2927 4485 3251 4558 universitas
3295 4492 3557 4558 creatura;

1978 4554 2042 4613 ex
2071 4558 2340 4614 Creatoris
2386 4556 2704 4617 substantia,
2753 4570 2819 4610 an
2844 4571 2906 4625 ex
2944 4555 3119 4625 aliqua
3148 4554 3558 4622 prmxisteute'

1978 4629 2221 4687 materia.
2248 4643 2315 4680 an
2342 4641 2406 4681 ex
2438 4626 2605 4680 nihilo
2630 4627 2699 4679 sit
2720 4624 2952 4678 condita.

2050 4700 2186 4754 MAG.
2220 4696 2385 4766 Hujus
2405 4703 2686 4751 structum
2712 4709 3020 4764 compagem
3043 4692 3130 4766 hic
3156 4692 3344 4766 artifex
3371 4706 3560 4747 corro-

1981 4769 2204 4830 beravit,
2235 4763 2387 4833 cujus
2428 4780 2561 4836 opus
2586 4766 2780 4836 nullius
2809 4763 3077 4836 augmenti
3126 4763 3377 4836 molimen
3427 4777 3562 4817 con-

1980 4838 2271 4911 quassabit.
2295 4837 2377 4892 Ex
2415 4834 2722 4911 substantia
2752 4835 3019 4911 Creatoris
3047 4847 3106 4911 se
3129 4848 3248 4911 esse
3274 4834 3385 4900 ipsa
3412 4848 3561 4886 crea-

1980 4903 2097 4965 tura
2116 4917 2287 4979 negat,
2313 4916 2367 4962 et
2386 4906 2607 4979 evidens
2627 4904 2912 4979 ratio__totis
2940 4905 3104 4979 armis
3132 4903 3245 4957 suis
3273 4912 3554 4971 repugnat.

1981 4982 2121 5036 Deus
2147 4974 2375 5048 namque
2399 4985 2483 5032 est
2510 4974 2872 5048 immutabilis,
2896 4974 3079 5048 amnis
3106 4983 3286 5028 autem
3313 4981 3560 5048 creatura

1977 5049 2250 5106 mutabilis
2279 5043 2303 5101 ε’
2324 5063 2444 5117 qua:
2472 5048 2517 5103 si
2538 5062 2604 5102 ex
2634 5045 2959 5117 immutabili
2973 5053 3155 5117 natura
3188 5043 3561 5117 processiSset.

1979 5113 2373 5190 consequenter
2410 5127 2466 5174 et
2492 5120 2608 5187 ipsa
2650 5116 2995 5190 immutabilis
3022 5113 3563 5190 pcrduraretL-Porro

1979 5193 2025 5248 si
2050 5182 2413 5258 corruptibilis
2457 5182 2643 5243 natura
2670 5202 2734 5242 ex
2776 5182 3194 5258 Dei-substantia
3222 5182 3450 5253 prodiit,
3478 5197 3565 5237 se-

1980 5263 2163 5334 quitur
2181 5255 2442 5334 quodDei
2473 5258 2702 5334 essentia
2731 5255 3200 5334 corrumpipossit
3219 5268 3423 5334 {quam
3453 5267 3565 5334 cte-
3610 5316 3617 5323 '

1977 5323 2057 5389 ca:
2096 5323 2290 5387 mentis
2329 5332 2585 5386 insaniam
2607 5328 2786 5397 jacula
2828 5323 3049 5381 ratiduis
3069 5323 3405 5397 confodiunt,
3452 5331 3505 5377 et
3533 5337 3566 5378 a

1980 5398 2263 5480 praesentia
2290 5402 2528 5480 veritatis
2577 5395 2733 5480 longe
2772 5395 3230 5480 rejiciunt.._Qu_od
3272 5402 3562 5480 autem‘e‘x

1981 5465 2123 5530 hulla
2150 5472 2481 5529 substantiali
2510 5465 2728 5525 materia
2771 5465 2989 5523 condita
3017 5467 3106 5529 sit,
3158 5465 3283 5521 hinc
3325 5471 3558 5528 constat,

1978 5544 2123 5620 quod
2173 5543 2304 5598 nibil
2358 5550 2550 5611 praeter
2582 5540 2746 5594 Deum
2798 5536 2977 5593 fuerit.
3025 5538 3208 5595 llestat
3245 5549 3376 5615 ergo
3416 5533 3564 5598 attat!

2044 5637 2064 5705 ξ
2101 5635 2239 5705 editi,
2256 5645 2377 5705 arce
2390 5628 2633 5705 maturem
2651 5627 2853 5682 erroris.

2044 5699 2065 5731 ²
2100 5704 2228 5757 διες»,
2254 5699 2507 5757 existente.

2048 5758 2122 5824 (a)
2156 5753 2223 5812 tta'
2243 5757 2474 5811 nam.
2500 5756 2585 5811 tib.
2611 5756 2661 5820 1,
2677 5767 2784 5823 cap.
2817 5753 2887 5808 ιϐ.
