4100 6212
564 152 581 187 I

414 312 607 371 -1025

466 425 677 498 modoa
706 417 1312 498 statnimmutabilitatis
1355 414 1682 498 degenerant
1710 431 1724 470 :
1754 412 1874 470 talis
1913 428 2034 498 niu-

468 496 697 553 tabilitas
717 500 799 549 est
824 493 899 548 eis
928 490 1169 561 qutedam
1196 488 1513 544 mortalitas.
1543 488 1752 541 Animae
1772 499 1899 540 vero
1924 488 2034 540 sic-

468 577 528 623 ut
560 574 684 621 sunt
719 579 815 634 per
862 562 1040 617 omnia
1067 561 1372 634 mutabiles,
1403 561 1475 614 ita
1510 572 1733 634 quoque
1759 571 1897 626 pene
1930 570 2041 634 _per

471 637 647 692 omnia
678 626 948 690 mortales.
978 634 1118 688 Deus
1146 632 1342 756 quifpe
1360 626 1363 627 ⁷
1383 638 1465 685 est
1515 629 1622 682 vita
1650 627 1874 691 animm,
1900 626 2041 681 sicut

471 709 582 756 insa
609 715 691 756 est
726 705 830 756 vita
858 703 1135 756 corporis:
1162 716 1219 756 se
1282 701 1421 756 sicut
1449 708 1717 753 mortuum
1744 706 1824 752 est
1849 711 2041 756 corpus

468 709 582 778 ipsa
609 715 691 778 est
726 705 830 778 vita
858 703 1146 778 corporis.:_
1162 701 1257 778 sed
1282 701 1421 778 sicitt
1449 708 1717 778 mortuum
1744 706 2044 778 esticorpus

467 769 677 848 quando
706 769 1086 848 animam'non
1124 771 1325 848 habet,
1368 773 1440 825 ita
1488 769 1665 848 anima
1709 775 1917 848 mortua
1959 774 2045 848 est

464 837 585 902 cum
619 846 726 901 Deo
763 853 940 908 caret;
982 845 1067 898 vel
1111 843 1247 898 sicut
1269 856 1448 897 caecus
1468 840 1652 894 oculus
1692 846 1932 908 mortuus
1959 837 2044 891 di-

466 918 605 972 citur
630 931 750 970 cum
778 917 895 971 luce
922 906 1273 984 privatimsic
1291 910 1470 984 anim_a
1491 921 1719 984 mortua,
1744 923 1865 984 etim
1889 906 2043 984 beata

468 988 576 1041 vita
604 1003 722 1056 qua:
748 995 828 1041 est
860 977 998 1039 Deus
1040 1000 1144 1039 non
1173 983 1384 1056 l_ruitur_.
1415 981 1740 1056 Solus_e_rgo
1780 977 2044 1056 Deus__lia-

468 1058 558 1112 bet
605 1047 1079 1121 immortalitatem,
1112 1054 1233 1123 quia
1265 1047 2043 1123 nullamrecipit'mutabilita-

467 1137 597 1182 tem.
622 1127 719 1181 Hic
757 1126 917 1181 etiam
948 1125 1094 1179 solus
1122 1120 1207 1179 est
1237 1121 1536 1188 invisibilis,
1569 1120 1690 1191 quia
1728 1120 1864 1191 nulli
1889 1131 2044 1191 crea—

430 1252 434 1257 .
468 1206 603 1252 turne
627 1198 691 1251 ad
715 1198 929 1265 plenum
955 1193 1317 1263 intelligibilis.
1347 1192 1548 1260 Nempe
1575 1189 1760 1261 Angeli
1781 1198 1835 1244 et
1854 1189 2046 1265 anima:

470 1258 745 1341 beatorum
771 1282 870 1322 suo
898 1281 1065 1341 more,
1096 1258 1201 1341 non
1231 1272 1433 1341 nostro,
1463 1258 1584 1316 eum
1611 1258 1822 1329 semper
1841 1258 2043 1341 vident;

468 1352 573 1392 non
604 1353 701 1407 per
726 1336 1000 1391 intervalla
1031 1335 1345 1403 spatiorum,
1369 1332 1506 1407 sicut
1547 1346 1646 1387 nos
1675 1343 1929 1407 corporea
1960 1332 2043 1407 vis

467 1401 676 1471 demtis,
704 1407 795 1462 sed
833 1409 967 1461 intra
997 1401 1139 1459 se’et
1167 1413 1315 1459 extra
1346 1418 1405 1459 se
1427 1443 1442 1467 ,
1476 1403 1526 1456 in
1553 1401 1699 1456 omni
1726 1406 2049 1471 creaturaict

472 1488 622 1533 extra
651 1468 862 1532 omuent
912 1486 1207 1531 creaturam
1237 1488 1358 1528 eum
1390 1472 1760 1541 conspiciunt,
1807 1478 1863 1541 et
1902 1468 2049 1524 nullo

474 1549 774 1603 intellectus
815 1548 1003 1601 intuitu
1026 1544 1424 1614 amplitudinem
1473 1540 1584 1597 sua:
1609 1540 2045 1614 claritatisexce-

471 1618 623 1673 dunt.
658 1619 724 1673 Et
752 1619 872 1685 quia
896 1632 999 1670 non
1032 1612 1257 1685 pleniter
1277 1614 1345 1668 ab
1372 1613 1501 1682 ipsis
1519 1623 1586 1685 Aut
1614 1612 1890 1685 aseipso
1915 1624 2049 1685 con-

469 1680 805 1759 spieiturvel
826 1680 1175 1759 fitﬁtitcllig'itur,
1205 1684 1325 1739 ideo
1354 1680 1498 1759 Stilus
1517 1680 1803 1759 invisibilis
1829 1680 2046 1759 dicitur.

545 1758 772 1813 CAPUT
822 1750 1043 1812 XXXII:
1087 1750 1344 1821 Quatenus
1384 1754 1532 1807 homo
1580 1754 1649 1806 ad
1697 1750 1969 1821 imaginem
2001 1758 2050 1821 et

474 1829 855 1883 similitudinem
891 1828 981 1881 Dei
1025 1819 1239 1881 creatus.
1285 1824 1382 1879 lies
1409 1824 1570 1878 omnis
1595 1819 1818 1893 aliquant
1849 1819 2049 1893 Dei_si-

473 1900 807 1952 militudine»:
855 1898 1021 1951 habet.
1065 1897 1273 1950 Animas
1312 1911 1422 1950 esse
1461 1888 1692 1949 wternas'.
1745 1893 1889 1946 Dtsc.
1930 1888 2051 1946 Jam

478 1969 655 2023 divina
714 1978 898 2021 natura
945 1982 1066 2021 cum
1118 1966 1355 2034 angelica
1405 1965 1456 2020 in
1508 1964 1606 2018 hac
1659 1963 1788 2034 turri
1820 1969 2051 2034 tenente

480 2048 713 2109 sceptra,
747 2052 871 2109 ecce
901 2036 1128 2091 humana
1153 2028 1337 2109 natura
1359 2035 1634 2109 legionem
1642 2032 1887 2109 adducit;
1913 2039 1969 2085 et
1983 2028 2051 2083 ad

480 2102 890 2177 impugnandam
919 2123 1033 2161 eam
1065 2105 1374 2177 machinam?
1392 2102 1567 2172 erigit.
1600 2102 2052 2177 Quieriturnam-

478 2170 583 2251 quc
609 2170 875 2251 quotmqu
906 2177 1072 2251 homo
1109 2176 1176 2231 ad
1223 2170 1504 2251 imaginem
1552 2183 1608 2228 et
1650 2170 2051 2251 similitudinem

446 2278 449 2287 -
479 2241 574 2304 Dei
606 2241 863 2303 formatus
887 2247 1094 2302 dicatur
1122 2264 1135 2300 :
1167 2262 1288 2303 cum
1328 2241 1470 2299 utilia
1499 2242 1866 2299 convenientia
1905 2241 2053 2296 simi-

481 2319 720 2373 litudinis
749 2319 836 2373 Dei
865 2318 916 2372 in
946 2317 1160 2372 homine
1179 2316 1553 2383 conspiciatur.

550 2389 690 2445 MAG.
721 2388 1079 2457 lmpugnantia
1117 2403 1147 2441 a
1193 2385 1606 2457 repugnantibus
1658 2387 2048 2457 expugnantur,

477 2458 603 2515 dttm
631 2452 986 2530 prtecc'de'ntia
1018 2475 1056 2530 a_
1082 2452 1527 2530 consequentibus
1571 2452 2052 2530 inexpugnabiliter

481 2523 819 2603 roborantur.
879 2531 990 2603 Duo
1044 2523 1290 2603 homines
1336 2526 1660 2603 scribuntur,
1700 2523 2055 2603 ’iuterioret

479 2603 733 2655 exterior.
761 2600 985 2654 Interior
1028 2598 1238 2660 anima,
1280 2596 1515 2653 exterior
1553 2607 1778 2663 corpus;
1834 2592 2056 2663 interior

481 2669 1040 2742 invisibilis,_ex_t_erior
1065 2668 1304 2742 visibilis.
1329 2665 1616 2742 invisibilis
1653 2661 1786 2731 ergo
1811 2661 1877 2742 ad
1918 2661 2054 2742 ima-

481 2740 657 2809 ginem
687 2749 741 2792 et
762 2738 1160 2809 similitudinem
1188 2736 1467 2809 invisibilis
1499 2735 1588 2789 Dei
1613 2742 1697 2809 est
1720 2741 1952 2809 creatus,
1971 2735 2055 2785 vi-

482 2801 650 2861 sibilis
674 2817 847 2861 autem
884 2807 1172 2861 secundum
1199 2806 1457 2859 visibilem
1481 2803 1745 2858 mundum
1762 2811 1840 2856 est
1863 2801 2057 2857 forma-

485 2887 595 2932 tus.
619 2877 762 2931 Deus
787 2875 1067 2930 invisibilis
1095 2883 1178 2930 est
1202 2876 1253 2928 in
1276 2874 1568 2930 substantia
1605 2872 1798 2937 unitas,
1840 2872 1891 2925 in
1932 2886 2055 2940 per:

484 2946 633 3001 sonis
663 2946 889 3001 trinitas.
924 2946 1145 3002 Interior
1190 2958 1318 3015 ergo
1357 2944 1536 3009 homo,
1570 2943 1620 2998 id
1649 2951 1752 3007 est,
1784 2939 2055 3015 animaad

490 3016 773 3086 imaginem
803 3016 1017 3071 unitatis
1046 3024 1127 3071 est
1152 3012 1328 3086 creata
1353 3032 1367 3079 ;
1399 3015 1518 3081 quia
1541 3028 1665 3086 non
1713 3021 1795 3066 est
1819 3012 2056 3086 partibus

485 3095 542 3140 ut
560 3083 755 3154 corpus
792 3087 1114 3156 composita.
1143 3085 1249 3156 sed
1279 3095 1363 3142 est
1398 3085 1619 3156 simplex
1649 3091 1833 3137 natura
1864 3090 1919 3139 et
1949 3083 2053 3156 im-

486 3152 727 3229 mortalis
755 3152 986 3229 esseuiia
1014 3157 1053 3212 ¹.
1086 3155 1161 3229 (a)
1205 3157 1300 3211 Est
1342 3152 1566 3229 quoque
1594 3154 1732 3208 Deus
1778 3152 2051 3229 memoria,

484 3243 603 3297 qutr.
622 3228 773 3282 suiet
797 3227 1031 3282 omnium
1061 3223 1179 3297 quin
1204 3235 1327 3280 sunt
1350 3223 1615 3297 meminit,
1636 3239 1755 3293 quae
1780 3223 1939 3279 Pater
1959 3237 2058 3278 uo-

489 3295 721 3352 minatur
752 3314 767 3351 :
800 3313 865 3352 ex
901 3312 1005 3367 qua
1054 3295 1393 3367 intelligentia
1439 3295 1692 3367 nascitur,
1725 3309 1843 3360 qum
1888 3308 1948 3347 se
1996 3300 2052 3346 et

484 3376 673 3422 cuncta
700 3382 819 3435 qum
866 3364 991 3420 sunt
1025 3365 1299 3435 intelligit,
1328 3380 1446 3433 qua:
1484 3364 1650 3418 Filius
1678 3371 2010 3435 nuncupatur
2041 3379 2055 3416 :

486 3452 551 3490 cx
579 3433 802 3503 utraque
827 3435 1042 3489 dilectio
1060 3433 1296 3503 procedit
1315 3474 1331 3497 ,
1353 3450 1470 3502 qua:
1496 3448 1556 3487 se
1587 3445 1640 3487 et
1661 3433 1909 3503 universa
1931 3446 2052 3503 quae

487 3515 612 3559 sunt
651 3501 845 3575 diligit,
876 3520 995 3574 quae
1023 3501 1249 3574 Spiritus
1279 3501 1492 3575 sanctus
1519 3511 1756 3575 vocatur.
1787 3501 1866 3555 Ad
1898 3501 2055 3569 hujus

488 3572 769 3646 Trinitatis
794 3572 1079 3646 imaginem
1118 3575 1294 3646 anima
1321 3573 1587 3646 conditur,
1618 3572 1741 3627 dum
1772 3576 1819 3626 ei
1850 3586 2057 3646 memo-

488 3645 586 3710 ria,
611 3642 929 3710 iutellectus’,
958 3644 1400 3699 ratiodilectionis
1418 3642 1633 3706 inditur;
1666 3643 2057 3711 prmteritorum

486 3731 715 3787 namque
744 3715 1003 3787 meminit,
1036 3714 1316 3770 invisibilia
1342 3712 1765 3787 intelligittmala
1792 3726 2057 3787 respuens

485 3783 834 3855 bona'tliligit.
874 3786 966 3841 Dei
1007 3800 1217 3855 quoque
1245 3783 1473 3855 essentia
1504 3783 1729 3855 estlux,
1757 3783 1883 3847 vita,
1906 3783 2059 3855 justi-

490 3856 584 3916 tia,
615 3853 842 3922 bonitas,
867 3853 1159 3912 beatitudo.
1190 3854 1267 3909 Ad
1292 3854 1429 3909 hanc
1448 3853 1843 3908 similitudinem
1882 3853 2058 3907 anima

484 3924 624 3981 facta
654 3936 768 3992 est;
802 3937 858 3981 ttt
901 3929 971 3983 sit
1010 3925 1178 3981 lucida
1200 3966 1215 3987 ,
1247 3925 1418 3979 vitalis
1442 3965 1455 3986 ,
1496 3923 1848 3993 justa,bona,
1879 3922 2055 3993 beata.

491 3995 742 4051 Exterior
768 4013 895 4052 vero
913 3997 1094 4062 homo,
1122 3994 1173 4050 id
1198 4003 1299 4059 est,
1327 3992 1522 4063 corpus
1545 3992 1776 4063 quodam
1810 3992 1967 4047 modo
1993 3992 2060 4047 ad

484 4068 759 4136 exemplar
785 4068 966 4122 mundi
994 4062 1510 4136 lorutatur,‘dum’ex
1528 4062 1755 4136 quatuor
1781 4062 2060 4136 clementis

485 4132 887 4206 compaginatur
918 4155 930 4190 :
959 4136 1097 4191 unde
1142 4134 1627 4206 et_microcosmu_s,
1657 4132 1709 4187 id
1754 4143 1855 4206 est,
1883 4133 2060 4206 minor

486 4201 1166 4276 ntmitiuscognomiuatur.
1201 4203 1271 4276 Et
1310 4207 1361 4256 in
1392 4203 1492 4276 hoc
1513 4203 1673 4276 etiam
1702 4204 1878 4256 anima
1900 4201 2061 4276 habet

484 4270 885 4329 similitudinem
928 4275 1039 4338 Dei,
1072 4273 1198 4329 dum
1229 4272 1342 4342 ipsa
1388 4270 1467 4342 sic
1502 4272 1760 4342 minorem
1805 4271 2059 4327 mundum

482 4343 778 4412 gubernat,
812 4353 870 4398 ut
899 4344 1037 4399 Deus
1067 4339 1343 4411 majorem.
1374 4339 1560 4412 omnis
1585 4355 1796 4411 quoque
1816 4350 2060 4398 creatura

483 4410 581 4483 per
602 4413 797 4484 aliquid
824 4410 1223 4469 similitudinem
1241 4412 1333 4468 Dei
1358 4410 1535 4478 habet,
1558 4410 1617 4467 et
1637 4420 1889 4484 quantum
1913 4427 2060 4484 quae-

450 4481 588 4551 'quc
631 4481 782 4540 alteri
813 4494 895 4540 est
924 4485 1283 4546 excellentior,
1322 4492 1522 4538 tantum
1576 4491 1659 4537 est
1697 4481 1769 4535 illi
1812 4481 2055 4538 similior.

480 4552 605 4626 ipse
629 4555 824 4626 quippe
861 4565 964 4618 est.
995 4555 1141 4622 vivit,
1169 4555 1345 4620 sentit,
1376 4568 1470 4624 per
1496 4552 1757 4626 rationem
1783 4552 2056 4626 discernit.

480 4622 863 4697 Lapides'ergo
910 4622 1432 4697 ejusrsintilitudine
1459 4639 1518 4697 se
1565 4622 1889 4697 adjuuguut;
1936 4623 2057 4692 quia

480 4693 628 4767 sunt.
655 4693 887 4753 Arbores
916 4693 1080 4767 magis
1105 4695 1438 4752 similitudini
1467 4694 1583 4767 ejus
1603 4693 2052 4767 appropinquant;

478 4765 601 4836 quia
632 4777 790 4831 sunt,
827 4776 881 4822 et
907 4764 1200 4823 crescendo
1243 4767 1443 4820 vivunt.
1490 4766 1725 4835 Quasque
1770 4764 2055 4836 animantia

480 4834 651 4908 multo
672 4838 838 4908 magis
858 4839 973 4905 ejus
994 4836 1394 4908 similitudinem
1416 4836 1738 4908 exprimunt;
1763 4834 1888 4908 quia
1910 4842 2054 4908 sunt,

476 4906 663 4962 vivunt
690 4904 1021 4963 et‘Sentiunt.
1057 4908 1223 4963 Porro
1249 4907 1299 4961 in
1332 4906 1637 4960 hominibus
1667 4919 1722 4960 et
1761 4904 1812 4959 in
1837 4905 2057 4973 Angelis

477 4977 771 5034 similitudo
802 4979 894 5034 Dei
922 4980 1151 5033 maxime
1191 4977 1445 5047 refulget;
1475 4976 1597 5046 quia
1635 4985 1759 5031 sunt
1782 5016 1798 5042 ,
1836 4975 2053 5042 vivunt,

474 5048 716 5103 sentiunt
735 5088 748 5102 .
780 5058 835 5105 et
864 5049 1069 5103 ratione
1097 5047 1428 5102 discernunt.

546 5119 766 5173 Animas
793 5128 968 5173 autem
1007 5124 1218 5172 constat
1258 5131 1377 5171 esse
1421 5124 1669 5171 :eternas.
1717 5115 1771 5171 Si
1804 5116 1947 5171 enim
1987 5116 2055 5172 ad

470 5187 758 5244 videndum
790 5188 957 5244 Deum
1005 5187 1157 5242 facta:
1207 5186 1584 5256 praedicantur,
1624 5188 1928 5242 necessario
1964 5202 2054 5244 se-

474 5258 674 5327 quitur,
707 5269 762 5313 ut
790 5260 927 5314 sicut
954 5259 1093 5312 Deus
1142 5257 1297 5312 linem
1328 5272 1431 5311 non
1476 5257 1673 5311 habere
1700 5257 1951 5320 creditur,
1981 5258 2053 5313 ita

388 5337 422 5426 1
473 5329 667 5387 animae
696 5329 845 5385 illum
875 5330 1068 5386 visura:
1106 5328 1222 5385 sine
1251 5327 1353 5383 ﬁne
1383 5328 1561 5384 vivere
1588 5344 1691 5383 non
1720 5327 2048 5385 dubitentur.

533 5484 550 5517 ¹
589 5490 639 5536 In
661 5491 733 5546 8.,
764 5486 851 5540 sed
866 5492 937 5539 est
958 5483 1166 5552 simplex
1191 5489 1404 5547 natura,
1447 5487 1494 5535 et
1518 5481 1803 5536 immortalis
1824 5482 2046 5535 essentia.

466 5549 541 5595 Er.
566 5547 714 5595 tused.
739 5555 938 5595 Ven.‘et
959 5555 1068 5595 Lov.
1102 5547 1258 5595 secuti
1280 5559 1465 5595 sumus.
1508 5559 1631 5595 tutos
1654 5552 1705 5595 et
1745 5547 1846 5595 ipsa
1883 5553 2046 5595 secuta

468 5582 1085 5673 atramenta};
1102 5582 1639 5673 Xiiit'ér‘itiéiniiimiifii;
1654 5582 1759 5673 “ui

444 5704 452 5711 ι
534 5666 608 5730 (tt)
644 5670 745 5721 vid.
771 5669 978 5721 Auselml
998 5666 1473 5735 Monolog.ca'pp.59,
1490 5670 1674 5734 60,72;
1696 5669 1795 5722 vid.
1814 5670 2045 5725 Elucidar.

473 5728 551 5785 Ib.
574 5730 621 5796 ι,
644 5742 784 5796 capp.
812 5732 890 5796 ll,
914 5732 990 5782 3t.

739 5555 938 5618 Venet
959 5547 1068 5598 Lov'.
1102 5547 1258 5618 secuti
1280 5559 1465 5618 sumus,
1504 5559 1631 5618 quos
1654 5547 1846 5618 et__ipsa
1883 5553 2052 5597 secuta
2081 5551 2094 5561 '

1916 294 2291 358 APPENDIX.’

3604 306 3752 371 ιοει

2152 413 2249 471 sed
2292 413 2568 541 gt‘iataritur3
2618 421 2795 472 utrum
2847 415 2956 475 illae
2983 417 3176 476 anima:
3212 417 3550 506 immortales
3585 421 3702 483 sint
3723 468 3744 495 ,

2152 500 2269 541 uuae
2373 501 2463 541 um
2516 501 2711 541 Vtsurte
2739 502 2846 541 non
2891 497 3034 541 sunt.
3088 489 3289 541 Omnes
3339 508 3548 541 animas
3579 497 3744 541 unin-

2149 500 2269 557 quae
2294 487 2463 541 Deum
2516 487 2711 542 visura:
2739 502 2846 543 non
2891 497 3034 545 sunt.
3088 489 3289 546 Omnes
3339 493 3548 549 animas
3579 487 3747 553 unius

2150 565 2357 631 constat
2382 572 2503 613 esse
2530 566 2767 623 naturae;
2792 566 2852 631 et
2885 559 2931 614 si
2961 560 3205 631 quaedam
3234 561 3429 617 anima:
3455 564 3741 622 immorta-

2151 626 2233 704 les
2253 637 2395 704 sunt_,
2424 643 2553 698 ergo
2577 643 2763 704 omnes
2789 626 3118 685 immortales
3154 640 3279 704 sunt
3310 649 3324 685 :
3356 633 3519 704 igitur
3544 652 3740 693 omnes

2148 696 2342 770 anima:
2359 696 2522 753 Deum
2550 699 2745 753 visura:
2761 714 2975 770 semper
2995 710 3153 756 erunt
3181 696 3456 767 beattefet
3480 721 3607 761 eum
3628 724 3741 764 non

2150 768 2341 823 visura:
2362 782 2573 835 semper
2597 770 2806 825 miserae
2834 771 2875 827 ¹.

2220 837 2448 893 CAPUT
2474 838 2714 894 XXXIII.
2746 840 2930 894 Anima
2965 842 3101 895 unde
3124 851 3227 897 tam
3269 844 3433 898 multa
3480 846 3650 901 videat
3686 848 3741 902 in

2149 909 2358 963 somnis.
2386 907 2491 964 Cur
2538 926 2593 964 se
2628 926 2730 965 non
2774 910 2957 965 uideat.
2990 912 3135 968 Disc.
3166 912 3320 970 Unde
3355 916 3550 973 animm
3592 928 3739 974 tanta

2149 978 2331 1034 vident
2352 978 2403 1033 in
2424 979 2662 1035 somnis?

2220 1049 2359 1105 MAG.
2382 1051 2573 1105 Anima
2599 1051 2879 1107 insatiabili
2903 1051 3194 1121 cupiditate
3220 1054 3422 1109 sciendi
3453 1057 3736 1113 veritatem

2150 1128 2416 1194 captatur,
2447 1129 2502 1176 et
2527 1121 2657 1194 ideo
2700 1136 2913 1194 semper
2959 1122 3010 1176 in
3053 1125 3465 1194 cogitationibus
3493 1137 3736 1193 vagatur;

2151 1189 2377 1268 ideoqite
2398 1191 2642 1268 sensibus
2665 1189 2903 1268 corporis
2925 1189 3145 1268 sopitis;
3161 1209 3270 1268 per
3287 1189 3738 1268 miiigmaui'qumL

2150 1260 2273 1314 dam
2291 1259 2483 1332 "futura
2505 1263 2639 1332 Deo
2681 1259 2954 1318 revelante
2977 1259 3255 1332 prmvidet,
3285 1259 3553 1321 interdum
3593 1259 3737 1323 circa

2151 1329 3116 1407 verisi_r_ttilia_dial_)olo_lallenteianxia
3148 1335 3366 1407 languet
3392 1354 3406 1389 :
3440 1337 3735 1407 aliquando

2154 1400 2372 1476 Angelis
2401 1402 2481 1476 vel
2512 1402 2794 1476 animabus
2807 1402 3215 1476 confabulatur,
3246 1400 3593 1476 aliquando'a
3620 1409 3734 1462 da:-

2153 1471 2399 1526 mouibus
2444 1471 2760 1527 ludificatur.
2805 1473 2930 1528 Haec
2980 1474 3032 1528 in
3094 1475 3309 1530 modum
3337 1471 3495 1533 ’θαιΙί
3536 1488 3733 1536 eastern

2152 1543 2328 1615 omnia
2361 1541 2527 1615 videt,
2550 1558 2610 1597 se
2635 1543 2804 1615 ipsam
2832 1542 3016 1615 videre
3042 1558 3149 1600 non
3169 1555 3366 1615 potest.

2228 1611 2370 1667 Dtsc.
2402 1611 2541 1666 Cura
2585 1611 2738 1667 nobis
2765 1629 2868 1667 non
2901 1613 3144 1669 videtur?

2223 1681 2364 1738 Msa.
2393 1683 2535 1760 Quia
2571 1693 2676 1737 tam
2703 1684 2937 1760 ._subti_lis
2968 1683 3086 1760 ejus
3116 1693 3305 1760 natura
3341 1684 3558 1752 dicitur.
3590 1689 3733 1760 quod

2154 1766 2272 1825 sea
2296 1754 2568 1821 corporeis
2604 1753 2774 1825 oculis
2824 1753 3136 1810 videri'non
3193 1756 3411 1825 patitur.
3464 1753 3734 1824 Quantum

2153 1822 2296 1877 enim
2316 1837 2451 1892 aqua
2492 1822 2703 1878 tenuior
2726 1832 2808 1879 est
2833 1832 2996 1889 terra,
3021 1822 3224 1880 tantum
3254 1842 3349 1881 aer
3371 1822 3624 1885 subtilior
3650 1840 3734 1886 est

2153 1907 2320 1962 aqua;
2367 1901 2422 1964 et
2448 1904 2701 1964 quantum
2748 1894 3000 1950 aetherius
3038 1896 3175 1964 ignis
3212 1912 3391 1951 aerem
3440 1901 3732 1964 tenuitate,

2157 1970 2358 2035 tantum
2370 1963 2538 2018 vincit
2563 1965 2753 2035 anima
2770 1964 2945 2035 ignem
2972 1963 3245 2023 ctelestem
3262 1968 3574 2024 subtilitate.
3612 1971 3735 2027 lltec

2153 2042 2239 2105 est
2260 2034 2402 2089 enim
2428 2048 2592 2105 causa
2620 2034 2761 2104 quod
2785 2034 2961 2091 nullus
2985 2037 3205 2105 spiritus
3229 2052 3258 2091 a
3289 2038 3441 2093 nobis
3469 2040 3727 2105 cernitur,

2153 2104 2276 2172 quia
2302 2103 2565 2160 subtilitas
2593 2103 2804 2161 illorum
2860 2103 3068 2162 naturte
3095 2117 3338 2162 nostrum
3369 2110 3539 2164 visum
3570 2103 3734 2166 eice;

2154 2173 2282 2229 dere
2314 2173 2567 2229 creditur.

2190 2188 2282 2229 ere
2314 2185 2567 2229 CI'CGIIIII'.

2226 2243 2450 2319 CAPUT
2480 2243 2720 2319 Χχιιιν.
2751 2243 2853 2313 ριιὶ
2875 2247 3165 2319 singulisin
3184 2248 3418 2303 membris
3434 2257 3554 2303 tota.
3579 2250 3735 2306 Dtsc.

2154 2314 2394 2389 Qualiter
2441 2316 2750 2385 perhibetur
2801 2314 2976 2371 anima
3024 2334 3120 2387 per
3163 2327 3331 2372 totum
3368 2334 3563 2389 corpus
3612 2335 3738 2377 esse

2155 2384 2368 2458 dill‘usa,
2399 2384 2454 2441 et
2486 2395 2663 2441 tamen
2703 2400 2809 2458 nou
2842 2390 3011 2458 magis
3027 2384 3089 2458 in
3130 2388 3401 2456 maximis,
3427 2384 3531 2445 nec
3558 2392 3737 2446 minus

2156 2470 2277 2511 esse
2306 2457 2359 2510 in
2384 2458 2640 2512 membris
2669 2456 2922 2529 minimis,
2938 2456 3043 2529 sed
3071 2458 3122 2512 in
3144 2459 3366 2529 singulis
3406 2461 3562 2516 tota?
3590 2460 3723 2517 Num

2158 2534 2238 2580 tot
2265 2536 2389 2581 sunt
2419 2535 2558 2593 tota,
2590 2537 2717 2595 quot
2747 2528 3026 2582 membra?

2229 2596 2368 2653 Msa.
2401 2596 2549 2652 Sicut
2579 2597 2822 2665 superius
2868 2597 3069 2654 dictum
3099 2608 3202 2664 est,
3240 2600 3285 2655 si
3331 2600 3511 2657 lumen
3540 2601 3733 2656 inme-

2155 2666 2305 2742 dium
2335 2675 2711 2742 ponatur,__uon
2738 2669 2914 2742 minus
2939 2670 2991 2742 in
3022 2670 3173 2733 meis,
3198 2680 3252 2725 et
3274 2687 3377 2725 non
3401 2673 3572 2742 magis
3598 2672 3734 2726 lucet

2158 2736 2210 2791 in
2232 2738 2452 2792 alterius
2477 2738 2664 2811 oculis,
2694 2737 2786 2811 sed
2816 2738 2868 2792 in
2912 2740 3131 2811 singulis
3151 2750 3340 2808 totum,
3367 2750 3423 2797 et
3451 2736 3518 2797 iu'
3533 2756 3596 2797 se
3623 2743 3734 2811 ipso

2157 2815 2340 2880 manet
2361 2816 2551 2880 totum;
2584 2808 2660 2862 sic
2686 2809 2863 2861 anima
2890 2810 3082 2880 ubique
3118 2811 3168 2865 in
3195 2826 3444 2880 corpore,
3470 2821 3529 2868 et
3554 2814 3606 2866 in
3629 2808 3735 2866 sin-

2156 2878 2296 3001 gulis
2337 2878 2591 2933 membris
2619 2887 2707 2934 est
2730 2886 2869 2943 tota;
2902 2878 3041 2935 unde
3067 2889 3207 2936 tacto
3232 2878 3339 2937 uno
3367 2883 3611 2966 membro
3634 2881 3732 2936 (ιο-

2178 2957 2232 3001 et
2253 2955 2381 3001 tota.
2405 2948 2521 3001 Non
2545 2958 2721 3001 tamen
2749 2955 2826 3001 tot
2852 2957 2959 3001 tota
2986 2962 3115 3001 nuot
3152 2952 3415 3001 membra-
3444 2968 3566 3001 nuta
3600 2954 3651 3001 In
3674 2967 3732 3001 se

2178 2957 2232 3003 et
2253 2955 2381 3003 tota.
2405 2948 2521 3004 Non
2545 2955 2827 3022 tamen_tot
2852 2957 2959 3003 tota
2986 2962 3115 3022 quot
3152 2952 3415 3017 membra,
3444 2954 3566 3022 quia
3600 2954 3651 3007 in
3674 2967 3734 3007 se

2158 3017 2272 3085 ipsa
2300 3027 2480 3074 manet
2506 3028 2648 3084 tota;
2697 3019 2838 3073 sicut
2875 3034 2980 3074 vox
3006 3017 3072 3075 in
3112 3022 3331 3079 auribus
3359 3017 3598 3078 omnium
3630 3038 3732 3077 non

2158 3088 2564 3157 particulariter,
2610 3089 2704 3145 sed
2730 3096 2886 3144 sonat
2912 3098 3042 3156 tota,
3073 3100 3129 3147 et
3170 3092 3222 3147 in
3247 3107 3307 3148 se
3346 3093 3462 3164 ipsa
3495 3096 3733 3149 remanet

2161 3166 2289 3214 tota.

2230 3228 2455 3285 CAPUT
2472 3228 2688 3285 XXXV.
2711 3228 2816 3301 ϐω·
2833 3246 2937 3285 una
2953 3229 3178 3287 discendi
3197 3233 3302 3287 alia
3314 3234 3572 3301 capacior.
3590 3234 3730 3289 Disc.

2163 3298 2218 3355 Si
2249 3314 2436 3374 omnes
2464 3302 2656 3374 animae
2686 3300 2849 3374 unius
2858 3310 3075 3374 naturae
3099 3313 3251 3374 sunt,
3282 3298 3536 3374 quidnam
3563 3319 3733 3360 causa:

2158 3370 2684 3495 sbinqtimdam
2712 3371 2957 3440 habilior,
3000 3373 3244 3443 qutedam
3284 3370 3488 3430 tardior
3537 3384 3622 3431 est
3666 3374 3731 3430 ad

2198 3455 2466 3495 tsceuuum
2487 3455 2503 3495 ’Ξ

2234 3510 2372 3567 MAG.
2396 3512 2586 3567 Anima
2613 3512 2773 3568 habet
2800 3514 3024 3567 formam
3042 3528 3184 3570 certe
3211 3515 3294 3570 vel
3318 3515 3576 3571 candela).
3598 3514 3731 3571 Cera

2159 3579 2351 3655 itabilis
2375 3591 2458 3637 est
2489 3582 2556 3636 ad
2576 3583 2980 3655 exprimendam
3007 3584 3312 3655 imaginem,
3342 3588 3388 3640 si
3422 3588 3472 3641 ci
3501 3586 3732 3653 sigillum

2162 3652 2514 3721 imprimatur;
2544 3653 2622 3707 sic
2645 3653 2861 3708 candela
2888 3653 2953 3708 ad
2980 3652 3284 3719 iacendum.
3315 3656 3360 3710 si
3389 3652 3729 3711 accendatur.

2162 3722 2213 3797 in
2238 3723 2378 3797 hunc
2410 3722 2625 3797 modum
2663 3725 2913 3797 exprimit
2939 3726 3122 3797 anima
3159 3727 3442 3797 imaginem
3474 3727 3732 3790 scientias,

2161 3793 2204 3876 si
2232 3792 2285 3846 ei
2326 3793 2646 3876 imprimitur
2671 3792 2899 3876 sigillum
2921 3794 3209 3876 doctrinae;
3236 3792 3523 3876 lumenque
3540 3797 3736 3876 verita:

2163 3863 2231 3917 tis
2255 3863 2546 3935 recipit,si
2573 3865 2693 3934 igne
2732 3864 3007 3932 sapientiae
3049 3879 3271 3922 accensa
3301 3863 3461 3921 luerit
3492 3884 3506 3920 :
3541 3882 3659 3935 qua:
3684 3867 3730 3921 si

2163 3948 2222 4005 se
2243 3949 2336 4002 per
2365 3934 2595 4005 studium
2628 3935 2709 3989 vel
2732 3936 3042 3990 exercitium
3067 3936 3295 3991 habilem
3324 3940 3344 3971 ⁸
3372 3934 3606 4005 przebere
3630 3951 3735 3991 ne-

2161 4004 2415 4075 glexerit,
2466 4004 2605 4060 sicut
2629 4020 2751 4060 cera
2805 4007 2921 4062 sine
2950 4007 3212 4075 imagine,
3251 4018 3305 4063 et
3334 4004 3470 4064 sicut
3513 4007 3738 4062 candela

2164 4074 2444 4147 inaccensa
2463 4076 2581 4131 sine
2607 4075 2831 4142 lumine,
2852 4078 2929 4131 sic
2954 4077 3008 4147 in
3031 4078 3264 4132 tenebris
3280 4079 3595 4147 ignorantia:
3618 4080 3736 4131 sine

2162 4144 2383 4199 scicntia
2418 4146 2737 4218 etiveritate
2766 4146 3080 4202 remanebit.
3107 4144 3325 4215 Quanto
3345 4149 3513 4218 magis
3554 4157 3731 4201 autem

2162 4228 2388 4284 quaeque
2412 4214 2587 4289 anima
2634 4230 2695 4289 se
2717 4218 2974 4289 doctrina:
3000 4214 3349 4289 adaptaverit,
3368 4236 3371 4237 '
3391 4214 3539 4289 muto
3569 4219 3736 4289 magis

2162 4299 2328 4358 capax
2357 4287 2592 4358 scientia:
2617 4287 2739 4342 erit.
2777 4287 2887 4343 Cur
2928 4287 3119 4343 autem
3137 4289 3273 4358 ignis
3302 4290 3468 4343 sancti
3499 4287 3731 4356 Spiritus

2161 4355 2418 4429 quasdam
2452 4357 2658 4429 animas
2684 4358 2973 4429 sehabiles
3011 4374 3119 4413 non
3154 4355 3471 4429 praebentes,
3506 4355 3737 4429 iunone-

2162 4426 2441 4497 gligeutes,
2470 4428 2669 4499 lumine
2692 4428 2934 4483 scientia:
2972 4430 3139 4499 magis
3156 4426 3441 4499 accendat,
3469 4426 3732 4499 quasdam

2161 4512 2268 4552 non
2311 4497 2605 4568 accendat;
2658 4497 2765 4568 imo
2803 4497 3116 4568 quibusdam
3161 4498 3517 4568 laborantibus
3558 4497 3738 4550 scien-

2163 4568 2289 4623 tiam
2320 4567 2625 4631 subtrahat,
2670 4567 2791 4622 aliis
2813 4567 3076 4623 similibus
3098 4584 3204 4624 non
3247 4567 3560 4631 subtrahat;
3596 4568 3736 4622 ratio

2163 4648 2444 4707 penetrare
2461 4653 2564 4692 non
2593 4637 2774 4692 valens
2794 4639 3037 4693 mirando
3054 4640 3249 4694 clamat
3268 4657 3282 4691 :
3311 4638 3357 4693 υ
3375 4655 3528 4707 quam
3544 4638 3741 4691 incauto

2162 4708 2656 4850 ῧίἰήἆηξεήιέἒῖξιηι
2673 4708 2873 4779 judicia
2899 4709 3015 4775 Dei,
3046 4719 3093 4764 et
3116 4709 3484 4781 investigabiles
3623 4708 3735 4778 ejus

2239 4795 2339 4833 om.
2363 4794 2434 4841 XI,
2460 4790 2549 4841 55)
2570 4790 2582 4833 Ξ
3601 4790 3607 4795 “

2233 4848 2460 4905 CAPUT
2492 4847 2731 4904 XXXVI.
2765 4850 2915 4917 Quod
2951 4866 3082 4906 unus
3122 4851 3264 4906 nobis
3294 4852 3553 4921 magister.
3590 4849 3733 4903 Disc.

2159 4919 2294 4975 Cum
2314 4929 2501 4975 cuncta
2518 4935 2548 4973 a
2572 4921 2836 4990 magistris
2862 4921 3152 4985 discantur,
3180 4919 3449 4990 quomodo
3475 4935 3612 4974 unus
3625 4934 3741 4973 ma-

2158 4991 2322 5063 gister
2349 4992 2401 5046 in
2431 4990 2584 5063 caelis
2612 5006 2733 5046 esse
2756 4992 3004 5063 scribitur
3044 4991 3255 5063 (Matth.
3282 5007 3434 5056 χχιιι,
3460 4990 3541 5061 9),
3570 5005 3602 5045 a
3628 5002 3737 5061 quo

2159 5061 2309 5133 quasi
2336 5061 2637 5133 specialiter
2662 5078 2885 5133 qumque
2905 5061 3239 5117 doceantur?

2230 5130 2377 5205 Msa.
2400 5131 2457 5205 Si
2486 5142 2631 5205 recte
2654 5130 3015 5202 perpenditur,
3053 5134 3182 5189 nihil
3204 5147 3426 5205 prorsus
3440 5148 3537 5205 per
3557 5130 3735 5205 homi-

2160 5219 2283 5258 nem
2311 5203 2552 5258 diseitur.
2583 5200 2816 5272 Magistri
2846 5212 3046 5258 tantum
3091 5200 3563 5259 commemorando
3603 5200 3734 5272 loris

2197 5275 2397 5329 Iautant
2436 5284 2489 5328 et
2516 5270 2722 5345 rigant;
2757 5274 2954 5329 veritas
2992 5284 3168 5329 autem
3198 5290 3319 5345 qua:
3345 5273 3604 5345 inanima
3634 5270 3738 5345 h_a_-

2198 5290 2397 5329 Illlllaﬂl.
2436 5290 2489 5328 el
2516 5290 2722 5343 figat“;
2757 5290 2954 5329 VOI‘IIIIS
2992 5290 3168 5329 autem
3198 5290 3319 5345 qua:
3345 5290 3397 5326 ιιι
3425 5290 3604 5326 nmina
3635 5290 3734 5326 na-

2158 5290 2292 5403 Bitat
2314 5386 2330 5411 ,
2354 5346 2495 5400 intus
2522 5343 2763 5400 docendo
2792 5347 3175 5400 incrementum
3217 5343 3309 5400 dat
3338 5343 3381 5416 (l
3404 5344 3524 5399 Cor.
3545 5358 3623 5409 ttt,
3653 5340 3734 5411 7).

2137 5479 2143 5485 “
2223 5482 2239 5551 ξ
2275 5485 2347 5529 Er.
2384 5478 2531 5551 Lugd.
2559 5485 2660 5551 Ven
2697 5485 2812 5551 _Lov.
2849 5478 3296 5551 sicilegunthuiic
3338 5465 3731 5551 locum:

2156 5540 2342 5608 anilitas
2360 5536 2502 5608 insitis
2527 5547 2708 5608 constat
2730 5554 2831 5593 esse
2857 5536 3072 5608 naturae,
3108 5548 3154 5594 et
3170 5541 3213 5593 si
3236 5542 3367 5608 (l._ov.
3392 5540 3484 5603 sic)
3508 5536 3736 5608 quedam

2155 5603 2332 5655 minus
2352 5599 2646 5666 immrtales
2675 5610 2784 5654 sunt
2810 5615 2828 5652 :
2849 5602 2998 5666 igitur
3024 5599 3185 5666 anates
3215 5599 3390 5666 anima:
3423 5599 3576 5653 om
3604 5599 3735 5653 tisa-

2152 5679 2228 5721 rte
2247 5678 2433 5720 semner
2449 5672 2588 5717 erant
2611 5663 2776 5723 beant,
2801 5670 2844 5716 et
2867 5663 2977 5715 eum
2999 5678 3093 5716 non
3115 5665 3292 5717 tisttrw
3313 5664 3522 5717 miserta.
3585 5667 3646 5714 ﬂ.

2219 5731 2240 5761 ¹
2273 5734 2323 5779 ιιι
2344 5734 2424 5780 us.
2450 5741 2547 5780 non
2570 5735 2664 5790 est,
2687 5724 2894 5779 habilem
2906 5739 2925 5790 ;
2946 5740 3041 5778 nec
3058 5727 3199 5793 infra,
3224 5725 3422 5781 habiles.

2112 5863 2145 5877 σε
2162 5869 2168 5875 .
