  <div class='ocr_page' id='page_1' title='image "/cluster/home/n/w/nwhite01/storage/ocr_20150623/40/hvd.32044096580626/520.png"; bbox 0 0 4100 6212; ppageno 0'>
   <div class='ocr_carea' id='block_1_1' title="bbox 308 296 458 358">
    <p class='ocr_par' dir='ltr' id='par_1_1' title="bbox 308 296 458 358">
     <span class='ocr_line' id='line_1_1' title="bbox 308 296 458 358; baseline -0.013 0"><span class='ocrx_word' id='word_1_1' title='bbox 308 296 458 358; x_wconf 65' lang='grc' dir='ltr'><strong>ισηδ</strong></span> 
     </span>
    </p>
   </div>
   <div class='ocr_carea' id='block_1_2' title="bbox 316 414 1900 488">
    <p class='ocr_par' dir='ltr' id='par_1_2' title="bbox 316 414 1900 488">
     <span class='ocr_line' id='line_1_2' title="bbox 316 414 1900 488; baseline -0.001 -17"><span class='ocrx_word' id='word_1_2' title='bbox 316 415 427 488; x_wconf 79' lang='lat' dir='ltr'><strong>Sed</strong></span> <span class='ocrx_word' id='word_1_3' title='bbox 446 414 765 488; x_wconf 11' lang='lat' dir='ltr'><strong>stultusinon</strong></span> <span class='ocrx_word' id='word_1_4' title='bbox 786 414 1031 488; x_wconf 80' lang='lat' dir='ltr'><strong>intelligit</strong></span> <span class='ocrx_word' id='word_1_5' title='bbox 1050 414 1190 482; x_wconf 75' lang='lat' dir='ltr'><strong>lucc;</strong></span> <span class='ocrx_word' id='word_1_6' title='bbox 1218 416 1355 474; x_wconf 80' lang='lat' dir='ltr'><strong>ratio</strong></span> <span class='ocrx_word' id='word_1_7' title='bbox 1375 426 1550 473; x_wconf 90' lang='lat' dir='ltr'><strong>autem</strong></span> <span class='ocrx_word' id='word_1_8' title='bbox 1572 430 1690 487; x_wconf 69' lang='lat' dir='ltr'><strong>qua:</strong></span> <span class='ocrx_word' id='word_1_9' title='bbox 1702 422 1900 488; x_wconf 67' lang='lat' dir='ltr'><strong>cuncta</strong></span> 
     </span>
    </p>
   </div>
   <div class='ocr_carea' id='block_1_3' title="bbox 313 485 1903 558">
    <p class='ocr_par' dir='ltr' id='par_1_3' title="bbox 313 485 1903 558">
     <span class='ocr_line' id='line_1_3' title="bbox 313 485 1903 558; baseline -0.004 -14"><span class='ocrx_word' id='word_1_10' title='bbox 313 487 605 558; x_wconf 85' lang='lat' dir='ltr'><strong>discernit,</strong></span> <span class='ocrx_word' id='word_1_11' title='bbox 641 485 793 544; x_wconf 78' lang='lat' dir='ltr'><strong>facile</strong></span> <span class='ocrx_word' id='word_1_12' title='bbox 825 488 939 542; x_wconf 62' lang='lat' dir='ltr'><strong>haec</strong></span> <span class='ocrx_word' id='word_1_13' title='bbox 964 485 1062 543; x_wconf 59' lang='lat' dir='ltr'><strong>&#39;ita</strong></span> <span class='ocrx_word' id='word_1_14' title='bbox 1110 502 1231 544; x_wconf 90' lang='lat' dir='ltr'><strong>esse</strong></span> <span class='ocrx_word' id='word_1_15' title='bbox 1260 485 1648 558; x_wconf 79' lang='lat' dir='ltr'><strong>comproliahit.</strong></span> <span class='ocrx_word' id='word_1_16' title='bbox 1701 485 1903 558; x_wconf 80' lang='lat' dir='ltr'><strong>Nempe</strong></span> 
     </span>
    </p>
   </div>
   <div class='ocr_carea' id='block_1_4' title="bbox 315 555 1900 630">
    <p class='ocr_par' dir='ltr' id='par_1_4' title="bbox 315 555 1900 630">
     <span class='ocr_line' id='line_1_4' title="bbox 315 555 1900 630; baseline -0.001 -17"><span class='ocrx_word' id='word_1_17' title='bbox 315 556 572 630; x_wconf 76' lang='lat' dir='ltr'><strong>quidquid</strong></span> <span class='ocrx_word' id='word_1_18' title='bbox 600 557 843 630; x_wconf 85' lang='lat' dir='ltr'><strong>discitur,</strong></span> <span class='ocrx_word' id='word_1_19' title='bbox 879 558 1070 614; x_wconf 91' lang='lat' dir='ltr'><strong>melius</strong></span> <span class='ocrx_word' id='word_1_20' title='bbox 1108 573 1207 630; x_wconf 89' lang='lat' dir='ltr'><strong>per</strong></span> <span class='ocrx_word' id='word_1_21' title='bbox 1232 555 1403 615; x_wconf 79' lang='lat' dir='ltr'><strong>visuni</strong></span> <span class='ocrx_word' id='word_1_22' title='bbox 1435 574 1595 630; x_wconf 85' lang='lat' dir='ltr'><strong>quam</strong></span> <span class='ocrx_word' id='word_1_23' title='bbox 1624 573 1721 627; x_wconf 88' lang='lat' dir='ltr'><strong>per</strong></span> <span class='ocrx_word' id='word_1_24' title='bbox 1745 555 1900 612; x_wconf 83' lang='lat' dir='ltr'><strong>audi-</strong></span> 
     </span>
    </p>
   </div>
   <div class='ocr_carea' id='block_1_5' title="bbox 316 575 1901 710">
    <p class='ocr_par' dir='ltr' id='par_1_5' title="bbox 316 575 1901 710">
     <span class='ocr_line' id='line_1_5' title="bbox 316 575 1900 630; baseline -0.001 -17"><span class='ocrx_word' id='word_1_25' title='bbox 316 575 572 629; x_wconf 84' lang='lat' dir='ltr'><strong>quiaquia</strong></span> <span class='ocrx_word' id='word_1_26' title='bbox 600 575 843 625; x_wconf 77' lang='lat' dir='ltr'><strong>discitur,</strong></span> <span class='ocrx_word' id='word_1_27' title='bbox 879 575 1070 614; x_wconf 83' lang='lat' dir='ltr'><strong>melius</strong></span> <span class='ocrx_word' id='word_1_28' title='bbox 1108 575 1207 630; x_wconf 89' lang='lat' dir='ltr'><strong>per</strong></span> <span class='ocrx_word' id='word_1_29' title='bbox 1232 575 1403 615; x_wconf 83' lang='lat' dir='ltr'><strong>visum</strong></span> <span class='ocrx_word' id='word_1_30' title='bbox 1475 575 1595 613; x_wconf 90' lang='lat' dir='ltr'><strong>uam</strong></span> <span class='ocrx_word' id='word_1_31' title='bbox 1624 575 1721 627; x_wconf 89' lang='lat' dir='ltr'><strong>per</strong></span> <span class='ocrx_word' id='word_1_32' title='bbox 1745 575 1900 612; x_wconf 77' lang='lat' dir='ltr'><strong>auul-</strong></span> 
     </span>
     <span class='ocr_line' id='line_1_6' title="bbox 316 575 1901 710; baseline -0.001 -27"><span class='ocrx_word' id='word_1_33' title='bbox 316 637 434 710; x_wconf 82' lang='lat' dir='ltr'><strong>tum_</strong></span> <span class='ocrx_word' id='word_1_34' title='bbox 455 628 679 698; x_wconf 90' lang='lat' dir='ltr'><strong>capitur.</strong></span> <span class='ocrx_word' id='word_1_35' title='bbox 701 628 829 682; x_wconf 86' lang='lat' dir='ltr'><strong>Nam</strong></span> <span class='ocrx_word' id='word_1_36' title='bbox 860 640 1275 710; x_wconf 68' lang='lat' dir='ltr'><strong>quaniumcaeco</strong></span> <span class='ocrx_word' id='word_1_37' title='bbox 1288 640 1412 685; x_wconf 91' lang='lat' dir='ltr'><strong>nato</strong></span> <span class='ocrx_word' id='word_1_38' title='bbox 1435 575 1503 684; x_wconf 66' lang='lat' dir='ltr'><strong>de</strong></span> <span class='ocrx_word' id='word_1_39' title='bbox 1518 629 1632 684; x_wconf 86' lang='lat' dir='ltr'><strong>sole</strong></span> <span class='ocrx_word' id='word_1_40' title='bbox 1652 642 1901 710; x_wconf 70' lang='lat' dir='ltr'><strong>narrave-</strong></span> 
     </span>
    </p>
   </div>
   <div class='ocr_carea' id='block_1_6' title="bbox 312 698 1895 771">
    <p class='ocr_par' dir='ltr' id='par_1_6' title="bbox 312 698 1895 771">
     <span class='ocr_line' id='line_1_7' title="bbox 312 698 1895 771; baseline -0.001 -17"><span class='ocrx_word' id='word_1_41' title='bbox 312 713 397 765; x_wconf 89' lang='lat' dir='ltr'><strong>ro,</strong></span> <span class='ocrx_word' id='word_1_42' title='bbox 422 700 535 768; x_wconf 88' lang='lat' dir='ltr'><strong>ipse</strong></span> <span class='ocrx_word' id='word_1_43' title='bbox 557 709 730 771; x_wconf 86' lang='lat' dir='ltr'><strong>tamen</strong></span> <span class='ocrx_word' id='word_1_44' title='bbox 754 698 1057 771; x_wconf 86' lang='lat' dir='ltr'><strong>nescitquid</strong></span> <span class='ocrx_word' id='word_1_45' title='bbox 1071 701 1250 767; x_wconf 89' lang='lat' dir='ltr'><strong>sitsol,</strong></span> <span class='ocrx_word' id='word_1_46' title='bbox 1273 716 1430 771; x_wconf 91' lang='lat' dir='ltr'><strong>quem</strong></span> <span class='ocrx_word' id='word_1_47' title='bbox 1450 714 1720 771; x_wconf 80' lang='lat' dir='ltr'><strong>nunquam</strong></span> <span class='ocrx_word' id='word_1_48' title='bbox 1745 698 1895 763; x_wconf 89' lang='lat' dir='ltr'><strong>vidit;</strong></span> 
     </span>
    </p>
   </div>
   <div class='ocr_carea' id='block_1_7' title="bbox 315 770 1897 842">
    <p class='ocr_par' dir='ltr' id='par_1_7' title="bbox 315 770 1897 842">
     <span class='ocr_line' id='line_1_8' title="bbox 315 770 1897 842; baseline -0.001 -18"><span class='ocrx_word' id='word_1_49' title='bbox 315 779 522 824; x_wconf 86' lang='lat' dir='ltr'><strong>tantum</strong></span> <span class='ocrx_word' id='word_1_50' title='bbox 547 770 721 842; x_wconf 75' lang='lat' dir='ltr'><strong>verbis</strong></span> <span class='ocrx_word' id='word_1_51' title='bbox 746 770 1078 842; x_wconf 13' lang='lat' dir='ltr'><strong>meisicredit</strong></span> <span class='ocrx_word' id='word_1_52' title='bbox 1099 770 1295 842; x_wconf 88' lang='lat' dir='ltr'><strong>aliquid</strong></span> <span class='ocrx_word' id='word_1_53' title='bbox 1324 786 1443 827; x_wconf 83' lang='lat' dir='ltr'><strong>esse</strong></span> <span class='ocrx_word' id='word_1_54' title='bbox 1479 771 1620 840; x_wconf 87' lang='lat' dir='ltr'><strong>quod</strong></span> <span class='ocrx_word' id='word_1_55' title='bbox 1643 770 1712 824; x_wconf 92' lang='lat' dir='ltr'><strong>ita</strong></span> <span class='ocrx_word' id='word_1_56' title='bbox 1738 784 1897 842; x_wconf 85' lang='lat' dir='ltr'><strong>voce-</strong></span> 
     </span>
    </p>
   </div>
   <div class='ocr_carea' id='block_1_8' title="bbox 310 839 1898 912">
    <p class='ocr_par' dir='ltr' id='par_1_8' title="bbox 310 839 1898 912">
     <span class='ocr_line' id='line_1_9' title="bbox 310 839 1898 912; baseline -0.001 -17"><span class='ocrx_word' id='word_1_57' title='bbox 310 849 423 907; x_wconf 87' lang='lat' dir='ltr'><strong>tur,</strong></span> <span class='ocrx_word' id='word_1_58' title='bbox 446 851 537 895; x_wconf 92' lang='lat' dir='ltr'><strong>aut</strong></span> <span class='ocrx_word' id='word_1_59' title='bbox 566 839 790 895; x_wconf 81' lang='lat' dir='ltr'><strong>fortasse</strong></span> <span class='ocrx_word' id='word_1_60' title='bbox 815 840 1020 895; x_wconf 81' lang='lat' dir='ltr'><strong>dubitat</strong></span> <span class='ocrx_word' id='word_1_61' title='bbox 1045 839 1333 912; x_wconf 86' lang='lat' dir='ltr'><strong>quidquam</strong></span> <span class='ocrx_word' id='word_1_62' title='bbox 1355 857 1475 896; x_wconf 90' lang='lat' dir='ltr'><strong>esse</strong></span> <span class='ocrx_word' id='word_1_63' title='bbox 1502 839 1554 895; x_wconf 91' lang='lat' dir='ltr'><strong>in</strong></span> <span class='ocrx_word' id='word_1_64' title='bbox 1579 856 1636 896; x_wconf 90' lang='lat' dir='ltr'><strong>re</strong></span> <span class='ocrx_word' id='word_1_65' title='bbox 1662 840 1800 912; x_wconf 86' lang='lat' dir='ltr'><strong>quod</strong></span> <span class='ocrx_word' id='word_1_66' title='bbox 1821 839 1898 894; x_wconf 90' lang='lat' dir='ltr'><strong>sic</strong></span> 
     </span>
    </p>
   </div>
   <div class='ocr_carea' id='block_1_9' title="bbox 310 910 1894 981">
    <p class='ocr_par' dir='ltr' id='par_1_9' title="bbox 310 910 1894 981">
     <span class='ocr_line' id='line_1_10' title="bbox 310 910 1894 981; baseline 0 -16"><span class='ocrx_word' id='word_1_67' title='bbox 310 912 617 967; x_wconf 81' lang='lat' dir='ltr'><strong>nominetur</strong></span> <span class='ocrx_word' id='word_1_68' title='bbox 656 929 668 964; x_wconf 89' lang='lat'><strong>:</strong></span> <span class='ocrx_word' id='word_1_69' title='bbox 706 912 794 981; x_wconf 90' lang='lat' dir='ltr'><strong>qui</strong></span> <span class='ocrx_word' id='word_1_70' title='bbox 840 912 885 966; x_wconf 87' lang='lat' dir='ltr'><strong>si</strong></span> <span class='ocrx_word' id='word_1_71' title='bbox 916 920 1134 981; x_wconf 86' lang='lat' dir='ltr'><strong>repente</strong></span> <span class='ocrx_word' id='word_1_72' title='bbox 1173 910 1380 978; x_wconf 77' lang='lat' dir='ltr'><strong>videat,</strong></span> <span class='ocrx_word' id='word_1_73' title='bbox 1414 913 1529 981; x_wconf 89' lang='lat' dir='ltr'><strong>ipso</strong></span> <span class='ocrx_word' id='word_1_74' title='bbox 1564 912 1687 981; x_wconf 85' lang='lat' dir='ltr'><strong>visu</strong></span> <span class='ocrx_word' id='word_1_75' title='bbox 1725 910 1894 965; x_wconf 82' lang='lat' dir='ltr'><strong>solem</strong></span> 
     </span>
    </p>
   </div>
   <div class='ocr_carea' id='block_1_10' title="bbox 308 980 1893 1052">
    <p class='ocr_par' dir='ltr' id='par_1_10' title="bbox 308 980 1893 1052">
     <span class='ocr_line' id='line_1_11' title="bbox 308 980 1893 1052; baseline 0 -16"><span class='ocrx_word' id='word_1_76' title='bbox 308 996 431 1037; x_wconf 89' lang='lat' dir='ltr'><strong>esse</strong></span> <span class='ocrx_word' id='word_1_77' title='bbox 460 984 669 1052; x_wconf 82' lang='lat' dir='ltr'><strong>prohat,</strong></span> <span class='ocrx_word' id='word_1_78' title='bbox 699 980 856 1051; x_wconf 81' lang='lat' dir='ltr'><strong>quem</strong></span> <span class='ocrx_word' id='word_1_79' title='bbox 893 980 1072 1037; x_wconf 91' lang='lat' dir='ltr'><strong>auditu</strong></span> <span class='ocrx_word' id='word_1_80' title='bbox 1102 983 1244 1037; x_wconf 88' lang='lat' dir='ltr'><strong>scire</strong></span> <span class='ocrx_word' id='word_1_81' title='bbox 1276 997 1380 1037; x_wconf 90' lang='lat' dir='ltr'><strong>non</strong></span> <span class='ocrx_word' id='word_1_82' title='bbox 1411 980 1634 1051; x_wconf 86' lang='lat' dir='ltr'><strong>poterat.</strong></span> <span class='ocrx_word' id='word_1_83' title='bbox 1669 980 1893 1052; x_wconf 13' lang='lat' dir='ltr'><strong>Siciple-</strong></span> 
     </span>
    </p>
   </div>
   <div class='ocr_carea' id='block_1_11' title="bbox 310 1051 1893 1122">
    <p class='ocr_par' dir='ltr' id='par_1_11' title="bbox 310 1051 1893 1122">
     <span class='ocr_line' id='line_1_12' title="bbox 310 1051 1893 1122; baseline -0.001 -16"><span class='ocrx_word' id='word_1_84' title='bbox 310 1051 475 1120; x_wconf 78' lang='lat' dir='ltr'><strong>rique</strong></span> <span class='ocrx_word' id='word_1_85' title='bbox 494 1052 618 1106; x_wconf 78' lang='lat' dir='ltr'><strong>czeci</strong></span> <span class='ocrx_word' id='word_1_86' title='bbox 650 1054 939 1122; x_wconf 89' lang='lat' dir='ltr'><strong>scripturas</strong></span> <span class='ocrx_word' id='word_1_87' title='bbox 969 1063 1229 1108; x_wconf 88' lang='lat' dir='ltr'><strong>noverunt</strong></span> <span class='ocrx_word' id='word_1_88' title='bbox 1254 1096 1269 1117; x_wconf 86' lang='lat'><strong>,</strong></span> <span class='ocrx_word' id='word_1_89' title='bbox 1303 1055 1396 1107; x_wconf 89' lang='lat' dir='ltr'><strong>sed</strong></span> <span class='ocrx_word' id='word_1_90' title='bbox 1442 1063 1617 1107; x_wconf 90' lang='lat' dir='ltr'><strong>tamen</strong></span> <span class='ocrx_word' id='word_1_91' title='bbox 1657 1051 1784 1120; x_wconf 83' lang='lat' dir='ltr'><strong>quid</strong></span> <span class='ocrx_word' id='word_1_92' title='bbox 1823 1052 1893 1107; x_wconf 91' lang='lat' dir='ltr'><strong>sit</strong></span> 
     </span>
    </p>
   </div>
   <div class='ocr_carea' id='block_1_12' title="bbox 310 1122 1890 1193">
    <p class='ocr_par' dir='ltr' id='par_1_12' title="bbox 310 1122 1890 1193">
     <span class='ocr_line' id='line_1_13' title="bbox 310 1122 1890 1193; baseline -0.001 -16"><span class='ocrx_word' id='word_1_93' title='bbox 310 1122 449 1178; x_wconf 90' lang='lat' dir='ltr'><strong>liber</strong></span> <span class='ocrx_word' id='word_1_94' title='bbox 476 1123 560 1177; x_wconf 91' lang='lat' dir='ltr'><strong>vel</strong></span> <span class='ocrx_word' id='word_1_95' title='bbox 592 1123 764 1178; x_wconf 75' lang='lat' dir='ltr'><strong>littera</strong></span> <span class='ocrx_word' id='word_1_96' title='bbox 788 1123 1053 1189; x_wconf 86' lang='lat' dir='ltr'><strong>nesciunt;</strong></span> <span class='ocrx_word' id='word_1_97' title='bbox 1083 1139 1307 1193; x_wconf 89' lang='lat' dir='ltr'><strong>quorum</strong></span> <span class='ocrx_word' id='word_1_98' title='bbox 1331 1124 1469 1178; x_wconf 90' lang='lat' dir='ltr'><strong>oculi</strong></span> <span class='ocrx_word' id='word_1_99' title='bbox 1491 1124 1533 1177; x_wconf 87' lang='lat' dir='ltr'><strong>si</strong></span> <span class='ocrx_word' id='word_1_100' title='bbox 1561 1123 1736 1176; x_wconf 87' lang='lat' dir='ltr'><strong>subito</strong></span> <span class='ocrx_word' id='word_1_101' title='bbox 1760 1138 1890 1191; x_wconf 87' lang='lat' dir='ltr'><strong>ape-</strong></span> 
     </span>
    </p>
   </div>
   <div class='ocr_carea' id='block_1_13' title="bbox 309 1193 1883 1265">
    <p class='ocr_par' dir='ltr' id='par_1_13' title="bbox 309 1193 1883 1265">
     <span class='ocr_line' id='line_1_14' title="bbox 309 1193 1883 1265; baseline -0.001 -17"><span class='ocrx_word' id='word_1_102' title='bbox 309 1193 539 1265; x_wconf 86' lang='lat' dir='ltr'><strong>riantur,</strong></span> <span class='ocrx_word' id='word_1_103' title='bbox 565 1203 619 1248; x_wconf 90' lang='lat' dir='ltr'><strong>et</strong></span> <span class='ocrx_word' id='word_1_104' title='bbox 644 1193 786 1265; x_wconf 83' lang='lat' dir='ltr'><strong>libro</strong></span> <span class='ocrx_word' id='word_1_105' title='bbox 819 1208 997 1265; x_wconf 86' lang='lat' dir='ltr'><strong>coram</strong></span> <span class='ocrx_word' id='word_1_106' title='bbox 1031 1195 1202 1263; x_wconf 91' lang='lat' dir='ltr'><strong>posito</strong></span> <span class='ocrx_word' id='word_1_107' title='bbox 1247 1195 1371 1265; x_wconf 88' lang='lat' dir='ltr'><strong>quid</strong></span> <span class='ocrx_word' id='word_1_108' title='bbox 1406 1195 1480 1265; x_wconf 6' lang='lat' dir='ltr'><strong>dsit</strong></span> <span class='ocrx_word' id='word_1_109' title='bbox 1502 1193 1643 1264; x_wconf 91' lang='lat' dir='ltr'><strong>quod</strong></span> <span class='ocrx_word' id='word_1_110' title='bbox 1672 1194 1883 1257; x_wconf 84' lang='lat' dir='ltr'><strong>vident,</strong></span> 
     </span>
    </p>
   </div>
   <div class='ocr_carea' id='block_1_14' title="bbox 306 1263 1888 1336">
    <p class='ocr_par' dir='ltr' id='par_1_14' title="bbox 306 1263 1888 1336">
     <span class='ocr_line' id='line_1_15' title="bbox 306 1263 1888 1336; baseline 0 -18"><span class='ocrx_word' id='word_1_111' title='bbox 306 1264 597 1336; x_wconf 73' lang='lat' dir='ltr'><strong>mirantur,</strong></span> <span class='ocrx_word' id='word_1_112' title='bbox 638 1272 695 1318; x_wconf 90' lang='lat' dir='ltr'><strong>et</strong></span> <span class='ocrx_word' id='word_1_113' title='bbox 741 1263 855 1336; x_wconf 85' lang='lat' dir='ltr'><strong>visu</strong></span> <span class='ocrx_word' id='word_1_114' title='bbox 892 1263 1200 1336; x_wconf 69' lang='lat' dir='ltr'><strong>discernunt</strong></span> <span class='ocrx_word' id='word_1_115' title='bbox 1227 1268 1243 1297; x_wconf 75' lang='grc' dir='ltr'>ί</span> <span class='ocrx_word' id='word_1_116' title='bbox 1269 1263 1415 1336; x_wconf 81' lang='lat' dir='ltr'><strong>quod</strong></span> <span class='ocrx_word' id='word_1_117' title='bbox 1444 1266 1624 1336; x_wconf 81' lang='lat' dir='ltr'><strong>auditu</strong></span> <span class='ocrx_word' id='word_1_118' title='bbox 1652 1279 1761 1336; x_wconf 87' lang='lat' dir='ltr'><strong>non</strong></span> <span class='ocrx_word' id='word_1_119' title='bbox 1789 1279 1888 1332; x_wconf 89' lang='lat' dir='ltr'><strong>po-</strong></span> 
     </span>
    </p>
   </div>
   <div class='ocr_carea' id='block_1_15' title="bbox 307 1333 1882 1400">
    <p class='ocr_par' dir='ltr' id='par_1_15' title="bbox 307 1333 1882 1400">
     <span class='ocr_line' id='line_1_16' title="bbox 307 1333 1882 1400; baseline -0.001 -12"><span class='ocrx_word' id='word_1_120' title='bbox 307 1340 545 1390; x_wconf 90' lang='lat' dir='ltr'><strong>tuerunt.</strong></span> <span class='ocrx_word' id='word_1_121' title='bbox 578 1335 742 1388; x_wconf 86' lang='lat' dir='ltr'><strong>Porro</strong></span> <span class='ocrx_word' id='word_1_122' title='bbox 785 1334 829 1388; x_wconf 88' lang='lat' dir='ltr'><strong>si</strong></span> <span class='ocrx_word' id='word_1_123' title='bbox 856 1333 1015 1389; x_wconf 84' lang='lat' dir='ltr'><strong>alicui</strong></span> <span class='ocrx_word' id='word_1_124' title='bbox 1055 1335 1263 1389; x_wconf 87' lang='lat' dir='ltr'><strong>illorum</strong></span> <span class='ocrx_word' id='word_1_125' title='bbox 1293 1333 1510 1400; x_wconf 83' lang='lat' dir='ltr'><strong>dixero,</strong></span> <span class='ocrx_word' id='word_1_126' title='bbox 1543 1335 1658 1388; x_wconf 90' lang='lat' dir='ltr'><strong>talis</strong></span> <span class='ocrx_word' id='word_1_127' title='bbox 1689 1335 1882 1399; x_wconf 90' lang='lat' dir='ltr'><strong>littera,</strong></span> 
     </span>
    </p>
   </div>
   <div class='ocr_carea' id='block_1_16' title="bbox 309 1403 1882 1471">
    <p class='ocr_par' dir='ltr' id='par_1_16' title="bbox 309 1403 1882 1471">
     <span class='ocr_line' id='line_1_17' title="bbox 309 1403 1882 1471; baseline -0.001 -13"><span class='ocrx_word' id='word_1_128' title='bbox 309 1407 351 1458; x_wconf 77' lang='grc' dir='ltr'><strong>Δ</strong></span> <span class='ocrx_word' id='word_1_129' title='bbox 371 1414 612 1469; x_wconf 80' lang='lat' dir='ltr'><strong>vocatur,</strong></span> <span class='ocrx_word' id='word_1_130' title='bbox 641 1413 695 1458; x_wconf 89' lang='lat' dir='ltr'><strong>et</strong></span> <span class='ocrx_word' id='word_1_131' title='bbox 724 1405 862 1471; x_wconf 87' lang='lat' dir='ltr'><strong>talis,</strong></span> <span class='ocrx_word' id='word_1_132' title='bbox 888 1403 930 1457; x_wconf 83' lang='grc' dir='ltr'><strong>Β</strong></span> <span class='ocrx_word' id='word_1_133' title='bbox 959 1406 1298 1470; x_wconf 85' lang='lat' dir='ltr'><strong>nominatur;</strong></span> <span class='ocrx_word' id='word_1_134' title='bbox 1331 1421 1453 1459; x_wconf 83' lang='lat' dir='ltr'><strong>mox</strong></span> <span class='ocrx_word' id='word_1_135' title='bbox 1503 1406 1763 1459; x_wconf 84' lang='lat' dir='ltr'><strong>introrsus</strong></span> <span class='ocrx_word' id='word_1_136' title='bbox 1801 1419 1882 1457; x_wconf 86' lang='lat' dir='ltr'><strong>re-</strong></span> 
     </span>
    </p>
   </div>
   <div class='ocr_carea' id='block_1_17' title="bbox 308 1473 1883 1545">
    <p class='ocr_par' dir='ltr' id='par_1_17' title="bbox 308 1473 1883 1545">
     <span class='ocr_line' id='line_1_18' title="bbox 308 1473 1883 1545; baseline -0.001 -15"><span class='ocrx_word' id='word_1_137' title='bbox 308 1476 493 1540; x_wconf 88' lang='lat' dir='ltr'><strong>currit,</strong></span> <span class='ocrx_word' id='word_1_138' title='bbox 520 1475 797 1545; x_wconf 81' lang='lat' dir='ltr'><strong>veritatem</strong></span> <span class='ocrx_word' id='word_1_139' title='bbox 825 1475 1069 1545; x_wconf 84' lang='lat' dir='ltr'><strong>consulit,</strong></span> <span class='ocrx_word' id='word_1_140' title='bbox 1099 1486 1153 1529; x_wconf 88' lang='lat' dir='ltr'><strong>et</strong></span> <span class='ocrx_word' id='word_1_141' title='bbox 1182 1489 1513 1529; x_wconf 76' lang='lat' dir='ltr'><strong>verum-esse</strong></span> <span class='ocrx_word' id='word_1_142' title='bbox 1535 1477 1722 1543; x_wconf 85' lang='lat' dir='ltr'><strong>probat</strong></span> <span class='ocrx_word' id='word_1_143' title='bbox 1743 1473 1883 1545; x_wconf 91' lang='lat' dir='ltr'><strong>quod</strong></span> 
     </span>
    </p>
   </div>
   <div class='ocr_carea' id='block_1_18' title="bbox 306 1543 1879 1615">
    <p class='ocr_par' dir='ltr' id='par_1_18' title="bbox 306 1543 1879 1615">
     <span class='ocr_line' id='line_1_19' title="bbox 306 1543 1879 1615; baseline -0.001 -16"><span class='ocrx_word' id='word_1_144' title='bbox 306 1545 475 1601; x_wconf 84' lang='lat' dir='ltr'><strong>audit.</strong></span> <span class='ocrx_word' id='word_1_145' title='bbox 502 1543 638 1612; x_wconf 85' lang='lat' dir='ltr'><strong>Quid</strong></span> <span class='ocrx_word' id='word_1_146' title='bbox 682 1560 808 1615; x_wconf 81' lang='lat' dir='ltr'><strong>ergo</strong></span> <span class='ocrx_word' id='word_1_147' title='bbox 836 1544 975 1599; x_wconf 93' lang='lat' dir='ltr'><strong>hunc</strong></span> <span class='ocrx_word' id='word_1_148' title='bbox 1015 1545 1195 1611; x_wconf 89' lang='lat' dir='ltr'><strong>docui,</strong></span> <span class='ocrx_word' id='word_1_149' title='bbox 1222 1546 1311 1614; x_wconf 89' lang='lat' dir='ltr'><strong>qui</strong></span> <span class='ocrx_word' id='word_1_150' title='bbox 1358 1560 1455 1599; x_wconf 90' lang='lat' dir='ltr'><strong>nec</strong></span> <span class='ocrx_word' id='word_1_151' title='bbox 1500 1546 1643 1614; x_wconf 86' lang='lat' dir='ltr'><strong>prius</strong></span> <span class='ocrx_word' id='word_1_152' title='bbox 1667 1543 1879 1610; x_wconf 86' lang='lat' dir='ltr'><strong>auditu,</strong></span> 
     </span>
    </p>
   </div>
   <div class='ocr_carea' id='block_1_19' title="bbox 304 1615 1877 1685">
    <p class='ocr_par' dir='ltr' id='par_1_19' title="bbox 304 1615 1877 1685">
     <span class='ocr_line' id='line_1_20' title="bbox 304 1615 1877 1685; baseline -0.002 -14"><span class='ocrx_word' id='word_1_153' title='bbox 304 1630 407 1671; x_wconf 91' lang='lat' dir='ltr'><strong>nec</strong></span> <span class='ocrx_word' id='word_1_154' title='bbox 434 1624 615 1685; x_wconf 88' lang='lat' dir='ltr'><strong>postea</strong></span> <span class='ocrx_word' id='word_1_155' title='bbox 651 1616 765 1669; x_wconf 85' lang='lat' dir='ltr'><strong>visu</strong></span> <span class='ocrx_word' id='word_1_156' title='bbox 795 1615 934 1670; x_wconf 90' lang='lat' dir='ltr'><strong>scire</strong></span> <span class='ocrx_word' id='word_1_157' title='bbox 980 1616 1151 1685; x_wconf 91' lang='lat' dir='ltr'><strong>potuit</strong></span> <span class='ocrx_word' id='word_1_158' title='bbox 1183 1617 1310 1685; x_wconf 88' lang='lat' dir='ltr'><strong>quid</strong></span> <span class='ocrx_word' id='word_1_159' title='bbox 1360 1615 1532 1669; x_wconf 87' lang='lat' dir='ltr'><strong>littera</strong></span> <span class='ocrx_word' id='word_1_160' title='bbox 1566 1626 1739 1678; x_wconf 88' lang='lat' dir='ltr'><strong>esset,</strong></span> <span class='ocrx_word' id='word_1_161' title='bbox 1774 1615 1877 1669; x_wconf 87' lang='lat' dir='ltr'><strong>nisi</strong></span> 
     </span>
    </p>
   </div>
   <div class='ocr_carea' id='block_1_20' title="bbox 303 1685 1881 1755">
    <p class='ocr_par' dir='ltr' id='par_1_20' title="bbox 303 1685 1881 1755">
     <span class='ocr_line' id='line_1_21' title="bbox 303 1685 1881 1755; baseline 0.001 -16"><span class='ocrx_word' id='word_1_162' title='bbox 303 1687 524 1741; x_wconf 79' lang='lat' dir='ltr'><strong>veritate</strong></span> <span class='ocrx_word' id='word_1_163' title='bbox 572 1688 713 1740; x_wconf 92' lang='lat' dir='ltr'><strong>intus</strong></span> <span class='ocrx_word' id='word_1_164' title='bbox 742 1685 996 1752; x_wconf 88' lang='lat' dir='ltr'><strong>docente,</strong></span> <span class='ocrx_word' id='word_1_165' title='bbox 1036 1694 1091 1740; x_wconf 94' lang='lat' dir='ltr'><strong>et</strong></span> <span class='ocrx_word' id='word_1_166' title='bbox 1134 1686 1247 1740; x_wconf 86' lang='lat' dir='ltr'><strong>visu</strong></span> <span class='ocrx_word' id='word_1_167' title='bbox 1290 1685 1418 1740; x_wconf 88' lang='lat' dir='ltr'><strong>foris</strong></span> <span class='ocrx_word' id='word_1_168' title='bbox 1449 1686 1706 1755; x_wconf 85' lang='lat' dir='ltr'><strong>probante</strong></span> <span class='ocrx_word' id='word_1_169' title='bbox 1742 1685 1881 1741; x_wconf 90' lang='lat' dir='ltr'><strong>hanc</strong></span> 
     </span>
    </p>
   </div>
   <div class='ocr_carea' id='block_1_21' title="bbox 303 1755 1879 1825">
    <p class='ocr_par' dir='ltr' id='par_1_21' title="bbox 303 1755 1879 1825">
     <span class='ocr_line' id='line_1_22' title="bbox 303 1755 1879 1825; baseline 0 -14"><span class='ocrx_word' id='word_1_170' title='bbox 303 1756 602 1813; x_wconf 79' lang='lat' dir='ltr'><strong>edisceret?</strong></span> <span class='ocrx_word' id='word_1_171' title='bbox 630 1755 740 1825; x_wconf 85' lang='lat' dir='ltr'><strong>Ego</strong></span> <span class='ocrx_word' id='word_1_172' title='bbox 764 1763 966 1810; x_wconf 90' lang='lat' dir='ltr'><strong>tantum</strong></span> <span class='ocrx_word' id='word_1_173' title='bbox 993 1770 1153 1811; x_wconf 88' lang='lat' dir='ltr'><strong>sonos</strong></span> <span class='ocrx_word' id='word_1_174' title='bbox 1192 1756 1473 1811; x_wconf 88' lang='lat' dir='ltr'><strong>verborum</strong></span> <span class='ocrx_word' id='word_1_175' title='bbox 1502 1756 1694 1825; x_wconf 90' lang='lat' dir='ltr'><strong>protuli</strong></span> <span class='ocrx_word' id='word_1_176' title='bbox 1720 1771 1736 1820; x_wconf 95' lang='lat'><strong>;</strong></span> <span class='ocrx_word' id='word_1_177' title='bbox 1765 1756 1879 1824; x_wconf 87' lang='lat' dir='ltr'><strong>ipse</strong></span> 
     </span>
    </p>
   </div>
   <div class='ocr_carea' id='block_1_22' title="bbox 302 1826 1879 1896">
    <p class='ocr_par' dir='ltr' id='par_1_22' title="bbox 302 1826 1879 1896">
     <span class='ocr_line' id='line_1_23' title="bbox 302 1826 1879 1896; baseline 0.001 -16"><span class='ocrx_word' id='word_1_178' title='bbox 302 1841 431 1881; x_wconf 89' lang='lat' dir='ltr'><strong>vero</strong></span> <span class='ocrx_word' id='word_1_179' title='bbox 461 1826 622 1882; x_wconf 87' lang='lat' dir='ltr'><strong>verba</strong></span> <span class='ocrx_word' id='word_1_180' title='bbox 653 1837 702 1882; x_wconf 92' lang='lat' dir='ltr'><strong>et</strong></span> <span class='ocrx_word' id='word_1_181' title='bbox 734 1842 822 1881; x_wconf 87' lang='lat' dir='ltr'><strong>res</strong></span> <span class='ocrx_word' id='word_1_182' title='bbox 848 1841 944 1896; x_wconf 83' lang='lat' dir='ltr'><strong>per</strong></span> <span class='ocrx_word' id='word_1_183' title='bbox 968 1826 1126 1881; x_wconf 90' lang='lat' dir='ltr'><strong>verba</strong></span> <span class='ocrx_word' id='word_1_184' title='bbox 1152 1827 1474 1896; x_wconf 74' lang='lat' dir='ltr'><strong>signiﬁcatus</strong></span> <span class='ocrx_word' id='word_1_185' title='bbox 1496 1827 1879 1881; x_wconf 85' lang='lat' dir='ltr'><strong>veritateintus</strong></span> 
     </span>
    </p>
   </div>
   <div class='ocr_carea' id='block_1_23' title="bbox 303 1896 1877 1966">
    <p class='ocr_par' dir='ltr' id='par_1_23' title="bbox 303 1896 1877 1966">
     <span class='ocr_line' id='line_1_24' title="bbox 303 1896 1877 1966; baseline -0.001 -14"><span class='ocrx_word' id='word_1_186' title='bbox 303 1898 638 1953; x_wconf 76' lang='lat' dir='ltr'><strong>examinante</strong></span> <span class='ocrx_word' id='word_1_187' title='bbox 663 1898 927 1966; x_wconf 78' lang='lat' dir='ltr'><strong>cognovit.</strong></span> <span class='ocrx_word' id='word_1_188' title='bbox 958 1896 1048 1952; x_wconf 87' lang='lat' dir='ltr'><strong>Sic</strong></span> <span class='ocrx_word' id='word_1_189' title='bbox 1075 1912 1169 1950; x_wconf 88' lang='lat' dir='ltr'><strong>vos</strong></span> <span class='ocrx_word' id='word_1_190' title='bbox 1197 1912 1425 1966; x_wconf 84' lang='lat' dir='ltr'><strong>quoque.</strong></span> <span class='ocrx_word' id='word_1_191' title='bbox 1460 1897 1504 1950; x_wconf 91' lang='lat' dir='ltr'><strong>si</strong></span> <span class='ocrx_word' id='word_1_192' title='bbox 1533 1897 1697 1950; x_wconf 89' lang='lat' dir='ltr'><strong>multa</strong></span> <span class='ocrx_word' id='word_1_193' title='bbox 1728 1897 1877 1955; x_wconf 88' lang='lat' dir='ltr'><strong>vobis</strong></span> 
     </span>
    </p>
   </div>
   <div class='ocr_carea' id='block_1_24' title="bbox 301 1951 1875 2038">
    <p class='ocr_par' dir='ltr' id='par_1_24' title="bbox 301 1951 1875 2038">
     <span class='ocr_line' id='line_1_25' title="bbox 301 1951 1875 2038; baseline 0.001 -18"><span class='ocrx_word' id='word_1_194' title='bbox 301 1951 371 2022; x_wconf 87' lang='lat' dir='ltr'><strong>de</strong></span> <span class='ocrx_word' id='word_1_195' title='bbox 398 1951 682 2038; x_wconf 81' lang='lat' dir='ltr'><strong>elephanto</strong></span> <span class='ocrx_word' id='word_1_196' title='bbox 710 1951 915 2038; x_wconf 78' lang='lat' dir='ltr'><strong>dixero,</strong></span> <span class='ocrx_word' id='word_1_197' title='bbox 963 1967 1179 2038; x_wconf 78' lang='lat' dir='ltr'><strong>nescitis</strong></span> <span class='ocrx_word' id='word_1_198' title='bbox 1214 1951 1349 2038; x_wconf 73' lang='lat' dir='ltr'><strong>quid</strong></span> <span class='ocrx_word' id='word_1_199' title='bbox 1386 1951 1454 2038; x_wconf 81' lang='lat' dir='ltr'><strong>sit</strong></span> <span class='ocrx_word' id='word_1_200' title='bbox 1499 1967 1735 2035; x_wconf 82' lang='lat' dir='ltr'><strong>elephas,</strong></span> <span class='ocrx_word' id='word_1_201' title='bbox 1773 1951 1875 2021; x_wconf 84' lang='lat' dir='ltr'><strong>nisi</strong></span> 
     </span>
    </p>
   </div>
   <div class='ocr_carea' id='block_1_25' title="bbox 300 2036 1872 2107">
    <p class='ocr_par' dir='ltr' id='par_1_25' title="bbox 300 2036 1872 2107">
     <span class='ocr_line' id='line_1_26' title="bbox 300 2036 1872 2107; baseline -0.002 -14"><span class='ocrx_word' id='word_1_202' title='bbox 300 2052 424 2107; x_wconf 88' lang='lat' dir='ltr'><strong>eum</strong></span> <span class='ocrx_word' id='word_1_203' title='bbox 454 2036 723 2101; x_wconf 81' lang='lat' dir='ltr'><strong>videritis;</strong></span> <span class='ocrx_word' id='word_1_204' title='bbox 752 2037 829 2091; x_wconf 90' lang='lat' dir='ltr'><strong>sic</strong></span> <span class='ocrx_word' id='word_1_205' title='bbox 855 2038 1021 2107; x_wconf 89' lang='lat' dir='ltr'><strong>multa</strong></span> <span class='ocrx_word' id='word_1_206' title='bbox 1049 2036 1118 2092; x_wconf 91' lang='lat' dir='ltr'><strong>de</strong></span> <span class='ocrx_word' id='word_1_207' title='bbox 1150 2038 1308 2091; x_wconf 88' lang='lat' dir='ltr'><strong>David</strong></span> <span class='ocrx_word' id='word_1_208' title='bbox 1339 2036 1598 2106; x_wconf 83' lang='lat' dir='ltr'><strong>legimus,</strong></span> <span class='ocrx_word' id='word_1_209' title='bbox 1629 2046 1682 2092; x_wconf 89' lang='lat' dir='ltr'><strong>et</strong></span> <span class='ocrx_word' id='word_1_210' title='bbox 1722 2037 1872 2107; x_wconf 90' lang='lat' dir='ltr'><strong>quasi</strong></span> 
     </span>
    </p>
   </div>
   <div class='ocr_carea' id='block_1_26' title="bbox 301 2106 1869 2176">
    <p class='ocr_par' dir='ltr' id='par_1_26' title="bbox 301 2106 1869 2176">
     <span class='ocr_line' id='line_1_27' title="bbox 301 2106 1869 2176; baseline -0.001 -13"><span class='ocrx_word' id='word_1_211' title='bbox 301 2106 478 2163; x_wconf 83' lang='lat' dir='ltr'><strong>rufum</strong></span> <span class='ocrx_word' id='word_1_212' title='bbox 511 2108 777 2162; x_wconf 82' lang='lat' dir='ltr'><strong>hominem</strong></span> <span class='ocrx_word' id='word_1_213' title='bbox 806 2117 860 2161; x_wconf 88' lang='lat' dir='ltr'><strong>et</strong></span> <span class='ocrx_word' id='word_1_214' title='bbox 891 2106 1165 2176; x_wconf 87' lang='lat' dir='ltr'><strong>pulchrum</strong></span> <span class='ocrx_word' id='word_1_215' title='bbox 1190 2116 1405 2175; x_wconf 88' lang='lat' dir='ltr'><strong>aspectu</strong></span> <span class='ocrx_word' id='word_1_216' title='bbox 1434 2122 1557 2162; x_wconf 90' lang='lat' dir='ltr'><strong>eum</strong></span> <span class='ocrx_word' id='word_1_217' title='bbox 1588 2106 1831 2161; x_wconf 83' lang='lat' dir='ltr'><strong>novimus</strong></span> <span class='ocrx_word' id='word_1_218' title='bbox 1854 2148 1869 2172; x_wconf 87' lang='lat'><strong>,</strong></span> 
     </span>
    </p>
   </div>
   <div class='ocr_carea' id='block_1_27' title="bbox 300 2178 1872 2260">
    <p class='ocr_par' dir='ltr' id='par_1_27' title="bbox 300 2178 1872 2260">
     <span class='ocr_line' id='line_1_28' title="bbox 300 2178 1872 2260; baseline 0.001 -29"><span class='ocrx_word' id='word_1_219' title='bbox 300 2180 388 2260; x_wconf 64' lang='lat' dir='ltr'><strong>qui</strong></span> <span class='ocrx_word' id='word_1_220' title='bbox 416 2179 459 2233; x_wconf 90' lang='lat' dir='ltr'><strong>si</strong></span> <span class='ocrx_word' id='word_1_221' title='bbox 484 2178 550 2260; x_wconf 83' lang='lat' dir='ltr'><strong>ad</strong></span> <span class='ocrx_word' id='word_1_222' title='bbox 575 2192 806 2260; x_wconf 57' lang='lat' dir='ltr'><strong>prmsetis</strong></span> <span class='ocrx_word' id='word_1_223' title='bbox 825 2178 1217 2260; x_wconf 65' lang='lat' dir='ltr'><strong>intraret,_nuni</strong></span> <span class='ocrx_word' id='word_1_224' title='bbox 1248 2178 1395 2260; x_wconf 76' lang='lat' dir='ltr'><strong>illum</strong></span> <span class='ocrx_word' id='word_1_225' title='bbox 1427 2179 1872 2260; x_wconf 67' lang='lat' dir='ltr'><strong>agnosceremus?</strong></span> 
     </span>
    </p>
   </div>
   <div class='ocr_carea' id='block_1_28' title="bbox 299 2246 1871 2317">
    <p class='ocr_par' dir='ltr' id='par_1_28' title="bbox 299 2246 1871 2317">
     <span class='ocr_line' id='line_1_29' title="bbox 299 2246 1871 2317; baseline -0.001 -14"><span class='ocrx_word' id='word_1_226' title='bbox 299 2246 434 2303; x_wconf 77' lang='lat' dir='ltr'><strong>Puto</strong></span> <span class='ocrx_word' id='word_1_227' title='bbox 481 2250 717 2303; x_wconf 90' lang='lat' dir='ltr'><strong>minime.</strong></span> <span class='ocrx_word' id='word_1_228' title='bbox 748 2248 958 2315; x_wconf 86' lang='lat' dir='ltr'><strong>Quare?</strong></span> <span class='ocrx_word' id='word_1_229' title='bbox 986 2246 1115 2313; x_wconf 76' lang='lat' dir='ltr'><strong>Quia</strong></span> <span class='ocrx_word' id='word_1_230' title='bbox 1162 2264 1191 2302; x_wconf 91' lang='lat' dir='ltr'><strong>a</strong></span> <span class='ocrx_word' id='word_1_231' title='bbox 1240 2246 1506 2317; x_wconf 80' lang='lat' dir='ltr'><strong>magistris</strong></span> <span class='ocrx_word' id='word_1_232' title='bbox 1542 2248 1749 2302; x_wconf 88' lang='lat' dir='ltr'><strong>discere</strong></span> <span class='ocrx_word' id='word_1_233' title='bbox 1779 2264 1871 2303; x_wconf 87' lang='lat' dir='ltr'><strong>ne-</strong></span> 
     </span>
    </p>
   </div>
   <div class='ocr_carea' id='block_1_29' title="bbox 297 2318 1871 2389">
    <p class='ocr_par' dir='ltr' id='par_1_29' title="bbox 297 2318 1871 2389">
     <span class='ocr_line' id='line_1_30' title="bbox 297 2318 1871 2389; baseline 0 -16"><span class='ocrx_word' id='word_1_234' title='bbox 297 2320 583 2389; x_wconf 90' lang='lat' dir='ltr'><strong>quivimus,</strong></span> <span class='ocrx_word' id='word_1_235' title='bbox 616 2319 753 2386; x_wconf 87' lang='lat' dir='ltr'><strong>quod</strong></span> <span class='ocrx_word' id='word_1_236' title='bbox 790 2318 1009 2373; x_wconf 82' lang='lat' dir='ltr'><strong>veritate</strong></span> <span class='ocrx_word' id='word_1_237' title='bbox 1029 2318 1174 2372; x_wconf 91' lang='lat' dir='ltr'><strong>visus</strong></span> <span class='ocrx_word' id='word_1_238' title='bbox 1218 2333 1322 2371; x_wconf 89' lang='lat' dir='ltr'><strong>non</strong></span> <span class='ocrx_word' id='word_1_239' title='bbox 1374 2319 1728 2389; x_wconf 76' lang='lat' dir='ltr'><strong>probavimus.</strong></span> <span class='ocrx_word' id='word_1_240' title='bbox 1768 2318 1871 2373; x_wconf 88' lang='lat' dir='ltr'><strong>Do-</strong></span> 
     </span>
    </p>
   </div>
   <div class='ocr_carea' id='block_1_30' title="bbox 296 2388 1872 2457">
    <p class='ocr_par' dir='ltr' id='par_1_30' title="bbox 296 2388 1872 2457">
     <span class='ocr_line' id='line_1_31' title="bbox 296 2388 1872 2457; baseline -0.001 -13"><span class='ocrx_word' id='word_1_241' title='bbox 296 2388 476 2446; x_wconf 77' lang='lat' dir='ltr'><strong>ctores</strong></span> <span class='ocrx_word' id='word_1_242' title='bbox 501 2390 696 2444; x_wconf 86' lang='lat' dir='ltr'><strong>etenim</strong></span> <span class='ocrx_word' id='word_1_243' title='bbox 726 2398 925 2442; x_wconf 89' lang='lat' dir='ltr'><strong>tantum</strong></span> <span class='ocrx_word' id='word_1_244' title='bbox 952 2402 1112 2443; x_wconf 89' lang='lat' dir='ltr'><strong>sonos</strong></span> <span class='ocrx_word' id='word_1_245' title='bbox 1134 2389 1413 2443; x_wconf 88' lang='lat' dir='ltr'><strong>verborum</strong></span> <span class='ocrx_word' id='word_1_246' title='bbox 1443 2388 1750 2457; x_wconf 79' lang='lat' dir='ltr'><strong>proferunt;</strong></span> <span class='ocrx_word' id='word_1_247' title='bbox 1776 2405 1872 2442; x_wconf 88' lang='lat' dir='ltr'><strong>au-</strong></span> 
     </span>
    </p>
   </div>
   <div class='ocr_carea' id='block_1_31' title="bbox 297 2459 1863 2523">
    <p class='ocr_par' dir='ltr' id='par_1_31' title="bbox 297 2459 1863 2523">
     <span class='ocr_line' id='line_1_32' title="bbox 297 2459 1863 2523; baseline -0.001 -8"><span class='ocrx_word' id='word_1_248' title='bbox 297 2460 498 2515; x_wconf 90' lang='lat' dir='ltr'><strong>ditores</strong></span> <span class='ocrx_word' id='word_1_249' title='bbox 537 2470 714 2514; x_wconf 88' lang='lat' dir='ltr'><strong>autem</strong></span> <span class='ocrx_word' id='word_1_250' title='bbox 752 2460 973 2513; x_wconf 84' lang='lat' dir='ltr'><strong>veritate</strong></span> <span class='ocrx_word' id='word_1_251' title='bbox 1018 2459 1161 2514; x_wconf 91' lang='lat' dir='ltr'><strong>intus</strong></span> <span class='ocrx_word' id='word_1_252' title='bbox 1197 2459 1444 2523; x_wconf 86' lang='lat' dir='ltr'><strong>docente,</strong></span> <span class='ocrx_word' id='word_1_253' title='bbox 1477 2460 1635 2513; x_wconf 90' lang='lat' dir='ltr'><strong>verba</strong></span> <span class='ocrx_word' id='word_1_254' title='bbox 1661 2469 1863 2521; x_wconf 85' lang='lat' dir='ltr'><strong>mente,</strong></span> 
     </span>
    </p>
   </div>
   <div class='ocr_carea' id='block_1_32' title="bbox 296 2529 1869 2600">
    <p class='ocr_par' dir='ltr' id='par_1_32' title="bbox 296 2529 1869 2600">
     <span class='ocr_line' id='line_1_33' title="bbox 296 2529 1869 2600; baseline -0.001 -14"><span class='ocrx_word' id='word_1_255' title='bbox 296 2545 387 2586; x_wconf 86' lang='lat' dir='ltr'><strong>res</strong></span> <span class='ocrx_word' id='word_1_256' title='bbox 415 2532 527 2586; x_wconf 90' lang='lat' dir='ltr'><strong>visu</strong></span> <span class='ocrx_word' id='word_1_257' title='bbox 552 2530 787 2585; x_wconf 90' lang='lat' dir='ltr'><strong>discunt.</strong></span> <span class='ocrx_word' id='word_1_258' title='bbox 819 2529 909 2584; x_wconf 88' lang='lat' dir='ltr'><strong>Sic</strong></span> <span class='ocrx_word' id='word_1_259' title='bbox 940 2530 1159 2591; x_wconf 86' lang='lat' dir='ltr'><strong>litteras,</strong></span> <span class='ocrx_word' id='word_1_260' title='bbox 1190 2532 1266 2584; x_wconf 91' lang='lat' dir='ltr'><strong>sic</strong></span> <span class='ocrx_word' id='word_1_261' title='bbox 1290 2531 1496 2600; x_wconf 83' lang='lat' dir='ltr'><strong>ignotas</strong></span> <span class='ocrx_word' id='word_1_262' title='bbox 1527 2530 1750 2599; x_wconf 80' lang='lat' dir='ltr'><strong>linguas,</strong></span> <span class='ocrx_word' id='word_1_263' title='bbox 1792 2531 1869 2584; x_wconf 88' lang='lat' dir='ltr'><strong>sic</strong></span> 
     </span>
    </p>
   </div>
   <div class='ocr_carea' id='block_1_33' title="bbox 298 2600 1870 2669">
    <p class='ocr_par' dir='ltr' id='par_1_33' title="bbox 298 2600 1870 2669">
     <span class='ocr_line' id='line_1_34' title="bbox 298 2600 1870 2669; baseline 0.001 -15"><span class='ocrx_word' id='word_1_264' title='bbox 298 2601 475 2656; x_wconf 87' lang='lat' dir='ltr'><strong>varias</strong></span> <span class='ocrx_word' id='word_1_265' title='bbox 503 2610 644 2655; x_wconf 89' lang='lat' dir='ltr'><strong>artes</strong></span> <span class='ocrx_word' id='word_1_266' title='bbox 662 2600 936 2665; x_wconf 87' lang='lat' dir='ltr'><strong>discimus,</strong></span> <span class='ocrx_word' id='word_1_267' title='bbox 960 2601 1085 2654; x_wconf 91' lang='lat' dir='ltr'><strong>dum</strong></span> <span class='ocrx_word' id='word_1_268' title='bbox 1114 2614 1274 2655; x_wconf 85' lang='lat' dir='ltr'><strong>sonos</strong></span> <span class='ocrx_word' id='word_1_269' title='bbox 1309 2601 1589 2655; x_wconf 81' lang='lat' dir='ltr'><strong>verborum</strong></span> <span class='ocrx_word' id='word_1_270' title='bbox 1616 2619 1642 2651; x_wconf 87' lang='lat' dir='ltr'><strong>a</strong></span> <span class='ocrx_word' id='word_1_271' title='bbox 1672 2615 1870 2669; x_wconf 65' lang='lat' dir='ltr'><strong>praece-</strong></span> 
     </span>
    </p>
   </div>
   <div class='ocr_carea' id='block_1_34' title="bbox 294 2670 1867 2743">
    <p class='ocr_par' dir='ltr' id='par_1_34' title="bbox 294 2670 1867 2743">
     <span class='ocr_line' id='line_1_35' title="bbox 294 2670 1867 2743; baseline -0.002 -18"><span class='ocrx_word' id='word_1_272' title='bbox 294 2672 538 2743; x_wconf 87' lang='lat' dir='ltr'><strong>ptoribus</strong></span> <span class='ocrx_word' id='word_1_273' title='bbox 565 2671 900 2743; x_wconf 73' lang='lat' dir='ltr'><strong>percipimus,</strong></span> <span class='ocrx_word' id='word_1_274' title='bbox 935 2685 1023 2743; x_wconf 78' lang='lat' dir='ltr'><strong>res</strong></span> <span class='ocrx_word' id='word_1_275' title='bbox 1051 2672 1201 2743; x_wconf 83' lang='lat' dir='ltr'><strong>ipsas</strong></span> <span class='ocrx_word' id='word_1_276' title='bbox 1228 2672 1699 2743; x_wconf 19' lang='lat' dir='ltr'><strong>veritateidocente</strong></span> <span class='ocrx_word' id='word_1_277' title='bbox 1727 2670 1867 2743; x_wconf 86' lang='lat' dir='ltr'><strong>intus</strong></span> 
     </span>
    </p>
   </div>
   <div class='ocr_carea' id='block_1_35' title="bbox 297 2740 1865 2811">
    <p class='ocr_par' dir='ltr' id='par_1_35' title="bbox 297 2740 1865 2811">
     <span class='ocr_line' id='line_1_36' title="bbox 297 2740 1865 2811; baseline -0.001 -15"><span class='ocrx_word' id='word_1_278' title='bbox 297 2740 717 2796; x_wconf 76' lang='lat' dir='ltr'><strong>consideramus.</strong></span> <span class='ocrx_word' id='word_1_279' title='bbox 747 2741 851 2795; x_wconf 85' lang='lat' dir='ltr'><strong>Sed</strong></span> <span class='ocrx_word' id='word_1_280' title='bbox 879 2742 1003 2811; x_wconf 91' lang='lat' dir='ltr'><strong>quid</strong></span> <span class='ocrx_word' id='word_1_281' title='bbox 1032 2740 1099 2795; x_wconf 87' lang='lat' dir='ltr'><strong>de</strong></span> <span class='ocrx_word' id='word_1_282' title='bbox 1124 2753 1283 2795; x_wconf 84' lang='lat' dir='ltr'><strong>cantu</strong></span> <span class='ocrx_word' id='word_1_283' title='bbox 1331 2750 1414 2794; x_wconf 85' lang='lat' dir='ltr'><strong>est</strong></span> <span class='ocrx_word' id='word_1_284' title='bbox 1440 2740 1745 2806; x_wconf 79' lang='lat' dir='ltr'><strong>dicendum,</strong></span> <span class='ocrx_word' id='word_1_285' title='bbox 1778 2741 1865 2811; x_wconf 86' lang='lat' dir='ltr'><strong>qui</strong></span> 
     </span>
    </p>
   </div>
   <div class='ocr_carea' id='block_1_36' title="bbox 292 2811 1865 2876">
    <p class='ocr_par' dir='ltr' id='par_1_36' title="bbox 292 2811 1865 2876">
     <span class='ocr_line' id='line_1_37' title="bbox 292 2811 1865 2876; baseline -0.002 -9"><span class='ocrx_word' id='word_1_286' title='bbox 292 2826 406 2867; x_wconf 88' lang='lat' dir='ltr'><strong>non</strong></span> <span class='ocrx_word' id='word_1_287' title='bbox 435 2812 662 2876; x_wconf 88' lang='lat' dir='ltr'><strong>videtur,</strong></span> <span class='ocrx_word' id='word_1_288' title='bbox 693 2811 784 2865; x_wconf 74' lang='lat' dir='ltr'><strong>sed</strong></span> <span class='ocrx_word' id='word_1_289' title='bbox 819 2819 1019 2865; x_wconf 87' lang='lat' dir='ltr'><strong>tantum</strong></span> <span class='ocrx_word' id='word_1_290' title='bbox 1049 2812 1230 2865; x_wconf 88' lang='lat' dir='ltr'><strong>auditu</strong></span> <span class='ocrx_word' id='word_1_291' title='bbox 1257 2811 1501 2866; x_wconf 88' lang='lat' dir='ltr'><strong>discitur?</strong></span> <span class='ocrx_word' id='word_1_292' title='bbox 1530 2811 1716 2866; x_wconf 86' lang='lat' dir='ltr'><strong>Nonne</strong></span> <span class='ocrx_word' id='word_1_293' title='bbox 1739 2811 1865 2864; x_wconf 90' lang='lat' dir='ltr'><strong>dum</strong></span> 
     </span>
    </p>
   </div>
   <div class='ocr_carea' id='block_1_37' title="bbox 293 2880 1866 2951">
    <p class='ocr_par' dir='ltr' id='par_1_37' title="bbox 293 2880 1866 2951">
     <span class='ocr_line' id='line_1_38' title="bbox 293 2880 1866 2951; baseline 0 -16"><span class='ocrx_word' id='word_1_294' title='bbox 293 2895 399 2938; x_wconf 78' lang='lat' dir='ltr'><strong>vox</strong></span> <span class='ocrx_word' id='word_1_295' title='bbox 426 2881 666 2936; x_wconf 83' lang='lat' dir='ltr'><strong>canentis</strong></span> <span class='ocrx_word' id='word_1_296' title='bbox 693 2880 822 2935; x_wconf 90' lang='lat' dir='ltr'><strong>foris</strong></span> <span class='ocrx_word' id='word_1_297' title='bbox 848 2889 1021 2941; x_wconf 88' lang='lat' dir='ltr'><strong>sonat,</strong></span> <span class='ocrx_word' id='word_1_298' title='bbox 1047 2882 1238 2951; x_wconf 79' lang='lat' dir='ltr'><strong>veritas</strong></span> <span class='ocrx_word' id='word_1_299' title='bbox 1270 2883 1407 2935; x_wconf 63' lang='lat' dir='ltr'><strong>intus</strong></span> <span class='ocrx_word' id='word_1_300' title='bbox 1436 2884 1585 2951; x_wconf 88' lang='lat' dir='ltr'><strong>quasi</strong></span> <span class='ocrx_word' id='word_1_301' title='bbox 1610 2882 1866 2950; x_wconf 88' lang='lat' dir='ltr'><strong>quosdam</strong></span> 
     </span>
    </p>
   </div>
   <div class='ocr_carea' id='block_1_38' title="bbox 293 2950 1867 3019">
    <p class='ocr_par' dir='ltr' id='par_1_38' title="bbox 293 2950 1867 3019">
     <span class='ocr_line' id='line_1_39' title="bbox 293 2950 1867 3019; baseline -0.002 -11"><span class='ocrx_word' id='word_1_302' title='bbox 293 2967 552 3007; x_wconf 85' lang='lat' dir='ltr'><strong>ascensus</strong></span> <span class='ocrx_word' id='word_1_303' title='bbox 581 2950 727 3005; x_wconf 82' lang='lat' dir='ltr'><strong>vocis</strong></span> <span class='ocrx_word' id='word_1_304' title='bbox 758 2952 809 3004; x_wconf 90' lang='lat' dir='ltr'><strong>in</strong></span> <span class='ocrx_word' id='word_1_305' title='bbox 848 2951 1023 3004; x_wconf 87' lang='lat' dir='ltr'><strong>anima</strong></span> <span class='ocrx_word' id='word_1_306' title='bbox 1054 2950 1280 3004; x_wconf 81' lang='lat' dir='ltr'><strong>format?</strong></span> <span class='ocrx_word' id='word_1_307' title='bbox 1311 2951 1471 3019; x_wconf 86' lang='lat' dir='ltr'><strong>Igitur</strong></span> <span class='ocrx_word' id='word_1_308' title='bbox 1500 2952 1627 3004; x_wconf 85' lang='lat' dir='ltr'><strong>nihil</strong></span> <span class='ocrx_word' id='word_1_309' title='bbox 1650 2954 1867 3005; x_wconf 88' lang='lat' dir='ltr'><strong>omnino</strong></span> 
     </span>
    </p>
   </div>
   <div class='ocr_carea' id='block_1_39' title="bbox 292 3020 1867 3094">
    <p class='ocr_par' dir='ltr' id='par_1_39' title="bbox 292 3020 1867 3094">
     <span class='ocr_line' id='line_1_40' title="bbox 292 3020 1867 3094; baseline -0.002 -16"><span class='ocrx_word' id='word_1_310' title='bbox 292 3038 399 3094; x_wconf 69' lang='lat' dir='ltr'><strong>per,</strong></span> <span class='ocrx_word' id='word_1_311' title='bbox 413 3022 684 3077; x_wconf 89' lang='lat' dir='ltr'><strong>hominem</strong></span> <span class='ocrx_word' id='word_1_312' title='bbox 717 3022 814 3094; x_wconf 88' lang='lat' dir='ltr'><strong>nisi</strong></span> <span class='ocrx_word' id='word_1_313' title='bbox 847 3021 993 3094; x_wconf 87' lang='lat' dir='ltr'><strong>solus</strong></span> <span class='ocrx_word' id='word_1_314' title='bbox 1018 3035 1182 3094; x_wconf 78' lang='lat' dir='ltr'><strong>sonus</strong></span> <span class='ocrx_word' id='word_1_315' title='bbox 1211 3020 1468 3094; x_wconf 78' lang='lat' dir='ltr'><strong>discitur;</strong></span> <span class='ocrx_word' id='word_1_316' title='bbox 1501 3023 1659 3094; x_wconf 74' lang='lat' dir='ltr'><strong>verba</strong></span> <span class='ocrx_word' id='word_1_317' title='bbox 1690 3030 1867 3075; x_wconf 86' lang='lat' dir='ltr'><strong>autem</strong></span> 
     </span>
    </p>
   </div>
   <div class='ocr_carea' id='block_1_40' title="bbox 292 3089 1865 3163">
    <p class='ocr_par' dir='ltr' id='par_1_40' title="bbox 292 3089 1865 3163">
     <span class='ocr_line' id='line_1_41' title="bbox 292 3089 1865 3163; baseline -0.005 -13"><span class='ocrx_word' id='word_1_318' title='bbox 292 3089 349 3150; x_wconf 73' lang='lat' dir='ltr'><strong>et</strong></span> <span class='ocrx_word' id='word_1_319' title='bbox 389 3108 477 3150; x_wconf 89' lang='lat' dir='ltr'><strong>res</strong></span> <span class='ocrx_word' id='word_1_320' title='bbox 508 3093 906 3163; x_wconf 74' lang='lat' dir='ltr'><strong>pet-veritatem</strong></span> <span class='ocrx_word' id='word_1_321' title='bbox 942 3092 992 3144; x_wconf 92' lang='lat' dir='ltr'><strong>in</strong></span> <span class='ocrx_word' id='word_1_322' title='bbox 1025 3091 1260 3163; x_wconf 83' lang='lat' dir='ltr'><strong>interiori</strong></span> <span class='ocrx_word' id='word_1_323' title='bbox 1291 3089 1505 3145; x_wconf 83' lang='lat' dir='ltr'><strong>homine</strong></span> <span class='ocrx_word' id='word_1_324' title='bbox 1528 3090 1865 3163; x_wconf 81' lang='lat' dir='ltr'><strong>habitantem</strong></span> 
     </span>
    </p>
   </div>
   <div class='ocr_carea' id='block_1_41' title="bbox 293 3160 1868 3230">
    <p class='ocr_par' dir='ltr' id='par_1_41' title="bbox 293 3160 1868 3230">
     <span class='ocr_line' id='line_1_42' title="bbox 293 3160 1868 3230; baseline -0.004 -10"><span class='ocrx_word' id='word_1_325' title='bbox 293 3160 673 3220; x_wconf 80' lang='lat' dir='ltr'><strong>discernuntur</strong></span> <span class='ocrx_word' id='word_1_326' title='bbox 689 3164 729 3215; x_wconf 83' lang='grc'><strong>².</strong></span> <span class='ocrx_word' id='word_1_327' title='bbox 763 3162 826 3216; x_wconf 83' lang='grc' dir='ltr'>Ει</span> <span class='ocrx_word' id='word_1_328' title='bbox 855 3162 931 3215; x_wconf 91' lang='lat' dir='ltr'><strong>sic</strong></span> <span class='ocrx_word' id='word_1_329' title='bbox 951 3160 1226 3216; x_wconf 79' lang='lat' dir='ltr'><strong>verissime</strong></span> <span class='ocrx_word' id='word_1_330' title='bbox 1249 3176 1382 3214; x_wconf 90' lang='lat' dir='ltr'><strong>unus</strong></span> <span class='ocrx_word' id='word_1_331' title='bbox 1405 3160 1655 3230; x_wconf 87' lang='lat' dir='ltr'><strong>magister</strong></span> <span class='ocrx_word' id='word_1_332' title='bbox 1676 3161 1868 3230; x_wconf 67' lang='lat' dir='ltr'><strong>prmdi-</strong></span> 
     </span>
    </p>
   </div>
   <div class='ocr_carea' id='block_1_42' title="bbox 292 3231 1867 3314">
    <p class='ocr_par' dir='ltr' id='par_1_42' title="bbox 292 3231 1867 3314">
     <span class='ocr_line' id='line_1_43' title="bbox 292 3231 1867 3314; baseline -0.003 -25"><span class='ocrx_word' id='word_1_333' title='bbox 292 3243 470 3299; x_wconf 84' lang='lat' dir='ltr'><strong>catur,</strong></span> <span class='ocrx_word' id='word_1_334' title='bbox 512 3249 539 3286; x_wconf 90' lang='lat' dir='ltr'><strong>a</strong></span> <span class='ocrx_word' id='word_1_335' title='bbox 569 3247 676 3314; x_wconf 76' lang='lat' dir='ltr'><strong>quo</strong></span> <span class='ocrx_word' id='word_1_336' title='bbox 701 3233 927 3314; x_wconf 76' lang='lat' dir='ltr'><strong>quisque</strong></span> <span class='ocrx_word' id='word_1_337' title='bbox 968 3232 1527 3314; x_wconf 45' lang='lat' dir='ltr'><strong>interius,instruitur.</strong></span> <span class='ocrx_word' id='word_1_338' title='bbox 1692 3240 1867 3284; x_wconf 89' lang='lat' dir='ltr'><strong>autem</strong></span> 
     </span>
    </p>
   </div>
   <div class='ocr_carea' id='block_1_43' title="bbox 293 3302 1866 3375">
    <p class='ocr_par' dir='ltr' id='par_1_43' title="bbox 293 3302 1866 3375">
     <span class='ocr_line' id='line_1_44' title="bbox 293 3302 1866 3375; baseline -0.002 -19"><span class='ocrx_word' id='word_1_339' title='bbox 293 3320 413 3375; x_wconf 57' lang='lat' dir='ltr'><strong>quin</strong></span> <span class='ocrx_word' id='word_1_340' title='bbox 442 3320 472 3359; x_wconf 91' lang='lat' dir='ltr'><strong>a</strong></span> <span class='ocrx_word' id='word_1_341' title='bbox 496 3302 649 3358; x_wconf 80' lang='lat' dir='ltr'><strong>nobis</strong></span> <span class='ocrx_word' id='word_1_342' title='bbox 686 3319 791 3357; x_wconf 91' lang='lat' dir='ltr'><strong>non</strong></span> <span class='ocrx_word' id='word_1_343' title='bbox 809 3302 1076 3367; x_wconf 87' lang='lat' dir='ltr'><strong>videntur,</strong></span> <span class='ocrx_word' id='word_1_344' title='bbox 1107 3310 1162 3355; x_wconf 89' lang='lat' dir='ltr'><strong>ut</strong></span> <span class='ocrx_word' id='word_1_345' title='bbox 1190 3303 1328 3357; x_wconf 85' lang='lat' dir='ltr'><strong>Dens</strong></span> <span class='ocrx_word' id='word_1_346' title='bbox 1347 3313 1400 3357; x_wconf 91' lang='lat' dir='ltr'><strong>et</strong></span> <span class='ocrx_word' id='word_1_347' title='bbox 1425 3302 1631 3372; x_wconf 81' lang='lat' dir='ltr'><strong>Angeli,</strong></span> <span class='ocrx_word' id='word_1_348' title='bbox 1664 3312 1866 3356; x_wconf 86' lang='lat' dir='ltr'><strong>tantum</strong></span> 
     </span>
    </p>
   </div>
   <div class='ocr_carea' id='block_1_44' title="bbox 292 3375 747 3430">
    <p class='ocr_par' dir='ltr' id='par_1_44' title="bbox 292 3375 747 3430">
     <span class='ocr_line' id='line_1_45' title="bbox 292 3375 747 3430; baseline -0.009 0"><span class='ocrx_word' id='word_1_349' title='bbox 292 3378 415 3430; x_wconf 79' lang='lat' dir='ltr'><strong>esSe</strong></span> <span class='ocrx_word' id='word_1_350' title='bbox 439 3375 747 3428; x_wconf 83' lang='lat' dir='ltr'><strong>creduntur.</strong></span> 
     </span>
    </p>
   </div>
   <div class='ocr_carea' id='block_1_45' title="bbox 364 3441 1870 3511">
    <p class='ocr_par' dir='ltr' id='par_1_45' title="bbox 364 3441 1870 3511">
     <span class='ocr_line' id='line_1_46' title="bbox 364 3441 1870 3511; baseline -0.003 -12"><span class='ocrx_word' id='word_1_351' title='bbox 364 3444 588 3500; x_wconf 81' lang='lat' dir='ltr'><strong>CAPUT</strong></span> <span class='ocrx_word' id='word_1_352' title='bbox 616 3444 875 3499; x_wconf 77' lang='lat' dir='ltr'><strong>XXXVII.</strong></span> <span class='ocrx_word' id='word_1_353' title='bbox 908 3444 1043 3511; x_wconf 80' lang='lat' dir='ltr'><strong>Quid</strong></span> <span class='ocrx_word' id='word_1_354' title='bbox 1083 3441 1320 3509; x_wconf 72' lang='lat' dir='ltr'><strong>(ti/ferant</strong></span> <span class='ocrx_word' id='word_1_355' title='bbox 1360 3443 1561 3497; x_wconf 78' lang='lat' dir='ltr'><strong>credere</strong></span> <span class='ocrx_word' id='word_1_356' title='bbox 1603 3441 1784 3509; x_wconf 82' lang='lat' dir='ltr'><strong>Deum,</strong></span> <span class='ocrx_word' id='word_1_357' title='bbox 1823 3451 1870 3497; x_wconf 87' lang='lat' dir='ltr'><strong>et</strong></span> 
     </span>
    </p>
   </div>
   <div class='ocr_carea' id='block_1_46' title="bbox 293 3513 1870 3585">
    <p class='ocr_par' dir='ltr' id='par_1_46' title="bbox 293 3513 1870 3585">
     <span class='ocr_line' id='line_1_47' title="bbox 293 3513 1870 3585; baseline -0.001 -15"><span class='ocrx_word' id='word_1_358' title='bbox 293 3517 496 3570; x_wconf 75' lang='lat' dir='ltr'><strong>credere</strong></span> <span class='ocrx_word' id='word_1_359' title='bbox 522 3517 572 3568; x_wconf 84' lang='lat' dir='ltr'><strong>in</strong></span> <span class='ocrx_word' id='word_1_360' title='bbox 592 3513 775 3570; x_wconf 84' lang='lat' dir='ltr'><strong>Deum.</strong></span> <span class='ocrx_word' id='word_1_361' title='bbox 808 3513 962 3568; x_wconf 79' lang='lat' dir='ltr'><strong>Fides</strong></span> <span class='ocrx_word' id='word_1_362' title='bbox 989 3530 1120 3567; x_wconf 80' lang='lat' dir='ltr'><strong>vero.</strong></span> <span class='ocrx_word' id='word_1_363' title='bbox 1154 3515 1294 3568; x_wconf 67' lang='lat' dir='ltr'><strong>Duc.</strong></span> <span class='ocrx_word' id='word_1_364' title='bbox 1315 3513 1499 3569; x_wconf 80' lang='lat' dir='ltr'><strong>Diﬂ&#39;ert</strong></span> <span class='ocrx_word' id='word_1_365' title='bbox 1523 3513 1870 3585; x_wconf 87' lang='lat' dir='ltr'><strong>aliquid,cre-</strong></span> 
     </span>
    </p>
   </div>
   <div class='ocr_carea' id='block_1_47' title="bbox 293 3584 1270 3647">
    <p class='ocr_par' dir='ltr' id='par_1_47' title="bbox 293 3584 1270 3647">
     <span class='ocr_line' id='line_1_48' title="bbox 293 3584 1270 3647; baseline -0.002 -7"><span class='ocrx_word' id='word_1_366' title='bbox 293 3586 425 3641; x_wconf 89' lang='lat' dir='ltr'><strong>dere</strong></span> <span class='ocrx_word' id='word_1_367' title='bbox 452 3586 638 3647; x_wconf 82' lang='lat' dir='ltr'><strong>Deum.</strong></span> <span class='ocrx_word' id='word_1_368' title='bbox 665 3595 717 3639; x_wconf 81' lang='lat' dir='ltr'><strong>et</strong></span> <span class='ocrx_word' id='word_1_369' title='bbox 744 3586 961 3640; x_wconf 87' lang='lat' dir='ltr'><strong>credere</strong></span> <span class='ocrx_word' id='word_1_370' title='bbox 984 3584 1034 3638; x_wconf 90' lang='lat' dir='ltr'><strong>in</strong></span> <span class='ocrx_word' id='word_1_371' title='bbox 1061 3585 1224 3639; x_wconf 83' lang='lat' dir='ltr'><strong>Deum</strong></span> <span class='ocrx_word' id='word_1_372' title='bbox 1247 3586 1270 3638; x_wconf 88' lang='lat'><strong>?</strong></span> 
     </span>
    </p>
   </div>
   <div class='ocr_carea' id='block_1_48' title="bbox 370 3653 1871 3726">
    <p class='ocr_par' dir='ltr' id='par_1_48' title="bbox 370 3653 1871 3726">
     <span class='ocr_line' id='line_1_49' title="bbox 370 3653 1871 3726; baseline -0.001 -14"><span class='ocrx_word' id='word_1_373' title='bbox 370 3657 510 3712; x_wconf 76' lang='lat' dir='ltr'><strong>MAG.</strong></span> <span class='ocrx_word' id='word_1_374' title='bbox 551 3655 789 3711; x_wconf 85' lang='lat' dir='ltr'><strong>Multum.</strong></span> <span class='ocrx_word' id='word_1_375' title='bbox 824 3657 1102 3709; x_wconf 70' lang='lat' dir='ltr'><strong>Dmnoncs</strong></span> <span class='ocrx_word' id='word_1_376' title='bbox 1127 3656 1323 3709; x_wconf 88' lang='lat' dir='ltr'><strong>etenim</strong></span> <span class='ocrx_word' id='word_1_377' title='bbox 1349 3665 1402 3710; x_wconf 91' lang='lat' dir='ltr'><strong>et</strong></span> <span class='ocrx_word' id='word_1_378' title='bbox 1426 3656 1619 3726; x_wconf 83' lang='lat' dir='ltr'><strong>Pagani</strong></span> <span class='ocrx_word' id='word_1_379' title='bbox 1647 3653 1871 3711; x_wconf 82' lang='lat' dir='ltr'><strong>credunt</strong></span> 
     </span>
    </p>
   </div>
   <div class='ocr_carea' id='block_1_49' title="bbox 295 3726 1867 3794">
    <p class='ocr_par' dir='ltr' id='par_1_49' title="bbox 295 3726 1867 3794">
     <span class='ocr_line' id='line_1_50' title="bbox 295 3726 1867 3794; baseline -0.001 -12"><span class='ocrx_word' id='word_1_380' title='bbox 295 3727 485 3791; x_wconf 86' lang='lat' dir='ltr'><strong>Deum,</strong></span> <span class='ocrx_word' id='word_1_381' title='bbox 519 3727 612 3782; x_wconf 89' lang='lat' dir='ltr'><strong>sed</strong></span> <span class='ocrx_word' id='word_1_382' title='bbox 646 3742 752 3781; x_wconf 90' lang='lat' dir='ltr'><strong>non</strong></span> <span class='ocrx_word' id='word_1_383' title='bbox 790 3726 1016 3781; x_wconf 88' lang='lat' dir='ltr'><strong>credunt</strong></span> <span class='ocrx_word' id='word_1_384' title='bbox 1063 3726 1113 3779; x_wconf 90' lang='lat' dir='ltr'><strong>iu</strong></span> <span class='ocrx_word' id='word_1_385' title='bbox 1144 3726 1329 3781; x_wconf 89' lang='lat' dir='ltr'><strong>Deum.</strong></span> <span class='ocrx_word' id='word_1_386' title='bbox 1369 3726 1606 3782; x_wconf 87' lang='lat' dir='ltr'><strong>Credunt</strong></span> <span class='ocrx_word' id='word_1_387' title='bbox 1640 3740 1867 3794; x_wconf 88' lang='lat' dir='ltr'><strong>namque</strong></span> 
     </span>
    </p>
   </div>
   <div class='ocr_carea' id='block_1_50' title="bbox 294 3797 1867 3869">
    <p class='ocr_par' dir='ltr' id='par_1_50' title="bbox 294 3797 1867 3869">
     <span class='ocr_line' id='line_1_51' title="bbox 294 3797 1867 3869; baseline 0 -18"><span class='ocrx_word' id='word_1_388' title='bbox 294 3797 437 3869; x_wconf 89' lang='lat' dir='ltr'><strong>quod</strong></span> <span class='ocrx_word' id='word_1_389' title='bbox 484 3797 739 3869; x_wconf 86' lang='lat' dir='ltr'><strong>Deus_sit</strong></span> <span class='ocrx_word' id='word_1_390' title='bbox 778 3798 866 3867; x_wconf 92' lang='lat' dir='ltr'><strong>qui</strong></span> <span class='ocrx_word' id='word_1_391' title='bbox 905 3797 1083 3850; x_wconf 84' lang='lat' dir='ltr'><strong>omnia</strong></span> <span class='ocrx_word' id='word_1_392' title='bbox 1115 3798 1332 3861; x_wconf 88' lang='lat' dir='ltr'><strong>creavit,</strong></span> <span class='ocrx_word' id='word_1_393' title='bbox 1389 3813 1473 3869; x_wconf 89' lang='lat' dir='ltr'><strong>ae</strong></span> <span class='ocrx_word' id='word_1_394' title='bbox 1500 3811 1662 3865; x_wconf 90' lang='lat' dir='ltr'><strong>super</strong></span> <span class='ocrx_word' id='word_1_395' title='bbox 1689 3798 1867 3869; x_wconf 83' lang='lat' dir='ltr'><strong>omnia</strong></span> 
     </span>
    </p>
   </div>
   <div class='ocr_carea' id='block_1_51' title="bbox 297 3866 1866 3939">
    <p class='ocr_par' dir='ltr' id='par_1_51' title="bbox 297 3866 1866 3939">
     <span class='ocr_line' id='line_1_52' title="bbox 297 3866 1866 3939; baseline 0 -18"><span class='ocrx_word' id='word_1_396' title='bbox 297 3866 492 3939; x_wconf 81' lang='lat' dir='ltr'><strong>potens</strong></span> <span class='ocrx_word' id='word_1_397' title='bbox 516 3868 603 3922; x_wconf 90' lang='lat' dir='ltr'><strong>sit.</strong></span> <span class='ocrx_word' id='word_1_398' title='bbox 637 3867 694 3922; x_wconf 90' lang='lat' dir='ltr'><strong>In</strong></span> <span class='ocrx_word' id='word_1_399' title='bbox 727 3868 889 3939; x_wconf 85' lang='lat' dir='ltr'><strong>Deum</strong></span> <span class='ocrx_word' id='word_1_400' title='bbox 915 3875 1091 3939; x_wconf 86' lang='lat' dir='ltr'><strong>autem</strong></span> <span class='ocrx_word' id='word_1_401' title='bbox 1123 3875 1328 3939; x_wconf 74' lang='lat' dir='ltr'><strong>tantum</strong></span> <span class='ocrx_word' id='word_1_402' title='bbox 1353 3868 1598 3931; x_wconf 89' lang='lat' dir='ltr'><strong>credunt,</strong></span> <span class='ocrx_word' id='word_1_403' title='bbox 1619 3866 1717 3939; x_wconf 80' lang='lat' dir='ltr'><strong>qui</strong></span> <span class='ocrx_word' id='word_1_404' title='bbox 1746 3882 1866 3921; x_wconf 90' lang='lat' dir='ltr'><strong>cum</strong></span> 
     </span>
    </p>
   </div>
   <div class='ocr_carea' id='block_1_52' title="bbox 294 3936 1871 4009">
    <p class='ocr_par' dir='ltr' id='par_1_52' title="bbox 294 3936 1871 4009">
     <span class='ocr_line' id='line_1_53' title="bbox 294 3936 1871 4009; baseline -0.002 -15"><span class='ocrx_word' id='word_1_405' title='bbox 294 3936 566 4009; x_wconf 83' lang='lat' dir='ltr'><strong>diligendo</strong></span> <span class='ocrx_word' id='word_1_406' title='bbox 618 3939 670 3991; x_wconf 93' lang='lat' dir='ltr'><strong>in</strong></span> <span class='ocrx_word' id='word_1_407' title='bbox 698 3938 857 4009; x_wconf 84' lang='lat' dir='ltr'><strong>iilum</strong></span> <span class='ocrx_word' id='word_1_408' title='bbox 912 3938 1152 3992; x_wconf 90' lang='lat' dir='ltr'><strong>tendunt.</strong></span> <span class='ocrx_word' id='word_1_409' title='bbox 1205 3937 1338 4009; x_wconf 84' lang='lat' dir='ltr'><strong>Vera</strong></span> <span class='ocrx_word' id='word_1_410' title='bbox 1390 3947 1565 3992; x_wconf 91' lang='lat' dir='ltr'><strong>autem</strong></span> <span class='ocrx_word' id='word_1_411' title='bbox 1610 3936 1741 4009; x_wconf 82' lang='lat' dir='ltr'><strong>iides</strong></span> <span class='ocrx_word' id='word_1_412' title='bbox 1788 3946 1871 3991; x_wconf 87' lang='lat' dir='ltr'><strong>est</strong></span> 
     </span>
    </p>
   </div>
   <div class='ocr_carea' id='block_1_53' title="bbox 294 4007 1873 4079">
    <p class='ocr_par' dir='ltr' id='par_1_53' title="bbox 294 4007 1873 4079">
     <span class='ocr_line' id='line_1_54' title="bbox 294 4007 1873 4079; baseline -0.003 -15"><span class='ocrx_word' id='word_1_413' title='bbox 294 4007 535 4072; x_wconf 81' lang='lat' dir='ltr'><strong>credere,</strong></span> <span class='ocrx_word' id='word_1_414' title='bbox 567 4008 706 4079; x_wconf 84' lang='lat' dir='ltr'><strong>quod</strong></span> <span class='ocrx_word' id='word_1_415' title='bbox 729 4008 868 4063; x_wconf 85' lang='lat' dir='ltr'><strong>Deus</strong></span> <span class='ocrx_word' id='word_1_416' title='bbox 890 4009 941 4063; x_wconf 92' lang='lat' dir='ltr'><strong>in</strong></span> <span class='ocrx_word' id='word_1_417' title='bbox 962 4009 1190 4063; x_wconf 88' lang='lat' dir='ltr'><strong>essentia</strong></span> <span class='ocrx_word' id='word_1_418' title='bbox 1220 4008 1287 4062; x_wconf 90' lang='lat' dir='ltr'><strong>sit</strong></span> <span class='ocrx_word' id='word_1_419' title='bbox 1313 4008 1507 4079; x_wconf 79' lang='lat' dir='ltr'><strong>unitas,</strong></span> <span class='ocrx_word' id='word_1_420' title='bbox 1534 4017 1585 4060; x_wconf 93' lang='lat' dir='ltr'><strong>et</strong></span> <span class='ocrx_word' id='word_1_421' title='bbox 1614 4007 1665 4059; x_wconf 91' lang='lat' dir='ltr'><strong>in</strong></span> <span class='ocrx_word' id='word_1_422' title='bbox 1691 4020 1873 4075; x_wconf 84' lang='lat' dir='ltr'><strong>perso-</strong></span> 
     </span>
    </p>
   </div>
   <div class='ocr_carea' id='block_1_54' title="bbox 297 4078 1873 4142">
    <p class='ocr_par' dir='ltr' id='par_1_54' title="bbox 297 4078 1873 4142">
     <span class='ocr_line' id='line_1_55' title="bbox 297 4078 1873 4142; baseline -0.003 -7"><span class='ocrx_word' id='word_1_423' title='bbox 297 4080 384 4135; x_wconf 88' lang='lat' dir='ltr'><strong>nis</strong></span> <span class='ocrx_word' id='word_1_424' title='bbox 405 4078 628 4142; x_wconf 81' lang='lat' dir='ltr'><strong>trinitas,</strong></span> <span class='ocrx_word' id='word_1_425' title='bbox 659 4087 716 4134; x_wconf 90' lang='lat' dir='ltr'><strong>et</strong></span> <span class='ocrx_word' id='word_1_426' title='bbox 761 4079 846 4132; x_wconf 90' lang='lat' dir='ltr'><strong>hic</strong></span> <span class='ocrx_word' id='word_1_427' title='bbox 875 4088 1062 4133; x_wconf 88' lang='lat' dir='ltr'><strong>cuncta</strong></span> <span class='ocrx_word' id='word_1_428' title='bbox 1094 4093 1158 4133; x_wconf 83' lang='lat' dir='ltr'><strong>ex</strong></span> <span class='ocrx_word' id='word_1_429' title='bbox 1206 4078 1372 4132; x_wconf 90' lang='lat' dir='ltr'><strong>nihilo</strong></span> <span class='ocrx_word' id='word_1_430' title='bbox 1400 4078 1576 4132; x_wconf 83' lang='lat' dir='ltr'><strong>Verbo</strong></span> <span class='ocrx_word' id='word_1_431' title='bbox 1601 4090 1699 4130; x_wconf 91' lang='lat' dir='ltr'><strong>suo</strong></span> <span class='ocrx_word' id='word_1_432' title='bbox 1722 4092 1873 4130; x_wconf 85' lang='lat' dir='ltr'><strong>crea-</strong></span> 
     </span>
    </p>
   </div>
   <div class='ocr_carea' id='block_1_55' title="bbox 295 4147 1872 4218">
    <p class='ocr_par' dir='ltr' id='par_1_55' title="bbox 295 4147 1872 4218">
     <span class='ocr_line' id='line_1_56' title="bbox 295 4147 1872 4218; baseline -0.003 -13"><span class='ocrx_word' id='word_1_433' title='bbox 295 4151 453 4214; x_wconf 87' lang='lat' dir='ltr'><strong>verit,</strong></span> <span class='ocrx_word' id='word_1_434' title='bbox 485 4165 547 4205; x_wconf 91' lang='lat' dir='ltr'><strong>ac</strong></span> <span class='ocrx_word' id='word_1_435' title='bbox 565 4150 796 4218; x_wconf 82' lang='lat' dir='ltr'><strong>collapsa</strong></span> <span class='ocrx_word' id='word_1_436' title='bbox 814 4150 1000 4203; x_wconf 87' lang='lat' dir='ltr'><strong>eodem</strong></span> <span class='ocrx_word' id='word_1_437' title='bbox 1041 4147 1212 4203; x_wconf 85' lang='lat' dir='ltr'><strong>Verbo</strong></span> <span class='ocrx_word' id='word_1_438' title='bbox 1237 4147 1511 4202; x_wconf 86' lang='lat' dir='ltr'><strong>inearnato</strong></span> <span class='ocrx_word' id='word_1_439' title='bbox 1536 4156 1872 4202; x_wconf 88' lang='lat' dir='ltr'><strong>restaurave-</strong></span> 
     </span>
    </p>
   </div>
   <div class='ocr_carea' id='block_1_56' title="bbox 296 4218 1870 4289">
    <p class='ocr_par' dir='ltr' id='par_1_56' title="bbox 296 4218 1870 4289">
     <span class='ocr_line' id='line_1_57' title="bbox 296 4218 1870 4289; baseline -0.003 -13"><span class='ocrx_word' id='word_1_440' title='bbox 296 4220 391 4287; x_wconf 91' lang='lat' dir='ltr'><strong>rit,</strong></span> <span class='ocrx_word' id='word_1_441' title='bbox 428 4231 478 4274; x_wconf 90' lang='lat' dir='ltr'><strong>et</strong></span> <span class='ocrx_word' id='word_1_442' title='bbox 524 4222 576 4275; x_wconf 89' lang='lat' dir='ltr'><strong>in</strong></span> <span class='ocrx_word' id='word_1_443' title='bbox 618 4219 804 4274; x_wconf 89' lang='lat' dir='ltr'><strong>ultimo</strong></span> <span class='ocrx_word' id='word_1_444' title='bbox 853 4219 942 4274; x_wconf 86' lang='lat' dir='ltr'><strong>die</strong></span> <span class='ocrx_word' id='word_1_445' title='bbox 995 4234 1089 4289; x_wconf 90' lang='lat' dir='ltr'><strong>per</strong></span> <span class='ocrx_word' id='word_1_446' title='bbox 1131 4218 1383 4287; x_wconf 90' lang='lat' dir='ltr'><strong>Spiritum</strong></span> <span class='ocrx_word' id='word_1_447' title='bbox 1425 4234 1578 4272; x_wconf 90' lang='lat' dir='ltr'><strong>suum</strong></span> <span class='ocrx_word' id='word_1_448' title='bbox 1626 4219 1870 4272; x_wconf 87' lang='lat' dir='ltr'><strong>universa</strong></span> 
     </span>
    </p>
   </div>
   <div class='ocr_carea' id='block_1_57' title="bbox 298 4289 1871 4355">
    <p class='ocr_par' dir='ltr' id='par_1_57' title="bbox 298 4289 1871 4355">
     <span class='ocr_line' id='line_1_58' title="bbox 298 4289 1871 4355; baseline -0.002 -10"><span class='ocrx_word' id='word_1_449' title='bbox 298 4291 603 4355; x_wconf 83' lang='lat' dir='ltr'><strong>innovabit;</strong></span> <span class='ocrx_word' id='word_1_450' title='bbox 635 4300 691 4345; x_wconf 89' lang='lat' dir='ltr'><strong>et</strong></span> <span class='ocrx_word' id='word_1_451' title='bbox 725 4291 826 4344; x_wconf 91' lang='lat' dir='ltr'><strong>hoc</strong></span> <span class='ocrx_word' id='word_1_452' title='bbox 851 4289 1189 4345; x_wconf 88' lang='lat' dir='ltr'><strong>credentibus</strong></span> <span class='ocrx_word' id='word_1_453' title='bbox 1212 4304 1477 4341; x_wconf 88' lang='lat' dir='ltr'><strong>summum</strong></span> <span class='ocrx_word' id='word_1_454' title='bbox 1512 4289 1732 4354; x_wconf 86' lang='lat' dir='ltr'><strong>bonum,</strong></span> <span class='ocrx_word' id='word_1_455' title='bbox 1763 4290 1871 4342; x_wconf 39' lang='lat' dir='ltr'><strong>sci:</strong></span> 
     </span>
    </p>
   </div>
   <div class='ocr_carea' id='block_1_58' title="bbox 302 4358 1873 4432">
    <p class='ocr_par' dir='ltr' id='par_1_58' title="bbox 302 4358 1873 4432">
     <span class='ocr_line' id='line_1_59' title="bbox 302 4358 1873 4432; baseline -0.004 -16"><span class='ocrx_word' id='word_1_456' title='bbox 302 4361 427 4417; x_wconf 89' lang='lat' dir='ltr'><strong>licet</strong></span> <span class='ocrx_word' id='word_1_457' title='bbox 447 4376 507 4416; x_wconf 90' lang='lat' dir='ltr'><strong>se</strong></span> <span class='ocrx_word' id='word_1_458' title='bbox 535 4361 804 4432; x_wconf 88' lang='lat' dir='ltr'><strong>ipsum,_in</strong></span> <span class='ocrx_word' id='word_1_459' title='bbox 834 4360 1055 4432; x_wconf 73' lang='lat' dir='ltr'><strong>prtunin</strong></span> <span class='ocrx_word' id='word_1_460' title='bbox 1079 4358 1241 4432; x_wconf 85' lang='lat' dir='ltr'><strong>dabit.</strong></span> <span class='ocrx_word' id='word_1_461' title='bbox 1263 4359 1387 4432; x_wconf 66' lang='lat' dir='ltr'><strong>ila-c</strong></span> <span class='ocrx_word' id='word_1_462' title='bbox 1410 4359 1542 4432; x_wconf 80' lang='lat' dir='ltr'><strong>fides</strong></span> <span class='ocrx_word' id='word_1_463' title='bbox 1562 4359 1664 4411; x_wconf 88' lang='lat' dir='ltr'><strong>vita</strong></span> <span class='ocrx_word' id='word_1_464' title='bbox 1683 4359 1873 4432; x_wconf 74' lang='lat' dir='ltr'><strong>animae</strong></span> 
     </span>
    </p>
   </div>
   <div class='ocr_carea' id='block_1_59' title="bbox 296 4428 1875 4502">
    <p class='ocr_par' dir='ltr' id='par_1_59' title="bbox 296 4428 1875 4502">
     <span class='ocr_line' id='line_1_60' title="bbox 296 4428 1875 4502; baseline -0.003 -15"><span class='ocrx_word' id='word_1_465' title='bbox 296 4433 501 4499; x_wconf 75' lang='lat' dir='ltr'><strong>existit,</strong></span> <span class='ocrx_word' id='word_1_466' title='bbox 534 4428 585 4487; x_wconf 76' lang='lat' dir='ltr'><strong>et</strong></span> <span class='ocrx_word' id='word_1_467' title='bbox 615 4447 709 4502; x_wconf 86' lang='lat' dir='ltr'><strong>per</strong></span> <span class='ocrx_word' id='word_1_468' title='bbox 732 4428 868 4502; x_wconf 78' lang='lat' dir='ltr'><strong>hanc</strong></span> <span class='ocrx_word' id='word_1_469' title='bbox 884 4431 1059 4502; x_wconf 89' lang='lat' dir='ltr'><strong>justus</strong></span> <span class='ocrx_word' id='word_1_470' title='bbox 1086 4430 1248 4502; x_wconf 78' lang='lat' dir='ltr'><strong>vivit.</strong></span> <span class='ocrx_word' id='word_1_471' title='bbox 1270 4430 1391 4502; x_wconf 78' lang='lat' dir='ltr'><strong>II:th</strong></span> <span class='ocrx_word' id='word_1_472' title='bbox 1414 4428 1548 4484; x_wconf 78' lang='lat' dir='ltr'><strong>fides</strong></span> <span class='ocrx_word' id='word_1_473' title='bbox 1577 4444 1673 4502; x_wconf 83' lang='lat' dir='ltr'><strong>spe</strong></span> <span class='ocrx_word' id='word_1_474' title='bbox 1702 4430 1875 4483; x_wconf 89' lang='lat' dir='ltr'><strong>nutri-</strong></span> 
     </span>
    </p>
   </div>
   <div class='ocr_carea' id='block_1_60' title="bbox 300 4500 1876 4570">
    <p class='ocr_par' dir='ltr' id='par_1_60' title="bbox 300 4500 1876 4570">
     <span class='ocr_line' id='line_1_61' title="bbox 300 4500 1876 4570; baseline -0.002 -14"><span class='ocrx_word' id='word_1_475' title='bbox 300 4510 410 4568; x_wconf 85' lang='lat' dir='ltr'><strong>tur,</strong></span> <span class='ocrx_word' id='word_1_476' title='bbox 432 4514 490 4557; x_wconf 92' lang='lat' dir='ltr'><strong>ut</strong></span> <span class='ocrx_word' id='word_1_477' title='bbox 509 4500 704 4570; x_wconf 77' lang='lat' dir='ltr'><strong>corpus</strong></span> <span class='ocrx_word' id='word_1_478' title='bbox 729 4501 849 4557; x_wconf 88' lang='lat' dir='ltr'><strong>cibo</strong></span> <span class='ocrx_word' id='word_1_479' title='bbox 884 4500 1151 4565; x_wconf 84' lang='lat' dir='ltr'><strong>reﬁcitur;</strong></span> <span class='ocrx_word' id='word_1_480' title='bbox 1183 4500 1467 4555; x_wconf 88' lang='lat' dir='ltr'><strong>dilectione</strong></span> <span class='ocrx_word' id='word_1_481' title='bbox 1507 4500 1788 4564; x_wconf 88' lang='lat' dir='ltr'><strong>animatur,</strong></span> <span class='ocrx_word' id='word_1_482' title='bbox 1819 4509 1876 4553; x_wconf 91' lang='lat' dir='ltr'><strong>ut</strong></span> 
     </span>
    </p>
   </div>
   <div class='ocr_carea' id='block_1_61' title="bbox 296 4572 1877 4641">
    <p class='ocr_par' dir='ltr' id='par_1_61' title="bbox 296 4572 1877 4641">
     <span class='ocr_line' id='line_1_62' title="bbox 296 4572 1877 4641; baseline -0.002 -13"><span class='ocrx_word' id='word_1_483' title='bbox 296 4587 497 4641; x_wconf 89' lang='lat' dir='ltr'><strong>corpus</strong></span> <span class='ocrx_word' id='word_1_484' title='bbox 515 4575 691 4627; x_wconf 86' lang='lat' dir='ltr'><strong>anima</strong></span> <span class='ocrx_word' id='word_1_485' title='bbox 719 4572 1047 4637; x_wconf 88' lang='lat' dir='ltr'><strong>vivilicatur;</strong></span> <span class='ocrx_word' id='word_1_486' title='bbox 1089 4572 1303 4626; x_wconf 89' lang='lat' dir='ltr'><strong>dilectio</strong></span> <span class='ocrx_word' id='word_1_487' title='bbox 1345 4579 1521 4626; x_wconf 89' lang='lat' dir='ltr'><strong>autem</strong></span> <span class='ocrx_word' id='word_1_488' title='bbox 1565 4572 1877 4641; x_wconf 83' lang='lat' dir='ltr'><strong>operatione</strong></span> 
     </span>
    </p>
   </div>
   <div class='ocr_carea' id='block_1_62' title="bbox 295 4640 1879 4711">
    <p class='ocr_par' dir='ltr' id='par_1_62' title="bbox 295 4640 1879 4711">
     <span class='ocr_line' id='line_1_63' title="bbox 295 4640 1879 4711; baseline -0.001 -14"><span class='ocrx_word' id='word_1_489' title='bbox 295 4640 697 4711; x_wconf 85' lang='lat' dir='ltr'><strong>comprobatur,</strong></span> <span class='ocrx_word' id='word_1_490' title='bbox 724 4644 863 4698; x_wconf 88' lang='lat' dir='ltr'><strong>unde</strong></span> <span class='ocrx_word' id='word_1_491' title='bbox 881 4655 933 4698; x_wconf 89' lang='lat' dir='ltr'><strong>et</strong></span> <span class='ocrx_word' id='word_1_492' title='bbox 960 4644 1092 4698; x_wconf 75' lang='lat' dir='ltr'><strong>fides</strong></span> <span class='ocrx_word' id='word_1_493' title='bbox 1111 4644 1227 4698; x_wconf 88' lang='lat' dir='ltr'><strong>sine</strong></span> <span class='ocrx_word' id='word_1_494' title='bbox 1243 4642 1490 4711; x_wconf 84' lang='lat' dir='ltr'><strong>operibus</strong></span> <span class='ocrx_word' id='word_1_495' title='bbox 1512 4651 1716 4695; x_wconf 88' lang='lat' dir='ltr'><strong>mortua</strong></span> <span class='ocrx_word' id='word_1_496' title='bbox 1737 4640 1879 4695; x_wconf 82' lang='lat' dir='ltr'><strong>afﬁr-</strong></span> 
     </span>
    </p>
   </div>
   <div class='ocr_carea' id='block_1_63' title="bbox 294 4709 1878 4784">
    <p class='ocr_par' dir='ltr' id='par_1_63' title="bbox 294 4709 1878 4784">
     <span class='ocr_line' id='line_1_64' title="bbox 294 4709 1878 4784; baseline -0.002 -15"><span class='ocrx_word' id='word_1_497' title='bbox 294 4709 479 4784; x_wconf 69' lang='lat' dir='ltr'><strong>maiur</strong></span> <span class='ocrx_word' id='word_1_498' title='bbox 505 4709 777 4784; x_wconf 52' lang='lat' dir='ltr'><strong>(durabili.</strong></span> <span class='ocrx_word' id='word_1_499' title='bbox 810 4714 1081 4784; x_wconf 36' lang='lat' dir='ltr'><strong>t7).‘Ergo</strong></span> <span class='ocrx_word' id='word_1_500' title='bbox 1100 4714 1200 4767; x_wconf 89' lang='lat' dir='ltr'><strong>lide</strong></span> <span class='ocrx_word' id='word_1_501' title='bbox 1224 4709 1398 4767; x_wconf 85' lang='lat' dir='ltr'><strong>anima</strong></span> <span class='ocrx_word' id='word_1_502' title='bbox 1427 4712 1655 4767; x_wconf 88' lang='lat' dir='ltr'><strong>declinat</strong></span> <span class='ocrx_word' id='word_1_503' title='bbox 1679 4727 1707 4784; x_wconf 69' lang='grc' dir='ltr'>τι</span> <span class='ocrx_word' id='word_1_504' title='bbox 1738 4712 1878 4784; x_wconf 84' lang='lat' dir='ltr'><strong>malo</strong></span> 
     </span>
    </p>
   </div>
   <div class='ocr_carea' id='block_1_64' title="bbox 294 4780 1876 4852">
    <p class='ocr_par' dir='ltr' id='par_1_64' title="bbox 294 4780 1876 4852">
     <span class='ocr_line' id='line_1_65' title="bbox 294 4780 1876 4852; baseline -0.001 -14"><span class='ocrx_word' id='word_1_505' title='bbox 294 4792 353 4838; x_wconf 85' lang='lat' dir='ltr'><strong>et</strong></span> <span class='ocrx_word' id='word_1_506' title='bbox 385 4780 509 4836; x_wconf 76' lang='lat' dir='ltr'><strong>facit</strong></span> <span class='ocrx_word' id='word_1_507' title='bbox 530 4780 745 4852; x_wconf 81' lang='lat' dir='ltr'><strong>bonum.</strong></span> <span class='ocrx_word' id='word_1_508' title='bbox 776 4780 1084 4852; x_wconf 76' lang='lat' dir='ltr'><strong>specuneta</strong></span> <span class='ocrx_word' id='word_1_509' title='bbox 1111 4784 1412 4838; x_wconf 89' lang='lat' dir='ltr'><strong>transitoria</strong></span> <span class='ocrx_word' id='word_1_510' title='bbox 1436 4784 1657 4852; x_wconf 81' lang='lat' dir='ltr'><strong>respuit,</strong></span> <span class='ocrx_word' id='word_1_511' title='bbox 1692 4782 1876 4836; x_wconf 90' lang='lat' dir='ltr'><strong>invisi-</strong></span> 
     </span>
    </p>
   </div>
   <div class='ocr_carea' id='block_1_65' title="bbox 297 4850 1877 4923">
    <p class='ocr_par' dir='ltr' id='par_1_65' title="bbox 297 4850 1877 4923">
     <span class='ocr_line' id='line_1_66' title="bbox 297 4850 1877 4923; baseline 0.001 -16"><span class='ocrx_word' id='word_1_512' title='bbox 297 4852 426 4908; x_wconf 75' lang='lat' dir='ltr'><strong>bilia</strong></span> <span class='ocrx_word' id='word_1_513' title='bbox 457 4852 555 4906; x_wconf 83' lang='lat' dir='ltr'><strong>sibi</strong></span> <span class='ocrx_word' id='word_1_514' title='bbox 577 4850 771 4923; x_wconf 84' lang='lat' dir='ltr'><strong>similia</strong></span> <span class='ocrx_word' id='word_1_515' title='bbox 792 4851 812 4881; x_wconf 88' lang='grc'>³</span> <span class='ocrx_word' id='word_1_516' title='bbox 838 4854 1056 4920; x_wconf 84' lang='lat' dir='ltr'><strong>appetit,</strong></span> <span class='ocrx_word' id='word_1_517' title='bbox 1086 4855 1368 4908; x_wconf 82' lang='lat' dir='ltr'><strong>dilectione</strong></span> <span class='ocrx_word' id='word_1_518' title='bbox 1389 4850 1609 4923; x_wconf 67' lang='lat' dir='ltr'><strong>quicque</strong></span> <span class='ocrx_word' id='word_1_519' title='bbox 1637 4854 1763 4907; x_wconf 87' lang='lat' dir='ltr'><strong>dura</strong></span> <span class='ocrx_word' id='word_1_520' title='bbox 1795 4865 1877 4908; x_wconf 88' lang='lat' dir='ltr'><strong>to-</strong></span> 
     </span>
    </p>
   </div>
   <div class='ocr_carea' id='block_1_66' title="bbox 299 4920 1879 4991">
    <p class='ocr_par' dir='ltr' id='par_1_66' title="bbox 299 4920 1879 4991">
     <span class='ocr_line' id='line_1_67' title="bbox 299 4920 1879 4991; baseline -0.001 -12"><span class='ocrx_word' id='word_1_521' title='bbox 299 4923 462 4987; x_wconf 86' lang='lat' dir='ltr'><strong>lerat,</strong></span> <span class='ocrx_word' id='word_1_522' title='bbox 502 4920 680 4976; x_wconf 86' lang='lat' dir='ltr'><strong>carnis</strong></span> <span class='ocrx_word' id='word_1_523' title='bbox 717 4921 944 4989; x_wconf 88' lang='lat' dir='ltr'><strong>impetus</strong></span> <span class='ocrx_word' id='word_1_524' title='bbox 990 4924 1243 4988; x_wconf 82' lang='lat' dir='ltr'><strong>retrenat,</strong></span> <span class='ocrx_word' id='word_1_525' title='bbox 1280 4920 1580 4976; x_wconf 75' lang='lat' dir='ltr'><strong>necessaria</strong></span> <span class='ocrx_word' id='word_1_526' title='bbox 1623 4924 1879 4991; x_wconf 84' lang='lat' dir='ltr'><strong>proximis</strong></span> 
     </span>
    </p>
   </div>
   <div class='ocr_carea' id='block_1_67' title="bbox 298 4992 1876 5061">
    <p class='ocr_par' dir='ltr' id='par_1_67' title="bbox 298 4992 1876 5061">
     <span class='ocr_line' id='line_1_68' title="bbox 298 4992 1876 5061; baseline -0.002 -12"><span class='ocrx_word' id='word_1_527' title='bbox 298 5002 521 5059; x_wconf 78' lang='lat' dir='ltr'><strong>erogat,</strong></span> <span class='ocrx_word' id='word_1_528' title='bbox 551 5006 761 5046; x_wconf 85' lang='lat' dir='ltr'><strong>summo</strong></span> <span class='ocrx_word' id='word_1_529' title='bbox 803 4992 943 5045; x_wconf 91' lang='lat' dir='ltr'><strong>bono</strong></span> <span class='ocrx_word' id='word_1_530' title='bbox 970 5005 1183 5060; x_wconf 85' lang='lat' dir='ltr'><strong>semper</strong></span> <span class='ocrx_word' id='word_1_531' title='bbox 1217 4992 1451 5045; x_wconf 86' lang='lat' dir='ltr'><strong>anhelat.</strong></span> <span class='ocrx_word' id='word_1_532' title='bbox 1500 4993 1659 5061; x_wconf 88' lang='lat' dir='ltr'><strong>Igitur</strong></span> <span class='ocrx_word' id='word_1_533' title='bbox 1702 4994 1876 5047; x_wconf 88' lang='lat' dir='ltr'><strong>anima</strong></span> 
     </span>
    </p>
   </div>
   <div class='ocr_carea' id='block_1_68' title="bbox 298 5061 1877 5135">
    <p class='ocr_par' dir='ltr' id='par_1_68' title="bbox 298 5061 1877 5135">
     <span class='ocr_line' id='line_1_69' title="bbox 298 5061 1877 5135; baseline -0.001 -18"><span class='ocrx_word' id='word_1_534' title='bbox 298 5079 422 5135; x_wconf 59' lang='lat' dir='ltr'><strong>quae</strong></span> <span class='ocrx_word' id='word_1_535' title='bbox 446 5064 526 5119; x_wconf 87' lang='lat' dir='ltr'><strong>sic</strong></span> <span class='ocrx_word' id='word_1_536' title='bbox 553 5061 821 5135; x_wconf 74' lang='lat' dir='ltr'><strong>credendo</strong></span> <span class='ocrx_word' id='word_1_537' title='bbox 849 5072 901 5135; x_wconf 85' lang='lat' dir='ltr'><strong>et</strong></span> <span class='ocrx_word' id='word_1_538' title='bbox 926 5061 1190 5135; x_wconf 83' lang='lat' dir='ltr'><strong>sperando</strong></span> <span class='ocrx_word' id='word_1_539' title='bbox 1217 5062 1271 5135; x_wconf 82' lang='lat' dir='ltr'><strong>in</strong></span> <span class='ocrx_word' id='word_1_540' title='bbox 1301 5061 1462 5114; x_wconf 86' lang='lat' dir='ltr'><strong>Deum</strong></span> <span class='ocrx_word' id='word_1_541' title='bbox 1491 5062 1677 5126; x_wconf 90' lang='lat' dir='ltr'><strong>tendit,</strong></span> <span class='ocrx_word' id='word_1_542' title='bbox 1706 5065 1877 5132; x_wconf 88' lang='lat' dir='ltr'><strong>ipsum</strong></span> 
     </span>
    </p>
   </div>
   <div class='ocr_carea' id='block_1_69' title="bbox 297 5131 1319 5189">
    <p class='ocr_par' dir='ltr' id='par_1_69' title="bbox 297 5131 1319 5189">
     <span class='ocr_line' id='line_1_70' title="bbox 297 5131 1319 5189; baseline -0.006 0"><span class='ocrx_word' id='word_1_543' title='bbox 297 5131 566 5189; x_wconf 76' lang='lat' dir='ltr'><strong>summum</strong></span> <span class='ocrx_word' id='word_1_544' title='bbox 597 5133 793 5187; x_wconf 87' lang='lat' dir='ltr'><strong>bonum</strong></span> <span class='ocrx_word' id='word_1_545' title='bbox 825 5134 941 5187; x_wconf 87' lang='lat' dir='ltr'><strong>sine</strong></span> <span class='ocrx_word' id='word_1_546' title='bbox 963 5133 1064 5185; x_wconf 87' lang='lat' dir='ltr'><strong>line</strong></span> <span class='ocrx_word' id='word_1_547' title='bbox 1089 5131 1319 5186; x_wconf 88' lang='lat' dir='ltr'><strong>habebit.</strong></span> 
     </span>
    </p>
   </div>
   <div class='ocr_carea' id='block_1_70' title="bbox 372 5220 1883 5289">
    <p class='ocr_par' dir='ltr' id='par_1_70' title="bbox 372 5220 1883 5289">
     <span class='ocr_line' id='line_1_71' title="bbox 372 5220 1883 5289; baseline -0.001 -11"><span class='ocrx_word' id='word_1_548' title='bbox 372 5222 600 5280; x_wconf 81' lang='lat' dir='ltr'><strong>CAPUT</strong></span> <span class='ocrx_word' id='word_1_549' title='bbox 636 5220 922 5277; x_wconf 79' lang='lat' dir='ltr'><strong>XXXVIII.</strong></span> <span class='ocrx_word' id='word_1_550' title='bbox 971 5220 1118 5289; x_wconf 83' lang='lat' dir='ltr'><strong>Quod</strong></span> <span class='ocrx_word' id='word_1_551' title='bbox 1160 5221 1342 5274; x_wconf 76' lang='lat' dir='ltr'><strong>animo:</strong></span> <span class='ocrx_word' id='word_1_552' title='bbox 1388 5236 1539 5275; x_wconf 88' lang='lat' dir='ltr'><strong>carne</strong></span> <span class='ocrx_word' id='word_1_553' title='bbox 1580 5222 1759 5276; x_wconf 68' lang='lat' dir='ltr'><strong>solutae</strong></span> <span class='ocrx_word' id='word_1_554' title='bbox 1809 5223 1883 5276; x_wconf 72' lang='lat' dir='ltr'><strong>ui!</strong></span> 
     </span>
    </p>
   </div>
   <div class='ocr_carea' id='block_1_71' title="bbox 299 5292 1883 5366">
    <p class='ocr_par' dir='ltr' id='par_1_71' title="bbox 299 5292 1883 5366">
     <span class='ocr_line' id='line_1_72' title="bbox 299 5292 1883 5366; baseline -0.003 -15"><span class='ocrx_word' id='word_1_555' title='bbox 299 5311 598 5366; x_wconf 79' lang='lat' dir='ltr'><strong>corporeum</strong></span> <span class='ocrx_word' id='word_1_556' title='bbox 622 5294 852 5366; x_wconf 64' lang='lat' dir='ltr'><strong>seruiunt.</strong></span> <span class='ocrx_word' id='word_1_557' title='bbox 883 5295 1022 5347; x_wconf 86' lang='lat' dir='ltr'><strong>Disc.</strong></span> <span class='ocrx_word' id='word_1_558' title='bbox 1046 5292 1099 5366; x_wconf 80' lang='lat' dir='ltr'><strong>Si</strong></span> <span class='ocrx_word' id='word_1_559' title='bbox 1122 5292 1312 5366; x_wconf 64' lang='lat' dir='ltr'><strong>animae</strong></span> <span class='ocrx_word' id='word_1_560' title='bbox 1333 5293 1641 5347; x_wconf 78' lang='lat' dir='ltr'><strong>naturaliter</strong></span> <span class='ocrx_word' id='word_1_561' title='bbox 1664 5292 1883 5366; x_wconf 78' lang='lat' dir='ltr'><strong>suntlu-</strong></span> 
     </span>
    </p>
   </div>
   <div class='ocr_carea' id='block_1_72' title="bbox 300 5364 1879 5436">
    <p class='ocr_par' dir='ltr' id='par_1_72' title="bbox 300 5364 1879 5436">
     <span class='ocr_line' id='line_1_73' title="bbox 300 5364 1879 5436; baseline -0.003 -16"><span class='ocrx_word' id='word_1_562' title='bbox 300 5364 469 5431; x_wconf 69' lang='lat' dir='ltr'><strong>cidie,</strong></span> <span class='ocrx_word' id='word_1_563' title='bbox 502 5365 755 5436; x_wconf 77' lang='lat' dir='ltr'><strong>quzeritur</strong></span> <span class='ocrx_word' id='word_1_564' title='bbox 787 5372 959 5419; x_wconf 89' lang='lat' dir='ltr'><strong>utrum</strong></span> <span class='ocrx_word' id='word_1_565' title='bbox 999 5364 1276 5436; x_wconf 87' lang='lat' dir='ltr'><strong>animabus</strong></span> <span class='ocrx_word' id='word_1_566' title='bbox 1315 5377 1542 5436; x_wconf 84' lang='lat' dir='ltr'><strong>corpore</strong></span> <span class='ocrx_word' id='word_1_567' title='bbox 1568 5364 1741 5436; x_wconf 78' lang='lat' dir='ltr'><strong>exutis</strong></span> <span class='ocrx_word' id='word_1_568' title='bbox 1786 5364 1879 5436; x_wconf 81' lang='lat' dir='ltr'><strong>lux</strong></span> 
     </span>
    </p>
   </div>
   <div class='ocr_carea' id='block_1_73' title="bbox 302 5434 1878 5505">
    <p class='ocr_par' dir='ltr' id='par_1_73' title="bbox 302 5434 1878 5505">
     <span class='ocr_line' id='line_1_74' title="bbox 302 5434 1878 5505; baseline -0.002 -14"><span class='ocrx_word' id='word_1_569' title='bbox 302 5436 407 5491; x_wconf 85' lang='lat' dir='ltr'><strong>diei</strong></span> <span class='ocrx_word' id='word_1_570' title='bbox 446 5434 641 5505; x_wconf 80' lang='lat' dir='ltr'><strong>aliquid</strong></span> <span class='ocrx_word' id='word_1_571' title='bbox 686 5436 956 5500; x_wconf 82' lang='lat' dir='ltr'><strong>conferat,</strong></span> <span class='ocrx_word' id='word_1_572' title='bbox 994 5434 1095 5488; x_wconf 89' lang='lat' dir='ltr'><strong>vcl-</strong></span> <span class='ocrx_word' id='word_1_573' title='bbox 1115 5448 1302 5491; x_wconf 86' lang='lat' dir='ltr'><strong>rursus</strong></span> <span class='ocrx_word' id='word_1_574' title='bbox 1327 5434 1496 5505; x_wconf 85' lang='lat' dir='ltr'><strong>caligo</strong></span> <span class='ocrx_word' id='word_1_575' title='bbox 1521 5434 1693 5490; x_wconf 89' lang='lat' dir='ltr'><strong>noctis</strong></span> <span class='ocrx_word' id='word_1_576' title='bbox 1722 5434 1878 5504; x_wconf 84' lang='lat' dir='ltr'><strong>quid-</strong></span> 
     </span>
    </p>
   </div>
   <div class='ocr_carea' id='block_1_74' title="bbox 299 5504 1123 5578">
    <p class='ocr_par' dir='ltr' id='par_1_74' title="bbox 299 5504 1123 5578">
     <span class='ocr_line' id='line_1_75' title="bbox 299 5504 1123 5578; baseline 0.002 -20"><span class='ocrx_word' id='word_1_577' title='bbox 299 5520 463 5578; x_wconf 84' lang='lat' dir='ltr'><strong>quam</strong></span> <span class='ocrx_word' id='word_1_578' title='bbox 493 5504 557 5561; x_wconf 86' lang='lat' dir='ltr'><strong>ad</strong></span> <span class='ocrx_word' id='word_1_579' title='bbox 586 5505 868 5561; x_wconf 83' lang='lat' dir='ltr'><strong>videndum</strong></span> <span class='ocrx_word' id='word_1_580' title='bbox 900 5504 1123 5562; x_wconf 83' lang='lat' dir='ltr'><strong>noceat?</strong></span> 
     </span>
    </p>
   </div>
   <div class='ocr_carea' id='block_1_75' title="bbox 365 5639 1003 5711">
    <p class='ocr_par' dir='ltr' id='par_1_75' title="bbox 365 5639 1003 5711">
     <span class='ocr_line' id='line_1_76' title="bbox 365 5639 1003 5711; baseline 0.002 -22"><span class='ocrx_word' id='word_1_581' title='bbox 365 5642 386 5711; x_wconf 66' lang='grc' dir='ltr'><strong>ξ</strong></span> <span class='ocrx_word' id='word_1_582' title='bbox 417 5647 501 5711; x_wconf 63' lang='lat' dir='ltr'><strong>trs.</strong></span> <span class='ocrx_word' id='word_1_583' title='bbox 537 5640 775 5711; x_wconf 36' lang='lat' dir='ltr'><strong>Andoen‘...</strong></span> <span class='ocrx_word' id='word_1_584' title='bbox 796 5639 1003 5711; x_wconf 74' lang='lat' dir='ltr'><strong>discunt.</strong></span> 
     </span>
    </p>
   </div>
   <div class='ocr_carea' id='block_1_76' title="bbox 363 5703 970 5764">
    <p class='ocr_par' dir='ltr' id='par_1_76' title="bbox 363 5703 970 5764">
     <span class='ocr_line' id='line_1_77' title="bbox 363 5703 970 5764; baseline 0.003 -12"><span class='ocrx_word' id='word_1_585' title='bbox 363 5704 391 5735; x_wconf 77' lang='grc'>³</span> <span class='ocrx_word' id='word_1_586' title='bbox 420 5703 553 5752; x_wconf 81' lang='lat' dir='ltr'><strong>Idem</strong></span> <span class='ocrx_word' id='word_1_587' title='bbox 574 5709 682 5764; x_wconf 56' lang='grc' dir='ltr'><strong>ηε»,</strong></span> 
     </span>
    </p>
   </div>
   <div class='ocr_carea' id='block_1_77' title="bbox 365 5762 964 5827">
    <p class='ocr_par' dir='ltr' id='par_1_77' title="bbox 365 5762 964 5827">
     <span class='ocr_line' id='line_1_78' title="bbox 365 5762 964 5827; baseline 0.002 -13"><span class='ocrx_word' id='word_1_588' title='bbox 365 5762 964 5827; x_wconf 59' lang='grc' dir='ltr'><strong>ιεωιίμεειιηάίωιεα.</strong></span> 
     </span>
    </p>
   </div>
   <div class='ocr_carea' id='block_1_78' title="bbox 1274 287 2553 356">
    <p class='ocr_par' dir='ltr' id='par_1_78' title="bbox 1274 287 2553 356">
     <span class='ocr_line' id='line_1_79' title="bbox 1274 287 2553 356; baseline -0.003 0"><span class='ocrx_word' id='word_1_589' title='bbox 1274 297 1478 356; x_wconf 83' lang='lat' dir='ltr'><strong>LIBER</strong></span> <span class='ocrx_word' id='word_1_590' title='bbox 1518 299 1607 356; x_wconf 84' lang='lat' dir='ltr'><strong>DE</strong></span> <span class='ocrx_word' id='word_1_591' title='bbox 1642 287 2055 355; x_wconf 78' lang='lat' dir='ltr'><strong>COGNITIONE</strong></span> <span class='ocrx_word' id='word_1_592' title='bbox 2092 291 2305 353; x_wconf 67' lang='lat' dir='ltr'><strong>VERE</strong></span> <span class='ocrx_word' id='word_1_593' title='bbox 2343 293 2553 356; x_wconf 71' lang='lat' dir='ltr'><strong>VlT/E.</strong></span> 
     </span>
    </p>
   </div>
   <div class='ocr_carea' id='block_1_79' title="bbox 3452 305 3591 367">
    <p class='ocr_par' dir='ltr' id='par_1_79' title="bbox 3452 305 3591 367">
     <span class='ocr_line' id='line_1_80' title="bbox 3452 305 3591 367; baseline 0.014 -2"><span class='ocrx_word' id='word_1_594' title='bbox 3452 305 3591 367; x_wconf 71' lang='lat'><strong>1026</strong></span> 
     </span>
    </p>
   </div>
   <div class='ocr_carea' id='block_1_80' title="bbox 2011 408 3586 488">
    <p class='ocr_par' dir='ltr' id='par_1_80' title="bbox 2011 408 3586 488">
     <span class='ocr_line' id='line_1_81' title="bbox 2011 408 3586 488; baseline 0.01 -22"><span class='ocrx_word' id='word_1_595' title='bbox 2011 484 2016 488; x_wconf 9' lang='grc' dir='ltr'>ἰ</span> <span class='ocrx_word' id='word_1_596' title='bbox 2079 410 2219 488; x_wconf 68' lang='lat' dir='ltr'><strong>Mite.</strong></span> <span class='ocrx_word' id='word_1_597' title='bbox 2267 408 2418 488; x_wconf 81' lang='lat' dir='ltr'><strong>Sicut</strong></span> <span class='ocrx_word' id='word_1_598' title='bbox 2444 425 2641 488; x_wconf 82' lang='lat' dir='ltr'><strong>corpus</strong></span> <span class='ocrx_word' id='word_1_599' title='bbox 2666 410 2784 488; x_wconf 77' lang='lat' dir='ltr'><strong>sine</strong></span> <span class='ocrx_word' id='word_1_600' title='bbox 2806 412 2981 471; x_wconf 84' lang='lat' dir='ltr'><strong>anima</strong></span> <span class='ocrx_word' id='word_1_601' title='bbox 3007 414 3140 473; x_wconf 83' lang='lat' dir='ltr'><strong>nihil</strong></span> <span class='ocrx_word' id='word_1_602' title='bbox 3169 418 3371 477; x_wconf 88' lang='lat' dir='ltr'><strong>sentire</strong></span> <span class='ocrx_word' id='word_1_603' title='bbox 3405 427 3586 483; x_wconf 85' lang='lat' dir='ltr'><strong>cerni-</strong></span> 
     </span>
    </p>
   </div>
   <div class='ocr_carea' id='block_1_81' title="bbox 2011 483 3584 563">
    <p class='ocr_par' dir='ltr' id='par_1_81' title="bbox 2011 483 3584 563">
     <span class='ocr_line' id='line_1_82' title="bbox 2011 483 3584 563; baseline 0.011 -26"><span class='ocrx_word' id='word_1_604' title='bbox 2011 483 2226 563; x_wconf 87' lang='lat' dir='ltr'><strong>tur,_sic</strong></span> <span class='ocrx_word' id='word_1_605' title='bbox 2270 483 2452 563; x_wconf 78' lang='lat' dir='ltr'><strong>utique</strong></span> <span class='ocrx_word' id='word_1_606' title='bbox 2495 483 2671 563; x_wconf 70' lang='lat' dir='ltr'><strong>anima</strong></span> <span class='ocrx_word' id='word_1_607' title='bbox 2712 484 2828 563; x_wconf 77' lang='lat' dir='ltr'><strong>sine</strong></span> <span class='ocrx_word' id='word_1_608' title='bbox 2855 499 3085 563; x_wconf 73' lang='lat' dir='ltr'><strong>corpore</strong></span> <span class='ocrx_word' id='word_1_609' title='bbox 3109 488 3242 563; x_wconf 83' lang='lat' dir='ltr'><strong>nihil</strong></span> <span class='ocrx_word' id='word_1_610' title='bbox 3268 505 3584 563; x_wconf 88' lang='lat' dir='ltr'><strong>corporeum</strong></span> 
     </span>
    </p>
   </div>
   <div class='ocr_carea' id='block_1_82' title="bbox 2007 552 3588 633">
    <p class='ocr_par' dir='ltr' id='par_1_82' title="bbox 2007 552 3588 633">
     <span class='ocr_line' id='line_1_83' title="bbox 2007 552 3588 633; baseline 0.009 -24"><span class='ocrx_word' id='word_1_611' title='bbox 2007 554 2209 633; x_wconf 87' lang='lat' dir='ltr'><strong>sentire</strong></span> <span class='ocrx_word' id='word_1_612' title='bbox 2245 554 2503 633; x_wconf 79' lang='lat' dir='ltr'><strong>creditur.</strong></span> <span class='ocrx_word' id='word_1_613' title='bbox 2547 552 2769 625; x_wconf 84' lang='lat' dir='ltr'><strong>Corpori</strong></span> <span class='ocrx_word' id='word_1_614' title='bbox 2792 552 2991 628; x_wconf 77' lang='lat' dir='ltr'><strong>quippe</strong></span> <span class='ocrx_word' id='word_1_615' title='bbox 3021 557 3252 616; x_wconf 83' lang='lat' dir='ltr'><strong>admixta</strong></span> <span class='ocrx_word' id='word_1_616' title='bbox 3280 552 3380 633; x_wconf 69' lang='lat' dir='ltr'><strong>per</strong></span> <span class='ocrx_word' id='word_1_617' title='bbox 3404 552 3588 624; x_wconf 84' lang='lat' dir='ltr'><strong>oculos</strong></span> 
     </span>
    </p>
   </div>
   <div class='ocr_carea' id='block_1_83' title="bbox 2005 624 3589 707">
    <p class='ocr_par' dir='ltr' id='par_1_83' title="bbox 2005 624 3589 707">
     <span class='ocr_line' id='line_1_84' title="bbox 2005 624 3589 707; baseline 0.01 -29"><span class='ocrx_word' id='word_1_618' title='bbox 2005 625 2167 707; x_wconf 70' lang='lat' dir='ltr'><strong>seruit</strong></span> <span class='ocrx_word' id='word_1_619' title='bbox 2191 624 2419 689; x_wconf 90' lang='lat' dir='ltr'><strong>colores,</strong></span> <span class='ocrx_word' id='word_1_620' title='bbox 2443 639 2541 695; x_wconf 84' lang='lat' dir='ltr'><strong>per</strong></span> <span class='ocrx_word' id='word_1_621' title='bbox 2565 624 2724 707; x_wconf 81' lang='lat' dir='ltr'><strong>aures</strong></span> <span class='ocrx_word' id='word_1_622' title='bbox 2747 624 2936 707; x_wconf 68' lang='lat' dir='ltr'><strong>voces,</strong></span> <span class='ocrx_word' id='word_1_623' title='bbox 2960 643 3054 707; x_wconf 79' lang='lat' dir='ltr'><strong>per</strong></span> <span class='ocrx_word' id='word_1_624' title='bbox 3079 645 3236 685; x_wconf 88' lang='lat' dir='ltr'><strong>nares</strong></span> <span class='ocrx_word' id='word_1_625' title='bbox 3255 624 3467 700; x_wconf 72' lang='lat' dir='ltr'><strong>o&#39;dores,</strong></span> <span class='ocrx_word' id='word_1_626' title='bbox 3492 652 3589 707; x_wconf 88' lang='lat' dir='ltr'><strong>per</strong></span> 
     </span>
    </p>
   </div>
   <div class='ocr_carea' id='block_1_84' title="bbox 2002 643 3587 819">
    <p class='ocr_par' dir='ltr' id='par_1_84' title="bbox 2002 643 3587 819">
     <span class='ocr_line' id='line_1_85' title="bbox 2005 643 3587 754; baseline 0.011 -76"><span class='ocrx_word' id='word_1_627' title='bbox 2005 643 2167 679; x_wconf 79' lang='lat' dir='ltr'><strong>sentit</strong></span> <span class='ocrx_word' id='word_1_628' title='bbox 2191 643 2419 689; x_wconf 73' lang='lat' dir='ltr'><strong>calores,</strong></span> <span class='ocrx_word' id='word_1_629' title='bbox 2443 643 2541 695; x_wconf 82' lang='lat' dir='ltr'><strong>per</strong></span> <span class='ocrx_word' id='word_1_630' title='bbox 2565 643 2724 682; x_wconf 81' lang='lat' dir='ltr'><strong>aures</strong></span> <span class='ocrx_word' id='word_1_631' title='bbox 2747 643 2927 694; x_wconf 80' lang='lat' dir='ltr'><strong>voces,</strong></span> <span class='ocrx_word' id='word_1_632' title='bbox 2960 643 3054 754; x_wconf 65' lang='lat' dir='ltr'><strong>rer</strong></span> <span class='ocrx_word' id='word_1_633' title='bbox 3079 645 3236 685; x_wconf 88' lang='lat' dir='ltr'><strong>nares</strong></span> <span class='ocrx_word' id='word_1_634' title='bbox 3255 643 3467 700; x_wconf 85' lang='lat' dir='ltr'><strong>odores,</strong></span> <span class='ocrx_word' id='word_1_635' title='bbox 3492 652 3587 707; x_wconf 89' lang='lat' dir='ltr'><strong>per</strong></span> 
     </span>
     <span class='ocr_line' id='line_1_86' title="bbox 2002 696 3587 819; baseline 0.009 -71"><span class='ocrx_word' id='word_1_636' title='bbox 2002 696 2239 819; x_wconf 62' lang='lat' dir='ltr'><strong>Balatum</strong></span> <span class='ocrx_word' id='word_1_637' title='bbox 2270 710 2510 778; x_wconf 80' lang='lat' dir='ltr'><strong>sapores,</strong></span> <span class='ocrx_word' id='word_1_638' title='bbox 2540 711 2635 767; x_wconf 91' lang='lat' dir='ltr'><strong>per</strong></span> <span class='ocrx_word' id='word_1_639' title='bbox 2648 704 2861 781; x_wconf 62' lang='lat' dir='ltr'><strong>tactum</strong></span> <span class='ocrx_word' id='word_1_640' title='bbox 2890 713 2956 754; x_wconf 90' lang='lat' dir='ltr'><strong>ve</strong></span> <span class='ocrx_word' id='word_1_641' title='bbox 3007 700 3271 757; x_wconf 88' lang='lat' dir='ltr'><strong>incessum</strong></span> <span class='ocrx_word' id='word_1_642' title='bbox 3299 720 3385 760; x_wconf 90' lang='lat' dir='ltr'><strong>res</strong></span> <span class='ocrx_word' id='word_1_643' title='bbox 3420 712 3587 779; x_wconf 86' lang='lat' dir='ltr'><strong>tangi-</strong></span> 
     </span>
     <span class='ocr_line' id='line_1_87' title="bbox 2042 765 3582 819; baseline 0 0"><span class='ocrx_word' id='word_1_644' title='bbox 2042 765 2137 819; x_wconf 85' lang='lat' dir='ltr'><strong>tles</strong></span> <span class='ocrx_word' id='word_1_645' title='bbox 2168 765 2390 819; x_wconf 83' lang='lat' dir='ltr'><strong>mollitie</strong></span> <span class='ocrx_word' id='word_1_646' title='bbox 2415 767 2499 819; x_wconf 85' lang='lat' dir='ltr'><strong>vel</strong></span> <span class='ocrx_word' id='word_1_647' title='bbox 2542 766 2737 819; x_wconf 80' lang='lat' dir='ltr'><strong>duritia</strong></span> <span class='ocrx_word' id='word_1_648' title='bbox 2765 767 3092 819; x_wconf 76' lang='lat' dir='ltr'><strong>differentes.</strong></span> <span class='ocrx_word' id='word_1_649' title='bbox 3126 772 3167 819; x_wconf 81' lang='grc' dir='ltr'>Α</span> <span class='ocrx_word' id='word_1_650' title='bbox 3202 788 3427 819; x_wconf 72' lang='lat' dir='ltr'><strong>nni-nom</strong></span> <span class='ocrx_word' id='word_1_651' title='bbox 3453 794 3582 819; x_wconf 73' lang='lat' dir='ltr'><strong>vprn</strong></span> 
     </span>
    </p>
   </div>
   <div class='ocr_carea' id='block_1_85' title="bbox 2042 765 3611 844">
    <p class='ocr_par' dir='ltr' id='par_1_85' title="bbox 2042 765 3611 844">
     <span class='ocr_line' id='line_1_88' title="bbox 2042 765 3611 844; baseline 0.01 -25"><span class='ocrx_word' id='word_1_652' title='bbox 2042 765 2137 821; x_wconf 89' lang='lat' dir='ltr'><strong>iles</strong></span> <span class='ocrx_word' id='word_1_653' title='bbox 2168 765 2399 844; x_wconf 67' lang='lat' dir='ltr'><strong>mollitie</strong></span> <span class='ocrx_word' id='word_1_654' title='bbox 2415 767 2499 822; x_wconf 89' lang='lat' dir='ltr'><strong>vel</strong></span> <span class='ocrx_word' id='word_1_655' title='bbox 2542 765 2737 822; x_wconf 82' lang='lat' dir='ltr'><strong>duritia</strong></span> <span class='ocrx_word' id='word_1_656' title='bbox 2765 767 3092 844; x_wconf 72' lang='lat' dir='ltr'><strong>ditl‘erenies.</strong></span> <span class='ocrx_word' id='word_1_657' title='bbox 3126 772 3169 825; x_wconf 80' lang='grc' dir='ltr'><strong>Α</strong></span> <span class='ocrx_word' id='word_1_658' title='bbox 3202 788 3427 844; x_wconf 88' lang='lat' dir='ltr'><strong>corpore</strong></span> <span class='ocrx_word' id='word_1_659' title='bbox 3453 765 3582 835; x_wconf 55' lang='lat' dir='ltr'><strong>ve&#39;i&#39;o</strong></span> <span class='ocrx_word' id='word_1_660' title='bbox 3608 780 3611 784; x_wconf 86' lang='grc'><em>’</em></span> 
     </span>
    </p>
   </div>
   <div class='ocr_carea' id='block_1_86' title="bbox 2001 835 3583 919">
    <p class='ocr_par' dir='ltr' id='par_1_86' title="bbox 2001 835 3583 919">
     <span class='ocr_line' id='line_1_89' title="bbox 2001 835 3583 919; baseline 0.007 -29"><span class='ocrx_word' id='word_1_661' title='bbox 2001 844 2243 918; x_wconf 68' lang='lat' dir='ltr'><strong>separata</strong></span> <span class='ocrx_word' id='word_1_662' title='bbox 2270 835 2400 919; x_wconf 84' lang='lat' dir='ltr'><strong>nibii</strong></span> <span class='ocrx_word' id='word_1_663' title='bbox 2428 852 2746 919; x_wconf 71' lang='lat' dir='ltr'><strong>corporeum</strong></span> <span class='ocrx_word' id='word_1_664' title='bbox 2768 842 3116 919; x_wconf 71' lang='lat' dir='ltr'><strong>corporaliter</strong></span> <span class='ocrx_word' id='word_1_665' title='bbox 3138 835 3323 919; x_wconf 68' lang='lat' dir='ltr'><strong>sentit&#39;,</strong></span> <span class='ocrx_word' id='word_1_666' title='bbox 3345 854 3583 919; x_wconf 83' lang='lat' dir='ltr'><strong>quasque</strong></span> 
     </span>
    </p>
   </div>
   <div class='ocr_carea' id='block_1_87' title="bbox 1999 907 3581 976">
    <p class='ocr_par' dir='ltr' id='par_1_87' title="bbox 1999 907 3581 976">
     <span class='ocr_line' id='line_1_90' title="bbox 1999 907 3581 976; baseline 0.009 -17"><span class='ocrx_word' id='word_1_667' title='bbox 1999 919 2088 960; x_wconf 92' lang='lat' dir='ltr'><strong>res</strong></span> <span class='ocrx_word' id='word_1_668' title='bbox 2127 907 2179 961; x_wconf 90' lang='lat' dir='ltr'><strong>in</strong></span> <span class='ocrx_word' id='word_1_669' title='bbox 2222 907 2546 976; x_wconf 90' lang='lat' dir='ltr'><strong>proprietate</strong></span> <span class='ocrx_word' id='word_1_670' title='bbox 2585 907 2927 975; x_wconf 76' lang='lat' dir='ltr'><strong>substantiae,</strong></span> <span class='ocrx_word' id='word_1_671' title='bbox 2953 911 3233 968; x_wconf 89' lang='lat' dir='ltr'><strong>abstractis</strong></span> <span class='ocrx_word' id='word_1_672' title='bbox 3272 907 3581 974; x_wconf 64' lang='lat' dir='ltr'><strong>aec&#39;ideniiis</strong></span> 
     </span>
    </p>
   </div>
   <div class='ocr_carea' id='block_1_88' title="bbox 2000 976 3580 1063">
    <p class='ocr_par' dir='ltr' id='par_1_88' title="bbox 2000 976 3580 1063">
     <span class='ocr_line' id='line_1_91' title="bbox 2000 976 3580 1063; baseline 0.009 -34"><span class='ocrx_word' id='word_1_673' title='bbox 2000 976 2245 1063; x_wconf 63' lang='lat' dir='ltr'><strong>colorum</strong></span> <span class='ocrx_word' id='word_1_674' title='bbox 2271 978 2553 1063; x_wconf 77' lang='lat' dir='ltr'><strong>conspicit,</strong></span> <span class='ocrx_word' id='word_1_675' title='bbox 2588 980 2881 1063; x_wconf 74' lang='lat' dir='ltr'><strong>spiritualia</strong></span> <span class='ocrx_word' id='word_1_676' title='bbox 2911 996 3124 1063; x_wconf 71' lang='lat' dir='ltr'><strong>quoque</strong></span> <span class='ocrx_word' id='word_1_677' title='bbox 3148 997 3248 1063; x_wconf 76' lang='lat' dir='ltr'><strong>suo</strong></span> <span class='ocrx_word' id='word_1_678' title='bbox 3273 1001 3423 1063; x_wconf 87' lang='lat' dir='ltr'><strong>more</strong></span> <span class='ocrx_word' id='word_1_679' title='bbox 3452 1004 3580 1044; x_wconf 91' lang='lat' dir='ltr'><strong>sen-</strong></span> 
     </span>
    </p>
   </div>
   <div class='ocr_carea' id='block_1_89' title="bbox 1998 1046 3582 1118">
    <p class='ocr_par' dir='ltr' id='par_1_89' title="bbox 1998 1046 3582 1118">
     <span class='ocr_line' id='line_1_92' title="bbox 1998 1046 3582 1118; baseline 0.009 -18"><span class='ocrx_word' id='word_1_680' title='bbox 1998 1047 2079 1101; x_wconf 91' lang='lat' dir='ltr'><strong>tit.</strong></span> <span class='ocrx_word' id='word_1_681' title='bbox 2103 1046 2251 1118; x_wconf 82' lang='lat' dir='ltr'><strong>Sicut</strong></span> <span class='ocrx_word' id='word_1_682' title='bbox 2275 1046 2603 1118; x_wconf 49' lang='lat' dir='ltr'><strong>ergo&#39;lumen</strong></span> <span class='ocrx_word' id='word_1_683' title='bbox 2620 1046 2862 1106; x_wconf 73' lang='lat' dir='ltr'><strong>candelre</strong></span> <span class='ocrx_word' id='word_1_684' title='bbox 2892 1046 3022 1106; x_wconf 88' lang='lat' dir='ltr'><strong>nihil</strong></span> <span class='ocrx_word' id='word_1_685' title='bbox 3038 1046 3259 1109; x_wconf 58' lang='lat' dir='ltr'><strong>&quot;confert</strong></span> <span class='ocrx_word' id='word_1_686' title='bbox 3286 1058 3384 1112; x_wconf 93' lang='lat' dir='ltr'><strong>soli</strong></span> <span class='ocrx_word' id='word_1_687' title='bbox 3411 1060 3476 1113; x_wconf 88' lang='lat' dir='ltr'><strong>ad</strong></span> <span class='ocrx_word' id='word_1_688' title='bbox 3501 1060 3582 1115; x_wconf 93' lang='lat' dir='ltr'><strong>lu-</strong></span> 
     </span>
    </p>
   </div>
   <div class='ocr_carea' id='block_1_90' title="bbox 1995 1117 3576 1188">
    <p class='ocr_par' dir='ltr' id='par_1_90' title="bbox 1995 1117 3576 1188">
     <span class='ocr_line' id='line_1_93' title="bbox 1995 1117 3576 1188; baseline 0.008 -15"><span class='ocrx_word' id='word_1_689' title='bbox 1995 1117 2222 1173; x_wconf 87' lang='lat' dir='ltr'><strong>cendum</strong></span> <span class='ocrx_word' id='word_1_690' title='bbox 2245 1159 2259 1182; x_wconf 91' lang='lat'><strong>,</strong></span> <span class='ocrx_word' id='word_1_691' title='bbox 2291 1117 2373 1175; x_wconf 81' lang='lat' dir='ltr'><strong>sic</strong></span> <span class='ocrx_word' id='word_1_692' title='bbox 2414 1119 2654 1188; x_wconf 87' lang='lat' dir='ltr'><strong>profecto</strong></span> <span class='ocrx_word' id='word_1_693' title='bbox 2683 1120 2773 1176; x_wconf 87' lang='lat' dir='ltr'><strong>lux</strong></span> <span class='ocrx_word' id='word_1_694' title='bbox 2802 1121 2932 1176; x_wconf 88' lang='lat' dir='ltr'><strong>solis</strong></span> <span class='ocrx_word' id='word_1_695' title='bbox 2960 1122 3094 1177; x_wconf 88' lang='lat' dir='ltr'><strong>nihil</strong></span> <span class='ocrx_word' id='word_1_696' title='bbox 3123 1126 3342 1181; x_wconf 90' lang='lat' dir='ltr'><strong>omnino</strong></span> <span class='ocrx_word' id='word_1_697' title='bbox 3367 1129 3576 1186; x_wconf 84' lang='lat' dir='ltr'><strong>confert</strong></span> 
     </span>
    </p>
   </div>
   <div class='ocr_carea' id='block_1_91' title="bbox 1994 1188 3579 1263">
    <p class='ocr_par' dir='ltr' id='par_1_91' title="bbox 1994 1188 3579 1263">
     <span class='ocr_line' id='line_1_94' title="bbox 1994 1188 3579 1263; baseline 0.011 -23"><span class='ocrx_word' id='word_1_698' title='bbox 1994 1188 2186 1263; x_wconf 63' lang='lat' dir='ltr'><strong>anima:</strong></span> <span class='ocrx_word' id='word_1_699' title='bbox 2205 1189 2272 1244; x_wconf 88' lang='lat' dir='ltr'><strong>ad</strong></span> <span class='ocrx_word' id='word_1_700' title='bbox 2284 1189 2603 1263; x_wconf 84' lang='lat' dir='ltr'><strong>_videudum.</strong></span> <span class='ocrx_word' id='word_1_701' title='bbox 2632 1191 2697 1263; x_wconf 83' lang='lat' dir='ltr'><strong>Et</strong></span> <span class='ocrx_word' id='word_1_702' title='bbox 2720 1192 2857 1263; x_wconf 88' lang='lat' dir='ltr'><strong>sicut</strong></span> <span class='ocrx_word' id='word_1_703' title='bbox 2882 1207 2987 1248; x_wconf 83' lang='lat' dir='ltr'><strong>nox</strong></span> <span class='ocrx_word' id='word_1_704' title='bbox 3007 1193 3167 1263; x_wconf 89' lang='lat' dir='ltr'><strong>jubar</strong></span> <span class='ocrx_word' id='word_1_705' title='bbox 3189 1197 3318 1251; x_wconf 90' lang='lat' dir='ltr'><strong>solis</strong></span> <span class='ocrx_word' id='word_1_706' title='bbox 3344 1214 3448 1253; x_wconf 87' lang='lat' dir='ltr'><strong>non</strong></span> <span class='ocrx_word' id='word_1_707' title='bbox 3478 1200 3579 1257; x_wconf 84' lang='lat' dir='ltr'><strong>im-</strong></span> 
     </span>
    </p>
   </div>
   <div class='ocr_carea' id='block_1_92' title="bbox 1992 1258 3576 1338">
    <p class='ocr_par' dir='ltr' id='par_1_92' title="bbox 1992 1258 3576 1338">
     <span class='ocr_line' id='line_1_95' title="bbox 1992 1258 3576 1338; baseline 0.009 -26"><span class='ocrx_word' id='word_1_708' title='bbox 1992 1258 2299 1338; x_wconf 67' lang='lat' dir='ltr'><strong>ped_it,sed</strong></span> <span class='ocrx_word' id='word_1_709' title='bbox 2343 1260 2519 1330; x_wconf 92' lang='lat' dir='ltr'><strong>potius</strong></span> <span class='ocrx_word' id='word_1_710' title='bbox 2548 1260 2716 1330; x_wconf 80' lang='lat' dir='ltr'><strong>fugit;</strong></span> <span class='ocrx_word' id='word_1_711' title='bbox 2752 1262 2968 1338; x_wconf 87' lang='lat' dir='ltr'><strong>sic_nec</strong></span> <span class='ocrx_word' id='word_1_712' title='bbox 3006 1258 3205 1338; x_wconf 58' lang='lat' dir='ltr'><strong>animai</strong></span> <span class='ocrx_word' id='word_1_713' title='bbox 3239 1268 3576 1338; x_wconf 87' lang='lat' dir='ltr'><strong>aliquatenus</strong></span> 
     </span>
    </p>
   </div>
   <div class='ocr_carea' id='block_1_93' title="bbox 1989 1327 3569 1409">
    <p class='ocr_par' dir='ltr' id='par_1_93' title="bbox 1989 1327 3569 1409">
     <span class='ocr_line' id='line_1_96' title="bbox 1989 1327 3569 1409; baseline 0.008 -27"><span class='ocrx_word' id='word_1_714' title='bbox 1989 1327 2235 1409; x_wconf 60' lang='lat' dir='ltr'><strong>obsistit,</strong></span> <span class='ocrx_word' id='word_1_715' title='bbox 2253 1327 2438 1409; x_wconf 73' lang='lat' dir='ltr'><strong>utputa</strong></span> <span class='ocrx_word' id='word_1_716' title='bbox 2461 1327 2749 1409; x_wconf 35' lang='lat' dir='ltr'><strong>quam’nec</strong></span> <span class='ocrx_word' id='word_1_717' title='bbox 2773 1333 2946 1409; x_wconf 79' lang='lat' dir='ltr'><strong>anima</strong></span> <span class='ocrx_word' id='word_1_718' title='bbox 2976 1335 3165 1409; x_wconf 70' lang='lat' dir='ltr'><strong>sentit1</strong></span> <span class='ocrx_word' id='word_1_719' title='bbox 3178 1327 3347 1409; x_wconf 68' lang='lat' dir='ltr'><strong>Porro</strong></span> <span class='ocrx_word' id='word_1_720' title='bbox 3370 1342 3569 1409; x_wconf 91' lang='lat' dir='ltr'><strong>anima,</strong></span> 
     </span>
    </p>
   </div>
   <div class='ocr_carea' id='block_1_94' title="bbox 1989 1398 3570 1480">
    <p class='ocr_par' dir='ltr' id='par_1_94' title="bbox 1989 1398 3570 1480">
     <span class='ocr_line' id='line_1_97' title="bbox 1989 1398 3570 1480; baseline 0.009 -28"><span class='ocrx_word' id='word_1_721' title='bbox 1989 1406 2083 1480; x_wconf 84' lang='lat' dir='ltr'><strong>aut</strong></span> <span class='ocrx_word' id='word_1_722' title='bbox 2108 1398 2372 1480; x_wconf 70' lang='lat' dir='ltr'><strong>spiriiuali</strong></span> <span class='ocrx_word' id='word_1_723' title='bbox 2399 1398 2517 1456; x_wconf 76' lang='lat' dir='ltr'><strong>luce</strong></span> <span class='ocrx_word' id='word_1_724' title='bbox 2545 1403 2659 1472; x_wconf 83' lang='lat' dir='ltr'><strong>ipsa</strong></span> <span class='ocrx_word' id='word_1_725' title='bbox 2683 1402 2841 1480; x_wconf 80' lang='lat' dir='ltr'><strong>nimis</strong></span> <span class='ocrx_word' id='word_1_726' title='bbox 2863 1418 2973 1480; x_wconf 69' lang='lat' dir='ltr'><strong>prae</strong></span> <span class='ocrx_word' id='word_1_727' title='bbox 3003 1405 3119 1480; x_wconf 81' lang='lat' dir='ltr'><strong>sole</strong></span> <span class='ocrx_word' id='word_1_728' title='bbox 3139 1405 3334 1476; x_wconf 78' lang='lat' dir='ltr'><strong>fulgida</strong></span> <span class='ocrx_word' id='word_1_729' title='bbox 3357 1398 3570 1480; x_wconf 70' lang='lat' dir='ltr'><strong>fruitur,</strong></span> 
     </span>
    </p>
   </div>
   <div class='ocr_carea' id='block_1_95' title="bbox 1988 1468 3573 1544">
    <p class='ocr_par' dir='ltr' id='par_1_95' title="bbox 1988 1468 3573 1544">
     <span class='ocr_line' id='line_1_98' title="bbox 1988 1468 3573 1544; baseline 0.01 -23"><span class='ocrx_word' id='word_1_730' title='bbox 1988 1477 2080 1544; x_wconf 90' lang='lat' dir='ltr'><strong>aut</strong></span> <span class='ocrx_word' id='word_1_731' title='bbox 2110 1468 2323 1544; x_wconf 81' lang='lat' dir='ltr'><strong>horrida</strong></span> <span class='ocrx_word' id='word_1_732' title='bbox 2356 1468 2696 1544; x_wconf 77' lang='lat' dir='ltr'><strong>peccatorum</strong></span> <span class='ocrx_word' id='word_1_733' title='bbox 2725 1468 2949 1544; x_wconf 88' lang='lat' dir='ltr'><strong>caligine</strong></span> <span class='ocrx_word' id='word_1_734' title='bbox 2978 1468 3295 1543; x_wconf 79' lang='lat' dir='ltr'><strong>obscurata,</strong></span> <span class='ocrx_word' id='word_1_735' title='bbox 3327 1496 3431 1535; x_wconf 88' lang='lat' dir='ltr'><strong>non</strong></span> <span class='ocrx_word' id='word_1_736' title='bbox 3468 1468 3573 1536; x_wconf 54' lang='lat' dir='ltr'><strong>no;</strong></span> 
     </span>
    </p>
   </div>
   <div class='ocr_carea' id='block_1_96' title="bbox 1986 1540 3569 1620">
    <p class='ocr_par' dir='ltr' id='par_1_96' title="bbox 1986 1540 3569 1620">
     <span class='ocr_line' id='line_1_99' title="bbox 1986 1540 3569 1620; baseline 0.01 -28"><span class='ocrx_word' id='word_1_737' title='bbox 1986 1540 2086 1593; x_wconf 85' lang='lat' dir='ltr'><strong>etis</strong></span> <span class='ocrx_word' id='word_1_738' title='bbox 2108 1580 2124 1605; x_wconf 91' lang='lat'><strong>,</strong></span> <span class='ocrx_word' id='word_1_739' title='bbox 2154 1541 2249 1597; x_wconf 88' lang='lat' dir='ltr'><strong>sed</strong></span> <span class='ocrx_word' id='word_1_740' title='bbox 2263 1540 2508 1620; x_wconf 81' lang='lat' dir='ltr'><strong>_pr0priis</strong></span> <span class='ocrx_word' id='word_1_741' title='bbox 2539 1553 2592 1597; x_wconf 91' lang='lat' dir='ltr'><strong>ut</strong></span> <span class='ocrx_word' id='word_1_742' title='bbox 2619 1558 2793 1620; x_wconf 66' lang='lat' dir='ltr'><strong>execus</strong></span> <span class='ocrx_word' id='word_1_743' title='bbox 2821 1540 3055 1620; x_wconf 76' lang='lat' dir='ltr'><strong>tenebris</strong></span> <span class='ocrx_word' id='word_1_744' title='bbox 3085 1540 3569 1620; x_wconf 54' lang='lat' dir='ltr'><strong>involvituruQuod</strong></span> 
     </span>
    </p>
   </div>
   <div class='ocr_carea' id='block_1_97' title="bbox 1985 1612 3564 1685">
    <p class='ocr_par' dir='ltr' id='par_1_97' title="bbox 1985 1612 3564 1685">
     <span class='ocr_line' id='line_1_100' title="bbox 1985 1612 3564 1685; baseline 0.01 -23"><span class='ocrx_word' id='word_1_745' title='bbox 1985 1619 2173 1685; x_wconf 86' lang='lat' dir='ltr'><strong>a_utem_</strong></span> <span class='ocrx_word' id='word_1_746' title='bbox 2189 1612 2367 1685; x_wconf 83' lang='lat' dir='ltr'><strong>anima</strong></span> <span class='ocrx_word' id='word_1_747' title='bbox 2393 1626 2553 1668; x_wconf 87' lang='lat' dir='ltr'><strong>carne</strong></span> <span class='ocrx_word' id='word_1_748' title='bbox 2577 1614 2752 1685; x_wconf 88' lang='lat' dir='ltr'><strong>soluta</strong></span> <span class='ocrx_word' id='word_1_749' title='bbox 2777 1615 3130 1685; x_wconf 90' lang='lat' dir='ltr'><strong>corporaliter</strong></span> <span class='ocrx_word' id='word_1_750' title='bbox 3151 1617 3322 1674; x_wconf 88' lang='lat' dir='ltr'><strong>lucem</strong></span> <span class='ocrx_word' id='word_1_751' title='bbox 3352 1612 3463 1676; x_wconf 74' lang='lat' dir='ltr'><strong>noii</strong></span> <span class='ocrx_word' id='word_1_752' title='bbox 3486 1624 3564 1677; x_wconf 90' lang='lat' dir='ltr'><strong>vi-</strong></span> 
     </span>
    </p>
   </div>
   <div class='ocr_carea' id='block_1_98' title="bbox 1983 1677 3559 1760">
    <p class='ocr_par' dir='ltr' id='par_1_98' title="bbox 1983 1677 3559 1760">
     <span class='ocr_line' id='line_1_101' title="bbox 1983 1677 3559 1760; baseline 0.01 -26"><span class='ocrx_word' id='word_1_753' title='bbox 1983 1677 2125 1760; x_wconf 79' lang='lat' dir='ltr'><strong>deat,</strong></span> <span class='ocrx_word' id='word_1_754' title='bbox 2159 1680 2283 1760; x_wconf 79' lang='lat' dir='ltr'><strong>hinc</strong></span> <span class='ocrx_word' id='word_1_755' title='bbox 2308 1691 2536 1760; x_wconf 71' lang='lat' dir='ltr'><strong>constat,</strong></span> <span class='ocrx_word' id='word_1_756' title='bbox 2559 1683 2699 1760; x_wconf 82' lang='lat' dir='ltr'><strong>quod</strong></span> <span class='ocrx_word' id='word_1_757' title='bbox 2726 1698 2848 1760; x_wconf 83' lang='lat' dir='ltr'><strong>cum</strong></span> <span class='ocrx_word' id='word_1_758' title='bbox 2876 1677 3049 1755; x_wconf 76' lang='lat' dir='ltr'><strong>aliqua</strong></span> <span class='ocrx_word' id='word_1_759' title='bbox 3071 1687 3272 1760; x_wconf 82' lang='lat' dir='ltr'><strong>dictare</strong></span> <span class='ocrx_word' id='word_1_760' title='bbox 3292 1691 3559 1760; x_wconf 89' lang='lat' dir='ltr'><strong>volumus,</strong></span> 
     </span>
    </p>
   </div>
   <div class='ocr_carea' id='block_1_99' title="bbox 1982 1749 3564 1824">
    <p class='ocr_par' dir='ltr' id='par_1_99' title="bbox 1982 1749 3564 1824">
     <span class='ocr_line' id='line_1_102' title="bbox 1982 1749 3564 1824; baseline 0.009 -20"><span class='ocrx_word' id='word_1_761' title='bbox 1982 1751 2063 1805; x_wconf 90' lang='lat' dir='ltr'><strong>vel</strong></span> <span class='ocrx_word' id='word_1_762' title='bbox 2085 1749 2372 1824; x_wconf 90' lang='lat' dir='ltr'><strong>quidquam</strong></span> <span class='ocrx_word' id='word_1_763' title='bbox 2394 1749 3103 1824; x_wconf 48' lang='lat' dir='ltr'><strong>factdridisponimusfmox</strong></span> <span class='ocrx_word' id='word_1_764' title='bbox 3123 1749 3564 1819; x_wconf 57' lang='lat' dir='ltr'><strong>anima&#39;exterio;</strong></span> 
     </span>
    </p>
   </div>
   <div class='ocr_carea' id='block_1_100' title="bbox 1980 1823 3562 1900">
    <p class='ocr_par' dir='ltr' id='par_1_100' title="bbox 1980 1823 3562 1900">
     <span class='ocr_line' id='line_1_103' title="bbox 1980 1823 3562 1900; baseline 0.009 -26"><span class='ocrx_word' id='word_1_765' title='bbox 1980 1835 2068 1875; x_wconf 85' lang='lat' dir='ltr'><strong>res</strong></span> <span class='ocrx_word' id='word_1_766' title='bbox 2098 1837 2288 1900; x_wconf 71' lang='lat' dir='ltr'><strong>sensus</strong></span> <span class='ocrx_word' id='word_1_767' title='bbox 2318 1823 2468 1900; x_wconf 79' lang='lat' dir='ltr'><strong>fugit,</strong></span> <span class='ocrx_word' id='word_1_768' title='bbox 2502 1824 2766 1900; x_wconf 79' lang='lat' dir='ltr'><strong>introrsus</strong></span> <span class='ocrx_word' id='word_1_769' title='bbox 2793 1840 2852 1881; x_wconf 88' lang='lat' dir='ltr'><strong>se</strong></span> <span class='ocrx_word' id='word_1_770' title='bbox 2879 1825 3183 1900; x_wconf 85' lang='lat' dir='ltr'><strong>colligit,_iu</strong></span> <span class='ocrx_word' id='word_1_771' title='bbox 3205 1844 3265 1884; x_wconf 87' lang='lat' dir='ltr'><strong>se</strong></span> <span class='ocrx_word' id='word_1_772' title='bbox 3288 1831 3399 1900; x_wconf 87' lang='lat' dir='ltr'><strong>ipsa</strong></span> <span class='ocrx_word' id='word_1_773' title='bbox 3421 1833 3562 1889; x_wconf 89' lang='lat' dir='ltr'><strong>intus</strong></span> 
     </span>
    </p>
   </div>
   <div class='ocr_carea' id='block_1_101' title="bbox 1978 1892 3560 1977">
    <p class='ocr_par' dir='ltr' id='par_1_101' title="bbox 1978 1892 3560 1977">
     <span class='ocr_line' id='line_1_104' title="bbox 1978 1892 3560 1977; baseline 0.009 -32"><span class='ocrx_word' id='word_1_774' title='bbox 1978 1892 2285 1977; x_wconf 72' lang='lat' dir='ltr'><strong>considerat</strong></span> <span class='ocrx_word' id='word_1_775' title='bbox 2313 1892 2468 1977; x_wconf 61' lang='lat' dir='ltr'><strong>ea&#39;de</strong></span> <span class='ocrx_word' id='word_1_776' title='bbox 2493 1895 2694 1977; x_wconf 75' lang='lat' dir='ltr'><strong>quibus</strong></span> <span class='ocrx_word' id='word_1_777' title='bbox 2716 1902 2936 1977; x_wconf 67' lang='lat' dir='ltr'><strong>tractat,</strong></span> <span class='ocrx_word' id='word_1_778' title='bbox 2968 1892 3032 1950; x_wconf 62' lang='lat' dir='ltr'><strong>et&#39;</strong></span> <span class='ocrx_word' id='word_1_779' title='bbox 3050 1897 3178 1977; x_wconf 78' lang='lat' dir='ltr'><strong>solis</strong></span> <span class='ocrx_word' id='word_1_780' title='bbox 3219 1892 3397 1977; x_wconf 78' lang='lat' dir='ltr'><strong>luuien</strong></span> <span class='ocrx_word' id='word_1_781' title='bbox 3428 1904 3560 1960; x_wconf 92' lang='lat' dir='ltr'><strong>nihil</strong></span> 
     </span>
    </p>
   </div>
   <div class='ocr_carea' id='block_1_102' title="bbox 1980 1960 3563 2048">
    <p class='ocr_par' dir='ltr' id='par_1_102' title="bbox 1980 1960 3563 2048">
     <span class='ocr_line' id='line_1_105' title="bbox 1980 1960 3563 2048; baseline 0.009 -33"><span class='ocrx_word' id='word_1_782' title='bbox 1980 1960 2431 2048; x_wconf 18' lang='lat' dir='ltr'><strong>eiiprodest,sed</strong></span> <span class='ocrx_word' id='word_1_783' title='bbox 2454 1960 2626 2048; x_wconf 61' lang='lat' dir='ltr'><strong>etiam</strong></span> <span class='ocrx_word' id='word_1_784' title='bbox 2645 1965 2697 2020; x_wconf 90' lang='lat' dir='ltr'><strong>ei</strong></span> <span class='ocrx_word' id='word_1_785' title='bbox 2739 1964 2806 2021; x_wconf 91' lang='lat' dir='ltr'><strong>ad</strong></span> <span class='ocrx_word' id='word_1_786' title='bbox 2850 1960 2951 2021; x_wconf 84' lang='lat' dir='ltr'><strong>hoc</strong></span> <span class='ocrx_word' id='word_1_787' title='bbox 2980 1968 3248 2048; x_wconf 74' lang='lat' dir='ltr'><strong>negotium</strong></span> <span class='ocrx_word' id='word_1_788' title='bbox 3278 1971 3431 2027; x_wconf 89' lang='lat' dir='ltr'><strong>obest</strong></span> <span class='ocrx_word' id='word_1_789' title='bbox 3460 1992 3475 2028; x_wconf 93' lang='lat'><strong>:</strong></span> <span class='ocrx_word' id='word_1_790' title='bbox 3506 1984 3563 2030; x_wconf 90' lang='lat' dir='ltr'><strong>et</strong></span> 
     </span>
    </p>
   </div>
   <div class='ocr_carea' id='block_1_103' title="bbox 1976 2029 3556 2106">
    <p class='ocr_par' dir='ltr' id='par_1_103' title="bbox 1976 2029 3556 2106">
     <span class='ocr_line' id='line_1_106' title="bbox 1976 2029 3556 2106; baseline 0.009 -22"><span class='ocrx_word' id='word_1_791' title='bbox 1976 2029 2102 2106; x_wconf 84' lang='lat' dir='ltr'><strong>dum</strong></span> <span class='ocrx_word' id='word_1_792' title='bbox 2118 2033 2261 2106; x_wconf 71' lang='lat' dir='ltr'><strong>alias</strong></span> <span class='ocrx_word' id='word_1_793' title='bbox 2289 2029 2548 2106; x_wconf 79' lang='lat' dir='ltr'><strong>attendit,</strong></span> <span class='ocrx_word' id='word_1_794' title='bbox 2577 2035 2842 2091; x_wconf 85' lang='lat' dir='ltr'><strong>clamosas</strong></span> <span class='ocrx_word' id='word_1_795' title='bbox 2866 2050 3027 2091; x_wconf 89' lang='lat' dir='ltr'><strong>voces</strong></span> <span class='ocrx_word' id='word_1_796' title='bbox 3047 2029 3197 2106; x_wconf 71' lang='lat' dir='ltr'><strong>iuxta</strong></span> <span class='ocrx_word' id='word_1_797' title='bbox 3225 2055 3284 2095; x_wconf 92' lang='lat' dir='ltr'><strong>se</strong></span> <span class='ocrx_word' id='word_1_798' title='bbox 3319 2056 3424 2097; x_wconf 90' lang='lat' dir='ltr'><strong>non</strong></span> <span class='ocrx_word' id='word_1_799' title='bbox 3458 2057 3556 2098; x_wconf 92' lang='lat' dir='ltr'><strong>au-</strong></span> 
     </span>
    </p>
   </div>
   <div class='ocr_carea' id='block_1_104' title="bbox 1976 2100 3560 2178">
    <p class='ocr_par' dir='ltr' id='par_1_104' title="bbox 1976 2100 3560 2178">
     <span class='ocr_line' id='line_1_107' title="bbox 1976 2100 3560 2178; baseline 0.01 -24"><span class='ocrx_word' id='word_1_800' title='bbox 1976 2100 2071 2178; x_wconf 90' lang='lat' dir='ltr'><strong>dit_.</strong></span> <span class='ocrx_word' id='word_1_801' title='bbox 2117 2102 2279 2178; x_wconf 76' lang='lat' dir='ltr'><strong>Igitur</strong></span> <span class='ocrx_word' id='word_1_802' title='bbox 2305 2105 2480 2178; x_wconf 71' lang='lat' dir='ltr'><strong>anima</strong></span> <span class='ocrx_word' id='word_1_803' title='bbox 2508 2115 2668 2178; x_wconf 70' lang='lat' dir='ltr'><strong>exira</strong></span> <span class='ocrx_word' id='word_1_804' title='bbox 2685 2119 2881 2176; x_wconf 89' lang='lat' dir='ltr'><strong>corpus</strong></span> <span class='ocrx_word' id='word_1_805' title='bbox 2908 2100 3384 2178; x_wconf 54' lang='lat' dir='ltr'><strong>nihil&#39;corporeum</strong></span> <span class='ocrx_word' id='word_1_806' title='bbox 3414 2113 3560 2170; x_wconf 91' lang='lat' dir='ltr'><strong>videt</strong></span> 
     </span>
    </p>
   </div>
   <div class='ocr_carea' id='block_1_105' title="bbox 1974 2173 3559 2296">
    <p class='ocr_par' dir='ltr' id='par_1_105' title="bbox 1974 2173 3559 2296">
     <span class='ocr_line' id='line_1_108' title="bbox 1974 2173 3559 2296; baseline 0.008 -69"><span class='ocrx_word' id='word_1_807' title='bbox 1974 2173 2066 2296; x_wconf 41' lang='lat' dir='ltr'><strong>iv&#39;etl1</strong></span> <span class='ocrx_word' id='word_1_808' title='bbox 2103 2175 2268 2296; x_wconf 56' lang='lat' dir='ltr'><strong>aitdit.</strong></span> <span class='ocrx_word' id='word_1_809' title='bbox 2314 2174 2465 2243; x_wconf 87' lang='lat' dir='ltr'><strong>Quod</strong></span> <span class='ocrx_word' id='word_1_810' title='bbox 2494 2176 2540 2231; x_wconf 87' lang='lat' dir='ltr'><strong>si</strong></span> <span class='ocrx_word' id='word_1_811' title='bbox 2569 2174 2693 2232; x_wconf 87' lang='lat' dir='ltr'><strong>facit</strong></span> <span class='ocrx_word' id='word_1_812' title='bbox 2715 2218 2731 2244; x_wconf 89' lang='lat'><strong>,</strong></span> <span class='ocrx_word' id='word_1_813' title='bbox 2775 2173 2901 2232; x_wconf 75' lang='lat' dir='ltr'><strong>tunc</strong></span> <span class='ocrx_word' id='word_1_814' title='bbox 2926 2177 3109 2248; x_wconf 90' lang='lat' dir='ltr'><strong>utique</strong></span> <span class='ocrx_word' id='word_1_815' title='bbox 3132 2173 3337 2236; x_wconf 79' lang='lat' dir='ltr'><strong>aerium</strong></span> <span class='ocrx_word' id='word_1_816' title='bbox 3362 2197 3559 2254; x_wconf 86' lang='lat' dir='ltr'><strong>corpus</strong></span> 
     </span>
     <span class='ocr_line' id='line_1_109' title="bbox 2016 2260 2166 2296; baseline 0.013 -2"><span class='ocrx_word' id='word_1_817' title='bbox 2016 2260 2028 2294; x_wconf 87' lang='lat' dir='ltr'><strong>l</strong></span> <span class='ocrx_word' id='word_1_818' title='bbox 2072 2260 2123 2296; x_wconf 81' lang='grc' dir='ltr'><strong>ιιι</strong></span> <span class='ocrx_word' id='word_1_819' title='bbox 2152 2281 2166 2296; x_wconf 77' lang='grc' dir='ltr'><strong>ο</strong></span> 
     </span>
    </p>
   </div>
   <div class='ocr_carea' id='block_1_106' title="bbox 1974 2253 2166 2298">
    <p class='ocr_par' dir='ltr' id='par_1_106' title="bbox 1974 2253 2166 2298">
     <span class='ocr_line' id='line_1_110' title="bbox 1974 2253 2166 2298; baseline 0.01 -4"><span class='ocrx_word' id='word_1_820' title='bbox 1974 2253 2166 2298; x_wconf 82' lang='lat' dir='ltr'><strong>Induit.</strong></span> 
     </span>
    </p>
   </div>
   <div class='ocr_carea' id='block_1_107' title="bbox 2016 2312 3559 2393">
    <p class='ocr_par' dir='ltr' id='par_1_107' title="bbox 2016 2312 3559 2393">
     <span class='ocr_line' id='line_1_111' title="bbox 2016 2312 3559 2393; baseline 0.009 -27"><span class='ocrx_word' id='word_1_821' title='bbox 2016 2312 2271 2393; x_wconf 32' lang='lat' dir='ltr'><strong>.CAP‘U&#39;I‘</strong></span> <span class='ocrx_word' id='word_1_822' title='bbox 2306 2313 2550 2393; x_wconf 43' lang='lat' dir='ltr'><strong>XXXIX.</strong></span> <span class='ocrx_word' id='word_1_823' title='bbox 2600 2316 2701 2382; x_wconf 86' lang='lat' dir='ltr'><strong>Qui</strong></span> <span class='ocrx_word' id='word_1_824' title='bbox 2739 2318 2902 2372; x_wconf 83' lang='lat' dir='ltr'><strong>sancti</strong></span> <span class='ocrx_word' id='word_1_825' title='bbox 2941 2335 3112 2388; x_wconf 80' lang='lat' dir='ltr'><strong>preces</strong></span> <span class='ocrx_word' id='word_1_826' title='bbox 3161 2329 3359 2377; x_wconf 83' lang='lat' dir='ltr'><strong>nostras</strong></span> <span class='ocrx_word' id='word_1_827' title='bbox 3398 2338 3559 2380; x_wconf 68' lang='lat' dir='ltr'><strong>mue</strong></span> 
     </span>
    </p>
   </div>
   <div class='ocr_carea' id='block_1_108' title="bbox 1972 2383 3552 2461">
    <p class='ocr_par' dir='ltr' id='par_1_108' title="bbox 1972 2383 3552 2461">
     <span class='ocr_line' id='line_1_112' title="bbox 1972 2383 3552 2461; baseline 0.009 -27"><span class='ocrx_word' id='word_1_828' title='bbox 1972 2383 2133 2437; x_wconf 81' lang='lat' dir='ltr'><strong>diam.</strong></span> <span class='ocrx_word' id='word_1_829' title='bbox 2168 2384 2309 2461; x_wconf 60' lang='lat' dir='ltr'><strong>liisc.</strong></span> <span class='ocrx_word' id='word_1_830' title='bbox 2337 2385 2399 2461; x_wconf 82' lang='lat' dir='ltr'><strong>Si</strong></span> <span class='ocrx_word' id='word_1_831' title='bbox 2434 2388 2629 2441; x_wconf 71' lang='lat' dir='ltr'><strong>animm</strong></span> <span class='ocrx_word' id='word_1_832' title='bbox 2657 2383 3132 2461; x_wconf 23' lang='lat' dir='ltr'><strong>corporeas&#39;uvoees</strong></span> <span class='ocrx_word' id='word_1_833' title='bbox 3157 2405 3261 2445; x_wconf 90' lang='lat' dir='ltr'><strong>non</strong></span> <span class='ocrx_word' id='word_1_834' title='bbox 3291 2392 3552 2461; x_wconf 88' lang='lat' dir='ltr'><strong>audiunt,</strong></span> 
     </span>
    </p>
   </div>
   <div class='ocr_carea' id='block_1_109' title="bbox 1972 2455 3558 2535">
    <p class='ocr_par' dir='ltr' id='par_1_109' title="bbox 1972 2455 3558 2535">
     <span class='ocr_line' id='line_1_113' title="bbox 1972 2455 3558 2535; baseline 0.009 -29"><span class='ocrx_word' id='word_1_835' title='bbox 1972 2455 2471 2535; x_wconf 68' lang='lat' dir='ltr'><strong>quomodoanimas</strong></span> <span class='ocrx_word' id='word_1_836' title='bbox 2494 2455 2800 2535; x_wconf 65' lang='lat' dir='ltr'><strong>sauciorum</strong></span> <span class='ocrx_word' id='word_1_837' title='bbox 2821 2498 2837 2524; x_wconf 92' lang='lat'><strong>,</strong></span> <span class='ocrx_word' id='word_1_838' title='bbox 2866 2458 3068 2514; x_wconf 88' lang='lat' dir='ltr'><strong>scilicet</strong></span> <span class='ocrx_word' id='word_1_839' title='bbox 3096 2460 3238 2535; x_wconf 78' lang='lat' dir='ltr'><strong>Petri</strong></span> <span class='ocrx_word' id='word_1_840' title='bbox 3280 2463 3364 2517; x_wconf 91' lang='lat' dir='ltr'><strong>vel</strong></span> <span class='ocrx_word' id='word_1_841' title='bbox 3410 2455 3558 2519; x_wconf 59' lang='lat' dir='ltr'><strong>Mar;</strong></span> 
     </span>
    </p>
   </div>
   <div class='ocr_carea' id='block_1_110' title="bbox 1972 2525 3552 2633">
    <p class='ocr_par' dir='ltr' id='par_1_110' title="bbox 1972 2525 3552 2633">
     <span class='ocr_line' id='line_1_114' title="bbox 1972 2525 3552 2633; baseline 0.009 -56"><span class='ocrx_word' id='word_1_842' title='bbox 1972 2525 2180 2633; x_wconf 46' lang='lat' dir='ltr'><strong>:ip&#39;iigel</strong></span> <span class='ocrx_word' id='word_1_843' title='bbox 2208 2526 2450 2596; x_wconf 87' lang='lat' dir='ltr'><strong>alterius,</strong></span> <span class='ocrx_word' id='word_1_844' title='bbox 2484 2527 2634 2582; x_wconf 91' lang='lat' dir='ltr'><strong>multi</strong></span> <span class='ocrx_word' id='word_1_845' title='bbox 2666 2541 2851 2597; x_wconf 91' lang='lat' dir='ltr'><strong>preces</strong></span> <span class='ocrx_word' id='word_1_846' title='bbox 2879 2543 3005 2584; x_wconf 90' lang='lat' dir='ltr'><strong>suas</strong></span> <span class='ocrx_word' id='word_1_847' title='bbox 3031 2530 3313 2588; x_wconf 83' lang='lat' dir='ltr'><strong>exaudisse</strong></span> <span class='ocrx_word' id='word_1_848' title='bbox 3340 2535 3552 2605; x_wconf 82' lang='lat' dir='ltr'><strong>experti</strong></span> 
     </span>
    </p>
   </div>
   <div class='ocr_carea' id='block_1_111' title="bbox 1969 2602 2119 2648">
    <p class='ocr_par' dir='ltr' id='par_1_111' title="bbox 1969 2602 2119 2648">
     <span class='ocr_line' id='line_1_115' title="bbox 1969 2602 2119 2648; baseline 0.007 -2"><span class='ocrx_word' id='word_1_849' title='bbox 1969 2602 2119 2648; x_wconf 77' lang='lat' dir='ltr'><strong>sunt?</strong></span> 
     </span>
    </p>
   </div>
   <div class='ocr_carea' id='block_1_112' title="bbox 2042 2663 3552 2746">
    <p class='ocr_par' dir='ltr' id='par_1_112' title="bbox 2042 2663 3552 2746">
     <span class='ocr_line' id='line_1_116' title="bbox 2042 2663 3552 2746; baseline 0.008 -27"><span class='ocrx_word' id='word_1_850' title='bbox 2042 2664 2179 2746; x_wconf 63' lang='lat' dir='ltr'><strong>MAG.</strong></span> <span class='ocrx_word' id='word_1_851' title='bbox 2206 2663 2392 2746; x_wconf 83' lang='lat' dir='ltr'><strong>oratio</strong></span> <span class='ocrx_word' id='word_1_852' title='bbox 2430 2667 2609 2746; x_wconf 77' lang='lat' dir='ltr'><strong>cordis</strong></span> <span class='ocrx_word' id='word_1_853' title='bbox 2630 2708 2646 2735; x_wconf 91' lang='lat'><strong>,</strong></span> <span class='ocrx_word' id='word_1_854' title='bbox 2675 2681 2781 2723; x_wconf 93' lang='lat' dir='ltr'><strong>non</strong></span> <span class='ocrx_word' id='word_1_855' title='bbox 2807 2668 2954 2746; x_wconf 84' lang='lat' dir='ltr'><strong>oris,</strong></span> <span class='ocrx_word' id='word_1_856' title='bbox 2984 2672 3304 2746; x_wconf 89' lang='lat' dir='ltr'><strong>ase_endit_in</strong></span> <span class='ocrx_word' id='word_1_857' title='bbox 3331 2674 3552 2746; x_wconf 71' lang='lat' dir='ltr'><strong>uelum.</strong></span> 
     </span>
    </p>
   </div>
   <div class='ocr_carea' id='block_1_113' title="bbox 1970 2733 3552 2813">
    <p class='ocr_par' dir='ltr' id='par_1_113' title="bbox 1970 2733 3552 2813">
     <span class='ocr_line' id='line_1_117' title="bbox 1970 2733 3552 2813; baseline 0.008 -26"><span class='ocrx_word' id='word_1_858' title='bbox 1970 2733 2177 2813; x_wconf 65' lang='lat' dir='ltr'><strong>Anima}</strong></span> <span class='ocrx_word' id='word_1_859' title='bbox 2190 2736 2338 2813; x_wconf 85' lang='lat' dir='ltr'><strong>_eu_im</strong></span> <span class='ocrx_word' id='word_1_860' title='bbox 2360 2751 2465 2813; x_wconf 91' lang='lat' dir='ltr'><strong>n_on</strong></span> <span class='ocrx_word' id='word_1_861' title='bbox 2487 2733 2777 2813; x_wconf 70' lang='lat' dir='ltr'><strong>clamorem</strong></span> <span class='ocrx_word' id='word_1_862' title='bbox 2800 2733 2968 2813; x_wconf 77' lang='lat' dir='ltr'><strong>vocis,</strong></span> <span class='ocrx_word' id='word_1_863' title='bbox 2991 2740 3086 2813; x_wconf 84' lang='lat' dir='ltr'><strong>sed</strong></span> <span class='ocrx_word' id='word_1_864' title='bbox 3113 2743 3291 2813; x_wconf 83' lang='lat' dir='ltr'><strong>cordis</strong></span> <span class='ocrx_word' id='word_1_865' title='bbox 3308 2744 3552 2813; x_wconf 88' lang='lat' dir='ltr'><strong>audiunt,</strong></span> 
     </span>
    </p>
   </div>
   <div class='ocr_carea' id='block_1_114' title="bbox 1972 2805 3551 2886">
    <p class='ocr_par' dir='ltr' id='par_1_114' title="bbox 1972 2805 3551 2886">
     <span class='ocr_line' id='line_1_118' title="bbox 1972 2805 3551 2886; baseline 0.008 -28"><span class='ocrx_word' id='word_1_866' title='bbox 1972 2813 2025 2886; x_wconf 87' lang='lat' dir='ltr'><strong>e_t</strong></span> <span class='ocrx_word' id='word_1_867' title='bbox 2052 2820 2110 2859; x_wconf 88' lang='lat' dir='ltr'><strong>se</strong></span> <span class='ocrx_word' id='word_1_868' title='bbox 2136 2805 2364 2861; x_wconf 82' lang='lat' dir='ltr'><strong>ﬁdeliter</strong></span> <span class='ocrx_word' id='word_1_869' title='bbox 2388 2808 2756 2886; x_wconf 75' lang='lat' dir='ltr'><strong>invocantibus</strong></span> <span class='ocrx_word' id='word_1_870' title='bbox 2782 2805 3123 2867; x_wconf 88' lang='lat' dir='ltr'><strong>subveniunt.</strong></span> <span class='ocrx_word' id='word_1_871' title='bbox 3157 2812 3341 2884; x_wconf 89' lang='lat' dir='ltr'><strong>Neque</strong></span> <span class='ocrx_word' id='word_1_872' title='bbox 3380 2805 3551 2886; x_wconf 79' lang='lat' dir='ltr'><strong>magis</strong></span> 
     </span>
    </p>
   </div>
   <div class='ocr_carea' id='block_1_115' title="bbox 1970 2875 3552 2952">
    <p class='ocr_par' dir='ltr' id='par_1_115' title="bbox 1970 2875 3552 2952">
     <span class='ocr_line' id='line_1_119' title="bbox 1970 2875 3552 2952; baseline 0.009 -23"><span class='ocrx_word' id='word_1_873' title='bbox 1970 2875 2234 2952; x_wconf 70' lang='lat' dir='ltr'><strong>clamosus</strong></span> <span class='ocrx_word' id='word_1_874' title='bbox 2270 2891 2470 2952; x_wconf 76' lang='lat' dir='ltr'><strong>preces</strong></span> <span class='ocrx_word' id='word_1_875' title='bbox 2496 2878 2753 2952; x_wconf 79' lang='lat' dir='ltr'><strong>audiunt,</strong></span> <span class='ocrx_word' id='word_1_876' title='bbox 2784 2895 2944 2950; x_wconf 91' lang='lat' dir='ltr'><strong>quam</strong></span> <span class='ocrx_word' id='word_1_877' title='bbox 2973 2894 3066 2952; x_wconf 84' lang='lat' dir='ltr'><strong>eas</strong></span> <span class='ocrx_word' id='word_1_878' title='bbox 3090 2897 3209 2951; x_wconf 70' lang='lat' dir='ltr'><strong>qua:</strong></span> <span class='ocrx_word' id='word_1_879' title='bbox 3236 2875 3354 2941; x_wconf 75' lang='lat' dir='ltr'><strong>sine</strong></span> <span class='ocrx_word' id='word_1_880' title='bbox 3379 2875 3512 2942; x_wconf 60' lang='lat' dir='ltr'><strong>voce</strong></span> <span class='ocrx_word' id='word_1_881' title='bbox 3534 2928 3552 2952; x_wconf 88' lang='lat'><strong>,</strong></span> 
     </span>
    </p>
   </div>
   <div class='ocr_carea' id='block_1_116' title="bbox 1970 2946 3550 3025">
    <p class='ocr_par' dir='ltr' id='par_1_116' title="bbox 1970 2946 3550 3025">
     <span class='ocr_line' id='line_1_120' title="bbox 1970 2946 3550 3025; baseline 0.009 -28"><span class='ocrx_word' id='word_1_882' title='bbox 1970 2946 2057 3025; x_wconf 87' lang='lat' dir='ltr'><strong>vcl_</strong></span> <span class='ocrx_word' id='word_1_883' title='bbox 2082 2946 2133 3025; x_wconf 89' lang='lat' dir='ltr'><strong>in</strong></span> <span class='ocrx_word' id='word_1_884' title='bbox 2165 2947 2365 3025; x_wconf 74' lang='lat' dir='ltr'><strong>lingua,</strong></span> <span class='ocrx_word' id='word_1_885' title='bbox 2389 2948 2475 3025; x_wconf 82' lang='lat' dir='ltr'><strong>vei</strong></span> <span class='ocrx_word' id='word_1_886' title='bbox 2503 2948 2554 3002; x_wconf 91' lang='lat' dir='ltr'><strong>in</strong></span> <span class='ocrx_word' id='word_1_887' title='bbox 2580 2948 2742 3004; x_wconf 88' lang='lat' dir='ltr'><strong>corde</strong></span> <span class='ocrx_word' id='word_1_888' title='bbox 2768 2946 2972 3005; x_wconf 80' lang='lat' dir='ltr'><strong>tantum</strong></span> <span class='ocrx_word' id='word_1_889' title='bbox 3000 2946 3157 3025; x_wconf 79' lang='lat' dir='ltr'><strong>fiunt;</strong></span> <span class='ocrx_word' id='word_1_890' title='bbox 3180 2955 3302 3024; x_wconf 89' lang='lat' dir='ltr'><strong>quia</strong></span> <span class='ocrx_word' id='word_1_891' title='bbox 3326 2946 3550 3025; x_wconf 79' lang='lat' dir='ltr'><strong>nequea</strong></span> 
     </span>
    </p>
   </div>
   <div class='ocr_carea' id='block_1_117' title="bbox 1973 3015 3550 3089">
    <p class='ocr_par' dir='ltr' id='par_1_117' title="bbox 1973 3015 3550 3089">
     <span class='ocr_line' id='line_1_121' title="bbox 1973 3015 3550 3089; baseline 0.009 -21"><span class='ocrx_word' id='word_1_892' title='bbox 1973 3015 2126 3089; x_wconf 79' lang='lat' dir='ltr'><strong>nobis</strong></span> <span class='ocrx_word' id='word_1_893' title='bbox 2153 3017 2311 3071; x_wconf 88' lang='lat' dir='ltr'><strong>verba</strong></span> <span class='ocrx_word' id='word_1_894' title='bbox 2333 3057 2348 3081; x_wconf 89' lang='lat'><strong>,</strong></span> <span class='ocrx_word' id='word_1_895' title='bbox 2383 3019 2476 3089; x_wconf 78' lang='lat' dir='ltr'><strong>sed</strong></span> <span class='ocrx_word' id='word_1_896' title='bbox 2515 3033 2677 3073; x_wconf 86' lang='lat' dir='ltr'><strong>voces</strong></span> <span class='ocrx_word' id='word_1_897' title='bbox 2694 3027 2918 3089; x_wconf 60' lang='lat' dir='ltr'><strong>tantum</strong></span> <span class='ocrx_word' id='word_1_898' title='bbox 2945 3015 3269 3089; x_wconf 66' lang='lat' dir='ltr'><strong>audiuntur;</strong></span> <span class='ocrx_word' id='word_1_899' title='bbox 3297 3015 3550 3082; x_wconf 65' lang='lat' dir='ltr'><strong>caetérum</strong></span> 
     </span>
    </p>
   </div>
   <div class='ocr_carea' id='block_1_118' title="bbox 1970 3084 3553 3160">
    <p class='ocr_par' dir='ltr' id='par_1_118' title="bbox 1970 3084 3553 3160">
     <span class='ocr_line' id='line_1_122' title="bbox 1970 3084 3553 3160; baseline 0.009 -23"><span class='ocrx_word' id='word_1_900' title='bbox 1970 3084 2132 3160; x_wconf 77' lang='lat' dir='ltr'><strong>verba</strong></span> <span class='ocrx_word' id='word_1_901' title='bbox 2165 3097 2343 3160; x_wconf 80' lang='lat' dir='ltr'><strong>mente</strong></span> <span class='ocrx_word' id='word_1_902' title='bbox 2370 3087 2638 3160; x_wconf 71' lang='lat' dir='ltr'><strong>videntur.</strong></span> <span class='ocrx_word' id='word_1_903' title='bbox 2680 3086 2820 3160; x_wconf 14' lang='lat' dir='ltr'><strong>Cum,</strong></span> <span class='ocrx_word' id='word_1_904' title='bbox 2850 3105 2978 3160; x_wconf 85' lang='lat' dir='ltr'><strong>ergo</strong></span> <span class='ocrx_word' id='word_1_905' title='bbox 3006 3091 3199 3146; x_wconf 68' lang='lat' dir='ltr'><strong>animm</strong></span> <span class='ocrx_word' id='word_1_906' title='bbox 3224 3084 3422 3150; x_wconf 70' lang='lat' dir='ltr'><strong>nostra:</strong></span> <span class='ocrx_word' id='word_1_907' title='bbox 3449 3098 3553 3151; x_wconf 90' lang='lat' dir='ltr'><strong>ali-</strong></span> 
     </span>
    </p>
   </div>
   <div class='ocr_carea' id='block_1_119' title="bbox 1972 3154 3552 3223">
    <p class='ocr_par' dir='ltr' id='par_1_119' title="bbox 1972 3154 3552 3223">
     <span class='ocr_line' id='line_1_123' title="bbox 1972 3154 3552 3223; baseline 0.009 -17"><span class='ocrx_word' id='word_1_908' title='bbox 1972 3154 2099 3223; x_wconf 89' lang='lat' dir='ltr'><strong>quid</strong></span> <span class='ocrx_word' id='word_1_909' title='bbox 2136 3155 2427 3209; x_wconf 89' lang='lat' dir='ltr'><strong>secundum</strong></span> <span class='ocrx_word' id='word_1_910' title='bbox 2478 3157 2648 3211; x_wconf 86' lang='lat' dir='ltr'><strong>Deum</strong></span> <span class='ocrx_word' id='word_1_911' title='bbox 2676 3154 3012 3220; x_wconf 69' lang='lat' dir='ltr'><strong>desidera&#39;nt,</strong></span> <span class='ocrx_word' id='word_1_912' title='bbox 3043 3170 3098 3214; x_wconf 92' lang='lat' dir='ltr'><strong>et</strong></span> <span class='ocrx_word' id='word_1_913' title='bbox 3124 3161 3228 3217; x_wconf 91' lang='lat' dir='ltr'><strong>hoc</strong></span> <span class='ocrx_word' id='word_1_914' title='bbox 3252 3164 3352 3218; x_wconf 88' lang='lat' dir='ltr'><strong>sibi</strong></span> <span class='ocrx_word' id='word_1_915' title='bbox 3377 3180 3409 3218; x_wconf 90' lang='lat' dir='ltr'><strong>a</strong></span> <span class='ocrx_word' id='word_1_916' title='bbox 3440 3167 3552 3221; x_wconf 90' lang='lat' dir='ltr'><strong>Deo</strong></span> 
     </span>
    </p>
   </div>
   <div class='ocr_carea' id='block_1_120' title="bbox 1973 3225 3552 3299">
    <p class='ocr_par' dir='ltr' id='par_1_120' title="bbox 1973 3225 3552 3299">
     <span class='ocr_line' id='line_1_124' title="bbox 1973 3225 3552 3299; baseline 0.008 -22"><span class='ocrx_word' id='word_1_917' title='bbox 1973 3239 2074 3299; x_wconf 80' lang='lat' dir='ltr'><strong>per</strong></span> <span class='ocrx_word' id='word_1_918' title='bbox 2093 3234 2304 3279; x_wconf 89' lang='lat' dir='ltr'><strong>sanctos</strong></span> <span class='ocrx_word' id='word_1_919' title='bbox 2318 3225 2460 3299; x_wconf 84' lang='lat' dir='ltr'><strong>dari,</strong></span> <span class='ocrx_word' id='word_1_920' title='bbox 2485 3227 2597 3282; x_wconf 86' lang='lat' dir='ltr'><strong>sive</strong></span> <span class='ocrx_word' id='word_1_921' title='bbox 2616 3227 2800 3295; x_wconf 88' lang='lat' dir='ltr'><strong>corde,</strong></span> <span class='ocrx_word' id='word_1_922' title='bbox 2824 3229 2936 3299; x_wconf 86' lang='lat' dir='ltr'><strong>sive</strong></span> <span class='ocrx_word' id='word_1_923' title='bbox 2959 3229 3157 3299; x_wconf 82' lang='lat' dir='ltr'><strong>lingua,</strong></span> <span class='ocrx_word' id='word_1_924' title='bbox 3180 3247 3274 3287; x_wconf 90' lang='lat' dir='ltr'><strong>seu</strong></span> <span class='ocrx_word' id='word_1_925' title='bbox 3299 3248 3429 3289; x_wconf 88' lang='lat' dir='ltr'><strong>voce</strong></span> <span class='ocrx_word' id='word_1_926' title='bbox 3454 3251 3552 3299; x_wconf 85' lang='lat' dir='ltr'><strong>po-</strong></span> 
     </span>
    </p>
   </div>
   <div class='ocr_carea' id='block_1_121' title="bbox 1969 3295 3552 3370">
    <p class='ocr_par' dir='ltr' id='par_1_121' title="bbox 1969 3295 3552 3370">
     <span class='ocr_line' id='line_1_125' title="bbox 1969 3295 3552 3370; baseline 0.007 -21"><span class='ocrx_word' id='word_1_927' title='bbox 1969 3295 2221 3370; x_wconf 88' lang='lat' dir='ltr'><strong>stula_nt_;_</strong></span> <span class='ocrx_word' id='word_1_928' title='bbox 2244 3297 2435 3350; x_wconf 70' lang='lat' dir='ltr'><strong>anima:</strong></span> <span class='ocrx_word' id='word_1_929' title='bbox 2479 3306 2782 3352; x_wconf 88' lang='lat' dir='ltr'><strong>sanctorum</strong></span> <span class='ocrx_word' id='word_1_930' title='bbox 2830 3298 2849 3370; x_wconf 92' lang='lat'>(</span> <span class='ocrx_word' id='word_1_931' title='bbox 2865 3295 3059 3369; x_wconf 73' lang='lat' dir='ltr'><strong>quibus</strong></span> <span class='ocrx_word' id='word_1_932' title='bbox 3082 3310 3167 3355; x_wconf 90' lang='lat' dir='ltr'><strong>est</strong></span> <span class='ocrx_word' id='word_1_933' title='bbox 3196 3301 3335 3357; x_wconf 90' lang='lat' dir='ltr'><strong>idem</strong></span> <span class='ocrx_word' id='word_1_934' title='bbox 3363 3295 3552 3361; x_wconf 83' lang='lat' dir='ltr'><strong>audire</strong></span> 
     </span>
    </p>
   </div>
   <div class='ocr_carea' id='block_1_122' title="bbox 1971 3365 3548 3437">
    <p class='ocr_par' dir='ltr' id='par_1_122' title="bbox 1971 3365 3548 3437">
     <span class='ocr_line' id='line_1_126' title="bbox 1971 3365 3548 3437; baseline 0.01 -21"><span class='ocrx_word' id='word_1_935' title='bbox 1971 3365 2113 3434; x_wconf 88' lang='lat' dir='ltr'><strong>quod</strong></span> <span class='ocrx_word' id='word_1_936' title='bbox 2139 3366 2339 3437; x_wconf 87' lang='lat' dir='ltr'><strong>videre,</strong></span> <span class='ocrx_word' id='word_1_937' title='bbox 2358 3375 2423 3437; x_wconf 15' lang='lat' dir='ltr'><strong>iet</strong></span> <span class='ocrx_word' id='word_1_938' title='bbox 2451 3382 2482 3421; x_wconf 90' lang='lat' dir='ltr'><strong>e</strong></span> <span class='ocrx_word' id='word_1_939' title='bbox 2510 3369 2794 3437; x_wconf 87' lang='lat' dir='ltr'><strong>converso)</strong></span> <span class='ocrx_word' id='word_1_940' title='bbox 2820 3365 2926 3423; x_wconf 65' lang='lat' dir='ltr'><strong>no&#39;u</strong></span> <span class='ocrx_word' id='word_1_941' title='bbox 2954 3383 3132 3437; x_wconf 88' lang='lat' dir='ltr'><strong>voces,</strong></span> <span class='ocrx_word' id='word_1_942' title='bbox 3159 3373 3252 3429; x_wconf 87' lang='lat' dir='ltr'><strong>sed</strong></span> <span class='ocrx_word' id='word_1_943' title='bbox 3280 3374 3439 3430; x_wconf 89' lang='lat' dir='ltr'><strong>verba</strong></span> <span class='ocrx_word' id='word_1_944' title='bbox 3466 3377 3548 3431; x_wconf 86' lang='lat' dir='ltr'><strong>in-</strong></span> 
     </span>
    </p>
   </div>
   <div class='ocr_carea' id='block_1_123' title="bbox 1975 3436 3550 3509">
    <p class='ocr_par' dir='ltr' id='par_1_123' title="bbox 1975 3436 3550 3509">
     <span class='ocr_line' id='line_1_127' title="bbox 1975 3436 3550 3509; baseline 0.009 -21"><span class='ocrx_word' id='word_1_945' title='bbox 1975 3444 2203 3509; x_wconf 83' lang='lat' dir='ltr'><strong>tuentes,</strong></span> <span class='ocrx_word' id='word_1_946' title='bbox 2225 3436 2524 3509; x_wconf 83' lang='lat' dir='ltr'><strong>desiderata</strong></span> <span class='ocrx_word' id='word_1_947' title='bbox 2545 3438 2622 3509; x_wconf 84' lang='lat' dir='ltr'><strong>eis</strong></span> <span class='ocrx_word' id='word_1_948' title='bbox 2648 3453 2679 3493; x_wconf 89' lang='lat' dir='ltr'><strong>a</strong></span> <span class='ocrx_word' id='word_1_949' title='bbox 2706 3436 2816 3493; x_wconf 88' lang='lat' dir='ltr'><strong>Deo</strong></span> <span class='ocrx_word' id='word_1_950' title='bbox 2841 3440 3156 3509; x_wconf 87' lang='lat' dir='ltr'><strong>impetrant;</strong></span> <span class='ocrx_word' id='word_1_951' title='bbox 3183 3443 3324 3498; x_wconf 90' lang='lat' dir='ltr'><strong>unde</strong></span> <span class='ocrx_word' id='word_1_952' title='bbox 3343 3442 3550 3502; x_wconf 84' lang='lat' dir='ltr'><strong>habetis</strong></span> 
     </span>
    </p>
   </div>
   <div class='ocr_carea' id='block_1_124' title="bbox 1972 3505 3551 3582">
    <p class='ocr_par' dir='ltr' id='par_1_124' title="bbox 1972 3505 3551 3582">
     <span class='ocr_line' id='line_1_128' title="bbox 1972 3505 3551 3582; baseline 0.009 -24"><span class='ocrx_word' id='word_1_953' title='bbox 1972 3505 2228 3582; x_wconf 64' lang='lat' dir='ltr'><strong>soriptum</strong></span> <span class='ocrx_word' id='word_1_954' title='bbox 2250 3506 2632 3582; x_wconf 70' lang='lat' dir='ltr'><strong>,__I)esideri_uiu</strong></span> <span class='ocrx_word' id='word_1_955' title='bbox 2671 3505 2958 3582; x_wconf 72' lang='lat' dir='ltr'><strong>pauperum</strong></span> <span class='ocrx_word' id='word_1_956' title='bbox 2996 3512 3251 3568; x_wconf 70' lang='lat' dir='ltr'><strong>exaudivit</strong></span> <span class='ocrx_word' id='word_1_957' title='bbox 3302 3513 3551 3572; x_wconf 76' lang='lat' dir='ltr'><strong>Dominus</strong></span> 
     </span>
    </p>
   </div>
   <div class='ocr_carea' id='block_1_125' title="bbox 1973 3575 2711 3651">
    <p class='ocr_par' dir='ltr' id='par_1_125' title="bbox 1973 3575 2711 3651">
     <span class='ocr_line' id='line_1_129' title="bbox 1973 3575 2711 3651; baseline 0.007 -23"><span class='ocrx_word' id='word_1_958' title='bbox 1973 3576 1993 3645; x_wconf 91' lang='lat'><strong>(</strong></span> <span class='ocrx_word' id='word_1_959' title='bbox 2004 3575 2163 3651; x_wconf 78' lang='lat' dir='ltr'><strong>Ps_a_l._</strong></span> <span class='ocrx_word' id='word_1_960' title='bbox 2175 3578 2286 3651; x_wconf 41' lang='grc' dir='ltr'>ᾗ]</span> <span class='ocrx_word' id='word_1_961' title='bbox 2297 3577 2349 3651; x_wconf 55' lang='lat'><strong>2,</strong></span> <span class='ocrx_word' id='word_1_962' title='bbox 2363 3575 2689 3651; x_wconf 26' lang='lat' dir='ltr'><strong>_sec.AHebr.)&#39;</strong></span> <span class='ocrx_word' id='word_1_963' title='bbox 2698 3619 2711 3633; x_wconf 90' lang='lat'><strong>.</strong></span> 
     </span>
    </p>
   </div>
   <div class='ocr_carea' id='block_1_126' title="bbox 2043 3646 3550 3723">
    <p class='ocr_par' dir='ltr' id='par_1_126' title="bbox 2043 3646 3550 3723">
     <span class='ocr_line' id='line_1_130' title="bbox 2043 3646 3550 3723; baseline 0.008 -22"><span class='ocrx_word' id='word_1_964' title='bbox 2043 3646 2270 3723; x_wconf 66' lang='lat' dir='ltr'><strong>CAPUT</strong></span> <span class='ocrx_word' id='word_1_965' title='bbox 2308 3647 2419 3723; x_wconf 63' lang='lat' dir='ltr'><strong>XL.</strong></span> <span class='ocrx_word' id='word_1_966' title='bbox 2464 3646 2731 3716; x_wconf 71' lang='lat' dir='ltr'><strong>Quomodo</strong></span> <span class='ocrx_word' id='word_1_967' title='bbox 2769 3651 3118 3723; x_wconf 81' lang='lat' dir='ltr'><strong>intelligantur</strong></span> <span class='ocrx_word' id='word_1_968' title='bbox 3144 3655 3331 3710; x_wconf 69' lang='lat' dir='ltr'><strong>anime</strong></span> <span class='ocrx_word' id='word_1_969' title='bbox 3368 3672 3400 3709; x_wconf 88' lang='lat' dir='ltr'><strong>a</strong></span> <span class='ocrx_word' id='word_1_970' title='bbox 3433 3673 3550 3713; x_wconf 79' lang='lat' dir='ltr'><strong>cor-</strong></span> 
     </span>
    </p>
   </div>
   <div class='ocr_carea' id='block_1_127' title="bbox 1974 3716 3551 3797">
    <p class='ocr_par' dir='ltr' id='par_1_127' title="bbox 1974 3716 3551 3797">
     <span class='ocr_line' id='line_1_131' title="bbox 1974 3716 3551 3797; baseline 0.008 -28"><span class='ocrx_word' id='word_1_971' title='bbox 1974 3733 2098 3797; x_wconf 72' lang='lat' dir='ltr'><strong>pore</strong></span> <span class='ocrx_word' id='word_1_972' title='bbox 2126 3716 2253 3771; x_wconf 82' lang='lat' dir='ltr'><strong>solvi</strong></span> <span class='ocrx_word' id='word_1_973' title='bbox 2270 3759 2285 3784; x_wconf 88' lang='lat'><strong>,</strong></span> <span class='ocrx_word' id='word_1_974' title='bbox 2316 3728 2363 3772; x_wconf 86' lang='lat' dir='ltr'><strong>et</strong></span> <span class='ocrx_word' id='word_1_975' title='bbox 2389 3720 2571 3772; x_wconf 83' lang='lat' dir='ltr'><strong>iterum</strong></span> <span class='ocrx_word' id='word_1_976' title='bbox 2598 3722 2807 3797; x_wconf 73' lang='lat' dir='ltr'><strong>reverti,</strong></span> <span class='ocrx_word' id='word_1_977' title='bbox 2838 3737 2900 3797; x_wconf 72' lang='lat' dir='ltr'><strong>uc</strong></span> <span class='ocrx_word' id='word_1_978' title='bbox 2924 3716 3032 3774; x_wconf 66' lang='lat' dir='ltr'><strong>uisa</strong></span> <span class='ocrx_word' id='word_1_979' title='bbox 3053 3723 3260 3791; x_wconf 77' lang='lat' dir='ltr'><strong>referre.</strong></span> <span class='ocrx_word' id='word_1_980' title='bbox 3304 3724 3551 3797; x_wconf 72' lang='lat' dir='ltr'><strong>lnfernus</strong></span> 
     </span>
    </p>
   </div>
   <div class='ocr_carea' id='block_1_128' title="bbox 1973 3789 3542 3863">
    <p class='ocr_par' dir='ltr' id='par_1_128' title="bbox 1973 3789 3542 3863">
     <span class='ocr_line' id='line_1_132' title="bbox 1973 3789 3542 3863; baseline 0.006 -21"><span class='ocrx_word' id='word_1_981' title='bbox 1973 3798 2046 3863; x_wconf 59' lang='lat' dir='ltr'><strong>{st</strong></span> <span class='ocrx_word' id='word_1_982' title='bbox 2073 3789 2398 3863; x_wconf 65' lang='lat' dir='ltr'><strong>inoorporeus</strong></span> <span class='ocrx_word' id='word_1_983' title='bbox 2417 3829 2444 3863; x_wconf 17' lang='grc' dir='ltr'><strong>,Α</strong></span> <span class='ocrx_word' id='word_1_984' title='bbox 2474 3799 2563 3842; x_wconf 87' lang='lat' dir='ltr'><strong>aut</strong></span> <span class='ocrx_word' id='word_1_985' title='bbox 2609 3790 2794 3863; x_wconf 71' lang='lat' dir='ltr'><strong>enim</strong></span> <span class='ocrx_word' id='word_1_986' title='bbox 2819 3792 3074 3863; x_wconf 76' lang='lat' dir='ltr'><strong>damnata:</strong></span> <span class='ocrx_word' id='word_1_987' title='bbox 3099 3789 3281 3863; x_wconf 72' lang='lat' dir='ltr'><strong>corpus</strong></span> <span class='ocrx_word' id='word_1_988' title='bbox 3306 3789 3542 3852; x_wconf 76' lang='lat' dir='ltr'><strong>induunt.</strong></span> 
     </span>
    </p>
   </div>
   <div class='ocr_carea' id='block_1_129' title="bbox 1974 3858 3548 3930">
    <p class='ocr_par' dir='ltr' id='par_1_129' title="bbox 1974 3858 3548 3930">
     <span class='ocr_line' id='line_1_133' title="bbox 1974 3858 3548 3930; baseline 0.006 -17"><span class='ocrx_word' id='word_1_989' title='bbox 1974 3858 2118 3913; x_wconf 83' lang='lat' dir='ltr'><strong>DISC.</strong></span> <span class='ocrx_word' id='word_1_990' title='bbox 2142 3858 2329 3930; x_wconf 85' lang='lat' dir='ltr'><strong>Nonne</strong></span> <span class='ocrx_word' id='word_1_991' title='bbox 2348 3858 2558 3930; x_wconf 86' lang='lat' dir='ltr'><strong>legitur,</strong></span> <span class='ocrx_word' id='word_1_992' title='bbox 2585 3860 2725 3928; x_wconf 93' lang='lat' dir='ltr'><strong>quod</strong></span> <span class='ocrx_word' id='word_1_993' title='bbox 2747 3876 2890 3930; x_wconf 75' lang='lat' dir='ltr'><strong>smpe</strong></span> <span class='ocrx_word' id='word_1_994' title='bbox 2916 3862 3096 3917; x_wconf 64' lang='lat' dir='ltr'><strong>multa;</strong></span> <span class='ocrx_word' id='word_1_995' title='bbox 3121 3858 3314 3918; x_wconf 65' lang='lat' dir='ltr'><strong>animae</strong></span> <span class='ocrx_word' id='word_1_996' title='bbox 3332 3865 3402 3921; x_wconf 89' lang='lat' dir='ltr'><strong>de</strong></span> <span class='ocrx_word' id='word_1_997' title='bbox 3421 3881 3548 3922; x_wconf 88' lang='lat' dir='ltr'><strong>cor-</strong></span> 
     </span>
    </p>
   </div>
   <div class='ocr_carea' id='block_1_130' title="bbox 1974 3928 3551 4000">
    <p class='ocr_par' dir='ltr' id='par_1_130' title="bbox 1974 3928 3551 4000">
     <span class='ocr_line' id='line_1_134' title="bbox 1974 3928 3551 4000; baseline 0.008 -21"><span class='ocrx_word' id='word_1_998' title='bbox 1974 3943 2103 3997; x_wconf 91' lang='lat' dir='ltr'><strong>pore</strong></span> <span class='ocrx_word' id='word_1_999' title='bbox 2146 3928 2391 4000; x_wconf 56' lang='lat' dir='ltr'><strong>cducge,</strong></span> <span class='ocrx_word' id='word_1_1000' title='bbox 2417 3928 2601 4000; x_wconf 79' lang='lat' dir='ltr'><strong>multa</strong></span> <span class='ocrx_word' id='word_1_1001' title='bbox 2651 3929 2762 3983; x_wconf 90' lang='lat' dir='ltr'><strong>loca</strong></span> <span class='ocrx_word' id='word_1_1002' title='bbox 2820 3928 3074 4000; x_wconf 74' lang='lat' dir='ltr'><strong>ptenalia,</strong></span> <span class='ocrx_word' id='word_1_1003' title='bbox 3112 3943 3168 3987; x_wconf 92' lang='lat' dir='ltr'><strong>et</strong></span> <span class='ocrx_word' id='word_1_1004' title='bbox 3211 3935 3336 3988; x_wconf 89' lang='lat' dir='ltr'><strong>item</strong></span> <span class='ocrx_word' id='word_1_1005' title='bbox 3383 3938 3551 3993; x_wconf 87' lang='lat' dir='ltr'><strong>multa</strong></span> 
     </span>
    </p>
   </div>
   <div class='ocr_carea' id='block_1_131' title="bbox 1974 3995 3552 4071">
    <p class='ocr_par' dir='ltr' id='par_1_131' title="bbox 1974 3995 3552 4071">
     <span class='ocr_line' id='line_1_135' title="bbox 1974 3995 3552 4071; baseline 0.008 -20"><span class='ocrx_word' id='word_1_1006' title='bbox 1974 3995 2182 4071; x_wconf 79' lang='lat' dir='ltr'><strong>amoena</strong></span> <span class='ocrx_word' id='word_1_1007' title='bbox 2204 4007 2257 4051; x_wconf 88' lang='lat' dir='ltr'><strong>et</strong></span> <span class='ocrx_word' id='word_1_1008' title='bbox 2276 3995 2484 4071; x_wconf 75' lang='lat' dir='ltr'><strong>florida,</strong></span> <span class='ocrx_word' id='word_1_1009' title='bbox 2508 4008 2563 4071; x_wconf 83' lang='lat' dir='ltr'><strong>et</strong></span> <span class='ocrx_word' id='word_1_1010' title='bbox 2591 3999 2645 4053; x_wconf 90' lang='lat' dir='ltr'><strong>in</strong></span> <span class='ocrx_word' id='word_1_1011' title='bbox 2666 3995 2905 4071; x_wconf 81' lang='lat' dir='ltr'><strong>utrisque</strong></span> <span class='ocrx_word' id='word_1_1012' title='bbox 2927 4001 3121 4057; x_wconf 90' lang='lat' dir='ltr'><strong>multas</strong></span> <span class='ocrx_word' id='word_1_1013' title='bbox 3139 4004 3345 4060; x_wconf 88' lang='lat' dir='ltr'><strong>animas</strong></span> <span class='ocrx_word' id='word_1_1014' title='bbox 3367 4005 3421 4060; x_wconf 90' lang='lat' dir='ltr'><strong>in</strong></span> <span class='ocrx_word' id='word_1_1015' title='bbox 3448 4006 3552 4063; x_wconf 88' lang='lat' dir='ltr'><strong>hu-</strong></span> 
     </span>
    </p>
   </div>
   <div class='ocr_carea' id='block_1_132' title="bbox 1977 4067 3547 4149">
    <p class='ocr_par' dir='ltr' id='par_1_132' title="bbox 1977 4067 3547 4149">
     <span class='ocr_line' id='line_1_136' title="bbox 1977 4067 3547 4149; baseline 0.008 -27"><span class='ocrx_word' id='word_1_1016' title='bbox 1977 4083 2130 4149; x_wconf 78' lang='lat' dir='ltr'><strong>mana</strong></span> <span class='ocrx_word' id='word_1_1017' title='bbox 2160 4069 2326 4149; x_wconf 80' lang='lat' dir='ltr'><strong>forma</strong></span> <span class='ocrx_word' id='word_1_1018' title='bbox 2353 4067 2617 4149; x_wconf 70' lang='lat' dir='ltr'><strong>viderint,</strong></span> <span class='ocrx_word' id='word_1_1019' title='bbox 2647 4067 2896 4149; x_wconf 68' lang='lat' dir='ltr'><strong>atque&#39;ad</strong></span> <span class='ocrx_word' id='word_1_1020' title='bbox 2919 4085 3116 4149; x_wconf 82' lang='lat' dir='ltr'><strong>corpus</strong></span> <span class='ocrx_word' id='word_1_1021' title='bbox 3144 4089 3396 4144; x_wconf 58' lang='lat' dir='ltr'><strong>reversae,</strong></span> <span class='ocrx_word' id='word_1_1022' title='bbox 3425 4079 3547 4149; x_wconf 86' lang='lat' dir='ltr'><strong>plu-</strong></span> 
     </span>
    </p>
   </div>
   <div class='ocr_carea' id='block_1_133' title="bbox 1975 4137 2982 4197">
    <p class='ocr_par' dir='ltr' id='par_1_133' title="bbox 1975 4137 2982 4197">
     <span class='ocr_line' id='line_1_137' title="bbox 1975 4137 2982 4197; baseline 0.003 -4"><span class='ocrx_word' id='word_1_1023' title='bbox 1975 4137 2108 4193; x_wconf 86' lang='lat' dir='ltr'><strong>rima</strong></span> <span class='ocrx_word' id='word_1_1024' title='bbox 2137 4151 2195 4192; x_wconf 90' lang='lat' dir='ltr'><strong>se</strong></span> <span class='ocrx_word' id='word_1_1025' title='bbox 2223 4138 2290 4191; x_wconf 91' lang='lat' dir='ltr'><strong>ab</strong></span> <span class='ocrx_word' id='word_1_1026' title='bbox 2318 4138 2396 4193; x_wconf 88' lang='lat' dir='ltr'><strong>eis</strong></span> <span class='ocrx_word' id='word_1_1027' title='bbox 2421 4138 2634 4195; x_wconf 88' lang='lat' dir='ltr'><strong>audisse</strong></span> <span class='ocrx_word' id='word_1_1028' title='bbox 2667 4137 2982 4197; x_wconf 78' lang='lat' dir='ltr'><strong>retulerim?</strong></span> 
     </span>
    </p>
   </div>
   <div class='ocr_carea' id='block_1_134' title="bbox 2048 4208 3555 4288">
    <p class='ocr_par' dir='ltr' id='par_1_134' title="bbox 2048 4208 3555 4288">
     <span class='ocr_line' id='line_1_138' title="bbox 2048 4208 3555 4288; baseline 0.009 -26"><span class='ocrx_word' id='word_1_1029' title='bbox 2048 4208 2186 4263; x_wconf 78' lang='lat' dir='ltr'><strong>MAG.</strong></span> <span class='ocrx_word' id='word_1_1030' title='bbox 2228 4208 2510 4288; x_wconf 67' lang='lat' dir='ltr'><strong>Sciendum</strong></span> <span class='ocrx_word' id='word_1_1031' title='bbox 2551 4219 2666 4288; x_wconf 71' lang='lat' dir='ltr'><strong>est,</strong></span> <span class='ocrx_word' id='word_1_1032' title='bbox 2695 4212 2837 4282; x_wconf 88' lang='lat' dir='ltr'><strong>quod</strong></span> <span class='ocrx_word' id='word_1_1033' title='bbox 2874 4210 2959 4266; x_wconf 81' lang='lat' dir='ltr'><strong>hae</strong></span> <span class='ocrx_word' id='word_1_1034' title='bbox 2985 4212 3177 4269; x_wconf 66' lang='lat' dir='ltr'><strong>animte</strong></span> <span class='ocrx_word' id='word_1_1035' title='bbox 3205 4229 3311 4271; x_wconf 90' lang='lat' dir='ltr'><strong>non</strong></span> <span class='ocrx_word' id='word_1_1036' title='bbox 3341 4219 3555 4288; x_wconf 90' lang='lat' dir='ltr'><strong>penitus</strong></span> 
     </span>
    </p>
   </div>
   <div class='ocr_carea' id='block_1_135' title="bbox 1977 4279 3551 4357">
    <p class='ocr_par' dir='ltr' id='par_1_135' title="bbox 1977 4279 3551 4357">
     <span class='ocr_line' id='line_1_139' title="bbox 1977 4279 3551 4357; baseline 0.008 -23"><span class='ocrx_word' id='word_1_1037' title='bbox 1977 4293 2168 4357; x_wconf 74' lang='lat' dir='ltr'><strong>corpus</strong></span> <span class='ocrx_word' id='word_1_1038' title='bbox 2197 4279 2541 4357; x_wconf 82' lang='lat' dir='ltr'><strong>reliquerant,</strong></span> <span class='ocrx_word' id='word_1_1039' title='bbox 2573 4282 2668 4337; x_wconf 89' lang='lat' dir='ltr'><strong>sed</strong></span> <span class='ocrx_word' id='word_1_1040' title='bbox 2696 4279 2884 4337; x_wconf 85' lang='lat' dir='ltr'><strong>sensus</strong></span> <span class='ocrx_word' id='word_1_1041' title='bbox 2906 4291 3109 4339; x_wconf 90' lang='lat' dir='ltr'><strong>tantum</strong></span> <span class='ocrx_word' id='word_1_1042' title='bbox 3128 4279 3417 4357; x_wconf 76' lang='lat' dir='ltr'><strong>corporeus</strong></span> <span class='ocrx_word' id='word_1_1043' title='bbox 3437 4292 3551 4347; x_wconf 86' lang='lat' dir='ltr'><strong>suis</strong></span> 
     </span>
    </p>
   </div>
   <div class='ocr_carea' id='block_1_136' title="bbox 1978 4349 3551 4422">
    <p class='ocr_par' dir='ltr' id='par_1_136' title="bbox 1978 4349 3551 4422">
     <span class='ocr_line' id='line_1_140' title="bbox 1978 4349 3551 4422; baseline 0.008 -19"><span class='ocrx_word' id='word_1_1044' title='bbox 1978 4349 2171 4422; x_wconf 86' lang='lat' dir='ltr'><strong>ot‘ticiis</strong></span> <span class='ocrx_word' id='word_1_1045' title='bbox 2199 4349 2575 4422; x_wconf 72' lang='lat' dir='ltr'><strong>destituerunt,</strong></span> <span class='ocrx_word' id='word_1_1046' title='bbox 2607 4367 2804 4422; x_wconf 89' lang='lat' dir='ltr'><strong>corpus</strong></span> <span class='ocrx_word' id='word_1_1047' title='bbox 2828 4364 3004 4410; x_wconf 89' lang='lat' dir='ltr'><strong>autem</strong></span> <span class='ocrx_word' id='word_1_1048' title='bbox 3035 4369 3142 4411; x_wconf 91' lang='lat' dir='ltr'><strong>non</strong></span> <span class='ocrx_word' id='word_1_1049' title='bbox 3169 4349 3242 4412; x_wconf 53' lang='lat' dir='ltr'><strong>ex&quot;</strong></span> <span class='ocrx_word' id='word_1_1050' title='bbox 3268 4368 3379 4413; x_wconf 92' lang='lat' dir='ltr'><strong>toto</strong></span> <span class='ocrx_word' id='word_1_1051' title='bbox 3403 4360 3551 4417; x_wconf 86' lang='lat' dir='ltr'><strong>vitali</strong></span> 
     </span>
    </p>
   </div>
   <div class='ocr_carea' id='block_1_137' title="bbox 1982 4421 3556 4494">
    <p class='ocr_par' dir='ltr' id='par_1_137' title="bbox 1982 4421 3556 4494">
     <span class='ocr_line' id='line_1_141' title="bbox 1982 4421 3556 4494; baseline 0.008 -21"><span class='ocrx_word' id='word_1_1052' title='bbox 1982 4421 2169 4489; x_wconf 86' lang='lat' dir='ltr'><strong>spiritu</strong></span> <span class='ocrx_word' id='word_1_1053' title='bbox 2197 4421 2431 4494; x_wconf 81' lang='lat' dir='ltr'><strong>carebat.</strong></span> <span class='ocrx_word' id='word_1_1054' title='bbox 2450 4421 2614 4494; x_wconf 11' lang='lat' dir='ltr'><strong>iUnde</strong></span> <span class='ocrx_word' id='word_1_1055' title='bbox 2634 4438 2695 4477; x_wconf 88' lang='lat' dir='ltr'><strong>ea</strong></span> <span class='ocrx_word' id='word_1_1056' title='bbox 2710 4421 2843 4493; x_wconf 75' lang='lat' dir='ltr'><strong>qua:</strong></span> <span class='ocrx_word' id='word_1_1057' title='bbox 2867 4426 3164 4494; x_wconf 88' lang='lat' dir='ltr'><strong>audierant,</strong></span> <span class='ocrx_word' id='word_1_1058' title='bbox 3187 4443 3295 4482; x_wconf 93' lang='lat' dir='ltr'><strong>non</strong></span> <span class='ocrx_word' id='word_1_1059' title='bbox 3320 4444 3407 4484; x_wconf 90' lang='lat' dir='ltr'><strong>res</strong></span> <span class='ocrx_word' id='word_1_1060' title='bbox 3431 4445 3556 4485; x_wconf 87' lang='lat' dir='ltr'><strong>cor-</strong></span> 
     </span>
    </p>
   </div>
   <div class='ocr_carea' id='block_1_138' title="bbox 1981 4490 3556 4568">
    <p class='ocr_par' dir='ltr' id='par_1_138' title="bbox 1981 4490 3556 4568">
     <span class='ocr_line' id='line_1_142' title="bbox 1981 4490 3556 4568; baseline 0.007 -24"><span class='ocrx_word' id='word_1_1061' title='bbox 1981 4505 2158 4559; x_wconf 75' lang='lat' dir='ltr'><strong>porea:</strong></span> <span class='ocrx_word' id='word_1_1062' title='bbox 2178 4531 2192 4555; x_wconf 94' lang='lat'><strong>,</strong></span> <span class='ocrx_word' id='word_1_1063' title='bbox 2219 4490 2544 4568; x_wconf 38' lang='lat' dir='ltr'><strong>sedusimiles</strong></span> <span class='ocrx_word' id='word_1_1064' title='bbox 2568 4490 2949 4568; x_wconf 80' lang='lat' dir='ltr'><strong>corporearum</strong></span> <span class='ocrx_word' id='word_1_1065' title='bbox 2987 4490 3163 4568; x_wconf 80' lang='lat' dir='ltr'><strong>rerum</strong></span> <span class='ocrx_word' id='word_1_1066' title='bbox 3208 4508 3393 4565; x_wconf 87' lang='lat' dir='ltr'><strong>erant,</strong></span> <span class='ocrx_word' id='word_1_1067' title='bbox 3422 4515 3556 4568; x_wconf 88' lang='lat' dir='ltr'><strong>quas</strong></span> 
     </span>
    </p>
   </div>
   <div class='ocr_carea' id='block_1_139' title="bbox 1981 4562 3558 4634">
    <p class='ocr_par' dir='ltr' id='par_1_139' title="bbox 1981 4562 3558 4634">
     <span class='ocr_line' id='line_1_143' title="bbox 1981 4562 3558 4634; baseline 0.006 -19"><span class='ocrx_word' id='word_1_1068' title='bbox 1981 4575 2212 4634; x_wconf 76' lang='lat' dir='ltr'><strong>reversa:</strong></span> <span class='ocrx_word' id='word_1_1069' title='bbox 2254 4562 2372 4615; x_wconf 91' lang='lat' dir='ltr'><strong>aliis</strong></span> <span class='ocrx_word' id='word_1_1070' title='bbox 2410 4562 2462 4615; x_wconf 92' lang='lat' dir='ltr'><strong>in</strong></span> <span class='ocrx_word' id='word_1_1071' title='bbox 2501 4576 2724 4634; x_wconf 82' lang='lat' dir='ltr'><strong>corpore</strong></span> <span class='ocrx_word' id='word_1_1072' title='bbox 2750 4566 3052 4619; x_wconf 91' lang='lat' dir='ltr'><strong>constitutis</strong></span> <span class='ocrx_word' id='word_1_1073' title='bbox 3087 4581 3183 4634; x_wconf 90' lang='lat' dir='ltr'><strong>pro</strong></span> <span class='ocrx_word' id='word_1_1074' title='bbox 3207 4562 3558 4625; x_wconf 61' lang='lat' dir='ltr'><strong>aediﬁcatione</strong></span> 
     </span>
    </p>
   </div>
   <div class='ocr_carea' id='block_1_140' title="bbox 1982 4631 3558 4704">
    <p class='ocr_par' dir='ltr' id='par_1_140' title="bbox 1982 4631 3558 4704">
     <span class='ocr_line' id='line_1_144' title="bbox 1982 4631 3558 4704; baseline 0.006 -19"><span class='ocrx_word' id='word_1_1075' title='bbox 1982 4631 2186 4686; x_wconf 83' lang='lat' dir='ltr'><strong>referre</strong></span> <span class='ocrx_word' id='word_1_1076' title='bbox 2234 4640 2496 4704; x_wconf 85' lang='lat' dir='ltr'><strong>poterant.</strong></span> <span class='ocrx_word' id='word_1_1077' title='bbox 2552 4632 2835 4704; x_wconf 83' lang='lat' dir='ltr'><strong>Postquam</strong></span> <span class='ocrx_word' id='word_1_1078' title='bbox 2892 4648 3022 4689; x_wconf 88' lang='lat' dir='ltr'><strong>vero</strong></span> <span class='ocrx_word' id='word_1_1079' title='bbox 3072 4631 3265 4704; x_wconf 77' lang='lat' dir='ltr'><strong>corpus</strong></span> <span class='ocrx_word' id='word_1_1080' title='bbox 3320 4637 3558 4695; x_wconf 88' lang='lat' dir='ltr'><strong>funditus</strong></span> 
     </span>
    </p>
   </div>
   <div class='ocr_carea' id='block_1_141' title="bbox 1983 4701 3554 4773">
    <p class='ocr_par' dir='ltr' id='par_1_141' title="bbox 1983 4701 3554 4773">
     <span class='ocr_line' id='line_1_145' title="bbox 1983 4701 3554 4773; baseline 0.006 -18"><span class='ocrx_word' id='word_1_1081' title='bbox 1983 4709 2263 4773; x_wconf 77' lang='lat' dir='ltr'><strong>exuerant,</strong></span> <span class='ocrx_word' id='word_1_1082' title='bbox 2282 4701 2442 4773; x_wconf 70' lang='lat' dir='ltr'><strong>longe</strong></span> <span class='ocrx_word' id='word_1_1083' title='bbox 2461 4715 2549 4756; x_wconf 91' lang='lat' dir='ltr'><strong>res</strong></span> <span class='ocrx_word' id='word_1_1084' title='bbox 2572 4701 2729 4773; x_wconf 84' lang='lat' dir='ltr'><strong>aliter</strong></span> <span class='ocrx_word' id='word_1_1085' title='bbox 2750 4711 2866 4757; x_wconf 89' lang='lat' dir='ltr'><strong>erat</strong></span> <span class='ocrx_word' id='word_1_1086' title='bbox 2885 4719 3041 4773; x_wconf 88' lang='lat' dir='ltr'><strong>quam</strong></span> <span class='ocrx_word' id='word_1_1087' title='bbox 3072 4701 3219 4773; x_wconf 85' lang='lat' dir='ltr'><strong>prius</strong></span> <span class='ocrx_word' id='word_1_1088' title='bbox 3239 4705 3422 4762; x_wconf 86' lang='lat' dir='ltr'><strong>videre</strong></span> <span class='ocrx_word' id='word_1_1089' title='bbox 3448 4725 3554 4766; x_wconf 91' lang='lat' dir='ltr'><strong>non</strong></span> 
     </span>
    </p>
   </div>
   <div class='ocr_carea' id='block_1_142' title="bbox 1984 4769 3552 4850">
    <p class='ocr_par' dir='ltr' id='par_1_142' title="bbox 1984 4769 3552 4850">
     <span class='ocr_line' id='line_1_146' title="bbox 1984 4769 3552 4850; baseline 0.008 -27"><span class='ocrx_word' id='word_1_1090' title='bbox 1984 4770 2253 4850; x_wconf 80' lang='lat' dir='ltr'><strong>valebant.</strong></span> <span class='ocrx_word' id='word_1_1091' title='bbox 2281 4769 2447 4850; x_wconf 75' lang='lat' dir='ltr'><strong>Sicuti</strong></span> <span class='ocrx_word' id='word_1_1092' title='bbox 2475 4786 2574 4850; x_wconf 78' lang='lat' dir='ltr'><strong>nos</strong></span> <span class='ocrx_word' id='word_1_1093' title='bbox 2601 4771 2884 4850; x_wconf 81' lang='lat' dir='ltr'><strong>aliquando</strong></span> <span class='ocrx_word' id='word_1_1094' title='bbox 2902 4769 3056 4850; x_wconf 64' lang='lat' dir='ltr'><strong>juxta</strong></span> <span class='ocrx_word' id='word_1_1095' title='bbox 3075 4769 3337 4850; x_wconf 58' lang='lat' dir='ltr'><strong>&#39;parieiem</strong></span> <span class='ocrx_word' id='word_1_1096' title='bbox 3369 4779 3552 4850; x_wconf 91' lang='lat' dir='ltr'><strong>positi,</strong></span> 
     </span>
    </p>
   </div>
   <div class='ocr_carea' id='block_1_143' title="bbox 1986 4840 3559 4915">
    <p class='ocr_par' dir='ltr' id='par_1_143' title="bbox 1986 4840 3559 4915">
     <span class='ocr_line' id='line_1_147' title="bbox 1986 4840 3559 4915; baseline 0.006 -19"><span class='ocrx_word' id='word_1_1097' title='bbox 1986 4841 2228 4896; x_wconf 87' lang='lat' dir='ltr'><strong>umbram</strong></span> <span class='ocrx_word' id='word_1_1098' title='bbox 2257 4840 2519 4915; x_wconf 82' lang='lat' dir='ltr'><strong>venientis</strong></span> <span class='ocrx_word' id='word_1_1099' title='bbox 2544 4840 2807 4915; x_wconf 76' lang='lat' dir='ltr'><strong>hominis,</strong></span> <span class='ocrx_word' id='word_1_1100' title='bbox 2837 4840 2943 4915; x_wconf 83' lang='lat' dir='ltr'><strong>non</strong></span> <span class='ocrx_word' id='word_1_1101' title='bbox 2974 4840 3144 4913; x_wconf 80' lang='lat' dir='ltr'><strong>ipsum</strong></span> <span class='ocrx_word' id='word_1_1102' title='bbox 3166 4840 3436 4915; x_wconf 69' lang='lat' dir='ltr'><strong>videmus;</strong></span> <span class='ocrx_word' id='word_1_1103' title='bbox 3467 4840 3559 4907; x_wconf 59' lang='lat' dir='ltr'><strong>re;</strong></span> 
     </span>
    </p>
   </div>
   <div class='ocr_carea' id='block_1_144' title="bbox 1986 4911 3559 4983">
    <p class='ocr_par' dir='ltr' id='par_1_144' title="bbox 1986 4911 3559 4983">
     <span class='ocr_line' id='line_1_148' title="bbox 1986 4911 3559 4983; baseline 0.007 -18"><span class='ocrx_word' id='word_1_1104' title='bbox 1986 4920 2133 4966; x_wconf 91' lang='lat' dir='ltr'><strong>moto</strong></span> <span class='ocrx_word' id='word_1_1105' title='bbox 2156 4918 2334 4966; x_wconf 90' lang='lat' dir='ltr'><strong>autem</strong></span> <span class='ocrx_word' id='word_1_1106' title='bbox 2361 4911 2637 4983; x_wconf 84' lang='lat' dir='ltr'><strong>obstaculo</strong></span> <span class='ocrx_word' id='word_1_1107' title='bbox 2665 4913 2822 4979; x_wconf 90' lang='lat' dir='ltr'><strong>muri,</strong></span> <span class='ocrx_word' id='word_1_1108' title='bbox 2870 4911 3042 4983; x_wconf 85' lang='lat' dir='ltr'><strong>ipsum</strong></span> <span class='ocrx_word' id='word_1_1109' title='bbox 3073 4923 3131 4968; x_wconf 90' lang='lat' dir='ltr'><strong>ut</strong></span> <span class='ocrx_word' id='word_1_1110' title='bbox 3158 4924 3243 4970; x_wconf 90' lang='lat' dir='ltr'><strong>est</strong></span> <span class='ocrx_word' id='word_1_1111' title='bbox 3264 4911 3559 4977; x_wconf 87' lang='lat' dir='ltr'><strong>cernimus.</strong></span> 
     </span>
    </p>
   </div>
   <div class='ocr_carea' id='block_1_145' title="bbox 1985 4981 3556 5058">
    <p class='ocr_par' dir='ltr' id='par_1_145' title="bbox 1985 4981 3556 5058">
     <span class='ocr_line' id='line_1_149' title="bbox 1985 4981 3556 5058; baseline 0.004 -20"><span class='ocrx_word' id='word_1_1112' title='bbox 1985 4983 2193 5038; x_wconf 79' lang='lat' dir='ltr'><strong>Anima:</strong></span> <span class='ocrx_word' id='word_1_1113' title='bbox 2222 4983 2381 5058; x_wconf 88' lang='lat' dir='ltr'><strong>etiam</strong></span> <span class='ocrx_word' id='word_1_1114' title='bbox 2411 4981 2779 5058; x_wconf 80' lang='lat' dir='ltr'><strong>defunctorum</strong></span> <span class='ocrx_word' id='word_1_1115' title='bbox 2805 4981 2925 5039; x_wconf 85' lang='lat' dir='ltr'><strong>cum</strong></span> <span class='ocrx_word' id='word_1_1116' title='bbox 2956 4985 3254 5042; x_wconf 86' lang='lat' dir='ltr'><strong>viventibus</strong></span> <span class='ocrx_word' id='word_1_1117' title='bbox 3279 5000 3556 5058; x_wconf 87' lang='lat' dir='ltr'><strong>apparent,</strong></span> 
     </span>
    </p>
   </div>
   <div class='ocr_carea' id='block_1_146' title="bbox 1987 5053 3562 5126">
    <p class='ocr_par' dir='ltr' id='par_1_146' title="bbox 1987 5053 3562 5126">
     <span class='ocr_line' id='line_1_150' title="bbox 1987 5053 3562 5126; baseline 0.008 -20"><span class='ocrx_word' id='word_1_1118' title='bbox 1987 5065 2184 5126; x_wconf 87' lang='lat' dir='ltr'><strong>corpus</strong></span> <span class='ocrx_word' id='word_1_1119' title='bbox 2208 5053 2409 5126; x_wconf 79' lang='lat' dir='ltr'><strong>aerium</strong></span> <span class='ocrx_word' id='word_1_1120' title='bbox 2443 5053 2684 5120; x_wconf 89' lang='lat' dir='ltr'><strong>induunt,</strong></span> <span class='ocrx_word' id='word_1_1121' title='bbox 2713 5054 2765 5108; x_wconf 92' lang='lat' dir='ltr'><strong>in</strong></span> <span class='ocrx_word' id='word_1_1122' title='bbox 2797 5069 2904 5124; x_wconf 83' lang='lat' dir='ltr'><strong>quo</strong></span> <span class='ocrx_word' id='word_1_1123' title='bbox 2923 5069 3235 5126; x_wconf 89' lang='lat' dir='ltr'><strong>corpoream</strong></span> <span class='ocrx_word' id='word_1_1124' title='bbox 3263 5053 3450 5114; x_wconf 79' lang='lat' dir='ltr'><strong>vocem</strong></span> <span class='ocrx_word' id='word_1_1125' title='bbox 3476 5053 3562 5120; x_wconf 84' lang='lat' dir='ltr'><strong>vel</strong></span> 
     </span>
    </p>
   </div>
   <div class='ocr_carea' id='block_1_147' title="bbox 1987 5122 2766 5193">
    <p class='ocr_par' dir='ltr' id='par_1_147' title="bbox 1987 5122 2766 5193">
     <span class='ocr_line' id='line_1_151' title="bbox 1987 5122 2766 5193; baseline 0.003 -17"><span class='ocrx_word' id='word_1_1126' title='bbox 1987 5124 2146 5193; x_wconf 81' lang='lat' dir='ltr'><strong>verba</strong></span> <span class='ocrx_word' id='word_1_1127' title='bbox 2177 5122 2420 5176; x_wconf 87' lang='lat' dir='ltr'><strong>audibilia</strong></span> <span class='ocrx_word' id='word_1_1128' title='bbox 2442 5126 2766 5193; x_wconf 89' lang='lat' dir='ltr'><strong>exprimunt.</strong></span> 
     </span>
    </p>
   </div>
   <div class='ocr_carea' id='block_1_148' title="bbox 2063 5192 3565 5267">
    <p class='ocr_par' dir='ltr' id='par_1_148' title="bbox 2063 5192 3565 5267">
     <span class='ocr_line' id='line_1_152' title="bbox 2063 5192 3565 5267; baseline 0.007 -21"><span class='ocrx_word' id='word_1_1129' title='bbox 2063 5192 2197 5267; x_wconf 82' lang='lat' dir='ltr'><strong>Hinc</strong></span> <span class='ocrx_word' id='word_1_1130' title='bbox 2217 5193 2497 5267; x_wconf 76' lang='lat' dir='ltr'><strong>colligitur,</strong></span> <span class='ocrx_word' id='word_1_1131' title='bbox 2514 5192 2660 5264; x_wconf 87' lang='lat' dir='ltr'><strong>quod</strong></span> <span class='ocrx_word' id='word_1_1132' title='bbox 2691 5194 2932 5251; x_wconf 89' lang='lat' dir='ltr'><strong>infernus</strong></span> <span class='ocrx_word' id='word_1_1133' title='bbox 2955 5197 3026 5252; x_wconf 86' lang='lat' dir='ltr'><strong>sit</strong></span> <span class='ocrx_word' id='word_1_1134' title='bbox 3049 5197 3416 5267; x_wconf 88' lang='lat' dir='ltr'><strong>incorporeus,</strong></span> <span class='ocrx_word' id='word_1_1135' title='bbox 3439 5202 3565 5257; x_wconf 90' lang='lat' dir='ltr'><strong>sub-</strong></span> 
     </span>
    </p>
   </div>
   <div class='ocr_carea' id='block_1_149' title="bbox 1991 5263 3565 5339">
    <p class='ocr_par' dir='ltr' id='par_1_149' title="bbox 1991 5263 3565 5339">
     <span class='ocr_line' id='line_1_153' title="bbox 1991 5263 3565 5339; baseline 0.007 -22"><span class='ocrx_word' id='word_1_1136' title='bbox 1991 5264 2180 5339; x_wconf 78' lang='lat' dir='ltr'><strong>stantia</strong></span> <span class='ocrx_word' id='word_1_1137' title='bbox 2202 5263 2511 5339; x_wconf 74' lang='lat' dir='ltr'><strong>spiritualis,</strong></span> <span class='ocrx_word' id='word_1_1138' title='bbox 2533 5263 2806 5334; x_wconf 72' lang='lat' dir='ltr'><strong>corporea:</strong></span> <span class='ocrx_word' id='word_1_1139' title='bbox 2822 5267 3041 5339; x_wconf 87' lang='lat' dir='ltr'><strong>similis;</strong></span> <span class='ocrx_word' id='word_1_1140' title='bbox 3063 5263 3216 5337; x_wconf 74' lang='lat' dir='ltr'><strong>cuius</strong></span> <span class='ocrx_word' id='word_1_1141' title='bbox 3240 5263 3565 5339; x_wconf 11' lang='lat' dir='ltr'><strong>pmoaitanto</strong></span> 
     </span>
    </p>
   </div>
   <div class='ocr_carea' id='block_1_150' title="bbox 1991 5333 3560 5407">
    <p class='ocr_par' dir='ltr' id='par_1_150' title="bbox 1991 5333 3560 5407">
     <span class='ocr_line' id='line_1_154' title="bbox 1991 5333 3560 5407; baseline 0.008 -22"><span class='ocrx_word' id='word_1_1142' title='bbox 1991 5334 2059 5407; x_wconf 82' lang='lat' dir='ltr'><strong>sit</strong></span> <span class='ocrx_word' id='word_1_1143' title='bbox 2098 5333 2481 5407; x_wconf 64' lang='lat' dir='ltr'><strong>iniolerabilior</strong></span> <span class='ocrx_word' id='word_1_1144' title='bbox 2500 5376 2515 5401; x_wconf 89' lang='lat'><strong>,</strong></span> <span class='ocrx_word' id='word_1_1145' title='bbox 2560 5333 2758 5405; x_wconf 82' lang='lat' dir='ltr'><strong>quanto</strong></span> <span class='ocrx_word' id='word_1_1146' title='bbox 2785 5337 3002 5407; x_wconf 89' lang='lat' dir='ltr'><strong>spiritus</strong></span> <span class='ocrx_word' id='word_1_1147' title='bbox 3029 5347 3111 5392; x_wconf 89' lang='lat' dir='ltr'><strong>est</strong></span> <span class='ocrx_word' id='word_1_1148' title='bbox 3129 5333 3366 5407; x_wconf 71' lang='lat' dir='ltr'><strong>corpore</strong></span> <span class='ocrx_word' id='word_1_1149' title='bbox 3393 5343 3560 5397; x_wconf 85' lang='lat' dir='ltr'><strong>subti-</strong></span> 
     </span>
    </p>
   </div>
   <div class='ocr_carea' id='block_1_151' title="bbox 1992 5402 3564 5476">
    <p class='ocr_par' dir='ltr' id='par_1_151' title="bbox 1992 5402 3564 5476">
     <span class='ocr_line' id='line_1_155' title="bbox 1992 5402 3564 5476; baseline 0.006 -19"><span class='ocrx_word' id='word_1_1150' title='bbox 1992 5402 2112 5476; x_wconf 87' lang='lat' dir='ltr'><strong>lior.</strong></span> <span class='ocrx_word' id='word_1_1151' title='bbox 2135 5403 2305 5458; x_wconf 90' lang='lat' dir='ltr'><strong>Omne</strong></span> <span class='ocrx_word' id='word_1_1152' title='bbox 2325 5404 2466 5476; x_wconf 86' lang='lat' dir='ltr'><strong>enim</strong></span> <span class='ocrx_word' id='word_1_1153' title='bbox 2489 5402 2681 5476; x_wconf 80' lang='lat' dir='ltr'><strong>corpus</strong></span> <span class='ocrx_word' id='word_1_1154' title='bbox 2706 5402 2969 5461; x_wconf 82' lang='lat' dir='ltr'><strong>vetustate</strong></span> <span class='ocrx_word' id='word_1_1155' title='bbox 2997 5407 3194 5472; x_wconf 79' lang='lat' dir='ltr'><strong>deﬁcit,</strong></span> <span class='ocrx_word' id='word_1_1156' title='bbox 3216 5402 3564 5468; x_wconf 85' lang='lat' dir='ltr'><strong>diuturnitate</strong></span> 
     </span>
    </p>
   </div>
   <div class='ocr_carea' id='block_1_152' title="bbox 1992 5474 3566 5550">
    <p class='ocr_par' dir='ltr' id='par_1_152' title="bbox 1992 5474 3566 5550">
     <span class='ocr_line' id='line_1_156' title="bbox 1992 5474 3566 5550; baseline 0.007 -22"><span class='ocrx_word' id='word_1_1157' title='bbox 1992 5474 2307 5529; x_wconf 87' lang='lat' dir='ltr'><strong>dissolutum</strong></span> <span class='ocrx_word' id='word_1_1158' title='bbox 2340 5474 2598 5530; x_wconf 56' lang='lat' dir='ltr'><strong>interibit;</strong></span> <span class='ocrx_word' id='word_1_1159' title='bbox 2626 5475 2849 5550; x_wconf 71' lang='lat' dir='ltr'><strong>Undesi</strong></span> <span class='ocrx_word' id='word_1_1160' title='bbox 2877 5476 3154 5550; x_wconf 68' lang='lat' dir='ltr'><strong>infernalis</strong></span> <span class='ocrx_word' id='word_1_1161' title='bbox 3181 5480 3317 5550; x_wconf 86' lang='lat' dir='ltr'><strong>ignis</strong></span> <span class='ocrx_word' id='word_1_1162' title='bbox 3341 5490 3419 5536; x_wconf 88' lang='lat' dir='ltr'><strong>est</strong></span> <span class='ocrx_word' id='word_1_1163' title='bbox 3446 5497 3566 5539; x_wconf 90' lang='lat' dir='ltr'><strong>cor-</strong></span> 
     </span>
    </p>
   </div>
   <div class='ocr_carea' id='block_1_153' title="bbox 1992 5547 3570 5616">
    <p class='ocr_par' dir='ltr' id='par_1_153' title="bbox 1992 5547 3570 5616">
     <span class='ocr_line' id='line_1_157' title="bbox 1992 5547 3570 5616; baseline 0.008 -18"><span class='ocrx_word' id='word_1_1164' title='bbox 1992 5558 2208 5615; x_wconf 88' lang='lat' dir='ltr'><strong>poreus,</strong></span> <span class='ocrx_word' id='word_1_1165' title='bbox 2240 5554 2405 5600; x_wconf 88' lang='lat' dir='ltr'><strong>restat</strong></span> <span class='ocrx_word' id='word_1_1166' title='bbox 2432 5554 2493 5600; x_wconf 90' lang='lat' dir='ltr'><strong>ut</strong></span> <span class='ocrx_word' id='word_1_1167' title='bbox 2515 5547 2881 5616; x_wconf 82' lang='lat' dir='ltr'><strong>corporalibus</strong></span> <span class='ocrx_word' id='word_1_1168' title='bbox 2906 5548 3174 5604; x_wconf 73' lang='lat' dir='ltr'><strong>alimentis</strong></span> <span class='ocrx_word' id='word_1_1169' title='bbox 3200 5547 3481 5616; x_wconf 79' lang='lat' dir='ltr'><strong>nutriatur,</strong></span> <span class='ocrx_word' id='word_1_1170' title='bbox 3512 5563 3570 5610; x_wconf 91' lang='lat' dir='ltr'><strong>et</strong></span> 
     </span>
    </p>
   </div>
   <div class='ocr_carea' id='block_1_154' title="bbox 1993 5616 3573 5688">
    <p class='ocr_par' dir='ltr' id='par_1_154' title="bbox 1993 5616 3573 5688">
     <span class='ocr_line' id='line_1_158' title="bbox 1993 5616 3573 5688; baseline 0.008 -21"><span class='ocrx_word' id='word_1_1171' title='bbox 1993 5616 2234 5688; x_wconf 81' lang='lat' dir='ltr'><strong>sequitur</strong></span> <span class='ocrx_word' id='word_1_1172' title='bbox 2253 5625 2312 5688; x_wconf 89' lang='lat' dir='ltr'><strong>ut</strong></span> <span class='ocrx_word' id='word_1_1173' title='bbox 2333 5616 2437 5671; x_wconf 87' lang='lat' dir='ltr'><strong>illis</strong></span> <span class='ocrx_word' id='word_1_1174' title='bbox 2452 5619 2789 5688; x_wconf 83' lang='lat' dir='ltr'><strong>consumptis</strong></span> <span class='ocrx_word' id='word_1_1175' title='bbox 2813 5619 2928 5688; x_wconf 90' lang='lat' dir='ltr'><strong>ipse</strong></span> <span class='ocrx_word' id='word_1_1176' title='bbox 2957 5619 3215 5686; x_wconf 87' lang='lat' dir='ltr'><strong>intereat;</strong></span> <span class='ocrx_word' id='word_1_1177' title='bbox 3240 5621 3337 5677; x_wconf 82' lang='lat' dir='ltr'><strong>sed</strong></span> <span class='ocrx_word' id='word_1_1178' title='bbox 3361 5633 3573 5681; x_wconf 81' lang='lat' dir='ltr'><strong>constat</strong></span> 
     </span>
    </p>
   </div>
   <div class='ocr_carea' id='block_1_155' title="bbox 1993 5685 3576 5762">
    <p class='ocr_par' dir='ltr' id='par_1_155' title="bbox 1993 5685 3576 5762">
     <span class='ocr_line' id='line_1_159' title="bbox 1993 5685 3576 5762; baseline 0.008 -23"><span class='ocrx_word' id='word_1_1179' title='bbox 1993 5685 2174 5756; x_wconf 80' lang='lat' dir='ltr'><strong>ignem</strong></span> <span class='ocrx_word' id='word_1_1180' title='bbox 2196 5686 2461 5756; x_wconf 68' lang='lat' dir='ltr'><strong>gehennae</strong></span> <span class='ocrx_word' id='word_1_1181' title='bbox 2490 5703 2600 5745; x_wconf 87' lang='lat' dir='ltr'><strong>non</strong></span> <span class='ocrx_word' id='word_1_1182' title='bbox 2621 5685 2886 5762; x_wconf 69' lang='lat' dir='ltr'><strong>deficere;</strong></span> <span class='ocrx_word' id='word_1_1183' title='bbox 2905 5704 3042 5762; x_wconf 78' lang='lat' dir='ltr'><strong>ergo</strong></span> <span class='ocrx_word' id='word_1_1184' title='bbox 3064 5690 3355 5761; x_wconf 85' lang='lat' dir='ltr'><strong>spiritualis</strong></span> <span class='ocrx_word' id='word_1_1185' title='bbox 3379 5702 3486 5750; x_wconf 88' lang='lat' dir='ltr'><strong>est.</strong></span> <span class='ocrx_word' id='word_1_1186' title='bbox 3513 5694 3576 5752; x_wconf 85' lang='lat' dir='ltr'><strong>Si</strong></span> 
     </span>
    </p>
   </div>
   <div class='ocr_carea' id='block_1_156' title="bbox 2001 5757 3583 5835">
    <p class='ocr_par' dir='ltr' id='par_1_156' title="bbox 2001 5757 3583 5835">
     <span class='ocr_line' id='line_1_160' title="bbox 2001 5757 3583 5835; baseline 0.005 -18"><span class='ocrx_word' id='word_1_1187' title='bbox 2001 5764 2185 5817; x_wconf 70' lang='lat' dir='ltr'><strong>autem</strong></span> <span class='ocrx_word' id='word_1_1188' title='bbox 2202 5766 2287 5816; x_wconf 61' lang='lat' dir='ltr'><strong>at</strong></span> <span class='ocrx_word' id='word_1_1189' title='bbox 2306 5771 2618 5830; x_wconf 79' lang='lat' dir='ltr'><strong>corporeus,</strong></span> <span class='ocrx_word' id='word_1_1190' title='bbox 2645 5758 2745 5817; x_wconf 80' lang='lat' dir='ltr'><strong>sed</strong></span> <span class='ocrx_word' id='word_1_1191' title='bbox 2767 5757 3083 5821; x_wconf 61' lang='lat' dir='ltr'><strong>induitiae</strong></span> <span class='ocrx_word' id='word_1_1192' title='bbox 3094 5757 3451 5835; x_wconf 60' lang='lat' dir='ltr'><strong>creatum;</strong></span> <span class='ocrx_word' id='word_1_1193' title='bbox 3470 5770 3583 5825; x_wconf 61' lang='lat' dir='ltr'><strong>I-</strong></span> 
     </span>
    </p>
   </div>
  </div>
