4100 6212
328 229 490 318 μεθ

347 361 704 421 corpus,_nec
744 344 1113 421 _Spiritualite_r,
1147 344 1287 421 quod
1318 359 1422 400 non
1457 345 1514 397 iit
1540 343 1638 421 nisi
1671 341 1928 421 perimat

344 411 495 490 αἰκὲς
523 411 680 473 rebus
714 411 944 490 similes;
982 416 1078 471 sed
1107 411 1400 490 veraciter,
1438 414 1575 490 quod
1606 411 1708 490 non
1742 411 1930 490 iit_nisi

347 482 484 564 ipso
505 490 775 564 intellectu
795 531 807 551 ,
829 489 1043 564 _\_'idisse_
1053 488 1420 564 cognoscitur.
1457 482 1763 564 ‘Angelia'el
1803 482 1931 549 justi

349 554 574 632 quadam
590 560 935 632 similitudine
947 559 1064 632 coeli
1085 554 1487 626 nuncupantur;
1513 555 1632 623 quia
1655 554 1704 632 in
1726 561 1932 606 secreto

349 624 443 687 Dei
476 631 722 686 humanis
748 630 948 685 visibus
973 630 1236 693 celantur;
1268 624 1332 681 ct
1377 644 1407 680 e
1443 633 1625 680 contra
1660 624 1932 678 daemones

350 704 435 756 vel
480 703 622 771 impii
669 701 900 755 tenebra:
935 701 1291 771 appellantur,
1321 698 1443 769 quia
1486 697 1539 750 in
1583 694 1860 749 tormentis
1899 709 1931 748 a

352 773 506 828 nobis
534 774 884 826 occultantur.

421 843 648 898 CAPUT
687 843 870 913 ων.
921 842 1054 908 Quid
1082 842 1144 896 sit
1173 857 1378 913 regnant
1404 838 1677 913 rmiortnn,
1717 844 1764 913 et
1796 835 1932 913 quod

352 915 534 984 ubique
555 915 638 968 sit.
666 911 769 968 Cur
800 931 891 967 nos
917 906 1048 966 nunc
1076 930 1173 966 non
1199 906 1250 964 at
1285 910 1428 965 corio.
1465 909 1600 974 Quid
1631 909 1693 960 sit
1721 907 1771 959 in
1802 906 1933 984 illud

352 975 558 1038 intrare.
587 985 720 1048 Quid
747 985 943 1054 inferri.
979 983 1055 1036 Ad
1071 984 1190 1053 quid
1218 984 1426 1036 visiones
1450 994 1704 1054 corporea:
1727 975 1932 1054 quibus:

354 1056 472 1108 dant
503 1047 823 1108 morientibus
869 1059 1031 1124 facite.
1079 1047 1314 1122 licgnum
1358 1060 1532 1104 autem
1565 1050 1850 1124 eiciorttm,
1879 1047 1928 1102 id

353 1127 734 1196 estjustorum,
773 1120 876 1196 non
909 1125 1113 1178 urbium
1143 1120 1358 1190 inmitia,
1392 1137 1496 1196 non
1533 1120 1928 1196 possessionum

351 1189 571 1266 praidia,
609 1189 856 1249 nonauri
896 1205 946 1248 ct
971 1209 1308 1266 gemmarum
1340 1189 1486 1266 eopia
1509 1207 1661 1266 ,_no_n
1692 1189 1928 1266 supellex

355 1260 519 1328 varia,
547 1260 637 1320 Sed
665 1267 866 1334 justitia
894 1273 947 1318 et
968 1260 1066 1334 pax
1090 1274 1142 1317 ct
1171 1263 1471 1319 omnimoda
1501 1262 1664 1334 gloria
1686 1260 1742 1334 in
1773 1261 1930 1334 pleno

353 1337 542 1406 gaudio
565 1329 814 1398 creditur,
845 1329 983 1405 quod
1010 1335 1075 1388 de
1106 1336 1306 1387 visione
1339 1329 1845 1406 :eternaeelaritatf,
1875 1338 1927 1384 et

355 1401 422 1461 de
453 1408 703 1461 societate
730 1401 1048 1476 Angelerum
1080 1415 1132 1459 et
1161 1414 1464 1459 sanctorum
1496 1403 1736 1476 habetur.
1781 1401 1925 1476 Deus

353 1486 536 1533 autem
572 1487 767 1531 mlerna
811 1471 897 1531 lux
927 1519 939 1540 ,
988 1477 1238 1545 probatus
1269 1483 1344 1528 est
1392 1488 1512 1527 esse
1555 1475 1602 1545 in
1637 1471 1832 1545 mundo
1875 1480 1929 1524 et

353 1557 502 1603 extra
531 1549 804 1614 mundum,
842 1548 976 1602 infra
990 1542 1058 1601 “et
1081 1562 1238 1614 supra
1266 1546 1398 1612 ct.in
1428 1544 1671 1604 circuitu,
1698 1542 1929 1614 undique

353 1628 406 1688 et
435 1620 646 1688 ubique.
692 1613 850 1688 igitur
877 1620 917 1671 si
959 1613 1179 1688 regnum
1208 1615 1684 1688 cwlorunrtatiutn
1725 1613 1932 1688 ratione

353 1683 752 1743 demoristranfe
784 1689 909 1742 nihil
943 1683 1183 1741 οειὶιὶηιι]
1206 1703 1363 1756 quam
1393 1685 1522 1737 visio
1556 1684 1667 1747 Dei,
1701 1683 1819 1756 qui_1
1847 1691 1927 1736 est

320 1781 324 1785 ·
353 1759 476 1814 fons
502 1762 734 1813 omnium
766 1759 1062 1822 bonorum;
1093 1753 1396 1812 necessario
1421 1756 1656 1824 sequitur
1679 1753 1816 1824 quod
1847 1769 1928 1806 rc-

353 1845 514 1900 gnum
543 1832 797 1886 cwlorum
827 1831 896 1884 sit
926 1832 978 1883 in
1002 1829 1101 1882 hoc
1129 1828 1347 1892 mundo,
1381 1836 1434 1881 ct
1460 1823 1614 1878 extra
1647 1823 1922 1888 mundum,

353 1909 406 1953 ct
436 1901 484 1953 in
513 1903 654 1954 omni
686 1909 945 1964 creatura,
974 1909 1025 1951 et
1051 1907 1202 1954 extra
1231 1914 1439 1951 omnem
1468 1903 1766 1964 creaturam
1792 1911 1803 1947 :
1832 1910 1929 1948 un-

353 1970 421 2024 de
443 1970 668 2035 habetis,
707 1970 935 2040 Regnum
962 1970 1199 2022 caelorum
1230 1969 1363 2040 intra
1397 1984 1479 2019 ros
1505 1976 1572 2018 est
1603 1963 1763 2040 (Luc.
1798 1981 1922 2040 xvit,

353 2040 477 2122 ξηλ
510 2043 645 2122 quia
665 2035 911 2122 nimirum
936 2041 988 2093 in
1021 2042 1127 2092 Deo
1156 2039 1529 2100 consistentes,
1555 2035 1674 2089 eum
1699 2036 1748 2088 in
1776 2035 1926 2090 nobis

353 2111 506 2180 ipsis,
537 2122 588 2165 et
635 2113 685 2166 in
727 2111 870 2166 omni
897 2119 1138 2164 creatura
1160 2150 1173 2169 ,
1207 2121 1259 2162 et
1289 2118 1438 2162 cxtra
1467 2121 1682 2160 onmem
1714 2115 1925 2159 creatu-

354 2197 469 2235 ram
503 2183 655 2237 sicuti
695 2191 778 2237 est
805 2183 1091 2236 cernimus.
1141 2180 1340 2234 idcirco
1375 2188 1549 2231 autem
1593 2192 1731 2230 nunc
1777 2186 1926 2230 extra

356 2249 546 2314 Deum,
582 2254 664 2306 vel
693 2262 836 2306 extra
871 2268 1088 2317 regnum
1121 2250 1374 2304 cmlorum
1400 2249 1643 2310 dicimur,
1676 2247 1793 2314 quia
1825 2245 1924 2300 hac

352 2321 556 2377 visione
587 2325 874 2392 privamur.
913 2322 1113 2376 Eodem
1155 2321 1310 2374 modo
1337 2329 1386 2374 et
1416 2319 1603 2392 miseri
1627 2326 1922 2392 timeare—

352 2408 457 2462 gno
478 2387 732 2448 caelorum
759 2394 963 2447 excludi
996 2393 1297 2446 referuntur
1318 2433 1330 2455 ,
1363 2391 1481 2458 quia
1511 2389 1694 2442 eadem
1724 2387 1926 2462 tisione

354 2458 412 2517 ut
433 2466 554 2518 c:eci
581 2465 696 2518 luce
719 2465 845 2518 solis
875 2464 1233 2531 privabantur.
1262 2462 1373 2516 lloc
1392 2475 1612 2527 regnum
1641 2458 1920 2531 cmiorntn,

356 2534 442 2604 vel
472 2532 572 2589 hoc
596 2535 839 2604 gaudimn
858 2527 986 2603 justi
1012 2533 1206 2588 intrare
1233 2532 1565 2604 scribuntur;
1591 2531 1711 2597 quia
1746 2527 1926 2604 incilia-

351 2597 458 2658 bile
484 2597 730 2675 gaudium
765 2597 876 2658 non
897 2605 1187 2672 capientes,
1217 2604 1267 2655 in
1297 2617 1360 2655 eo
1388 2600 1614 2675 quodam
1649 2597 1924 2675 inodvob:

351 2668 654 2730 volvuntur.
683 2676 834 2743 Quod
857 2668 1033 2728 autem
1056 2676 1244 2728 anima-
1265 2668 1474 2726 sursum
1497 2672 1560 2724 ad
1582 2670 1775 2743 etclam
1801 2668 1923 2720 ferri

351 2740 816 2810 affirmanturpvel
847 2747 1006 2800 etiam
1036 2745 1212 2799 inferri
1238 2752 1520 2813 putantur;
1545 2741 1610 2793 ad
1639 2740 1806 2813 visum
1831 2755 1926 2813 nec

354 2824 521 2886 struin
550 2809 759 2880 dicitur,
791 2817 979 2886 quibus
1005 2809 1275 2886 superiora
1307 2812 1590 2882 splendore
1633 2810 1761 2886 solis
1790 2809 1923 2863 luci-

353 2885 501 2940 diora
531 2880 854 2946 nes-cuntur,
888 2895 939 2938 et
970 2880 1109 2954 quod
1154 2885 1307 2954 aliter
1338 2880 1441 2935 non
1475 2891 1645 2950 potest
1684 2880 1800 2954 inec
1838 2895 1924 2954 res

351 2958 602 3025 cognosci
644 2958 709 3010 ab
750 2955 831 3009 his
857 2957 946 3025 qui
985 2950 1108 3009 sunt
1136 2953 1311 3009 adhuc
1349 2954 1400 3006 in
1429 2967 1591 3005 carne
1631 2950 1921 3025 constituti.

350 3019 489 3082 Sane
516 3029 708 3081 animte
736 3019 894 3082 carne
920 3026 1104 3081 soluta:
1136 3039 1240 3077 non
1273 3025 1389 3077 loco
1419 3029 1716 3085 moventur,
1748 3034 1845 3072 nec
1870 3019 1923 3072 in

353 3096 582 3168 aliquem
610 3113 925 3166 corporeum
967 3098 1138 3150 locum
1169 3095 1448 3159 ducuntur,
1497 3102 1555 3146 ut
1596 3091 1717 3145 inde
1760 3090 1926 3168 Deum

353 3163 815 3238 conte-inplentur;
846 3167 935 3222 sed
967 3183 1086 3220 mox
1115 3181 1143 3218 a
1183 3180 1406 3235 corpore
1433 3163 1928 3238 seqtiestratm,_Anf

353 3239 487 3306 gelis
514 3229 1165 3302 et'sauctis'assoeiantur,
1196 3229 1358 3306 reg—no
1385 3229 1664 3306 cwlorurn,
1685 3229 1824 3301 quod
1841 3235 1928 3306 est

351 3301 486 3363 visio
536 3310 658 3373 Dei,
709 3311 849 3364 intra
899 3301 1159 3363 mundum
1180 3316 1233 3360 et
1259 3301 1412 3361 extra
1459 3313 1512 3358 et
1540 3303 1770 3372 undique
1812 3301 1927 3373 sine

353 3393 503 3434 mora
535 3371 816 3443 fruuntur;
860 3376 1015 3434 sicuti
1047 3393 1219 3433 caecus
1241 3378 1292 3431 in
1321 3378 1433 3431 sole
1462 3371 1695 3446 positus,
1718 3373 1762 3428 si
1787 3371 1926 3427 oculi

354 3449 472 3518 ejus
538 3451 893 3520 aperirentur,
953 3448 1256 3520 Confestim
1288 3448 1412 3520 lucc.
1455 3442 1584 3520 solis
1639 3442 1923 3520 frueretur.

357 3515 511 3584 Quod
557 3515 731 3573 autem
777 3520 1090 3589 quibusdam
1129 3519 1474 3572 morientibus
1511 3517 1594 3570 lux
1626 3515 1709 3568 vel
1742 3515 1925 3567 formrc

353 3591 675 3660 Angeiorum
707 3600 796 3645 aut
821 3600 1122 3646 sanctorum
1156 3589 1228 3660 ibi
1269 3590 1532 3660 vitientur,
1551 3596 1605 3640 et
1637 3593 1926 3660 concentus

353 3655 647 3714 liarinonia:
687 3661 987 3725 audiuntur,
1020 3669 1072 3714 et
1101 3659 1164 3713 ad
1197 3660 1299 3713 alta
1329 3659 1444 3713 duci
1477 3668 1794 3720 cernuntur;
1826 3655 1928 3709 Itoc

354 3741 572 3800 prOpter
600 3732 835 3786 viventes
869 3733 978 3785 iieri
1008 3745 1111 3784 non
1136 3730 1422 3794 dubitatur,
1457 3738 1515 3782 ut
1549 3730 1598 3781 in
1629 3727 1924 3800 Christiana

354 3796 614 3871 religione
654 3803 1085 3856 corroborentur.
1127 3801 1293 3855 Porro
1336 3800 1578 3871 frivolum
1617 3799 1849 3861 videtur,
1883 3796 1926 3849 si

356 3869 549 3925 aninia:
594 3874 826 3927 illocales
869 3874 933 3927 de
979 3873 1079 3928 hoc
1124 3872 1321 3926 mundo
1359 3880 1506 3925 extra
1537 3869 1926 3922 firmamentum

356 3941 477 3996 duci
508 3953 831 4007 asscrantur,
863 3944 1011 4013 quasi
1045 3943 1111 3996 ibi
1155 3943 1224 3996 sit
1246 3942 1536 4013 pulchrius,
1564 3937 1646 4013 vel
1673 3937 1837 4005 magis
1857 3934 1928 3990 ibi

357 4013 426 4066 sit
458 4014 615 4076 Deus,
644 4029 761 4067 cum
795 4009 968 4082 potius
999 4014 1136 4066 Deus
1163 4009 1316 4081 supra
1348 4020 1400 4064 et
1423 4011 1574 4082 infra,
1605 4009 1738 4082 intra
1763 4015 1817 4082 et
1839 4021 1928 4059 ex-

355 4090 438 4136 tra
466 4085 736 4151 azqualiter
765 4077 883 4138 eSse
913 4100 1017 4137 non
1047 4077 1332 4145 dubitetur,
1357 4089 1410 4134 et
1435 4079 1549 4151 ejus
1576 4079 1706 4151 visio
1734 4077 1928 4144 ubique

350 4152 510 4222 justis
532 4148 807 4221 aequaliter
844 4154 1031 4207 adesse
1071 4151 1466 4220 comprobetur.
1493 4148 1925 4222 Animas-vero,

359 4217 574 4292 Spiritus
601 4217 719 4276 cum
749 4223 855 4277 sint
899 4217 1229 4290 incorporei,
1264 4220 1534 4289 corporeis
1576 4217 1928 4292 locisincludi

356 4289 795 4348 absurdissimum
829 4289 1075 4356 videtur,
1110 4293 1402 4361 prtesertim
1435 4304 1554 4343 cum
1583 4290 1754 4361 cuiuis
1783 4289 1930 4361 locus

355 4364 654 4430 altitudine,
686 4364 1013 4433 longitudine
1033 4406 1046 4429 ,
1077 4358 1350 4417 latitudine
1376 4361 1700 4433 dimetiatur,
1723 4358 1930 4433 tliisque

357 4437 604 4505 omnibus
626 4429 844 4505 Spiritus
871 4450 1055 4490 carere
1081 4435 1214 4488 bene
1235 4435 1451 4505 sciatur.
1481 4431 1532 4484 lu
1555 4447 1626 4505 eo
1647 4430 1840 4500 quippe
1860 4429 1930 4505 ii-

355 4502 596 4561 localiter
619 4499 854 4570 manere,
878 4518 932 4560 et
959 4506 1072 4574 ejus
1102 4507 1304 4559 visione
1335 4503 1432 4557 frui
1455 4499 1802 4565 zestimabtur,
1829 4499 1931 4553 sieo

357 4584 415 4630 ut
442 4578 658 4632 scientia
683 4578 732 4631 in
760 4577 934 4632 anima
961 4576 1238 4631 illocaliter
1263 4583 1519 4628 moratur.

429 4645 656 4702 CAPUT
697 4647 856 4702 XLV.
889 4647 1168 4717 Corporum
1209 4647 1466 4700 beatorum
1499 4643 1664 4714 gloria
1696 4651 1743 4696 et
1770 4641 1930 4717 locus.

357 4713 497 4770 Ictus
535 4718 686 4770 oculi.
714 4717 919 4786 Carpus
953 4712 1130 4773 autem
1171 4728 1471 4772 sanctorum
1502 4712 1747 4786 resurget
1773 4712 1931 4786 spiri-

357 4787 522 4863 tuale,
553 4788 671 4863 quia
700 4782 934 4850 levitate,
954 4788 1253 4863 velocitate,
1272 4787 1643 4863 perspicuitate
1661 4782 1933 4863 spiritibus

357 4859 459 4912 erit
486 4854 706 4924 aequale,
734 4865 787 4911 et
805 4872 964 4910 omne
989 4860 1212 4912 Solidum
1235 4854 1336 4912 erit
1360 4854 1406 4911 ei
1439 4854 1795 4925 penetrabile;
1824 4854 1931 4925 sic-

357 4939 412 4981 ut
477 4936 531 4982 et
553 4923 762 4995 icorpus
793 4927 997 4979 Domini
1029 4928 1199 4995 lapide
1229 4923 1464 4980 clausum
1495 4926 1744 4989 surrexit,
1774 4933 1826 4977 ct
1850 4923 1933 4995 ja-

356 4999 475 5053 nuis
502 4993 695 5053 clausis
735 4996 969 5051 intravit.
1003 4993 1154 5051 Sicut
1187 4997 1345 5066 igitur
1373 5012 1511 5050 mine
1537 4996 1752 5063 Spiritus
1783 4993 1932 5046 nullo

310 5131 312 5134 τ
358 5069 619 5140 corporali
651 5068 768 5123 loco
816 5075 1175 5140 sustentatur;
1225 5071 1292 5119 ita
1321 5083 1530 5140 quoque
1578 5081 1690 5140 non
1725 5072 1807 5140 est
1839 5076 1936 5115 ne-

358 5133 506 5210 cesse
538 5150 593 5193 ut
625 5137 897 5210 Spirituale
927 5154 1118 5210 corpus
1149 5148 1274 5190 tunc
1301 5133 1477 5210 aliquo
1519 5137 1636 5188 loco
1664 5133 1932 5210 iniciatur.

357 5209 472 5265 Non
514 5204 667 5264 enim'
696 5209 1001 5264 insensibile
1023 5204 1232 5276 corpus
1276 5204 1519 5275 Spiritum
1541 5247 1553 5268 ,
1585 5205 1676 5258 sed
1719 5204 1938 5272 spiritus

359 5293 552 5351 corpus
579 5289 802 5351 vegetat.
832 5280 996 5350 igitur
1035 5281 1210 5332 nullus
1256 5280 1402 5351 locus
1441 5276 1714 5351 Spirituale
1742 5287 1936 5351 corpus

357 5345 528 5416 fulcit,
559 5345 694 5420 quod
721 5345 1158 5406 omniclemenlo
1188 5350 1429 5403 subtilius
1454 5345 1555 5402 erit
1574 5345 1797 5420 .tscdtut
1827 5345 1938 5420 spif

359 5421 494 5476 ritus
518 5413 796 5475 illocaliter
831 5423 881 5476 iu
907 5438 1115 5475 summo
1154 5421 1340 5490 spiritu
1381 5421 1504 5490 Deo,
1527 5417 1801 5490 subsistit;
1835 5413 1940 5468 nisi

358 5490 497 5546 forte
524 5491 624 5545 hoc
653 5507 747 5560 pro
773 5493 890 5545 loco
916 5487 1224 5562 accipiatur,
1258 5490 1398 5562 quod
1432 5487 1847 5562 substantiaiiter
1877 5499 1938 5538 ac

359 5558 713 5633 personaliter
733 5558 1202 5618 circumscribitur.
1227 5558 1490 5632 Ainplius,
1513 5569 1603 5615 aut
1622 5559 1672 5613 in
1695 5558 1795 5613 hoc
1819 5572 1937 5613 cor-

434 5700 452 5735 ί
477 5699 618 5765 Alias,
639 5710 765 5765 quas

1337 223 1537 280 LIBER
1577 223 1664 280 DE
1703 211 2118 284 COGNITIONE
2150 210 2361 278 VERE
2402 221 2605 279 VITA'I.

3483 229 3625 292 £030

2046 353 2207 408 porco
2235 339 2434 416 mundo
2465 339 2635 396 sancti
2676 345 2950 416 utanentes
2997 341 3165 416 Deum
3205 343 3497 416 videbunt,
3528 359 3622 407 aut

2042 420 2192 484 extra
2224 411 2676 484 mundum__erunt.
2708 409 2762 484 Si
2793 420 2941 466 extra
2972 413 3224 469 mundum
3253 409 3623 484 fuerintftunc

2042 483 2182 534 nulla
2206 481 2503 536 elementali
2535 482 2752 536 materia
2783 491 2984 538 stantes
3010 484 3092 539 vel
3124 485 3372 542 sedentes
3403 481 3621 546 susten-

2039 559 2237 616 tantur,
2267 552 2384 620 quia
2416 552 2614 605 nullum
2644 553 2962 606 elementum
3007 563 3154 610 extra
3185 559 3437 612 mundum
3465 575 3617 614 com-

2039 624 2314 697 probatur.
2345 622 2443 689 Qui
2470 624 2626 697 enini
2646 632 2838 697 terram
2864 625 2945 697 vel
2976 640 3163 693 aquam
3194 627 3261 681 ibi
3285 644 3404 683 esse
3423 630 3612 697 credit,

2039 693 2198 763 nimis
2233 701 2475 763 terrenus
2505 703 2556 747 ct
2597 692 2767 746 fluxus
2796 692 3092 763 desipitisi
3121 706 3295 752 autem
3328 716 3504 756 aerem
3534 692 3617 757 vel

2038 762 2215 833 ignem
2259 762 2326 816 ibi
2352 779 2468 817 esse
2495 764 2784 834 arbitratur
2803 807 2816 828 ,
2845 762 3076 834 graviter
3101 783 3129 820 a
3158 768 3451 824 mobilitate
3477 773 3615 828 aeris

2037 842 2090 887 et
2119 835 2254 904 ignis
2285 834 2396 911 ipse
2429 833 2706 911 instabilis,
2741 833 2924 911 irrisus
2965 849 3316 911 computatur.
3359 841 3497 911 Ergo
3523 859 3616 898 ex-

2039 911 2115 957 tra
2146 905 2398 957 mundum
2431 905 2567 957 nulla
2595 907 2851 959 materiali
2896 922 2954 961 re
2998 905 3302 974 fulciuntttr,
3343 905 3613 968 ubi‘nulla

2037 975 2316 1048 invenitur.
2362 975 2414 1029 Si
2447 985 2647 1048 autem
2673 976 2721 1029 in
2774 976 2874 1032 hoc
2904 978 3099 1032 mundo
3142 989 3317 1048 erunt,
3368 982 3613 1038 similiter

2036 1046 2167 1099 nulli
2199 1047 2462 1100 elemento
2500 1045 2738 1100 localiter
2769 1048 2958 1101 stando
2995 1050 3082 1103 vel
3111 1045 3348 1106 sedendo
3385 1053 3614 1110 inhaere-

2036 1115 2341 1207 bunthquia
2370 1117 2840 1207 aequa-les'Angeii‘s
2877 1128 3032 1200 erunt
3060 1120 3077 1188 (
3100 1119 3454 1205 Manius-xu,

2035 1185 2166 1264 Cum
2201 1187 2354 1256 igitur
2382 1187 2680 1264 sttirituaies
2714 1185 2868 1264 'sint,
2892 1189 2941 1241 in
2981 1185 3189 1264 suntme
3230 1193 3416 1261 spiritu
3439 1185 3606 1264 'spiri-

2034 1259 2266 1321 tualiter,
2300 1273 2401 1311 non
2432 1259 2671 1313 localiter
2699 1260 3004 1313 manebunt.
3037 1260 3204 1315 Porro
3239 1259 3452 1318 illorum
3481 1259 3607 1320 eor-

2036 1340 2220 1397 po'rnm
2251 1330 2437 1398 gloria,
2469 1344 2570 1383 non
2601 1330 2838 1395 ratione,
2869 1331 2961 1384 sed
2992 1331 3101 1385 sola
3133 1333 3234 1387 fide
3259 1344 3339 1388 est
3363 1345 3607 1392 contem-

2036 1399 2247 1480 planda.
2288 1398 2565 1480 (tt)‘|5runt
2586 1402 2786 1480 quipr
2814 1410 2936 1455 tunc
2964 1402 3050 1480 illa
3077 1418 3300 1480 corpora
3324 1414 3380 1460 ut
3399 1409 3606 1464 animus

2036 1470 2216 1551 agilia.
2239 1470 2393 1551 utsol
2422 1471 2721 1551 perspicua.
2749 1471 2914 1538 Quam
2943 1473 3050 1551 cito
3069 1470 3208 1526 enim
3241 1491 3377 1530 nunc
3399 1478 3606 1533 animus

2035 1541 2100 1615 ab
2131 1540 2424 1615 Orientein
2453 1540 2810 1615 Occidentem
2838 1542 3157 1612 cogitatione
3200 1547 3460 1615 pervenit,
3495 1557 3604 1602 tam

2034 1611 2140 1685 cito
2170 1620 2300 1685 tunc
2337 1611 2464 1685 illud
2503 1627 2696 1685 corpus
2745 1613 2867 1665 illuc
2913 1611 3456 1685 pervenire—poterit.
3495 1619 3606 1673 Hoc

2035 1679 2158 1752 hinc
2187 1683 2468 1752 colligitur,
2502 1679 2642 1751 quod
2673 1679 2991 1737 resurrectio
3030 1686 3082 1738 in
3115 1679 3388 1743 ictu-oculi
3431 1689 3604 1748 flenda
3669 1707 3672 1710 ί

2034 1751 2226 1821 legitur
2254 1751 2444 1821 (I'Cor.
2478 1769 2564 1812 xv,
2613 1754 2726 1823 5‘2).
2760 1754 2894 1806 lctus
2936 1763 3110 1809 autem
3160 1758 3297 1812 oculi
3348 1767 3446 1822 est,
3497 1775 3604 1814 non

2032 1823 2174 1899 quod
2200 1825 2385 1899 oculus
2405 1824 2659 1899 aperitur,
2690 1824 2943 1899 sedquod
2971 1835 3159 1894 aperto
3187 1828 3342 1882 oculo
3364 1829 3602 1899 objcetus

2032 1892 2165 1963 lucis
2189 1894 2367 1948 radius
2391 1895 2733 1963 conspicitur.
2762 1892 2864 1949 Sed
2889 1892 3071 1949 revera
3099 1905 3300 1951 tantum
3323 1892 3496 1954 differt
3517 1914 3605 1956 ve-

2032 1961 2219 2018 locitas
2245 1965 2380 2037 illius
2413 1961 2748 2037 corporiset)
2779 1965 2883 2019 ictu
2914 1967 3051 2028 oculi
3075 2007 3089 2032 ,
3132 1978 3385 2037 quantum
3411 1986 3441 2024 a
3480 1986 3602 2026 cor-

2031 2048 2160 2102 pore
2190 2035 2396 2103 agilitas
2424 2035 2604 2088 animi.
2637 2034 2801 2108 ilujos
2838 2037 2994 2090 etiam
3026 2034 3264 2108 corporis
3285 2040 3501 2096 claritas
3520 2045 3604 2098 est

2032 2112 2195 2181 tanta,
2235 2113 2428 2181 quanta
2475 2114 2524 2159 et
2573 2105 2823 2181 spiritus;
2865 2122 2968 2160 non
2990 2105 3257 2181 ⁸ριιίιῐιρδι
3286 2109 3383 2164 hoc
3411 2123 3605 2181 Corpus

2029 2177 2220 2250 animae
2273 2177 2442 2239 oneri,
2497 2177 2610 2250 sed
2637 2177 2833 2250 decori,
2865 2177 3005 2246 quod
3057 2179 3201 2233 nulla
3246 2177 3605 2250 corruptibilis

2031 2247 2198 2320 moles
2223 2256 2491 2320 aggravat,
2520 2247 2612 2301 sed
2645 2247 2783 2320 quod
2813 2250 3064 2320 angelica:
3095 2259 3298 2304 natura:
3325 2247 3601 2320 aequalitas

2033 2313 2244 2385 levigat.
2261 2313 2681 2393 ilujusquoquc
2708 2313 2918 2372 claritas
2949 2327 3149 2372 tantum
3173 2323 3338 2375 solem
3362 2313 3600 2393 excellit,

2031 2397 2282 2460 quantum
2338 2389 2412 2439 sol
2449 2389 2496 2439 in
2537 2389 2776 2460 claritate
2812 2398 3050 2460 nostrum
3095 2404 3286 2458 corpus
3325 2389 3598 2460 praecellit;

2031 2454 2119 2509 Sol
2146 2459 2286 2511 enim
2318 2466 2401 2510 est
2421 2473 2612 2526 corpus
2640 2459 2964 2520 insensibile,
3001 2468 3054 2512 et.
3083 2454 3598 2529 quamvis-immute-

2034 2534 2139 2599 tur,
2188 2535 2363 2581 tamen
2399 2544 2664 2596 nunquam
2695 2529 3076 2594 vivificabitur;
3107 2546 3301 2599 corpus
3325 2541 3502 2587 autem
3539 2533 3605 2588 ιι-

2030 2595 2117 2684 iud
2150 2595 2536 2684 eritmsensibile‘,
2566 2599 2826 2684 vitale,"et
2856 2595 3227 2684 intellectuale.
3250 2602 3411 2684 igitur
3431 2619 3601 2674 quan-

2030 2673 2140 2719 tum
2171 2668 2594 2744 diﬂertsi,iiritiis
2623 2669 2992 2744 intellectualis
3012 2673 3095 2744 ab
3130 2687 3254 2726 aere
3276 2668 3597 2744 insensibili,

2031 2745 2234 2861 talntlum
2265 2739 2441 2861 iiiiiert
2483 2740 2734 2809 praeclara
2768 2741 2980 2796 claritas
3008 2741 3149 2796 illius
3174 2744 3413 2814 corporis
3435 2758 3463 2798 a
3485 2739 3599 2800 cla;

2031 2824 2073 2861 ri
2101 2824 2126 2861 a
2156 2828 2184 2861 e
2208 2824 2266 2861 so
2293 2824 2353 2861 IS.

2029 2819 2184 2863 ritate
2208 2819 2353 2863 solis.
3601 2849 3606 2852 .

2100 2877 2327 2953 CAPU’l:
2364 2879 2547 2936 XLVI.
2580 2880 2658 2953 De
2677 2881 2840 2952 gloria
2868 2883 3120 2938 communi
3151 2900 3211 2939 ac
3236 2885 3441 2953 speciali
3467 2885 3607 2942 San-

2031 2957 2241 3003 ctorum.
2285 2951 2420 3005 llinc
2466 2951 2692 3021 qua‘stio
2739 2969 2842 3006 non
2886 2955 3103 3007 minima
3162 2951 3411 3017 occurrit.
3463 2955 3602 3015 Cum

2030 3022 2170 3073 enim
2188 3022 2450 3098 Dominus
2479 3022 2636 3098 dicat,
2686 3021 2974 3098 Fuigebunt
2983 3026 3113 3095 justi
3137 3027 3264 3098 sicut
3282 3026 3360 3098 soi
3386 3023 3598 3098 (Matth.

2031 3104 2146 3166 xui,
2175 3090 2301 3166 ιδῃ
2331 3099 2383 3145 et
2409 3092 2718 3166 Apostolus,
2751 3090 2866 3166 Atia
2903 3090 3106 3166 ciui-itu
3131 3097 3270 3159 solis,
3297 3090 3402 3150 alia
3441 3097 3593 3166 (ante,

2031 3160 2134 3212 alta
2160 3161 2438 3213 stellarum.
2474 3162 2636 3214 Stella
2665 3164 2727 3215 ab
2751 3165 2898 3216 stella
2937 3164 3107 3230 differt
3143 3167 3194 3218 in
3228 3167 3500 3232 claritate;
3527 3160 3606 3224 sic

2032 3240 2077 3282 et
2107 3232 2399 3284 resurrectio
2425 3240 2731 3284 mortuorum
2754 3233 2797 3300 (l
2827 3232 2941 3286 Cor.
2967 3250 3053 3300 xv,
3079 3235 3168 3301 4i)
3195 3252 3210 3290 :
3232 3236 3440 3291 videtur
3458 3239 3606 3301 Apo-

2032 3254 2077 3282 ει
2107 3254 2399 3284 rcsurrt’cuu
2425 3254 2731 3284 mortuarum
2754 3254 2797 3300 μ
2827 3254 2941 3286 hor.
2967 3254 3053 3300 xv,
3079 3254 3168 3301 4-1)
3195 3254 3210 3290 ζ
3232 3254 3440 3291 νιαειιιτ
3458 3254 3500 3292 Α
3543 3254 3600 3294 ο-

2030 3301 2199 3377 stolus
2230 3301 2452 3377 Domino
2480 3303 2806 3356 contrarium
2837 3305 3054 3377 sentire,
3086 3305 3333 3377 videlicet
3355 3323 3490 3377 quos
3509 3254 3600 3365 llic

2030 3372 2174 3427 velut
2193 3372 2360 3444 solem
2383 3373 2584 3441 fulgere
2613 3382 2837 3438 asserat,
2868 3374 2954 3428 ille
2980 3375 3235 3444 quosdam
3258 3372 3400 3432 velut
3425 3375 3602 3433 diver-

2032 3457 2119 3519 sas
2142 3443 2339 3519 stellas,
2363 3444 2882 3519 aliosvelutlunam,
2913 3443 3045 3500 alios
3069 3447 3213 3519 velut
3234 3448 3400 3504 solem
3423 3450 3603 3519 splen-

2031 3512 2158 3593 dere
2186 3513 2443 3566 adstruat.
2476 3513 2578 3568 Sed
2607 3515 2880 3593 sciendum
2908 3526 3009 3583 est,
3040 3517 3180 3593 quod
3213 3512 3468 3593 Dominus
3490 3520 3604 3591 glo.

2029 3586 2163 3637 riam
2199 3593 2498 3657 sanctorum
2531 3586 2847 3657 generaliter
2873 3589 3161 3655 expressit,
3196 3586 3604 3657 Apostolusau-

2032 3663 2138 3708 tem
2175 3655 2500 3724 singulorum
2532 3656 2752 3723 gloriam
2796 3671 2892 3724 pro
2932 3659 3134 3711 meritis
3170 3655 3428 3713 distinxit.
3461 3659 3600 3715 Ulti-

2032 3742 2298 3798 musergo
2326 3726 2377 3798 in
2407 3740 2570 3793 regno
2601 3728 2857 3780 canorum
2891 3737 2946 3798 ut
2983 3729 3061 3798 s_ol
3089 3727 3325 3795 fulgebit,
3351 3731 3440 3798 qui
3473 3739 3599 3787 tunc

2033 3794 2446 3869 septiesclarior
2476 3810 2632 3863 quam
2673 3811 2812 3869 nunc
2842 3797 2950 3869 erit
2975 3795 3122 3869 (Istii.
3154 3794 3277 3859 xxx,
3309 3794 3422 3869 26).
3454 3799 3520 3853 Et
3547 3801 3599 3855 in

2034 3864 2131 3919 hac
2157 3866 2393 3919 claritate
2422 3873 2624 3936 tantum
2650 3865 2870 3936 quisque
2905 3864 3112 3920 ab'alio
3142 3882 3238 3936 pro
3269 3864 3471 3923 meritis
3496 3869 3600 3924 dif-

2035 3936 2178 3998 fert,
2217 3945 2470 4002 quantum
2511 3934 2661 3987 stella
2711 3935 2777 3987 ab
2822 3936 2974 3989 stella
3022 3938 3072 3989 iu
3121 3934 3358 3993 claritate
3399 3939 3598 3997 differt.

2034 4006 2137 4059 Alii
2183 4015 2358 4078 autem
2417 4003 2513 4078 iios
2551 4005 2688 4078 item
2739 4004 2964 4078 diversa:
3010 4007 3267 4078 claritatis
3316 4010 3479 4078 gloria
3530 4013 3602 4067 ita

2034 4075 2362 4144 prtccellunt,
2390 4074 2523 4128 sicut
2551 4074 2735 4128 lucifer
2759 4076 3009 4143 pleiades,
3042 4077 3164 4131 luna
3195 4074 3492 4145 luciferum,
3521 4084 3602 4137 sol

2033 4147 2210 4199 lunam
2243 4146 2479 4200 claritate
2509 4145 2790 4199 excellunt.
2832 4146 2938 4200 Nos
2979 4157 3153 4202 autem
3189 4165 3375 4204 omnes
3402 4161 3602 4208 tantum

2034 4232 2226 4288 corpus
2255 4216 2447 4270 Christi
2478 4217 2526 4269 in
2567 4217 2805 4270 claritate
2826 4218 3060 4285 excedit,
3103 4231 3354 4287 quantum
3384 4222 3606 4279 Creator

2034 4299 2331 4341 creaturam
2357 4288 2679 4341 transcendit
2703 4303 2717 4352 ;
2752 4288 2889 4342 unde
2916 4298 2970 4343 et
2996 4291 3046 4342 in
3073 4290 3286 4345 dextera
3316 4293 3406 4346 Dei
3435 4293 3606 4351 Patris

2035 4358 2219 4412 sedere
2249 4359 2495 4411 scribitur
2521 4357 2735 4429 (Coloss.
2765 4375 2838 4423 ιιι,
2877 4356 2951 4480 12,
2983 4361 3102 4428 quia
3135 4361 3184 4414 in
3208 4363 3374 4432 gloria
3409 4363 3604 4420 divitia:

2035 4430 2327 4480 maiestatis
2373 4429 2568 4480 fnltzere
2610 4429 2862 4480 creditur.
2928 4431 3068 4480 uitur
3108 4431 3226 4480 talis
3253 4433 3384 4480 visio
3410 4443 3462 4480 ni
3492 4436 3604 4480 istqu

2035 4430 2327 4498 majestatis
2373 4429 2568 4497 fulgere
2610 4429 2862 4483 creditur.
2905 4429 3068 4499 igitur
3108 4429 3233 4485 talis
3253 4433 3384 4487 visio
3410 4443 3462 4488 et
3492 4436 3608 4491 talis

2035 4501 2204 4582 gloria
2220 4514 2440 4580 regnum
2469 4499 2734 4582 coelprum
2754 4499 2966 4565 dicitur,
2995 4502 3114 4569 quia
3142 4502 3237 4555 soli
3260 4505 3399 4582 creti,
3423 4503 3475 4557 id
3503 4515 3606 4570 est,

2032 4569 2159 4639 justi
2191 4570 2289 4622 hac
2328 4570 2532 4622 visione
2563 4569 2842 4634 fruuntur;
2891 4585 3113 4637 quorum
3146 4574 3418 4639 prazmium
3465 4569 3611 4628 sum;

2036 4655 2180 4713 mum
2207 4649 2289 4713 est
2316 4639 2539 4713 bonum,
2573 4639 2624 4691 in
2650 4654 2764 4713 quo
2795 4639 2990 4694 habent
3017 4641 3230 4710 plenum
3268 4643 3517 4713 gaudium
3542 4643 3612 4703 de

2037 4709 2374 4779 plenitudine
2386 4709 2626 4779 omnium
2649 4710 2926 4779 bonorum.

2107 4780 2333 4834 CAPUT
2355 4778 2742 4851 Χιλκᾜηριιοά
2761 4781 2922 4834 sancti
2947 4797 3046 4834 non
3079 4781 3140 4834 de
3167 4781 3500 4851 sensibilibus,
3523 4785 3614 4841 sed

2039 4851 2101 4904 de
2121 4866 2314 4904 summa
2337 4853 2463 4901 bono
2485 4849 2798 4903 delicieutur.
2822 4851 3015 4906 Cossum
3033 4852 3288 4906 caelorum.
3311 4849 3497 4909 Caleno
3514 4857 3614 4910 vir-

2041 4931 2221 4975 tutum.
2245 4919 2590 4973 Concluditur
2611 4919 2808 4988 itaque,
2827 4924 2964 4989 quod
2988 4938 3013 4976 s
3031 4922 3157 4976 meti
3180 4939 3282 4978 non
3301 4925 3366 4980 de
3386 4927 3616 4982 sensibi-
3692 4928 3701 4960 ῖ

2040 4992 2177 5046 libus
2206 4991 2362 5046 rebus
2392 4991 2722 5064 deiicientur,
2754 4991 2845 5064 sed
2878 5006 2934 5047 se
2966 4994 3016 5046 in
3048 5007 3257 5048 summo
3290 4995 3431 5050 bono
3459 5011 3614 5064 esse,

2041 5072 2094 5117 et
2137 5077 2348 5116 summo
2399 5061 2537 5114 bono
2569 5063 2617 5114 in
2667 5063 2810 5115 omni
2857 5077 3097 5118 creatura
3136 5075 3190 5120 et
3223 5073 3372 5121 extra
3403 5061 3616 5123 omnem

2041 5142 2334 5207 creaturam
2359 5131 2583 5186 videndo
2607 5130 2703 5185 frui
2729 5133 3046 5207 glorientur.
3075 5135 3131 5189 Si
3163 5138 3300 5191 enim
3329 5136 3617 5207 quidquam

2043 5206 2218 5278 minus
2247 5219 2402 5278 quam
2435 5219 2698 5257 summum
2727 5205 2921 5258 bonum
2955 5206 3005 5258 in
3045 5207 3262 5276 praemio
3294 5205 3617 5278 acciperent,

2042 5274 2213 5349 adhuc
2255 5273 2370 5342 plus
2406 5283 2757 5349 appeterent;
2781 5284 2857 5349 _et
2897 5273 3230 5349 consequens
3268 5273 3438 5342 esset,
3479 5273 3621 5349 quod

2043 5346 2256 5415 plemun
2288 5344 2532 5414 gaudium
2566 5359 2668 5397 non
2711 5343 2984 5400 haberent.
3015 5343 3120 5402 Sed
3146 5363 3265 5402 cum
3293 5343 3618 5406 constet-eos

2044 5416 2254 5484 plenum
2305 5416 2839 5490 gandium‘luihcre,
2885 5419 3188 5490 necessario
3220 5421 3479 5490 sequitur
3529 5435 3622 5477 eos

2044 5501 2308 5560 summum
2339 5488 2546 5560 bonum
2565 5486 2728 5560 Deum
2758 5485 2953 5541 habere
2972 5529 2995 5560 ,ί
3012 5497 3063 5543 ct
3093 5489 3158 5543 de
3183 5489 3295 5560 ejus
3321 5485 3584 5545 affluentia
3604 5531 3622 5558 ,

2045 5557 2376 5628 plenitudine
2405 5558 2641 5612 Omnium
2666 5558 2928 5612 bonorum
2951 5557 3242 5618 abundare.
3275 5561 3498 5629 Quando
3521 5557 3623 5620 att?

2116 5691 2189 5756 (α)
2225 5699 2291 5744 tta
2313 5691 2542 5744 Eiucidar.
2567 5691 2652 5744 lib.
2677 5692 2726 5754 δ,
2749 5704 2857 5756 cap.
2882 5692 2962 5744 to.
