4094 6202
470 211 482 223 ³
519 227 657 289 rost

519 353 630 402 tem
657 339 850 398 coelum
892 337 1152 396 calorum
1176 334 1390 408 legitur,
1417 333 1530 408 ipse
1562 333 1705 408 Deus
1741 331 2087 404 intelligitur;

517 416 642 486 quia
669 410 791 486 coeli
810 410 910 486 vel
918 410 1044 481 justi
1075 409 1126 464 in
1152 405 1465 486 abscondito
1489 405 1640 486 faciei
1673 419 1800 486 suae‘
1813 413 2093 486 aperitur-

517 471 733 560 batione
771 471 1043 560 hominum
1080 480 1328 560 celantur
1379 475 1567 560 (Psall.
1596 475 1832 560 sxum-gl
1862 471 1906 544 ).
1949 473 2098 560 [inde

519 541 786 620 scribitur,
799 551 1046 605 (labentes
1071 550 1359 604 thesaurum
1383 541 1434 602 in
1463 547 1593 620 caelo
1610 545 1689 618 (Μ
1694 545 1823 620 atth.
1847 541 1961 620 mg,
1979 541 2094 615 21),

519 625 624 680 hoc
653 633 750 688 est,
774 616 838 677 'in
869 622 995 677 Deo.
1045 621 1122 674 Ad
1151 621 1251 676 hoc
1279 634 1545 674 summum
1585 616 1780 688 bonum
1805 616 1935 688 justi
1969 629 2098 688 qua-

519 695 643 752 dam
691 685 875 748 catena
923 691 1224 758 trahuntttr,
1256 706 1375 760 qua:
1404 689 1471 744 de
1497 687 1778 742 virtutibus
1808 685 1909 760 hoc
1939 685 2098 760 modo

519 764 870 821 connectitur.
920 761 978 816 In
1027 754 1382 833 primisilides
1419 759 1649 814 animam
1689 758 1839 833 quasi
1883 754 2095 833 quidam

517 835 750 892 circulus
790 825 1180 903 complectitur,
1210 831 1330 888 ﬁdei
1356 845 1481 903 spes
1505 825 1827 903 annectitur,
1855 825 1979 896 spes
2007 825 2092 878 di-

519 905 747 961 lectione
774 898 1004 971 tenetur,
1034 898 1248 959 dilectio
1275 898 1585 973 operatione
1615 898 1884 973 expletur,
1908 911 2098 973 opera-

1957 211 2321 277 APPENDIX.

2196 333 2323 390 boni
2373 327 2765 402 perseverantia
2821 325 3083 402 clauditur
3107 369 3123 393 ,
3160 325 3593 402 perseverantiae
3642 327 3812 384 Deus

2200 403 2321 459 fons
2341 397 2578 458 omnium
2606 401 2866 455 bonorum
2897 399 3128 453 dabitur.
3160 397 3323 467 Igitur
3353 399 3440 467 qui
3473 401 3572 453 hac
3602 409 3814 454 catena

3653 205 3820 273 itm

2204 483 2427 540 tractus,
2459 473 2596 528 hanc
2626 470 2814 527 turrim
2854 469 3115 524 scandens
3141 469 3352 523 culmen
3385 469 3502 538 ejus
3531 470 3808 540 attigerit,

2204 561 2307 600 non
2331 539 2499 599 solum
2532 558 2590 598 se
2620 556 2799 598 veram
2827 541 2990 594 vitam
3019 555 3364 609 cognoscere,
3390 539 3482 594 sed
3515 550 3570 594 et
3600 539 3811 608 peren-

2207 618 2344 669 niter
2371 617 2420 669 in
2442 631 2502 670 ea
2537 614 2692 669 beate
2717 614 2896 668 vivere
2922 628 2980 666 se
3005 611 3297 682 gaudebit;
3330 612 3452 681 quia
3479 611 3531 674 in
3555 627 3618 666 ca
3642 611 3815 680 hujus

2206 685 2392 757 gloriae
2417 700 2639 757 consors
2665 685 2789 757 erit.

2280 756 2420 812 DISC.
2459 755 2609 811 Vera:
2634 756 2752 810 vita:
2780 764 2833 810 et
2859 754 3098 808 omnium
3128 752 3284 808 beate
3313 752 3602 807 viventium
3629 750 3799 806 faciat

2208 834 2262 882 te
2288 826 2427 882 Deus
2453 826 2782 896 participem,
2815 825 2904 895 qui
2937 840 3038 881 nos
3077 838 3266 880 omnes
3295 823 3362 878 ad
3391 838 3653 879 summum
3699 822 3810 879 bo-

2211 912 2339 953 num
2366 897 2642 969 perducat.
2675 897 2869 952 Amen.

518 976 595 1032 tio
640 975 933 1031 intentione
964 966 1016 1029 in
1057 966 1327 1029 summum
1369 975 1564 1028 bonum
1596 966 1842 1035 trahitur,
1871 966 2100 1023 intentio

1365 1235 1816 1302 ADMONITIO
1857 1236 1938 1298 IN
1981 1233 2605 1308 SUBSEQUENTEM
2642 1231 2967 1296 LIBRUM.

595 1406 756 1466 Liber
784 1408 852 1467 de
879 1408 996 1466 Vita
1021 1409 1306 1466 christiana
1332 1408 1443 1480 jam
1469 1417 1592 1465 ante
1621 1408 1825 1479 parenti
1854 1422 1952 1462 suo
1978 1406 2255 1461 restitutus
2279 1404 2380 1461 fuit
2408 1420 2506 1475 per
2532 1405 2732 1460 Lucam
2762 1404 3117 1471 Holstenium,
3145 1405 3236 1475 qui
3264 1419 3455 1460 novam
3483 1419 3543 1474 ac
3573 1403 3817 1476 singula-

527 1516 645 1559 rem
683 1501 922 1572 ejusdem
954 1502 1074 1557 libri
1103 1501 1388 1557 editionem
1427 1500 1494 1556 ad
1536 1509 1687 1556 vetus
1710 1498 1983 1568 exemplar
2022 1496 2328 1552 Casinensis
2373 1498 2680 1552 monasterii
2712 1537 2726 1560 ,
2761 1498 2812 1551 in
2843 1513 2948 1567 quo
2982 1496 3200 1552 Fastidii
3242 1497 3456 1550 nomine
3495 1496 3815 1566 inscriptum

531 1595 772 1665 reperit,
821 1594 1193 1666 perﬁciendam
1237 1593 1442 1649 curavit
1481 1592 1733 1646 Romanis
1766 1591 1934 1662 typis,
1973 1605 2114 1644 anno
2145 1587 2302 1644 1665.
2335 1589 2607 1644 Casinensi
2638 1589 2928 1659 exemplari
2961 1587 3114 1643 [idem
3154 1591 3627 1666 auctoritatemque
3655 1589 3818 1644 affert

527 1663 837 1742 Gennadius
863 1730 874 1752 ,
904 1686 971 1742 de
1001 1685 1234 1742 Fastidio
1258 1693 1312 1740 et
1337 1685 1455 1754 ejus
1487 1683 1938 1739 lucubrationibus
1965 1683 2018 1736 in
2045 1681 2180 1736 libro
2203 1679 2271 1734 de
2303 1680 2662 1750 Scriptoribus
2691 1681 3076 1736 Ecclesiasticis
3101 1723 3114 1748 ,
3143 1696 3258 1751 cap.
3292 1682 3358 1736 56
3383 1723 3400 1746 ,
3433 1663 3516 1735 ita
3538 1682 3766 1751 loquens
3795 1699 3812 1737 :

540 1796 558 1830 ι
587 1777 852 1834 Fastidius
881 1778 1049 1832 Britto
1077 1777 1290 1848 scripsit
1314 1777 1378 1831 ad
1405 1775 1640 1831 Fatalem
1672 1774 1738 1829 de
1768 1774 1883 1828 Vita
1908 1773 2195 1828 christiana
2221 1772 2438 1840 librum,
2464 1782 2518 1828 et
2542 1773 2702 1829 alium
2728 1774 2797 1828 de
2819 1773 3082 1829 Viduitate
3106 1773 3386 1838 servanda,
3416 1790 3543 1828 sana
3571 1785 3624 1828 et
3649 1774 3815 1844 digna

523 1868 785 1925 doctrina.
833 1887 853 1922 ι
895 1869 1151 1924 Gennadii
1200 1867 1359 1922 verba
1401 1875 1523 1920 sunt
1572 1882 1636 1922 ex
1666 1865 2027 1920 vetustissimo
2055 1861 2362 1920 Corbeiensi
2392 1864 2574 1918 codice
2602 1863 2908 1933 descripta;
2941 1880 3058 1935 qua:
3086 1865 3294 1935 quidem
3329 1867 3378 1919 in
3408 1866 3564 1920 editis
3596 1881 3700 1919 non
3733 1866 3816 1921 sic

523 1974 658 2034 pura
689 1961 954 2028 leguntur,
996 1959 1089 2014 sed
1131 1959 1269 2013 male
1309 1958 1618 2028 interpolata
1649 1957 1857 2012 duobus
1897 1956 2132 2012 tribusve
2162 1957 2291 2011 locis
2321 1975 2334 2012 :
2362 1957 2566 2012 scilicet
2596 1976 2615 2009 ‹
2648 1957 2714 2012 ad
2751 1957 2988 2013 Fatalem
3033 1958 3317 2027 quemdam
3355 1978 3372 2011 ι
3403 1960 3634 2028 scriptus
3674 1959 3813 2014 liber

524 2049 719 2106 dicitur
745 2051 796 2104 in
822 2049 1082 2106 Gennadii
1112 2049 1421 2118 impressis;
1452 2062 1611 2118 quem
1652 2056 1829 2102 tamen
1859 2063 1962 2100 non
2003 2046 2069 2101 ad
2097 2047 2268 2102 virum
2290 2087 2305 2113 ,
2339 2046 2432 2102 sed
2473 2048 2537 2102 ad
2579 2047 2789 2102 viduam
2830 2048 3114 2118 quamdam
3157 2049 3416 2105 directum
3456 2066 3574 2105 esse
3606 2051 3808 2121 liquet;

523 2150 895 2214 praetereaque
921 2141 973 2196 in
1002 2140 1190 2194 iisdem
1217 2139 1489 2208 impressis
1515 2138 1662 2192 libris
1686 2137 1944 2207 judicium
1971 2137 2229 2192 Gennadii
2257 2153 2363 2192 uno
2389 2137 2596 2208 adjecto
2621 2139 2787 2193 verbo
2813 2139 3074 2195 illustrius
3105 2141 3277 2209 longe,
3307 2142 3388 2196 vel
3417 2143 3584 2212 magis
3610 2142 3812 2213 (dicere

523 2233 705 2307 liceat)
748 2235 976 2304 ineptius
1005 2234 1245 2289 redditur
1274 2234 1324 2288 in
1359 2233 1498 2287 hunc
1524 2232 1740 2286 modum
1779 2247 1791 2283 :
1823 2249 1841 2282 ι
1870 2229 2008 2285 Sana
2038 2237 2093 2284 et
2124 2231 2234 2285 Deo
2262 2229 2422 2300 digna
2451 2230 2714 2286 doctrina.
2750 2251 2769 2284 ι
2816 2231 3102 2288 Enimvero
3133 2231 3426 2288 Fastidium
3459 2234 3651 2304 Pelagii
3678 2248 3811 2288 con-

529 2325 766 2380 terranei
790 2324 873 2380 sui
901 2324 1092 2380 haeresi
1125 2323 1390 2379 addictum
1420 2322 1583 2378 fuisse
1609 2337 1712 2377 non
1742 2330 1945 2376 temere
1973 2321 2309 2390 suspicantur
2334 2322 2524 2375 eruditi
2566 2323 2682 2376 viri.
2716 2322 2846 2378 Nam
2873 2323 2939 2379 de
2975 2324 3177 2379 Adamo
3207 2326 3259 2379 in
3294 2324 3452 2395 hujus
3481 2325 3597 2380 libri
3636 2325 3810 2395 capite

525 2413 597 2472 15
621 2416 697 2471 sic
726 2415 994 2486 loquitur:
1025 2434 1044 2467 ι
1075 2415 1130 2470 in
1157 2429 1262 2486 quo
1292 2415 1420 2469 nihil
1453 2412 1613 2468 fuisse
1639 2413 2021 2468 incredulitatis
2047 2413 2280 2479 invenio,
2313 2422 2506 2482 pra'ter
2529 2413 2696 2467 solam
2729 2414 3166 2482 inobcdientiam,
3192 2417 3344 2486 cujus
3388 2432 3545 2471 causa
3590 2417 3677 2472 ille
3713 2419 3812 2472 da-

525 2518 740 2568 mnatus
764 2518 865 2576 est,
880 2517 1136 2564 etomnes
1156 2522 1254 2563 suo
1269 2507 1584 2562 damnantur
1612 2505 1908 2574 exemplo.»
1937 2503 2054 2575 Ipse
2078 2513 2160 2559 cst
2183 2503 2378 2575 Pelagii
2409 2519 2558 2559 error
2577 2505 2837 2574 docentis,
2865 2507 2994 2562 Adae
3017 2517 3288 2578 peccatum
3316 2510 3541 2580 posteris
3562 2510 3810 2581 exemplo

527 2601 775 2660 nocuisse
799 2643 815 2669 ,
847 2616 953 2656 non
985 2601 1209 2655 transitu
1228 2641 1244 2666 ,
1276 2608 1332 2653 ut
1362 2598 1413 2654 in
1441 2598 1666 2668 cpistola
1698 2597 1765 2652 ad
1803 2595 2192 2653 Demetriadem
2215 2638 2232 2665 ,
2261 2598 2312 2650 in
2337 2597 2644 2667 Appendice
2673 2615 2892 2669 operum
2923 2601 3201 2671 Augustini
3235 2620 3247 2656 :
3281 2617 3437 2672 quem
3467 2601 3807 2673 Pelagianum

534 2708 772 2750 errorem
805 2692 1125 2764 Augustinus
1155 2705 1297 2761 Saepe
1325 2689 1690 2760 reprehendit.
1726 2687 1854 2755 Quae
1880 2688 2038 2742 etiam
2065 2686 2152 2741 hic
2176 2686 2443 2742 habentur
2474 2687 2527 2742 in
2549 2689 2723 2758 capite
2750 2691 2836 2755 II,
2875 2708 2894 2741 ι
2927 2691 3021 2745 Ille
3045 2691 3187 2745 enim
3215 2692 3404 2746 merito
3430 2691 3497 2746 ad
3523 2694 3685 2747 Deum
3707 2709 3808 2749 ex-

523 2785 662 2840 tollit
690 2797 897 2848 manus,
928 2783 1015 2836 ille
1043 2795 1229 2852 preces
1253 2781 1406 2834 bona:
1431 2778 1772 2834 conscientia:
1801 2777 2004 2843 fundit,
2037 2778 2127 2847 qui
2161 2785 2335 2846 potest
2361 2777 2570 2844 dicere,
2605 2778 2685 2833 Tu
2715 2779 2890 2847 nosti,
2920 2779 3174 2848 Domine,
3206 2797 3365 2852 quam
3393 2792 3616 2849 sanctzn,
3648 2799 3806 2854 quam

525 2876 864 2940 innocentes,
915 2889 1072 2944 quam
1103 2887 1247 2943 purae
1273 2879 1397 2926 sunt
1424 2871 1490 2926 ab
1519 2871 1664 2925 omni
1691 2869 1875 2924 fraude
1898 2878 1951 2925 et
1971 2868 2160 2940 injuria
2180 2877 2234 2923 et
2255 2868 2458 2939 rapina,
2485 2886 2616 2940 quas
2638 2872 2703 2926 ad
2727 2881 2776 2926 tc
2797 2873 3040 2943 expando
3060 2890 3266 2941 manus,
3291 2891 3449 2946 quam
3471 2875 3807 2934 immaculata

532 2967 675 3024 labia
704 2974 759 3022 et
784 2967 852 3021 ab
879 2965 1026 3020 omni
1057 2963 1335 3020 mendacio
1374 2963 1564 3030 libera,
1593 2963 1784 3033 quibus
1815 2961 1927 3028 tibi,
1958 2969 2015 3015 ut
2040 2961 2170 3016 mihi
2198 2961 2520 3026 miserearis,
2555 2977 2742 3032 preces
2771 2963 2974 3032 fundo;
3009 2985 3028 3018 ι
3063 2967 3149 3021 illa
3182 2968 3294 3038 ipsa
3321 2968 3482 3024 verba
3509 2979 3662 3034 sunt,
3691 2985 3809 3040 quae

539 3057 596 3114 in
623 3058 760 3114 libro
788 3059 985 3129 Pelagii
1016 3057 1083 3112 ad
1114 3057 1324 3112 viduam
1353 3055 1642 3120 exstitisse,
1674 3063 1899 3111 testatur
1927 3053 2256 3124 Augustinus
2283 3053 2335 3108 in
2362 3055 2500 3110 libro
2529 3054 2596 3110 de
2620 3054 2798 3111 Gestis
2828 3057 3043 3128 Pelagii,
3071 3074 3189 3130 cap.
3222 3059 3276 3125 6,
3310 3076 3516 3117 necnon
3549 3062 3812 3135 Hierony-

529 3168 652 3210 mus
680 3153 735 3208 in
767 3153 922 3209 tertio
954 3152 1291 3224 Dialogorum
1322 3150 1456 3205 libro
1481 3193 1496 3218 ,
1538 3149 1627 3204 ubi
1661 3149 1725 3203 iis
1753 3149 1929 3204 verbis
1960 3147 2192 3202 recitatis
2218 3147 2524 3202 exclamat:
2557 3167 2574 3201 ι
2606 3149 2892 3205 Christiani
2922 3161 3004 3206 est
3032 3151 3146 3208 haec
3169 3195 3183 3218 ,
3221 3169 3290 3209 an
3331 3155 3585 3211 Pharisaei
3625 3173 3811 3228 super-

525 3247 724 3306 bientis
769 3246 983 3302 oratio?
1018 3264 1037 3298 ι
1074 3243 1364 3300 Fastidium
1413 3243 1789 3298 Britannorum
1836 3242 2140 3311 episc0pum
2185 3239 2442 3297 claruisse
2479 3242 2578 3298 sub
2614 3243 2852 3300 Honorio
2879 3256 2932 3300 et
2961 3245 3263 3304 Theodosio
3305 3250 3631 3320 principibus
3669 3265 3810 3306 anno

530 3342 727 3398 Christi
770 3341 896 3404 420,
937 3339 1151 3408 scripsit
1193 3337 1536 3392 Trithemius.
1579 3335 1838 3390 Gennadii
1877 3345 2053 3390 autem
2094 3336 2369 3406 exemplar
2408 3335 2733 3395 Corbeiense
2766 3355 2924 3411 supra
2968 3341 3259 3411 laudatum,
3297 3345 3532 3416 episcOpi
3579 3345 3805 3414 titulum,

532 3450 692 3506 quem
732 3433 858 3487 editi
887 3430 1119 3484 Fastidio
1151 3431 1420 3496 tribuunt,
1457 3428 1780 3496 adscriptum
1811 3443 1839 3481 a
1870 3429 2036 3498 prima
2069 3442 2228 3483 manu
2257 3445 2364 3484 non
2392 3430 2611 3500 habuit;
2644 3435 2737 3490 sed
2770 3445 2887 3507 post
2915 3454 3097 3494 vocem
3133 3458 3151 3491 ι
3191 3439 3392 3506 Britto,
3435 3461 3453 3496 ι
3487 3441 3700 3498 additus
3727 3449 3810 3498 est

532 3525 819 3582 recentiori
858 3523 1062 3577 calamo
1098 3540 1117 3574 ‹
1153 3521 1454 3590 cpiscopus.
1494 3539 1513 3570 ι
1543 3518 1759 3572 Librum
1806 3519 1944 3574 hunc
1984 3520 2304 3576 contulimus
2333 3537 2455 3579 cum
2499 3528 2663 3582 veteri
2694 3528 2878 3585 codice
2919 3529 3226 3590 Corbeiensi
3251 3575 3266 3602 ,
3298 3549 3422 3590 cum
3457 3535 3801 3606 Remigiano,

539 3613 878 3681 Michaelino,
911 3612 1179 3670 Victorino
1206 3626 1269 3665 ac
1296 3609 1502 3665 duobus
1526 3608 1849 3675 Sorbonicis,
1881 3619 1934 3665 et
1960 3626 2080 3666 cum
2108 3609 2368 3668 Ilolstenii
2399 3614 2634 3672 editione
2660 3617 2920 3676 Romana.

557 3747 3808 3782 .__._.____.__.______—____.._____________________

1169 3834 1407 3946 DE
1499 3832 1971 3945 VITA
2046 3836 3185 3960 GERISTIANA

1688 4020 2168 4130 LIBER
2260 4023 2375 4130 U‘
2361 4027 2476 4132 N
2490 4030 2694 4142 US.

1897 4209 2463 4289 ψ

612 4375 944 4464 ῌωιιὶιίευάί
963 4391 1027 4464 se
1049 4369 2132 4464 auftofifhogfnig.ggtfgozpfggglgriet
2227 4395 2321 4446 re;
2353 4381 2528 4464 adhuc
2558 4385 2793 4464 insuper_
2808 4398 2862 4444 et
2899 4391 3135 4464 omnium
3180 4392 3447 4463 redarguit
3484 4397 3803 4456 conscientia

539 4452 762 4509 ultimus
782 4490 797 4516 ,
836 4450 1427 4532 -ἰρεξρίοῐξιῇοτιςξξξετὶξν
1451 4450 1826 4532 βιξφρεξιξιιιίζς
1838 4450 2126 4532 ξιιηξχριζξίε,
2232 4463 2570 4532 peccatorum
2597 4498 2612 4521 ,
2644 4450 2700 4532 ut
2725 4459 2883 4532 etiam
2913 4461 2957 4515 si
2988 4464 3110 4530 quid
3139 4450 3365 4517 luminis"
3377 4450 3544 4532 possit
3572 4450 3765 4528 habere

538 4532 594 4579 te
622 4532 679 4602 ut
702 4511 998 4602 sanguinis
1023 4515 1314 4602 caiuslititv
1344 4515 1489 4602 viain
1512 4511 2128 4602 p_¢l:s:_l_§_.fl;¢_br_i9ri.tgys
2232 4511 2521 4602 abscondat
2549 4545 2569 4602 :_
2591 4511 2642 4581 et
2674 4528 2754 4602 ita
2775 4511 3801 4602 atafmilitet-665$'Ijtiéti'aiéé'}é°§.3.i

541 4595 767 4648 audeam
801 4589 990 4644 litteris
1029 4584 1348 4653 admonere,
1393 4600 1496 4638 non
1526 4598 1611 4636 me
1649 4584 1872 4654 propria:
1907 4586 2128 4653 justititn

540 4663 733 4719 ﬁducia
759 4703 774 4727 ,
819 4675 924 4715 non
964 4658 1239 4728 sapientiae
1267 4656 1452 4728 peritia
1477 4695 1494 4721 ,
1525 4670 1629 4728 non
1660 4655 1896 4708 scientia:
1924 4657 2087 4725 gloria
2109 4699 2124 4723 ,

540 4735 633 4788 sed
665 4724 777 4786 sola
809 4745 967 4800 quam
999 4724 1287 4784 secundum
1312 4727 1477 4780 Deum
1500 4724 1679 4800 animo
1706 4739 1768 4778 ac
1797 4724 1973 4780 mente
1995 4742 2127 4781 con-

539 4803 691 4872 cepi,
719 4795 995 4856 charitatis
1023 4809 1124 4852 tua:
1151 4812 1308 4872 causa
1335 4795 1607 4872 compellit
1634 4809 1791 4872 :_qu:e
1819 4810 1902 4849 me
1935 4812 2126 4865 pecca-

543 4866 713 4929 torem
746 4880 799 4925 et
828 4872 1067 4940 ignarum
1097 4912 1111 4933 ,
1142 4867 1208 4940 ad
1239 4867 1518 4940 dicendum
1551 4866 1621 4918 ita
1650 4866 1888 4919 hortatur
1915 4876 1967 4920 et
1999 4882 2126 4940 pro-

541 4953 719 5010 vocat,
770 4950 827 4994 ut
851 4938 990 4996 cum
1039 4938 1183 5010 loqui
1227 4939 1481 5002 nesciam,
1529 4945 1704 4990 tacere
1749 4951 1851 4990 non
1897 4939 2122 5010 possim.

540 5007 749 5069 Vellem
781 5013 955 5080 itaque
983 5018 1034 5063 et
1071 5007 1296 5063 libenter
1321 5015 1559 5080 optarem
1583 5047 1599 5070 ,
1631 5014 1682 5080 te
1711 5020 1896 5061 eorum
1927 5007 2128 5080 habere

540 5085 781 5140 notitiam
805 5075 1032 5151 quorum
1058 5085 1112 5132 et
1126 5075 1388 5151 sapientia
1409 5075 1712 5151 afﬂuentior
1734 5086 1837 5151 est,
1866 5087 1919 5132 et
1944 5078 2128 5133 facun-

541 5153 627 5210 dia
657 5147 844 5222 major,
873 5163 927 5205 et
953 5149 1169 5222 scientia
1199 5148 1434 5222 uberior,
1463 5157 1515 5201 ct
1537 5147 1859 5222 conscientia
1876 5151 1955 5222 _a_b
1979 5151 2124 5222 omni

544 5217 880 5307 peccatorum
920 5219 1235 5307 contagione
1279 5217 1529 5307 liberior,
1563 5217 1652 5287 qui
1671 5225 1754 5307 te
1779 5219 1956 5273 verbis
1981 5221 2126 5307 juste

545 5288 871 5350 instruerent
899 5301 953 5346 et
981 5288 1259 5359 exemplis.
1289 5288 1399 5343 Nos
1427 5289 1568 5343 enim
1599 5297 1948 5358 prmterquam
1981 5290 2124 5359 quod

543 5375 781 5421 mentem
811 5372 1046 5417 nostram
1077 5361 1148 5415 ita
1179 5359 1496 5428 insipientiaa
1526 5370 1579 5413 et
1612 5359 1921 5428 ignorantia:
1952 5361 2125 5430 caligo

539 5435 778 5501 cecavit,
810 5442 866 5488 ut
891 5433 1126 5488 divinum
1163 5430 1360 5501 aliquid
1389 5439 1618 5500 nequeat
1641 5430 1839 5485 sentire
1865 5431 1946 5485 vel
1975 5431 2124 5486 dice-

604 5575 622 5606 ¹
655 5571 874 5638 {Attilae
893 5571 1094 5638 addunt,
1110 5567 1458 5637 primum!un
1480 5568 1638 5630 abest,
1662 5581 1692 5620 a
1722 5574 1832 5620 Mss.
1855 5567 1993 5620 etab
2011 5566 2127 5619 Hol-

538 5636 690 5687 Itenii
710 5634 948 5686 editione.

2233 4591 2524 4666 habemus,
2555 4596 2656 4650 hoc
2686 4599 2844 4652 etiam
2875 4591 3013 4666 quod
3042 4591 3470 4665 habemus,'non
3500 4591 3806 4666 ﬁducialiter

2233 4664 2470 4746 proferre
2490 4667 2821 4746 conscientia
2854 4664 3492 4746 prohibentepossimus.
3527 4676 3606 4732 'I‘n
3634 4664 3803 4736 tamen

2231 4731 2354 4816 dum
2393 4736 2610 4816 peritior
2642 4737 2730 4789 tibi
2759 4731 3016 4816 apparere
3053 4731 3220 4816 possit
3248 4755 3302 4799 et
3332 4747 3525 4800 melior
3547 4787 3561 4811 ,
3595 4731 3804 4804 rudibus

2230 4803 2684 4884 admonitionibus
2713 4803 2908 4884 nostris
2935 4803 3143 4866 interim
3169 4824 3285 4869 esto
3310 4803 3579 4882 contenta,
3609 4831 3660 4873 et
3685 4803 3805 4875 clla?

2231 4875 2370 4959 ritati
2412 4875 2478 4929 da
2510 4878 2756 4959 veniam;
2784 4881 3045 4959 cuj_us_cst
3071 4899 3175 4939 non
3207 4887 3548 4959 considerare
3570 4875 3702 4959 'quid
3731 4894 3801 4944 of-

2231 4942 2400 5031 ferat,
2433 4962 2530 5031 nec
2559 4942 3051 5031 quodnon'habet,
3079 4957 3315 5031 _qu:crit;
3348 4957 3440 5012 sed
3473 4942 3639 5013 totum
3670 4942 3803 5031 quod

2232 5013 2421 5104 habet,
2454 5013 2678 5074 libenter
2708 5020 2944 5104 impertit
2982 5042 2994 5076 :
3026 5013 3274 5104 ad'cujus
3300 5013 3406 5080 non
3438 5037 3541 5082 tam
3574 5013 3804 5104 "indeii;

2231 5095 2461 5171 speciem
2481 5131 2496 5155 ,
2527 5095 3104 5171 quam‘animirespice
3133 5099 3476 5171 voluntatem,
3507 5109 3561 5153 et
3586 5100 3804 5171 diligen-

2231 5165 2313 5240 ter
2341 5157 2558 5240 adverte
2581 5161 2708 5240 quid
2749 5165 2841 5240 tibi
2870 5165 2970 5240 illa
2991 5157 3427 5240 'negarepoterit
3450 5157 3473 5235 ,r
3497 5186 3614 5240 qua:
3645 5157 3802 5226 totum

2228 5227 2358 5282 dare
2392 5227 2626 5312 “potnit‘
2678 5234 2816 5312 quod
2870 5227 3115 5291 habebat.
3162 5227 3643 5294 Obtulisset'e'tiam
3673 5243 3804 5312 quod

2229 5316 2335 5383 non
2370 5301 2620 5383 _habeba_t
2669 5301 2712 5358 si
2761 5315 2968 5383 posset,
3025 5323 3144 5383 qua:
3221 5316 3386 5383 totum
3445 5312 3614 5383 potuit
3675 5301 3805 5383 quod

2229 5373 2457 5428 habebat
2523 5375 2718 5430 ollerre
2759 5373 2800 5429 ².
2843 5376 2965 5432 Sitit
3034 5373 3210 5446 itaque
3262 5379 3386 5448 ille,
3439 5373 3533 5437 sed
3588 5373 3804 5453 parum,

2290 5501 2916 5636 Eiifies'f’i‘f‘éolswmus
2931 5569 3113 5636 ,ροιρη
3126 5565 3266 5636 aqua
3285 5567 3412 5631 quod
3444 5568 3596 5633 pot...
3615 5568 3796 5636 οπιηε.

2230 5626 2352 5678 Editi
2371 5627 2482 5691 alii,
2511 5634 2663 5680 tam
2683 5626 2812 5692 quod
2828 5626 2977 5690 potuit
2995 5628 3268 5692 oﬂ'mebat.
3297 5626 3309 5631 '
3429 5626 3458 5680 .’
3642 5626 3676 5636 ”
3802 5687 3808 5694 λ
