4094 6202
299 338 437 396 1045

293 454 526 509 innitatur
569 453 760 516 bonos,
806 448 900 505 sed
939 445 1122 504 irridet
1148 445 1423 516 potiusget
1457 443 1779 516 subsannat,
1811 452 1867 499 et

293 538 553 593 pauperes
580 513 824 593 persequi
862 533 967 593 non
993 513 1204 593 cessat?
1233 513 1383 593 Absit
1413 515 1514 570 hoc
1541 514 1868 593 amentibus

291 584 714 648 Christianorum
738 584 995 654 omnium,
1025 588 1161 642 absit
1191 594 1247 641 ut
1286 584 1587 655 hujusmodi
1616 585 1866 655 christia-

291 679 393 718 nns
418 665 644 728 dicatur,
670 663 807 717 absit
833 669 889 714 ut
916 660 1008 714 Dei
1037 659 1176 712 illius
1201 654 1366 728 possit
1392 654 1646 728 appellari
1671 655 1760 728 qui
1790 663 1869 709 ta-

292 734 484 810 lis_es_t_.
517 726 844 810 Christianus
867 732 1078 810 ille-est,
1104 726 1414 810 quiOChristi
1438 727 1576 810 viam
1601 727 1860 810 sequitur,

290 805 378 873 qui
418 805 685 859 Christum
737 804 787 858 in
834 800 1080 873 omnibus
1122 796 1357 873 imitatur
1388 815 1405 873 :_
1433 797 1571 873 sicut
1611 796 1864 873 scriptum

290 866 390 938 est,
423 875 522 942 Qui
550 875 669 928 dicit
696 890 748 928 se
774 873 825 926 in
853 871 1290 942 Christ_0_manere,
1316 868 1465 942 debet
1488 867 1614 942 sicut
1641 866 1728 920 ille
1753 882 1868 919 am-

289 936 476 999 bulavit
500 955 546 999 et
570 947 676 1016 ipse
700 942 956 1016 ambulare
981 939 1198 1016 (ῌοαηΖ
1224 954 1283 1016 ti,
1306 936 1384 1010 6).
1407 936 1739 1016 Christianus
1761 944 1864 1004 est,

287 1016 379 1084 qui
424 1007 668 1070 omnibus
712 1007 1458 1084 misericordiam‘facitpqui
1500 1007 1719 1062 omnino
1758 1022 1867 1062 non

288 1081 530 1141 movetur
571 1086 781 1156 injuria,
816 1085 906 1156 qui
933 1081 1160 1156 opprimi
1187 1093 1475 1156 pauperem
1512 1087 1867 1156 se‘praasente

288 1170 392 1210 non
432 1147 647 1228 patitur',
690 1147 780 1228 qui
815 1147 1023 1209 miseris
1067 1147 1335 1228 subvenit,
1378 1149 1466 1219 qui
1511 1147 1866 1228 indigentibus

289 1219 572 1293 succurrit,
612 1219 850 1296 qui'eum
878 1222 1231 1296 maerentibus
1270 1229 1484 1296 maeret1
1508 1219 1596 1289 qui
1624 1219 1864 1296 dolorem

289 1297 510 1351 alterius
534 1288 683 1368 quasi
711 1295 983 1368 proprium
1023 1294 1204 1368 sentit,
1231 1291 1321 1361 qui
1356 1290 1421 1345 ad
1453 1288 1632 1368 ﬂetum
1656 1288 1868 1368 ﬂetibus

287 1359 606 1437 provocatur
630 1359 840 1430 alienis,
880 1359 1289 1437 cujusomnium
1329 1361 1627 1437 communis
1659 1370 1741 1418 est
1765 1359 1864 1416 do-

287 1431 429 1499 inus.
469 1437 620 1506 cujus
653 1437 808 1506 janua
851 1431 1050 1491 nemini
1076 1433 1382 1506 clauditur,
1431 1431 1582 1506 cujus
1623 1445 1863 1506 mensam

289 1522 487 1578 pauper
525 1500 705 1563 nullus
745 1508 971 1577 ignorat,
1003 1503 1154 1574 cujus
1194 1503 1345 1558 cibus
1387 1501 1592 1578 cunctis
1620 1500 1861 1578 oﬁ'ertur,

287 1571 438 1646 cujds
458 1577 655 1632 bonum
678 1571 862 1632 omnes
890 1571 1104 1646 nornni,
1135 1584 1188 1628 et
1212 1587 1371 1646 nemo
1387 1572 1554 1646 sentit
1581 1571 1862 1640 injuriam;

288 1642 376 1717 qui
424 1649 532 1703 Deo
574 1649 662 1703 die
708 1657 973 1714 noctuque
1015 1644 1268 1717 deservit,
1311 1643 1405 1717 qui
1445 1642 1561 1711 ejus
1601 1651 1864 1717 praecepta

288 1712 649 1774 indesinenter
677 1712 960 1772 meditatur
983 1724 1037 1770 et
1060 1715 1256 1785 cogitat
1273 1729 1298 1785 ;7
1319 1712 1408 1785 qui
1438 1727 1638 1785 pauper
1667 1712 1865 1785 mundo

289 1789 540 1855 efﬁcitur,
572 1798 643 1843 ut-
660 1789 769 1844 Deo
795 1786 1033 1857 locuples
1063 1782 1187 1857 fiat;
1215 1784 1304 1854 qui
1333 1784 1471 1857 inter
1497 1782 1741 1857 homines
1772 1782 1865 1840 ha-

288 1858 444 1914 betur
484 1851 762 1930 inglorius,
806 1867 864 1912 ut
891 1851 1072 1930 coram
1105 1851 1328 1930 Deo'ei
1359 1853 1576 1930 Angelis
1602 1851 1865 1930 gloriosus

289 1922 569 1999 appareat}
598 1929 686 1999 qui
715 1922 767 1982 in
791 1925 951 1999 corde
971 1924 1222 1999 suo_nih_il
1245 1923 1452 1999 videtur
1477 1923 1676 1999 habere
1702 1922 1866 1976 simu-

290 1991 455 2054 lat'um
494 1991 576 2056 vel
605 1991 807 2061 ﬁctum,
855 1996 1006 2066 cujus
1044 1994 1267 2066 simplex
1312 2001 1365 2047 et
1405 1991 1741 2048 immaculata
1783 1999 1866 2066 est

290 2071 487 2129 anima.
534 2069 686 2137 cujus
715 2063 1038 2122 conscientia
1083 2065 1254 2137 tldelis
1298 2071 1352 2117 et
1394 2071 1666 2137 pura_cst:
1714 2063 1865 2129 cujus

293 2148 401 2194 tota
429 2141 482 2194 in
525 2132 636 2193 Deo
665 2153 836 2201 mens,
868 2137 1019 2205 cujus
1061 2135 1232 2188 omnis
1259 2148 1383 2205 spes
1412 2134 1466 2205 in
1509 2132 1861 2205 Christoest;

287 2211 376 2280 qui
406 2210 657 2280 coelestia
683 2209 856 2278 potius
889 2201 1046 2280 quam
1075 2201 1297 2280 terrena;
1314 2203 1602 2280 desiderat,
1645 2202 1735 2280 qui
1765 2201 1866 2280 hu:

288 2271 444 2334 mana
486 2271 708 2349 spernit,
735 2289 793 2332 ut
819 2271 987 2346 possit
1016 2275 1214 2349 habere
1241 2274 1440 2349 divina.
1478 2273 1608 2349 Nam
1653 2271 1737 2325 his
1774 2272 1865 2342 qui

289 2349 391 2405 hoc
430 2344 684 2405 saeculum
727 2344 972 2417 diligunt,
1012 2355 1068 2399 et
1109 2346 1198 2417 qui
1239 2345 1304 2417 ing
1330 2344 1580 2417 praisenti
1623 2350 1868 2417 tempore

289 2421 583 2492 gloriantur
605 2429 660 2492 et
687 2411 1041 2492 complacent,
1070 2411 1204 2492 audi
1219 2411 1346 2484 quid
1375 2414 1614 2492 dicitur":
1646 2411 1866 2492 Nescitis

287 2482 405 2561 quia
433 2491 652 2561 amicitia
679 2482 831 2560 huius
859 2487 1034 2561 mundi
1063 2482 1269 2561 inimica
1290 2494 1362 2538 est
1383 2483 1534 2561 Ideo?
1556 2482 1868 2561 _Et_quicu_nt-_

287 2551 384 2632 que
424 2560 634 2616 voluerit
675 2551 1016 2632 ess'eamicus
1056 2555 1207 2627 hujus
1254 2554 1444 2620 swculi,
1492 2553 1726 2607 inimicus
1767 2551 1865 2606 Dei

287 2627 605 2688 constituitur
642 2629 841 2697 (Jacobi
867 2645 939 2694 tv,
967 2627 1047 2697 4).

285 2735 288 2744 ι
356 2701 578 2757 CAPUT
626 2690 738 2756 XV.
801 2690 1075 2754 Viduarum
1101 2697 1285 2767 triplex
1322 2711 1495 2767 genus.
1517 2693 1703 2767 Qualis
1730 2690 1869 2767 Chri-

286 2773 349 2827 sti
392 2773 545 2828 vidua
577 2773 750 2828 debeat
799 2786 924 2824 esse.
971 2768 1095 2824 limo
1133 2763 1262 2835 tibi,
1302 2763 1460 2822 soror
1501 2763 1864 2826 dilectissime,

288 2842 414 2918 quid
437 2841 783 2918 christianum
809 2854 967 2906 agere
992 2838 1294 2918 conveniat,
1315 2835 1636 2918 proutpotui
1657 2875 1672 2902 ,
1701 2835 1869 2904 expli-

284 2904 420 2969 cavi.
453 2913 508 2969 Si
542 2926 670 2983 ergo
695 2904 881 2983 omnes
905 2909 1222 2979 generaliter
1241 2904 1333 2976 qui
1351 2904 1634 2983 Christiani
1661 2919 1868 2983 nuncug

285 2991 478 3054 pantur
499 3025 514 3050 ,
559 2975 677 3038 esse
721 2981 853 3054 tales
887 2975 1306 3054 o'portet_;_nuuc
1335 2985 1438 3054 iuge
1467 2975 1759 3054 prudentia:
1787 2981 1870 3030 est

286 3044 587 3120 Eestimare,
633 3052 841 3124 qualem
880 3044 938 3104 tu
976 3057 1026 3104 te
1068 3047 1277 3124 viduam
1326 3045 1523 3101 debeas
1575 3044 1866 3124 exhibere,

285 3140 442 3195 quam
464 3117 667 3195 cunctis
692 3122 827 3176 bene
854 3117 1291 3195 conversantibus
1320 3130 1439 3171 esse
1459 3121 1667 3195 oportet
1685 3128 1868 3168 exem-

286 3185 453 3265 plum.
480 3193 814 3265 Triaautem
836 3189 1252 3265 essevidua‘rum
1278 3201 1473 3265 genera
1495 3201 1600 3239 non
1625 3185 1870 3265 ignorare

286 3254 339 3319 ic
386 3265 566 3320 credo.
616 3261 789 3318 Unum
827 3260 969 3332 quod
1018 3254 1462 3332 perfectissimum
1493 3264 1625 3332 _est_2
1666 3254 1871 3332 caelesti

285 3336 506 3406 prmmio
543 3324 916 3406 destinatum;
951 3324 1128 3406 quod,
1167 3330 1274 3406 ritu
1310 3327 1451 3406 illius
1475 3325 1542 3380 de
1587 3324 1870 3406 Evangelio

285 3394 479 3474 vidua),
508 3406 616 3461 Deo
642 3394 1391 3474 orationibus-etjejuniisdie
1404 3406 1666 3466 noctuque
1689 3394 1873 3474 deser-

284 3477 361 3531 vit
388 3465 535 3544 (Luc.
569 3492 624 3536 il.
649 3474 760 3544 57).
788 3471 943 3528 Aliud
971 3465 1127 3537 vero,
1152 3467 1550 3544 quod__iiliorum
1574 3465 1758 3522 curam
1785 3465 1872 3521 ha~

284 3538 413 3604 bere
438 3546 630 3601 dicitur
656 3555 706 3600 et
721 3538 946 3605 'domus,
976 3556 1080 3596 non
1107 3538 1253 3598 tanto
1277 3538 1494 3609 dignum
1519 3578 1534 3604 ,
1567 3551 1669 3609 nec
1695 3546 1870 3592 tamen

285 3617 522 3741 peccatis
543 3613 852 3670 obnoxium.
894 3613 1130 3667 Tertium
1156 3620 1333 3667 autem
1348 3607 1524 3679 genus
1549 3617 1632 3663 est
1658 3607 1710 3661 in
1739 3622 1872 3677 epu-

310 3687 352 3741 is
379 3695 433 3740 et
458 3686 663 3741 deliciis
681 3727 693 3741 .
724 3683 865 3741 quod
903 3692 1118 3738 aeterna:
1147 3681 1302 3736 morti
1329 3687 1570 3735 servatur
1594 3687 1647 3732 et
1676 3693 1869 3741 poenae.

310 3687 352 3741 is
379 3695 433 3740 et
458 3686 693 3752 deliciis,
724 3683 865 3754 quod
903 3692 1118 3754 anetina:
1147 3681 1302 3754 morti
1329 3687 1570 3735 servatur
1594 3687 1647 3732 et
1676 3693 1869 3754 poenae.

286 3756 434 3812 Sicut
473 3749 840 3827 scriptum'est
860 3794 874 3817 ,
931 3751 1120 3807 Viduas
1149 3753 1341 3827 honora
1361 3789 1378 3817 ,
1422 3765 1534 3820 quae
1559 3763 1685 3802 vera:
1711 3749 1875 3827 vidua:

285 3837 422 3881 sunt.
456 3822 720 3882 Istae—sunt
750 3825 931 3894 prima:
950 3865 966 3889 ,
993 3839 1112 3893 quae
1137 3822 1388 3894 dicuntur
1407 3830 1460 3874 et
1463 3835 1655 3894 _v_cra2,
1684 3826 1874 3894 etquae

283 3897 536 3968 iubentur
565 3912 594 3951 a
621 3887 766 3968 tanto
791 3887 1104 3968 sacerdote,
1137 3892 1238 3968 hoc
1263 3901 1372 3968 est,
1392 3906 1430 3968 _a
1462 3887 1743 3968 Timotheo
1773 3887 1872 3968 ho-

286 3957 486 4023 norari.
519 3966 778 4024 Secunda:
807 3975 950 4030 sunt,
974 3957 1164 4034 quibus
1189 3962 1298 4031 jam
1322 3957 1641 4034 haberiunon
1661 3957 1876 4034 jubetur

286 4037 489 4106 honor,
531 4053 630 4094 nec
657 4047 832 4093 tamen
877 4027 1007 4090 vita'
1028 4027 1248 4103 negatur
1291 4049 1301 4082 :
1334 4029 1401 4085 de
1427 4028 1620 4106 quibus
1645 4027 1871 4106 dicitur,

290 4108 417 4173 Qua:
437 4097 605 4162 autem
641 4109 774 4176 ﬁlios
805 4107 987 4160 habent
1014 4097 1336 4171 aut'nepotes
1355 4142 1370 4165 ,
1418 4099 1614 4176 discant
1657 4097 1878 4176 primum

287 4166 493 4234 domum
531 4166 675 4231 suam
721 4177 802 4245 pie
829 4176 845 4208 ³
873 4182 1088 4245 tractare
1108 4211 1124 4240 ,
1163 4166 1210 4225 ei
1237 4185 1409 4245 par_em
1432 4166 1878 4245 gratiam'reddere

287 4248 598 4319 parentibus.
638 4238 746 4304 illae
773 4260 900 4301 vero
931 4238 1246 4300 tertiae'sunt'
1264 4283 1278 4308 ,
1306 4239 1374 4296 (le
1399 4239 1590 4310 quibus
1620 4238 1874 4308 scriptum

394 4387 443 4431 In
465 4378 714 4446 plerisque
732 4385 859 4440 Mss,
879 4376 1010 4428 bene.

1224 328 1595 388 ADMONITIO
1633 328 1697 383 IN
1738 327 2282 399 SUBSEQUENTEM
2322 328 2601 386 LIBRUM.

3431 331 3570 390 1046

1977 456 2088 508 est,
2131 445 2297 500 Vidua
2325 457 2491 499 autem
2520 461 2633 516 qua:
2657 447 2708 499 in
2729 446 2919 501 deliciis
2944 457 3034 512 est,
3059 448 3219 502 vivens
3254 457 3450 502 mortua
3489 457 3565 503 est

1977 515 2022 587 (Ι
2047 517 2178 570 Tim.
2204 533 2258 582 ν,
2292 517 2356 583 5,
2385 518 2451 584 4,
2481 515 2559 586 6).
2594 516 2742 571 Unde
2773 517 2988 586 intelligi
3013 518 3196 584 datur,
3229 534 3334 572 non
3376 533 3566 574 omnes

1975 587 2160 670 viduas
2188 601 2307 670 esse
2343 587 2731 670 mqualesinec
2761 601 2851 641 eas
2883 587 2990 640 Deo
3016 587 3222 656 placere
3245 631 3258 651 ,
3288 605 3406 658 quae
3434 605 3561 645 cor-

1975 671 2107 727 pore
2135 666 2339 712 tantum
2370 658 2543 711 viduae
2572 658 2820 712 videntur
2837 671 2957 712 esse
2981 700 2995 723 ,
3029 672 3135 711 non
3161 673 3344 727 opere.

2044 730 2228 796 Qualis
2255 737 2433 784 autem
2459 727 2654 785 Christi
2679 729 2832 784 vidua
2858 727 3050 783 debeat
3091 744 3208 782 esse
3231 768 3246 792 ,
3277 730 3564 797 Apostolus

1975 798 2104 855 dicit
2132 818 2143 851 :
2177 800 2302 866 Qua:
2329 810 2497 870 autem
2524 816 2633 854 vere
2656 800 2806 853 vidua
2837 809 2943 870 est,
2961 809 3128 870 sperat
3150 798 3202 870 in
3229 797 3444 853 Domino
3468 841 3482 865 ,
3514 814 3561 855 et

1973 870 2127 924 instat
2161 869 2470 924 orationibus
2508 871 2587 924 die
2615 887 2673 924 ac
2713 878 2870 924 nocte.
2899 868 3008 923 Nec
3037 868 3164 923 illud
3210 871 3480 938 przeterire
3511 880 3563 925 te

1972 941 2097 995 volo
2120 983 2133 1004 ,
2163 941 2304 1011 quod
2335 941 2545 1010 quando
2574 955 2726 996 veras
2751 941 2938 994 viduas
2964 940 3248 1008 Apostolus
3277 941 3516 993 nominat
3540 982 3558 1007 ,

1972 1025 2093 1066 esse
2118 1011 2450 1067 demonstrat
2468 1021 2522 1066 et
2543 1011 2720 1077 falsas,
2747 1011 2846 1065 hoc
2871 1021 2972 1073 est,
2998 1019 3116 1065 actu
3142 1051 3155 1073 ,
3187 1020 3367 1065 mente
3388 1052 3402 1074 ,
3428 1025 3562 1064 con-

1973 1084 2293 1148 versatione,
2319 1098 2424 1138 non
2450 1097 2694 1152 corpore.
2720 1082 2786 1137 Et
2804 1082 2929 1136 alibi
2949 1081 3117 1137 vidua:
3137 1096 3279 1152 vera:
3304 1088 3360 1136 et
3379 1081 3565 1152 electio

1972 1160 2150 1208 actum
2195 1151 2762 1222 conversationemque
2811 1151 3064 1207 describit
3100 1151 3238 1222 idem
3287 1151 3560 1222 apostolus

1974 1223 2159 1278 dicens
2182 1265 2196 1292 ,
2229 1223 2394 1278 Vidua
2419 1224 2633 1294 eligatur
2652 1221 2764 1292 quia
2800 1224 2949 1292 fuerit
2986 1223 3038 1276 in
3069 1221 3300 1294 operibus
3326 1222 3564 1294 boniste-

1973 1295 2262 1349 stimonium
2284 1292 2501 1349 habens;
2518 1295 2579 1349 Si
2607 1295 2740 1363 ﬁlios
2765 1294 3026 1354 educavit,
3050 1293 3190 1362 quod
3218 1292 3561 1363 subintelligi-

1975 1374 2082 1431 tur,
2112 1367 2252 1435 Deo;
2281 1368 2324 1422 si
2349 1366 2567 1435 hospitio
2595 1362 2811 1435 recepit,
2844 1365 2886 1418 si
2915 1374 3202 1418 sanctorum
3226 1362 3374 1434 pedes
3398 1363 3518 1416 lavit
3542 1405 3558 1428 ,

1972 1436 2018 1489 si
2041 1434 2412 1490 tribulationem
2440 1434 2738 1504 patientibus
2760 1435 3176 1500 subministravit,
3206 1435 3249 1488 si
3269 1450 3414 1487 omne
3436 1450 3562 1502 opus

1974 1506 2156 1579 bonum
2194 1507 2455 1579 subsecuta
2484 1515 2554 1562 est
2581 1505 2741 1579 (Ibid.
2783 1506 2853 1579 ᾗ,
2887 1505 2993 1576 10).
3035 1505 3182 1560 Hanc
3218 1520 3348 1579 esse
3375 1520 3557 1558 veram

1973 1577 2185 1631 viduam
2223 1578 2514 1645 judicavit,
2567 1574 2717 1646 cujus
2747 1576 2866 1629 talia
2897 1574 3020 1630 sunt
3061 1591 3241 1644 Opera.
3284 1574 3392 1646 illa
3431 1577 3570 1646 vero‘

1971 1643 2241 1718 quomodo
2261 1663 2320 1703 se
2342 1646 2537 1702 Christi
2564 1643 2775 1718 viduam
2814 1646 2977 1718 dicit,
3017 1643 3142 1718 quae
3166 1645 3296 1699 nihil
3329 1645 3433 1718 tale
3459 1643 3554 1718 ali-

1973 1714 2184 1787 quando
2207 1728 2422 1788 Opcrata
2449 1717 2700 1788 est?78cd
2731 1725 2855 1770 sunt
2880 1714 3068 1788 aliqua:
3095 1715 3283 1788 divites
3303 1756 3318 1780 ,
3349 1714 3557 1770 nobiles

1969 1786 2326 1858 etpotentés,
2349 1788 2540 1858 quibus
2569 1787 2786 1842 forsitan
2808 1787 3016 1858 videtur
3045 1786 3351 1858 indignum,
3382 1797 3437 1838 ut
3467 1794 3558 1858 aut

1973 1855 2112 1912 ﬁlios
2144 1860 2253 1913 Deo
2273 1901 2287 1922 ,
2328 1855 2382 1913 et
2411 1872 2514 1912 non
2546 1858 2742 1912 saeculo
2768 1857 3016 1922 educent,
3046 1867 3135 1909 aut
3163 1856 3388 1924 hospitio
3416 1855 3555 1909 reci-

1971 1931 2121 2051 piant
2145 1929 2426 1994 advenam,
2449 1937 2540 1981 aut
2563 1936 2864 1981 sanctorum
2891 1928 3051 1996 pedes
3076 1926 3389 1988 laboriosos,
3414 1926 3555 1979 lutu-

1992 2009 2144 2051 entos
2165 2007 2220 2051 et
2248 1999 2490 2051 horridos
2515 1999 2721 2051 lavent.
2749 2005 2803 2051 et
2829 1996 3068 2051 delicatis
3097 2003 3151 2050 et
3183 1996 3363 2050 nitidis
3387 1996 3525 2048 Inani

1992 2009 2144 2054 entos
2165 2007 2220 2054 et
2248 1999 2490 2053 horridos
2515 1999 2721 2064 lavent,
2749 2005 2803 2052 et
2829 1996 3068 2051 delicatis
3097 2003 3151 2050 et
3183 1996 3363 2050 nitidis
3387 1996 3525 2048 mani

1972 2069 2071 2124 bus
2097 2078 2329 2140 tangant.
2365 2071 2440 2138 (a)
2469 2067 2572 2123 Sed
2617 2082 2715 2121 nec
2741 2066 2915 2137 dignm
2939 2077 3096 2121 erunt
3136 2065 3269 2140 tales
3299 2066 3350 2140 in
3382 2065 3558 2119 futuro

1972 2135 2213 2209 tempore
2251 2135 2556 2195 sanctarum
2584 2153 2702 2192 esse
2727 2135 3001 2209 Consortes
3025 2179 3040 2203 ,
3066 2153 3200 2205 quos
3224 2135 3294 2190 ita
3331 2137 3381 2189 in
3424 2152 3559 2204 prm-

1973 2208 2110 2266 senti
2148 2219 2496 2280 spreverunt;
2529 2224 2627 2262 nec
2667 2218 2873 2280 partem
2918 2208 3114 2261 habere
3155 2215 3405 2280 poterunt
3435 2221 3556 2259 cum

1973 2274 2193 2336 Christo
2206 2324 2220 2346 ,
2247 2297 2407 2351 quem
2436 2274 2710 2351 suscipere
2741 2278 3022 2351 noluerunt
3041 2319 3056 2341 ,
3089 2285 3144 2330 et
3170 2274 3559 2351 cujusplantas

1973 2351 2085 2405 suis
2105 2343 2441 2405 contrectare
2476 2343 2716 2402 manibus
2742 2348 3066 2402 horruerunt
3096 2364 3108 2397 :
3141 2347 3260 2414 quia
3289 2343 3557 2399 Christum

1974 2421 2208 2489 spernit,
2256 2421 2578 2490 quicumque
2613 2419 2732 2486 ejus
2761 2416 3418 2490 famulos_spernit_;sicut
3445 2415 3560 2490 ipse

1974 2483 2120 2556 dicit,
2155 2483 2258 2558 Qui
2274 2483 2371 2545 'vos
2393 2483 2708 2558 sper—iniuriae
2735 2487 2924 2558 spernit
2958 2483 3106 2557 (Luc.
3130 2502 3159 2538 χ
3179 2527 3194 2549 ,
3210 2487 3242 2558 *1
3255 2483 3554 2558 6).,Μδτίω,

1975 2554 2117 2616 unde
2161 2554 2363 2615 Christi
2415 2554 2584 2629 pedes
2615 2554 2846 2629 lavaret,
2888 2554 3139 2629 lacirymze
3176 2554 3558 2629 abundarunt:

1975 2632 2142 2686 nostri
2166 2640 2343 2687 autem
2367 2625 2620 2697 temporis
2643 2625 2855 2683 feminis
2877 2625 3016 2681 unde
3038 2628 3436 2697 peregrinorum
3465 2639 3560 2693 pe-

1975 2644 2142 2686 nostrt
2166 2644 2343 2687 autem
2367 2644 2469 2686 tem
2549 2644 2620 2682 τις
2643 2644 2855 2683 remints
2877 2644 3016 2681 unae
3038 2644 3436 2697 peregrinorum
3465 2644 3560 2693 pe-

1975 2699 2070 2757 des
2116 2703 2294 2756 lavent
2318 2704 2438 2771 ipsa
2456 2644 2635 2754 didicit
2657 2714 2815 2769 aqua.
2847 2697 2925 2771 Tu
2951 2713 3079 2771 ergo
3099 2737 3113 2761 ,
3144 2697 3494 2771 sanctissima
3503 2703 3562 2771 et

1975 2764 2392 2842 prudentissima,
2417 2764 2761 2842 femina,_ri_e
2791 2767 2928 2842 velis
2972 2764 3172 2842 imitari
3213 2764 3516 2842 hujusmodi
3542 2806 3558 2834 ,

1975 2835 2096 2913 quae
2132 2859 2255 2899 cum
2293 2841 2552 2913 audenter
2579 2835 2971 2913 malefecerint,
3006 2835 3323 2894 benefacere
3365 2835 3562 2892 erube-

1976 2908 2162 2980 scunt;
2193 2922 2249 2969 et
2270 2910 2667 2968 confunduntur
2699 2909 2844 2978 juste
2877 2908 3057 2980 vivere
3075 2949 3098 2980 ,Α
3131 2923 3263 2980 quae
3295 2922 3400 2980 non
3443 2914 3566 2961 sunt

1976 2977 2202 3054 peccare
2234 2981 2498 3047 confusae,
2542 2989 2597 3034 et
2637 2977 2756 3048 quae
2781 2994 2840 3054 se
2863 2979 3022 3054 morti
3051 2977 3190 3033 ultro
3215 2978 3563 3054 obtulerunt,

1979 3047 2077 3110 nec
2123 3054 2357 3108 invitata:
2396 3047 2733 3107 revertuntur
2774 3047 2840 3102 ad
2889 3049 3051 3102 vitam
3087 3067 3100 3102 :
3131 3064 3250 3116 qua:
3288 3047 3568 3102 hominum

1978 3123 2146 3194 magis
2175 3123 2313 3178 risus
2341 3119 2784 3194 subsannationes
2805 3127 2858 3172 et
2880 3118 3086 3194 fabulas
3114 3133 3270 3187 quam
3293 3117 3569 3194 _Dei_judi-

1977 3187 2119 3251 cium
2146 3194 2531 3263 pertimescunt
2551 3232 2566 3253 ,
2594 3187 2860 3263 et‘quibus
2888 3187 3101 3263 charius
3131 3194 3214 3241 est
3236 3187 3444 3263 miseris
3464 3188 3570 3263 _ho-

1977 3255 2211 3321 minibus
2241 3263 2450 3332 placere
2471 3275 2626 3328 quam
2650 3255 2884 3332 Christo.
2914 3257 3017 3332 S_ed
3039 3267 3154 3332 esto
3183 3255 3326 3332 talis,
3357 3256 3571 3332 qualem

1982 3347 2034 3392 te
2071 3325 2327 3391 Dominus
2370 3325 2500 3388 esse
2526 3328 2810 3400 praecepit,
2843 3327 3052 3396 qualem
3092 3325 3381 3400 Apostolus
3410 3326 3572 3400 jubet

1979 3406 2218 3463 exhiberi
2270 3412 2324 3459 et
2371 3395 2569 3456 Christi
2615 3395 2806 3461 vidua,
2857 3395 2974 3453 esto
3016 3405 3233 3460 sancta,
3275 3395 3492 3451 humilis
3512 3404 3569 3452 et

1979 3479 2157 3549 quieta
2188 3471 2614 3549 :jnisericordiie
2641 3480 2709 3549 _et
2746 3468 2969 3549 justitiae
3003 3483 3175 3549 operi
3199 3465 3569 3549 indesinenter

1980 3539 2190 3604 exerce.
2217 3547 2284 3601 Et
2306 3545 2534 3615 quisque
2564 3551 2617 3596 te
2640 3541 2693 3596 in
2719 3539 3066 3615 opprobrium
3093 3539 3285 3615 habeat
3303 3579 3320 3604 ,
3348 3539 3574 3607 quisque

1981 3621 2274 3676 subsannct
2297 3609 2353 3671 et
2382 3609 2601 3668 irrideat
2630 3629 2642 3664 :
2678 3619 2734 3665 tu
2755 3619 2956 3664 tantum
2987 3609 3099 3663 Deo
3121 3609 3352 3678 placeas,
3377 3617 3429 3662 et
3453 3623 3574 3678 quas

1980 3689 2181 3747 Christi
2208 3696 2333 3743 sunt
2355 3699 2530 3755 geras.
2566 3686 2702 3736 Ante
2731 3677 3329 3755 omniaincessabiiiter
3355 3677 3573 3755 Domini

1983 3762 2058 3816 tui
2079 3758 2338 3813 meditare
2357 3747 2609 3808 mandata
2634 3791 2650 3815 ,
2679 3748 3010 3804 orationibus
3035 3760 3088 3802 et
3113 3748 3338 3802 Psalmis
3364 3747 3572 3816 instan-

1983 3815 2064 3885 ter
2089 3827 2336 3882 incumbe
2368 3842 2381 3880 :
2410 3831 2469 3877 ut
2506 3824 2549 3876 si
2580 3820 2832 3890 possibile
2860 3827 2976 3883 est,
3020 3833 3176 3872 nemo
3207 3825 3258 3890 te
3285 3815 3574 3890 aliquade

1984 3883 2086 3953 nisi
2108 3906 2196 3951 aut
2219 3897 2483 3965 legentem
2510 3883 2776 3951 inveniat,
2808 3898 2898 3965 aut
2922 3899 3184 3942 orantem.
3217 3883 3425 3965 cuin
3457 3883 3578 3942 fue-

1983 3970 2058 4024 ris
2080 3968 2220 4031 talis,
2239 3957 2408 4020 nbstri
2436 3968 2738 4026 memento,
2769 3958 2860 4028 qui
2892 3969 2941 4014 te
2966 3967 3170 4012 tantum
3201 3957 3486 4031 diligimus,
3516 3964 3577 4010 ut

1983 4037 2125 4109 quod
2152 4026 2442 4106 praesentes
2462 4040 2717 4103 praestare
2744 4026 2848 4086 non
2888 4043 3171 4100 possumus
3191 4066 3207 4096 ,
3233 4026 3573 4084 conferamus

1985 4111 2253 4166 absentes.

2050 4281 2122 4347 (a)
2155 4279 2257 4331 vid.
2283 4277 2553 4341 serm.ii9,
2579 4288 2630 4326 n.
2658 4275 2704 4338 l,
2721 4276 2774 4328 in
2796 4272 3012 4339 Append.
3035 4271 3217 4325 tomis.

465 4442 481 4446 _
635 4442 647 4444 ἡ

1127 4525 1582 4590 ADMONITIO
1622 4526 1703 4588 IN
1747 4520 2371 4598 SUBSEQUENTEM
2399 4517 2724 4581 LIBRUM.

362 4677 586 4734 Paulino
628 4675 978 4748 Forojuliensi
1011 4689 1106 4731 seu
1131 4671 1456 4745 Aquileiensi
1499 4667 1818 4742 patriarchae
1857 4668 1960 4724 erit
1986 4666 2200 4722 tandem
2227 4661 2512 4734 aliquando
2553 4661 2830 4716 restitutus
2870 4658 3020 4714 hicce
3055 4657 3222 4724 liber,
3261 4659 3579 4715 auctoritate

289 4768 580 4828 Colbertini
607 4747 883 4838 cujusdam
921 4766 1138 4837 optimae
1164 4776 1303 4822 noue
1328 4771 1384 4820 et
1408 4761 1792 4834 antiquissima:
1817 4758 2094 4829 scripturae
2119 4754 2340 4812 codicis.
2371 4751 2647 4809 Scribebat
2674 4751 2772 4806 sub
2799 4749 2975 4805 octavi
2995 4747 3177 4803 sreculi
3206 4748 3366 4804 tinem
3391 4748 3576 4804 Pauli-

289 4876 392 4917 nus
435 4858 816 4928 Forojuliensis
841 4896 856 4923 ,
887 4872 1027 4914 anno
1055 4857 1236 4912 saeculi
1276 4855 1405 4911 noni
1450 4853 1684 4911 secundo
1710 4851 1849 4910 forte
1876 4849 1962 4906 vel
1989 4851 2144 4906 tertio
2168 4847 2411 4902 denatus.
2441 4845 2560 4900 Mox
2597 4858 2728 4899 vero
2773 4843 2871 4913 ipsi
2899 4841 2950 4896 in
2991 4841 3189 4896 saeculo
3216 4839 3407 4896 eodem
3433 4855 3580 4897 nono

288 4954 599 5023 ademptum
621 4948 864 5006 videmus
886 4947 988 5004 hoc
1011 4961 1164 5016 opus,
1194 4955 1253 5001 ut
1272 4955 1663 5016 supponeretur
1693 4943 2006 5014 Augustino.
2034 4941 2166 4997 Nam
2197 4937 2621 4994 Theodericense
2647 4945 2820 4993 exstat
2847 4949 3110 4990 annorum
3129 4975 3145 5002 ,
3178 4933 3280 4989 nisi
3306 4932 3540 4990 fallimur
3561 4976 3580 5002 ,

290 5046 721 5116 octingentorum
766 5037 1072 5108 exemplar,
1119 5035 1329 5090 titulum
1375 5035 1567 5090 bunca
1597 5035 1766 5106 prima
1796 5048 1958 5090 manu
1985 5033 2241 5102 scriptum
2288 5030 2340 5084 in
2371 5029 2544 5084 fronte
2573 5028 2692 5083 libri
2737 5027 2983 5082 habens:
3025 5025 3174 5081 Liber
3213 5026 3582 5082 exhortationis

290 5140 452 5195 sancti
475 5135 746 5210 Augustini
771 5133 839 5188 ad
857 5131 1125 5206 quemdam
1152 5130 1382 5185 comitem
1407 5130 1758 5184 charissimam
1782 5128 1898 5184 sibi.
1923 5129 2132 5184 Citatur
2159 5141 2189 5182 a
2217 5125 2467 5182 Gratiano
2493 5167 2507 5192 ,
2539 5125 2606 5180 de
2633 5123 2826 5180 Pmnit.
2857 5123 2981 5180 dist.
3025 5121 3062 5178 2
3084 5165 3100 5190 ,
3145 5137 3262 5193 cap.
3315 5121 3379 5178 Si
3425 5123 3538 5193 quis
3560 5138 3582 5188 ;

292 5233 491 5301 ibique,
516 5230 592 5286 uti
613 5237 667 5285 et
684 5227 826 5298 apud
850 5223 1223 5286 Trithemium,
1258 5221 1527 5294 Augustini
1547 5224 1615 5275 ad
1632 5221 1900 5278 lulianum
1919 5221 2148 5276 comitem
2171 5217 2386 5291 epistola
2417 5228 2748 5288 nuncupatur
2773 5237 2785 5275 :
2817 5233 2925 5289 quo
2948 5215 3048 5272 sub
3075 5217 3112 5272 ti
3127 5218 3227 5272 .ulo
3247 5217 3408 5271 etiam
3439 5215 3580 5271 inter

295 5321 578 5392 Augustini
602 5319 858 5391 epistolas
885 5316 1059 5374 locum
1087 5314 1266 5370 habuit
1300 5314 1352 5369 in
1393 5313 1560 5386 prima
1589 5312 1822 5368 editione
1844 5327 2030 5368 earum
2060 5312 2499 5366 Amerbachiana.
2535 5312 2599 5365 Et
2629 5310 2840 5381 quidem
2871 5310 3007 5364 liber
3030 5309 3082 5363 in
3112 5309 3318 5363 caeteris
3339 5306 3456 5364 fere
3491 5321 3586 5362 co-

297 5414 504 5472 dicibus
527 5413 654 5468 Mss.
685 5426 820 5483 quos
852 5407 1265 5467 Theodericensi
1294 5405 1618 5478 posteriores
1646 5419 1833 5462 omnes
1863 5406 2158 5461 invenimus
2178 5448 2192 5472 ,
2225 5405 2292 5458 ad
2315 5404 2579 5476 quemdam
2605 5404 2831 5456 comitem
2859 5402 2952 5456 sibi
2976 5401 3334 5455 amicissimum
3364 5415 3580 5470 praeno-

296 5516 440 5566 tatur
465 5524 481 5564 :
505 5504 592 5562 cui
633 5503 787 5560 titulo
812 5502 950 5559 favet
989 5499 1119 5558 illud
1167 5498 1308 5569 quod
1339 5499 1391 5556 in
1417 5498 1590 5567 capite
1619 5497 1689 5554 6?.
1736 5496 1956 5566 legitur,
1984 5495 2144 5568 Cujus
2173 5494 2381 5567 (judicis
2403 5493 2610 5565 Christi)
2641 5493 2886 5562 palatium
2915 5509 3042 5547 auro
3081 5501 3385 5563 argentoque
3411 5491 3584 5548 nullus

299 5601 586 5668 episcOpus,
611 5611 700 5650 nec
740 5593 912 5660 abbas,
942 5611 1030 5651 nec
1057 5609 1220 5649 comes
1241 5606 1562 5660 corrumpere
1588 5589 1788 5662 poterit.
1819 5588 1887 5642 At
1913 5587 2107 5643 Juliani
2137 5588 2347 5643 comitis
2377 5603 2570 5641 nomen
2617 5587 2701 5639 vix
2744 5602 2879 5641 unus
2909 5594 2962 5641 et
3009 5587 3144 5640 alter
3184 5585 3349 5642 codex
3383 5587 3435 5641 in
3463 5585 3584 5640 libri

297 5693 405 5746 ﬁne
431 5685 758 5756 adscriptum
787 5683 963 5740 habet.
1006 5684 1073 5738 Et
1101 5699 1230 5738 vero
1258 5683 1593 5753 suspicamur
1621 5681 1839 5736 missum
1873 5681 2046 5750 potius
2076 5681 2266 5733 librum
2299 5679 2362 5732 ad
2396 5679 2635 5736 Aﬁricum
2670 5678 2855 5733 ducem
2886 5679 2997 5733 sive
3037 5679 3285 5735 comitem
3305 5719 3320 5747 ,
3352 5695 3469 5750 qua:
3500 5679 3584 5732 (li-

297 5783 557 5855 gnitatum
585 5775 799 5836 nomina
822 5775 889 5832 de
927 5775 1110 5832 eodem
1137 5774 1433 5846 promiscue
1459 5780 1709 5843 usurpata
1737 5771 1860 5827 olim
1891 5786 2008 5828 esse
2035 5772 2267 5839 reperies
2311 5771 2359 5824 in
2392 5770 2503 5824 Vita
2533 5770 2700 5824 sancti
2734 5769 2882 5840 litigii
2907 5811 2920 5838 ,
2954 5769 3046 5826 lib.
3068 5770 3130 5840 2,
3158 5785 3273 5842 cap.
3304 5769 3374 5827 59
3397 5811 3410 5837 ,
3441 5777 3495 5825 et
3523 5769 3577 5824 in
