4088 6202
527 320 666 385 HM

519 456 736 522 araneis
769 453 935 511 dedit.
974 452 1099 510 Haec
1122 449 1420 522 cumcibos
1443 449 1607 519 capit,
1637 447 1727 522 vis
1764 445 2100 522 comedeudo

524 518 876 587 semiunciam
907 523 1057 595 panis
1081 521 1314 595 attingit,
1341 529 1398 576 et
1425 518 1890 595 pocula‘deinceps
1911 518 2099 572 absor-

520 601 646 664 bet,
692 606 748 655 et
793 587 1093 665 propterea
1124 587 1538 665 pulmentorum
1564 590 1668 665 sibi
1720 587 2099 665 cataplasmata

521 659 734 740 quaerit.
756 659 1153 740 Hzec'quamdiu
1180 662 1494 740 vigilaverit,
1524 661 1660 740 bibii
1676 677 1691 714 :
1716 660 1877 740 θυι-βῆ
1905 659 2101 740 οΜοςτ

521 729 724 803 inierit,
767 736 882 792 sitis
905 729 953 791 ei
1003 729 1259 790 somnum
1297 733 1584 800 abrumpit.
1628 730 1734 803 Sed
1755 730 1933 803 adhuc
1971 729 2099 798 quid

521 809 814 866 immoror?
831 806 888 861 Si
909 805 1183 860 ebrietatis
1208 804 1428 858 voluero
1456 810 1646 857 cuncta
1675 802 1798 854 vitia
1823 814 2117 866 enarrare,-

522 890 649 936 a‘nte
667 894 753 934 me
772 886 981 936 tempus
1005 876 1216 930 deliciet
1244 892 1258 927 :
1280 889 1400 928 cum
1424 875 1630 936 potiora
1654 872 1704 926 in
1725 870 2101 926 Ecclesiastico

525 950 829 1008 Salomonis
871 940 1101 1015 Spiritus
1139 954 1353 1000 sanctus
1393 940 1606 1006 clamet,
1654 943 1857 1015 dicens,
1902 940 2102 1015 ‘Mulier

520 1022 677 1084 ebria,
699 1021 778 1073 ira
804 1028 877 1073 est
894 1012 1097 1087 magna,
1114 1025 1160 1070 et
1184 1016 1486 1087 contumelia
1511 1024 1558 1087 et
1580 1012 1842 1087 turpitudo
1864 1012 1974 1080 ejus
1997 1027 2100 1087 non

520 1081 830 1164 tegetur._Et
855 1088 926 1164 _de
955 1081 1181 1164 u'trotpie
1218 1100 1372 1164 sexu,
1417 1083 1626 1164 Multos,
1642 1081 1751 1164 ait,
1792 1081 2102 1164 egerminet

518 1152 714 1217 civicum.
744 1162 809 1215 Et
853 1159 1047 1214 iterum
1078 1152 1458 1211 {Prudentium
1484 1154 1712 1207 absorbet
1757 1153 1988 1206 ebrietas.
2034 1152 2101 1205 Et

521 1232 718 1288 iterum
746 1248 759 1283 :
806 1229 987 1284 Vinum
1008 1227 1226 1282 multum
1258 1235 1504 1295 palatum,
1534 1224 1843 1278 irritationes
1862 1230 1909 1275 et
1925 1223 2030 1295 iras
2053 1229 2101 1275 et

524 1304 702 1357 ruinas
748 1300 944 1373 mu_ltas
963 1298 1105 1368 facit.
1150 1292 1452 1373 Amaritudo
1481 1295 1860 1373 animﬁvinum
1884 1292 2113 1373 multant

523 1381 753 1444 potatum
781 1364 972 1444 (Eccli.
997 1368 1277 1444 xxvn,__ll_;
1308 1381 1469 1444 _xx_m,
1492 1366 1583 1430 30,
1610 1365 1678 1420 58
1696 1374 1742 1417 et
1768 1364 1880 1444 739).

592 1436 880 1511 Quare'ut
930 1443 1092 1511 linem
1133 1438 1253 1491 libri
1304 1436 1857 1511 faciam,_summatitu
1908 1440 2100 1488 cuncta

519 1504 893 1583 perstringam.
922 1512 1024 1565 Per
1050 1510 1239 1583 vinum
1258 1508 1398 1583 enim
1426 1506 1640 1583 castitas
1685 1504 1960 1559 submersa
1981 1513 2096 1583 est,

520 1573 575 1639 et
598 1573 839 1652 plurimm
864 1598 894 1634 a
922 1579 1330 1652 corruptoribus
1357 1578 1524 1632 turbae
1546 1577 1786 1652 decepta:
1807 1573 2101 1652 sttnt._Vit_'-

511 1644 705 1724 ginum
737 1654 919 1707 multa:
947 1644 1106 1724 etiam
1158 1649 1474 1724 intpeilente
1511 1646 1663 1724 vino__
1687 1647 1822 1724 ihori
1851 1644 2099 1714 genitalis

520 1717 721 1788 oblitm,
743 1723 1050 1794 pudicitiam
1078 1717 1881 1794 suamadulteristradiderunt,
1900 1724 2100 1794 et‘cum

519 1784 762 1848 mcechis'
775 1793 840 1848 de
867 1801 1039 1846 morte
1067 1799 1233 1859 pacta:
1253 1799 1378 1843 sunt
1399 1789 1728 1842 maritorum.
1746 1784 2100 1859 Quamplures

521 1864 830 1935 impellente
849 1865 970 1917 vino
1010 1856 1305 1935 praecipites
1334 1858 1699 1935 indecentibus
1739 1873 1798 1911 se
1826 1856 2101 1935 conventi-

522 1927 623 1989 bus
668 1935 971 2002 polluerunt
1001 1927 1026 1983 ἶ
1050 1940 1103 1985 et
1145 1927 1212 2002 de
1247 1929 1577 2002 genitoribus
1614 1937 1704 1981 aut
1730 1927 2096 2002 genitricibus,

521 2004 591 2058 de
617 1996 740 2057 ﬁliis
786 2013 878 2056 aut
922 2002 1148 2064 ﬁliabus,
1179 1996 1531 2055 de'l‘ratribus
1569 2007 1660 2052 aut
1685 1998 1977 2057 sororibus,
2033 1996 2101 2050 de

520 2075 733 2144 generis
754 2082 845 2125 aut
865 2072 1102 2144 nuribus,
1130 2085 1222 2136 per
1242 2068 1518 2144 nefand_os,
1547 2068 1823 2144 utdictum
1849 2075 1950 2132 est,
1973 2080 2102 2144 con-

521 2136 735 2197 cubitus
778 2143 875 2195 sibi
904 2142 1040 2195 lilios
1076 2147 1391 2209 genuerunt.
1423 2139 1524 2191 Per
1566 2137 1908 2209 vinolentiam
1958 2136 2099 2209 enim

523 2214 738 2283 plurimi
771 2206 1115 2283 pluritnioque
1143 2226 1169 2262 a
1218 2220 1402 2283 sancto
1430 2209 1619 2283 pioque
1648 2206 1919 2283 proposito
1957 2207 2099 2260 exci-

522 2277 719 2339 derunt
745 2277 797 2337 et
821 2284 904 2338 sui
947 2277 1095 2336 obliti
1142 2280 1355 2333 amissis
1381 2278 1672 2333 honoribus
1720 2277 1981 2347 ignobiles
2010 2292 2100 2330 re-

520 2362 835 2410 manserunt
867 2372 881 2408 :
911 2363 965 2408 et
1003 2352 1219 2406 sedibus
1267 2350 1453 2420 patriis
1498 2348 1725 2418 profugi,
1782 2348 1947 2420 vitam
1990 2360 2100 2420 non

524 2424 617 2480 ubi
644 2433 989 2494 sumpserunt
1010 2416 1285 2477 ﬁnierunt:
1310 2422 1421 2494 Per
1442 2416 1542 2474 hoc
1570 2416 1763 2489 quippe
1790 2418 1971 2494 vinum
1992 2416 2103 2470 for-

520 2502 603 2550 tcs
636 2496 704 2550 ab
743 2488 966 2549 inﬁrmis
991 2494 1106 2548 elisi
1142 2500 1286 2554 sunt,
1332 2500 1385 2546 et
1411 2492 1461 2544 in
1505 2488 1729 2543 mortem
1751 2488 2100 2559 quamplures

926 309 1289 372 APPENDIX.
1347 276 1733 370 ADMONITIOU
1759 305 1829 365 lN
1865 305 2123 366 LIBRUM
2160 307 2251 366 DE
2291 306 2483 366 VERA
2522 306 2610 367 ET
2647 306 2874 369 FALSA
2901 304 3381 369 PiENiTENTIA.

3729 310 3877 368 1112

2206 445 2378 529 ferino
2404 454 2530 529 sunt
2557 446 2871 529 plerumque
2893 447 3056 504 dente
3083 448 3410 529 consumpti.
3438 446 3859 529 Quamphres

2203 518 2312 592 vini
2329 518 2709 572 immoderatus
2733 533 2986 592 excessus
3013 534 3079 574 ex
3105 518 3361 576 divitibus
3383 518 3697 592 pauperes
3718 521 3855 577 red-

2204 588 2455 669 didit_et_
2485 602 2705 669 egenos.
2761 588 2953 669 inﬁniti
2975 604 3260 669 ‘numerot
3285 588 3415 646 vino
3440 588 3851 669 impellente,

2206 658 2402 735 iniusta
2442 658 2722 735 impiaque
2761 658 3042 715 homicidia
3066 658 3850 735 commiserunt._Qitamplu-'

2206 729 2357 783 rima:
2382 729 2542 783 urbes
2561 728 2652 783 diu
2672 729 2927 796 obsessa,
2958 744 3059 786 nec
3078 738 3284 798 captae;
3312 728 3664 789 custodibus
3694 728 3849 791 s'om-

2207 813 2278 872 no
2306 801 2539 872 vinoque
2583 799 2838 869 sepultis,
2880 801 2948 872 ab
2998 799 3240 857 hostibus
3268 802 3563 872 patefacta
3619 814 3768 861 sunt
3794 816 3849 862 et

2207 870 2470 942 incendiis
2491 879 2868 942 concrematte.
2896 870 3036 926 Sunt
3057 870 3401 942 quoque—alia
3431 874 3626 932 multa
3656 875 3852 932 nefan-

2206 939 2273 995 da
2306 951 2360 995 et
2385 943 2682 1011 innumera,
2736 940 2929 1010 quibus
2958 939 3377 1011 per'ebrietatis
3398 944 3533 1001 vitia
3588 946 3844 1005 mundus

2206 1010 2306 1066 iste
2342 1011 2542 1066 dudum
2581 1010 2887 1080 frequenter
2914 1010 3000 1067 est
3034 1019 3276 1080 vexatus,
3293 1023 3349 1069 et
3372 1029 3520 1072 nunc
3550 1029 3844 1073 vexatur:

2205 1095 2429 1149 quarum
2471 1095 2649 1136 rerum
2686 1080 2729 1134 si
2759 1080 2828 1135 de
2860 1080 3145 1138 dominicis
3163 1083 3251 1139 vel
3276 1085 3652 1143 saecularibus
3686 1089 3841 1144 libris

2205 1152 2516 1237 valeat-“
2546 1151 2764 1237 eius“?
2801 1152 3045 1237 ρξθωρια
3092 1166 3527 1237 ρεηρηεεέιξιςν.
3548 1172 3664 1228 per
3702 1175 3838 1237 ςμιε

2205 1230 2500 1305 ερεᾳρειτθ
2537 1220 2682 1305 sunt,
2700 1220 2982 1305 proferre,
3020 1220 3313 1282 enormitas
3346 1220 3486 1305 libri
3507 1220 3834 1301 legentibus

2205 1290 2474 1346 fastidium
2501 1290 2739 1348 aﬂ‘erret.
2988 1308 2995 1313 ·
3348 1300 3351 1307 ‘

2276 1362 2383 1445 lfios
2414 1372 2590 1445 tamen
2617 1362 2810 1446 in.boc
2841 1377 3007 1446 opere
3028 1373 3315 1488 pmpterea
3340 1366 3743 1450 sacerdotibus
3778 1377 3832 1425 et

2276 1442 2380 1487 ntts
2406 1440 2856 1488 vituperationem
2885 1448 3024 1488 sunt)
3082 1444 3137 1488 et
3172 1434 3565 1488 admonitionis
3600 1439 3825 1488 initium

2206 1433 2380 1487 levitis
2406 1433 2856 1503 vituperationem
2880 1433 3049 1488 simul
3082 1433 3151 1490 et'
3172 1434 3565 1493 admonitionis
3600 1439 3825 1494 initium

2206 1504 2643 1584 iecimushneab
2661 1504 2771 1584 hac
2792 1503 3081 1584 inlectione
3101 1545 3117 1572 ,
3139 1520 3247 1577 qua
3274 1516 3495 1584 c_unc_t_os
3522 1507 3665 1584 huic
3696 1510 3823 1565 vitio

2206 1572 2420 1645 dediios
2439 1572 2797 1645 deidominica
2823 1572 3590 1645 correptione'conl’undimus,
3616 1580 3822 1635 immu-

2206 1658 2314 1724 nes
2328 1642 2462 1697 forte
2485 1644 2709 1724 clericos
2728 1645 2933 1724 autpei
2954 1642 3229 1724 ministros
3247 1646 3429 1724 facere
3448 1642 3817 1724 videremur:

2206 1713 2397 1795 quibus
2422 1716 2591 1795 magis
2611 1715 2882 1795 convenit,
2906 1723 2965 1795 u_t
2986 1717 3085 1795 qui
3098 1718 3354 1795 populum
3379 1732 3411 1773 a
3435 1718 3683 1795 diversis
3700 1720 3819 1775 cul-

2204 1784 2288 1852 pis
2316 1784 2587 1839 abstinere
2614 1784 2828 1849 docent,
2848 1799 2916 1840 ne
2937 1786 2991 1839 in
3010 1784 3234 1857 aliquod
3253 1788 3439 1843 vitium
3465 1799 3565 1844 aut
3586 1791 3813 1860 culpam

2205 1854 2624 1929 cadant,_cauta_
2662 1856 3039 1929 observatione
3083 1866 3406 1929 procurent,
3435 1867 3503 1929 et
3540 1875 3642 1915 eos
3669 1862 3814 1929 jusn

2208 1899 3204 1998 ἷῆἔέξιῐειὶίῦῖιὲ’λρ’‹ἷεῖἷδὶᾲξ’ὸίἷιῖνὶέῖἆ
3211 1899 3406 1996 aut:
3428 1899 3812 1985 sese“;

2205 2004 2336 2061 tem,
2365 2011 2393 2049 ο
2424 1995 2572 2071 homo
2593 2036 2609 2061 ,
2630 1996 2940 2071 quijudicas
2975 1995 3508 2071 eos'quintaliaaqunt
3539 2042 3555 2071 ,
3588 2012 3638 2054 et
3681 2002 3811 2071 facis

2207 2082 2283 2130 ea,
2313 2067 2550 2135 quoniam
2577 2064 2862 2135 tueﬁ'ugiu
2882 2064 3141 2137 judicium
3169 2067 3307 2123 Dei?
3326 2064 3491 2124 ltém:
3518 2064 3808 2137 Quiritium

2207 2136 2374 2201 doces,
2406 2145 2451 2207 te
2476 2138 2644 2207 ipsum
2672 2152 2771 2189 non
2798 2136 2979 2207 doces;_
2998 2138 3084 2207 qui
3103 2139 3409 2194 abominaris
3430 2140 3574 2193 idola
3593 2183 3609 2204 ,
3642 2142 3808 2195 sacri-

2207 2178 2387 2281 7.9a;
2406 2178 3025 2281 Taéis'iiiébil'ﬁfi'si
3033 2178 3087 2261 ’ὲὶ
3103 2178 3195 2262 "is"
3202 2178 3267 2281 3'"?
3273 2178 3581 2275 ’ὲῗὲῖιιὲἱέἱὲξ
3593 2178 3805 2281 tam

2206 2277 2379 2351 arguit
2401 2291 2495 2331 eos
2519 2279 2663 2351 quia
2687 2278 2830 2331 vitiis
2845 2319 2880 2351 ’,Α
2898 2278 3092 2351 quibus
3119 2277 3436 2348 prahibent,
3465 2281 3569 2351 ipsi
3604 2277 3664 2336 se
3692 2297 3803 2336 non

2205 2347 2507 2420 abstinent;
2529 2356 2582 2401 et
2605 2348 2657 2401 in
2686 2362 2793 2420 quo
2814 2347 2948 2420 alios
2964 2347 3205 2420 iudicant
3226 2392 3241 2415 ,
3268 2365 3329 2405 se
3353 2347 3501 2420 ipsos
3534 2351 3802 2405 condem-

2207 2426 2352 2471 nant.
2385 2416 2559 2483 Quare
2583 2418 2831 2472 omnibus
2856 2416 3064 2473 clericis
3092 2427 3146 2473 et
3170 2420 3321 2475 laicis
3346 2416 3399 2474 in
3436 2420 3670 2476 diversis
3702 2422 3802 2475 hu-

2205 2487 2445 2561 jusmodi
2460 2486 2813 2561 dignitatibus
2830 2490 3130 2561 constitutis
3151 2489 3292 2546 hunc
3310 2490 3541 2545 libellum
3557 2490 3803 2561 frequen-

2208 2556 2310 2611 tius
2351 2556 2699 2612 lectitandutn
2734 2558 3143 2613 suademuszut
3191 2575 3311 2614 cum
3356 2562 3599 2616 moribus
3645 2556 3800 2616 bonis

2206 2626 2588 2708 et.sobrietate
2630 2628 2944 2708 peo‘gratus
2967 2630 3086 2708 quis
3110 2630 3441 2708 profecerit,
3492 2631 3560 2686 de
3613 2646 3797 2708 corre~

2206 2698 2394 2766 ptione
2415 2706 2594 2771 nostra
2630 2698 2685 2752 in
2706 2698 2941 2771 Domino
2978 2698 3087 2771 [leo
3110 2698 3261 2755 laetus
3285 2715 3497 2771 semper
3517 2702 3795 2768 exsultet,

2205 2780 2369 2839 agens
2425 2767 2538 2822 Deo
2584 2769 2782 2839 gratias
2833 2784 2926 2839 per
2976 2770 3262 2825 Dominum
3316 2767 3559 2826 nostrum
3610 2767 3795 2826 Iesum

2205 2836 2480 2961 (Alitristum
2510 2879 2526 2907 ,
2559 2836 2644 2895 cui
2670 2836 2846 2895 honor
2867 2848 2923 2895 et
2948 2840 3115 2919 gloria
3140 2841 3193 2896 in
3217 2842 3415 2898 saecula
3447 2842 3790 2899 aemulorum.

2260 2921 2402 2963 men.

2260 2921 2402 2964 men.
3058 2918 3061 2919 ⁷
3798 2916 3801 2917 ⁷

521 2564 631 2620 ictu
661 2567 905 2620 muliebri
937 2565 1184 2634 prostrati
1219 2580 1232 2614 :
1261 2572 1316 2617 et
1350 2560 1833 2634 invictiesercitus
1860 2559 1985 2634 vine
2006 2558 2103 2634 do-

519 2637 761 2691 minante
787 2628 1034 2690 cxstincti
1062 2643 1205 2698 sunt,
1233 2642 1289 2687 et
1316 2632 1587 2686 servitutis
1601 2631 1730 2699 jugo
1755 2628 1995 2699 subacti.
2015 2628 2103 2681 ln-

519 2707 881 2761 numerabiles
902 2707 1085 2775 jugum
1101 2704 1478 2775 dominationis
1495 2702 1584 2775 diu
1603 2698 1933 2775 recusantes,
1950 2698 2103 2775 vino-

518 2775 684 2831 lentia
734 2777 788 2830 in
827 2767 1060 2830 alienum
1111 2774 1315 2842 redegit
1366 2772 1664 2825 arbitrium.
1708 2767 2101 2842 consuetudine

518 2845 628 2900 vini
655 2847 994 2914 quamplures
1024 2846 1074 2898 in
1098 2838 1355 2897 insaniam
1385 2848 1512 2896 sunt
1528 2839 1801 2914 conversi;
1825 2853 1889 2892 ac
1903 2838 2103 2914 mentis

520 2907 747 2971 durante
781 2907 986 2970 insania
1023 2914 1092 2967 ab
1142 2913 1372 2966 humana
1411 2907 1822 2965 conversatione
1839 2908 2092 2978 sejuncti,
2207 2907 2402 2964 Amen.
2954 2907 2974 2912 '
3058 2918 3061 2919 '
3266 2994 3269 2995 γ
3392 2986 3399 2995 θ
3462 2972 3523 3007 ,Γ
3564 2992 3565 2999 γ

961 3127 1418 3191 ADMONITIO
1460 3127 1542 3190 IN
1589 3126 1893 3191 LIBRUM
1933 3127 2039 3189 DE
2081 3129 2301 3191 VERA
2342 3131 2447 3192 ET
2490 3128 2750 3191 FALSA
2789 3127 3344 3196 POENITENTIA.

584 3264 748 3319 Totus
794 3266 906 3320 lere
955 3264 1043 3320 hic
1096 3264 1230 3319 liber
1270 3277 1392 3318 cum
1427 3262 1644 3317 nomine
1693 3261 1972 3332 Augustini
2018 3261 2072 3316 in
2126 3262 2349 3317 Decreta
2392 3237 2498 3332 per
2539 3260 2848 3317 Gratianum
2872 3270 2962 3325 ,et
3000 3262 3053 3316 in
3089 3261 3394 3317 Sententias
3424 3278 3519 3333 per
3567 3263 3785 3322 Petrum

511 3355 871 3412 Lombardum
916 3355 1203 3409 translatus
1238 3362 1338 3408 est.
1371 3353 1629 3409 Eumdem
1660 3362 1842 3423 postea
1866 3353 2100 3408 citarunt
2142 3363 2195 3410 et
2237 3354 2537 3424 Augustino
2568 3355 2867 3410 tribuerunt
2909 3355 3098 3411 Petrus
3143 3356 3412 3414 Blesensis
3450 3359 3505 3413 in
3548 3358 3698 3414 libris
3731 3357 3800 3414 de

512 3449 864 3506 Confessione
903 3464 966 3504 ac
998 3448 1064 3504 de
1090 3446 1439 3512 Poenitentia,
1472 3445 1784 3501 Vincentius
1812 3446 2201 3501 Bellovacensis
2228 3447 2280 3501 in
2309 3446 2540 3515 Speculo
2572 3446 2802 3513 morali,
2826 3447 2920 3502 lib.
2950 3450 2983 3502 5
3003 3490 3018 3513 ,
3047 3456 3199 3519 parte
3225 3451 3295 3504 lt)
3316 3492 3332 3516 ,
3361 3450 3489 3505 dist.
3522 3451 3626 3515 12;
3651 3450 3798 3507 Tho-

513 3557 631 3599 mas
657 3541 895 3611 Aquinas
924 3540 976 3595 in
999 3539 1216 3595 Summa
1248 3537 1546 3608 theologica
1566 3575 1581 3602 ,
1606 3547 1658 3591 et
1683 3537 1771 3591 alii
1798 3537 2072 3605 deinceps.
2096 3536 2502 3606 Supposititium
2534 3546 2711 3593 tamen
2735 3538 2910 3592 credit
2935 3538 3260 3595 Tritbemius
3288 3540 3383 3595 lib.
3411 3540 3481 3597 de
3506 3542 3798 3613 Scriptori-

513 3635 615 3690 bus
652 3631 1025 3689 ecclesiasticis
1051 3674 1065 3698 ,
1098 3631 1333 3702 quoniam
1363 3670 1378 3697 ,
1409 3628 1484 3683 ait
1508 3668 1525 3696 ,
1553 3628 1720 3699 capite
1743 3627 1811 3682 l7
1846 3626 2159 3699 Augustinus
2184 3628 2292 3699 ipse
2318 3627 2589 3700 allegatur.
2621 3629 2894 3685 Reclamat
2926 3629 3181 3686 Martinus
3220 3630 3493 3688 Navarrus
3514 3675 3530 3698 ,
3559 3643 3686 3690 tom.
3714 3634 3753 3689 2
3781 3677 3798 3701 ,

514 3728 815 3784 Comment.
846 3725 900 3781 in
931 3726 1053 3780 dist.
1087 3725 1120 3780 5
1146 3724 1212 3780 de
1242 3722 1561 3779 Ptenitentia
1582 3764 1598 3790 ,
1631 3729 1687 3777 et
1713 3721 1841 3777 dicit
1870 3719 2280 3776 existimandum
2313 3720 2485 3791 potius
2506 3763 2520 3787 ,
2546 3722 2686 3776 illam
2716 3731 2922 3792 partem
2948 3761 2967 3789 ,
2987 3739 3091 3794 qua
3115 3723 3309 3780 citatur
3333 3726 3658 3795 Augustinus
3682 3767 3699 3793 ,
3731 3741 3802 3782 ex

514 3823 863 3878 annotatione
888 3820 985 3875 viri
1011 3820 1234 3888 alicujus
1259 3818 1403 3875 docti
1435 3818 1504 3874 ad
1533 3818 1828 3889 marginem
1856 3818 2126 3889 adscripta
2150 3859 2167 3884 ,
2195 3819 2452 3889 migrasse
2481 3820 2532 3874 in
2563 3828 2762 3875 textum
2780 3861 2793 3886 ,
2817 3837 2976 3891 quam
3014 3832 3295 3894 propterea
3329 3828 3627 3896 negandum
3677 3844 3803 3885 esse

512 3916 792 3987 Augustini
822 3914 1013 3968 librum
1043 3913 1325 3983 optimum,
1352 3920 1431 3967 tot
1450 3912 1661 3967 saeculis
1681 3912 1729 3968 ei
1758 3911 2032 3967 tributum.
2063 3911 2289 3968 Navarri
2315 3914 2677 3983 coniecturam
2703 3914 2891 3985 juvant
2916 3915 3035 3973 libri
3063 3927 3274 3975 veteres
3296 3936 3394 3991 per
3423 3938 3522 3978 nos
3548 3924 3799 3993 inspecti,

512 4008 606 4081 qui
637 4024 702 4064 eo
725 4007 829 4064 loci
851 4021 1049 4062 nomen
1075 4006 1261 4060 saltem
1285 4004 1564 4075 Augustini
1588 4014 1949 4074 praetereunt:
1977 4004 2073 4060 sed
2099 4004 2230 4060 illud
2253 4014 2432 4060 tamen
2462 4016 2516 4061 et
2548 4006 2780 4076 postulat
2806 4021 3000 4065 sensus
3017 4048 3035 4073 ,
3056 4018 3112 4065 et
3134 4011 3262 4079 legit
3285 4012 3465 4083 reipsa
3491 4014 3797 4070 Gratianus.

513 4100 711 4158 Verum
733 4142 749 4166 ,
780 4100 846 4154 de
868 4099 969 4154 hoc
1009 4097 1129 4153 loco
1167 4096 1422 4166 quidquid
1449 4095 1662 4151 tandem
1685 4105 1900 4165 putetur
1924 4138 1939 4164 ,
1962 4096 2066 4151 alia
2105 4096 2340 4167 undique
2377 4106 2664 4167 suppetunt
2691 4109 3001 4171 argumenta
3026 4142 3041 4168 ,
3073 4117 3192 4173 qua:
3217 4104 3495 4160 clamitant
3534 4106 3631 4162 hoc
3655 4120 3799 4178 opus

511 4208 622 4250 non
652 4206 771 4247 esse
798 4187 1096 4260 Augustini.
1127 4185 1381 4253 Quaedam
1412 4185 1467 4240 in
1494 4185 1691 4241 Critico
1720 4186 2107 4258 Augustiniano
2126 4186 2339 4257 collegit
2366 4187 2669 4245 Bcrnardus
2697 4189 2988 4263 Vindingus
3010 4234 3026 4262 ,
3052 4201 3102 4249 et
3125 4194 3382 4251 adversus
3419 4199 3679 4268 quemdam
3697 4239 3713 4263 ,
3744 4209 3809 4256 ut

512 4286 621 4348 ait,
658 4288 902 4335 recentem
928 4322 941 4345 ,
970 4295 1059 4333 nec
1083 4276 1273 4330 malum
1298 4276 1490 4346 alioqui
1516 4277 1837 4347 theologum,
1864 4278 1950 4347 qui
1972 4279 2089 4332 stilo
2118 4287 2165 4333 et
2189 4279 2420 4334 doctrina
2447 4289 2605 4336 totum
2639 4282 3064 4354 Augustinianum
3089 4303 3218 4355 esse,
3243 4289 3471 4360 adeoque
3504 4292 3656 4346 stulte
3694 4294 3807 4364 ips;

514 4379 608 4432 Itoc
631 4383 866 4446 negatum
889 4372 951 4427 ab
976 4370 1191 4426 Erasmo
1215 4378 1262 4424 et
1281 4368 1397 4422 aliis
1426 4366 1713 4422 doctoribus
1732 4367 2111 4436 contendebat,
2141 4371 2387 4441 opposuit
2418 4389 2432 4425 :
2456 4373 2657 4429 scilicet
2683 4374 2904 4445 phrases
2927 4377 2998 4433 ab
3023 4378 3321 4450 Augustino
3344 4381 3545 4438 alienas
3563 4396 3679 4451 cap.
3707 4382 3745 4437 '5
3780 4399 3800 4437 :

516 4470 760 4526 Naaman
803 4484 892 4537 per
915 4482 1101 4537 aquam
1129 4464 1349 4536 perdidit
1374 4463 1588 4531 lepram.
1620 4458 1752 4530 Cap.
1778 4461 1813 4515 4
1846 4478 1859 4515 :
1893 4460 2081 4518 Petrus
2109 4462 2385 4519 Dominum
2412 4466 2605 4537 negavit
2629 4507 2643 4532 ,
2672 4476 2717 4522 et
2741 4484 2773 4521 a
2798 4484 2852 4522 se
2896 4472 3083 4526 amicos
3112 4470 3299 4527 Christi
3331 4474 3807 4533 excommunicauit.

513 4561 715 4619 Eodem
741 4576 860 4631 cap.
890 4560 944 4624 4,
968 4567 1021 4613 et
1048 4558 1101 4624 6,
1130 4572 1193 4612 ac
1218 4556 1250 4610 7
1276 4573 1289 4610 :
1323 4553 1536 4609 Pcenam
1575 4552 1881 4623 promittere.
1910 4552 2039 4624 Cap.
2070 4553 2103 4608 9
2136 4571 2149 4607 :
2181 4554 2263 4608 Ad
2301 4554 2466 4611 Deum
2506 4558 2726 4613 anxiari.
2761 4558 2961 4616 ibidem
2993 4578 3008 4614 :
3038 4559 3243 4617 Meliori
3271 4580 3418 4635 quam
3442 4572 3598 4632 potest
3625 4568 3810 4635 conﬁ-

514 4666 696 4714 teatur.
728 4653 860 4724 Cap.
896 4654 956 4708 l7
990 4668 1007 4706 :
1038 4650 1249 4721 Oportet
1275 4658 1591 4721 peccatorem
1619 4658 1673 4703 ut
1700 4649 1752 4704 in
1779 4649 2072 4720 paenitentia
2096 4650 2383 4720 fructiﬁcet.
2420 4650 2477 4705 lu
2507 4650 2797 4719 Scripturis
2835 4653 3162 4722 exponendis
3190 4665 3459 4712 auctorem
3484 4670 3657 4727 neque
3684 4658 3811 4714 An-

513 4748 715 4821 gustiui
744 4746 1014 4802 solertiam
1040 4745 1235 4799 habere
1261 4741 1516 4806 ostendit,
1548 4756 1720 4812 neque
1745 4756 1870 4798 cum
1896 4740 1990 4796 illo
2016 4741 2447 4796 consensionem.
2480 4740 2612 4795 Nam
2636 4755 2753 4812 cap.
2777 4742 2811 4798 5
2836 4759 2849 4797 :
2877 4743 3028 4811 Quod
3054 4744 3283 4802 omnibus
3301 4789 3316 4814 ,
3344 4747 3438 4813 ait,
3474 4749 3697 4818 promisit
3717 4751 3809 4806 in-

513 4837 843 4909 dulgentiam,
873 4836 986 4891 aliis
1012 4833 1423 4908 promissionibus
1447 4832 1668 4888 declarat
1692 4848 1710 4885 :
1730 4849 1750 4884 α
1782 4830 1881 4900 Qui
1896 4848 1974 4886 me
1992 4835 2249 4903 confessus
2274 4831 2424 4902 fuerit
2453 4847 2625 4886 coram
2653 4832 2989 4904 hominibus,»
3022 4834 3078 4889 id
3102 4845 3194 4902 est,
3221 4838 3384 4892 omnis
3410 4847 3807 4908 quantulum-

512 4949 610 5005 que
633 4940 678 4987 et
708 4933 1111 5004 quotiescumque
1155 4937 1385 5000 peccator
1408 4966 1423 4991 ,
1453 4927 1813 4997 cujuscumque
1853 4924 2065 4991 ordinis,
2090 4925 2285 4982 etiamsi
2308 4923 2458 4994 fuerit
2483 4924 2741 4991 sacerdos;
2775 4927 3077 4997 «conﬁtebor
3101 4935 3152 4982 et
3170 4943 3261 4998 ego
3289 4944 3407 4983 eum
3432 4945 3603 4984 coram
3644 4927 3809 4985 Patre

517 5041 684 5081 meo.)
711 5025 843 5094 Cap.
875 5024 909 5079 9
940 5041 951 5076 :
986 5022 1173 5077 Totum
1194 5021 1444 5074 hominem
1465 5018 1658 5072 sanauit
1680 5017 1735 5071 in
1757 5015 1984 5083 sabbato,
2008 5018 2127 5086 quia
2149 5026 2197 5070 et
2224 5030 2406 5085 corpus
2429 5015 2491 5068 ab
2514 5016 2806 5087 inﬁmitate
2830 5027 2877 5072 et
2901 5019 3124 5072 animam
3148 5018 3213 5073 ab
3238 5020 3378 5074 omni
3414 5021 3708 5092 contagione
3733 5022 3809 5075 li-

513 5117 720 5172 beravit.
770 5115 898 5187 Cap.
950 5114 1011 5167 ll
1044 5128 1063 5166 :
1093 5111 1160 5164 In
1185 5110 1337 5176 Petro
1359 5120 1405 5165 et
1424 5107 1625 5164 Joanne
1653 5121 1700 5163 et
1726 5107 1918 5191 Iacobo
1948 5116 1995 5162 et
2025 5115 2166 5177 patre
2185 5116 2231 5162 et
2252 5115 2408 5161 matre
2434 5107 2616 5177 puella:
2660 5107 2680 5177 (
2703 5107 2827 5162 Luc.
2858 5122 2980 5176 vui,
3029 5108 3122 5180 5i)
3153 5109 3437 5181 ﬁguraliter
3489 5098 3841 5169 continentur.

512 5207 796 5264 sacerdotes
834 5203 1095 5260 Ecclesiae.
1126 5202 1400 5275 Lacrymis
1438 5201 1624 5258 matris
1664 5198 1838 5257 viduae
1867 5243 1884 5269 ,
1912 5198 2131 5255 Marthm
2172 5208 2227 5255 et
2247 5198 2425 5254 Mariae
2459 5212 2523 5253 ac
2549 5197 2716 5254 turbae
2739 5197 3047 5255 Judatorum
3069 5199 3338 5269 docetuur,
3363 5202 3574 5274 inquit,
3606 5203 3810 5274 publice

512 5300 834 5374 peccantibus
878 5314 981 5352 non
1024 5297 1289 5367 proprium
1314 5336 1328 5362 ,
1357 5295 1447 5350 sed
1483 5290 1727 5351 Ecclesia:
1752 5293 1975 5363 sufﬁcere
2013 5292 2247 5346 meritum
2269 5331 2286 5359 ,
2311 5299 2415 5345 etc.
2463 5290 2592 5361 Cap.
2618 5290 2686 5346 14
2715 5305 2735 5345 :
2768 5289 2945 5346 Omnis
2986 5291 3087 5346 ista
3112 5293 3331 5347 uarietas
3376 5293 3666 5364 conﬁtenda
3685 5303 3762 5348 est
3787 5336 3803 5363 ,

513 5393 560 5447 si
587 5391 807 5465 peccavit
829 5391 883 5445 in
906 5389 1016 5444 loco
1040 5403 1205 5456 sacro,
1236 5398 1323 5443 aut
1342 5388 1424 5441 cui
1453 5386 1621 5441 debuit
1648 5384 1998 5440 excellentiam
2024 5383 2161 5455 ﬁdei,
2195 5392 2252 5438 ut
2279 5393 2394 5439 sunt
2432 5383 2609 5440 domus
2653 5383 2976 5438 dominorum
3018 5391 3064 5439 et
3084 5385 3310 5442 aliorum
3338 5388 3616 5443 multorum
3635 5405 3657 5455 ;
3675 5389 3721 5444 si
3750 5389 3806 5445 in

515 5495 737 5555 tempore
762 5483 978 5540 orationi
1001 5483 1291 5549 constituto,
1323 5490 1408 5535 aut
1435 5480 1487 5534 in
1512 5477 1776 5548 festivitate
1802 5488 2113 5546 sanctorum,
2137 5486 2184 5533 et
2210 5478 2264 5533 in
2291 5488 2513 5549 tempore
2522 5478 2730 5552 jejunii,
2751 5486 2860 5534 etc.
2880 5477 2945 5534 Si
2967 5479 3080 5549 quis
3101 5479 3241 5535 cadit
3263 5482 3319 5537 in
3339 5483 3628 5550 auaruiam,
3646 5482 3805 5538 etiam

517 5574 805 5630 castitatem
830 5575 1119 5632 minorauit.
1150 5574 1443 5642 Praeterea,
1472 5572 1771 5631 insinuatur
1798 5573 1972 5644 capite
1997 5571 2030 5627 6
2060 5570 2257 5629 bonum
2284 5588 2551 5646 quemque
2579 5582 2705 5631 ante
2729 5573 2929 5632 Christi
2970 5573 3258 5631 adventum
3302 5572 3491 5629 inieris
3533 5570 3813 5627 detentum

516 5660 718 5733 fuisse,
771 5667 1101 5738 Augustino,
1154 5668 1247 5723 lib.
1301 5667 1386 5722 12⁸
1420 5666 1489 5722 de
1540 5665 1736 5722 Genesi
1783 5664 1850 5721 ad
1904 5664 2168 5732 litteram,
2217 5679 2370 5737 capp.
2429 5667 2497 5723 55
2554 5676 2605 5723 et
2660 5667 2749 5733 54,
2797 5680 2859 5723 ea
2911 5666 2980 5721 de
3026 5680 3085 5721 re
3139 5664 3489 5721 dissentiente
3530 5673 3623 5719 aut
3665 5672 3816 5722 certo

516 5754 854 5825 ambigente;
899 5769 956 5816 et
984 5769 1351 5817 memorantur
1375 5760 1551 5833 capite
1576 5759 1610 5817 8
1638 5767 1754 5817 acta
1794 5759 1963 5816 sancti
1999 5757 2251 5828 Andreae,
2285 5759 2439 5831 longe
2481 5768 2602 5830 post
2630 5759 2983 5830 Augustinum
3014 5758 3309 5818 secundum
3338 5755 3577 5816 eruditos
3607 5755 3816 5830 vulgari

516 5857 717 5923 coepta.

4009 1248 4011 1327 ι
