4118 6194
508 161 1818 195 W

1820 147 2619 176 ________._.._.__..___.__..

2626 145 3727 187 Ἠ

1502 202 2805 353 ΡΞΑΕΤΕΗΙΠΜ(⁰).

524 428 527 433 -
582 393 813 451 Domine
853 391 997 447 Deus
1045 389 1415 459 omnipotens,
1447 387 1560 443 Rex
1589 389 1606 419 ¹
1650 394 1863 459 aeternae
1890 387 2093 457 gloriae,

509 467 605 537 qui
628 480 750 521 eum
779 461 1056 533 cognoscis
1081 458 1291 537 beatum
1322 474 1442 514 esse
1470 459 1663 524 virum,
1694 458 1783 527 qui
1812 458 2098 537 viaiii_pec-

510 529 754 592 catorum
780 529 1059 603 spernens,
1094 530 1262 603 legem
1295 538 1679 599 prmceptorum
1712 529 1961 603 tuoriiin’
1986 544 2097 581 me-

512 605 716 661 ditatur
743 598 829 659 die
854 617 917 657 ac
946 598 1312 666 nocte;'doce
1342 615 1426 653 ine
1456 607 1790 669 peccatorem
1838 598 1929 652 tibi
1974 613 2094 669 cum

512 683 630 732 toto
684 672 848 729 corde
896 680 951 727 et
997 672 1190 726 timore
1242 678 1297 725 et
1345 668 1579 724 tremore
1611 668 1839 724 lideliter
1867 668 2092 731 servire.

514 754 572 801 et
614 759 797 801 vocem
844 757 1019 798 meam
1060 750 1112 796 te
1158 741 1429 795 humiliter
1477 742 1812 795 invocantem
1854 738 2044 794 exaudi
2078 755 2092 791 :

510 815 668 872 et'ita
695 812 1110 869 clementissime
1139 812 1352 867 auribus
1381 812 1595 881 percipe
1619 812 1780 865 verba
1812 825 1963 881 mea;
1992 817 2050 881 ut
2074 808 2096 840 ⁸

510 883 911 954 délinquentem
955 883 1006 954 in
1062 882 1140 954 ira
1194 879 1397 954 furoris
1440 879 1806 954 tui’n‘ongme
1861 879 2095 954 derelin-

510 950 769 1026 quasfne
798 953 1024 1026 quando
1072 953 1163 1007 ille
1200 951 1463 1026 insidians
1499 952 1898 1022 antiquissimus
1930 950 2096 1026 hostis

510 1020 687 1095 rapiat
712 1020 881 1079 utleo
910 1023 1140 1095 animam
1189 1038 1385 1095 meam,
1433 1022 1557 1095 dum
1586 1020 1697 1095 non
1732 1032 1817 1095 est
1856 1021 1945 1089 qui
1976 1020 2097 1095 red-

516 1091 649 1151 imat
670 1110 843 1165 neque
872 1094 961 1162 qui
987 1095 1188 1165 salvum
1220 1093 1395 1165 faciat.
1427 1092 1533 1165 Sed
1561 1103 1634 1158 tu,
1668 1091 1910 1165 Domine,
1943 1092 2096 1159 cujus

511 1181 713 1221 nomen
738 1163 1050 1220 admirabile
1075 1165 1230 1219 estin
1254 1164 1391 1219 ccelo
1411 1172 1465 1217 et
1485 1163 1537 1216 in
1566 1173 1726 1225 terra,
1752 1164 1822 1221 ita
1844 1172 2098 1217 converte

512 1236 789 1291 inimicum
818 1250 997 1290 meum
1025 1244 1336 1299 retrorsum,
1367 1242 1425 1287 ut
1452 1233 1746 1288 inlirmetur
1775 1242 1829 1288 et
1858 1242 2039 1301 pereat
2066 1248 2099 1287 a

510 1306 651 1363 facie
672 1315 758 1361 tua
779 1324 791 1359 :
818 1322 884 1361 ne
909 1320 1138 1373 unquam
1160 1305 1370 1358 ii'retire
1391 1304 1562 1358 valeat
1586 1304 1789 1374 laqueis
1805 1304 1970 1372 igneis
1987 1302 2101 1374 ani-

512 1388 659 1432 mam
679 1392 874 1441 meam,
900 1372 1071 1443 neque
1089 1374 1313 1443 sulphur
1332 1384 1384 1429 et
1406 1374 1621 1441 spiritus
1643 1372 1991 1443 procellarum
2013 1372 2101 1443 ob-

516 1447 783 1518 glomcret
808 1462 915 1525 me.
958 1442 1061 1499 Sed
1087 1444 1337 1514 propter“
1366 1444 1537 1513 inopis
1564 1442 1833 1525 miseriam
1856 1452 1910 1497 et
1930 1442 2100 1525 gemi-

512 1513 631 1599 iam
658 1518 907 1599 pauperis
936 1513 1412 1599 nunc.'"ex5iirgcns
1453 1516 1659 1585 reSpice
1697 1522 1750 1568 et
1769 1513 1963 1595 exaudi
1991 1529 2097 1599 me,

513 1583 917 1658 Domine,'quia
943 1587 1231 1658 consilium
1272 1586 1444 1654 inopis
1486 1583 1701 1658 et‘spcs
1734 1585 1849 1653 ejus
1887 1601 1963 1658 es.
1994 1583 2102 1658 Fac

514 1672 627 1726 me,
656 1655 827 1723 Deus,
855 1658 926 1710 ita
965 1657 1168 1726 ingredi
1196 1657 1309 1709 sine
1337 1657 1562 1720 macula,
1606 1665 1660 1710 et
1696 1655 1904 1726 eperari
1946 1655 2098 1722 justi-

512 1724 669 1793 tiam,
699 1738 757 1798 ut
794 1727 961 1798 gratia
990 1724 1369 1798 misericordia:
1399 1735 1510 1798 tua;
1527 1728 1595 1779 sit
1623 1742 1742 1798 pars
1776 1724 2102 1798 limrcditatis

515 1812 675 1853 mete.
699 1794 917 1853 Custodi
938 1812 1025 1851 me
1048 1806 1102 1851 ut
1120 1797 1375 1867 pupillam
1398 1797 1558 1861 oculi,
1583 1806 1637 1850 et
1658 1796 1758 1849 sub
1781 1794 1966 1867 umbra
1989 1795 2101 1849 ala-

513 1882 638 1923 rum
662 1877 868 1923 tuarum
891 1877 1108 1937 protegi:
1124 1866 1217 1921 ine
1237 1885 1249 1919 :
1270 1867 1388 1935 quia
1414 1877 1468 1919 tu
1488 1882 1546 1920 es
1568 1867 1734 1920 virtus
1757 1880 1894 1937 mea,
1921 1866 2100 1937 firma-

515 1947 760 1993 mentum
793 1936 971 1992 meum
990 1947 1044 1991 et
1064 1938 1324 2004 refugium
1357 1938 1586 1990 meum".
1608 1938 1689 1990 Ab
1721 1936 1939 1989 occultis
1968 1936 2103 1990 meis

514 2007 716 2061 munda
743 2023 850 2073 me,
883 2007 1124 2070 Domine,
1161 2018 1213 2060 ct
1253 2007 1320 2060 ab
1362 2007 1547 2059 alienis
1586 2021 1744 2073 parce
1791 2021 1944 2058 servo
1988 2016 2098 2060 tuo.

516 2076 670 2131 Mitte
697 2077 827 2130 mihi
852 2076 1104 2130 auxilium
1124 2076 1145 2106 ⁸
1171 2076 1238 2129 de
1265 2085 1469 2139 sancto,
1495 2085 1548 2130 et
1571 2075 1891 2130 desiderium
1914 2076 2104 2130 anima:

514 2161 655 2201 mea:
686 2146 858 2201 tribue
883 2146 1031 2200 milii.
1076 2146 1261 2200 Libera
1294 2161 1378 2199 me
1404 2146 1470 2200 de
1499 2161 1592 2200 ore
1619 2146 1792 2199 leonis
1811 2187 1825 2209 ,
1854 2155 1907 2199 et
1935 2145 2104 2201 deduc

515 2230 610 2271 me
633 2231 729 2285 per
757 2216 973 2271 semitas
998 2216 1218 2285 justitia:
1247 2226 1352 2270 tua:
1377 2234 1389 2270 :
1417 2224 1474 2270 ut
1503 2217 1699 2286 possim
1730 2215 2020 2271 ascendere
2049 2217 2105 2271 in

515 2295 757 2341 montem
782 2296 1023 2340 sanctum
1052 2294 1233 2351 tuum,
1266 2295 1321 2339 et
1347 2296 1490 2340 stare
1519 2288 1572 2339 in
1611 2286 1728 2339 loco
1758 2294 1944 2340 sancto
1971 2294 2061 2339 tuo
2084 2327 2100 2352 ,

514 2356 777 2413 innocens
796 2357 1043 2410 manibus
1071 2369 1125 2410 et
1152 2356 1352 2409 mundo
1381 2356 1559 2410 corde.
1585 2355 1784 2410 Delicta
1814 2355 2104 2421 iuventutis

513 2441 687 2491 mem,
720 2436 775 2482 et
816 2426 1138 2497 ignorantias
1169 2441 1315 2480 meas
1346 2442 1413 2481 ne
1443 2426 1769 2497 memineris.
1802 2425 1881 2479 Ne
1914 2426 2104 2494 perdas

513 2510 640 2551 cum
666 2496 1092 2567 impiis’animam
1123 2512 1315 2567 meam,
1336 2505 1390 2550 et
1417 2512 1483 2550 ne
1508 2496 1685 2550 tradas
1710 2511 1795 2549 me
1821 2497 1871 2549 in
1899 2498 2105 2551 animas

514 2565 950 2693 gersequentium
987 2581 1073 2621 me
1106 2582 1120 2619 :
1154 2565 1249 2620 sed
1293 2567 1362 2619 ita
1392 2567 1578 2621 exaudi
1613 2566 1872 2635 propitius
1918 2582 2103 2621 vocem

555 2637 912 2693 eurecationis
939 2650 1091 2693 meae.
1115 2646 1172 2689 ut
1198 2638 1533 2693 invocantem
1560 2636 1781 2693 aloriain
1809 2637 1977 2690 sancti
2011 2652 2103 2691 no-

555 2637 912 2706 eprecationis
939 2650 1091 2701 meae,
1115 2646 1172 2689 ut
1198 2638 1533 2695 invocantem
1560 2636 1781 2706 gloriam
1809 2637 1977 2690 sancti
2011 2652 2106 2691 no-

512 2705 679 2762 minis
707 2707 783 2761 tui
814 2707 998 2761 audias
1024 2708 1334 2771 clementer,
1369 2716 1423 2761 et
1452 2705 1754 2760 miserearis
1786 2706 1908 2770 mei,
1941 2714 1996 2759 et
2025 2706 2106 2760 in-

515 2776 680 2832 tende
704 2777 859 2843 mihi,
890 2778 1133 2840 Domine,
1164 2785 1224 2830 ut
1253 2791 1475 2845 sperans
1505 2776 1556 2829 in
1590 2786 1640 2828 te
1681 2791 1782 2828 non
1810 2774 2105 2845 confundar

515 2846 573 2914 in
588 2854 854 2902 mtcrnum
876 2862 888 2896 :
910 2846 1001 2899 sed
1025 2847 1233 2900 remitte
1248 2847 1268 2876 "
1284 2843 1418 2899 mihi
1441 2846 1763 2914 impietatem
1785 2845 1961 2900 cordis
1976 2843 2101 2900 mei.

514 2913 639 2972 Fiat
665 2915 1026 2971 misericordia
1057 2926 1143 2969 tua
1164 2957 1178 2980 ,
1212 2916 1435 2969 Domine
1454 2958 1469 2979 ,
1500 2913 1661 2984 super
1691 2932 1775 2970 me
1795 2957 1810 2979 ,
1844 2917 2105 2985 quemad-

515 2985 737 3041 modum
754 3000 913 3055 spero
941 2986 991 3040 in
1025 2994 1075 3040 te
1095 3005 1106 3037 :
1126 2994 1180 3040 et
1205 3002 1270 3039 ex
1292 2986 1537 3039 omnibus
1566 2986 1820 3053 angustiis
1851 2987 1982 3041 meis
2003 2988 2106 3041 eri-

516 3056 672 3127 piens
701 3071 786 3111 me
806 3097 820 3120 ,
853 3055 938 3111 dic
962 3056 1167 3127 anima:
1197 3072 1329 3110 mea:
1350 3097 1363 3119 ,
1410 3056 1565 3110 Salus
1608 3067 1696 3110 tua
1739 3072 1837 3125 ego
1864 3073 2001 3111 sum.
2037 3056 2107 3113 Et

515 3126 643 3195 auia
671 3127 724 3181 in
748 3126 1078 3196 protectione
1102 3127 1304 3180 alarum
1337 3136 1544 3180 tuarum
1571 3142 1747 3196 spero,
1770 3128 1835 3179 da
1865 3127 1992 3181 mihi
2018 3143 2108 3195 pe-

516 3196 762 3266 titionem
793 3195 970 3251 cordis
997 3198 1120 3261 mei,
1145 3205 1199 3251 et
1228 3197 1443 3251 intende
1474 3198 1524 3250 iu
1553 3197 1873 3264 adjutorium
1903 3214 2102 3266 meum,

515 3265 745 3322 Domine
768 3266 909 3323 Deus
936 3267 1120 3321 salutis
1146 3283 1299 3321 mea).
1322 3266 1517 3321 Notum
1543 3267 1626 3321 fac
1653 3268 1777 3321 mihi
1800 3310 1813 3328 ,
1845 3268 2065 3322 Domine
2086 3310 2103 3335 ,

515 3335 679 3392 ﬁnem
708 3352 908 3401 meum,
934 3345 988 3389 et
1016 3352 1293 3390 numerum
1318 3336 1524 3390 dierum
1554 3353 1790 3391 ineorum
1818 3355 1829 3389 :
1856 3346 1913 3391 ut
1940 3339 2107 3392 sciam

513 3407 645 3476 quid
690 3406 827 3461 desit
855 3406 1007 3460 mihi.
1037 3406 1241 3459 Exaudi
1264 3406 1530 3476 propitius
1560 3408 1743 3461 vocem
1775 3407 2108 3476 deprecatio-

514 3475 604 3531 nis
634 3491 788 3541 meae,
817 3485 871 3529 et
896 3476 1030 3530 educ
1055 3491 1140 3529 me
1166 3476 1231 3529 de
1258 3475 1375 3528 lacu
1405 3477 1653 3537 niiSerim,
1682 3487 1736 3529 et
1761 3477 1827 3530 de
1850 3475 1965 3530 luto
2009 3478 2106 3533 fae-

514 3546 618 3602 cis.
647 3545 831 3602 Statue
857 3559 1019 3615 supra
1046 3555 1249 3614 petram
1276 3544 1437 3614 pedes
1464 3561 1633 3607 meos,
1666 3555 1720 3598 et
1748 3546 1915 3615 dirige
1942 3548 1993 3601 in
2017 3563 2105 3602 se-

516 3616 705 3686 mitam
731 3622 929 3671 rectam
974 3630 1189 3686 gressus
1214 3630 1383 3670 meos.
1417 3616 1472 3669 [ii
1503 3616 1588 3670 die
1615 3616 1752 3669 mala
1786 3617 1947 3671 libera
1980 3633 2064 3672 inc
2088 3658 2102 3683 ,

515 3684 767 3751 Domine,
800 3696 858 3740 ut
887 3684 1152 3756 ingrediar
1180 3686 1231 3739 in
1266 3686 1438 3740 locum
1468 3686 1792 3740 tabernaculi
1822 3686 2108 3742 admirabi—

516 3756 588 3825 lis
607 3757 797 3811 domus
824 3755 913 3811 Dei
930 3755 1087 3825 ;qiiia
1117 3765 1172 3810 tu
1197 3773 1255 3811 cs
1278 3756 1417 3810 Deus
1443 3772 1592 3810 nieus
1622 3766 1673 3809 et
1695 3755 1945 3810 fortitudo
1965 3773 2104 3812 mea.

516 3824 598 3882 Ne
622 3826 856 3882 declines
885 3824 1096 3897 gressus
1125 3842 1273 3880 meos
1302 3843 1329 3878 a
1361 3827 1441 3879 via
1487 3836 1570 3880 tua
1596 3828 1616 3857 ⁸
1651 3843 1661 3879 :
1699 3837 1754 3880 ut
1778 3827 1990 3896 diligam
2016 3828 2104 3897 ju-

517 3898 741 3964 stitiam,
772 3906 826 3951 et
854 3896 1029 3951 odiam
1058 3898 1407 3966 iniquitatem.
1454 3898 1577 3949 [isto
1606 3898 1731 3949 milii
1762 3896 2029 3964 refugium
2053 3908 2108 3954 et

517 3968 721 4031 virtus,
753 3967 875 4036 quia
901 3977 956 4020 tu
981 3984 1038 4021 es
1067 3983 1158 4021 rex
1188 3983 1408 4034 magnus
1452 3983 1611 4035 super
1637 3983 1850 4021 omnem
1883 3978 2103 4023 terram.

517 4037 621 4103 Qui
650 4037 790 4104 regis
819 4053 1005 4091 omnes
1036 4038 1087 4091 in
1123 4039 1314 4090 sei-cuia
1335 4078 1347 4095 .
1381 4037 1545 4091 libera
1577 4038 1808 4090 animam
1835 4053 2006 4092 meam
2036 4040 2106 4094 do

516 4123 682 4162 manu
711 4108 895 4167 inferi,
926 4124 1047 4159 cuni
1074 4108 1340 4171 acceperit
1381 4123 1484 4157 ine.
1519 4107 1596 4159 'l‘u
1639 4116 1814 4159 autem
1841 4123 1961 4162 cum
1992 4126 2106 4162 ma-

516 4177 745 4232 nifestus
775 4175 935 4228 fueris
965 4176 1028 4228 ad
1060 4176 1401 4242 jiiilicandum
1431 4192 1527 4227 nos
1548 4218 1560 4237 ,
1595 4177 1852 4231 miserere
1883 4182 1983 4231 mei
2018 4195 2104 4234 se-

517 4246 752 4301 cundum
797 4260 1040 4311 magnam
1085 4244 1501 4314 iiii~ericordiam
1532 4255 1671 4297 tuam
1709 4264 1721 4297 :
1754 4258 1804 4299 et
1848 4247 2105 4314 Spiritum

517 4324 764 4371 sanctum
795 4322 938 4366 tuum
967 4330 1035 4367 ne
1058 4313 1268 4383 auferas
1298 4331 1326 4367 a
1358 4331 1458 4367 me.
1495 4316 1706 4373 Averte,
1737 4313 1974 4383 piissime
2001 4318 2104 4372 Do-

517 4385 698 4449 mine,
730 4385 779 4437 iu
825 4383 950 4437 liora
992 4384 1078 4437 illa
1110 4381 1299 4438 faciem
1345 4394 1485 4437 tuam
1517 4400 1546 4437 a
1580 4381 1811 4452 peccatis
1856 4387 2021 4451 meis,
2055 4398 2108 4442 et

516 4470 708 4511 omnes
730 4454 1031 4524 iniquitates
1054 4469 1200 4507 ineas
1221 4454 1359 4509 dele.
1376 4454 1481 4508 Cor
1503 4455 1757 4508 mundum
1779 4471 1900 4509 crca
1926 4457 1975 4509 in
1997 4474 2101 4524 me,

523 4527 662 4580 Deus
682 4568 696 4591 ,
727 4536 780 4579 et
806 4526 1048 4592 spiritum
1080 4536 1281 4579 rectum
1311 4525 1501 4579 innova
1534 4526 1586 4578 in
1616 4527 1907 4580 visceribus
1934 4530 2103 4583 uicis:

518 4600 732 4651 utsicut
758 4596 893 4650 oliva
913 4595 1180 4651 fructifera
1209 4597 1259 4649 in
1281 4595 1523 4664 paradiso
1543 4595 1636 4648 Dei
1667 4597 1767 4649 mei
1787 4597 1961 4650 oleum
1983 4612 2108 4651 san-

516 4668 717 4721 ctitatis
760 4668 1023 4735 accipiar,
1058 4678 1111 4721 et
1152 4668 1221 4719 ibi
1252 4667 1511 4721 exsultem
1534 4667 1555 4699 ’
1581 4681 1700 4719 cum
1726 4667 1925 4729 .lacob,
1959 4676 2012 4721 et
2051 4670 2105 4723 in

519 4745 781 4791 aeternum
819 4738 965 4792 licter
990 4753 1110 4790 cum
1142 4736 1319 4790 Israel.
1355 4738 1506 4791 Salva
1538 4752 1620 4788 me
1653 4736 1703 4788 in
1734 4746 1824 4790 tuo
1853 4740 2065 4791 nomine
2090 4780 2103 4801 ,

519 4818 715 4874 tuaque
732 4807 924 4861 virtute
946 4808 1107 4861 libera
1132 4823 1234 4861 me.
1253 4808 1330 4861 Ne
1347 4806 1657 4875 despexeris
1678 4807 2104 4874 deprecationem

521 4891 719 4943 meam,
742 4878 834 4931 sed
866 4879 1119 4932 miserere
1146 4878 1269 4932 mei.
1300 4877 1444 4931 Mitte
1465 4877 1531 4931 de
1558 4876 1715 4943 cwlo,
1734 4888 1786 4932 et
1811 4878 1974 4932 libera
1997 4896 2103 4947 me,

582 4965 601 4996 ⁸
623 4972 701 5027 Its.
725 4965 917 5027 Regius,
942 4972 1072 5013 Deus
1092 4969 1251 5027 Pater,
1278 4970 1393 5012 Rex.

581 5027 604 5059 '
624 5026 789 5087 Abest,
800 5025 1020 5087 tuorum.
1034 5037 1073 5087 Aa
1092 5025 1238 5087 Regio
1255 5032 1336 5073 us.

583 5087 606 5120 ³
629 5084 1321 5156 ldem_lus._Mcaddit,amn;
1361 5093 1414 5136 et
1448 5098 1560 5136 mox
1582 5084 1751 5148 habet,
1792 5085 2104 5153 dereliuquis,

517 5146 1072 5282 ωτθὲῗῖῗιῖἇθῖίφῖμξιρ
1095 5212 1309 5282 prope
1652 5269 1664 5282 .

560 5269 998 5384 ῧλᾳῶωίιιιι
1013 5269 1145 5320 idem
1159 5269 1336 5331 codex,
1362 5282 1559 5334 nempe,
1581 5269 1696 5335 quia
1715 5276 1768 5322 tu
1788 5283 1941 5325 es..."
1968 5273 2105 5336 refu-

681 5345 863 5383 meum

520 5343 664 5399 enim
681 5345 863 5383 meum

585 5393 608 5457 ξ
629 5393 772 5454 Alias,
795 5392 1039 5457 angelum.

583 5455 605 5519 ἶ
626 5460 708 5505 Ms.
729 5453 878 5519 neg;
890 5460 1080 5519 avcrte;
1100 5455 1294 5519 omisso,

583 5513 706 5577 9M3.
733 5513 892 5577 idem,
914 5515 1028 5566 vita.

584 5575 607 5609 ⁸
620 5583 704 5627 Ms.
727 5575 887 5638 idem,
912 5578 1149 5643 accipiam
1164 5578 1368 5642 qualiter
1387 5578 1636 5631 exsultem.

2208 397 2262 442 et
2296 386 2362 439 da
2391 388 2442 441 in
2473 387 2817 457 opprobrium
2847 386 3221 444 conculcantes
3246 401 3333 442 me
3363 400 3378 439 ε
3409 395 3631 445 contere
3656 383 3814 447 den-

2206 466 2284 529 tes
2311 473 2491 510 Cal’lllll
2523 460 2573 512 iu
2592 476 2684 514 ore
2712 462 3037 529 ipsorum,et
3063 457 3521 529 coiifringe‘molas
3545 458 3802 529 leonum.

2206 527 2346 580 Deus
2375 544 2525 581 incus
2551 548 2607 583 es
2639 540 2694 584 tu
2721 527 2774 584 et
2800 527 3159 584 misericordia
3191 543 3342 591 mea;
3370 530 3574 583 salvum
3601 545 3690 583 me
3711 528 3807 585 fa-

2206 598 2312 649 ciat
2337 598 2551 651 dcxtcra
2584 611 2686 660 tua,
2714 611 2764 654 et
2795 610 3039 667 protcgar
3061 616 3089 650 a
3113 597 3411 652 velamento
3436 598 3643 652 alarum
3668 612 3800 653 tua-

2203 682 2352 727 rum,
2389 685 2506 718 cuni
2544 671 2835 723 reddideris
2865 669 3087 735 singulis
3122 668 3412 721 secundum
3443 684 3606 737 opera
3637 671 3800 737 ipso-

2202 751 2341 790 rum.
2401 738 2531 789 Dum
2560 741 2666 792 sitit
2694 743 2743 793 iii
2776 752 2824 793 te
2850 742 2860 769 ¹
2896 744 3068 792 auium
3100 755 3232 801 inca,
3261 747 3478 808 protegc
3507 755 3641 794 nica
3662 756 3796 797 con-

2201 817 2359 861 ventu
2390 808 2804 875 uizilignantiuin.
2851 812 2981 862 (Iuni
3009 808 3072 861 ad
3104 818 3153 863 te
3184 811 3357 862 omnis~
3383 825 3510 864 caro
3537 813 3792 880 venerit,

2204 892 2308 931 non
2353 894 2601 931 amovi-us
2630 896 2658 932 a
2690 898 2772 932 nii-
2801 880 3216 933 iiiisci'icoi'di.iiii
3249 892 3389 932 tiiaiii
3411 921 3424 944 ,
3455 888 3511 934 ct
3538 883 3795 949 Spiritum

2202 956 2442 1003 sanctum
2467 958 2611 1004 tuum
2639 967 2701 1004 ue
2726 951 2934 1003 auferas
2964 968 2990 1001 a
3023 966 3109 1002 ine
3130 952 3148 980 ²
3171 966 3184 1010 ;
3217 950 3310 1002 si-d
3336 951 3571 1004 illumiua
3598 953 3798 1009 faciem

2204 1027 2345 1072 tuam
2375 1035 2535 1086 super
2560 1036 2662 1073 me.
2690 1021 3007 1087 i'ruspcruiii
3036 1019 3135 1074 iter
3159 1019 3239 1072 f.ic
3266 1021 3576 1085 iiiilii,Deus
3596 1023 3804 1078 saluta-

2201 1089 2276 1165 ris
2304 1105 2453 1144 incus
2476 1108 2486 1143 :
2509 1099 2564 1143 ut
2590 1106 2692 1144 non
2711 1091 2993 1145 absorbent
3011 1106 3095 1144 me
3124 1090 3460 1165 profundum,
3480 1108 3652 1165 neque
3666 1109 3802 1165 ape-

2203 1160 2305 1214 riat
2345 1175 2505 1228 super
2530 1176 2613 1213 me
2657 1170 2848 1230 puteus
2872 1176 2936 1214 os
2974 1177 3149 1214 suum.
3197 1160 3420 1229 Adjutor
3449 1170 3506 1217 et
3535 1160 3799 1222 liberaior

2204 1245 2355 1303 meus
2376 1241 2510 1293 esto,
2532 1231 2773 1296 Domine,
2796 1248 2861 1286 ne
2893 1231 3206 1303 tardaveris.
3226 1231 3486 1299 Quoniam
3514 1233 3565 1287 in
3597 1242 3649 1288 te
3669 1249 3800 1303 spe-

2204 1316 2266 1354 ro
2285 1343 2300 1365 ,
2333 1301 2554 1374 Domine
2574 1343 2589 1374 _,
2636 1317 2741 1356 non
2770 1302 3063 1374 confundar
3092 1302 3144 1355 iii
3175 1311 3453 1374 aeternum.
3483 1303 3616 1359 Cum
3639 1301 3793 1374 judi-

2206 1371 2411 1443 caveris
2431 1372 2680 1441 pepulum
2700 1384 2868 1436 tuum,
2892 1382 2946 1443 et
2972 1373 3024 1426 lii
3051 1374 3139 1441 qui
3167 1388 3226 1427 se
3254 1372 3503 1443 elongant
3529 1389 3561 1428 a
3586 1371 3798 1443 teper-

2206 1392 2411 1426 CilVCl‘lS
2431 1392 2680 1441 ρορυιιηη
2700 1392 2868 1436 ιιιιιηι,
2892 1392 2946 1427 ει
2972 1392 3024 1426 ΙΙΙ
3051 1392 3139 1441 QUI
3167 1392 3226 1427 se
3254 1392 3503 1443 elongant
3529 1392 3561 1428 a
3586 1392 3645 1430 te
3771 1407 3797 1418 ο

2205 1440 2351 1513 ibunt
2377 1484 2391 1513 ,
2422 1459 2490 1497 ne
2541 1455 2747 1497 avertar
2775 1459 2874 1512 ego
2904 1442 3117 1498 humilis
3145 1443 3316 1497 factus
3345 1444 3621 1501 confusus.
3653 1392 3797 1513 (ςξὶ

2205 1512 2344 1565 niam
2365 1512 2540 1581 justus
2560 1514 2722 1579 judex
2751 1530 2809 1568 es
2829 1555 2843 1579 ,
2876 1513 3123 1568 humilias
3150 1525 3199 1568 et
3234 1515 3436 1570 exaltas
3454 1557 3468 1577 ,
3502 1516 3661 1571 nimis
3682 1512 3797 1572 iter-

2206 1581 2392 1647 ribilis,
2413 1594 2465 1637 et
2490 1585 2606 1652 quis
2626 1585 2838 1638 resistet
2864 1585 2956 1639 tibi
2985 1593 3109 1639 tunc
3134 1584 3203 1639 ab
3229 1585 3304 1638 ira
3333 1587 3454 1640 tua?
3471 1586 3548 1641 Tu
3567 1602 3628 1641 es
3648 1588 3797 1645 Deus

2206 1652 2294 1720 qui
2327 1652 2737 1726 facisinirabilia
2766 1670 2953 1725 magna
2980 1656 3146 1726 solus.
3174 1656 3321 1711 Sicut
3359 1657 3609 1726 populum
3637 1668 3791 1714 tuum

2207 1737 2342 1791 pane
2368 1724 2540 1777 aluisti
2572 1725 2623 1778 in
2650 1724 2886 1791 deserto,
2908 1734 2963 1780 et
2984 1725 3252 1781 desiderio
3275 1724 3373 1781 suo
3400 1724 3507 1781 non
3533 1728 3793 1786 fraudati

2205 1807 2364 1857 eum;
2397 1793 2465 1847 ita
2496 1810 2582 1850 me
2621 1796 2942 1850 esurientem
2972 1799 3140 1862 gratia
3186 1806 3271 1852 tua
3317 1797 3555 1864 reficiat,
3599 1808 3653 1853 et
3675 1799 3793 1854 cito

2207 1864 2494 1983 prmveiiiat
2532 1865 2894 1921 misericordia
2924 1874 3032 1922 tua.
3064 1869 3129 1921 Et
3156 1876 3206 1921 tu
3236 1867 3363 1922 mihi
3392 1877 3569 1934 tutor,
3600 1884 3791 1937 panem

2228 1946 2558 1983 acrvmarum
2603 1946 2655 1983 et
2678 1936 3084 1983 amaritudinem
3113 1939 3579 1983 isniiiiiiiimtimmm
3614 1940 3790 1983 lrilnm

2209 1936 2559 2012 lacryinarum
2603 1946 2655 2012 et
2678 1936 3084 2012 amaritudinem
3107 1939 3579 2012 coiiipuiictionuin
3602 1936 3790 1998 tribue

2207 2006 2262 2055 in
2287 2013 2543 2083 tempore
2572 2006 2929 2083 tribulationis
2964 2027 2976 2062 :
3007 2018 3061 2062 et
3088 2007 3153 2083 da
3181 2006 3248 2083 de
3277 2019 3439 2083 petra
3466 2011 3790 2083 mellisdul-

2206 2072 2446 2153 cedrinem
2480 2077 2686 2143 capiam
2714 2078 2933 2132 interna:
2976 2079 3257 2153 suavitatis
3273 2072 3313 2131 ³ζ
3350 2080 3490 2153 Deus
3524 2082 3618 2153 qui
3648 2082 3791 2138 inter

2203 2149 2376 2224 iustos
2400 2154 2453 2200 et
2483 2157 2787 2214 peccatores
2813 2161 3001 2203 cuncta
3033 2149 3310 2224 discernis.
3338 2150 3428 2219 qui
3455 2152 3603 2224 solus
3624 2153 3793 2224 csa}.

2209 2221 2446 2293 tissimus
2474 2231 2633 2293 super
2658 2232 2845 2275 omnes
2867 2229 3072 2293 gentes,
3102 2222 3363 2293 misererer
3382 2221 3509 2286 mei,
3537 2233 3589 2276 et
3616 2223 3791 2280 tritum

2207 2284 2336 2365 milii
2368 2286 2825 2365 benedictionem,
2854 2284 3151 2365 quinlegem
3176 2291 3368 2365 dedisti
3400 2308 3414 2343 :
3450 2284 3660 2347 remitte
3686 2294 3791 2348 ini-

2208 2358 2462 2430 quitatem
2491 2358 2667 2430 cordis
2694 2361 2833 2423 mei,
2863 2370 2916 2413 et
2940 2360 3147 2414 dimitte
3180 2361 3354 2415 omnia
3386 2372 3602 2430 peccata
3628 2378 3745 2419 mea
3770 2382 3788 2418 :

2207 2433 2262 2478 ct
2286 2425 2491 2501 salvum
2523 2428 2605 2501 lac
2627 2443 2847 2501 servum
2880 2440 3022 2484 tiiuui
3050 2432 3192 2485 Deus
3220 2447 3368 2486 meus
3388 2425 3707 2501 sperantem
3736 2436 3789 2490 in

2208 2502 2279 2576 te.
2303 2495 2546 2576 Deusqui
2565 2498 2791 2553 fundasti
2812 2500 3101 2576 Ecclesiaiii
3126 2514 3267 2556 tuam
3287 2501 3306 2533 "
3324 2504 3374 2557 in
3393 2495 3662 2576 montibus
3674 2519 3789 2560 san-

2208 2568 2326 2629 ctis,
2356 2568 2547 2621 inclina
2575 2584 2760 2624 aurem
2792 2582 2931 2625 tuam
2955 2572 3020 2625 ad
3049 2590 3255 2639 precem
3283 2590 3472 2627 meam.
3499 2575 3683 2629 Manus
3701 2590 3790 2630 er-

2208 2649 2276 2716 go
2304 2644 2390 2689 tua
2416 2638 2547 2716 mihi
2570 2640 2851 2716 auxilietur
2870 2683 2883 2702 .
2914 2659 2981 2695 ne
3004 2638 3215 2716 avertar
3240 2644 3290 2697 in
3335 2644 3655 2708 humilitate;
3687 2646 3789 2702 sed

2210 2706 2374 2787 libera
2403 2723 2488 2762 me
2518 2708 2802 2787 delaqueo
2843 2714 3179 2787 venantium,
3228 2723 3282 2787 et
3310 2731 3337 2767 a
3370 2717 3516 2787 ruina
3536 2756 3561 2787 ,γ
3582 2706 3651 2787 et
3674 2716 3793 2787 dir.-

2210 2778 2390 2849 monio
2412 2778 2744 2849 meridiano:
2772 2791 2832 2836 ut
2860 2785 3122 2849 plautatus
3151 2786 3200 2837 in
3231 2784 3390 2839 domo
3418 2786 3625 2839 Domini
3651 2786 3788 2842 sicut

2211 2845 2383 2914 palma
2422 2847 2675 2923 ﬂoream,
2708 2862 2761 2905 et
2788 2845 2921 2907 sicut
2952 2853 3141 2907 cedrus
3162 2896 3176 2916 ,
3208 2870 3326 2923 qua:
3350 2865 3431 2909 est
3468 2856 3520 2909 in
3549 2856 3745 2911 Libano
3767 2899 3783 2922 ,

2210 2931 2421 2997 {nercgr
2448 2920 2785 2997 multiplicari
2892 2920 3270 2997 longitudinem
3292 2925 3520 2997 dierum.
3546 2927 3673 2981 Esto
3690 2920 3787 2982 Ini-

2210 2984 2267 3040 hi
2295 2987 2553 3058 refugium
2575 2984 2669 3055 [ει
2706 2993 2959 3047 auxilium
2984 2984 3100 3060 spei
3148 3011 3282 3067 metu
3303 3038 3317 3060 ,
3350 2996 3491 3051 Deus
3526 3013 3706 3067 meus,
3732 3008 3786 3054 et

2210 3072 2303 3132 rex
2325 3074 2549 3129 magnus
2568 3075 2729 3131 super
2748 3079 2958 3119 omnem
2983 3073 3197 3118 terram.
3222 3065 3353 3120 Cum
3372 3065 3786 3132 jiidicaveris'or-

2210 3128 2332 3182 bem
2363 3128 2520 3204 terra:
2545 3132 2597 3204 in
2615 3128 2884 3200 aiquitate,
2903 3144 2957 3188 et
2983 3135 3203 3204 pepulos
3230 3137 3281 3190 in
3300 3128 3520 3193 veritate
3550 3149 3653 3198 tua.
3674 3139 3785 3193 luco

2211 3201 2430 3280 perenni
2460 3202 2704 3280 perfruar
2737 3220 2857 3280 cum
2881 3201 3071 3273 justis,
3100 3215 3154 3261 et
3178 3222 3298 3280 cuin
3325 3209 3487 3280 rectis
3512 3209 3672 3263 corde
3699 3210 3783 3263 lie-

2211 3274 2323 3324 titia
2359 3288 2372 3324 :
2405 3274 2573 3328 salvet
2614 3289 2698 3328 ine
2723 3274 2939 3330 dextera
2984 3286 3104 3339 tua.
3153 3287 3208 3331 et
3249 3278 3521 3332 brachium
3550 3288 3781 3335 sanctum

2213 3349 2381 3394 tuum.
2410 3342 2510 3408 Qui
2537 3342 2691 3399 sedes
2714 3361 2876 3416 super
2902 3346 3208 3413 Clierubiiii,
3230 3347 3312 3402 fac
3338 3365 3423 3404 me
3449 3364 3569 3405 esse
3595 3352 3643 3402 in
3671 3365 3788 3406 con-

2211 3418 2513 3488 Spectutuo
2540 3430 2661 3488 cum
2691 3417 3042 3488 exsultatione
3074 3434 3087 3470 :
3123 3428 3178 3471 ut
3202 3420 3573 3488 perambuleui
3595 3422 3617 3453 ⁸
3646 3423 3695 3474 in
3716 3422 3787 3475 in-

2210 3483 2454 3536 nocentia
2479 3484 2656 3540 cordis
2682 3487 2785 3542 mei
2807 3488 2863 3541 in
2891 3487 3068 3542 medio
3086 3483 3278 3543 dom—us
3304 3504 3460 3545 meai.
3486 3490 3600 3545 Non
3620 3491 3786 3547 adhzc-

2211 3559 2327 3605 reat
2347 3552 2476 3607 mihi
2499 3569 2595 3609 cor
2616 3570 2833 3630 pravum
2860 3575 2873 3609 :
2896 3558 2990 3613 sed
3011 3559 3116 3613 sint
3140 3561 3279 3614 oculi
3302 3562 3405 3615 mei
3427 3576 3587 3630 super
3607 3561 3786 3617 ﬁdeles

2211 3630 2424 3701 sanctos
2446 3632 2570 3701 tuos
2589 3666 2604 3691 ,
2635 3636 2693 3679 ut
2721 3627 2933 3701 sedeam
2970 3644 3089 3701 eum
3120 3630 3198 3682 eis
3224 3627 3507 3685 ambulans
3532 3647 3627 3700 per
3653 3633 3785 3687 viain

2214 3693 2625 3760 immaculatum,
2643 3712 2762 3751 cum
2784 3698 3164 3766 disperdideris
3189 3715 3284 3768 per
3308 3693 3563 3766 judicium
3579 3702 3647 3758 de
3670 3703 3789 3757 civi-

2213 3769 2322 3843 tate
2352 3772 2440 3817 tua
2467 3779 2656 3843 omnes
2683 3769 2772 3843 qui
2799 3784 2940 3823 nunc
2961 3770 2981 3799 ⁸
3002 3780 3290 3843 operantur
3317 3772 3664 3840 iniquitatem.
3691 3774 3790 3828 Do-

2212 3833 2376 3905 mine,
2398 3833 2588 3905 exaudi
2617 3833 2911 3891 orationem
2936 3833 3130 3905 meam,
3162 3851 3216 3894 et
3244 3833 3446 3896 clamor
3471 3858 3619 3897 meus
3646 3843 3712 3897 ad
3739 3853 3789 3899 ω

2216 3904 2409 3983 veniat:
2438 3904 2553 3983 Non
2574 3916 2782 3983 avertas
2809 3908 2994 3983 faciem
3023 3919 3164 3963 tuam
3187 3928 3215 3965 a
3240 3928 3323 3965 me
3347 3930 3359 3965 :
3384 3913 3435 3983 in
3457 3928 3793 3983 quacumque

2212 3972 2297 4027 die
2320 3975 2563 4052 tribulor,
2587 3976 2780 4052 inclina
2800 3979 2866 4033 ad
2891 3996 2974 4033 me
2994 3996 3176 4034 aurem
3200 3990 3356 4035 tuam.
3386 3972 3647 4052 Propitius
3667 3972 3793 4041 esto

2212 4045 2458 4099 omnibus
2486 4046 2849 4115 iniquitatibus
2878 4053 3029 4111 meis,
3056 4054 3358 4118 redime-ine
3385 4052 3451 4106 de
3479 4045 3690 4107 interitu
3712 4056 3792 4109 vi-

2213 4121 2542 4192 tam_iii_eam.
2568 4119 2707 4172 Salia
2739 4120 2790 4173 in
2823 4122 2974 4192 bouis
2993 4122 3315 4176 desiderium
3345 4139 3537 4176 meum.
3584 4124 3682 4192 Qui
3704 4140 3789 4180 re-

2212 4186 2374 4263 spicis
2404 4187 2456 4241 in
2488 4196 2682 4263 terrain
2705 4230 2720 4253 ,
2751 4200 2803 4243 et
2833 4190 2961 4263 facis
2989 4208 3106 4244 cani
3139 4203 3399 4253 tremere.
3431 4195 3519 4263 qui
3565 4186 3787 4251 eduxisti

2287 4258 2464 4323 pulum
2495 4270 2639 4332 tuum
2668 4260 2719 4313 in
2747 4262 3096 4332 exsultatione
3116 4305 3130 4327 ,
3165 4274 3217 4315 ct
3254 4258 3461 4318 electos
3490 4267 3539 4317 in
3572 4266 3743 4319 lirtitia
3766 4306 3783 4332 ,

2235 4330 2296 4379 ac
2323 4344 2408 4381 me
2437 4328 2705 4384 custodire
2743 4331 2998 4398 judicium
3028 4342 3078 4384 ct
3101 4333 3359 4399 justitiam
3404 4335 3456 4387 in
3483 4336 3625 4388 omni
3656 4328 3785 4390 leui;

2214 4411 2341 4464 pore
2377 4416 2389 4451 :
2421 4400 2557 4475 educ
2579 4415 2663 4453 nie
2698 4400 2765 4454 de
2793 4402 3022 4455 tenebris
3052 4412 3106 4456 et
3133 4405 3317 4456 umbra
3347 4407 3533 4459 mortis
3554 4448 3568 4465 .
3612 4415 3665 4459 ut
3693 4421 3785 4475 pa-

2214 4475 2331 4520 rato
2360 4469 2521 4542 corde
2561 4480 2769 4525 cautem
2793 4512 2806 4533 ,
2837 4483 2884 4525 ct
2916 4475 3175 4542 psalmum
3203 4476 3375 4526 dicam
3405 4478 3517 4529 tibi.
3551 4475 3652 4529 Fac
3675 4469 3784 4531 me-

2213 4551 2332 4591 cuni
2374 4539 2581 4609 signum
2611 4542 2661 4593 in
2691 4542 2882 4595 bonum
2914 4539 3126 4607 propter
3154 4545 3569 4599 tltiSt‘riCttl'tiiﬂm
3612 4559 3661 4600 et
3692 4563 3783 4598 no-

2215 4623 2334 4687 iiien
2363 4618 2509 4662 tuum
2545 4628 2558 4662 :
2593 4622 2647 4664 ut
2677 4611 2727 4664 in
2751 4615 3471 4687 splendori‘luissanctorum,
3493 4618 3542 4670 in
3571 4617 3786 4672 consilio

2209 4684 2469 4753 jusloriiin
2498 4684 3212 4753 ctcongregatione,justitia
3244 4703 3358 4738 nica
3389 4698 3591 4742 maneat
3623 4689 3673 4739 iii
3693 4703 3786 4741 su:-

2213 4750 2389 4824 c_u|iim
2416 4752 2628 4824 sa-culi_,
2657 4760 2714 4824 et
2745 4769 2909 4824 cornu
2939 4750 3113 4807 incum
3143 4757 3406 4810 exaltetur
3435 4758 3485 4810 iii
3512 4759 3697 4824 gloria.
3729 4758 3786 4813 Et

2214 4818 2338 4871 dum
2368 4835 2451 4872 me
2477 4821 2718 4894 suscitari
2743 4822 2965 4889 jussei-is
2988 4824 3052 4877 dc
3082 4836 3216 4878 terra
3247 4827 3477 4894 inopi-ni,
3499 4818 3554 4882 ct
3569 4829 3635 4882 de
3659 4839 3788 4882 ster-

2212 4902 2337 4970 core
2352 4893 2588 4970 terrueris
2618 4908 2920 4970 patiperciii,
2943 4896 3249 4970 lteiiedicain
3279 4893 3409 4970 teex
3432 4900 3597 4951 hocet
3626 4913 3788 4968 usque

2213 4962 2267 5035 in
2292 4962 2564 5019 arculum.
2586 4973 2639 5015 ct
2667 4974 2788 5035 tunc
2819 4966 3051 5032 placeam
3081 4967 3168 5018 lilii
3197 4967 3247 5019 in
3274 4969 3488 5035 regione
3513 4962 3747 5021 vivorum
3772 4983 3787 5029 ς

2210 5028 2483 5100 disrumpe
2510 5034 2713 5088 vincula
2744 5028 2857 5087 mea
2882 5078 2894 5093 ,
2927 5045 2980 5089 et
3009 5037 3263 5090 confirma
3298 5028 3382 5090 in'c
3411 5039 3460 5090 in
3492 5039 3790 5093 miscricor-

2211 5099 2297 5156 dia
2324 5099 2432 5157 tua.
2455 5101 2586 5158 Cum
2619 5103 2673 5160 in
2696 5105 3032 5160 tribulatione
3062 5108 3375 5162 invocavero
3406 5117 3456 5162 te
3479 5151 3493 5174 ,
3529 5108 3748 5165 Domine
3772 5151 3786 5177 ,

2276 5273 2990 5347 intsmegiuscmﬁdjtinte.
3246 5346 3252 5347 ί
3340 5345 3347 5347 ξ
3428 5336 3439 5347 ,

2275 5337 2295 5400 ξ
2318 5342 2428 5385 Haec
2449 5338 2685 5386 omissam
2709 5337 2883 5400 eodem
2908 5346 3010 5398 tiis.,
3031 5337 3277 5396 videlicet,
3298 5345 3348 5388 rt
3363 5337 3790 5400 spiritwn...amc.

2274 5397 2296 5462 ξ
2320 5405 2399 5445 MS.
2420 5399 2609 5462 Regius,
2649 5398 2886 5462 accipiam
2909 5397 3036 5450 intra
3062 5413 3138 5449 me
3160 5397 3421 5462 suavitatis.

2271 5457 2294 5523 ξ
2319 5465 2397 5507 Ms.
2420 5457 2549 5523 idem
2572 5457 2765 5520 emittit,
2801 5470 2964 5523 tuam;
2989 5471 3039 5511 et
3056 5475 3189 5519 mox,
3207 5467 3254 5510 et
3276 5459 3477 5511 arvina.

2273 5519 2295 5584 ξι
2319 5526 2397 5584 ius.
2427 5520 2572 5581 idem,
2600 5523 2889 5584 perambulet
2918 5519 3080 5573 anima
3100 5536 3225 5573 mea.

2272 5580 2291 5611 ⁶
2311 5582 2474 5641 Abest,
2498 5580 2624 5632 mare
2639 5619 2653 5643 ,
2676 5598 2702 5632 a
2727 5592 2807 5635 Ms.
2836 5588 2999 5648 ttegio.

521 5654 660 5768 8%)
684 5665 734 5705 In
756 5668 871 5709 ante
895 5660 1037 5709 editis
1076 5663 1354 5731 inscriptum
1387 5675 1398 5707 ε
1446 5680 1473 5732 ιι.
1507 5661 1686 5734 aurelii
1710 5648 1962 5725 Augustini
1994 5660 2310 5724 Hipponensis
2334 5667 2563 5725 episcopi,
2581 5667 2706 5727 quod
2727 5670 2864 5716 matri
2892 5632 2995 5720 suum
3016 5669 3302 5733 composuit.
3326 5684 3348 5720 ι
3388 5647 3517 5725 Δι’ίὰ
3538 5675 3621 5724 MS.

647 5751 662 5768 .
686 5716 757 5768 sic
778 5730 794 5768 ζ
819 5733 845 5768 ί
864 5723 1030 5768 metuit
1050 5720 1331 5768 Psalterium
1346 5722 1475 5768 beati
1489 5729 1679 5768 Joannis
1696 5731 1830 5768 Parte
1852 5722 1997 5768 (forte
2037 5724 2193 5768 nm.
2216 5723 2387 5768 factum
2408 5727 2530 5768 amid
2559 5736 2577 5768 \
2595 5729 2775 5768 Sinnius.
2794 5746 2812 5768 υ

549 5716 757 5798 praue
778 5730 794 5774 ς
819 5733 845 5770 ί
864 5723 1030 5803 incipit
1050 5716 1331 5774 Psalterium
1342 5722 1475 5793 beati
1489 5726 1679 5775 Joannis
1696 5716 1830 5786 rugis
1852 5722 1997 5787 (forte
2034 5716 2193 5788 Χέιιι),
2215 5716 2388 5776 factum
2408 5716 2531 5788 apud
2554 5716 2577 5775 ’κ
2593 5716 2776 5779 ἰρνωιις.
2793 5746 2812 5775 υ

3219 5848 3329 5864 *ιδεμ
3476 5854 3480 5858 -
3554 5856 3563 5861 ρ
3576 5852 3627 5861 .—
