4088 6202
337 415 474 481 Ηδτ

332 535 526 595 exaudi
551 550 640 594 me
664 535 716 592 in
743 534 1039 594 latitudine.
1066 535 1259 609 Legem
1281 549 1418 609 pone
1441 537 1568 592 mihi
1591 579 1607 603 ,
1636 539 1859 594 Domine
1881 579 1898 601 ,

333 618 393 665 ut
420 609 598 664 vivam
621 650 634 670 ,
662 616 716 663 et
745 609 858 664 vias
895 609 1115 678 justitiaa
1143 608 1245 664 tuae
1269 608 1538 678 exquiram
1569 623 1799 678 semper.
1829 609 1905 664 Da

332 679 464 748 mihi
503 679 825 734 intellectum
845 721 861 746 ,
893 688 948 734 ut
975 687 1274 748 perscrnter
1299 679 1466 748 legem
1499 689 1640 733 tuam
1661 719 1676 746 ,
1705 687 1760 733 et
1809 695 1905 734 cu-

333 747 560 804 stodiam
581 750 722 804 illam
742 749 792 803 in
816 758 923 803 toto
947 747 1104 804 corde
1129 764 1267 804 meo.
1294 747 1476 803 Er’ravi
1496 748 1632 819 sicut
1655 749 1906 819 ovisqute

331 819 584 890 perierat,
616 819 892 889 requirens
915 820 1078 873 libera
1103 820 1332 873 animam
1361 834 1554 874 meam.
1585 817 1906 874 Custodi—in-

335 889 550 944 troitum
574 905 747 944 meum
774 897 829 944 et
853 890 1050 947 exitum
1081 905 1291 954 meum;
1313 898 1368 944 ut
1395 889 1446 944 in
1463 889 1622 944 domo
1651 898 1734 944 tua
1762 899 1907 945 stan-

331 966 412 1013 tes
431 960 537 1016 sint
553 958 716 1030 pedes
740 960 842 1013 mei
871 959 920 1012 in
942 959 1092 1013 atriis
1105 959 1418 1030 Jerusalem.
1437 959 1517 1014 Ad
1537 967 1588 1014 te
1611 959 1776 1014 levavi
1793 961 1906 1014 ani-

331 1043 471 1100 mam
499 1029 667 1082 meam
684 1037 739 1083 et
757 1030 938 1100 oculos
955 1045 1122 1100 meos,
1139 1031 1230 1099 qui
1249 1029 1455 1083 habitas
1485 1031 1536 1083 in
1553 1030 1703 1086 ctelis
1723 1047 1735 1082 :
1757 1031 1904 1100 eripe

329 1098 558 1170 animam
585 1114 756 1170 meam
787 1099 854 1152 de
883 1098 1174 1170 muscipula
1197 1101 1216 1130 ί
1246 1101 1572 1165 venantium,
1601 1111 1657 1154 ut
1683 1115 1786 1153 non
1812 1098 1904 1156 ex-

331 1167 543 1224 tendam
571 1168 638 1224 ad
673 1169 1006 1238 iniquitatem
1031 1167 1218 1224 manus
1244 1185 1410 1224 meas.
1441 1170 1604 1238 Reple
1629 1170 1820 1239 gaudio
1843 1187 1904 1226 os

329 1252 508 1308 meum
526 1280 541 1304 ,
568 1246 622 1300 et
646 1239 874 1308 linguam
907 1255 1078 1293 meam
1102 1240 1470 1294 exsultatione.
1503 1239 1667 1308 Imple
1692 1239 1902 1296 deside~

327 1307 465 1362 rium
497 1323 672 1376 meum
699 1307 766 1363 de
803 1309 976 1368 bono.
1017 1316 1072 1363 et
1096 1309 1318 1364 benedic
1348 1325 1432 1364 me
1456 1325 1521 1365 ex
1548 1307 1709 1371 Sion;
1738 1319 1796 1364 ut
1821 1311 1902 1363 vi-

325 1376 480 1449 ‘deam
509 1379 643 1433 bona
679 1395 796 1449 q_u:e
821 1388 943 1433 sunt
970 1379 1020 1433 in
1047 1378 1341 1449 Jerusalem
1375 1399 1388 1432 :
1424 1380 1580 1449 longe
1618 1379 1702 1434 fac
1729 1395 1812 1434 me
1835 1381 1904 1434 ab

329 1444 602 1517 iniquitate
619 1450 662 1502 ³.
685 1447 839 1502 Fiant
855 1464 1012 1503 aures
1039 1457 1139 1504 tua:
1156 1448 1490 1504 intendentes
1516 1444 1566 1503 in
1585 1465 1766 1504 vocem
1786 1465 1905 1504 ora-

329 1517 488 1572 tionis
513 1519 652 1572 servi
681 1519 774 1584 tui,
803 1517 1046 1572 Domine.
1073 1518 1189 1572 Non
1211 1521 1281 1573 sit
1303 1519 1585 1572 exaltatum
1611 1533 1705 1572 cor
1729 1534 1900 1574 meum

329 1585 382 1641 in
411 1587 681 1657 Superbia,
706 1603 879 1654 neque
904 1589 1025 1642 elati
1055 1588 1162 1642 sint
1189 1587 1326 1642 oculi
1357 1589 1492 1643 mei:
1513 1589 1606 1643 sed
1635 1589 1904 1643 humiliter

328 1657 556 1712 sentiam
575 1699 591 1724 ,
623 1658 792 1712 donec
818 1657 1080 1712 inveniam
1104 1658 1278 1712 locum
1307 1658 1526 1712 Domino
1547 1699 1562 1722 ,
1582 1660 1904 1712 tabernacu-

328 1725 436 1782 lum
462 1727 570 1784 Deo
596 1727 779 1782 Jacob.
806 1727 905 1782 Ubi
935 1726 1196 1782 mandasti
1225 1726 1642 1788 benedictionem
1666 1737 1720 1782 et
1741 1730 1902 1784 vitam

327 1811 494 1868 usque
521 1800 573 1852 in
591 1799 872 1868 sacculum;
896 1797 968 1850 ibi
994 1798 1244 1868 extollam
1271 1813 1458 1852 manus
1487 1812 1632 1852 meas
1647 1798 1712 1852 ad
1731 1798 1752 1829 ³
1771 1797 1905 1853 San-

325 1875 408 1923 cta
433 1909 449 1935 ,
493 1877 548 1924 et
572 1867 880 1924 benedicam
909 1877 959 1922 te
985 1867 1075 1937 qui
1111 1867 1317 1938 judicas
1354 1869 1606 1938 populum
1637 1877 1781 1922 tuum
1805 1909 1819 1934 ,
1847 1878 1902 1924 et

347 2011 352 2016 -
389 1981 408 2009 ι
435 1986 513 2040 Ms.
540 1979 731 2039 Regius,
744 1977 818 2040 de
841 1974 1024 2040 laqueo.

381 2040 410 2109 ξ
435 2039 576 2109 alias,
600 2037 709 2100 qua
736 2038 855 2090 bona
878 2037 988 2089 sunt
1020 2037 1308 2102 Jerusalem,
1344 2037 1480 2104 longe
1515 2041 1669 2104 factus
1697 2040 1757 2090 ab
1777 2041 1906 2092 onmi

325 2105 586 2160 iniquitate.

391 2161 413 2193 ³
429 2159 572 2223 Alias,
594 2161 644 2212 in
663 2175 682 2224 ;
701 2168 752 2212 et
773 2175 904 2223 mox,
927 2162 1202 2214 consolaris.

1514 423 1580 481 ΙΝ
1616 415 1960 482 CANTICUM
1995 421 2428 484 MAGNIFICAT.

3449 433 3589 492 “38

2009 538 2062 594 in
2090 539 2256 594 servis
2299 538 2404 594 tuis
2429 533 2808 596 consolaberis.
2837 531 2978 596 Deus
3002 537 3223 600 deorum
3247 549 3300 600 et
3326 545 3587 602 Dominus

2006 608 2366 672 dominorum,
2393 607 2675 684 deﬂentem
2705 626 2790 665 me
2816 619 2870 665 et
2896 611 3202 684 adorantem
3227 615 3294 668 ad
3324 615 3584 684 templum

2014 687 2254 734 sanctum
2282 689 2449 742 tuum,
2477 680 2639 748 proba
2669 695 2774 747 me,
2803 690 2856 735 et
2882 683 3016 736 scito
3045 699 3136 736 eor
3161 699 3335 738 meum
3371 703 3384 738 :
3417 680 3588 740 inter-

2013 764 2142 820 roga
2169 765 2286 815 me,
2329 759 2667 820 etcognosce
2696 751 2912 805 semitas
2941 768 3117 818 meas,
3147 762 3201 807 et
3225 753 3395 809 deduc
3419 769 3504 810 me
3529 755 3586 812 in

2015 819 2096 873 via
2135 828 2352 873 :cterna.
2381 819 2645 874 Conserva
2671 823 2686 852 ι
2718 837 2803 875 me
2823 865 2838 884 ,
2867 823 3090 877 Domine
3109 863 3122 887 ,
3169 833 3222 877 et
3251 838 3376 879 erue
3402 839 3487 879 me
3515 825 3586 880 de

2013 903 2174 960 manu
2197 892 2510 959 peccatoris,
2531 901 2582 944 et
2609 892 2676 945 ab
2701 892 2946 946 omnibus
2965 893 3154 960 iniquis
3181 893 3342 948 libera
3371 910 3473 948 me.
3497 895 3586 951 Di-

2012 959 2213 1032 rigatur
2242 961 2411 1032 oratio
2439 977 2551 1014 mea
2589 961 2722 1014 sicut
2752 963 3020 1018 incensum
3059 959 3110 1016 in
3139 972 3424 1032 conspectu
3451 971 3542 1018 tuo
3563 1005 3584 1032 ,

2015 1028 2258 1084 Domine.
2296 1029 2442 1084 Ednc
2467 1031 2534 1084 de
2559 1047 2770 1085 carcere
2811 1033 3040 1086 animam
3069 1048 3239 1086 meam
3260 1028 3284 1098 ,”
3317 1033 3382 1087 ad
3413 1028 3586 1088 conti;

2013 1099 2231 1172 tendum
2261 1101 2458 1172 nomini
2489 1103 2862 1172 tuo,|iomine.
2891 1101 3092 1156 Exaudi
3124 1118 3206 1156 me
3233 1103 3286 1155 in
3315 1111 3402 1156 tua
3423 1103 3587 1172 justi-

2012 1169 2106 1239 tia,
2127 1177 2182 1223 et
2207 1184 2310 1224 non
2338 1171 2570 1224 inlrcsin
2593 1170 2848 1239 judicium
2879 1187 2995 1225 cum
3025 1187 3180 1226 servo
3211 1182 3319 1238 tuo,
3341 1169 3584 1228 Domine.

2011 1237 2279 1312 Velociter
2292 1240 2476 1312 exaudi
2495 1237 2603 1302 me,
2621 1241 2858 1303 Domine,
2877 1257 2942 1295 ne
2959 1241 3166 1295 deﬁciat
3181 1242 3394 1312 spiritus
3411 1258 3584 1298 meus:

2011 1308 2259 1377 quoniam
2278 1319 2330 1363 tu
2356 1325 2414 1364 es
2435 1311 2570 1363 Deus
2595 1327 2762 1374 meus,
2785 1311 3142 1364 miseriCordia
3167 1308 3301 1375 m'ea,
3323 1312 3585 1381 refugium

2011 1393 2188 1451 meum
2215 1388 2564 1451 etrsusccptor
2585 1397 2751 1434 meus.
2785 1381 3041 1448 Quoniam
3064 1397 3288 1450 magnus
3317 1397 3374 1435 es
3401 1392 3452 1436 et
3473 1383 3589 1436 lau-

2011 1446 2201 1520 dabilis
2233 1450 2406 1520 nimis,
2427 1446 2481 1503 et
2508 1446 2880 1518 magnitudinis
2910 1461 3012 1504 tuae
3040 1446 3251 1504 nou'cst
3275 1451 3588 1520 finis;erige

2013 1516 2226 1590 elisum,
2257 1517 2402 1590 solve
2427 1516 2802 1587 compeditum,
2834 1521 3068 1574 illnmina
3095 1535 3312 1584 caecum,
3342 1521 3432 1590 qui
3459 1516 3589 1574 ardi-

2011 1585 2137 1640 fieas
2161 1585 2477 1642 Jerusalem.
2515 1585 2644 1643 Cum
2677 1601 2851 1650 anteit.
2879 1589 3259 1644 confortaveris
3285 1585 3432 1644 seras
3457 1605 3587 1659 por-

2012 1664 2188 1728 tarum
2219 1667 2455 1723 tuarum,
2505 1659 2819 1714 intrinsecus
2863 1676 2982 1714 cum
3031 1659 3151 1712 (iliis
3181 1661 3284 1712 tuis
3310 1661 3590 1728 c0pulatus

2011 1725 2132 1797 sim.
2165 1726 2313 1781 Sicut
2344 1738 2392 1782 te
2423 1729 2638 1782 laudant
2682 1729 2865 1797 Angeli
2887 1771 2902 1795 ,
2931 1739 2984 1783 et
3009 1745 3196 1784 omnes
3223 1725 3456 1784 Virtutes
3484 1735 3590 1784 tum

2011 1795 2063 1870 in
2094 1813 2258 1870 regno
2286 1800 2541 1852 CO’JOt‘tlm
2577 1817 2588 1850 :
2623 1800 2690 1852 ibi
2721 1795 2897 1870 etﬁego
2927 1799 2996 1852 ita
3025 1800 3295 1870 exsultans
3324 1814 3441 1854 cum
3470 1799 3588 1867 glo-

2010 1867 2085 1918 ria
2114 1867 2173 1920 in'
2192 1867 2366 1938 (choro
2393 1881 2693 1924 sanctorum
2717 1911 2732 1934 ,
2765 1867 3054 1938 Iaudemiet
3081 1868 3366 1938 giorilicem
3395 1883 3590 1938 nomen

1941 1976 1947 1984 .
2013 1943 2158 2008 tuum
2187 1937 2238 1990 in
2265 1938 2521 2008 cymbalis
2549 1940 2826 2002 lahiorum,
2859 1937 3000 2008 quod
3027 1937 3108 1992 est
3133 1949 3368 1992 sanctum
3397 1947 3449 1993 et
3473 1937 3591 2008 glo-

2007 2006 2230 2130 riosnnk
2264 2006 2318 2060 et
2346 2017 2528 2077 regnat
2561 2022 2769 2078 semper
2795 2006 2892 2078 per
2917 2008 3119 2063 inﬁnita
3149 2008 3464 2063 saeculorum
3481 2006 3594 2062 sa:-

2007 2089 2072 2130 cu
2095 2091 2145 2130 a.
2227 2091 2368 2130 men.

2007 2089 2145 2132 cuta.
2177 2089 2368 2131 Amen.

2073 2167 2090 2197 ι
2117 2173 2198 2216 Ms.
2223 2168 2414 2231 Regius,
2444 2181 2686 2218 consecro.

3299 2267 3586 2288 ...ιι-..ιι-

1248 2314 1746 2456 @antici
1851 2316 2677 2484 munificat

1664 2547 2097 2611 EXPOSITIO
2129 2549 2224 2614 (α).

405 2675 470 2732 Ut
486 2689 680 2731 novum
707 2674 760 2728 in
787 2688 1001 2728 carnem
1018 2673 1136 2728 Filii
1154 2673 1244 2728 Dei
1267 2672 1550 2727 adventum
1569 2669 1902 2740 praedicaret,

333 2747 423 2816 qui
449 2747 716 2816 ingressus
732 2759 868 2816 novo
893 2744 1224 2808 salutationis
1249 2743 1501 2816 obsequio
1519 2739 1786 2816 Virginem
1805 2739 1907 2795 Ga-

329 2810 466 2870 briel
477 2810 987 2883 veneratttr‘dicens,
1006 2817 1107 2868 Ave
1135 2815 1298 2883 gratia
1325 2810 1906 2883 plena,etc._;1t'cce_an-

329 2885 451 2938 cilla
477 2884 678 2937 Domini
707 2881 856 2952 (an.
874 2899 910 2942 ι,
942 2883 1012 2938 ΞΒ
1033 2895 1077 2936 et
1094 2880 1208 2950 38),
1239 2880 1416 2936 statim
1443 2881 1759 2952 adveniente
1783 2880 1906 2947 Spi-

332 2955 438 3010 ritu
465 2964 649 3009 sancto
690 2950 1040 3022 inVirginem
1059 2993 1074 3018 ,
1107 2959 1162 3005 et
1187 2953 1423 3022 omnium
1461 2950 1902 3022 gratiavirtntum

331 3034 726 3079 sacrosanctum
755 3019 1107 3076 habitaculum
1136 3022 1186 3074 in
1214 3021 1440 3074 adventu
1464 3023 1480 3050 ί
1509 3019 1601 3072 Dei
1633 3019 1903 3086 implente,

332 3093 551 3172 dubium
581 3108 686 3148 non
717 3093 1121 3172 estscmlestium
1149 3091 1538 3172 gaudiorumet
1563 3087 1910 3172 :eternardui-

333 3164 538 3218 cedinis
559 3177 717 3233 quam
745 3161 932 3216 miram
974 3172 1133 3233 atque
1156 3157 1567 3233 inenarrabilem
1596 3157 1909 3233 suavitatem

337 3235 498 3303 Virgo
523 3225 635 3314 ipsa
653 3233 926 3314 concepit,
937 3225 1147 3314 quando
1171 3228 1297 3284 illud
1315 3225 1770 3314 aiternnmulumen
1789 3241 1908 3314 cum

264 3330 269 3336 ·
337 3297 754 3370 tottimajestatis
774 3297 884 3355 suae
905 3297 1108 3370 fulgore
1131 3301 1180 3354 in
1198 3315 1315 3354 eam
1331 3297 1626 3370 descendit,
1645 3305 1698 3370 et
1713 3297 1908 3370 quem}

335 3389 441 3428 non
467 3366 608 3442 capit
633 3371 880 3436 mundus,
899 3366 1064 3425 tutum
1082 3385 1148 3442 se
1175 3371 1309 3442 intra
1334 3369 1537 3442 viscera
1559 3366 1778 3442 virginis
1796 3367 1907 3442 co_l_-

338 3435 548 3499 locavit:
569 3443 833 3496 Audacter
850 3435 1148 3510 pronuntio,
1169 3439 1306 3510 quod
1327 3452 1433 3510 nec
1445 3438 1553 3510 ipsa
1576 3435 1728 3503 plene
1743 3435 1912 3510 expli-

337 3528 459 3568 care
484 3515 672 3586 potuit,
693 3511 834 3586 quod
849 3507 1041 3579 capere
1065 3507 1246 3586 potuit.
1268 3509 1373 3586 _S__ed
1403 3507 1600 3576 Spiritu
1617 3517 1802 3586 sancto
1816 3507 1913 3586 do-

337 3577 498 3638 cente
516 3577 776 3637 didicerat
795 3583 872 3636 sic
897 3577 990 3635 sua
1018 3595 1112 3649 per
1137 3579 1492 3649 humilitatem
1501 3587 1716 3649 tegere.
1733 3577 1914 3649 surgit

339 3667 484 3714 mox,
505 3662 559 3706 et
577 3651 886 3707 conscendit
907 3651 956 3703 in
975 3645 1222 3704 montana
1238 3648 1452 3704 ludam.
1473 3647 1623 3703 Unde
1639 3645 1910 3702 Elizabeth

338 3723 540 3794 Spiritu
566 3732 752 3776 sancto
781 3721 1005 3794 repleta,
1034 3719 1202 3788 qualis
1229 3727 1297 3794 et_
1310 3726 1504 3794 quanta
1530 3724 1674 3794 esset
1698 3732 1824 3794 quia
1845 3715 1912 3770 ad

339 3786 399 3847 se
423 3801 641 3848 venerat
669 3786 900 3861 agnovit,
933 3799 988 3861 et
1013 3786 1170 3861 quam
1197 3803 1256 3842 se
1285 3788 1554 3861 indignam
1583 3786 1711 3861 ejus
1729 3787 1912 3840 visita-

341 3864 486 3918 tione
510 3857 792 3931 iudicaret,
813 3857 1224 3931 aperuitfdicens
1253 3875 1264 3910 :
1301 3857 1732 3931 Unde_ltoc_ntilti,
1753 3865 1809 3931 u_t
1830 3871 1912 3908 ve-

338 3933 444 3986 niat
460 3925 616 3986 mater
633 3931 834 3984 Domini
849 3925 944 3983 ξιιεὶ
958 3929 1024 3982 ad
1037 3944 1112 3980 me
1129 3927 1150 3981 ἵ
1177 3926 1309 3982 Ecce
1327 3926 1375 3992 (Ι
1381 3927 1464 3996 bid
1471 3967 1481 3978 .
1493 3967 1508 3992 ,
1525 3925 1616 3996 45)
1631 3935 1746 3996 etc._
1763 3925 1916 3996 _'I_‘unc

337 4004 416 4056 ait
451 4003 648 4066 Maria,
701 3999 996 4070 Magni/ient
1041 3998 1212 4050 anima
1259 3991 1370 4070 mea
1407 3991 1680 4070 Dominum
1729 3991 1910 4070 (Ibid,

337 4073 410 4126 46
433 4072 472 4140 ).
507 4063 691 4124 Vidisti
712 4063 1098 4140 (maiestatem;
1140 4067 1360 4140 gnstasti
1397 4066 1709 4140 suavitatem
1741 4063 1910 4140 ':_ide_o

339 4133 504 4211 quod,
529 4141 669 4194 intus
711 4133 1000 4211 hauseras,
1030 4133 1172 4211 {oras
1216 4137 1537 4211 propinasti,
1569 4142 1626 4211 et
1663 4134 1712 4186 in
1753 4133 1914 4202 justi-

340 4205 414 4265 tia
460 4209 574 4278 ejus
621 4209 901 4263 exsultasti
951 4223 964 4262 :
1017 4207 1148 4278 Quia
1197 4205 1458 4278 exsultavit
1504 4205 1709 4278 spiritus
1753 4219 1912 4278 mens.

339 4273 534 4334 Anima
576 4278 874 4346 magnificat
898 4319 912 4340 ,
960 4277 1180 4346 spiritus
1221 4276 1468 4330 exsultat.
1519 4273 1588 4329 Et
1632 4273 1822 4346 iterum
1853 4273 1912 4340 ³,

343 4351 397 4404 in
425 4347 533 4402 Deo
561 4344 773 4402 salutari
801 4363 907 4399 meo
947 4345 1132 4416 (Ibid,
1162 4347 1274 4413 47).
1312 4347 1447 4400 Deus
1477 4344 1759 4414 potentiam
1780 4385 1796 4408 ,
1825 4358 1913 4397 sa-

340 4419 530 4475 lutaris
567 4416 982 4472 misericordiam
1027 4424 1192 4470 notat.
1239 4417 1350 4470 Duo
1395 4417 1590 4484 quippe
1637 4421 1915 4484 suntquae

343 4489 668 4558 Angelornm
707 4495 762 4542 et
793 4487 1066 4558 hominum
1102 4486 1239 4558 beati
1285 4481 1602 4558 Spiritus'in
1645 4483 1735 4537 illo
1775 4481 1916 4558 fante

317 4551 471 4613 boni
501 4565 698 4613 interna
723 4557 1168 4626 contemplatione
1196 4551 1476 4626 hauriunt;
1506 4551 1916 4626 incomprehen-

344 4628 514 4684 sibilis
547 4628 750 4688 scilicet
793 4623 1044 4694 majestas
1089 4626 1202 4688 Dei,
1247 4636 1298 4679 et
1347 4624 1629 4679 inell‘abilis
1664 4623 1915 4694 bonitas:

383 4712 570 4754 uorum
609 4698 833 4752 alterum
878 4693 1080 4750 castum
1126 4697 1370 4750 timorem
1407 4701 1647 4764 generat,
1692 4693 1916 4764 alterum

383 4713 570 4754 uorum
609 4713 833 4752 alterum
878 4713 1080 4750 casutm
1126 4713 1370 4750 umorem
1407 4713 1647 4764 generat,
1692 4713 1915 4746 alterum

341 4713 683 4824 ﬂilectionem
723 4768 882 4837 parit.
917 4768 1017 4820 Pro
1065 4765 1337 4837 majestate
1379 4771 1698 4837 venerantur
1729 4763 1915 4828 Deum,

343 4847 402 4892 et
431 4853 526 4906 pro
551 4833 784 4892 bonitate
821 4845 1037 4890 amant:
1069 4850 1134 4888 ne
1152 4833 1248 4889 vel
1287 4835 1502 4906 dilectio
1529 4833 1644 4906 sine
1671 4847 1921 4887 reveren-

345 4907 417 4962 tia
432 4903 699 4962 dissoluta
725 4907 814 4969 sit,
840 4907 921 4959 vel
946 4906 1242 4960 reverentia
1283 4907 1399 4959 sine
1428 4903 1708 4958 dilectione
1735 4915 1917 4971 poena-

345 4977 434 5033 lis.
463 4976 798 5031 Admirantes
828 4977 966 5029 enim
997 4975 1238 5044 diligunt,
1266 4985 1320 5029 et
1343 4974 1621 5043 diligentes
1656 4972 1922 5044 admiran-

347 5055 435 5102 tur
464 5065 476 5101 :
503 5054 560 5100 ut
605 5041 1116 5114 inexstingnihiliter'
1155 5059 1247 5112 per
1290 5041 1690 5114 admirationem
1739 5041 1922 5114 ardeat

345 5116 581 5183 dilectio,
623 5125 680 5172 et
721 5111 953 5170 suaviter
983 5115 1035 5168 in
1076 5111 1356 5168 dilectione
1386 5113 1586 5168 ferveat
1620 5111 1918 5166 admiratio.

347 5185 483 5256 Nam
545 5187 666 5256 quia
729 5200 850 5241 eum
907 5199 1064 5254 quem
1108 5184 1337 5256 vident,
1391 5183 1919 5256 perfecte_eompre_-

345 5249 580 5311 henderé
632 5271 899 5326 nunquam
926 5249 1238 5316 'suflicinnt,
1280 5256 1332 5306 in
1391 5249 1458 5308 eo
1511 5253 1657 5326 quasi
1697 5249 1922 5326 perad-

345 5326 682 5383 mirationem
709 5320 978 5396 evigilant.
1006 5327 1212 5390 Quanto
1250 5331 1434 5378 autem
1454 5320 1807 5396 perspicaeius
1841 5320 1922 5396 in-

348 5403 584 5458 tuentur.
624 5405 771 5452 tanto
795 5389 1070 5451 ardentius
1113 5403 1311 5461 amant,
1353 5389 1495 5464 quod
1536 5389 1661 5448 vera
1698 5389 1924 5472 dulcedo

409 5577 588 5636 fllqu
608 5570 755 5632 addit,
781 5569 909 5622 Filii.

409 5634 432 5696 ξ
454 5631 588 5696 Apud
608 5631 876 5696 nugonem,
902 5631 1046 5696 quod.

410 5694 434 5729 ⁸
453 5693 600 5746 laicus
620 5693 880 5744 mutilatas.

2012 2683 2093 2726 est
2115 2673 2130 2704 ¹
2156 2690 2170 2738 ;
2200 2683 2523 2746 veraautem,
2544 2675 2770 2732 dulcedo
2805 2683 3001 2746 quanto
3029 2675 3316 2744 perfectius
3339 2676 3588 2743 sentitur,

2017 2750 2162 2816 tanto
2191 2745 2594 2816 «lesiderabilius
2619 2745 2901 2815 appetitur.
2929 2747 3010 2801 Ad
3042 2747 3177 2800 hanc
3195 2747 3590 2816 contemplatio.

2014 2813 2097 2865 nis
2137 2815 2310 2885 lucem
2335 2814 2514 2885 Mariae
2552 2813 2704 2870 mens
2746 2816 2949 2870 elevata
2981 2818 3172 2880 fuerat,
3197 2832 3316 2885 quae
3354 2813 3592 2872 caelestis

2013 2883 2198 2955 patria:
2225 2883 2556 2955 dulcedinem
2581 2885 2638 2955 in
2668 2885 3184 2955 verbis’,expressit
3213 2883 3368 2955 quam
3397 2885 3586 2940 ineffa-

2018 2952 2191 3007 biliter
2236 2953 2653 3020 comprehendit.
2697 2954 2828 3008 Nam
2859 2952 3081 3009 cum—se
3111 2952 3445 3023 magnificare
3491 2955 3594 3008 θος

2017 3023 2216 3100 minum
2246 3023 2530 3100 perhibuit,
2559 3024 2950 3100 venerandamfl
2979 3025 3239 3078 universis
3281 3025 3467 3100 aeterni
3495 3041 3593 3080 nu-

2016 3093 2173 3142 minis
2221 3093 2550 3157 majestatem
2599 3093 2804 3146 interna
2851 3094 3053 3148 visione
3097 3095 3335 3148 contueri
3379 3110 3438 3148 se
3477 3109 3593 3148 ma~

2017 3157 2207 3213 nifeSIe
2258 3159 2575 3226 declaravit;
2629 3177 2751 3215 cum
2800 3177 2926 3214 vero
2977 3177 3036 3216 se
3085 3163 3136 3214 in
3181 3178 3279 3216 suo
3327 3163 3596 3218 exsultare

2017 3228 2234 3300 salutari
2271 3231 2532 3300 asseruit,
2561 3239 2770 3300 gustum
2815 3245 2873 3282 se
2903 3231 3124 3284 internae
3152 3231 3444 3300 dulcedinis
3470 3246 3594 3300 per-

2017 3299 2226 3368 cepisse
2271 3299 2520 3352 ostendit.
2577 3299 2725 3354 Unde
2775 3308 3056 3368 utrnmque
3103 3299 3335 3368 professa
3377 3299 3483 3363 est,
3537 3307 3595 3355 et

2019 3367 2296 3423 Dominum
2338 3379 2392 3423 et
2420 3369 2745 3424 Salvatorem
2779 3387 2790 3421 :
2823 3378 2879 3422 ut
2907 3367 3004 3438 pro
3032 3367 3287 3438 potestate
3317 3385 3416 3437 qua
3445 3371 3592 3426 omni

2017 3451 2127 3493 suae
2163 3447 2420 3496 creatura:
2455 3439 2777 3501 dominatur,
2804 3439 2924 3508 jure
2963 3440 3300 3494 metuendum
3338 3440 3591 3496 ostende-

2019 3517 2142 3572 ret;
2177 3525 2272 3577 pro
2297 3509 2530 3564 bonitate
2560 3525 2710 3574 vero,
2743 3513 2860 3576 quia
2893 3509 3304 3564 misericorditer
3330 3509 3589 3578 quosdam

2019 3578 2206 3644 salvat,
2247 3579 2462 3648 dignum
2503 3579 2786 3634 dilectione
2811 3579 3258 3632 demonstraret".
3306 3579 3510 3634 Veritas
3535 3579 3593 3634 in

2020 3649 2262 3712 Domino,
2307 3658 2361 3704 et
2399 3650 2453 3703 in
2496 3649 2768 3704 Salvatore
2804 3649 3182 3702 misericordia.
3215 3648 3418 3703 Veritas
3447 3649 3594 3704 enim

2018 3717 2084 3772 ad
2118 3720 2394 3774 Dominum
2426 3720 2674 3787 pertinet,
2707 3718 3070 3787 misericordia
3100 3727 3276 3772 autem
3311 3717 3377 3787 ad
3403 3717 3591 3772 Salva-

2021 3797 2222 3847 torem:
2268 3791 2318 3842 in
2349 3786 2568 3842 veritate
2595 3796 2770 3841 servat
2797 3797 3029 3840 tenorem
3053 3786 3292 3854 justitize.
3323 3786 3454 3852 Quia
3497 3801 3596 3842 au-

2022 3867 2124 3912 tem
2153 3868 2208 3912 et
2235 3856 2476 3927 qna-dam
2501 3859 2732 3911 errantia
2759 3857 2986 3925 gratuito
3013 3857 3078 3910 ad
3104 3856 3267 3927 vitam
3287 3855 3512 3927 colligit,
3535 3863 3594 3911 et

2021 3937 2231 4006 reparat
2250 3923 2316 3980 ad
2344 3927 2720 4006 salvationem;
2741 3923 3040 4006 propterea.
3062 3923 3596 4006 niagnilicatnuspo-f

2021 3994 2241 4060 minum,
2287 4005 2338 4050 et
2381 3997 2704 4051 exsultamus
2739 3999 2791 4049 in
2830 3996 3042 4048 salutari
3069 4013 3082 4048 :
3107 3994 3594 4064 quiaquibusfest

2021 4066 2309 4122 reverenda
2325 4065 2516 4135 judicis
2531 4067 2751 4135 justitia,
2775 4065 2944 4119 dulcis
2963 4073 3046 4121 est
3069 4061 3599 4135 misericordia‘Sal-

2020 4135 2251 4206 votas,
2299 4133 2575 4206 propterea
2622 4136 2788 4204 inquit
2835 4135 3032 4206 Maria,
3072 4133 3368 4206 Magni/ica!
3409 4135 3590 4206 animo

2021 4222 2132 4258 mea
2156 4202 2448 4270 Dominum,
2476 4216 2523 4260 et
2549 4202 2814 4260 exsultavit
2841 4205 3044 4273 spiritus
3069 4202 3206 4258 metis
3233 4204 3288 4256 in
3314 4202 3422 4257 Deo
3447 4204 3596 4260 salu-

2022 4277 2120 4330 tari
2149 4292 2274 4330 meo.
2309 4276 2454 4331 Unus
2485 4287 2540 4330 et
2565 4275 2700 4330 idem
2727 4276 2942 4343 spiritus
2970 4283 3023 4329 et
3061 4273 3126 4328 ad
3167 4289 3224 4328 se
3269 4273 3439 4341 ipsum
3481 4274 3598 4343 spi-

2023 4347 2154 4402 ritus
2173 4347 2382 4410 dicitur,
2405 4355 2458 4400 et
2473 4346 2538 4400 ad
2565 4361 2756 4414 corpus
2784 4345 2978 4398 anima.
3011 4343 3269 4412 Spiritus"
3296 4345 3600 4401 naturalem

2023 4417 2348 4484 spiritualem
2378 4417 2559 4471 habuit
2583 4416 3006 4480 admirationem,
3029 4414 3202 4468 anima
3219 4414 3560 4484 corporalem
3577 4433 3597 4472 :

2022 4483 2188 4556 quare
2233 4488 2408 4542 anima
2453 4485 2643 4540 dicitur
2688 4485 2923 4556 spiritus,
2969 4494 3021 4536 et
3063 4498 3093 4536 e
3143 4497 3422 4556 converso.
3471 4483 3602 4542 Ideo

2025 4549 2198 4611 anima
2227 4557 2476 4620 humana,
2503 4557 2624 4624 quia
2646 4564 2700 4608 et
2719 4549 2842 4607 esse
2869 4555 2918 4624 in
2941 4566 3168 4624 corpore
3188 4549 3425 4624 hebetet
3446 4559 3599 4624 extra

2023 4641 2236 4694 corpus,
2271 4619 2692 4700 animavocatnr
2728 4632 2782 4700 et
2825 4622 3062 4700 spiritus.
3104 4620 3292 4700 Anima
3322 4619 3514 4700 dicitur
3543 4619 3600 4678 in

2025 4690 2275 4765 quantum
2306 4703 2388 4765 est
2415 4695 2520 4747 vita
2547 4690 3081 4765 corpot:is;‘_spiritus
3110 4699 3307 4765 autem,
3426 4704 3602 4758 quan-

2028 4758 2134 4819 tum
2161 4775 2242 4820 est
2267 4766 2288 4796 ⁸
2305 4764 2593 4817 substantia
2615 4759 2921 4829 spiritualis.
2947 4758 3000 4814 In
3027 4773 3128 4828 qua
3152 4759 3258 4829 vita
3283 4759 3454 4829 anima
3481 4773 3603 4828 per-

2026 4835 2189 4901 ditur,
2221 4843 2279 4888 ut
2305 4834 2524 4901 spiritus
2543 4827 2718 4886 salvus
2739 4834 2845 4894 Iiat,
2875 4845 2996 4883 cum
3017 4827 3134 4901 inec
3153 4828 3258 4882 vita
3283 4827 3602 4901 despicitur,

2026 4915 2085 4960 ut
2113 4898 2446 4974 postmodum
2485 4917 2514 4955 a
2547 4903 2656 4974 Deo
2680 4902 2784 4974 vita
2825 4910 3020 4974 aeterna
3051 4898 3332 4974 tribuatur.
3371 4898 3479 4952 Sed
3505 4913 3604 4974 suo

2027 4967 2336 5038 nominavit,
2387 4973 2507 5043 quia
2547 4973 2599 5025 in
2639 4969 2858 5025 salutari
2901 4984 3017 5024 suo.
3063 4967 3408 5036 Omnipotens
3451 4968 3600 5021 enim

2028 5128 2061 5177 ά
2091 5068 2113 5176 ll
2133 5061 2439 5178 [1330”un
2468 5063 2627 5127 ipsum
2669 5060 2830 5111 tidere
2861 5071 3029 5122 sapere
3051 5063 3138 5120 est,
3175 5062 3220 5108 et
3262 5055 3388 5119 quod
3411 5055 3604 5107 videtur

2063 5140 2094 5175 τι
2116 5141 2168 5177 ce
2204 5141 2233 5176 ο
2248 5140 2298 5178 es
2323 5163 2333 5174 .

2063 5131 2233 5177 alcedo
2248 5131 2333 5177 est.

2090 5141 2233 5178 :tceao
2248 5141 2333 5178 est.

2090 5191 2110 5220 ⁸
2131 5190 2263 5252 Addit
2283 5195 2435 5252 nugo,
2457 5186 2556 5252 suis
2577 5192 2675 5235 tam
2701 5182 2998 5234 mirabiliter.
3057 5241 3068 5252 ο

2091 5251 2113 5315 f
2136 5250 2275 5315 Alias,
2300 5249 2635 5306 reddendam;
2661 5254 2712 5296 et
2731 5258 2863 5315 mox,
2882 5249 3109 5314 muneris.
3192 5302 3202 5314 _
3237 5314 3242 5315 γ
3272 5310 3301 5315 _
3323 5314 3326 5315 ν
3390 5301 3414 5315 ,μ
3441 5299 3452 5311 ο
3473 5299 3535 5315 νὴ,

2089 5311 2112 5344 ⁸
2135 5312 2262 5361 Adde
2287 5323 2347 5360 ex
2373 5319 2569 5372 Hugoue
2589 5345 2601 5369 ,
2635 5317 2752 5372 sane
2766 5310 2887 5372 quia
2907 5310 3137 5372 universa:
3157 5310 3247 5353 me
3265 5310 3603 5372 permilitum.

2029 5373 2241 5424 ricordia
2257 5378 2300 5422 et
2324 5361 2511 5433 reiitiis,
2530 5361 2738 5433 perfecta
2759 5361 2862 5417 laus
2883 5373 2952 5416 est
2978 5365 3231 5433 Dopzimrm
3251 5371 3294 5414 et
3317 5361 3605 5414 salvatorem

2031 5433 2262 5499 conﬁteri,
2286 5446 2396 5483 cum
2412 5427 2584 5503 ueritas
2599 5427 2668 5490 in,
2685 5437 2801 5488 etc.,
2821 5427 3190 5478 commendetur.

2093 5499 2114 5529 ³
2147 5505 2295 5544 Hueo.
2321 5494 2527 5544 cuilibet.

2184 5509 2295 5544 [120.
2321 5507 2527 5544 cnuwet.

2095 5510 2114 5529 "
2147 5510 2295 5558 nugo,
2321 5510 2527 5544 cnuwet.
3213 5547 3223 5556 Ι
3349 5547 3360 5557 0

2095 5558 2115 5589 ο
2148 5558 2295 5616 Idem,
2334 5562 2380 5605 et
2408 5553 2702 5605 exsultanter
2731 5549 3023 5602 observanda
3058 5547 3407 5599 misericordia.

2093 5621 2114 5651 "
2149 5627 2296 5668 locus
2317 5617 2622 5668 denravatus.

2095 5682 2116 5714 ⁸
2149 5689 2282 5744 [Iugo
2304 5672 2432 5738 add.,
2453 5676 2632 5727 ratione
2656 5672 2881 5740 prwdita.

422 5777 496 5841 (a)
517 5779 820 5841 Exitugonts
859 5776 1085 5841 Victorini
1124 5781 1345 5841 jt‘ractatu
1395 5785 1544 5841 super
1587 5771 1860 5841 Magniﬁcat
1895 5784 1910 5822 t

2015 5774 2125 5834 :rpta
2169 5777 2258 5828 per
2317 5763 2553 5812 incertum
2587 5761 2887 5824 scriptorem,
2923 5757 3008 5820 qui
3041 5762 3170 5819 Opus
3207 5753 3419 5818 Hugonis
3457 5757 3604 5816 eam

353 5834 773 5918 gitimjltedissiine
787 5839 1000 5903 eorrupit
1019 5844 1071 5892 et
1083 5836 1241 5902 capite
1264 5849 1320 5890 ac
1341 5834 1574 5895 mutuaris
1593 5834 1847 5887 truncavit.
