4118 6194
471 257 499 315 1
512 255 611 315 163

465 368 610 424 valet
631 362 953 436 exprimere.
980 358 1099 436 Non
1127 355 1269 435 enim
1292 353 1409 436 nisi
1441 351 1564 436 talis
1586 346 2049 436 conceptusialisf

464 418 798 510 aiE'pai’gag
843 434 1009 488 Deum
1055 428 1342 491 decuerat,
1392 426 1483 495 qui
1524 418 2049 510 veneratirediinere

465 494 813 579 quos'voluit
849 516 1032 579 creare
1062 516 1109 579 ς⁸
1146 494 1669 579 crearenpriesertim
1708 494 2046 579 maiestate,

464 560 732 633 redimere
774 560 1072 629 humilitate
1096 570 1113 601 ⁸
1145 586 1159 623 :
1188 560 1501 623 humilitatis
1544 572 1785 619 naturam
1814 560 1897 633 de,
1921 574 2048 614 san-

467 632 704 703 ctiﬁcato
730 657 964 714 corpore
998 654 1216 714 sumens
1254 645 1493 714 sanctam
1516 676 1532 697 ,
1571 632 2046 714 etimmaculatam

422 738 435 783 τ
466 716 539 773 de
558 703 914 771 immaculato.
947 709 1274 783 lneﬂ'abilem
1304 706 1447 783 enim
1474 703 1905 783 sanctiﬁcationis
1926 716 2049 783 gra-

423 777 435 855 ’ξ
468 787 596 842 tiam
621 786 711 855 qui
736 787 755 818 ³
784 780 1165 855 concipiendos
1201 777 1461 855 praebuit,
1483 781 1775 855 concentus
1804 782 1858 855 et
1877 780 2049 855 ‘natus

428 841 437 903 ἓ
465 841 575 933 non
601 841 837 933 ajbgtulii,
863 841 993 933 Quae
1020 841 1356 933 quantum‘in
1378 860 1609 933 corpore
1621 841 2050 933 vaiueriijiigi-

464 927 551 982 nis
577 968 595 993 ,
626 926 701 981 illi
728 924 828 979 soli
864 916 1197 979 notissimum
1221 927 1340 993 est,
1371 919 1458 993 qui
1486 916 1553 970 de
1589 916 1702 984 ejus
1729 924 1913 967 natura
1954 928 2047 965 na-

462 987 640 1051 turain
666 995 901 1062 suscepit
937 1007 1105 1065 quam
1116 988 1385 1065 condidit.
1415 987 1518 1041 Per
1540 1000 1696 1065 quem
1714 993 1788 1065 “te
1809 996 2007 1065 quaeso
2029 1022 2045 1047 ,

461 1066 722 1131 Domine,
772 1053 892 1133 quia
938 1053 1031 1133 per
1074 1062 1222 1134 illum
1263 1059 1399 1134 bona
1428 1053 1617 1134 cuncta
1665 1053 2048 1134 tribuis,.qu:e

466 1146 526 1191 ut
552 1127 752 1191 tribuas
777 1127 967 1204 eligis,
996 1142 1066 1204 ut
1091 1147 1178 1186 me
1205 1129 1463 1184 inoll‘ense
1495 1127 1562 1182 de
1588 1127 2050 1204 tanta_sanctitat_e

462 1206 609 1275 loqui
638 1195 876 1260 tribuas:
894 1195 1008 1275 Etsi
1050 1216 1153 1257 non
1197 1208 1364 1255 totum
1391 1206 1448 1252 ut
1472 1206 1581 1261 est,
1616 1195 1763 1275 quod
1804 1195 2049 1275 impossi-

463 1266 574 1332 bile
599 1276 744 1331 omni
770 1276 962 1344 linguae
989 1274 1232 1326 humana:
1253 1277 1335 1344 est
1366 1286 1379 1321 :
1409 1278 1582 1322 tamen
1616 1266 1786 1344 ipsum
1807 1273 2051 1344 exparte

464 1345 608 1416 quod
635 1355 719 1401 est
743 1386 760 1411 ,
787 1334 993 1399 dicatur
1019 1352 1077 1397 ut
1116 1340 1417 1416 est._Sonet
1450 1352 1579 1407 ergo
1606 1334 2047 1416 pretiosissimum

464 1411 591 1473 vera
619 1415 973 1485 prctiositate,
1001 1411 1396 1486 sanctissimum
1449 1417 1597 1486 certa
1627 1411 1925 1486 sanctitate,
1946 1411 2052 1486 ¹ἰηι-

463 1473 989 1543 acstiniabilissimum
1011 1481 1314 1556 ﬁdelissima
1338 1479 1592 1556 _vc_ritate.
1623 1476 1753 1544 Qua:
1791 1474 1909 1556 quia
1945 1473 2050 1556 hu-_-

461 1570 677 1612 manam
715 1556 976 1612 rationem
1001 1551 1260 1626 excedunt
1291 1592 1307 1618 ,
1335 1549 1563 1626 Spiritus
1598 1557 1718 1602 tuus
1755 1549 1923 1626 adsit,
1957 1549 2048 1626 qui

463 1641 568 1683 suo
607 1640 763 1683 sacro
790 1625 1077 1694 spiramine
1105 1614 1320 1697 inducat
1348 1614 1446 1674 nos
1474 1619 1527 1673 in
1553 1632 1763 1697 omnem
1792 1614 2047 1697 dicendo-

458 1708 585 1753 rum
624 1685 900 1752 veritatem
932 1713 945 1749 :
978 1704 1036 1748 ut
1077 1694 1199 1765 quia
1229 1692 1295 1748 de
1337 1705 1403 1746 eo
1429 1696 1651 1765 corpore
1680 1696 1733 1742 et
1760 1685 1935 1740 anima
1966 1685 2048 1740 lo-

465 1766 737 1837 quendum
761 1773 877 1830 est,
903 1766 1044 1834 quod
1066 1759 1181 1834 ipse
1208 1770 1398 1837 praeter
1424 1759 1718 1837 naturalem
1745 1772 1897 1837 usum
1920 1770 2047 1810 san-

463 1829 715 1892 etilicavit
737 1878 753 1902 ,
776 1847 830 1892 et
857 1829 1330 1906 gratiam'con'tuiit
1355 1845 1503 1906 ,_n0n
1542 1829 1922 1906 alienadicere
1952 1841 2047 1894 pa-

464 1907 664 1974 tiatur,
721 1899 815 1961 sed
858 1899 1069 1974 prepria
1103 1922 1117 1958 :
1152 1904 1219 1957 ad
1268 1902 1475 1974 laudem
1517 1908 1571 1953 et
1606 1899 1826 1974 gloiiaiu
1872 1906 2045 1974 tuam,

464 1975 613 2032 Deus
639 1967 974 2045 omnipotens
1000 1974 1185 2045 Pater.
1216 1971 1374 2045 et_ad
1398 1967 1657 2045 honorem
1684 1967 1810 2045 .Filii
1841 1967 1912 2020 tui
1946 1982 2050 2045 per

463 2045 725 2117 virginem
755 2037 885 2117 nati,
921 2053 977 2097 et
1007 2042 1246 2112 ejusdem
1268 2039 1501 2117 Spiritus
1529 2038 1698 2117 sancti
1729 2037 1819 2091 Dei
1860 2045 1914 2117 _et
1946 2037 2050 2117 Do-

463 2106 600 2171 mini
622 2115 822 2180 nostri,
854 2128 974 2168 cum
1004 2106 1110 2181 quo
1134 2122 1217 2166 est
1244 2106 1338 2165 tibi
1368 2124 1588 2179 regnum
1610 2118 1664 2163 et
1684 2106 1966 2178 imperium
1994 2106 2047 2161 in

465 2185 645 2241 omnia
675 2186 867 2240 saecula
898 2183 1238 2238 saeculorum.
1270 2181 1462 2235 Amen.

536 2254 764 2311 CAPUT
793 2252 1078 2309 PRIMUM.
1108 2252 1294 2306 Auctor
1320 2251 1421 2304 veri
1444 2264 1641 2304 amans.
1670 2246 1735 2301 In
1765 2245 2048 2317 Scripturis

463 2326 570 2381 alia
584 2326 687 2379 alio
701 2326 851 2379 modo
875 2322 1192 2394 exponenda.
1215 2322 1235 2353 ³
1256 2322 1388 2387 Quia
1419 2317 1843 2394 profundissima:
1871 2327 1925 2394 et
1954 2333 2048 2373 sua

463 2393 723 2466 dignitate
749 2388 1022 2450 altissimae
1048 2407 1166 2447 sum
1193 2388 1519 2466 reponsu‘rus
1543 2388 1844 2459 qumstioni,
1877 2388 2045 2466 lecto:

462 2460 581 2522 rein
607 2480 783 2521 meum
808 2466 1067 2527 obsecro,
1096 2472 1150 2517 ut
1179 2460 1276 2533 pro
1312 2477 1399 2517 me
1444 2461 1863 2533 interprecciur,
1909 2467 1965 2514 et
2001 2460 2047 2514 si

459 2550 569 2607 qua
598 2538 628 2591 a
654 2551 741 2592 me
765 2535 991 2605 pleniter
1017 2534 1157 2607 dicta
1182 2529 1524 2603 cognoverit,
1560 2530 1725 2607 donis.
1744 2529 1834 2583 Dei
1863 2540 2045 2607 gratus

462 2599 658 2663 eximat
684 2625 697 2661 :
728 2599 809 2661 sin
836 2614 1015 2661 autem
1042 2599 1467 2668 minnsfnostrcc
1499 2599 1849 2669 compatiatur
1873 2601 2050 2654 humi-

458 2676 596 2747 litati
628 2678 792 2747 ;quia
831 2677 955 2731 licet
981 2674 1158 2747 minus
1196 2674 1500 2747 valeamus,
1545 2685 1681 2747 vc_ra_
1702 2681 1877 2724 tamen
1923 2684 2048 2739 pro-

459 2746 549 2802 cul
593 2740 755 2802 dubio
794 2748 1055 2801 volumus.
1110 2743 1185 2798 De
1231 2743 1569 2798 sanctissimo
1614 2740 1774 2809 igitur
1822 2753 2046 2807 corpore

460 2825 737 2888 perpetuze
765 2816 984 2885 virginis
1017 2813 1228 2888 Mariae,
1257 2812 1480 2888 ejusque
1523 2824 1700 2888 sacrai
1737 2809 1928 2888 anima:
1961 2824 2044 2888 as-

459 2878 767 2956 sumptione
796 2878 1050 2953 quantum
1080 2878 1336 2956 Dominus
1378 2878 1655 2956 donaverit
1686 2878 1836 2956 loqui
1872 2879 2044 2956 susci-

461 2947 704 3026 pientes,
736 2947 838 3010 hoc
865 2955 1091 3026 primum
1121 2952 1390 3026 Adicimus,
1422 2949 1564 3021 quod
1595 2951 1645 3003 in
1675 2947 1868 3026 divinis
1893 2948 2048 3026 Scri-

426 3072 437 3081 .
461 3018 637 3097 inuris
674 3018 953 3107 postquam
982 3022 1320 3107 Domiuuiin
1345 3018 1753 3107 crucematrem
1780 3018 2044 3089 discipulo

460 3089 853 3176 commendavit
872 3094 1049 3176 (icon.
1064 3109 1178 3155 xix,
1196 3091 1308 3176 27)Ρ
1331 3102 1387 3147 ut
1399 3091 1559 3176 castis
1574 3089 1791 3176 castitas
1808 3100 2046 3176 tueretur

458 3165 750 3234 obsequiis,
781 3159 912 3220 nihil
932 3165 1000 3219 de
1015 3180 1077 3220 ea
1107 3159 1371 3232 reperitur
1402 3171 1598 3233 printer
1628 3159 1680 3214 id
1706 3160 1846 3230 quod
1873 3159 2045 3234 Lucas

457 3233 845 3292 commemorat
871 3236 922 3290 in
953 3234 1176 3290 Actibus
1196 3235 1591 3301 Apostolorum,
1615 3233 2045 3286 commemoratis

458 3306 659 3361 eisdem
674 3306 1007 3370 nominatim,
1030 3305 1239 3360 dicens:
1261 3302 1329 3357 Hi
1340 3319 1511 3357 omnes
1527 3310 1668 3355 erant
1679 3312 2044 3370 perseverantes

460 3377 769 3430 unanimiter
797 3377 849 3429 in
870 3375 1097 3428 oratione
1123 3390 1236 3427 cum
1257 3372 1547 3426 mulieribus
1568 3412 1584 3437 ,
1612 3381 1660 3423 et
1691 3370 1857 3423 Maria
1884 3381 2045 3425 matre

457 3444 620 3506 Iesu.
660 3455 709 3499 et
751 3446 991 3515 fratribus
1029 3444 1138 3511 ejus
1168 3444 1317 3513 (Act.
1350 3456 1398 3506 ι,
1441 3442 1570 3515 Li).
1623 3440 1735 3495 lloc
1784 3440 2041 3515 dicimus,

458 3515 580 3584 quia
613 3509 761 3569 tanto
787 3530 904 3584 qua:
932 3509 1313 3584 mag'nahsunt,
1366 3512 1572 3584 cautius
1609 3509 1882 3584 tractanda
1926 3512 2042 3584 exi-

458 3580 646 3648 stunt,
697 3580 896 3653 quanto
938 3580 1258 3652 specialibus
1300 3581 1689 3653 auctoritatuni
1724 3580 2042 3653 testimoniis

456 3668 567 3724 non
597 3648 819 3724 possunt
866 3654 932 3709 ad
971 3648 1236 3724 liquidum
1272 3651 1534 3707 roborari.
1587 3648 1697 3724 sed
1727 3650 1849 3719 quia
1891 3664 2040 3724 (πυτς-

457 3722 583 3781 dam
598 3719 879 3795 Scriptura
906 3719 1086 3780 sancta
1114 3723 1514 3795 indagationum
1540 3719 1730 3795 studiis
1754 3719 2040 3795 quierenda

457 3736 583 3781 nam
607 3736 879 3795 Scriptura
906 3736 1086 3780 sancta
1114 3736 1514 3793 indagationum
1540 3736 1730 3776 stuous
1750 3736 2040 3843 gemenda

455 3795 699 3866 reliquit,
746 3810 854 3866 non
902 3804 1025 3851 sunt
1052 3794 1317 3866 superﬂua
1355 3791 1666 3866 testinianda
1692 3830 1707 3854 ,
1790 3804 1879 3866 um
1914 3804 2041 3845 vera

456 3861 797 3936 indagatione
826 3864 1025 3921 fuerint
1065 3861 1748 3936 patefactaiAFecundanest
1772 3862 1912 3936 enim
1944 3875 2038 3936 ve-

454 3930 630 3992 ritatis
676 3937 964 3992 auctoritas
992 3954 1004 3989 :
1037 3930 1093 3991 et
1139 3933 1266 3990 dum
1292 3933 1573 4003 diligenter
1598 3931 1887 4003 discutitur
1909 3972 1925 3996 ,
1948 3930 2039 4003 _de

454 4018 518 4061 se
544 4006 759 4078 gignere
786 4006 927 4077 quod
956 4007 1068 4076 ipsa
1096 4014 1179 4078 est
1201 4000 1556 4078 cognoscitur.
1588 4002 1742 4072 Saepe
1769 4002 1915 4078 enim
1932 4000 2042 4078 dis-

455 4070 626 4131 cus'sa'
660 4070 841 4131 veram
886 4070 1308 4131 convenientiam
1351 4075 1516 4145 parit,
1548 4070 1706 4145 quam
1744 4070 2041 4145 manifestis

455 4146 800 4201 sermonibus
827 4145 1102 4200 abscondit
1135 4161 1150 4209 ;
1201 4155 1255 4199 et
1282 4142 1431 4213 saepe
1455 4142 1655 4213 apertis
1699 4142 2038 4197 sermonibus

455 4214 711 4284 insinuat.
743 4215 796 4268 in
818 4214 1015 4284 quibus
1042 4214 1172 4267 nihil
1203 4212 1473 4284 praeteriit
1499 4212 1640 4284 quod
1670 4213 2040 4284 sonuit_qu:c-

454 4283 682 4351 [c’ndum
724 4280 911 4337 invitat
940 4300 952 4334 :
985 4292 1043 4338 ut
1066 4291 1176 4351 est,
1206 4280 1360 4351 'quod
1381 4280 1636 4351 Abraham
1660 4283 1830 4351 genuit
1854 4280 2035 4347 Isaac,

453 4349 611 4423 Isaac
650 4352 829 4423 genuit
868 4351 1031 4423 Iacob
1053 4394 1068 4418 ,
1113 4349 1276 4405 Iacob
1320 4353 1487 4423 genuit
1516 4349 1717 4423 ludant
1762 4360 1807 4404 et
1856 4355 2039 4423 fratres

455 4369 611 4407 uaac
693 4369 829 4407 enim
868 4369 1068 4418 Jacoo,
1113 4369 1276 4405 Jacoo
1320 4369 1487 4423 genuit
1524 4369 1717 4404 Iudam
1762 4369 1807 4404 et
1856 4369 2037 4420 [ratres

455 4422 568 4492 ejus
582 4423 616 4495 Δ(
638 4369 829 4495 gauli:
844 4438 880 4487 ι,
905 4421 994 4491 2),
1024 4432 1077 4495 et
1106 4431 1297 4495 caetera
1327 4422 1479 4488 talia,
1512 4422 1564 4476 in
1591 4421 1783 4495 quibus
1815 4421 2037 4495 sola_te-

454 4489 631 4548 nenda
673 4501 757 4549 est
797 4489 992 4548 littera.
1035 4491 1288 4561 Qutrdam
1334 4502 1511 4547 autem
1560 4489 1638 4545 sic
1669 4489 2036 4556 commendat,

450 4571 515 4646 tit
534 4564 733 4646 pariter
751 4563 981 4646 litteram
1005 4560 1372 4646 .et'Ir‘nvsiicum
1394 4562 1717 4646 intellectum
1746 4560 2033 4646 insinuei":

451 4640 517 4688 ut
539 4633 591 4688 in
619 4635 845 4689 transitu
888 4634 1048 4688 maris
1079 4633 1273 4700 Rubri,
1308 4644 1361 4689 et
1385 4649 1575 4687 manna
1601 4633 1804 4688 caelesti
1824 4673 1837 4695 ,
1880 4641 1931 4686 et
1956 4639 2040 4685 ta-

451 4701 744 4759 bernaculo
787 4704 880 4760 Dei
904 4745 919 4768 ,
950 4713 1109 4774 atque
1147 4718 1268 4758 arca
1307 4704 1605 4759 testamenti
1633 4744 1647 4766 ,
1701 4702 2036 4774 ubiifuturo-

451 4786 575 4828 rum
620 4774 817 4844 ﬁgura,
866 4774 1122 4844 Baptismi
1161 4774 1409 4844 videlicet
1443 4774 1639 4828 Christi
1683 4781 1737 4827 et
1784 4773 2037 4827 Ecclesia:

450 4843 677 4899 ostensa
714 4852 797 4914 est
840 4843 1515 4914 prmrogativa._Quaedam_
1535 4853 1736 4897 tantum
1778 4844 2033 4914 mystice,

452 4920 515 4967 ut
560 4927 681 4968 cum
725 4913 892 4968 Deum
922 4912 1050 4969 dicit
1079 4912 1377 4969 insulﬂasse
1409 4914 1459 4968 in
1491 4912 1682 4968 faciem
1715 4912 1848 4966 Adae
1873 4914 1893 4943 ⁸
1924 4913 2036 4982 spi-

450 4983 692 5054 raculum
722 4985 872 5049 vitae,
918 4985 1010 5054 qui
1061 4993 1245 5054 tamen,
1265 4998 1326 5039 os
1361 4983 1429 5038 ad
1470 4984 1776 5052 spirandum
1808 4998 1913 5054 non
1946 4985 2039 5036 ha-

448 5051 573 5122 hgt,
596 5068 695 5109 nec
714 5067 904 5108 manus
924 5051 989 5107 ad
1017 5053 1342 5117 onerandum
1360 5095 1375 5118 ,
1403 5051 1525 5109 cum
1548 5054 1569 5084 ⁸
1595 5053 1735 5108 dicat
1756 5053 2035 5122 pr0pheta,

452 5119 645 5178 Manus
691 5133 792 5178 tua:
814 5164 830 5189 ,
876 5122 1117 5188 Domine,
1175 5125 1401 5193 fecerunt
1445 5139 1526 5177 me
1570 5133 1617 5179 et
1668 5119 2037 5194 pla—sma’verunt

452 5208 534 5247 me
558 5192 579 5249 (
594 5191 695 5248 Iob
722 5210 780 5249 x.
809 5193 895 5249 8).

450 5208 695 5248 menon
722 5210 780 5248 Χ.
809 5208 895 5248 δ’.

522 5192 1128 5320 ἕλῗῧῖἰθὶφτηωω
1156 5272 1272 5319 sunt
1300 5263 1364 5319 de
1388 5265 1566 5335 quibus
1593 5264 1863 5336 Scriptura
1889 5266 2039 5333 silet,

514 5400 534 5432 ι
566 5396 679 5448 cod.
697 5398 1020 5460 oorbeiensis,
1040 5396 1350 5450 hwnauitate.

510 5461 536 5493 ³
568 5457 710 5509 Alias.
732 5472 895 5509 etiam.

568 5467 710 5519 Alias,
732 5472 895 5519 quain.

515 5520 1085 5589 ἔκδειιὶίορηῧειιιιῑε

510 5580 538 5643 ξ
568 5588 698 5643 κει,
718 5580 940 5635 insiruat.

509 5642 539 5706 ε
567 5642 707 5706 lea
722 5644 897 5706 4am.

514 5702 541 5741 ⁸
732 5702 862 5759 licet.

1927 229 2296 290 APPENDIX.

3603 230 3766 288 HM

2156 365 2259 404 non
2278 351 2428 421 ratio.
2451 348 2536 405 Ea:
2553 351 2618 406 iis
2636 357 2707 405 est
2728 350 3005 421 assumptio
3021 349 3181 404 beata:
3203 347 3404 406 Mariis.
3425 348 3564 405 Sunt
3580 350 3775 408 etiam

2154 420 2394 489 quaedam
2410 462 2425 486 ,
2458 436 2577 491 quae
2602 422 2849 491 quamvis
2874 420 3283 491 cOmmemorari
3313 435 3379 473 ex
3405 429 3519 491 toto
3546 422 3769 477 omissa

2153 491 2281 557 sint,
2303 506 2430 548 vera
2456 490 2867 561 tamenjatione
2888 490 3198 554 creduntur,
3222 490 3287 544 ad
3311 490 3451 559 quod
3480 492 3596 560 ipsa
3623 507 3770 547 con-

2154 562 2417 633 venientia
2453 563 2530 617 rei
2562 562 3008 633 quemadmodum
3034 561 3140 615 dux
3169 570 3224 633 et
3256 562 3452 633 praevia
3485 562 3761 616 creditur.

2154 630 2295 686 Nihil
2322 633 2465 687 enim
2495 633 2562 687 de
2580 630 2982 688 Melchisedech
3003 632 3295 687 sacerdotis
3314 632 3404 685 Dei
3432 633 3637 687 excelsi
3665 632 3759 701 ju-

2154 702 2296 757 stitia
2321 703 2571 772 loquitur.
2594 718 2717 757 cum
2744 704 2857 770 ipsa
2885 703 3222 772 prmcessissc
3249 712 3407 756 tenue
3434 702 3604 757 laudis
3636 718 3761 758 nte-

2155 773 2253 826 rita
2283 782 2663 843 cognoscatur.
2682 772 2821 827 Nihil
2850 773 2919 828 de
2959 772 3140 827 Enoch
3170 782 3225 843 et
3258 774 3420 835 Elite,
3463 783 3755 843 postquam

2154 844 2290 924 rapti
2310 853 2464 924 sunt,
2495 845 2617 924 vita}
2645 842 2894 924 felicitate
2919 842 3278 924 commendat.
3307 844 3512 924 cunctis
3540 842 3758 924 liquido

2155 913 2447 983 scientibus
2471 928 2567 969 eos
2592 913 2745 970 beate
2767 915 2946 969 vivere
2965 954 2980 978 .
3008 928 3143 983 quos
3174 913 3429 968 Dominus
3456 913 3582 967 hinc
3604 922 3667 968 et
3700 916 3755 969 in

2154 981 2389 1038 futurum
2417 984 2707 1039 servandos
2733 984 2903 1039 voluit
2927 981 3134 1053 rapere.
3159 983 3296 1048 Quid
3318 999 3445 1053 ergo
3468 984 3538 1038 de
3564 983 3756 1038 Maria:

2155 1064 2346 1117 morte,
2374 1054 2501 1120 quid
2525 1054 2595 1109 de
2624 1053 2739 1123 ejus
2766 1054 3129 1123 assumptione
3152 1054 3434 1109 dicendum
3470 1064 3572 1117 est.
3601 1055 3757 1111 unde

2154 1123 2332 1179 divina
2370 1124 2641 1193 Scriptura
2677 1123 2808 1178 nihil
2844 1124 3216 1187 commendat;
3258 1124 3359 1179 nisi
3394 1125 3754 1194 quierendum

2154 1195 2360 1249 ratione
2392 1195 2518 1265 quid
2553 1196 2852 1251 consentiat
2885 1195 3130 1258 veritati;
3168 1194 3363 1265 ﬁatque
3402 1196 3511 1263 ipsa
3546 1197 3756 1250 veritas

2153 1264 2473 1328 auctoritas,
2496 1266 2612 1321 sine
2645 1280 2748 1335 qua
2787 1280 3005 1321 necesse
3024 1273 3108 1320 est
3141 1280 3239 1335 nec
3277 1264 3483 1320 valeat'
3505 1265 3757 1320 auctori-

2158 1342 2235 1388 tas
2251 1337 2274 1387 ’ἐ
2340 1336 2600 1391 Memores
2650 1334 2790 1391 enim
2831 1335 3151 1392 conditionis
3192 1334 3471 1401 humanas,
3514 1347 3757 1395 mortem

2155 1403 2300 1459 illam
2353 1406 2579 1488 subiisse
2629 1406 2976 1488 temporaigm
3025 1405 3205 1487 dicere
3259 1421 3365 1488 non
3415 1406 3752 1488 metuimus,

2155 1489 2314 1543 quam
2352 1477 2492 1531 idem
2529 1487 2677 1532 certe
2711 1475 2830 1545 ejus
2862 1475 2902 1531 F
2908 1476 3061 1539 ilius,
3097 1476 3187 1545 qui
3221 1483 3279 1532 et
3317 1477 3456 1531 Deus
3489 1486 3544 1530 et
3582 1476 3755 1530 homo

2154 1546 2413 1617 e_st,lege
2438 1548 2600 1602 sortis
2626 1544 3147 1617 huniarrae_sustinuit
3178 1564 3191 1601 :
3219 1555 3274 1601 et
3301 1544 3403 1601 hoc
3430 1545 3549 1617 quia
3578 1546 3757 1601 homo

2154 1614 2220 1669 de
2242 1614 2371 1687 ejus
2385 1626 2664 1687 susceptus
2687 1625 2742 1673 et
2766 1615 3014 1687 profusus
3038 1626 3316 1687 estutero.

2224 1686 2451 1742 CAPUT
2479 1686 2565 1741 Ill.
2597 1689 2676 1741 An
2703 1688 2873 1741 deceat
2896 1687 3056 1742 beata:
3080 1686 3263 1741 Mariae
3285 1703 3468 1756 corpus
3487 1687 3541 1741 in
3565 1687 3754 1755 pulve-

2151 1773 2260 1827 rem
2296 1759 2573 1812 resolutum
2606 1774 2732 1813 esse.
2779 1756 2901 1812 Non
2936 1758 3159 1827 sequitur
3194 1774 3258 1812 ea:
3289 1758 3417 1813 Adae
3451 1759 3746 1812 maledicto.

2153 1826 2259 1882 Sed
2287 1828 2330 1881 si
2359 1828 2586 1884 dicimus
2612 1844 2728 1883 eam
2757 1829 2947 1884 mortis
2977 1826 3144 1884 teneri
3175 1829 3420 1893 vinculis,
3448 1838 3503 1883 et
3530 1828 3747 1884 resolu-

2154 1905 2261 1969 tam
2292 1898 2344 1952 in
2374 1913 2711 1953 communem
2740 1899 3090 1969 putredinem,
3113 1914 3347 1954 vermem
3373 1914 3436 1953 ac
3459 1900 3692 1956 cinerem
3725 1915 3743 1953 :

2155 1967 2452 2023 librandum
2476 1971 2495 2000 ³
2518 1979 2621 2033 est,
2643 1970 2685 2024 si
2712 1967 2813 2025 hoc
2835 1969 3119 2025 conveniat
3140 1978 3296 2023 tanta:
3320 1970 3603 2033 sanctitati,
3626 1980 3749 2024 tan—

2155 2046 2223 2093 tae
2253 2040 2388 2094 aulae
2411 2040 2503 2094 Dei
2534 2040 2922 2110 praerogativa
2944 2039 3151 2096 Scimus
3175 2040 3316 2095 enim
3344 2040 3542 2110 dictum
3570 2042 3745 2109 primo

2155 2110 2394 2181 parenti,
2429 2110 2561 2177 Quia
2588 2109 2750 2180 pulvis
2775 2127 2860 2176 es,
2891 2122 2940 2181 et
2966 2112 3019 2165 in
3059 2111 3313 2181 pulverem
3340 2111 3433 2164 ibis
3462 2109 3627 2179 (Gen.
3653 2127 3739 2172 ut.

2155 2179 2270 2250 19).
2301 2181 2454 2247 Quod
2494 2182 2538 2236 si
2573 2179 2642 2236 de
2676 2191 2845 2236 morte
2873 2179 3096 2247 dicitur,
3123 2181 3385 2251 generalis
3410 2191 3494 2236 est
3521 2191 3742 2240 senten-

2155 2252 2259 2316 tia;
2289 2255 2332 2306 si
2359 2251 2426 2306 de
2455 2252 2781 2307 resolutione
2808 2251 2860 2306 in
2892 2251 3185 2321 pulverem,
3217 2252 3352 2307 banc
3379 2252 3739 2313 conditionem

2153 2321 2353 2376 Christi
2382 2338 2508 2377 caro
2533 2323 2701 2377 evasit
2726 2322 2794 2377 de
2820 2336 2982 2378 carne
3010 2321 3187 2377 Mariae
3215 2332 3446 2392 sumpta,
3474 2339 3593 2392 qua:
3615 2339 3738 2382 cor-

2154 2395 2456 2461 ruptionem
2493 2408 2599 2448 non
2633 2392 2901 2448 sustinuit.
2942 2393 3018 2449 De
3057 2393 3159 2448 hoc
3191 2393 3333 2447 enim
3374 2395 3626 2463 scriptum
3656 2406 3739 2454 est

2154 2477 2249 2531 per
2273 2464 2437 2518 David
2468 2463 2779 2533 prophetam
2804 2463 3092 2529 dicentem,
3121 2463 3371 2529 Quoniam
3395 2479 3494 2517 non
3520 2466 3739 2523 derelin-

2151 2549 2271 2601 ques
2296 2535 2517 2588 animam
2541 2550 2703 2588 meam
2727 2535 2782 2587 in
2807 2534 3025 2602 inferno,
3057 2550 3147 2588 nec
3174 2533 3317 2588 dabis
3342 2544 3568 2588 sanctum
3594 2546 3737 2593 tuast

2152 2604 2318 2675 videre
2341 2606 2713 2674 corruptionem
2737 2603 2905 2674 (Psal.
2937 2620 3026 2670 xv,
3053 2603 3164 2675 10).
3194 2605 3267 2660 De
3289 2618 3395 2674 quo
3418 2615 3589 2675 autem
3611 2624 3739 2663 san-

2150 2682 2238 2747 cto
2267 2673 2465 2747 dictum
2497 2675 2599 2747 sit,
2631 2675 2982 2747 archangelus
3012 2673 3275 2744 prodidit,
3302 2673 3392 2743 qui
3417 2674 3480 2747 ad
3513 2675 3734 2747 Mariam

2151 2745 2253 2814 ait,
2286 2742 2355 2814 Et
2382 2746 2517 2814 quod
2546 2742 2785 2814 nascetur
2812 2742 2875 2799 ea:
2910 2756 2957 2800 te
2993 2742 3253 2807 sanctum,
3288 2742 3536 2799 vocabitur
3564 2745 3735 2804 Filius

2149 2812 2248 2867 Dei
2274 2812 2481 2887 (Lam
2501 2858 2515 2880 ,
2548 2816 2617 2869 ‘55
2632 2813 2672 2887 ).
2704 2814 2841 2871 Vere
2869 2824 3108 2871 sanctum
3129 2857 3143 2879 ,
3173 2824 3229 2870 et
3256 2822 3494 2887 sanctum
3520 2829 3733 2873 sancto-

2151 2900 2269 2970 i'utn
2301 2902 2318 2961 ε
2349 2884 2488 2970 unde
2515 2894 2569 2970 et
2603 2884 2705 2970 illa.
2732 2887 2925 2970 Saucia
2968 2895 3272 2970 sanctorum
3311 2885 3583 2968 dicuntur,
3613 2904 3735 2970 qua:

2151 2953 2238 3026 illa
2279 2953 2564 3010 servabant
2600 2957 2790 3026 quibus
2836 2957 2926 3011 ille
2969 2956 3321 3025 ﬁgurabatur,
3353 2956 3442 3024 qui
3476 2953 3735 3015 veraciter

2149 3024 2296 3100 solus
2322 3026 2545 3100 Sanctus
2572 3024 2888 3100 sanctorum
2902 3024 3112 3100 dicitur.
3140 3026 3238 3100 llic
3266 3028 3407 3100 enim
3436 3027 3605 3083 estde
3627 3046 3733 3100 quo

2150 3094 2290 3149 idem
2311 3098 2659 3166 archangelus
2679 3096 2893 3151 Gabriel
2917 3097 3113 3150 Danieli
3139 3097 3367 3166 loquitur
3388 3097 3525 3152 inter
3542 3094 3732 3156 caetera

2150 3181 2285 3240 quae
2303 3166 2476 3222 futura
2504 3168 2734 3240 ostendit
2758 3167 2970 3232 dicens,
2998 3166 3066 3221 Et
3093 3168 3362 3240 impleatur
3386 3169 3522 3240 visio
3538 3179 3583 3222 et
3608 3187 3732 3240 pro-

2150 3237 2339 3305 phetia,
2361 3249 2408 3291 et
2431 3247 2650 3307 ungatur
2669 3238 2890 3294 Sanctus
2911 3249 3198 3292 sanctorum
3220 3236 3377 3307 (Dan.
3401 3254 3474 3304 Ix,
3498 3236 3619 3307 24).
3638 3241 3734 3297 llic

2149 3307 2291 3360 enim
2323 3308 2548 3362 Sanctus
2575 3311 2973 3377 corruptionem
3010 3323 3117 3363 non
3153 3310 3318 3370 vidit.
3346 3310 3434 3377 qui
3466 3311 3616 3364 tertia
3642 3310 3732 3367 die

2149 3391 2271 3431 cum
2295 3378 2561 3450 triumpho
2583 3378 2651 3433 de
2677 3378 2860 3433 inferis
2883 3380 3093 3433 rediens
3116 3380 3425 3433 resurrexit.
3452 3379 3591 3450 Caro
3613 3383 3732 3450 ejus

2149 3461 2266 3515 qua:
2289 3447 2355 3502 de
2387 3448 2548 3503 Maria
2576 3459 2783 3517 sumpta
2810 3458 2911 3513 est,
2945 3451 3043 3503 etsi
3072 3460 3276 3503 mortua
3307 3457 3389 3502 est
3417 3464 3479 3503 ex
3512 3447 3734 3506 inlirini-

2152 3526 2289 3588 late,
2318 3519 2510 3573 revixit
2535 3535 2597 3572 ex
2631 3520 2722 3573 Dei
2750 3522 2961 3575 virtute.
2995 3520 3100 3574 Sed
3134 3522 3233 3574 hoc
3260 3520 3379 3583 ille,
3409 3521 3495 3588 qui
3521 3522 3734 3587 quando

2147 3586 2314 3641 voluit
2342 3590 2499 3660 mori,
2520 3590 2744 3660 quando
2774 3592 2936 3645 voluit
2970 3605 3264 3659 resurgere,
3296 3586 3482 3658 potuit.
3515 3586 3731 3660 Excipi~

2148 3665 2234 3710 tur
2263 3659 2485 3733 ergoAab
2516 3659 2605 3733 illa
2629 3661 2858 3733 generali
2890 3662 3151 3733 sententia
3181 3660 3247 3733 de
3283 3660 3501 3733 virgine
3521 3659 3732 3733 sumpta

2148 3735 2356 3801 natura.
2384 3728 2535 3796 Quod
2565 3730 2607 3783 si
2639 3728 2745 3784 non
2774 3730 2951 3785 Maria:
2979 3731 3258 3800 congruit,
3287 3728 3528 3801 congruit
3554 3728 3732 3789 tanien

2146 3798 2255 3869 lilio
2281 3814 2439 3869 quem
2465 3801 2666 3869 genuit.

2216 3866 2441 3924 CAPUT
2470 3866 2568 3924 νιν.
2616 3869 2787 3925 Maria
2821 3870 2883 3924 ab
2922 3871 3043 3926 Eva:
3080 3871 3345 3926 maledicto
3387 3872 3558 3927 libera.
3602 3874 3735 3930 Post

2147 3939 2261 4012 haec
2288 3955 2405 4010 quae
2433 3940 2561 3995 Adae
2588 3941 2728 3996 dicta
2757 3949 2881 3996 sunt
2900 3981 2915 4006 ,
2946 3943 3014 3997 de
3042 3943 3232 4012 quibus
3257 3943 3516 4010 excipitur
3546 3943 3732 3999 Maria:

2146 4009 2352 4075 Filius;
2381 4012 2680 4067 contuenda
2707 4021 2973 4080 suntquae
2994 4009 3151 4067 etiam
3181 4011 3303 4066 [εγω
3328 4009 3465 4067 dicta
3491 4022 3615 4067 sunt
3634 4056 3650 4078 ,
3679 4015 3733 4070 si

2146 4082 2349 4154 cunctis
2374 4081 2714 4154 leminissint
2741 4083 3030 4153 generalia,
3059 4093 3113 4137 et
3140 4084 3265 4154 siin
3294 4082 3469 4152 aliquo
3491 4084 3730 4154 excipia-

2147 4160 2233 4223 t_ur
2268 4149 2450 4223 Magia.
2487 4149 2975 4223 Scriptum'quippe
3003 4162 3115 4219 est,
3150 4152 3354 4207 Mulieri
3379 4149 3574 4223 quoque
3600 4149 3731 4223 dixit

2145 4220 2304 4293 Deus,
2336 4219 2688 4291 Multiplicabo
2715 4219 2969 4281 aerumnas
2997 4234 3110 4278 tuas
3137 4233 3185 4277 ct
3213 4219 3479 4293 conceptus
3492 4219 3633 4278 tuus.
3662 4222 3729 4280 In

2146 4291 2334 4365 dolore
2348 4293 2515 4365 paries
2538 4293 2690 4365 ﬁlios,
2723 4302 2772 4347 et
2795 4294 2886 4348 sub
2909 4296 3003 4347 viri
3030 4303 3268 4365 potestate
3291 4291 3409 4365 eris,
3437 4304 3482 4347 ct
3509 4295 3617 4364 ipse
3638 4296 3731 4349 do-

2145 4361 2418 4435 minabitur
2445 4363 2516 4415 tui
2550 4361 2710 4435 (Gen.
2744 4365 2993 4435 111,16).
3022 4361 3334 4435 )Erumnam
3369 4361 3540 4419 Maria
3565 4366 3727 4420 susti-

2145 4433 2284 4517 nuit,
2301 4432 2452 4517 cujus
2475 4432 2704 4517 animam
2728 4433 2937 4517 gladius
2960 4435 3221 4504 passionis
3241 4434 3436 4517 Christi
3464 4445 3733 4517 pertrans-

2146 4503 2239 4557 ivit
2268 4500 2432 4575 (Luc.
2462 4518 2532 4575 ii.
2562 4505 2665 4575 55,)
2704 4500 2843 4561 {sed
2875 4500 3164 4575 conceptus
3193 4520 3298 4560 non
3330 4500 3727 4574 multiplicavit,

2146 4588 2244 4647 nec
2286 4572 2389 4647 sub
2423 4573 2560 4647 viri,
2591 4572 2653 4628 id
2686 4584 2801 4647 est,
2840 4576 3019 4647 mariti
3047 4572 3324 4645 potestate
3356 4572 3578 4647 deguit,
3613 4592 3731 4647 qua:

2144 4644 2499 4713 integerrimis
2517 4644 2803 4698 visceribus
2819 4646 2886 4700 de
2904 4644 3104 4714 Spiritu
3128 4655 3312 4701 sancto
3330 4644 3595 4701 Christum
3617 4644 3733 4701 sus-

2144 4715 2317 4788 cepit,
2347 4714 2771 4788 et‘virginitatis
2800 4716 3110 4788 integritate
3150 4728 3399 4773 manente
3429 4718 3577 4787 virgo
3606 4732 3732 4788 per-

2145 4785 2359 4856 mansit.
2398 4783 2571 4856 Quem
2610 4786 2884 4856 quissine
2924 4783 3126 4856 peceati
3165 4783 3733 4854 colluvione,'et'sine

2143 4854 2310 4907 virilis
2349 4853 2686 4908 admixtionis
2728 4853 3049 4912 detrimento
3091 4859 3353 4925 suscepit,
3395 4853 3511 4912 sine
3549 4858 3735 4912 dolore

2144 4925 2345 4998 genuii,
2378 4933 2431 4978 et
2458 4929 2572 4979 sine
2598 4925 2913 4996 integritatis
2948 4928 3253 4992 violatione,
3286 4928 3491 4998 pudore
3518 4929 3734 4998 virgini~

2144 4994 2269 5049 tatis
2309 4994 2508 5064 integra
2551 4994 2861 5065 permansit.
2896 4998 3006 5052 Hoc
3038 4999 3181 5053 enim
3219 4994 3390 5066 poiuit
3424 4994 3638 5053 efﬁcere
3664 4999 3735 5053 de

2145 5075 2345 5131 matre,
2375 5068 2495 5136 quia
2533 5068 2611 5121 sic
2651 5068 2790 5123 Deus
2825 5069 2986 5138 elegit
3018 5069 3163 5123 nasci
3198 5069 3266 5122 de
3299 5068 3534 5122 homine.
3575 5067 3736 5122 Maria

2145 5151 2272 5218 ergo
2299 5138 2400 5218 etsi
2431 5139 2800 5218 communicai
2820 5140 3071 5218 agruman
3105 5139 3412 5218 Evae,_nou_
3433 5139 3735 5218 communi-

2145 5216 2229 5262 cat
2255 5207 2597 5276 parturiendo
2619 5223 2741 5263 cum
2769 5207 2972 5264 dolore.
3006 5208 3305 5263 Promeruit
3328 5210 3469 5264 enim
3496 5208 3596 5262 hoc
3620 5208 3736 5261 sin-

2146 5277 2343 5349 gularis
2370 5280 2623 5349 sanctitas
2652 5280 2767 5348 ejus
2790 5288 2845 5335 et
2871 5280 3155 5349 singularis
3181 5280 3368 5346 gratia,
3400 5295 3501 5349 qua
3548 5292 3738 5333 susce-

2146 5348 2330 5419 ptione
2364 5348 2456 5402 Dei
2496 5349 2833 5419 singulariter
2857 5348 3116 5406 :estimata
3151 5360 3234 5404 est
3265 5348 3445 5419 digna.
3476 5349 3591 5407 Non
3631 5349 3737 5403 im-

2145 5418 2339 5472 merito
2372 5433 2500 5488 ergo
2537 5418 2800 5490 excipitur
2824 5435 2856 5475 a
2883 5419 3198 5490 quibusdam
3236 5418 3574 5490 generalibus
3608 5433 3739 5475 vera

2209 5579 2306 5626 ‘tta
2326 5588 2454 5624 unus
2489 5577 2779 5641 Regiusals.
2806 5577 2855 5624 in
2892 5575 3200 5641 Corbciensl,
3233 5586 3424 5630 necesse
3455 5577 3527 5628 est
3562 5569 3738 5641 valeat,

2142 5641 2337 5696 onusso,
2362 5650 2475 5700 nec.
2495 5635 2702 5695 aream,
2724 5650 2810 5690 nec
2827 5644 2914 5700 est,
2937 5649 3023 5689 nec
3046 5635 3185 5692 valet.

2208 5703 2229 5736 ³
2262 5709 2386 5764 uss,
2412 5699 2742 5754 laborandtmt.
