4118 6194
275 337 421 396 1145

274 445 660 517 ώεῑίωαιίοηό,
691 463 850 521 quam
890 455 1032 521 tanta
1071 454 1250 504 servat
1282 448 1450 521 gratia
1476 456 1530 521 et
1555 445 1748 521 attollit
1773 445 1858 499 di-

273 521 494 593 gnitatis
531 517 1365 593 prmrogativa._gQuantumenim
1395 517 1586 571 Christi
1627 526 1861 593 potestas

279 589 305 593 ⁷
351 593 480 657 ssit,
511 589 692 646 mundi
716 589 954 644 ostendit
991 589 1342 650 universitas;
1373 598 1626 656 quantum
1660 589 1856 655 gratia,

278 608 460 718 maria:
491 671 753 717 menstrat
788 661 1065 718 integritas
1097 678 1110 712 :
1142 675 1258 718 tunc
1296 660 1432 710 sicut
1467 658 1675 712 diversa
1715 668 1795 710 est
1831 673 1856 708 a

335 665 460 717 aria:
491 671 753 717 menstrat
788 661 1065 730 integritas
1097 678 1110 712 :
1142 675 1262 730 quia
1296 660 1432 730 sicut
1467 658 1675 730 diversa
1715 668 1795 710 est
1831 673 1860 708 a

279 741 500 797 natura,
539 733 608 786 ita
643 733 849 786 diversa
879 728 959 785 est
994 731 1060 784 ab
1089 744 1205 784 usu.
1236 728 1372 796 Quid
1403 743 1530 797 ergo
1557 729 1602 782 si
1637 731 1685 780 in
1719 735 1862 780 tanta

278 803 586 859 diversitate
611 818 726 857 eam
756 802 980 856 dicimus
1018 801 1262 854 humana:
1289 800 1447 853 sortis
1475 807 1698 851 mortem
1733 797 1862 851 sub-

281 875 428 939 iisse,
455 890 551 928 nec
577 883 750 927 tamen
776 873 892 940 ejus
915 871 1140 924 vinculis
1167 869 1404 932 retineri,
1428 883 1698 940 perquam
1727 868 1864 920 Deus

283 946 452 998 voluit
479 944 642 1007 nasci,
679 951 732 997 et
751 939 926 995 carnis
949 940 1238 996 substantia
1269 939 1681 1002 communicare,
1711 953 1861 990 num-

279 1015 406 1084 quid
435 1015 652 1082 impium
681 1012 818 1066 crit?
845 1013 1053 1084 §cimus
1078 1013 1220 1084 enim
1255 1009 1434 1084 lesum
1463 1009 1637 1061 omnia
1669 1023 1860 1084 posse_,

279 1077 370 1153 qui
399 1084 465 1138 de
490 1077 548 1138 se
576 1084 689 1151 ipso
712 1085 805 1148 ait,
839 1081 972 1134 Data
996 1091 1076 1153 est,
1091 1081 1213 1153 mihi
1237 1081 1398 1132 omnis
1422 1087 1638 1147 potestas
1662 1079 1712 1131 in
1739 1077 1864 1131 caelo

279 1151 327 1208 et
355 1155 408 1208 in
438 1165 568 1207 terra
597 1153 810 1219 (Matth.
841 1167 1026 1214 xxvm,
1059 1151 1166 1219 18).

352 1223 575 1279 CAPUT
598 1223 665 1276 γ.
691 1222 906 1275 Matrem
931 1221 1157 1274 Christus
1182 1221 1232 1272 in
1254 1219 1346 1272 hoc
1369 1221 1639 1272 honorasse
1661 1220 1866 1272 creden—

282 1295 378 1349 dus
398 1302 488 1347 est.
514 1293 712 1360 Quippe
731 1309 874 1345 suam
895 1292 1053 1359 ipsius
1075 1303 1325 1344 naturam.
1355 1289 1536 1360 Unitas
1556 1290 1732 1358 gratia:
1751 1305 1864 1340 cum

281 1365 504 1418 Christo.
551 1359 730 1416 Unitas
771 1362 952 1416 Mariae
987 1362 1218 1430 specialis
1252 1377 1366 1413 cum
1401 1359 1618 1414 Christo.
1649 1359 1865 1430 Si_ergo

283 1434 447 1489 voluit
478 1435 735 1502 integram
767 1441 988 1486 matrem
1015 1427 1337 1502 'virginitatis
1372 1444 1589 1502 servare
1630 1427 1862 1502 pudore,

283 1519 380 1559 cur
401 1520 504 1558 non
531 1498 658 1557 velit
681 1504 1038 1570 ineorruptam
1064 1517 1092 1553 a
1111 1498 1411 1568 putredinis
1432 1515 1644 1552 scrvare
1667 1498 1865 1570 fetore?

285 1575 439 1630 Dicat
461 1575 547 1644 qui
573 1569 1054 1644 cognovit‘se’nsum
1084 1571 1316 1644 Domini,
1342 1578 1396 1644 et
1419 1572 1503 1644 qui
1530 1569 1865 1644 coi'isiliarius

285 1645 403 1714 ejus
429 1639 543 1706 fuit,
572 1639 836 1713 Numquid
867 1659 970 1714 non
1001 1641 1228 1708 pertinet
1253 1639 1733 1714 adhenignitatem
1766 1639 1866 1692 Do-

285 1709 436 1780 mini,
460 1715 648 1768 matris
672 1709 888 1767 servare
916 1712 1193 1780 honorem,
1215 1710 1303 1780 qui
1331 1711 1499 1780 legem
1527 1724 1630 1762 non
1657 1709 1866 1780 solvere

285 1779 538 1850 venerat,
567 1783 658 1838 sed
694 1783 982 1851 adimplere
1008 1779 1124 1849 (Id.
1158 1794 1213 1842 v,
1240 1779 1306 1836 l7
1329 1781 1378 1849 )‘2
1407 1779 1517 1834 Lex
1553 1781 1694 1851 enim
1729 1779 1868 1833 sicut

285 1849 543 1910 honorem
570 1854 752 1908 matris
775 1849 1031 1921 praecipit,
1053 1851 1122 1904 ita
1147 1851 1608 1921 inhonorationem
1629 1849 1866 1902 damnat.

285 1925 386 1994 Qui
409 1926 552 1982 enim
575 1925 628 1977 in
652 1925 756 1976 vita
779 1920 886 1992 prae
911 1922 1117 1994 cieteris
1134 1921 1274 1994 illam
1300 1920 1468 1994 gratia
1489 1921 1867 1994 suiconcepttts

285 1989 586 2060 honoravit,
617 1994 762 2064 pium
782 1989 872 2064 est
899 1990 1120 2064 credere
1153 1989 1722 2064 singularisalvatione
1748 2004 1864 2044 eam

286 2069 341 2120 in
363 2075 534 2119 morte
555 2073 606 2117 et
619 2059 839 2130 'Speciali
865 2061 1034 2130 gratia
1057 2060 1366 2130 honorasse.
1391 2059 1566 2130 Potuit
1585 2061 1726 2113 enim
1748 2073 1866 2114 eam

285 2151 317 2190 a
349 2135 629 2206 putredine
654 2128 712 2206 et
733 2128 949 2206 pulvere
975 2130 1200 2206 alienam
1233 2129 1434 2206 facere.
1465 2128 1556 2206 qui
1582 2145 1647 2182 ex
1677 2144 1736 2182 ea
1769 2145 1864 2182 na-

285 2199 447 2262 scens
471 2204 641 2274 potuit
669 2199 926 2272 virginem
957 2200 1276 2274 relinquere.
1309 2199 1537 2274 Pntr_e_d_o
1565 2214 1792 2274 namque
1816 2208 1869 2253 et

285 2269 486 2331 vermis
526 2269 774 2328 humanai
808 2282 890 2326 est
927 2271 1270 2340 opprobrium
1313 2269 1663 2340 conditionis,
1695 2284 1725 2322 a
1761 2283 1868 2338 quo

285 2345 572 2416 opprobrio
599 2358 720 2416 cum
754 2343 910 2416 lesus
935 2339 1012 2396 sit
1028 2341 1232 2396 alienus
1251 2349 1484 2416 ,_natura
1516 2339 1692 2416 hlariae
1720 2341 1866 2416 erici-

287 2409 649 2486 pit-unquam
685 2413 840 2468 lesus
875 2411 944 2486 de
979 2426 1040 2486 ea
1081 2411 1380 2486 suscepisse
1424 2409 1695 2486 probatur.
1729 2409 1868 2463 Caro

285 2480 584 2552 etiimjlesu
613 2499 739 2538 caro
766 2491 851 2537 est
877 2481 1053 2536 Maria:
1071 2522 1086 2547 ,
1115 2491 1175 2552 et
1198 2481 1366 2534 multo
1401 2480 1682 2552 specialius
1709 2494 1866 2552 quam

289 2549 664 2626 Josephglluda:
706 2563 1128 2626 ozcterorumqttc
1153 2551 1539 2626 fratrum‘ejus.
1569 2549 1870 2626 quibusAdi-

283 2619 456 2691 cebal,
481 2623 662 2678 Frater
685 2625 816 2678 enim
841 2633 888 2676 et
912 2639 1029 2676 raro
1045 2619 1226 2676 nostra
1251 2630 1323 2674 est
1349 2619 1498 2689 (Gen.
1529 2635 1731 2691 xxxv",
1753 2619 1864 2691 27).

285 2697 420 2754 Caro
443 2688 585 2750 enim
610 2693 828 2759 Christi,
859 2691 1100 2763 quamvis
1127 2691 1292 2762 gloria
1323 2688 1726 2763 resurrectionis
1756 2688 1870 2742 fue-

285 2767 356 2821 rit
381 2767 714 2836 magniticata
731 2805 747 2828 ,
775 2773 829 2818 et
857 2760 1056 2836 potenti
1087 2760 1248 2831 super
1275 2776 1462 2836 omnes
1485 2760 1650 2836 ctelos
1677 2773 1867 2814 ascen-

285 2832 770 2905 sione.gloriﬁcata,
793 2833 980 2887 eadem
1003 2841 1187 2905 tamen
1201 2832 1378 2905 carnis
1401 2832 1594 2905 mansit
1615 2838 1668 2884 et
1691 2838 1870 2905 manet

285 2900 496 2971 natura,
525 2920 643 2974 qua:
669 2911 913 2970 suscepta
941 2910 1022 2956 est
1047 2901 1114 2955 de
1141 2901 1322 2954 Maria.
1357 2900 1474 2974 Ipse
1501 2900 1640 2974 enim
1672 2909 1754 2952 est
1777 2901 1867 2968 qui

285 2970 576 3046 conceptus
595 3017 609 3041 ,
637 2981 695 3046 et
713 2974 960 3046 genitus,
989 2979 1147 3040 atque
1173 2970 1452 3046 a_mort_uis
1481 2970 1763 3022 suscitatus
1789 2978 1870 3024 est

285 3061 382 3116 per
413 3039 634 3117 gloriam
672 3039 844 3098 Patris
875 3059 888 3094 :
919 3039 1474 3117 sicut’profectoipse
1494 3047 1724 3117 testatur
1752 3049 1870 3105 post

284 3107 751 3179 resurrectionem,
777 3111 992 3182 quando
1015 3107 1283 3179 Apostolis
1308 3110 1454 3182 dicit,
1494 3107 1666 3160 Videte
1690 3123 1868 3182 manus

285 3203 424 3242 meas
443 3196 488 3240 et
512 3185 662 3251 pedes
688 3177 840 3245 meos,
869 3182 986 3252 quia
1011 3177 1118 3250 ipse
1141 3196 1231 3250 ego
1250 3196 1371 3252 sum
1391 3177 1543 3252 (Luc.
1577 3193 1729 3239 xxrv,
1753 3179 1864 3248 39).

285 3256 421 3325 Quid
446 3248 588 3312 enim
613 3263 714 3320 est,
739 3255 850 3323 ipse
871 3248 963 3322 ego
989 3248 1134 3325 sunt;
1161 3248 1261 3304 nisi
1288 3251 1408 3319 quia
1437 3248 1576 3325 alter
1595 3264 1698 3301 non
1726 3263 1864 3325 sum,

285 3319 442 3398 quam
470 3327 558 3396 qui
590 3334 715 3380 tunc
751 3319 1352 3398 eram—quattdo-passus
1379 3319 1536 3398 sum?
1565 3319 1666 3372 hoc
1699 3319 1866 3398 siqui-

285 3389 406 3474 dem
435 3389 756 3474 cognoscere
783 3389 1005 3466 potestis
1025 3392 1158 3474 ,.qui
1189 3391 1246 3474 in
1280 3391 1534 3474 manibus
1555 3398 1609 3442 et
1649 3389 1868 3456 pedibus

285 3459 554 3522 clavorum
578 3459 803 3520 vulnera
819 3459 1158 3532 cognoscitis.
1189 3460 1307 3530 Ipse
1333 3475 1461 3528 eigo
1486 3459 1732 3532 idemque
1757 3474 1866 3514 cte-

285 3537 369 3592 los
396 3537 652 3602 ascendit,
684 3544 737 3590 et
767 3531 980 3588 carnem
1011 3547 1169 3602 quam
1197 3532 1262 3584 de
1294 3541 1475 3602 matre
1497 3531 1746 3598 SIJsCCpil,
1781 3545 1868 3584 su-

282 3621 382 3678 per
403 3618 544 3662 astra
569 3600 862 3678 transvexit
888 3620 900 3655 :
934 3600 1198 3678 honoratis
1225 3616 1434 3678 omnem
1466 3600 1747 3678 humanam
1777 3617 1866 3654 na-

287 3671 484 3741 iurato,
525 3685 582 3732 et
616 3676 782 3729 multo
823 3675 990 3742 magis
1029 3681 1340 3726 maternam.
1384 3671 1436 3725 Si
1487 3673 1641 3742 igitur
1680 3681 1866 3725 natura

283 3748 470 3802 matris
505 3756 586 3800 est
625 3745 795 3803 filius,
827 3743 1152 3798 conveniens
1181 3751 1261 3796 est
1292 3751 1347 3795 ut
1377 3742 1444 3794 sit
1469 3750 1521 3794 et
1553 3741 1640 3794 lilii
1675 3751 1862 3806 mater,

283 3832 392 3872 non
426 3825 677 3887 quantum
723 3815 952 3887 pertinet
980 3813 1046 3887 ad
1075 3827 1277 3887 mquam
1312 3811 1864 3887 administrationem,

283 3888 379 3944 sed
417 3879 670 3958 quantum
697 3879 942 3958 pertinet
977 3883 1050 3958 ad
1088 3879 1329 3958 eamdem
1371 3881 1696 3958 reciprocam
1737 3879 1864 3934 sub-

283 3951 532 4012 stantiam
565 3975 579 4010 :
611 3965 671 4011 ut
697 3951 856 4009 homo
884 3955 950 4009 de
977 3953 1212 4014 homine,
1241 3965 1366 4005 caro
1391 3951 1456 4002 de
1485 3964 1664 4011 carne,
1699 3959 1867 4003 mater

283 4042 315 4082 a
345 4027 476 4094 lilio,
507 4027 646 4082 lilius
673 4042 703 4080 a
733 4034 922 4084 matre,
955 4039 1062 4076 non
1093 4023 1157 4076 ad
1195 4023 1446 4094 unitatem
1480 4034 1739 4094 personae,
1773 4019 1866 4094 sed

281 4097 350 4153 ad
377 4087 630 4152 unitatem
658 4094 948 4153 corporalis
977 4103 1177 4145 natura:
1203 4100 1255 4144 et
1285 4089 1616 4143 substantiae.
1642 4087 1694 4144 Si
1723 4090 1864 4142 enim

282 4167 538 4222 unitatem
561 4174 734 4236 potest
753 4159 931 4236 facere
955 4163 1120 4236 gratia
1145 4161 1258 4236 sine
1281 4160 1599 4236 proprietate
1619 4159 1866 4236 specialis

283 4245 524 4298 naturae;
558 4229 756 4302 quanto
785 4229 1064 4302 magis'nbi
1097 4229 1277 4300 gratia:
1307 4229 1512 4294 unitas,
1543 4237 1598 4302 et
1625 4229 1864 4300 corporis

283 4253 524 4298 naturae;
597 4253 756 4289 uanlo
785 4253 952 4302 magis
981 4253 1064 4286 um
1097 4253 1277 4300 gratia:
1308 4253 1478 4283 unitas
1497 4270 1512 4294 ,
1543 4253 1598 4284 ut
1625 4253 1864 4300 corporis

283 4315 367 4378 est
401 4253 645 4378 specitiiis
674 4303 952 4378 nativitas?
981 4299 1166 4378 Unitas
1198 4315 1422 4378 namque
1451 4301 1634 4378 gratia:
1663 4310 1775 4378 est,
1811 4309 1866 4354 ut

281 4367 661 4446 discipulorum
695 4376 744 4428 in
775 4373 1019 4446 Christo,
1055 4371 1120 4425 de
1148 4367 1350 4440 quibus
1370 4367 1678 4446 ipsedixit‘,
1700 4367 1866 4446 Pater

281 4439 472 4510 sancte,
500 4463 640 4500 serva
665 4461 748 4499 eos
776 4443 826 4496 in
855 4443 1054 4496 nomine
1082 4439 1209 4495 tuo:
1229 4458 1352 4510 quos
1381 4439 1730 4510 dedistimihi,
1754 4441 1864 4494 uolo

281 4526 335 4572 ut
359 4509 639 4572 sintunum
665 4517 791 4570 sicut
813 4523 858 4570 et
885 4529 994 4566 nos.
1021 4513 1087 4566 Et
1117 4513 1302 4565 iterum
1329 4511 1395 4564 de
1417 4509 1664 4564 omnibus
1682 4511 1860 4578 justis,

284 4586 406 4669 Ιχοη
427 4604 526 4669 pro
555 4587 632 4641 his
660 4598 826 4669 autem
851 4600 972 4654 rogo
1000 4593 1212 4664 tantum,
1239 4581 1326 4634 sed
1353 4589 1396 4669 et
1426 4597 1517 4650 pro
1544 4581 1621 4634 his
1645 4581 1730 4650 qui
1757 4597 1866 4663 cre-

283 4652 446 4711 dituri
463 4667 579 4710 sunt
606 4674 692 4726 per
713 4652 1104 4709 rerbuuteorum
1129 4653 1180 4706 in
1204 4669 1299 4726 tne,
1324 4660 1376 4704 ut
1401 4667 1570 4726 omnes
1593 4667 1746 4704 unum
1767 4652 1866 4726 sint

283 4728 411 4784 sicut
439 4735 484 4780 et
522 4735 575 4778 tu
606 4721 766 4778 Pater
793 4726 845 4778 in
876 4741 978 4786 me,
1007 4733 1054 4777 ct
1083 4739 1172 4794 ego
1201 4723 1253 4777 in
1283 4734 1329 4776 te
1355 4738 1374 4776 :
1402 4721 1502 4794 hoc
1529 4731 1610 4794 est
1631 4763 1644 4786 ,
1679 4731 1734 4775 ut
1767 4721 1866 4790 ipsi

284 4797 392 4853 sint
419 4811 514 4866 per
534 4795 762 4866 gratiam
784 4835 798 4858 ,
827 4791 1302 4866 quodnos'sumus
1333 4808 1426 4861 per
1450 4791 1746 4866 divinitatis
1760 4808 1862 4866 na-

283 4863 478 4922 turam.
506 4863 628 4920 ilice
649 4863 839 4932 quippe
859 4863 1040 4932 gratia!
1063 4864 1254 4925 unitas,
1277 4879 1394 4931 qum
1414 4864 1618 4917 cunctis
1641 4863 1690 4916 in
1713 4863 1866 4918 Chri-

283 4947 424 4992 stum
450 4935 801 4991 credentibus
815 4940 1073 4995 servatur,
1101 4933 1146 4986 si
1173 4932 1348 4986 Marite
1382 4933 1538 4986 ctiam
1577 4932 1748 4986 minus
1774 4949 1863 4988 sa-

284 5007 540 5078 pientium
565 5003 916 5078 testimatioue
940 5017 1058 5078 non
1072 5002 1270 5055 tollitur
1293 5019 1306 5054 :
1335 5012 1532 5070 quanto
1557 5003 1724 5078 magis
1744 5019 1863 5056 eum

284 5070 466 5148 gratim
491 5077 690 5148 unitate
711 5074 822 5148 ipsa
845 5072 1145 5142 specialitas
1168 5081 1548 5148 ιιειειιεῳμιιιιμη
1573 5070 1733 5124 efficit
1757 5089 1867 5148 tua-

287 5139 420 5203 irem
447 5158 502 5204 et
526 5147 710 5209 lilium,
733 5139 902 5198 lilium
926 5152 980 5196 et
1003 5141 1262 5196 matrem?
1289 5139 1581 5194 Videndum
1605 5151 1683 5193 est
1707 5143 1866 5196 etiam

285 5219 410 5288 quid
435 5219 502 5272 de
527 5217 608 5272 his
628 5231 774 5288 quos
787 5229 966 5288 secum
993 5227 1089 5288 per
1107 5211 1328 5288 gratiam
1343 5227 1514 5288 tinum
1539 5225 1657 5264 esse
1680 5213 1864 5278 voluit,

286 5278 676 5358 consequenter
714 5278 1089 5358 adjunxit.)\it
1114 5278 1266 5336 enim
1286 5323 1300 5348 ,
1335 5278 1485 5358 Pater
1514 5291 1712 5358 sancte,
1744 5299 1866 5350 quos

287 5351 484 5413 dedisti.
504 5351 626 5412 mihi
644 5397 659 5418 ,
691 5351 803 5410 volo
830 5364 886 5408 ut
916 5353 997 5409 ubi
1025 5369 1138 5406 sum
1167 5367 1290 5422 ego,
1322 5361 1366 5422 et
1400 5351 1476 5404 illi
1507 5353 1604 5406 sint
1634 5367 1822 5404 meeum
1845 5369 1866 5418 ;

243 5463 248 5468 -
287 5438 342 5482 ut
379 5427 578 5482 videant
613 5426 891 5480 claritatem
929 5439 1089 5478 meam
1126 5420 1281 5492 quam
1309 5420 1490 5492 dedisti
1520 5422 1639 5492 mihi
1671 5422 1862 5492 (Joau.

287 5514 420 5561 xvu,
448 5499 510 5554 il
530 5538 545 5558 ,
573 5495 662 5560 ΞΟ,
681 5493 824 5565 etc.).
854 5493 900 5548 0
929 5490 1170 5565 magnam
1197 5501 1250 5547 et
1270 5490 1689 5565 intestitnab‘ilem
1720 5491 1870 5565 boni-

289 5577 450 5625 tatem
499 5567 620 5632 Dei,
669 5561 1230 5635 qui'habere'secum
1259 5577 1396 5635 suos»
1424 5561 1690 5635 ingloria
1719 5564 1863 5630 vult,

289 5648 350 5696 ut
369 5653 464 5694 sua
489 5631 728 5694 claritate
752 5633 1008 5698 fruantur,
1033 5637 1120 5704 qui
1148 5635 1231 5688 hic
1250 5649 1342 5704 sua
1371 5631 1474 5687 lide
1491 5633 1679 5699 junCIi,
1703 5649 1864 5704 unum

289 5723 412 5766 cum
432 5724 498 5765 eo
517 5722 636 5764 esse
659 5704 802 5776 digni
822 5703 1155 5775 judicant’url
1183 5704 1249 5776 Si
1265 5703 1428 5776 igitur
1445 5717 1538 5756 eos
1563 5717 1744 5757 secum
1770 5703 1867 5776 lia-5

291 5781 424 5844 bere
450 5779 592 5850 vult,
621 5791 683 5835 ac
710 5774 806 5850 per
829 5774 934 5834 hoc
970 5782 1142 5850 potest
1165 5775 1258 5850 qui
1288 5774 1465 5835 omnia
1502 5781 1712 5850 potest;
1738 5774 1868 5850 quid

1316 333 1403 389 DE
1444 329 1918 389 ASSUMPTIONE
1958 329 2016 385 Β.
2060 329 2127 384 Μ.
2172 330 2485 390 V'lRGlNlS.

3409 331 3551 392 ωδ

1969 449 2334 530 aestimandum
2358 451 2541 530 ἐἶξε-ῥα
2568 457 2766 519 matre,
2793 449 2883 508 ubi
2907 449 3062 524 digna
3091 450 3161 508 sit
3191 449 3410 518 haberi,
3443 450 3550 509 nisi

1969 521 2020 572 in
2051 524 2327 587 prirsentia
2358 521 2513 576 Filii?

2037 591 2260 646 CAPUT
2309 593 2389 646 Vl.
2439 593 2617 646 Maria:
2651 609 2835 660 corpus
2861 593 2976 661 jam
3009 593 3275 662 dupliciter
3309 594 3361 648 in
3398 593 3545 649 caelo.

1969 661 2239 734 Quantum
2258 665 2415 732 igitur
2437 675 2712 727 contueor,
2739 675 2990 733 quantum
3019 661 3270 727 intelligo,
3293 675 3546 734 quantum

1969 732 2129 805 credo
2147 773 2162 796 ,
2197 733 2373 786 Mariae
2403 736 2574 788 anima
2606 732 2846 788 claritate
2877 735 3063 786 fruitur
3089 734 3282 805 Christi
3304 732 3324 791 ξ
3349 743 3402 787 et
3429 736 3546 805 gloo

1970 803 2126 856 riosis
2167 806 2536 872 conspectibus
2573 805 2722 874 ejus;
2764 819 2975 871 semper
3021 804 3200 857 videre
3236 803 3455 868 sitiens,
3493 813 3551 860 et

1971 887 2182 940 semper
2227 876 2594 940 conSpiciens,
2638 875 2760 929 dum
2809 875 3244 928 intestimabiliter
3288 875 3546 942 pascitur,

1970 945 2332 1014 excellentiori
2363 948 2586 1011 quadam
2619 946 2940 1014 specialique
2982 945 3324 1012 pra-rogativa
3354 959 3383 996 a
3416 943 3551 1014 Filio

1973 1012 2262 1068 honoratur
2291 1035 2303 1068 :
2335 1016 2608 1084 possidens
2650 1012 2699 1068 iu
2743 1012 2956 1069 Christo
2991 1029 3184 1082 corpus
3220 1029 3372 1068 suum
3406 1013 3550 1083 quod

1970 1086 2166 1152 genuit,
2192 1086 2531 1139 clarilicatum
2561 1087 2611 1140 in
2641 1087 2854 1139 dextera
2883 1085 3086 1142 Patris:
3113 1096 3166 1138 et
3191 1085 3232 1138 si
3259 1099 3364 1138 non
3394 1100 3548 1140 suum

1970 1168 2066 1222 per
2095 1157 2231 1222 quod
2260 1157 2472 1224 genuit,
2506 1167 2679 1210 tamen
2707 1171 2860 1208 suum
2889 1155 3029 1226 quod
3059 1156 3257 1225 genuit.
3292 1155 3359 1208 Et
3385 1169 3551 1226 quare

1972 1239 2076 1278 non
2098 1241 2252 1279 suum
2282 1243 2376 1294 per
2399 1227 2539 1295 quod
2566 1227 2777 1298 genuit?
2797 1226 2850 1280 Si
2872 1223 2979 1298 non
3009 1223 3309 1298 oliviaverit
3322 1223 3550 1298 necdum

1971 1307 2246 1364 perspecta
2277 1295 2589 1360 auctoritas,
2606 1313 2730 1350 vere
2759 1297 2940 1360 credo,
2973 1305 3025 1350 ct
3056 1311 3149 1364 per
3173 1295 3312 1364 quod
3338 1296 3548 1367 genuit;

1970 1368 2090 1438 quia
2123 1375 2265 1422 tanta
2294 1369 2641 1422 sanctiﬁcatio
2669 1368 2878 1438 dignior
2910 1367 3048 1420 emlo
3081 1376 3353 1438 estquam
3385 1375 3546 1422 terra.

1971 1435 2243 1490 Thronum
2279 1439 2391 1500 Dei,
2423 1439 2711 1492 thalamum
2732 1435 2856 1491 Verrii
2893 1437 3118 1500 Domini,
3149 1435 3364 1490 domum
3393 1445 3552 1506 atque

1974 1506 2366 1578 tabernaculum
2391 1507 2586 1562 Christi
2615 1509 2830 1578 dignum
2858 1517 2941 1562 est
2969 1508 3034 1560 ibi
3055 1519 3177 1578 esse
3197 1506 3284 1560 tibi
3310 1506 3423 1576 ipse
3443 1513 3549 1578 est.

1972 1575 2100 1630 'l‘am
2143 1579 2428 1644 pretiosum
2469 1579 2608 1633 enim
2647 1575 2956 1632 thesaurum
2997 1576 3208 1647 dignius
3239 1575 3556 1632 est’ctelum

1971 1659 2184 1701 servare
2221 1665 2379 1717 quam
2421 1657 2592 1714 terra;
2627 1658 2822 1702 tantam
2863 1649 3215 1717 integritatem
3247 1647 3437 1702 merito
3467 1647 3554 1702 in-

1971 1719 2403 1788 corruptibilitas,
2435 1735 2536 1774 non
2565 1719 2858 1787 putredinis
2883 1719 2989 1772 ulla
3017 1718 3270 1788 resolutio
3291 1719 3551 1788 sequitur.

1973 1786 2102 1840 Illud
2129 1804 2258 1858 ergo
2281 1786 2692 1844 sacratissimum
2719 1803 2930 1858 corpus,
2953 1789 3020 1843 de
3046 1803 3152 1858 quo
3177 1786 3420 1844 Christus
3437 1802 3556 1844 car-

1972 1872 2094 1911 nem
2119 1860 2432 1929 assumpsit,
2464 1874 2515 1914 et
2543 1861 2774 1914 divinam
2805 1870 3046 1913 naturam
3077 1859 3321 1912 humana:
3350 1859 3552 1925 univit,

1974 1930 2356 2000 non_amittens
2378 1931 2516 2000 quod
2542 1939 2675 1995 erat,
2700 1931 2792 1984 sed
2819 1945 3097 1984 assumens
3121 1929 3262 1999 quod
3285 1943 3391 1984 non
3416 1936 3552 1996 erat,

1972 2007 2030 2051 ut
2065 1998 2294 2054 Verbum
2324 1998 2484 2067 caro,
2519 2001 2618 2054 hoc
2646 2011 2727 2054 est
2747 2043 2760 2062 ,
2792 2001 2931 2056 Deus
2969 1998 3344 2059 homolieret.
3375 2013 3556 2055 escam

1971 2070 2240 2124 vermibus
2264 2071 2510 2124 traditum
2537 2071 2656 2140 quia
2682 2073 2880 2125 sentire
2904 2086 3007 2125 non
3031 2070 3203 2135 valeo,
3229 2070 3408 2125 dicere
3432 2083 3556 2140 per-

1973 2140 2193 2212 timesco
2219 2143 2484 2196 communi
2511 2139 2654 2197 sorte
2681 2143 2973 2212 putredinis
2998 2149 3052 2196 et
3079 2141 3238 2212 futuri
3267 2139 3334 2194 de
3362 2139 3559 2212 vermi-

1972 2208 2072 2264 bus
2101 2213 2350 2278 pulveris.
2384 2213 2458 2266 De
2483 2229 2586 2280 quo
2615 2213 2657 2266 si
2682 2208 2816 2266 nihil
2845 2212 3002 2266 altius
3029 2211 3282 2265 sentirem
3307 2223 3464 2280 quam
3482 2208 3559 2280 Ade

1972 2277 2207 2351 proprio,
2233 2281 2363 2336 nihil
2387 2277 2618 2337 dicerem
2642 2283 2742 2336 nisi
2764 2281 3208 2351 quemadmodum
3225 2280 3297 2351 de
3319 2277 3554 2349 proprio.

1972 2349 2122 2416 Quod
2152 2353 2352 2421 absque
2380 2353 2482 2405 ttlla
2511 2349 2852 2421 ambiguitate
2880 2350 3192 2406 solvendum
3223 2349 3276 2403 in
3305 2358 3552 2421 mortem.

1973 2429 2094 2489 post
2126 2419 2350 2476 mortem
2390 2431 2472 2476 est
2511 2419 2741 2475 futurum
2779 2421 3030 2490 putredo,
3069 2430 3186 2488 post
3225 2419 3556 2490 putredinem

1973 2488 2201 2556 vermis,
2237 2500 2355 2560 post
2382 2507 2617 2546 vertnetn
2639 2532 2652 2554 ,
2688 2501 2744 2545 ut
2779 2488 2992 2560 dignum
3023 2499 3138 2556 est,
3169 2488 3560 2560 abiectissimus

1974 2561 2163 2630 pulvis.
2194 2559 2342 2629 Quod
2379 2563 2445 2616 de
2483 2561 2640 2615 Maria
2683 2559 3006 2616 credendum
3043 2574 3146 2614 non
3185 2559 3392 2630 videtur
3423 2573 3558 2614 con-

1973 2628 2258 2686 sentibile:
2287 2633 2408 2701 quia
2437 2632 2842 2686 aestimationem
2869 2631 3051 2701 procul
3079 2629 3324 2701 propellit
3349 2628 3557 2684 incom-

1973 2702 2222 2769 parabilis
2250 2703 2435 2770 gratia:
2465 2717 2677 2756 mttuus.

2041 2769 2274 2842 CAPUT
2307 2771 2419 2827 γη.
2453 2771 2684 2840 ΙηῙενηυ·
2715 2789 2782 2827 ex
2810 2772 3042 2842 petitione
3075 2771 3262 2826 Christi
3285 2785 3378 2842 pro
3405 2769 3559 2842 ruini-

1971 2843 2108 2896 stris.
2141 2841 2340 2897 Christo
2363 2844 2415 2896 in
2448 2843 2592 2896 terris
2628 2845 2811 2914 Angeli
2851 2842 3248 2914 famulabantur.
3288 2841 3446 2910 Quod
3472 2853 3562 2900 Μ

1973 2914 2151 2966 dicere
2178 2914 2461 2967 multarunt
2491 2912 2847 2968 consideratio
2873 2927 3049 2966 rerum
3073 2912 3262 2966 invitat
3292 2929 3306 2966 :
3331 2926 3556 2982 quarum

1971 2993 2024 3035 et
2047 2984 2136 3036 illa
2165 2985 2376 3051 quidem
2401 2993 2504 3048 est,
2527 2999 2682 3050 quam
2711 2985 2820 3036 suis
2847 2983 3130 3051 aliquando
3157 2982 3412 3037 ministris
3443 2983 3558 3052 ipsa

1972 3052 2181 3106 Veritas
2223 3053 2313 3112 ait,
2365 3053 2463 3117 Qui
2495 3053 2617 3105 inihi
2656 3055 2924 3116 ministrat,
2973 3068 3061 3122 ute_
3090 3061 3365 3122 sequatur:
3391 3061 3436 3122 et
3471 3052 3558 3108 ubi

1973 3139 2084 3176 sum
2113 3138 2222 3192 ego,
2255 3123 2359 3174 illic
2387 3133 2433 3174 et
2472 3123 2695 3174 minister
2718 3138 2854 3174 meus
2874 3123 2971 3192 erit
3005 3119 3181 3191 (Joan.
3222 3137 3332 3192 xu.
3357 3121 3470 3192 26).
3498 3123 3556 3178 Si

1973 3193 2113 3246 enim
2147 3191 2258 3245 haec
2275 3201 2354 3246 est
2375 3191 2637 3260 generalis
2657 3191 2916 3246 sententia
2939 3191 3175 3244 omnium
3204 3205 3297 3258 per
3316 3191 3473 3246 iidem
3500 3199 3560 3248 et

1973 3264 2112 3332 piam
2165 3263 2526 3332 Operationem
2587 3260 2800 3332 Christo
2843 3260 3306 3332 ilpllllsll'ﬂlllillm,
3357 3269 3558 3330 quanto

1973 3329 2139 3402 inagis
2160 3329 2212 3386 et
2231 3331 2496 3400 quomodo
2517 3330 2818 3402 specialiter
2839 3329 3014 3402 Maria:
3035 3331 3058 3384 ?
3081 3329 3298 3402 Mariam
3324 3329 3556 3402 namque

1973 3400 2150 3473 operis
2187 3403 2514 3457 exhibitione
2543 3411 2594 3456 et
2627 3400 2746 3473 lidei
2785 3401 3098 3471 rigidissima
3132 3401 3352 3473 veritate
3393 3400 3556 3473 mini-

1973 3471 2136 3529 stram
2164 3473 2359 3528 Christi
2385 3473 2566 3538 fuisse,
2594 3472 2768 3526 omnis
2791 3473 2879 3541 qui
2912 3486 3104 3544 sanum,
3123 3473 3262 3542 sapit
3290 3471 3552 3544 intelligit.

1971 3546 2188 3614 Absque
2217 3544 2378 3598 dubio
2420 3545 2560 3598 enim
2600 3557 2761 3613 opere
2800 3543 3146 3614 ministratrix
3184 3543 3404 3614 exstitit,
3435 3557 3556 3614 qua:

1973 3611 2115 3668 hunc
2142 3617 2192 3668 in
2224 3624 2378 3669 utero
2401 3613 2585 3683 gessit,
2631 3611 2889 3682 partuque
2920 3613 3191 3681 profusutn
3219 3613 3354 3666 aluit
3390 3611 3558 3668 effo-

1971 3687 2065 3746 vit,
2109 3695 2290 3756 atque,
2321 3692 2380 3738 ut
2413 3682 2758 3754 Evangelium
2790 3684 2881 3744 ait,
2915 3685 2967 3736 in
2998 3683 3256 3805 υττεεέἰο
3281 3682 3557 3740 reclinavit

1973 3756 2124 3805 (Luc.
2157 3754 2295 3805 n-7l.
2320 3753 2564 3805 etafacie
2579 3753 2802 3805 l-lerodis
2823 3750 3032 3805 fugiens
3048 3752 3098 3805 in
3197 3751 3554 3805 avntumabs-

1973 3756 2124 3837 (Luc.
2157 3750 2295 3876 εἰη,
2320 3761 2413 3808 eta
2432 3750 2802 3807 faciei-lerodis
2823 3750 3032 3834 fugiens
3048 3750 3554 3834 inﬂigyptumabs-

1973 3827 2152 3876 t‘Olltili.
2179 3825 2195 3876 t
2221 3825 2254 3876 tl
2279 3824 2404 3876 atth.
2439 3838 2496 3876 η.
2515 3823 2688 3876 l5l.et
2706 3837 2920 3876 omnem
2939 3821 3212 3875 infantiam
3229 3836 3345 3876 etus
3372 3828 3554 3876 matris

1970 3821 2152 3881 condit
2179 3825 2195 3894 (
2221 3821 2404 3876 Matth.
2439 3838 2496 3884 η,
2515 3823 2688 3894 l5),et
2706 3837 2920 3876 omnem
2939 3821 3212 3894 infantiam
3229 3821 3345 3890 ejus
3372 3823 3558 3894 matris

1969 3891 2464 3976 allectuprosecuta
2483 3903 2566 3947 est
2584 3891 2602 3954 ’;
2630 3893 2701 3946 ita
2729 3901 2785 3944 ut
2813 3905 2980 4014 usque
3021 3891 3087 3944 ad
3117 3904 3350 3956 crucem,
3369 3891 3422 3946 in
3450 3904 3556 3974 qua

1973 3967 2136 4014 lilium
2167 3979 2268 4014 iam
2308 3978 2478 4014 virum
2507 3961 2797 4014 perfectum
2824 3976 2874 4014 Vt
2919 3969 2958 4014 tt
2982 3959 3319 4014 uendentem.
3347 3961 3416 4014 ab
3438 3975 3556 4014 etus

1973 3967 2136 4020 lilium
2159 3959 2268 4032 jam
2308 3965 2478 4018 virum
2507 3961 2797 4032 perfectum
2824 3959 2958 4014 vidit
2982 3959 3319 4030 pendentem,
3347 3961 3416 4016 ab
3438 3959 3556 4032 ejus

1971 4031 2328 4090 indubitanter
2378 4049 2482 4087 non
2510 4031 2810 4102 recesserit
2853 4039 3182 4096 consectata,
3215 4031 3554 4102 inonrsolum

1971 4106 2240 4176 gressibus
2268 4103 2460 4176 pedum
2473 4101 2738 4176 tanquam
2765 4102 3179 4176 pro_t_'everentia
3206 4101 3437 4176 Domini,
3463 4115 3558 4176 ve-

1970 4171 2087 4232 rum
2115 4171 2281 4230 etiam
2297 4173 2608 4229 imitationis
2627 4171 2835 4227 affectu.
2860 4173 3019 4226 Maria
3035 4173 3051 4204 ί
3065 4185 3192 4242 ergo
3204 4171 3555 4242 ministratrix

1969 4246 2166 4302 Christi
2189 4245 2498 4316 specialium
2537 4259 2756 4316 operum
2787 4241 3294 4316 qualitatibussicut
3319 4241 3556 4298 devotis-

1969 4318 2102 4374 sima
2131 4311 2330 4372 exstitit
2355 4331 2369 4380 ;
2401 4315 2469 4369 ita
2495 4311 2694 4384 absque
2718 4311 2879 4368 dubio
2904 4313 3173 4384 religionis
3202 4311 3304 4384 lidc
3331 4320 3386 4367 et
3410 4327 3555 4369 verte

1969 4388 2296 4444 credulitatis
2337 4381 2853 4440 charitate‘secutrix
2897 4381 3022 4438 fuit.
3056 4381 3172 4437 Non
3203 4381 3344 4438 enim
3385 4384 3556 4452 potuit

1969 4459 2258 4514 divinitatis
2285 4457 2400 4524 ejus
2429 4457 2529 4510 nisi
2549 4470 2670 4510 esse
2695 4455 2929 4524 credula,
2952 4469 3068 4524 quae
3095 4468 3154 4506 se
3177 4453 3556 4524 noveratbune

1971 4546 2074 4584 non
2125 4529 2258 4582 virili
2306 4521 2509 4581 semine
2558 4523 2848 4578 secundum
2893 4521 3134 4576 ordinem
3185 4531 3404 4586 natura),
3455 4521 3554 4577 sed

1970 4600 2166 4655 divino-
2187 4595 2774 4666 spiramineinuntiaute
2819 4593 3154 4666 Archangelo
3197 4592 3549 4666 concepisse:

1972 4669 2160 4724 videns
2217 4661 2425 4734 semper
2475 4663 2840 4719 l‘amulantitun
2893 4662 3226 4734 Angelurtnn
3269 4661 3318 4714 ei
3362 4661 3552 4734 adesse

1971 4729 2346 4809 frequentiam,
2386 4744 2746 4809 utcoucepto
2787 4741 2843 4809 et
2885 4729 3030 4809 nato,
3055 4729 3266 4809 quando
3309 4731 3554 4809 videlicet

1971 4802 2105 4866 facta
2149 4817 2233 4862 est
2277 4822 2395 4862 cutn
2442 4807 2644 4874 Angelo
2693 4803 3248 4874 multitudocmlestis
3284 4802 3555 4874 exercitus

1970 4880 2311 4936 clamantium
2338 4887 2390 4931 et
2415 4871 2723 4937 dicentium,
2765 4871 2942 4926 Gloria
2979 4872 3032 4924 in
3060 4873 3317 4926 altissimis
3359 4874 3483 4938 Deo,
3506 4881 3554 4927 et

1968 4951 2023 5004 in
2051 4961 2186 5004 terra
2223 4963 2324 5018 pax
2349 4947 2628 5018 hominibus
2653 4946 2796 4998 bona:
2832 4941 3101 5018 voluntatis
3128 4941 3280 5011 (Luc.
3311 4959 3380 5018 ιι,Δ
3415 4942 3504 5014 li)
3535 4960 3551 4998 :

1971 5032 2024 5077 et
2051 5022 2100 5074 in
2127 5013 2416 5090 Egyptum
2446 5017 2694 5084 fugituro,
2715 5024 2882 5083 atque
2905 5013 3034 5090 inde
3057 5014 3244 5090 iterum
3273 5013 3553 5090 redituro:

1971 5092 2163 5162 quibus
2202 5084 2400 5162 liquido
2425 5101 2746 5162 cognoscere
2775 5085 2962 5162 potuit,
2993 5085 3113 5152 quia
3141 5084 3269 5162 talia
3298 5085 3553 5162 obsequia

1973 5153 2077 5216 non
2119 5161 2217 5215 nisi
2248 5153 2414 5213 Deum
2445 5153 2750 5212 decueraut.
2801 5155 2949 5209 Unde
2975 5163 3028 5208 et
3055 5154 3223 5208 stella:
3269 5153 3554 5207 annuntiat.

1974 5233 2068 5295 tio,
2115 5241 2170 5285 et
2210 5231 2478 5298 Magorum
2529 5231 2593 5280 ile
2642 5226 2959 5295 longissimis
3005 5226 3238 5298 partibus
3282 5225 3550 5298 insperata

1972 5303 2238 5365 adductio,
2292 5295 2576 5354 maximum
2629 5298 2699 5350 illi
2743 5298 2943 5350 exstitit
2989 5295 3238 5349 indicium
3290 5295 3550 5365 veritatis.

1974 5363 2233 5426 Similiter
2275 5379 2330 5424 et
2368 5369 2631 5424 Simcouis
2661 5376 2714 5422 et
2761 5371 2922 5420 Aiunt:
2965 5366 3255 5436 prophetali
3297 5363 3554 5436 dignitate

1973 5443 2215 5498 insolitus
2265 5442 2470 5496 steteris
2531 5449 2583 5493 et
2635 5438 2756 5491 huic
2797 5434 3373 5506 specialis'occursus.
3421 5434 3554 5504 Quae.

1973 5515 2147 5568 omnia
2191 5511 2430 5582 profecto
2472 5510 2632 5582 Maria
2671 5505 3010 5582 conservans,
3055 5506 3134 5582 his
3164 5505 3369 5582 cunctis
3397 5505 3554 5561 altius

1971 5584 2039 5638 ad
2065 5577 2224 5638 fidem
2255 5583 2522 5644 roborata,
2557 5581 2644 5649 pio
2683 5577 2841 5633 corde
2879 5577 3188 5632 conferebat
3219 5595 3231 5631 :
3263 5577 3316 5632 in
3349 5584 3553 5634 tantum

2035 5719 2053 5750 ί
2088 5721 2160 5770 sic
2183 5724 2288 5769 Mss.
2315 5723 2370 5768 At
2409 5716 2543 5776 editi,
2567 5728 2658 5780 pro
2681 5728 2842 5766 amore
2871 5713 2982 5781 ﬁlii,
3011 5733 3172 5781 verum
3208 5717 3354 5781 etiam
3389 5691 3562 5774 imula?

1969 5783 2092 5840 tione
2108 5793 2298 5834 morum
2317 5785 2545 5845 tamtuam
2563 5779 2653 5845 pro
2674 5779 2938 5834 reverentia
2963 5779 3068 5837 Dei.
3090 5780 3265 5848 Maria,
3289 5788 3385 5840 etc.
3419 5785 3426 5791 '
