4118 6194
577 429 748 488 Porro
769 426 1001 499 recogita
1019 424 1162 498 quod
1187 423 1405 481 morbus
1422 429 1564 499 tuus,
1586 427 1645 477 ut
1664 419 1809 499 aiunt
1837 417 2048 499 mediet,
2072 429 2155 476 est

576 491 933 556 incurabilis':
976 491 1244 553 et'tecum
1291 496 1535 560 revolve,
1584 492 1832 563 quoniam
1870 491 1921 563 isi
1969 500 2151 563 contra

580 569 750 643 Deum
798 569 1197 643 praesumpseris
1240 561 1614 643 murmurare;
1658 573 1713 617 et
1751 561 1994 643 morbum
2022 561 2152 643 velis

577 639 719 696 nolis
759 632 1044 694 sustinebis
1065 679 1078 698 .
1127 652 1224 692 nec
1266 633 1645 690 murmurando
1693 632 2012 686 sanaberis:
2045 632 2153 685 imo

576 709 752 763 anima
778 708 1154 769 debilitaberis.
1182 708 1307 761 dum
1337 714 1518 760 contra
1554 704 1715 757 Deinu
1749 713 1916 765 tuum,
1947 712 2148 770 patrem

577 786 744 843 tuum,
777 779 1040 834 medicum
1071 788 1239 842 tuum,
1271 777 1576 845 magistrum
1615 772 2150 845 tutunmansuetissi~

574 842 801 904 mum'et
826 848 1338 923 tranquillissimum,
1363 842 1434 899 'iu
1477 846 1591 923 ipso
1631 843 1836 923 flagello
1876 842 2151 923 pacaiissi-

573 933 741 980 mum,
769 918 859 988 qui
889 913 1154 988 nunquam
1180 918 1363 979 iratus,
1394 914 1715 988 cnmiiratus
1739 921 1823 988 est
1851 913 2150 988 misericor-

573 988 677 1043 dia)
704 983 1031 1051 recordatur;
1059 986 1490 1042 murmuraveris.
1527 984 1654 1037 Meis
1686 984 1844 1051 igitur
1872 983 2148 1051 acquiesce

573 1058 829 1121 consiliis,
858 1068 911 1113 et
947 1058 1158 1127 quando
1192 1057 1403 1126 quidem
1446 1052 1825 1108 murmurando
1859 1053 1966 1105 duo
1988 1054 2146 1127 mala

573 1129 883 1197 sustineres,
924 1122 1173 1197 pacificus
1198 1122 1332 1193 esto,
1360 1135 1413 1197 et
1438 1139 1721 1197 gravatnen
1742 1123 2035 1197 _cor_pora_l_e
2065 1122 2147 1197 fac

578 1196 670 1252 tibi
704 1192 996 1252 antidotum
1030 1192 1325 1266 spirituale.
1352 1192 1467 1249 Non
1497 1195 1636 1249 enim
1667 1194 1709 1246 si
1742 1194 1791 1266 in
1834 1193 2042 1266 flagello
2063 1192 2145 1266 vis

576 1267 742 1322 Deum
774 1262 1189 1338 recognoscere,-
1213 1281 1432 1338 corpore
1461 1274 1515 1338 et
1539 1265 1724 1338 anima
1755 1262 2141 1338 flagellaberis:

573 1350 679 1392 non
709 1338 849 1392 enim
871 1333 1097 1408 flagellat
1135 1338 1272 1413 Deus
1296 1333 1376 1390 bis
1403 1336 1477 1413 in_
1504 1335 1749 1413 idipsuni.
1785 1333 1828 1386 0
1858 1348 2013 1413 quam
2055 1333 2143 1401 ju-

572 1420 627 1477 ct
642 1416 748 1462 nuo
770 1403 1003 1477 pector'e,
1034 1422 1190 1476 quam
1215 1408 1333 1462 lteto
1352 1405 1512 1459 corde
1533 1404 1885 1458 visitationem
1912 1403 2141 1477 divinam

573 1475 735 1549 debes
762 1473 1085 1549 praeoptare!
1117 1478 1273 1549 Certe
1300 1477 1344 1531 si
1373 1490 1603 1549 cprpore
1636 1482 1777 1527 totus
1807 1473 2151 1549 pnevalercs,

573 1543 931 1604 infirmitatem
953 1548 1317 1603 medicinalem
1339 1562 1368 1600 a
1393 1546 1499 1599 Deo
1524 1544 1779 1598 debueras
1805 1543 1940 1596 votis
1968 1543 2143 1597 enmi-

570 1615 672 1688 bus
696 1627 961 1688 expetere,
996 1626 1050 1673 et
1079 1633 1144 1673 ne
1178 1618 1380 1688 sanitas
1415 1615 1658 1688 corporis
1686 1613 1963 1688 infirmitas
2001 1621 2144 1688 esset

569 1682 1043 1743 animat-metuere.
1069 1688 1211 1743 Nihil
1242 1686 1384 1741 aliud
1412 1682 1544 1750 scio,
1568 1682 1662 1739 sed
1688 1684 1809 1752 quia
1837 1682 2139 1749 infirmaris,

572 1757 772 1829 utiliter
793 1759 954 1814 debes
974 1759 1202 1829 gaudere
1226 1776 1239 1813 :
1267 1758 1390 1827 quia
1425 1757 1573 1829 juxta
1603 1753 1917 1829 es_t_vocatio
1932 1752 2137 1829 divina,

569 1825 733 1885 debes
762 1829 810 1883 ei
841 1823 1194 1884 tetis'nisibns
1222 1823 1371 1882 laetus
1404 1823 1614 1880 adesse.
1644 1825 1735 1879 Eia
1779 1824 1822 1878 si
1862 1823 2139 1890 episcOpa~

571 1903 682 1951 tum
709 1907 799 1953 aut
819 1898 1074 1953 honorem
1095 1899 1276 1962 alium,
1299 1906 1357 1952 ut
1380 1898 1659 1951 sanitatem
1686 1893 1909 1948 infirmis
1935 1894 2141 1961 Optabi-

569 1964 673 2020 Iem
701 1968 791 2021 tibi
813 1969 1165 2023 concessisset
1198 1969 1337 2022 Deus
1357 2009 1372 2033 ,
1417 1982 1591 2020 nonne
1620 1964 1763 2018 omni
1796 1963 1985 2034 gaudio
2012 1962 2139 2018 illud

568 2036 887 2107 donumDei
912 2038 1242 2107 susciperes?
1266 2037 1423 2092 Certe
1452 2035 1634 2102 majori
1662 2034 2031 2107 exsuitatione,
2058 2035 2138 2086 al-

569 2102 874 2175 iectuosiori
917 2102 1208 2170 voluntate,
1256 2122 1375 2161 cum
1414 2107 1699 2175 gratiarum
1738 2104 1895 2159 etiam
1920 2104 2139 2175 _actione

567 2172 706 2230 hanc
728 2176 818 2230 Dei
847 2175 1358 2235 animadversionem
1384 2172 1545 2231 debes
1570 2175 1661 2229 tibi
1688 2174 1894 2228 unicam
1920 2172 2133 2239 habere,

565 2244 687 2315 quia
715 2254 769 2301 et
788 2245 890 2302 hoc
917 2247 1253 2302 utilissimum
1276 2250 1293 2279 ι
1323 2250 1519 2301 donum
1551 2245 1642 2299 Dei
1670 2255 1773 2315 est,
1789 2244 1970 2315 Porro
1998 2245 2042 2298 si
2067 2244 2136 2299 de

566 2313 690 2370 vitae
737 2316 887 2398 istius
934 2316 1242 2398 naufragio_,
1297 2316 1469 2398 deque
1520 2313 1910 2396 compendiosa:
1952 2315 2138 2398 moriis

565 2387 922 2455 comparando
941 2384 1261 2443 commercio
1284 2384 1562 2455 cogitares,
1587 2384 1743 2455 quam
1772 2384 2138 2455 inenarrabili-

564 2461 647 2510 ter
665 2456 844 2529 vivere
864 2457 1149 2529 fastidires,
1168 2472 1324 2529 quam
1347 2454 1810 2529 festinantermori
1834 2455 1885 2509 in
1910 2454 2137 2529 Domino

562 2526 993 2596 concupisceres!
1026 2526 1171 2581 Beati
1186 2523 1335 2583 enim
1369 2528 1552 2582 mortui
1578 2526 1666 2596 qui
1690 2527 1743 2580 iu
1770 2523 1986 2579 Domino
2020 2540 2132 2578 mo-

562 2595 763 2669 ritqitur
790 2597 1102 2669 (Apamam,
1128 2599 1237 2669 15).
1440 2667 1452 2669 _
1646 2641 1683 2653 ..-

618 2664 763 2738 Nam
800 2664 870 2721 ut'
894 2664 1228 2738 collationem
1263 2667 1544 2738 quamdam
1582 2666 1813 2738 breviter
1844 2664 2133 2738 faciamus,

559 2735 918 2807 conferamus,
947 2738 991 2793 si
1026 2736 1216 2807 placet,
1245 2734 1312 2792 de
1338 2739 1444 2791 vita
1473 2736 1742 2807 praesenti,
1773 2749 1899 2807 qute
1921 2734 2136 2807 initium

561 2804 926 2886 dolorum_est,
949 2815 1001 2886 et
1023 2803 1173 2886 quasi
1199 2823 1290 2886 per
1315 2803 1939 2886 amicumditigium‘quid'
1966 2804 2138 2886 potius

559 2875 912 2943 appetendum
939 2876 1026 2939 sit,
1042 2874 1416 2941 ‘male’vivere,
1447 2892 1513 2929 an
1545 2874 1680 2930 bene
1705 2874 1857 2937 mori,
1887 2874 2139 2929 discutia-

560 2959 681 3017 mus
704 2962 722 3017 _:
749 2960 869 3017 nam
908 2945 1044 3017 bene
1078 2947 1256 3017 vivere
1296 2945 1698 3017 praesentialiter
1727 2959 1884 3017 uenio
1914 2952 2090 3017 potest
2118 2963 2132 2998 :

556 3011 739 3086 prunis
764 3014 904 3069 enim
929 3015 1076 3070 homo
1094 3011 1311 3070 mendaci?
1334 3014 1501 3084 (Psal.
1528 3031 1659 3080 cxv,
1691 3015 1799 3086 ll).
1816 3014 1890 3086 Et
1908 3011 2135 3086 Aposto-

560 3083 643 3154 Ius
673 3083 830 3138 homo
862 3100 968 3154 prte
996 3087 1203 3141 caeteris
1235 3083 1534 3141 hominibus
1563 3083 1936 3141 videns'aliam
1966 3085 2135 3154 legem

557 3152 609 3229 in
641 3152 892 3229 membris
919 3155 1161 3229 suisilegi
1191 3157 1381 3229 mentis
1414 3171 1524 3212 sua:
1552 3165 1941 3229 repugnantem
1959 3152 2131 3229 (lieni.

559 3223 658 3297 vn,
671 3223 973 3297 _2_3),Acupit
999 3223 1214 3281 dissolvi
1244 3235 1298 3283 et
1329 3242 1445 3282 esse
1483 3223 1845 3282 cum'Cliristo
1877 3223 2131 3297 (Philipp.

556 3307 604 3358 ι,
631 3291 766 3367 23»
793 3291 1078 3367 Et‘s'cimus
1107 3297 1231 3367 quia
1266 3299 1439 3352 omnis
1478 3307 1720 3352 creatura
1759 3291 2053 3366 ingemiscit
2079 3291 2135 3350 et

555 3364 780 3432 parturit
807 3364 1005 3436 (Rom.
1026 3364 1139 3432 vin,
1173 3366 1296 3434 2‘2),
1324 3382 1595 3436 usquequo
1626 3364 1875 3436 liberetur
1903 3381 1933 3419 a
1963 3366 2135 3436 servi-

558 3435 1042 3507 tute.corruptiouis
1063 3450 1156 3504 per
1175 3450 1296 3489 eum
1318 3434 1659 3507 qui—subjecit
1678 3451 1794 3507 eam
1817 3435 1867 3488 in
1890 3449 2004 3507 spe.
2030 3434 2133 3507 De—

556 3501 716 3574 nique
739 3501 862 3574 quis
882 3501 1166 3574 numerare
1196 3501 1368 3574 potest
1394 3501 1670 3574 prmsetitis
1694 3506 1816 3558 vita:
1841 3501 2130 3570 molestias,

554 3572 779 3636 esurire,
806 3572 974 3643 sitire,
1004 3572 1209 3643 algere,
1231 3572 1427 3641 calere,
1470 3575 1689 3630 lassari?
1728 3573 2133 3628 Innumerabilia

555 3649 700 3706 sunt,
719 3656 789 3712 ex
820 3641 930 3712 ipsa
960 3641 1337 3700 consuetudine
1363 3644 1514 3701 nobis
1541 3645 1828 3701 domestica
1860 3650 2001 3697 sunt.
2033 3643 2135 3696 Ta-

553 3723 676 3766 men
713 3710 918 3767 initium
945 3712 1184 3769 dolorum
1221 3713 1354 3769 lucc.
1386 3713 1489 3771 Sed
1521 3725 1576 3771 ut
1609 3715 1768 3769 altius
1802 3714 2133 3769 revolvamus

555 3793 674 3854 qua;
709 3782 847 3837 intra
879 3797 978 3838 nos
1014 3793 1157 3849 sunt,
1185 3799 1399 3854 cupere,
1430 3800 1629 3852 amare,
1661 3785 1829 3849 odire,
1861 3784 2129 3850 fornicari,

553 3850 873 3921 adulterare,
899 3854 1143 3911 occidere
1171 3850 1471 3923 vel'occidi,
1502 3850 1710 3927 rapere,
1741 3855 1925 3923 furari,
1955 3868 2133 3910 nonne

615 3983 632 4016 ³
668 3990 795 4048 Mss,
822 3984 1094 4038 utillimum.

551 4099 1843 4125 -Μ

2049 290 2402 355 APPENDIX.

3313 363 3317 366 ν
3350 355 3422 378 ,ὦ
3760 295 3947 356 1153

2261 418 2487 474 inimicm
2528 419 2800 487 passiones
2828 416 2981 473 nobis
3009 416 3169 472 sunt?
3196 415 3395 473 Tamen
3423 415 3541 487 quis
3567 413 3925 485 immunis,

2259 491 2375 558 quis
2401 490 2533 544 liber
2555 499 2638 544 est
2664 489 2731 543 ab
2756 490 2835 544 his
2858 489 3142 544 omnibus?
3172 488 3239 542 Et
3262 488 3381 558 quis
3404 498 3480 544 tot
3502 496 3557 542 et
3579 497 3925 545 tantarum

2257 561 2871 635 obnoxiuspassionum,
2902 560 3278 635 immun_is‘e_rit
3301 574 3331 613 a
3359 560 3625 635 peccato?_
3645 560 3729 613 Et
3759 560 3919 635 quis

2259 629 2441 700 vivens
2468 629 2565 686 sub
2592 640 2826 700 peccato,
2852 629 2985 684 bene
3012 630 3174 683 vivit?
3196 629 3336 699 Ergo
3360 630 3498 685 male
3520 629 3657 683 vivit
3679 631 3907 700 omnis

2257 697 2417 753 homo
2437 744 2452 765 ,
2481 697 2603 770 quia
2627 712 2681 756 et
2710 712 2982 769 peccatum
3012 701 3206 755 malum
3234 697 3337 754 est.
3370 701 3609 770 Denique
3639 699 3907 755 anden-

2259 777 2339 841 tcr
2374 774 2687 839 pronuntio,
2720 773 2842 841 quia
2882 771 3195 839 principium
3223 772 3345 825 vita:
3376 772 3608 825 hominis
3641 770 3902 828 initium

2254 839 2495 896 dolorum
2533 853 2632 897 est.
2666 839 2837 897 Fuere
2879 841 3177 911 philosophi
3216 841 3318 895 hoc
3354 857 3459 896 non
3496 840 3895 911 ignorantes,

2253 912 2341 1034 ﬁni
2369 912 2419 966 in
2450 922 2567 967 ortu
2599 928 2882 982 puerorum
2916 912 3184 982 lugebant,
3218 911 3271 965 in
3301 922 3473 966 morte
3500 921 3695 968 autem
3728 928 3895 982 gau-

2292 982 2449 1034 ebant
2480 1000 2492 1034 :
2527 984 2626 1034 hoc
2651 982 3025 1034 significantes.
3053 982 3174 1034 quia
3205 982 3363 1034 homo
3387 982 3453 1034 ad
3482 982 3739 1034 laborem
3778 998 3891 1034 na-

2292 982 2449 1038 ebant
2480 1000 2492 1036 :
2527 984 2626 1037 hoc
2651 982 3025 1052 significantes,
3053 982 3174 1052 quia
3205 982 3363 1037 homo
3387 982 3453 1037 ad
3482 982 3739 1038 laborem
3778 998 3891 1037 na-

2251 1053 2434 1124 scitur,
2468 1053 2532 1108 ad
2562 1056 2794 1124 requiem
2826 1062 3015 1124 autem
3034 1055 3276 1107 moritur.
3302 1053 3530 1107 Sanctus
3552 1055 3734 1108 etiam
3774 1054 3887 1109 Da-

2251 1121 2336 1175 vid
2362 1133 2416 1178 et
2440 1123 2505 1177 de
2525 1121 2653 1178 ortu'
2668 1136 2720 1180 et
2745 1125 2809 1179 de
2834 1126 2938 1178 vita
2970 1123 3080 1187 filii,
3106 1139 3260 1189 quem
3285 1124 3352 1177 de
3377 1124 3648 1179 Bersabee
3675 1139 3885 1179 susce-

2251 1204 2421 1259 perat,
2454 1195 2505 1248 iu
2535 1204 2732 1249 tantum
2759 1204 2840 1250 est
2865 1194 3226 1258 contristatus,
3255 1204 3312 1247 ut
3339 1193 3463 1248 dum
3502 1209 3644 1263 puer
3673 1195 3878 1251 adhuc

2251 1263 2471 1330 viveret,
2502 1266 2685 1335 lugens
2715 1275 2765 1320 ct
2798 1267 3092 1319 incoenatus
3125 1272 3388 1335 maneret;
3418 1275 3632 1318 mortuo
3665 1276 3871 1321 autem

2250 1337 2489 1408 puerulo,
2510 1333 2833 1408 et'gauderet
2854 1343 2908 1388 et
2936 1344 3171 1389 cmuaret
3201 1333 3415 1408 (IlReg.
3446 1351 3542 1408 xit,
3578 1335 3675 1401 16,
3698 1337 3866 1408 eia).

2249 1401 2293 1456 Ο
2320 1419 2463 1476 mors
2489 1401 2882 1461 desiderabilis!
2913 1421 2946 1458 o
2975 1420 3117 1476 mors
3142 1401 3383 1459 omniuni
3406 1406 3672 1476 malorum
3704 1401 3867 1476 prai-

2250 1475 2475 1545 scntium
2508 1476 2653 1531 finis!
2683 1493 2716 1530 ο
2743 1491 2886 1531 mors
2925 1475 3121 1529 laboris
3147 1476 3378 1529 clausula
3400 1517 3414 1541 ,
3447 1475 3645 1545 quietis
3689 1477 3861 1545 prin-

2248 1544 2471 1615 cipium!
2505 1548 2631 1613 Quis
2658 1548 2957 1614 excogitare
2987 1554 3151 1615 queat;
3170 1553 3378 1600 tuarum
3416 1544 3856 1602 utilitates’bea-

2249 1613 2567 1671 titudinttm?
2591 1617 2722 1671 Nam
2757 1613 2892 1671 male
2922 1613 3091 1678 mori,
3120 1613 3540 1670 Christianorum
3567 1632 3677 1671 non
3708 1627 3799 1672 est
3830 1636 3850 1675 :

2248 1681 2383 1764 bene
2422 1688 2771 1764 aillcmﬂfittlri
2793 1702 2965 1764 ,_etim
3001 1686 3215 1740 Christo
3252 1687 3435 1764 vivere
3471 1695 3573 1764 est:
3607 1686 3850 1764 Et_quis

2246 1754 2416 1828 ipsius
2455 1756 2703 1813 beneficia
2744 1757 3067 1812 sufficienter
3099 1755 3379 1828 expediat,
3409 1772 3527 1828 qua:
3558 1754 3847 1815 hominem

2244 1822 2456 1880 Christo
2475 1828 2818 1897 conglutinat,
2841 1843 2980 1897 qua},
3006 1836 3062 1880 ut
3080 1822 3277 1880 dictum
3299 1836 3399 1890 est,
3425 1822 3544 1883 linis
3563 1828 3845 1885 malorum

2244 1899 2544 1968 est,_nulrix
2572 1900 2884 1968 initiumque
2903 1913 3104 1953 securae
3131 1897 3428 1953 felicitatis?
3452 1897 3660 1960 Valeas.
3683 1914 3843 1955 mors

2244 1966 2315 2019 mi
2339 1966 2699 2035 dilectissimo,
2725 1966 2982 2023 confiteor
3001 1968 3249 2038 quoniam
3271 1968 3313 2023 si
3340 1983 3573 2038 possem,
3599 1968 3841 2026 libenter

2244 2043 2296 2090 te
2320 2040 2723 2107 complecterer,
2748 2040 2974 2093 libenter
2998 2048 3048 2093 te
3072 2046 3361 2107 gustarem,
3384 2038 3524 2092 ultro
3548 2039 3790 2095 subirem
3814 2058 3835 2097 :

2243 2115 2296 2160 et
2325 2114 2508 2181 testor,
2539 2111 2659 2181 quia
2690 2111 2864 2165 omnis
2891 2109 3283 2181 meaicogitatio
3302 2151 3317 2174 ,
3344 2118 3399 2164 et
3420 2108 3660 2181 epistoite
3687 2127 3833 2179 prae.

2243 2177 2407 2233 sentis
2448 2177 2775 2250 frequentata
2818 2181 2974 2236 lectio
3014 2177 3225 2249 instigat
3258 2195 3344 2234 me
3375 2179 3439 2234 ad
3462 2177 3551 2234 tui
3580 2177 3832 2237 dilectiov

2243 2261 2385 2315 nem,
2415 2259 2616 2305 tantum
2644 2267 2713 2306 ne
2737 2251 3102 2319 intempestiva
3134 2251 3332 2305 venias.
3361 2250 3439 2304 Tu
3469 2257 3668 2316 autem,
3698 2266 3835 2308 caro

2242 2332 2358 2372 utea
2384 2331 2437 2375 et
2464 2337 2525 2376 os
2555 2337 2750 2383 meum,
2777 2336 2933 2392 quem
2964 2320 3188 2392 cpistola
3217 2336 3333 2392 mea
3363 2320 3555 2392 visitat,
3582 2337 3743 2391 quam
3772 2330 3833 2380 et

2242 2398 2534 2461 extremam
2561 2390 2847 2447 moriturus
2872 2392 3069 2459 accipis
3085 2433 3099 2456 ,
3131 2391 3195 2445 de
3225 2390 3323 2445 hac
3350 2390 3535 2446 cadem
3560 2390 3786 2461 epistola
3805 2433 3827 2461 ,

2242 2466 2296 2511 ct
2320 2459 2388 2533 de
2412 2464 2528 2518 aliis
2550 2478 2667 2533 qum
2693 2464 2744 2517 in
2768 2472 2821 2520 te
2844 2470 2966 2516 sunt
2988 2462 3379 2531 exemplaribus
3402 2459 3829 2533 consolationem

2242 2531 2423 2601 accipe
2451 2552 2465 2588 :
2495 2531 2639 2590 ne’in
2666 2543 2905 2590 extremo
2933 2533 3155 2602 positus,
3187 2542 3434 2603 tanquam
3461 2532 3731 2588 desolatus
3752 2534 3845 2590 ad‘

2242 2606 2444 2659 curiam
2475 2606 2564 2658 Dei
2597 2606 2668 2659 tui
2700 2606 2899 2658 venias.

2311 2674 2537 2730 CAPUT
2580 2674 2688 2729 VII.
2720 2675 2894 2729 Oratio
2923 2674 3172 2745 morituri.
3220 2673 3325 2745 His
3360 2674 3599 2729 omnibus
3625 2674 3825 2745 exple-

2244 2740 2328 2810 tis,
2356 2748 2526 2801 oratio
2556 2746 2645 2801 tibi
2676 2755 2759 2801 est
2787 2746 3113 2801 necessaria.
3141 2744 3280 2813 Ergo
3314 2744 3477 2799 Deum
3506 2740 3776 2814 alloquére
3799 2787 3818 2811 ,

2241 2822 2297 2868 et
2322 2816 2418 2871 nisi
2455 2832 2609 2872 secus
2636 2816 2827 2885 egeris,
2855 2816 2921 2870 de
2949 2816 3062 2884 ipso
3096 2820 3314 2869 securos
3343 2815 3413 2869 ita
3453 2814 3612 2869 affare
3634 2833 3649 2868 :
3671 2815 3819 2874 Deus

2242 2901 2412 2949 meus,
2446 2890 2584 2943 Deus
2611 2884 2781 2952 meus,
2802 2884 3161 2940 misericordia
3182 2900 3320 2949 mea,
3345 2885 3602 2955 refugium
3618 2900 3815 2953 meum,

2242 2966 2294 3012 te
2314 2957 2579 3023 desidero,
2611 2957 2677 3012 ad
2705 2967 2754 3011 te
2783 2957 2964 3010 venire
2991 2955 3202 3019 festino,
3231 2972 3298 3009 ne
3321 2956 3584 3026 despicias
3608 2971 3694 3010 tne
3721 2958 3818 3012 sub

2242 3031 2518 3087 tremendo
2547 3027 2851 3084 discrimine
2894 3026 3361 3098 positt_tm,iadesto
3401 3026 3529 3080 mihi
3559 3026 3817 3098 propitius

2240 3102 2293 3158 in
2326 3102 2408 3155 his
2448 3100 2581 3155 meis
2608 3098 2811 3168 magnis
2854 3094 3304 3168 necessitatibus:
3336 3111 3439 3150 non
3484 3094 3703 3167 possum
3732 3111 3817 3152 me

2240 3173 2503 3228 redimere
2546 3171 2679 3224 meis
2704 3167 3149 3237 operationibus,
3182 3167 3275 3221 sed
3322 3175 3375 3220 tu
3419 3169 3623 3222 redime
3651 3182 3734 3222 me
3762 3174 3817 3224 et

2240 3245 2493 3298 miserere
2538 3241 2662 3295 mei.
2708 3238 2896 3292 Diffido
2942 3238 3008 3292 de
3035 3239 3168 3291 meis
3197 3238 3436 3302 meritis,
3469 3238 3562 3293 sed
3607 3237 3813 3294 conﬁdo

2240 3313 2305 3367 de
2333 3311 2761 3367 miserationibus
2802 3310 2943 3379 tuis:
2967 3318 3019 3362 ct
3047 3308 3161 3376 plus
3187 3307 3398 3379 Confido
3424 3307 3489 3363 de
3531 3311 3635 3363 tuis
3657 3310 3814 3379 mise-

2240 3383 2552 3447 rationibus,
2584 3396 2740 3450 quam
2770 3377 3007 3432 diffidant
3044 3378 3111 3450 de
3140 3378 3293 3450 malis
3322 3379 3531 3434 actibus
3559 3381 3709 3435 meis.
3735 3377 3813 3436 Tit

2239 3470 2298 3509 es
2324 3468 2445 3522 spes
2474 3448 2613 3516 mea,
2646 3453 2782 3505 Deus
2805 3464 2955 3522 meus
2979 3464 2994 3522 :_
3025 3448 3115 3501 tibi
3142 3449 3241 3522 soli
3270 3450 3481 3517 peccavi
3506 3464 3625 3504 mea
3642 3452 3808 3522 culpa.

2239 3525 2337 3591 Qui
2357 3518 2436 3577 fui
2469 3522 2560 3576 tibi
2590 3522 2783 3577 charos
2812 3519 2877 3572 ad
2906 3518 3268 3591 redimendum
3296 3534 3452 3591 ,non
3482 3522 3583 3575 sim
3613 3518 3813 3577 vilis’ad

2240 3589 2589 3665 perdendum.
2629 3592 2696 3645 Et
2721 3605 2861 3644 nunc
2887 3589 2952 3642 ad
2986 3600 3036 3643 te
3064 3591 3219 3665 venio
3246 3590 3332 3658 qui
3372 3591 3505 3646 nulli
3537 3591 3664 3646 dces
3687 3610 3699 3644 :
3721 3606 3813 3665 eu-

2239 3658 2325 3735 pio
2352 3662 2589 3727 dissolvi,
2616 3671 2669 3716 et
2697 3676 2816 3735 esse
2846 3670 3038 3735 locum.
3063 3658 3117 3713 In
3135 3674 3334 3735 manus
3362 3670 3479 3735 tua_s
3503 3661 3812 3735 commendo

2239 3729 2481 3805 spiritum
2503 3747 2700 3793 meum,
2729 3732 2965 3805 Domine.
2989 3729 3213 3805 liespicc
3235 3730 3285 3783 in
3309 3745 3415 3794 me,
3437 3731 3658 3805 Domine
3681 3732 3814 3805 Deus

2238 3800 2473 3861 veritatis
2496 3822 2511 3869 ;
2545 3811 2599 3857 et
2620 3810 2809 3871 prmsta
2836 3800 2986 3867 mihi,
3013 3801 3348 3871 Deusvmeus,
3382 3808 3439 3854 ut
3462 3802 3513 3853 in
3528 3816 3669 3871 pace
3686 3802 3815 3857 dor-

2239 3878 2398 3931 miam
2423 3886 2477 3930 et
2500 3868 2857 3942 requiescam.
2901 3872 3000 3936 Qui
3041 3872 3090 3924 in
3130 3870 3390 3924 Trinitate
3422 3868 3656 3940 perfecta
3680 3872 3813 3930 viris

2238 3956 2293 4003 ct
2314 3961 2499 4017 regnas
2531 3941 2688 4012 Deus,
2719 3958 2812 4012 per
2837 3942 3015 3995 omnia
3041 3941 3233 3996 sarcula
3252 3942 3584 3996 saeculorum.
3614 3945 3811 3999 Amen.

1848 4091 3810 4126 _—-—————-—————_‘—-———'—_‘

1424 4132 1427 4139 ’
1482 4189 1958 4297 LIBER
2000 4183 2181 4294 SE
2197 4178 2648 4287 CUI/VB
2669 4176 2883 4284 US.

622 4364 846 4442 CAPUT
887 4367 1167 4427 PRIMUM.
1203 4370 1414 4424 Occasio
1440 4370 1592 4438 hujus
1620 4374 1919 4442 argumenti.
1951 4372 2121 4441 Supe-

553 4435 709 4512 rioris
737 4445 990 4512 tractatus
1008 4455 1221 4512 cursum
1248 4456 1334 4495 me
1352 4435 1606 4512 clausisse
1645 4435 1973 4512 putaveram,
2004 4435 2125 4496 cum

552 4507 767 4584 quidam
791 4508 857 4564 de
881 4508 1128 4565 fratribus
1167 4511 1314 4584 illum
1353 4507 1705 4584 accipientes,
1737 4513 1835 4584 ipsi
1872 4513 2128 4567 attentius

552 4576 897 4648 inbmrentes,
928 4589 1171 4636 accurate
1196 4576 1649 4648 collaudaverunt,
1679 4576 1937 4647 et,'sicuti
1968 4592 2129 4640 testa-

551 4646 765 4713 bantur,
800 4663 896 4717 pro
921 4650 1020 4725 alia
1045 4651 1386 4725 _utili_tate_sui
1411 4646 1678 4723 gratanter
1707 4646 2009 4725 relegerunt
2030 4696 2043 4718 ,
2074 4663 2130 4708 et

550 4731 672 4772 eum
717 4723 983 4774 communi
1025 4720 1392 4777 decedentium
1414 4720 1444 4777 ὁ
1460 4725 1654 4779 saeculo
1670 4720 2017 4780 consolationi
2037 4739 2131 4779 ne.

550 4788 1235 4866 cessariumjudicaverunt.
1253 4792 1861 4866 Egoautemfraternum
1876 4797 2126 4866 gaudium

551 4870 731 4933 meum
770 4859 1079 4933 existimans
1093 4903 1123 4933 ,Α
1143 4863 1214 4933 ita
1252 4859 1382 4916 illud
1406 4864 1766 4932 complexatus
1804 4859 1923 4920 sum
1945 4907 1960 4933 ,
1984 4877 2041 4921 ut
2075 4866 2126 4920 in

552 4925 791 5009 ipsorum
823 4927 1004 5009 izctitia
1035 4930 1164 4985 mihi
1187 4947 1363 5009 meum
1391 4925 1747 5009 complaceret
1774 4925 2088 5009 opusculum
2109 4976 2125 4999 ,

551 5003 606 5048 et
650 4996 790 5065 quod
825 4998 938 5071 ipse
984 5000 1454 5069 impraameditatus
1492 4996 1851 5071 dictaveram‘,
1890 4996 2129 5061 solitario

553 5079 868 5145 perageretu
886 5069 916 5145 ‘_
928 5072 1201 5145 scrutinio.
1242 5072 1403 5127 Erant
1425 5081 1602 5145 autem
1631 5089 1752 5145 quae
1787 5069 1987 5145 scripta
2013 5076 2130 5132 fue-

551 5142 677 5206 rant
691 5136 1024 5206 simpliciter,
1057 5140 1172 5205 sed,
1201 5149 1258 5194 ut
1284 5156 1406 5196 reor
1428 5183 1443 5205 ,
1476 5136 1734 5199 catholice
1776 5136 1940 5201 dicta.
1974 5147 2165 5203 Unde'

551 5213 607 5287 et
626 5204 893 5287 dictorum
936 5208 1263 5287 simplicitati
1304 5204 1522 5280 propter
1557 5213 1779 5287 fratrum
1802 5215 2127 5287 benevolen-

553 5276 680 5355 iiam
704 5315 718 5338 ,
741 5276 831 5355 qui
857 5276 964 5344 jam
994 5277 1064 5331 ita
1107 5276 1455 5355 laudaverunt
1477 5286 1756 5355 ,_peperci.
1806 5285 1907 5353 Ipsi
1951 5296 2127 5341 autem

551 5341 679 5427 licet
702 5341 948 5427 volumen
977 5356 1120 5427 esset
1148 5353 1422 5419 parvulum
1447 5393 1462 5418 ,
1479 5341 1857 5409 'V'isi'tntionem
1889 5356 2128 5427 infirmo-

554 5415 841 5495 rumillud
885 5415 1325 5485 appellaverunt:
1371 5415 1472 5495 ego
1508 5434 1685 5495 autem
1722 5426 2005 5495 superiora
2054 5428 2128 5482 uti

554 5492 724 5569 erant,
755 5500 974 5569 manere
1011 5502 1198 5569 passus
1230 5505 1369 5569 sum.
1418 5494 1523 5548 Sed
1569 5492 1819 5569 quoniam
1854 5497 2129 5569 epistolari

552 5553 858 5636 studueram
881 5553 1150 5636 brevitati,
1173 5562 1415 5636 quaedam
1445 5553 2032 5636 praetérmiseram'qute
2058 5568 2126 5623 ad

553 5623 796 5679 eamdem
835 5624 1028 5681 infirmi
1058 5623 1415 5690 visitationem
1443 5623 1741 5691 necessaria
1772 5623 2013 5695 fuissem.
2050 5640 2122 5694 Ea

613 5750 630 5786 ⁸
664 5749 771 5803 Its's.
791 5755 942 5817 Regii,
964 5768 1288 5823 peragi-arm.

2227 4380 2356 4436 ergo
2398 4380 2514 4434 quae
2555 4350 2855 4436 compendii
2894 4362 3065 4436 gratia
3095 4364 3540 4431 prmtermiseram
3564 4404 3579 4430 ,
3610 4343 3808 4436 necnon

2234 4433 2378 4491 et'ca
2404 4433 2521 4504 qua}
2549 4450 2706 4501 super
2736 4434 2873 4489 idem
2898 4433 3160 4505 negotium
3183 4450 3210 4486 a
3240 4450 3325 4505 me
3350 4443 3534 4505 postea
3557 4433 3803 4504 requisita

2234 4516 2391 4569 sunt,
2440 4506 2562 4560 stilo
2597 4504 3368 4575 subsequenticommendavi.
3407 4506 3571 4559 Erant
3611 4519 3807 4575 quoque

2234 4577 2422 4631 ordine
2468 4572 2852 4643 prsecedentia,
2877 4572 2970 4646 sed
3012 4574 3122 4642 ipsa
3167 4575 3571 4646 praeposteravit
3611 4572 3675 4630 ad
3712 4572 3807 4630 alia

2236 4646 2485 4702 teudendi
2516 4661 2618 4699 non
2652 4646 2849 4698 inutilis
2870 4644 3144 4698 velocitas.

2305 4715 2531 4772 CAPUT
2574 4716 2634 4771 ll.
2670 4714 2823 4768 Fides
2849 4716 2964 4767 hinc
2994 4714 3270 4783 migratum
3299 4717 3603 4773 necessaria.
3645 4715 3807 4770 Maxi-

2235 4804 2312 4841 me
2349 4791 2485 4839 circa
2518 4784 2772 4839 Christum
2814 4784 3079 4839 versanda.
3118 4783 3346 4839 Christus
3382 4785 3633 4841 hominem
3667 4802 3809 4853 super

2234 4856 2454 4927 Angelos
2476 4857 2672 4910 extulit.
2706 4855 3132 4927 Mi‘charissimc,
3160 4870 3472 4927 recessurus
3498 4873 3529 4911 a
3566 4856 3808 4927 nobis(te

2234 4924 2433 4982 etenim
2463 4927 2728 4996 compellit
2767 4925 2882 4981 dies
2909 4926 3150 4996 ultima),
3184 4924 3352 4980 fidelis
3378 4936 3532 4982 esto:
3557 4928 3673 4996 sine
3704 4924 3805 4996 fide

2234 4998 2377 5051 enim
2426 5012 2528 5050 non
2558 4994 2725 5066 .potcs
2767 4995 2975 5065 placere
3014 4994 3154 5059 Deo;
3192 5011 3364 5064 neque
3407 4998 3548 5052 enim
3592 4994 3807 5051 infidelis

2236 5067 2349 5138 Deo
2381 5075 2464 5121 est
2506 5067 2866 5138 acceptabilis.
2915 5066 3049 5138 Sunt
3097 5081 3224 5136 ergo
3258 5067 3325 5120 de
3357 5066 3479 5138 Deo,
3508 5068 3669 5121 multa
3692 5080 3805 5138 cre-

2239 5136 2413 5192 denda
2472 5137 2536 5191 ad
2584 5136 2808 5192 salutem
2853 5136 3045 5190 anima:
3091 5137 3412 5191 necessaria.
3460 5137 3808 5192 Sacramentis

2234 5207 2394 5277 igitur
2418 5206 2611 5261 divinis
2637 5208 2767 5261 fides
2794 5208 2912 5277 plus
2935 5222 3092 5277 quam
3116 5207 3400 5261 verborum
3428 5209 3807 5277 argumentatio

2235 5277 2534 5332 adhibenda
2561 5286 2660 5332 est.
2691 5277 2875 5346 Neque
2911 5277 3110 5331 etenim
3139 5277 3446 5346 singillatim
3477 5277 3545 5333 de
3568 5277 3675 5332 Deo
3691 5291 3810 5332 cre-

2235 5347 2407 5401 denda
2437 5363 2530 5416 per
2553 5344 3118 5417 rationis‘argumeuta
3144 5344 3427 5415 possumus
3461 5346 3803 5417 comprehen-
3830 5344 3843 5417 ζ

2235 5394 2385 5485 ἆὲἶὲ,
2437 5394 2943 5486 ’ῥόὲὲυἲίἰῦξῖπυίὲὧ
2991 5394 3046 5486 ἐι
3087 5394 3805 5473 ἀῶἷηιῖίξῗτὲᾱέἑὲῗιηῖῐιι
3830 5394 3875 5446 ⁸

2236 5482 2408 5557 neque
2428 5482 2494 5542 de
2517 5488 2625 5543 Deo
2648 5489 2928 5557 loquimur,
2956 5482 3139 5558 quina
3163 5487 3562 5558 nobismetipsis
3582 5488 3811 5558 aliquan-

2237 5559 2404 5613 tulum
2441 5567 2620 5614 mente
2661 5558 2980 5613 excedamus
3012 5575 3022 5608 :
3058 5557 3339 5628 ubiigitur
3371 5567 3455 5613 est
3496 5558 3698 5628 mentis
3719 5570 3808 5628 ex:

2235 5628 2427 5693 cessio,
2460 5628 2644 5683 idonea
2669 5637 2750 5681 est
2773 5627 2890 5682 fidei
2937 5626 3225 5681 successio}
3255 5627 3495 5683 Mirabile
3526 5641 3655 5695 ergo
3690 5626 3810 5683 illud

2236 5699 2304 5752 de
2331 5697 2606 5753 Trinitatis
2634 5699 2852 5763 unitate,
2875 5697 2941 5752 de
2982 5697 3201 5752 unitatis
3226 5696 3416 5753 deifica
3444 5698 3701 5753 Trinitate
3725 5710 3810 5751 sa-

2240 5778 2605 5837 cramentum,
2635 5769 2804 5839 magis
2845 5776 2928 5825 est
2967 5768 3293 5825 credendum
3351 5783 3511 5843 quam
3551 5781 3808 5840 exponen-
