4088 6202
318 302 469 361 H57

312 418 541 473 cerdote
565 414 806 471 confiteri
832 413 1013 476 habes,
1044 415 1311 482 ipsiusque
1334 413 1585 480 judicium
1610 412 1787 468 subire
1808 413 1904 467 de«

313 488 441 543 bes.
486 486 589 542 Sed
628 487 762 540 sicut
803 486 949 539 stella
989 485 1020 536 d
1047 485 1161 537 ti'ert
1199 499 1228 536 a
1267 485 1416 537 stella
1450 485 1498 535 in
1526 484 1796 542 claritate.
1828 484 1904 536 sic

314 558 578 611 sacerdos
600 557 771 609 dichrt
799 572 824 606 a
853 555 1126 608 sacerdote
1151 555 1199 605 in
1224 569 1317 606 sua
1342 552 1758 606 conversatione.
1783 554 1905 605 Mul-

315 637 500 680 torum
543 626 797 692 siquidem
837 633 916 677 est
957 627 1129 676 vocari
1175 623 1508 683 sacerdotes,
1549 623 1639 676 sed
1681 637 1782 675 non
1823 634 1904 676 est

313 696 562 751 omnium
601 711 718 749 esse
755 695 1077 747 sacerdotes.
1115 693 1384 760 Siquidem
1417 693 1591 744 multis
1626 693 1901 761 presbyte-

314 776 474 820 ratus
501 765 846 819 committitur
875 765 1215 831 dispensatio,
1245 763 1335 816 sed
1364 779 1468 815 non
1495 778 1680 816 omnes
1709 765 1903 828 pariter

314 837 626 889 commisce
655 834 1060 902 dispensationis
1093 833 1382 886 inserviunt
1413 833 1721 884 ministerio.
1756 833 1900 885 Alius

315 906 570 974 equidem
600 905 890 956 commodis
929 903 1308 970 przescntibus,
1339 918 1456 974 qum
1487 917 1578 974 sua
1610 911 1764 974 sunt,
1797 919 1897 955 non

313 971 445 1042 quae
465 974 588 1027 Jesu
604 975 798 1026 (Ihristi
821 975 1122 1040 exquirens,
1149 973 1531 1032 inexplebiliter
1555 971 1718 1023 inhiat
1739 991 1749 1023 :
1769 974 1899 1024 alius

315 1046 644 1112 prmpeditur
662 1059 727 1096 ex
755 1044 953 1096 incuria
984 1061 996 1095 :
1025 1043 1158 1095 alius
1182 1043 1466 1094 suli'ocatur
1493 1058 1553 1093 ex
1586 1042 1895 1112 ignorantia,

313 1109 375 1168 ὸι
409 1109 581 1168 tamen
614 1116 847 1183 ignorans
877 1113 1182 1183 ignorabitur
1212 1111 1263 1180 (Ι
1296 1111 1411 1166 Cor.
1445 1128 1554 1183 xiv,
1589 1109 1691 1179 58)
1723 1129 1735 1161 :
1767 1111 1899 1163 afius

313 1199 451 1238 vero
476 1182 791 1237 concrediue
819 1182 1072 1234 custodiae
1101 1191 1460 1248 competenter
1486 1182 1658 1234 locum
1685 1190 1736 1232 ct
1765 1192 1895 1233 lem-

314 1269 424 1324 pus
454 1255 719 1321 explorat,
756 1253 1142 1324 respondetque
1182 1252 1386 1324 probati
1414 1252 1514 1324 vita
1547 1250 1774 1302 ministri
1803 1266 1895 1303 ne-

315 1321 656 1376 cessitatilius
687 1323 902 1387 injuncti
939 1321 1232 1373 ministerii.
1272 1321 1342 1372 lix
1376 1321 1455 1372 liis
1487 1321 1704 1372 vocandi
1737 1329 1889 1384 sunt,

317 1394 362 1445 si
397 1395 640 1458 noveris,
675 1392 950 1460 peritiores
979 1403 1029 1443 et
1058 1389 1392 1442 i-iiriosiorcs.
1431 1392 1480 1442 Si
1521 1391 1660 1442 enim
1698 1390 1896 1442 morbis

315 1477 600 1531 corporum
651 1462 837 1515 medici
893 1461 1214 1528 probatiores
1265 1461 1896 1531 exquiruntur;_quamo

307 1528 489 1600 magis
515 1533 871 1600 spiritualibus
901 1531 1192 1600 animarum
1226 1529 1584 1595 putredinibus
1611 1528 1893 1600 adhibendi

316 1599 444 1656 sunt
476 1599 660 1656 medici
694 1601 1013 1661 subtiliores,
1047 1610 1116 1659 ct,
1152 1599 1192 1650 si
1229 1600 1326 1650 dici
1369 1600 1540 1661 liceat,
1574 1599 1894 1664 Spiritualio-

315 1675 442 1726 res?
468 1673 582 1726 Non
612 1673 728 1725 dico
759 1680 931 1723 tamen
959 1678 1013 1721 ut
1039 1669 1256 1721 dntnucs
1285 1671 1363 1722 vel
1405 1668 1754 1735 reprehendas
1790 1669 1893 1721 Do-

316 1743 451 1795 mini
492 1742 793 1796 sacerdotes
824 1756 835 1790 ε
869 1741 1011 1791 novit
1047 1739 1186 1791 enim
1225 1739 1474 1790 Dominus
1508 1739 1593 1794 qui
1631 1747 1753 1789 sunt
1780 1738 1895 1802 ejus

319 1811 388 1880 (ll
420 1812 546 1864 'l'im.
577 1829 634 1874 ιι,
665 1813 776 1879 19).
806 1810 907 1862 Sed
936 1809 1070 1869 dico,
1104 1808 1146 1880 si
1175 1808 1362 1880 recipis
1391 1806 1696 1880 prophetam
1727 1809 1896 1880 inno—

320 1877 465 1935 n'iine
491 1877 777 1949 prophetae,
803 1881 883 1931 vel
901 1878 1170 1949 justumin
1195 1877 1406 1949 nomine
1424 1877 1570 1949 justi,
1595 1878 1892 1949 mercedem

319 1953 406 2005 vel
436 1945 703 2020 prophetae
732 1950 816 2011 vel
841 1949 967 2017 justi
1005 1947 1225 2014 recipies
1253 1946 1472 2014 (Matth.
1508 1961 1570 2012 ιι,
1605 1946 1722 2014 41).
1755 1945 1894 2016 Ergo

321 2023 457 2075 tales
485 2020 704 2074 vocandi
731 2028 872 2072 sunt.

396 2091 616 2146 CAPUT
672 2089 802 2142 VIII.
849 2087 1009 2140 Error
1053 2085 1366 2139 sacerdotum
1414 2085 1561 2138 etiam
1608 2095 1716 2154 post
1759 2103 1892 2138 inor-

320 2170 418 2213 tem
463 2161 744 2229 liganlium.
799 2158 894 2229 Λην
913 2157 1166 2229 judicium
1198 2171 1383 2229 _eorum
1437 2155 1759 2229 noceat._ili
1803 2157 1892 2207 (to-

319 2224 646 2296 cendia-Qua:
686 2224 923 2295 confessis
963 2225 1594 2296 satisfactioimponenda.
1643 2224 1888 2291 Despera-

321 2302 456 2352 tionc
500 2293 695 2356 nullum
734 2293 934 2366 gravius
972 2293 1179 2366 crimen.
1234 2293 1532 2347 Absolvendi
1576 2297 1626 2347 in
1674 2307 1890 2347 earn-emo

322 2372 491 2439 positi,
510 2371 552 2421 si
571 2365 762 2439 rogent.
793 2365 1233 2439 Siconvalucrint,
1256 2381 1501 2439 canonum
1527 2366 1890 2439 censuram‘dw

320 2433 431 2493 bent
460 2433 648 2492 subire:
677 2439 791 2492 .lam
826 2436 944 2490 vide
973 2434 1097 2503 quid
1124 2433 1189 2498 de
1219 2434 1511 2502 ignorantia
1539 2433 1887 2502 ignorantium

359 2509 614 2563 reveniat.
662 2506 874 2561 Audivit
916 2505 1128 2573 quidam
1156 2520 1217 2557 ex
1245 2507 1420 2573 minus
1450 2504 1668 2558 eruditis
1705 2519 1888 2557 sacer-

358 2580 532 2632 otibus
561 2571 949 2632 confessionem
978 2585 1139 2638 tuam,
1174 2571 1314 2626 videt
1341 2571 1696 2627 infirmitatem
1723 2583 1885 2638 tuam,

319 2650 490 2702 nescit
533 2659 709 2702 tamen
736 2663 820 2700 res
851 2642 1211 2712 hujuscemodi
1241 2661 1385 2711 :equa
1427 2645 1577 2698 lance
1619 2659 1840 2711 pensare
1874 2661 1885 2694 :

321 2719 525 2785 ignorat.
554 2718 676 2786 quia
708 2717 862 2770 velox
891 2715 1149 2768 medicina
1181 2713 1889 2786 subitaneisinfirmitatibus

317 2784 404 2842 vel
429 2788 494 2854 =in
537 2784 773 2841 extremo
817 2786 997 2854 positis
1026 2786 1094 2836 sit
1126 2784 1561 2854 pernecessaria,
1609 2784 1890 2854 respondet

321 2867 540 2926 agnito,
591 2853 881 2921 Frater,'si
927 2853 1302 2926 supervixeris,
1343 2854 1413 2904 ita
1449 2853 1647 2926 jejuna,
1691 2853 1783 2926 ita“
1809 2854 1890 2926 l‘ac

320 2921 743 2997 elcemosynam,
777 2926 843 2997 ita
875 2939 966 2977 ora
994 2922 1130 2997 (haec
1156 2931 1338 2997 tamen
1369 2923 1543 2997 omnia
1573 2921 1705 2974 bene
1735 2921 1886 2997 disit,

321 2999 411 3049 sed
447 2989 679 3052 crro'rem
718 2996 934 3063 impium
961 2989 1345 3063 animadverte)
1374 2990 1459 3063 :_rsi
1489 3001 1662 3063 autem
1695 3006 1760 3042 ex
1791 2989 1890 3063 _liac

322 3067 625 3120 inﬁrmitate
655 3058 916 3127 morieris,
951 3079 1016 3116 ne
1052 3062 1224 3114 anima
1253 3058 1336 3112 tua
1379 3061 1486 3112 Deo
1514 3058 1754 3111 videatur
1789 3059 1889 3110 iiii-

319 3138 604 3205 pmnitcns,
655 3150 748 3204 per
801 3132 1154 3205 obedientiam
1203 3128 1416 3198 iujuugo
1452 3129 1578 3205 _tibi,
1631 3138 1888 3205 quatenus

321 3199 492 3260 anima
525 3199 610 3260 tua
649 3199 730 3258 vel
773 3213 932 3256 totam
975 3202 1342 3268 septimanam,
1385 3199 1467 3252 vel
1513 3213 1708 3252 annum
1756 3199 1890 3252 inte-

319 3292 492 3344 grum,
543 3276 624 3330 vel
666 3285 865 3329 tantum
915 3271 1166 3344 temporis
1211 3268 1456 3339 patiendo
1485 3283 1689 3344 poenam
1728 3283 1886 3344 quam

321 3338 580 3413 meruisti,
613 3348 662 3399 in
690 3343 997 3414 paenitentia
1027 3338 1147 3414 post
1173 3338 1398 3414 mortem
1429 3349 1572 3414 tuam
1604 3338 1688 3390 sit.
1721 3339 1762 3389 U
1794 3353 1885 3414 exs

321 3407 650 3470 teriuinanda
678 3407 852 3467 cordis
877 3407 1125 3471 caecatio!
1157 3409 1234 3462 Ad
1263 3407 1638 3462 consolandum
1673 3413 1888 3460 venerat

324 3488 588 3540 intirmum
629 3503 641 3536 ε
684 3495 737 3538 et
766 3484 850 3536 cui
886 3482 1054 3546 major
1081 3488 1132 3532 et
1157 3494 1378 3548 propera
1410 3478 1665 3531 incumbit
1708 3477 1887 3548 absol-

321 3556 474 3609 vendi
507 3555 816 3615 necessitas,
846 3545 1174 3603 absolutione
1204 3545 1478 3601 interdicta
1506 3548 1766 3618 ligationis
1796 3545 1888 3600 ad-

318 3627 429 3694 jicit
474 3623 803 3694 particulam.
849 3621 892 3674 0
945 3618 1250 3694 perditionis
1286 3618 1591 3694 animarum
1637 3618 1881 3694 occasio!

326 3687 506 3750 Utrum
557 3705 731 3747 autem
782 3692 894 3744 lucc
925 3687 1213 3743 sacerdotis
1253 3687 1497 3742 allocutio
1546 3687 1885 3742 conﬁtentem

323 3775 509 3819 noceat
534 3766 758 3832 (certum
792 3770 872 3814 est
897 3770 1070 3832 autem
1106 3757 1243 3832 quod
1277 3759 1595 3832 nonjuvat).
1631 3758 1720 3832 Dei
1749 3757 1886 3832 judi-

320 3837 399 3888 cio
427 3827 742 3888 reservetur.
774 3832 877 3886 Sed
905 3831 1026 3898 quid
1063 3830 1184 3881 huic
1217 3828 1532 3882 consolatori
1556 3870 1568 3890 ,
1602 3827 1682 3898 \fcl
1718 3828 1887 3898 potius

323 3906 618 3967 desolatori,
655 3897 1078 3970 respondendum
1111 3901 1197 3962 sit,
1228 3900 1268 3970 si
1303 3900 1432 3950 forte
1480 3897 1715 3964 requiras
1752 3914 1772 3970 :_
1797 3897 1888 3948 ab-

323 3977 488 4028 solute
516 3964 654 4039 dico,
679 3964 819 4040 qu'od
850 3969 1119 4024 docendus
1141 3978 1224 4040 est
1249 3967 1366 4024 iste,
1410 3983 1514 4040 non
1542 3964 1882 4040 sequendus:

324 4060 416 4096 me
457 4045 525 4097 ibi
561 4033 661 4097 erit
691 4033 1066 4104 i'iiobedicutia,
1105 4039 1190 4090 ubi
1219 4045 1299 4090 est
1327 4033 1635 4089 eruditiOnis
1677 4033 1888 4088 humilis

323 4114 649 4166 ol'ticiositas.

393 4183 446 4236 Si
475 4192 649 4236 autem
683 4177 1044 4247 hujuscemodi
1069 4173 1429 4247 putredinibus
1457 4173 1595 4243 quod
1619 4188 1887 4247 apponen-

326 4253 443 4307 duni
481 4253 547 4307 sit
579 4243 899 4320 cataplasma
937 4243 1080 4301 scire
1108 4245 1411 4310 desideras,
1457 4253 1513 4298 ut
1561 4245 1746 4298 saltem
1790 4243 1887 4295 sub

935 271 1304 356 annonam
1341 271 1408 356 in
1443 297 1806 357 SERMONES
1846 297 2018 355 θυοδ
2053 297 2356 359 rnoxun;
2395 301 2944 372 suossousurss.

3443 305 3581 369 “58

2011 418 2287 498 occasione
2317 419 2387 498 tui
2416 419 2704 498 doceantur
2726 417 3115 498 presbyterihct
3143 417 3243 472 hoc
3270 419 3425 473 etiam
3451 437 3578 489 pro-

2012 487 2150 539 ticiat
2178 489 2350 547 saluti,
2382 489 2521 558 quod
2554 490 2602 541 in
2635 487 3091 556 extremo’positis
3125 497 3178 542 et
3211 500 3382 543 tamen
3407 487 3575 546 eonﬁ-

2013 558 2241 628 tcntibus
2278 559 2675 625 rcSpondercm,
2726 560 2946 611 subtexe
3002 577 3014 612 :
3059 558 3264 611 Nemini
3299 564 3575 628 imponen-

2009 625 2130 678 dum
2163 638 2238 680 cst
2272 630 2407 692 quod
2436 639 2523 681 aut
2553 629 2952 696 impossibilitas
2976 630 3021 680 ei
3049 629 3290 692 abdicat,
3320 625 3405 682 aut
3440 641 3575 686 tem-

2009 711 2104 763 pus
2123 713 2443 768 evanescens
2468 699 2755 768 adimplere
2779 699 3070 766 prohibeat.
3099 698 3150 750 Si
3180 709 3350 751 autem
3377 699 3572 768 aliquid

2007 767 2146 838 quod
2181 769 2498 835 pauperibus
2534 767 2782 838 prodesse
2815 768 2996 820 haheat
3019 810 3032 831 ,
3059 783 3262 838 manus
3294 773 3405 833 ejus
3433 767 3575 824 inve-

2008 837 2162 902 ncrit,
2186 847 2275 889 aut
2306 838 2457 890 amici
2490 837 2566 890 sui
2605 840 2668 891 de
2711 855 2805 889 Hm
2835 838 2960 890 dare
2988 837 3263 901 voluerint,
3299 839 3463 901 legale
3494 850 3573 893 est

2007 916 2071 976 ut
2114 917 2324 973 peccata
2370 923 2458 961 sua
2509 907 2858 976 clcemosyuis
2906 908 3255 969 redimantur;
3308 908 3572 962 orationes

2005 975 2162 1029 etiam
2197 978 2479 1029 amicorum
2525 979 2572 1030 ei
2622 975 2920 1042 profuturas
2954 976 3239 1030 credimus.
3273 978 3362 1028 Sin
3391 990 3566 1031 autem

2004 1048 2482 1116 quai'itulamnuque
2513 1047 2744 1115 pecunia:
2802 1061 3001 1097 summa
3046 1048 3060 1076 ¹
3106 1046 3305 1109 deerit,
3359 1057 3444 1098 aut
3486 1051 3570 1116 qui

2005 1127 2156 1168 orent
2182 1132 2276 1183 pro
2299 1134 2360 1169 co
2385 1115 2672 1170 amicorum
2704 1116 3014 1183 religiositas
3031 1115 3273 1178 defuerit,
3301 1127 3349 1167 et
3369 1133 3430 1168 cx
3456 1126 3566 1170 toto

2004 1185 2133 1237 nihil
2187 1187 2567 1261 iiisi_c0iiﬁtci'i
2617 1195 2670 1239 ct
2716 1187 2982 1261 pmnitcro
3018 1187 3228 1261 valebit,
3284 1188 3568 1239 enormitas

2003 1271 2211 1321 queque
2238 1255 2510 1324 culpat-uin
2549 1273 2667 1308 cum
2711 1255 3037 1323 aggravabit,
3069 1256 3189 1323 quid
3230 1256 3310 1306 isti
3349 1257 3570 1309 faciam?

2005 1324 2264 1378 Deducam
2294 1343 2434 1391 cum,
2469 1335 2557 1380 aut
2582 1343 2678 1393 ego
2710 1328 2862 1377 etiam
2892 1324 2955 1376 dc
2983 1340 3044 1375 eo
3071 1325 3118 1376 in
3147 1325 3564 1391 desperationem

2003 1394 2264 1464 dcducar?
2292 1397 2394 1450 Sed
2427 1397 2541 1464 quis
2567 1437 2578 1454 ,
2612 1411 2643 1447 o
2687 1396 2818 1447 bone
2849 1395 2972 1447 Jcsu
2994 1435 3005 1452 ,
3039 1411 3064 1446 a
3100 1395 3452 1447 misericordia
3484 1405 3569 1449 tua

2001 1463 2286 1532 desperet?
2327 1463 2597 1520 Audenter
2626 1466 2936 1532 pronuntio,
2979 1465 3220 1532 quoniam
3252 1466 3568 1518 cumulatius

2002 1537 2247 1589 delictum
2280 1549 2359 1589 est
2390 1554 2415 1588 a
2448 1545 2498 1590 te
2527 1537 2840 1603 desperatio.
2868 1551 3021 1597 quam
3049 1534 3442 1601 qualiscumque
3471 1535 3570 1589 liu-

2002 1621 2170 1658 nmmo
2213 1607 2504 1674 fragilitatis
2532 1606 2770 1658 oll'cnsio.
2828 1606 2999 1671 Quare
3042 1605 3409 1674 Apostolorum
3462 1605 3569 1669 pri-

2001 1676 2216 1746 micerio
2262 1673 2507 1746 lacryimc
2542 1678 2865 1746 profuerunt,
2911 1675 3008 1725 nisi
3034 1673 3254 1746 prosint
3302 1682 3352 1725 ct
3391 1674 3569 1746 mihi?

2002 1745 2243 1798 Latronis
2272 1743 2408 1799 illius
2435 1749 2487 1800 in
2521 1745 2800 1812 livangelio
2829 1745 3076 1795 memoria
3099 1758 3260 1810 quare
3283 1743 3432 1795 nobis
3461 1751 3564 1796 tam

2002 1815 2372 1869 vci'icrabilitcr
2403 1817 2660 1869 recensita
2689 1815 2804 1866 cst?
2846 1813 3046 1879 Quibus
3073 1814 3423 1881 clccmosynis
3449 1813 3566 1880 qui-

2002 1887 2160 1938 busve
2184 1887 2448 1953 operibus,
2477 1887 2554 1937 vel
2578 1885 2763 1953 quibus
2785 1883 3105 1936 orationibus
3129 1881 3460 1953 respondisti,
3496 1884 3566 1937 mi

1998 1955 2119 2008 Jcsu
2136 1952 2530 2024 benignissime,
2549 1952 2867 2012 dulcissime,
2889 1952 3394 2024 misrricordissime,
3414 1953 3566 2024 quasi

1998 2021 2484 2093 subjurcjuramlo,
2518 2025 2670 2075 Amen
2699 2024 2806 2074 diro
2836 2022 2952 2093 tibi,
2987 2021 3132 2093 hodie
3161 2037 3347 2093 mecum
3382 2021 3567 2093 erisﬂin

1999 2088 2267 2163 paradiso:
2301 2096 2396 2147 nisi
2432 2095 2547 2147 ﬁdei
2573 2109 2679 2146 suae
2701 2091 3025 2163 oratiouique
3060 2090 3380 2143 brevissume
3400 2131 3429 2163 ,ν
3450 2088 3564 2163 _Me-

1999 2159 2162 2217 incnto
2194 2166 2306 2227 inci,
2343 2164 2572 2227 Domine,
2597 2164 2715 2214 dum
2742 2161 2929 2213 veneris
2956 2161 3005 2211 in
3030 2176 3235 2227 regnum
3255 2170 3389 2210 tuum
3414 2159 3562 2229 (Luc.

1997 2250 2148 2296 χχιιι,
2176 2235 2262 2299 45,
2294 2235 2417 2297 i2)?
2449 2236 2571 2286 Dico
2590 2235 2762 2300 itaque
2790 2231 3178 2300 omnibus,dico
3201 2229 3408 2300 tandem
3437 2244 3565 2300 con-

1998 2304 2288 2366 iitcntibus,
2311 2305 2426 2356 dico
2439 2299 2696 2355 confessis
2712 2299 3125 2358 consulentilnis,
3144 2313 3209 2350 ne
3226 2299 3452 2350 confessi
3472 2299 3566 2352 de-

1996 2383 2227 2442 sperent,
2253 2390 2315 2425 ne
2333 2373 2767 2442 sacerdotesrpost
2789 2379 3009 2422 mortem
3028 2369 3227 2442 aliquos
3247 2369 3408 2442 ligeut
3426 2385 3438 2442 _:
3458 2369 3565 2424 imo

1995 2439 2113 2497 cum
2140 2459 2235 2498 suo
2262 2443 2384 2497 Jesu
2413 2443 2604 2505 dicant,
2629 2439 2814 2495 Solvite.
2832 2455 2960 2499 cum,
2992 2445 3034 2490 ct
3062 2439 3207 2491 sinite
3228 2441 3360 2490 abire
3385 2439 3560 2507 (Joan.

1995 2531 2066 2576 si,
2088 2517 2199 2581 41).
2237 2515 2416 2567 Melius
2445 2521 2522 2566 est
2552 2513 2690 2566 enim
2717 2521 2772 2563 ut
2803 2511 2918 2562 talis
2946 2510 3129 2581 prosit,
3151 2509 3232 2581 vel
3251 2523 3353 2560 non
3379 2519 3566 2563 noceat

1994 2578 2274 2645 absolutio,
2307 2600 2460 2652 quam
2491 2581 2934 2652 obsitindiscreta
2965 2578 3161 2652 ligatio.
3192 2578 3297 2631 Nec
3326 2589 3554 2652 praeten-

1995 2654 2123 2706 dant
2167 2649 2466 2706 sacerdotes
2510 2651 2574 2704 de
2621 2650 2793 2703 fallaci
2841 2649 3123 2703 securitate
3175 2650 3505 2701 occasionem
3546 2666 3559 2702 :

1994 2724 2241 2775 ouoniam
2265 2724 2452 2775 melius
2478 2729 2558 2774 est
2583 2732 2635 2773 ut
2668 2720 2975 2772 morientem
3001 2720 3049 2771 in
3079 2733 3234 2770 manu
3265 2717 3563 2771 iiiiscricor-

1995 2787 2196 2846 dissimi
2228 2793 2316 2844 Dci
2346 2792 2693 2852 committant,
2728 2805 2883 2857 quam
2915 2787 3282 2854 desperantem
3307 2802 3424 2839 cum
3449 2790 3561 2856 qui-

1994 2863 2213 2915 busdam
2265 2862 2588 2915 induciarum
2635 2860 2820 2912 fabulis
2865 2873 2891 2910 a
2938 2871 3098 2925 regno
3137 2857 3224 2909 Dei
3267 2857 3561 2910 eliniinent.

1993 2929 2123 3000 Nam
2155 2932 2419 2999 quomodo
2442 2931 2579 2984 dicet
2609 2930 2856 2982 sacerdos
2887 2941 2980 2995 pro
3003 2925 3429 3000 del‘mictoquem
3450 2927 3565 3000 ipse

1995 2996 2194 3068 ligavit,
2250 3002 2495 3060 Absolve,
2547 3001 2786 3062 Domine,
2827 2999 3062 3068 animam
3111 2996 3288 3068 famuli
3339 2997 3430 3058 tui,
3466 2997 3566 3068 vel

1994 3065 2212 3122 racteras
2239 3069 2624 3122 absolutionum
2667 3067 2933 3131 eulogias?
2971 3065 3286 3117 Ahsolvcndi
3317 3075 3437 3118 sunt
3462 3066 3564 3118 ita-

1994 3155 2096 3206 que
2116 3153 2320 3202 omnes,
2345 3138 2728 3189 absolutionem
2753 3136 3019 3206 duntaxat
3039 3143 3306 3206 rogantes,
3334 3148 3427 3185 nec
3446 3151 3566 3187 sus-

1995 3203 2256 3276 pcndcndi
2289 3216 2411 3261 sunt
2440 3223 2467 3258 a
2501 3207 2727 3258 fidelium
2761 3204 3147 3262 communione,
3187 3203 3376 3269 quibus
3421 3217 3564 3257 mors

1995 3275 2210 3332 tinietur
2239 3277 2349 3329 sine
2377 3275 2646 3339 dilatione,
2681 3283 2732 3327 ct
2761 3288 2893 3342 quos
2917 3281 3247 3340 peccatorum
3267 3285 3444 3342 amara
3475 3288 3564 3330 re-

1994 3347 2229 3401 cordatio
2260 3347 2340 3399 vel
2371 3347 2473 3398 ciet
2503 3346 2552 3398 iu
2582 3347 2858 3413 lacryinas,
2891 3343 2972 3395 vel
3003 3351 3174 3413 metus
3206 3341 3391 3413 mortis
3419 3342 3564 3396 ducit

1993 3418 2059 3472 ad
2092 3417 2314 3475 veniam,
2346 3416 2479 3469 sicut
2503 3407 2772 3482 Scriptnra
2822 3421 3060 3472 testatur,
3091 3407 3158 3463 Et
3191 3411 3349 3463 territi
3377 3427 3566 3479 purga-

1992 3488 2177 3540 buntur
2211 3485 2348 3554 (Job.
2390 3502 2492 3550 xu,
2537 3486 2645 3550 16).
2689 3484 2743 3537 Si
2783 3491 2958 3536 tamen
3005 3482 3564 3554 talesconvalueriut,

1994 3552 2253 3612 canonum
2282 3557 2579 3609 diuturnam
2614 3569 2717 3607 non
2761 3554 3027 3622 negligant
3051 3552 3231 3604 subire
3261 3565 3563 3622 censuram.

1993 3629 2335 3683 Subitancum
2385 3639 2508 3693 ergo
2548 3625 2671 3675 dum
2719 3621 3054 3693 non'diutius
3105 3621 3328 3693 licuerit,
3373 3621 3472 3673 hoc
3509 3621 3565 3676 in

1993 3709 2230 3752 extremo
2258 3690 2774 3762 positis—adhibcatur
2794 3691 3090 3762 consilium.
3124 3690 3415 3762 l-iocetiam
3437 3693 3562 3762 cita-

1995 3771 2220 3828 i-issiine,
2253 3760 2318 3815 do
2343 3765 2455 3825 tibi,
2484 3765 2682 3823 amice;
2717 3761 2941 3812 ascende
2965 3767 3206 3810 oraturus
3238 3760 3286 3810 in
3318 3760 3565 3828 templum

1996 3839 2198 3889 llmnini
2224 3835 2402 3897 corde,
2430 3835 2469 3884 si
2505 3848 2604 3882 non
2638 3841 2784 3898 potes
2812 3843 3059 3898 Ctll‘pm‘c:
3084 3829 3172 3879 Dic
3197 3827 3565 3898 justiticandus

1993 3923 2110 3959 cum
2143 3908 2227 3957 illo
2255 3911 2361 3972 jam
2389 3897 2672 3970 justiﬁcato
2699 3908 2993 3972 per-catum,
3027 3897 3158 3952 Deus
3189 3897 3429 3972 prapitiiw
3457 3906 3564 3972 esto

1994 3978 2114 4028 mihi
2141 3967 2402 4045 peccaturi
2421 3973 2565 4040 (Luc.
2595 3967 2740 4045 svnt,
2778 3970 2866 4039 13)
2895 3987 2907 4020 :
2937 3979 2998 4045 Aut
3023 3969 3276 4045 ascendas
3298 3968 3471 4034 justus
3491 3967 3559 4020 ad

1994 4040 2178 4106 Deum,
2216 4044 2532 4110 justitii-a'ius
2573 4044 2636 4094 ab
2687 4047 2816 4110 ipso,
2863 4041 2949 4108 qui
2987 4040 3114 4092 vivit
3154 4046 3207 4092 ct
3247 4047 3429 4106 regnat
3472 4051 3566 4109 per

1995 4118 2168 4169 omnia
2194 4117 2385 4168 secula
2416 4115 2751 4167 saeculorum.
2784 4113 2974 4164 Amen.

2059 4247 2074 4276 ί
2113 4253 2236 4305 Mss,
2263 4243 2526 4294 summitas.

321 4385 3544 4422 __________________________________.____.———————————-

738 4534 1189 4599 ADMONITIO
1231 4531 1309 4592 ΙΝ
1353 4527 1668 4590 SERMON
1685 4526 1776 4586 ES
1826 4522 2029 4586 DUOS
2062 4517 2428 4578 PROXIME
2459 4506 3078 4583 SUBSEQUENTES.

383 4705 605 4760 Exstant
632 4717 898 4756 sermones
924 4703 1006 4754 isti
1032 4701 1136 4755 duo
1159 4703 1207 4753 in
1238 4709 1414 4754 vetere
1434 4695 1738 4751 Corbeiensi
1765 4691 1947 4747 codice
1972 4697 2095 4743 ante
2120 4683 2282 4749 mille,
2303 4681 2374 4734 uti
2397 4679 2620 4744 videtur,
2639 4688 2804 4729 annos
2830 4671 3113 4740 descripto,
3138 4683 3334 4739 primus
3354 4670 3567 4740 quidem

323 4798 477 4851 hocce
524 4792 671 4846 titulo
721 4798 1042 4858 praenotatus
1082 4807 1094 4842 :
1136 4808 1152 4839 ι
1191 4789 1376 4857 Incipit
1417 4801 1592 4842 sermo
1633 4784 1800 4839 sancti
1843 4781 2062 4834 Joannis
2090 4777 2154 4829 de
2180 4771 2552 4827 Consolatione
2584 4769 2788 4821 mortis.
2829 4785 2847 4817 ι
2883 4761 3156 4818 Secundus
3187 4771 3359 4815 autem
3394 4761 3568 4831 primo

322 4903 470 4958 quam
515 4877 753 4952 proxime
799 4881 1110 4946 conjunctus
1150 4853 1344 4945 absque
1394 4878 1577 4940 titulo,
1625 4876 1860 4941 nihilque
1887 4868 2024 4922 aliud
2070 4868 2120 4919 in
2153 4864 2254 4917 fine
2291 4862 2491 4915 habens
2523 4860 2620 4912 nisi
2645 4899 2658 4923 ,
2695 4876 2711 4907 ι
2750 4855 2978 4924 Explicit
3005 4853 3070 4907 de
3099 4853 3502 4906 resurrectione.
3539 4871 3561 4903 ι

323 4945 572 5036 (holerum
603 4975 735 5028 alter
759 4973 858 5026 iste
885 4985 1058 5023 sermo
1090 4970 1238 5021 tertia
1270 4978 1452 5036 parte,
1482 4967 1661 5035 quain
1691 4974 1812 5018 ante
1849 4962 2065 5016 excusis
2094 4958 2340 5020 carebat,
2377 4954 2577 5007 auctior
2622 4964 2760 5004 nunc
2802 4949 3030 5019 primum
3062 4945 3235 5014 prodit
3267 4960 3332 4999 ex
3359 4945 3567 5001 laudato

323 5068 614 5127 Corbeiensi
645 5062 936 5132 exemplari
968 5079 981 5114 :
1014 5075 1179 5128 caque
1210 5073 1328 5127 pars
1353 5057 1837 5125 recapitulationem
1865 5068 2045 5106 eorum
2082 5065 2198 5120 qua:
2225 5049 2275 5100 in
2304 5047 2471 5115 primo
2498 5058 2741 5098 sermone
2771 5040 2907 5095 dicta
2937 5039 3146 5093 fuerunt
3166 5079 3180 5103 ,
3212 5037 3479 5100 continet,
3511 5045 3567 5091 et

325 5163 433 5217 aliis
459 5177 563 5215 non
587 5158 799 5213 incertis
827 5151 1148 5224 argumentis
1176 5149 1239 5203 ad
1272 5149 1371 5202 hoc
1396 5147 1704 5217 opuSCulum
1737 5146 2003 5213 pertinere
2032 5140 2389 5209 cognoscitur.
2414 5138 2668 5189 JOannem
2698 5147 2856 5202 porro
2879 5148 2982 5185 non
3012 5131 3170 5183 alium
3208 5143 3362 5198 quam
3393 5127 3567 5199 Chry-

325 5271 605 5314 sostommn
632 5259 682 5310 in
715 5257 889 5309 fronte
919 5249 1179 5306 sermonis
1207 5247 1359 5317 primi
1389 5245 1718 5313 designatum
1745 5240 2041 5308 opinamur.
2075 5237 2268 5289 Confer
2295 5232 2562 5287 homiliam
2592 5228 2757 5298 ipsius
2785 5225 3237 5297 quadr-agesimam
3267 5221 3485 5290 primam
3510 5221 3566 5276 in

325 5353 345 5408 1
371 5351 490 5405 Cor.
513 5365 601 5413 xv,
629 5358 681 5402 et
709 5347 982 5400 homiliam
1005 5343 1226 5414 primam
1261 5339 1314 5392 in
1344 5337 1387 5390 ll
1417 5311 1564 5400 Cori,
1595 5342 1647 5388 et
1678 5331 1943 5386 homiliam
1975 5327 2360 5397 scxagesimam
2387 5323 2608 5394 primam
2639 5319 2692 5376 in
2719 5318 2976 5374 Joannem
2999 5355 3014 5383 ,
3049 5313 3312 5370 liomiliam
3341 5311 3566 5383 denique

331 5439 764 5525 septpagesimam
791 5439 856 5494 ad
886 5436 1131 5516 populum
1157 5427 1567 5493 Antioclieuum,
1592 5434 1692 5481 etc.

1824 5605 1897 5627 »ζὴ-κ

1824 5627 1840 5649 L
1855 5625 1885 5649 2'1;

1903 5552 2112 5655 δειλὲ
