4088 6202
479 254 615 313 1167

476 368 842 441 plangendus;
894 367 987 424 sed
1037 367 1421 441 desiderandus
1471 381 1592 441 eum
1651 366 2049 441 moderatione,

480 439 869 497 cumsciamus
911 454 1009 493 nos
1047 441 1190 509 ipsos
1218 440 1588 495 accedentibus
1614 439 1940 508 temporibus
1968 455 2056 496 sc-

478 520 719 567 θυῑυτοε.

553 580 724 650 Terge
765 579 924 647 igitur
964 580 1227 650 lacrymas
1248 622 1262 645 ,
1295 581 1586 636 intermitte
1614 580 1839 648 suspiria
1859 622 1872 645 ,
1905 595 2053 634 com-

483 665 641 721 pesce
669 653 894 720 gemitus
914 692 929 721 ,
962 665 994 705 o
1027 651 1227 713 fidelis;
1271 660 1325 705 et
1354 667 1449 720 pro
1488 652 1583 705 hac
1615 651 1824 705 tristitia
1854 651 2054 704 saluta-

479 720 592 778 rem
647 721 790 775 illam
846 720 1003 775 indue
1058 721 1362 784 tristitiam,
1424 722 1602 790 utique
1655 736 1811 790 quam
1868 720 2054 774 beatus

479 790 768 860 Apostolus
801 790 1092 845 secundum
1120 791 1284 845 Deum
1316 806 1434 846 esse
1463 792 1807 854 memoravit,
1836 807 1951 859 quae
1973 804 2057 844 sa-

475 861 639 917 lutem
671 861 913 931 stabilem
943 861 1081 915 solet
1103 862 1310 929 operari
1334 861 1410 931 (ll
1447 860 1563 913 Cor.
1590 860 1814 931 vn,lO)
1839 875 1852 923 ;
1877 862 2057 929 utique

477 930 843 1003 paenitentiam
886 930 1174 1003 facinorum
1213 932 1649 1003 commissorum.
1682 930 1932 1003 Scrutare
1963 945 2053 1003 ρετ

473 1001 594 1057 ctus
618 1009 790 1063 tuum,
820 1002 1086 1070 prepriam
1114 1001 1446 1070 interrogans
1474 1001 1853 1056 conscientiam
1879 1042 1893 1066 ,
1924 1010 1979 1055 et
2007 1001 2052 1054 si

477 1070 721 1127 invenias
753 1070 950 1139 aliquid
982 1070 1341 1139 paenitendum
1371 1073 1387 1138 (
1415 1072 1654 1125 invenies
1694 1080 1868 1124 autem
1895 1112 1908 1130 ,
1937 1085 2054 1124 cum

474 1144 551 1198 sis
590 1140 826 1210 homo);
859 1140 1007 1195 trahe
1036 1142 1262 1209 suspiria
1294 1141 1345 1193 in
1385 1139 1752 1210 confessione,
1784 1140 1943 1194 funde
1974 1140 2057 1193 la-

474 1226 687 1284 crymas
710 1209 1058 1284 inoratione,
1082 1210 1488 1284 estosollicitus
1510 1209 1577 1265 de
1603 1220 1773 1264 morte
1800 1209 1885 1284 illa
1909 1224 2052 1284 vera,

474 1280 553 1338 de'
572 1296 725 1351 poena
753 1281 963 1344 animas,
998 1289 1116 1336 esto
1144 1280 1401 1334 sollicitus
1432 1280 1497 1333 de
1528 1289 1765 1348 peccato,
1794 1280 1931 1333 sicut
1959 1280 2058 1333 Da-

472 1350 583 1407 vid
608 1351 738 1405 dicit
766 1369 779 1404 :
815 1351 1065 1417 Quoniam
1108 1350 1446 1420 iniquitatem_
1467 1366 1628 1403 meam
1674 1350 1944 1420 pronuntio
1966 1392 1979 1415 ,
2009 1358 2057 1403 et

472 1423 721 1477 sollicitus
746 1438 829 1475 ero
868 1437 959 1489 pro
986 1418 1203 1489 peccato
1229 1437 1336 1474 meo
1370 1422 1388 1490 (
1414 1418 1557 1474 Psal.
1589 1418 1768 1474 κιαι-ιι
1791 1462 1805 1485 ,
1832 1419 1898 1474 19
1921 1420 1974 1489 );
2004 1430 2059 1473 et

475 1508 584 1547 non
614 1491 680 1545 de
705 1492 944 1560 corporis
972 1491 1128 1561 hujus
1151 1491 1427 1559 temporali
1447 1490 1793 1544 dissolutione
1822 1490 2058 1544 terrebe-

477 1563 575 1629 ris,
603 1561 742 1631 quod
774 1576 869 1615 suo
895 1560 1136 1630 tempere
1162 1560 1214 1615 in
1243 1561 1431 1615 melius
1460 1561 1566 1614 Deo
1590 1561 1812 1629 jnbente
1839 1573 2056 1631 repara-

476 1628 642 1688 bitur'.
667 1632 796 1687 Vide
819 1628 1267 1700 quemadmodum
1289 1642 1571 1699 utrumque
1596 1628 1857 1685 Sententia
1880 1628 2058 1683 divina

471 1704 748 1771 complexa
771 1711 870 1762 est,
898 1701 1082 1756 dicens
1108 1720 1119 1753 :
1156 1700 1301 1755 Venit
1326 1702 1452 1755 hora
1475 1717 1587 1753 cum
1612 1701 1799 1754 mortui
1826 1701 1911 1770 qui
1937 1707 2055 1753 sunt

472 1777 527 1827 in
551 1773 884 1841 monumentis
903 1781 1184 1841 resurgant.
1206 1772 1341 1825 Ecce
1368 1771 1646 1841 securitas,
1671 1784 1795 1824 ecce
1816 1778 2059 1841 contem-

473 1851 598 1912 ptus
627 1842 831 1895 mortis.
861 1839 962 1895 Sed
990 1839 1115 1910 quid
1146 1842 1421 1911 sequitur?
1447 1840 1545 1912 Qui
1574 1840 1704 1893 bona
1732 1842 1975 1911 fecerunt,
2006 1839 2059 1892 in

473 1911 888 1981 resurrectionem
916 1912 1061 1981 vine;
1086 1912 1171 1978 qui
1196 1920 1361 1981 autem
1382 1911 1519 1981 mala
1546 1920 1771 1981 egerunt,
1795 1912 1852 1981 in
1878 1925 2051 1981 resur-

474 1983 747 2036 rectionem
783 1980 965 2047 judirii
992 1980 1184 2049 (Joan.
1214 1996 1266 2044 ν,
1294 1980 1397 2044 28,
1437 1979 1547 2049 29)
1574 1979 1736 2034 {ecce
1777 1979 2061 2032 diversitas

478 2050 889 2119 resurgentium.
938 2049 1163 2103 Omnem
1203 2050 1417 2119 quidem
1457 2064 1677 2103 necesse
1716 2058 1799 2103 est
1840 2063 2058 2119 carnem

473 2118 760 2191 resurgere
782 2120 1043 2191 duntaxat
1065 2120 1346 2191 humanam
1372 2136 1385 2172 :
1415 2119 1509 2173 sed
1530 2119 1708 2191 bonus
1729 2128 1972 2191 resurget
1993 2118 2059 2171 ad

474 2189 662 2272 vitam,
690 2190 861 2245 malus
884 2200 1125 2272 resurget
1144 2190 1217 2272 ad
1234 2204 1469 2272 poenam,
1496 2189 1638 2244 sicut
1663 2189 1917 2257 scriptum
1940 2197 2055 2270 est:

474 2259 604 2317 Ideo
627 2277 728 2315 non
753 2269 1012 2330 resurgent
1040 2258 1180 2331 impii
1198 2258 1256 2331 in
1272 2260 1494 2331 judicio,
1518 2276 1674 2326 neque
1696 2258 2059 2331 peccatoresin

472 2331 689 2387 concilio
713 2332 730 2363 ³
747 2327 1009 2401 justorum
1034 2330 1052 2401 (
1081 2327 1222 2384 Psal.
1255 2327 1292 2402 If,
1317 2330 1412 2402 5).
1446 2329 1515 2385 Ut
1547 2344 1675 2402 ergo
1698 2327 1886 2402 nonin
1911 2327 2057 2402 judi-

472 2403 614 2459 cium
655 2399 1051 2470 resurgamus,
1075 2399 1379 2455 intermissa
1416 2401 1605 2454 mortis
1651 2400 1860 2454 tristitia
1889 2399 2058 2470 illam

475 2469 842 2544 pmniteutiatn
877 2480 931 2524 et
956 2471 1225 2544 tristitiam
1255 2485 1527 2544 sumamus
1548 2512 1561 2534 ,
1595 2480 1648 2524 et
1672 2486 1854 2544 curam
1869 2469 2058 2544 bono-

472 2540 591 2599 i'um
621 2556 843 2611 operum
868 2555 932 2596 ac
954 2541 1075 2594 vita:
1105 2541 1344 2595 melioris
1366 2540 1678 2605 habeamus,
1701 2551 1756 2595 et
1777 2541 1842 2593 ad
1868 2540 1967 2611 hoc
1991 2540 2060 2592 sit

474 2610 921 2683 nobisfcogitatio
970 2610 1124 2683 hujus
1172 2611 1373 2665 funeris
1420 2620 1474 2665 et
1499 2612 1807 2683 cadaveris,
1839 2610 2059 2683 ut'nos

1940 246 2300 312 APPENDIX.

3647 247 3789 312 “68

2159 372 2381 426 salutem
2408 377 2668 433 nostram,
2699 368 2826 425 dum
2856 376 3068 438 tempus
3098 375 3197 432 est,
3226 366 3351 425 dum
3384 368 3557 435 licet,
3598 372 3778 425 mini-

2158 458 2244 496 me
2270 442 2595 512 negligamus
2620 459 2632 494 :
2660 440 2868 512 scilicet
2890 448 2979 493 aut
3006 438 3388 495 fructificantes
3419 441 3477 495 in
3513 443 3763 507 melius,

2156 522 2249 567 aut
2276 510 2619 581 emendantes
2656 511 2699 564 si
2750 510 3058 580 ignorantes
3085 511 3379 565 erravimus
3411 529 3423 563 :
3456 527 3534 567 ne
3575 514 3768 568 subito
3804 540 3817 581 ε

2160 583 2507 651 prmoccupati
2538 580 2624 635 die
2651 582 2858 644 mortis,
2888 595 3192 649 quaeramus
3216 582 3446 650 spatium
3474 584 3765 651 paeniten-

2159 651 2267 719 tiae,
2296 661 2348 707 et
2377 667 2480 706 non
2509 651 2750 724 invenire
2766 652 3082 724 possimus;
3106 665 3411 724 quieramus
3437 651 3767 724 eleentosy-

2160 738 2255 776 nas
2281 737 2519 792 erogare,
2543 730 2604 793 et
2628 719 2939 776 satisfacere
2964 734 3061 791 pro
3090 720 3320 787 delictis,
3347 736 3447 777 nec
3479 722 3638 793 quod
3670 719 3768 780 vo—

2161 793 2333 846 lumus
2358 792 2697 846 concedatur.

2229 861 2452 918 Ostensa
2473 862 2650 931 igitur,
2683 859 2907 925 fratres,
2941 860 3127 916 mortis
3153 862 3453 917 communis
3477 864 3766 928 hostem:

2160 933 2511 1002 lacrymarum
2545 931 2944 1002 interdictione,
2975 940 3267 1002 monstrata
3299 942 3548 988 veterum
3576 934 3763 989 adhuc

2160 1000 2446 1072 fragilitate
2483 1010 2538 1057 et
2577 1016 2681 1056 non
2710 1000 3126 1056 Christianitatis
3166 1001 3363 1072 virtute
3388 1046 3404 1067 ,
3445 1014 3762 1059 monstrato

2162 1071 2369 1127 Domini
2399 1080 2733 1127 sacramento
2760 1081 2813 1126 et
2841 1072 3215 1140 Apostolorum
3245 1071 3314 1127 de
3345 1076 3761 1131 resurrectione

2160 1142 2481 1199 documento
2500 1184 2515 1208 ,
2547 1142 2979 1196 commemoratis
3008 1142 3383 1209 Apostolorum
3413 1143 3635 1200 actibus
3656 1187 3672 1206 ,
3706 1155 3759 1200 et

2161 1224 2450 1284 martyrum
2477 1212 2828 1284 passionibus,
2858 1220 3077 1284 ostenso
3099 1222 3353 1284 prteterea
3383 1213 3553 1284 David
3574 1230 3761 1270 exem-

2160 1281 2381 1353 plo,'et
2419 1282 2633 1354 gentilis
2677 1281 2908 1354 hominis
2950 1281 3374 1354 insuperlacto,
3407 1283 3473 1337 ad
3503 1285 3760 1341 ultimum

2161 1351 2405 1422 exposita
2428 1351 2486 1408 et
2516 1353 2670 1407 noxia
2694 1361 2749 1407 et
2774 1352 2897 1422 utili
2918 1351 3153 1422 tristitia,
3183 1352 3266 1405 illa
3296 1369 3417 1420 qua:
3443 1365 3632 1419 nocet,
3659 1356 3761 1410 ista

2160 1420 2279 1491 quin
2307 1439 2400 1492 per
2428 1423 2793 1493 paenitentiam
2824 1420 2999 1493 salvat
3021 1439 3044 1493 Δε
3080 1421 3162 1475 his
3189 1424 3437 1493 omnibus
3463 1425 3547 1480 sic
3574 1436 3763 1481 osten-

2161 1490 2252 1555 sis,
2283 1490 2404 1562 quid
2430 1490 2532 1547 nos
2562 1491 2735 1565 facere
2761 1492 2869 1565 jam
2894 1490 3045 1565 aliud
3068 1492 3521 1565 Oportet_.glratres
3543 1537 3560 1558 ,
3593 1512 3759 1565 quam

2160 1560 2356 1632 gratias
2396 1573 2612 1633 agentes
2654 1560 2771 1616 Deo
2811 1561 3214 1633 Patri_diccrc,
3254 1560 3369 1615 Fiat
3399 1560 3644 1618 voluntas
3670 1576 3763 1620 tua

2161 1629 2289 1686 sicut
2317 1636 2369 1687 in
2399 1629 2522 1687 cado
2553 1643 2598 1686 et
2628 1633 2680 1686 in
2717 1643 2850 1685 terra
2894 1630 2913 1702 (
2936 1629 3123 1684 Matth.
3157 1647 3208 1685 Vl
3227 1674 3242 1703 ,
3280 1634 3344 1703 10
3370 1632 3387 1703 )
3420 1651 3434 1685 :
3471 1643 3523 1687 tu
3548 1634 3757 1692 dedisti

2163 1703 2362 1770 vitam,
2396 1714 2452 1757 tu
2481 1703 2800 1758 constituisti
2831 1713 3089 1768 mortem;
3136 1711 3190 1756 tu
3232 1702 3438 1758 inducis
3478 1705 3531 1759 in
3577 1721 3760 1761 saecu-

2164 1773 2271 1827 lum
2292 1815 2307 1838 ,
2339 1783 2394 1828 tu
2422 1773 2602 1827 educis
2628 1773 2695 1827 de
2735 1772 2930 1827 smculo
2948 1813 2963 1837 ,
3007 1780 3061 1828 et
3097 1787 3218 1826 cum
3247 1772 3502 1828 eduxeris
3525 1789 3755 1839 servas;

2163 1844 2295 1897 nihil
2335 1844 2483 1916 enim
2520 1843 2996 1916 deperitiuorum,
3027 1842 3117 1916 qui
3137 1844 3523 1916 Anec‘capillum
3548 1848 3753 1916 capitis

2162 1928 2345 1986 eorum
2376 1913 2548 1983 perire
2578 1913 2758 1986 dixisti
2779 1913 2927 1986 (Luc.
2953 1927 3062 1986 xxi,
3100 1912 3208 1984 18).
3232 1912 3444 1983 Auferes
3469 1912 3752 1986 cnim-spi-

2162 1984 2316 2037 ritum
2348 1982 2539 2044 corum,
2572 1993 2617 2036 et
2646 1982 2879 2050 de/icient
2898 2023 2911 2045 ,
2943 1991 2989 2036 et
3015 1983 3069 2036 in
3100 1982 3285 2036 terram
3313 2001 3461 2038 suam
3488 1982 3747 2041 reverten-

2166 2063 2276 2118 tur;
2306 2054 2398 2110 sed
2436 2055 2626 2107 emittes
2663 2054 2894 2122 spiritum
2924 2061 3069 2105 tuum
3096 2062 3142 2105 et
3171 2055 3496 2118 creabantur,
3519 2065 3568 2109 et
3597 2073 3745 2111 reno-

2160 2125 2300 2194 nabis
2340 2124 2519 2194 faciem
2564 2133 2709 2194 lt?er
2738 2124 2755 2194 (
2786 2121 2927 2194 Psal.
2953 2137 3078 2189 cm,
3101 2122 3192 2194 29,
3217 2123 3287 2194 30
3307 2123 3368 2194 )?
3393 2124 3519 2180 Haec
3546 2128 3711 2182 verba
3732 2169 3751 2194 ,

2166 2192 2374 2260 fratres,
2404 2195 2560 2262 digna
2592 2192 2868 2258 ﬁdelibus,
2899 2192 3014 2247 haec
3041 2192 3315 2248 medicina
3331 2195 3617 2251 salutaris:
3650 2192 3754 2253 hac

2164 2265 2382 2333 spongia
2425 2263 2804 2319 consolationis
2848 2262 3094 2317 detersus
3135 2263 3354 2327 oculus,
3390 2264 3493 2321 hoc
3537 2266 3751 2322 infusus

2163 2336 2382 2407 collyrio
2420 2333 2641 2407 rationis
2664 2375 2678 2398 ,
2712 2349 2816 2407 non
2849 2333 3007 2407 modo
3049 2336 3344 2407 czecitatem
3383 2350 3446 2407 es
3493 2336 3752 2406 desperao

2165 2403 2307 2459 tione
2334 2421 2437 2459 non
2464 2406 2677 2469 sentiet,
2709 2403 2802 2458 sed
2830 2417 2930 2458 nec
2955 2403 3127 2474 lippes
3156 2404 3359 2474 aliquas
3386 2403 3618 2462 tristitia:
3641 2422 3755 2462 sus-

2166 2475 2386 2539 tinebit;
2448 2475 2575 2544 quin
2622 2474 2799 2542 potius
2848 2472 3047 2544 oculis
3095 2472 3274 2529 cordis
3330 2475 3505 2530 lucida
3556 2488 3756 2532 cuncta

2165 2542 2481 2614 respiciens,
2505 2542 2955 2614 dicetisecundum
2982 2543 3425 2612 patientissimum
3447 2546 3595 2600 illum
3616 2547 3749 2611 Job,

2165 2613 2416 2668 Dominus
2441 2616 2576 2666 dedit
2595 2657 2607 2675 ,
2639 2613 2880 2667 Dominus
2916 2614 3155 2680 abstulit;
3179 2615 3309 2668 sicut
3340 2614 3545 2669 Domino
3575 2619 3755 2671 visum

4066 2354 4070 2479 ι

472 2682 726 2740 mortales
744 2679 876 2737 esse
918 2681 1222 2736 noverimus
1244 2722 1259 2747 ,
1302 2690 1357 2735 et
1383 2695 1477 2750 per
1501 2680 1637 2735 hanc
1662 2679 2057 2750 cogitationem,

537 2817 558 2909 ;
590 2815 1015 2926 aut‘scribitur,
1043 2812 1256 2864 consilio.

663 2912 695 2936 .,
719 2912 782 2926 υ..

547 2960 626 3016 Eo
652 2959 753 3016 loci
780 2959 973 3029 legitur
997 2959 1134 3029 apud
1169 2958 1269 3012 PP.
1302 2958 1671 3015 Benedictinos
1701 2974 1714 3011 :
1754 2978 1773 3011 ‹
1804 2958 2015 3013 Excuso
2051 2957 2172 3029 jam
2180 2952 2462 3029 superiore
2491 2951 2653 3029 folio,
2683 2952 2826 3006 venit
2858 2952 2918 3029 in_
2942 2967 3131 3029 manus
3158 2963 3369 3029 nostras
3399 2956 3754 3029 Remigianus

473 3031 667 3096 codex,
699 3022 958 3086 annorum
987 3022 1100 3085 fere
1127 3029 1250 3091 800,
1281 3030 1561 3085 continens
1593 3030 1819 3097 primum
1848 3045 1913 3084 ex
1941 3022 2281 3098 sermonibus
2309 3023 2733 3098 praecedentibus
2755 3037 2875 3077 cum
2903 3022 3071 3080 hocce
3097 3025 3252 3080 titulo
3284 3042 3298 3079 :
3329 3023 3520 3098 Incipit
3550 3022 3748 3085 libellus

479 3102 547 3156 de
573 3092 919 3159 consolatione
938 3101 1113 3155 mortis
1139 3100 1302 3154 sancti
1324 3100 1543 3156 Joannis
1567 3092 2124 3171 ConstantinOpolitani
2149 3092 2389 3168 episcopi.
2431 3113 2450 3146 ι
2570 3092 2639 3146 Μ.

1946 3244 2056 3305 DM

997 3348 1066 3403 IN
1105 3346 1527 3404 TRACTATUM
1566 3346 1654 3402 DE
1693 3245 2056 3401 RECTléUDl

2169 3238 2602 3395 lgigilOLlCzE
2638 3336 3251 3396 CONVERSATIONIS.

547 3462 737 3516 Exstat
764 3461 863 3514 iste
889 3467 1145 3514 tractatus
1173 3460 1225 3513 in
1252 3459 1390 3513 libro
1412 3458 1646 3514 secundo
1674 3457 1811 3513 Vitae
1838 3456 1896 3513 S.
1928 3456 2081 3527 Eligii
2121 3453 2355 3524 episcopi
2385 3451 2754 3508 Noviomensis
2776 3495 2791 3521 ,
2837 3468 2954 3524 cap.
2986 3455 3055 3510 15
3078 3496 3094 3520 ,
3124 3454 3382 3511 collectus
3406 3457 3659 3515 nimirum
3685 3471 3751 3513 ac

469 3550 772 3619 descriptus
800 3562 961 3619 Opera
1010 3548 1246 3603 Andoeni
1278 3547 1410 3603 Vitae
1431 3548 1668 3619 ejusdem
1698 3548 1960 3611 auctoris,
1991 3545 2081 3615 qui
2108 3544 2331 3615 piissimi
2359 3544 2602 3612 prmsulis
2631 3546 2832 3600 monita
2856 3544 2922 3601 ad
2964 3546 3178 3616 plebem
3236 3563 3388 3603 suam
3433 3549 3748 3619 quotidiana

469 3653 526 3700 et
553 3641 815 3714 praecipua
840 3642 1295 3711 comprehendere
1326 3642 1426 3697 hoc
1448 3656 1695 3697 sermone
1720 3641 1939 3696 studuit.
1966 3639 2155 3693 Diebus
2180 3654 2395 3709 namque
2418 3638 2653 3708 singulis,
2679 3639 2748 3691 ait
2774 3639 3067 3707 Audoenus,
3090 3641 3284 3710 plebem
3313 3643 3409 3698 sibi
3428 3645 3752 3700 commissam

470 3734 853 3806 infatigabiliter
877 3733 1185 3788 salutaribus
1230 3734 1434 3787 monitis
1460 3733 1938 3787 exhortabatur.....
1977 3730 2115 3784 Nam
2143 3730 2365 3787 collectis
2404 3728 2624 3799 undique
2662 3729 2730 3783 ad
2759 3730 3017 3786 ecclesiam
3047 3733 3203 3789 turbis
3247 3734 3406 3789 multa
3451 3738 3652 3806 quidem
3704 3745 3753 3792 et

469 3844 655 3900 magna
684 3826 892 3880 breviter
942 3826 993 3880 in
1022 3842 1249 3881 sermone
1274 3826 1535 3897 complexa
1559 3869 1573 3890 ,
1599 3825 1685 3879 sed
1712 3826 1763 3879 in
1790 3825 2125 3894 aediﬁcatione
2160 3822 2491 3894 spiritualiter
2514 3822 2717 3891 copiosa
2735 3863 2752 3889 ,
2795 3839 2908 3877 cum
2938 3826 3233 3897 praphetica
3274 3827 3469 3895 ﬁducia
3513 3831 3753 3885 cultam

469 3936 656 3982 vocem,
681 3918 1025 3989 hujuscemodi
1054 3918 1121 3971 ad
1164 3933 1246 3972 eos
1278 3917 1563 3989 proferebat
1591 3916 1781 3971 monita
1809 3932 1827 3969 :
1854 3916 1998 3987 Rogo
2024 3930 2111 3970 vos
2135 3954 2151 3979 ,
2180 3917 2361 3984 fratres
2385 3912 2673 3966 cltarissimi
2691 3953 2706 3980 ,
2731 3922 2778 3966 et
2806 3929 2920 3967 cum
2940 3916 3123 3986 grandi
3151 3917 3438 3973 humilitate
3467 3920 3739 3985 admoneo,

471 4020 565 4066 etc.
593 4012 963 4080 Repraesentat
989 4008 1112 4064 illuc
1138 4009 1425 4063 Audoenus
1450 4022 1752 4064 sermonem
1782 4007 2068 4077 integrum,
2101 4020 2273 4076 eoque
2297 4004 2445 4059 finito
2465 4004 2676 4069 subjicit
2707 4022 2719 4058 :
2755 4004 2880 4059 Htec
2904 4010 3193 4063 summatim
3219 4010 3283 4064 de
3309 4012 3437 4065 tanti
3462 4012 3553 4066 viri
3591 4012 3750 4083 fami-

472 4103 682 4157 liaribus
713 4100 911 4154 monitis
939 4099 1192 4167 hucusque
1242 4114 1481 4152 narrasse
1508 4097 1754 4168 sufficiat;
1782 4113 1895 4166 qua:
1920 4098 2005 4150 ille
2043 4096 2133 4151 etsi
2161 4111 2261 4150 non
2299 4093 2390 4148 sub
2420 4094 2571 4148 unius
2611 4092 2711 4147 diei
2753 4094 2967 4149 articulo
3012 4115 3074 4151 ea;
3110 4098 3289 4152 ordine
3326 4109 3380 4153 ut
3404 4101 3602 4170 digesta
3628 4111 3753 4157 sunt

474 4192 816 4267 percurrebat,
850 4192 1056 4245 diversis
1087 4199 1251 4244 tamen
1293 4191 1598 4258 temporibus
1620 4189 1913 4259 hujusmodi
1939 4204 2133 4257 semper
2158 4196 2414 4259 prcecepta
2441 4184 2643 4255 populis
2680 4186 2964 4241 intimabat.
2991 4188 3237 4244 Concinit
3266 4198 3421 4245 vetus
3448 4192 3618 4245 codex
3646 4206 3749 4246 no-

472 4294 588 4341 ster
615 4280 991 4339 Germanensis
1015 4320 1028 4343 ,
1060 4278 1152 4350 qui
1183 4278 1324 4333 hunc
1371 4280 1542 4348 ipsum
1572 4288 1853 4332 tractatum
1898 4279 2121 4333 seorsim
2171 4279 2240 4333 ab
2284 4275 2435 4346 Eligii
2467 4274 2581 4329 Vita
2619 4275 2874 4345 scriptum
2912 4279 3128 4335 exhibet
3171 4295 3291 4335 cum
3330 4280 3497 4337 hocce
3551 4283 3703 4338 titulo
3730 4302 3749 4339 :

472 4374 736 4444 Incipiunt
776 4387 1027 4439 sermones
1077 4354 1207 4425 beati
1240 4370 1423 4442 Eligii,
1452 4386 1577 4440 quos
1605 4385 1719 4423 cum
1744 4386 1940 4424 summa
1987 4369 2154 4424 studio
2181 4369 2311 4441 plebi
2357 4367 2640 4439 proferebat
2681 4369 3151 4441 exlocupletissimo
3176 4374 3345 4428 cordis
3384 4375 3635 4429 thesauro.
3664 4376 3749 4430 Ea

476 4478 654 4524 tamen
680 4480 799 4536 quas
824 4464 893 4519 ibi
926 4462 1124 4534 profert
1167 4462 1400 4533 Eligius,
1433 4462 1597 4517 traxit
1621 4476 1755 4532 pene
1781 4461 1956 4517 omnia
1988 4475 2051 4516 ex
2079 4459 2395 4515 Cmsarianis
2430 4458 2807 4524 Sermonibus,
2838 4461 2928 4531 qui
2955 4477 3051 4532 per
3082 4462 3309 4518 Galliam
3350 4464 3648 4518 universam
3687 4474 3751 4519 et

473 4577 571 4632 per
596 4557 875 4628 Hispanias
902 4565 1220 4627 procurante
1242 4554 1471 4610 Caesarie
1502 4553 1599 4626 (uti
1620 4569 1649 4607 a
1676 4554 1831 4608 nobis
1875 4553 2007 4607 alias
2032 4551 2371 4607 observatum
2394 4548 2513 4621 fuit)
2551 4552 2601 4603 in
2631 4550 2873 4605 ecclesiis
2918 4552 3312 4608 lectitabantur.
3359 4553 3452 4608 Adi
3482 4554 3617 4608 tomi
3653 4571 3750 4609 su-

472 4651 700 4726 perioris
722 4648 1106 4720 Appendicem,
1140 4657 1192 4703 et
1215 4645 1402 4702 confer
1427 4660 1701 4700 sermones
1724 4644 1796 4700 29
1819 4686 1833 4710 ,
1864 4643 1954 4709 78,
1982 4644 2056 4698 ill

2170 4642 2256 4709 16,
2281 4643 2405 4709 141,
2422 4640 2687 4707 ἳ10,“2ι19,
2706 4639 2831 4707 258,
2856 4641 2980 4707 265,
3003 4642 3129 4707 266,
3159 4644 3287 4707 273,
3318 4645 3444 4710 275,
3468 4644 3595 4711 277,
3614 4646 3743 4713 278,

476 4741 604 4810 279,
631 4736 758 4806 289,
788 4748 892 4794 etc.
927 4738 984 4792 In
1010 4738 1116 4792 illis
1141 4747 1193 4792 et
1222 4736 1332 4805 ipsa
1358 4735 1509 4806 Eligii
1542 4735 1704 4790 verba
1737 4733 1974 4803 reperies
1993 4774 2009 4800 ,
2040 4741 2092 4788 et
2122 4732 2267 4786 locos
2296 4730 2551 4802 quosdam
2585 4729 2790 4800 planius
2815 4748 2971 4803 quam
3000 4734 3155 4790 isthic
3180 4736 3492 4806 explicatos.
3524 4738 3603 4792 Ex
3629 4754 3749 4793 ser-

2164 2695 2261 2759 est2
2282 2687 2365 2759 ita
2385 2684 2671 2759 factum_est
2694 2699 2712 2735 :
2731 2685 2809 2759 sit_
2822 2700 3000 2737 nomen
3026 2682 3235 2759 Domini
3266 2685 3572 2740 benedictum
3593 2685 3618 2759 (
3644 2686 3756 2742 Job

2166 2773 2205 2821 ι,
2234 2755 2325 2825 2t)
2355 2757 2405 2809 in
2433 2754 2625 2809 szecula
2652 2754 2990 2809 saeculorum.
3022 2754 3215 2810 Amen.

2236 2869 2253 2900 ι
2289 2873 2431 2917 Forte
2451 2866 2759 2916 addendum:
2785 2871 2931 2926 sorte,
2963 2865 3066 2927 vel,
3089 2865 3377 2920 conditione.

478 4850 659 4901 mone,
688 4831 833 4889 verbi
860 4832 1050 4903 gratia,
1083 4830 1206 4894 l29,
1235 4846 1289 4883 n.
1315 4829 1371 4893 2,
1402 4837 1458 4884 et
1494 4844 1559 4883 ex
1606 4828 1707 4883 150
1728 4869 1742 4893 ,
1776 4844 1830 4882 n.
1865 4828 1891 4882 1
1922 4837 1975 4880 et
1998 4825 2054 4892 2,
2087 4825 2353 4894 intelliges
2378 4823 2523 4894 quod
2550 4823 2636 4879 hic
2660 4866 2675 4890 ,
2701 4842 2754 4879 η.
2784 4826 2818 4880 5
2837 4867 2852 4892 ,
2883 4827 3093 4896 legitur,
3125 4828 3318 4884 Nullus
3337 4832 3530 4886 vetulas
3553 4831 3703 4903 faciat
3730 4847 3751 4885 :

475 4931 566 4989 ubi
609 4927 839 4986 lacubus
881 4924 1195 4981 Sirmondus
1244 4922 1461 4993 perinde
1486 4930 1643 4991 atque
1670 4920 1721 4974 in
1766 4920 1993 4975 concilio
2040 4917 2522 4984 Antissiudorensi,
2569 4916 2907 4972 scribendum
2959 4920 3140 4974 vitulus
3184 4922 3420 4991 putabat.
3455 4922 3583 4977 Item
3612 4923 3751 4977 hanc

476 5027 633 5099 Eligii
661 5023 975 5081 sententiam
1007 5035 1061 5073 η.
1090 5016 1140 5081 9,
1170 5015 1268 5082 Qui
1291 5026 1406 5069 ante
1426 5014 1672 5084 legitimas
1698 5013 1902 5083 nuptias
1943 5010 2270 5066 concubinam
2303 5009 2482 5062 habere
2506 5011 2794 5079 prtesumit,
2825 5013 2967 5081 pejus
2995 5022 3202 5081 peccat,
3228 5030 3384 5084 quam
3424 5015 3508 5085 qui
3540 5014 3748 5070 adulte-

472 5120 607 5174 rium
637 5113 931 5177 committit,
960 5111 1036 5166 sic
1064 5106 1447 5177 accipiendam,
1482 5115 1537 5160 ut
1561 5105 1712 5175 pejus
1738 5119 1959 5174 peccare
1989 5104 2076 5159 ille
2120 5119 2225 5157 non
2252 5102 2322 5157 ob
2348 5101 2491 5156 aliud
2536 5102 2889 5169 existimetur,
2934 5105 3033 5159 nisi
3059 5105 3179 5173 quia
3219 5106 3384 5176 ipsius
3408 5106 3601 5163 factum
3630 5122 3754 5178 per-

474 5210 776 5268 niciosioris
803 5202 1033 5274 exempli
1056 5210 1135 5257 est
1157 5241 1172 5266 ,
1200 5198 1375 5255 disces
1401 5214 1466 5252 ex
1514 5195 1748 5266 ejusdem
1795 5194 2117 5265 Appendicis
2146 5208 2393 5249 sermone
2437 5191 2545 5247 288
2566 5233 2582 5259 ,
2612 5208 2664 5247 η.
2696 5193 2750 5258 5,
2782 5201 2836 5248 et
2858 5208 2925 5249 ex
2948 5192 3054 5250 289
3079 5236 3093 5260 ,
3127 5210 3183 5249 η.
3211 5195 3245 5250 4
3266 5235 3282 5260 ,
3305 5195 3397 5251 ubi
3423 5194 3563 5253 hanc
3592 5196 3746 5252 istius

474 5304 757 5361 sententiae
784 5300 1044 5357 rationem
1068 5294 1223 5350 affert
1248 5290 1512 5347 Ctesarius
1534 5330 1549 5356 ,
1585 5289 1718 5357 Quia
1740 5289 1824 5359 qui
1846 5287 2096 5342 adulterat
2120 5329 2134 5349 ,
2163 5287 2329 5341 adhuc
2360 5295 2462 5339 tam
2488 5303 2638 5357 grave
2673 5286 2863 5340 malum
2888 5297 3072 5342 secrete
3092 5288 3196 5342 vult
3233 5304 3499 5359 agere...”
3523 5289 3609 5345 ξιιε
3633 5305 3750 5346 νοω

477 5399 565 5471 qui
590 5396 787 5471 publice
824 5391 1156 5449 concubinam
1196 5385 1378 5440 habere
1406 5383 1731 5439 voluerit.....
1758 5398 1865 5438 rem
1892 5381 2246 5436 exsecrabilem
2273 5389 2374 5435 toto
2403 5381 2591 5452 populo
2630 5379 2825 5435 vidente
2868 5380 3071 5437 licenter
3096 5399 3150 5438 se
3169 5393 3314 5465 putat
3340 5384 3624 5440 admittere.
3656 5383 3749 5442 Sic

475 5506 672 5562 nempe
693 5489 814 5547 aliis
830 5484 1036 5558 praebet
1059 5480 1396 5538 occasionem
1425 5475 1636 5535 errandi
1655 5482 1753 5544 ,θυι
1776 5474 1991 5545 impune
2021 5474 2183 5530 licere
2212 5472 2263 5527 id
2289 5471 2528 5528 credant.
2560 5471 2691 5527 Nam
2731 5482 2934 5543 peccata
2958 5516 2973 5540 ,
3000 5475 3076 5529 uti
3101 5475 3178 5531 ait
3202 5476 3528 5547 Augustinus
3547 5476 3602 5533 in
3630 5475 3748 5533 En-

474 5582 703 5640 cbiridio
746 5595 865 5653 cap.
914 5578 983 5636 80
1003 5620 1017 5649 ,
1045 5573 1274 5650 quamvis
1306 5586 1491 5645 magna
1526 5580 1572 5625 et
1610 5567 1891 5634 horrenda,
1920 5582 2035 5623 cum
2062 5566 2115 5621 in
2162 5563 2576 5621 consuetudinem
2622 5564 2878 5633 venerint,
2900 5575 2988 5621 aut
3016 5583 3173 5638 parva
3211 5576 3300 5623 aut
3322 5566 3468 5624 nulla
3494 5583 3603 5626 esse
3626 5583 3743 5625 cre-

464 5673 685 5743 duntur.
952 5684 959 5685 ί
3587 5705 3595 5714 -
3720 5667 3733 5693 ³

4068 1994 4069 2081 ι

4067 2166 4069 2281 γ

4066 2354 4070 2479 ι

4067 2554 4070 2676 l

4067 2760 4069 2873 1
