4118 6194
269 358 411 421 “69

1065 364 1151 421 DE
1192 366 1645 423 REC'I‘ITUDINE
1682 366 2089 425 CATllOthle
2129 367 2738 423 CONVERSATIONIS.

3399 367 3540 427 1170

1374 571 1535 652 DE
1610 569 2415 653 RECTITUDINE
2562 673 2577 685 ,

515 741 1574 859 αΔτιιοιιαΕ
1660 743 3269 931 αοιιτνειιεινιειοιιιιε

1656 932 2146 999 TRACTATUS.

1655 1075 2155 1156 mw

271 1214 420 1286 Quod
461 1215 647 1286 praesul
689 1214 883 1285 plebem
920 1211 1110 1286 hortari
1139 1219 1380 1286 teneatur.
1412 1210 1612 1286 iudicii
1634 1213 1841 1286 dient_et

337 1281 587 1353 Baptismi
612 1281 725 1338 vota
762 1299 895 1354 stepe
920 1282 1164 1354 recolere.
1179 1281 1725 1354 Citristianip/ﬁcium.
1747 1282 1848 1339 Pia

339 1351 733 1423 prtescribuntur
760 1351 1014 1408 exercitia.
1045 1352 1319 1423 Christiani
1365 1369 1395 1405 a
1436 1351 1711 1423 Gentilium
1737 1356 1848 1408 riti-

338 1421 430 1479 bus
476 1426 806 1479 deterrentur.
838 1423 975 1477 Deus
1002 1422 1140 1476 solus
1183 1421 1441 1476 colendus.
1493 1422 1594 1476 Pia
1635 1425 1846 1478 monita.

337 1494 525 1550 Contra
551 1496 859 1549 ebrietatem.
888 1492 1077 1547 Contra
1097 1493 1489 1562 superstitiones.
1523 1494 1624 1560 Qui
1643 1495 1726 1548 die
1755 1496 1849 1549 do-
1878 1498 1881 1501 ’

337 1567 520 1619 minico
544 1576 592 1621 et
623 1567 675 1618 in
707 1565 926 1618 ecclesiis
954 1580 1008 1616 se
1031 1561 1226 1633 gerant.
1264 1561 1532 1617 Iudicibus
1558 1564 1678 1633 quid
1698 1581 1851 1633 ngen-

337 1637 480 1689 dum.
524 1636 686 1705 Signo
727 1636 888 1705 crucis
923 1636 1301 1705 frequentertse
1338 1634 1745 1705 inunire.AQuod
1771 1638 1851 1704 pie

336 1708 549 1760 viventes
575 1700 713 1760 iteret
762 1700 1142 1757 diabolus.Cur
1180 1703 1235 1755 id
1264 1705 1516 1772 permittat
1551 1703 1710 1757 Deus.
1737 1700 1848 1760 Sti-

338 1794 449 1846 pem
477 1774 780 1846 pauperibus
805 1789 1028 1846 erogare.
1062 1772 1296 1846 Decimus
1329 1772 1432 1826 Deo
1456 1775 1509 1827 in
1538 1776 1850 1846 pauperibus

335 1842 411 1900 uel
440 1842 680 1900 Ecclesiis
715 1847 854 1898 dare.
895 1842 1159 1911 Prascepta
1185 1842 1282 1896 Dei
1316 1842 1729 1898 servare.‘Mores
1753 1847 1850 1899 cito

336 1918 603 1987 corrigere.
655 1913 1174 1987 Inimicos_diligere.
1218 1912 1421 1987 ΑιιξηιαεΔ
1461 1930 1633 1987 curam
1678 1932 1847 1986 agere.

343 1986 442 2051 Qui
471 1982 845 2056 'jeitunundum.
904 1982 1224 2056 Lectionibus
1262 1983 1447 2056 divinis
1494 1982 1730 2056 animum
1760 2002 1851 2054 pa-

338 2050 502 2110 scere:
538 2054 725 2110 Contra
754 2054 1030 2107 luxuriam.
1080 2050 1469 2106 Concubinatus.
1513 2054 1737 2107 Crimina
1761 2050 1852 2107 ca-

338 2128 537 2197 pitalia.
571 2124 665 2178 I’ia
686 2125 751 2177 ad
770 2134 907 2197 recte
941 2123 1221 2197 uiuendum
1247 2123 1564 2197 documenta.
1602 2123 1850 2179 Pietatem

327 2192 548 2268 jamjam
599 2194 798 2268 sectari.
843 2194 885 2246 Α
916 2193 1119 2268 diabolo
1168 2192 1428 2268 dissidere.
1484 2192 1605 2268 Non
1646 2197 1845 2268 jurare.

342 2262 717 2333 Qui'orundum
760 2273 849 2316 aut
891 2262 1299 2335 colloquendum.
1347 2262 1847 2335 Scandalajngere.

338 2332 719 2390 Misericordem
747 2350 868 2387 esse.
890 2332 1165 2385 Charitatis
1196 2334 1585 2388 commendatio.
1617 2332 1850 2389 lloftatio

336 2408 403 2460 ad
441 2406 778 2476 paenitentiam
804 2445 817 2466 ,
842 2403 909 2456 ad
949 2403 1284 2476 vigilantiam.
1507 2404 1727 2476 Angelus
1754 2404 1851 2476 Dei

336 2472 512 2546 cuique
557 2478 640 2529 sit.
693 2475 866 2546 Quod_
887 2472 1015 2546 nulli
1057 2487 1279 2546 unquam
1323 2472 1710 2546 desperandum.
1767 2474 1845 2546 De

335 2542 531 2601 cautela
552 2547 603 2599 in
624 2545 802 2598 verbis.
829 2542 908 2596 De
935 2543 1198 2598 sobrietate
1221 2542 1486 2596 servanda.
1533 2543 1683 2610 Quod
1708 2545 1852 2599 nulla

335 2634 413 2671 res
452 2632 514 2671 e1:
545 2632 597 2671 se
636 2615 790 2668 mula.
824 2613 973 2681 Quod
999 2628 1247 2682 pauperes
1274 2613 1343 2665 ad
1362 2629 1586 2666 mensam
1614 2615 1845 2667 vocandi.

337 2687 519 2741 Mortis
560 2684 914 2740 consideratio.
962 2682 1095 2738 Vita:
1133 2691 1333 2736 (sternte
1371 2683 1606 2751 felicitas.
1653 2682 1849 2738 Judicii

335 2759 545 2812 extremi
576 2756 851 2810 meditatio.
884 2753 950 2808 Ut
984 2753 1214 2808 Christus
1239 2752 1467 2823 reprobis
1489 2769 1584 2807 sua
1610 2753 1850 2821 beneﬁcia

337 2826 677 2895 exprobrabit.
732 2825 1079 2895 Repraborum
1142 2821 1312 2892 paena.
1373 2821 1850 2895 lustorunz__beata

334 2892 463 2951 sors.
494 2892 846 2949 Pmnitentiain
873 2892 1124 2962 publicam
1169 2908 1270 2946 non
1298 2892 1599 2946 erubescere.
1637 2892 1745 2947 Nec
1769 2910 1850 2949 ve-

337 2969 475 3020 niant
518 2967 800 3034 desperare.
850 2961 956 3015 Nec
981 2963 1190 3034 nimium
1217 2977 1538 3034 praesumere.
1570 2961 1757 3034 Mundi
1787 2965 1850 3031 fi-

336 3055 448 3091 nem
478 3030 682 3090 instare.
716 3033 935 3087 Terrena
974 3030 1247 3100 despicere.
1274 3030 1499 3085 Adversa
1528 3032 1590 3085 ob
1629 3047 1851 3086 amorem

338 3108 435 3161 Dei
462 3108 705 3177 patienter
731 3105 879 3172 ferre.
911 3102 1069 3156 Deum
1105 3101 1199 3177 si_bi
1225 3110 1522 3177 prtesentem
1555 3117 1751 3177 semper
1771 3119 1851 3177 re-

336 3169 512 3231 vereri.
549 3169 857 3229 (Ilturitatem
890 3188 1105 3242 servare.
1138 3169 1206 3225 In
1230 3172 1358 3225 bono
1395 3169 1668 3242 proposito
1690 3173 1850 3239 persi-

335 3259 483 3304 stere.
524 3245 819 3300 I’mnitentia
843 3255 948 3297 non
975 3241 1261 3309 differatur.

337 3323 389 3372 1.
423 3317 499 3388 (o)
531 3316 675 3388 Rogo
695 3329 822 3379 vos,
853 3314 1040 3368 fratres
1059 3311 1362 3388 charissimi
1391 3353 1406 3388 _,
1432 3319 1485 3388 et
1510 3325 1629 3366 cum
1659 3312 1847 3388 grandi

266 3382 563 3446 humilitate
609 3382 870 3441 admoneo
900 3423 916 3450 ,
957 3396 1015 3438 ιιι
1057 3383 1274 3438 intentis
1317 3382 1510 3436 animis
1550 3384 1849 3439 auscultare

265 3460 438 3515 velitis
455 3500 470 3524 ,
516 3473 636 3528 qua:
660 3456 811 3511 vobis
851 3468 947 3528 pro
963 3453 1159 3528 _salu_te
1186 3461 1362 3508 vestra
1396 3466 1678 3528 suggerere
1705 3455 1846 3509 volo.

264 3521 612 3595 Omnipotens
641 3528 782 3582 enim
826 3521 927 3579 scit
963 3524 1214 3595 Dominus
1235 3564 1250 3590 ,
1279 3521 1419 3593 quod
1452 3530 1694 3595 prompta
1721 3539 1848 3595 erga

264 3544 418 3586 Umnt
460 3544 612 3583 mens
641 3544 782 3582 enim
826 3544 927 3579 seu.
964 3544 1214 3577 nummus
1235 3564 1250 3590 ,
1279 3544 1419 3593 quuu
1454 3544 1694 3593 prompta
1721 3544 1843 3595 erga

264 3617 361 3656 vos
391 3544 650 3655 cEaritate
689 3598 788 3650 ista
808 3595 959 3649 vobis
994 3592 1207 3663 profero
1236 3611 1249 3648 :
1275 3607 1394 3663 qua:
1419 3594 1590 3661 sinon
1624 3592 1804 3650 fecero
1827 3636 1843 3660 ,

265 3670 448 3741 procul
478 3668 639 3741 dubio
668 3681 791 3722 reus
816 3665 978 3741 debiti
1020 3666 1259 3718 tenebor.
1287 3665 1397 3741 vos
1423 3678 1552 3741 ergo
1592 3678 1725 3741 non__
1746 3679 1844 3735 pro

268 3733 386 3798 inea
413 3740 671 3810 parvitate
694 3778 718 3810 ,Α
750 3736 845 3810 sed
872 3750 967 3804 pro
988 3742 1162 3789 vestra
1191 3749 1309 3804 qua:
1333 3734 1454 3788 dico
1476 3733 1645 3789 salute
1666 3733 1846 3810 liben-

267 3821 347 3867 ter
384 3805 673 3878 suscipite;
706 3807 778 3861 ita
816 3806 1103 3872 duntaxat,
1131 3813 1202 3878 Aut
1227 3820 1346 3875 quae
1381 3819 1511 3878 aure
1538 3805 1806 3878 suscipitis
1829 3846 1844 3867 ,

265 3896 428 3952 opere
451 3874 762 3952 compleatis
796 3896 809 3931 :
837 3885 965 3930 utet
988 3875 1177 3952 egode
1205 3874 1326 3930 meo
1352 3874 1643 3952 obsequio,
1683 3883 1740 3952 et
1774 3874 1843 3952 de

266 3943 444 4009 vestro
472 3943 713 4020 profectu
753 3961 960 4020 merear
985 3943 1257 4020 vobiscum
1281 3943 1514 4020 gaudere
1547 3944 1602 4020 in
1640 3944 1845 3999 caelesti

265 4037 450 4092 regno.
476 4012 556 4076 ’δί
590 4020 673 4075 cui
695 4019 835 4092 forte
873 4016 1131 4092 displiceo
1151 4056 1166 4081 ,
1207 4012 1348 4083 quod
1393 4024 1513 4092 tam
1539 4012 1848 4092 frequenter

268 4082 557 4163 priedicare
587 4090 737 4163 vobis
785 4082 1050 4163 contendo
1066 4125 1087 4163 _,
1120 4082 1251 4154 rogo
1277 4098 1385 4137 non
1422 4082 1552 4137 mihi
1569 4083 1846 4163 molestus

266 4152 460 4218 cxistat
482 4203 495 4223 ,
525 4160 617 4215 sed
665 4157 833 4227 magis
881 4156 1171 4227 periculum
1192 4152 1393 4227 'meum
1435 4152 1765 4227 consideret,
1793 4162 1848 4227 et

267 4232 448 4286 audiat
476 4224 777 4284 Dominum'
789 4224 1094 4280 terribiliter
1118 4224 1530 4279 comminantem
1556 4224 1839 4289 sacerdoti,

268 4302 330 4357 Si
366 4318 469 4356 non
508 4297 883 4353 annuntiuveris
919 4297 1090 4364 iniquo
1128 4295 1419 4365 inquitatem
1447 4309 1629 4365 suam;
1661 4295 1770 4364 ipse
1791 4296 1845 4348 in

265 4373 527 4445 iniquitate
552 4386 644 4425 sua
666 4370 923 4445 morietur,
956 4364 1251 4445 sanguinem
1276 4374 1440 4445 autem
1459 4364 1578 4444 ejus
1604 4364 1846 4445 demanu

268 4435 644 4513 tua'reqniram.
675 4438 735 4493 Si
764 4447 931 4513 autent
954 4435 1326 4513 annuntiaveris
1344 4435 1531 4513 impio,
1563 4444 1609 4488 et
1628 4435 1717 4513 ille
1745 4450 1845 4513 non

266 4514 416 4584 fuerit
438 4505 728 4584 'eonversus
771 4508 832 4584 ab
856 4508 1121 4584 iniquitate
1146 4522 1239 4560 sua
1261 4546 1277 4584 _,
1310 4514 1358 4557 et
1377 4521 1409 4557 α
1428 4505 1508 4557 via
1536 4521 1629 4558 sua
1652 4505 1845 4584 impia;

266 4577 374 4653 ipse
399 4585 597 4653 quidem
635 4583 686 4653 in
712 4580 976 4653 iniquitate
1016 4593 1111 4653 sua
1145 4577 1402 4653 morietur,
1442 4577 1844 4653 titantentani-

267 4644 567 4707 mam'tuam
614 4644 830 4705 liberasti
870 4647 1082 4720 (Ezech.
1128 4661 1326 4707 χχχιιι.
1359 4645 1392 4699 8
1412 4655 1458 4698 et
1476 4645 1555 4712 9).
1579 4645 1645 4698 Et
1665 4644 1792 4699 illud
1825 4659 1840 4698 :

266 4723 463 4786 Clama,
492 4739 555 4775 ne
579 4736 758 4785 cesses;
788 4721 930 4787 quasi
958 4719 1077 4771 tuba
1101 4719 1269 4771 exaltu
1294 4732 1461 4787 vocent
1486 4727 1645 4779 tuam,
1669 4728 1713 4769 et
1739 4731 1838 4787 an-

266 4784 671 4862 nuntia'populo
723 4784 845 4862 meo
868 4789 1056 4842 scelera
1105 4804 1276 4862 eorum
1330 4785 1481 4855 (Isai.
1543 4801 1702 4862 Lvtn,
1764 4784 1839 4856 1).

264 4856 612 4917 Considerate
637 4873 794 4927 ergo,
825 4859 1011 4912 fratres
1038 4897 1052 4921 ,
1092 4859 1212 4925 quia
1239 4867 1445 4927 oportet
1479 4871 1564 4911 me
1586 4856 1701 4911 sine
1722 4871 1843 4911 ces-

265 4935 470 4988 satione
499 4926 711 4985 visstros'
729 4929 935 4981 animos
972 4928 1037 4979 ad
1070 4926 1401 4980 tremendum
1436 4926 1525 4979 Dei
1551 4927 1838 4994 judicium,

265 5015 315 5057 ct
362 5004 427 5057 ad
465 4999 872 5057 dcsiderandum
911 4997 1127 5051 caeleste
1168 4996 1443 5065 praemium
1489 4996 1756 5048 excitare:
1786 5003 1845 5047 ut

267 5075 538 5130 vobiscum
596 5072 794 5142 pariter
828 5080 1048 5142 merear
1096 5067 1146 5119 in
1194 5066 1516 5134 Angelorum
1572 5065 1842 5119 consortio

266 5156 514 5215 perpetua
547 5138 673 5213 pace
705 5138 980 5216 gaudere.“
1113 5206 1124 5216 .
1184 5204 1217 5216 η
1256 5204 1288 5216 η
1692 5204 1722 5216 Α.

333 5204 386 5268 2'.
417 5204 641 5283 Ideoque
670 5204 799 5281 rogo
850 5219 908 5263 ut
931 5206 1070 5283 diem
1105 5204 1291 5276 jndicii
1329 5217 1543 5273 semper
1571 5204 1842 5283 pertime—

263 5287 456 5347 scutis.
489 5275 644 5353 ct'(b)
679 5275 837 5353 diem;
864 5281 1049 5353 mortis
1087 5285 1395 5353 suspectum
1437 5275 1676 5353 quotidie
1718 5283 1841 5329 ante

263 5346 452 5409 oculos
500 5346 755 5407 habeatis.
802 5348 1145 5406 Considerate
1191 5346 1373 5415 quales
1412 5346 1560 5401 eritis
1607 5359 1842 5414 praesen-

264 5426 405 5479 tandi
446 5424 813 5492 conspectibus
845 5420 1185 5492 Angelorum,
1210 5417 1290 5492 vel
1327 5417 1683 5492 qualempro
1723 5430 1838 5492 me-

264 5496 380 5551 ritis
413 5484 837 5550 vicissitudinem
878 5484 1139 5558 recepturi
1174 5486 1255 5542 :si
1285 5484 1527 5558 poteritis
1557 5487 1608 5558 in
1634 5484 1838 5558 illo‘die

263 5567 517 5621 illibatum
565 5565 762 5618 referre
782 5604 797 5626 ,
820 5562 960 5631 quod
991 5555 1041 5614 in
1064 5560 1332 5631 Baptismo
1360 5556 1696 5631 promisistis.
1726 5555 1840 5609 Me-

261 5645 497 5694 mentote
519 5674 536 5701 ,
567 5634 687 5705 quia
728 5626 853 5686 tunc
877 5638 1088 5701 pactum
1119 5626 1239 5688 cum
1283 5626 1390 5685 Deo
1415 5626 1644 5696 fecistis,
1681 5635 1841 5696 atque

1770 5716 1789 5737 ι

346 5773 399 5830 a)
422 5770 523 5821 vid.
546 5782 693 5820 serm.
718 5766 899 5830 259,411.
922 5764 970 5825 2,
996 5764 1044 5814 in
1068 5766 1279 5830 append.
1302 5767 1415 5816 tomi
1428 5764 1476 5816 5.

346 5787 376 5823 α
422 5773 523 5821 vid.
546 5782 693 5820 scrm.
718 5773 827 5827 249,
849 5779 899 5815 ιι.
922 5773 970 5825 2,
996 5773 1044 5814 in
1069 5773 1098 5812 Α

322 5773 399 5902 ξιξ
419 5842 484 5886 Ex
509 5832 685 5885 Bened.
712 5828 899 5895 regula,
923 5840 1028 5890 cap.
1053 5826 1100 5877 4.

1956 1235 2352 1317 abrenuntiare.
2373 1250 2470 1293 vos
2506 1237 2806 1317 diaboloet
2835 1239 3082 1317 omnibus
3127 1240 3380 1317 operibus
3422 1239 3541 1317 ejus

1959 1307 2009 1360 in
2061 1308 2175 1376 ipso
2206 1307 2475 1382 Baptismo
2516 1311 2857 1382 promisistis.
2889 1309 2988 1378 Qui
3023 1307 3228 1382 potuit,
3256 1320 3383 1367 tunc
3423 1307 3541 1379 ipse

1958 1391 2137 1451 pense
2157 1387 2206 1431 et
2238 1394 2335 1448 pro
2360 1393 2419 1433 se
2447 1380 2565 1451 haec
2589 1381 2859 1449 respondit
2892 1400 2905 1436 :
2933 1380 3173 1450 qui'vero
3196 1396 3302 1437 non
3332 1382 3501 1451 potuit
3520 1421 3536 1445 ,

1957 1446 2383 1522 fidejnssor'pro
2420 1465 2485 1504 eo
2508 1446 2718 1522 adejus
2761 1452 2928 1506 vicem
2952 1446 3059 1507 ista
3103 1453 3213 1507 Deo
3260 1446 3538 1522 promisit,

1957 1518 2044 1571 ille
2071 1518 2387 1589 scilicet’qui
2417 1535 2537 1574 eum
2565 1518 2807 1577 de'saero
2835 1522 2980 1577 fonte
3002 1518 3540 1590 ettscepithonside-

1957 1596 2068 1670 rate
2099 1604 2242 1670 ergo_
2269 1590 2426 1659 quale
2454 1600 2662 1670 pactum
2688 1608 2807 1670 cum
2852 1594 2961 1670 Deo
3011 1593 3211 1648 fecistis
3242 1611 3255 1646 :
3286 1601 3341 1670 et
3363 1592 3542 1670 requi-

1957 1659 2057 1713 rite
2105 1659 2245 1733 apud
2256 1663 2662 1733 vosmetipsos,
2694 1663 2741 1716 si
2771 1672 2889 1733 post
2921 1665 3088 1733 ipsam
3130 1659 3539 1733 promissionem

1956 1744 2113 1796 opera
2147 1730 2360 1799 maligni
2403 1730 2620 1798 diabdli,
2654 1735 2738 1787 cui
2772 1730 3148 1799 renuntiatis,
3194 1733 3362 1789 secuti
3388 1732 3538 1787 estis.

1956 1799 2381 1873 Abrenuntiastis
2418 1802 2573 1873 enim
2610 1802 2821 1857 diabolo
2868 1814 2917 1857 et
2951 1805 3199 1859 omnibus
3244 1804 3454 1873 pompis
3480 1810 3537 1856 et

1955 1871 2380 1943 operibusejus,
2415 1872 2463 1943 id
2492 1880 2574 1926 est
2600 1915 2614 1939 ,
2645 1873 2782 1926 dolis
2804 1917 2818 1939 ,
2846 1875 3099 1938 sortibus,
3130 1871 3386 1943 auguriis,
3420 1874 3535 1926 fur-

1958 1940 2022 2010 tis
2052 1982 2065 2001 ,
2089 1940 2357 1994 fraudibus
2382 1984 2396 2005 ,
2430 1941 2881 2010 fornicationibus,
2915 1940 3259 1999 ebrietatibus
3308 1954 3362 1999 et
3387 1957 3537 1998 men-

1954 2009 2139 2084 daciis.
2172 2012 2294 2066 lltec
2342 2022 2467 2066 sunt
2496 2029 2621 2068 vere
2645 2029 2805 2079 opera
2833 2024 2888 2069 et
2928 2030 3135 2083 pompa:
3162 2015 3298 2084 ejus.
3327 2014 3522 2068 Promi-

1954 2082 2099 2135 sistis
2124 2098 2152 2136 e
2182 2091 2367 2136 contra
2392 2084 2612 2137 credere
2639 2099 2732 2153 vos
2766 2085 2818 2138 in
2852 2082 3017 2139 Deum
3050 2082 3259 2139 Patrem
3286 2085 3535 2153 omnipo-

1956 2160 2153 2222 tentem
2184 2193 2197 2217 ,
2230 2161 2285 2207 et
2333 2153 2382 2205 in
2414 2153 2595 2208 losum
2626 2152 2892 2209 Christum
2933 2156 3122 2209 Filium
3159 2157 3276 2222 ejus
3320 2157 3537 2209 unicum

1955 2220 2239 2295 Dominum
2262 2231 2500 2295 nostrum
2521 2266 2534 2288 ,
2572 2235 2750 2277 natum
2781 2241 2847 2279 ex
2872 2226 3031 2279 Maria
3065 2220 3288 2295 virgine,
3317 2239 3535 2295 passum

1955 2291 2052 2344 sub
2081 2290 2271 2362 Pontio
2292 2292 2461 2347 Pilato
2485 2335 2498 2353 ,
2534 2295 2683 2347 tertia
2712 2295 2797 2349 die
2835 2290 3194 2350 resnrrexiss'e
3219 2310 3246 2347 a
3277 2290 3536 2362 m'ortuis,

1953 2360 2259 2415 ascendisse
2304 2362 2367 2415 ad
2398 2364 2582 2416 caelos.
2618 2364 2942 2418 Promisistis
2976 2364 3168 2419 deinde
3194 2365 3416 2419 credere
3442 2360 3538 2418 vos

1954 2440 2007 2483 et
2036 2430 2084 2482 in
2135 2430 2391 2499 Spiritum
2422 2442 2696 2499 sanetum,
2730 2443 2965 2488 sanctam
3014 2435 3309 2491 Ecclesiam
3351 2434 3542 2488 catho-

1954 2500 2108 2554 licam
2131 2543 2145 2566 ,
2175 2510 2478 2574 sanctorum
2510 2504 2977 2572 communionem,
3013 2505 3383 2559 remissionem
3414 2518 3541 2574 pec-

1953 2580 2192 2625 catorum
2214 2613 2227 2633 ,
2261 2573 2437 2627 carnis
2465 2575 2914 2628 resurrectionem
2933 2616 2946 2635 ,
2976 2584 3029 2627 et
3059 2575 3220 2628 vitam
3252 2573 3537 2632 aeternam.

1955 2639 2079 2695 litec
2109 2644 2287 2714 procol
2319 2642 2481 2714 dubio
2524 2644 2699 2698 cautio
2744 2653 2796 2698 et
2842 2644 3111 2698 confessio
3136 2654 3309 2698 vestra
3331 2684 3349 2710 ,
3378 2659 3539 2714 quam

1955 2721 2080 2765 tunc
2123 2712 2441 2784 promisistis
2466 2754 2479 2773 ,
2512 2728 2724 2782 semper
2760 2715 2897 2784 apud
2945 2716 3109 2769 Deum
3142 2724 3369 2769 tenetur.
3396 2712 3544 2783 Qua-

1954 2791 2169 2864 propter
2185 2796 2291 2865 ,νος
2311 2824 2325 2847 ,
2352 2783 2651 2837 charissimi
2674 2824 2687 2847 ,
2705 2799 2930 2865 _m0neo,
2959 2794 3019 2838 ut
3044 2785 3141 2838 ista
3164 2786 3428 2839 confessio
3454 2784 3542 2865 vel

1954 2857 2235 2923 promissio
2256 2863 2428 2908 vestra
2468 2870 2683 2923 semper
2704 2857 2755 2908 in
2784 2867 2961 2910 vestra
2993 2864 3233 2909 teneatur
3253 2857 3538 2921 memoria;

1953 2922 2135 2995 uttlioc
2179 2923 2319 2993 quod
2340 2922 2965 2995 christiaoiivocamini,
3016 2940 3124 2979 non
3175 2925 3241 2979 ad
3281 2925 3542 2995 judicium

1952 2992 2102 3045 vobis
2130 2992 2232 3055 sit,
2263 2993 2355 3047 sed
2383 2995 2556 3060 potius
2587 2994 2650 3048 ad
2685 2997 3002 3050 remedium.

2024 3062 2075 3113 5.
2123 3062 2194 3137 (τι)
2224 3062 2354 3137 Nam
2385 3063 2503 3137 ideo
2536 3063 2819 3137 christiani
2869 3066 2987 3119 facti
3029 3067 3158 3119 estis
3180 3106 3194 3128 ,
3222 3074 3281 3118 nt
3322 3081 3539 3137 semper

1953 3144 2113 3199 Opera
2134 3131 2415 3185 christiani
2450 3133 2680 3192 faciatis,
2715 3134 2764 3187 id
2793 3144 2902 3199 est,
2930 3145 2985 3187 ut
3005 3137 3299 3188 castitatem
3325 3131 3537 3201 ametis,

1952 3201 2212 3255 luxuriam
2238 3211 2292 3255 et
2316 3203 2626 3255 ebrietatem
2648 3203 2883 3270 fugiatis,
2907 3204 3256 3257 humilitatem
3281 3206 3504 3258 teneatis
3521 3243 3538 3270 ,

1952 3272 2251 3339 superbiam
2279 3272 2644 3336 detestemini;
2674 3273 2797 3340 quia
2830 3273 3082 3327 Dominus
3109 3272 3262 3327 Iesus
3291 3273 3538 3329 Christus

1953 3340 2298 3395 humilitatem
2343 3352 2394 3396 et
2434 3342 2667 3396 ostendit
2707 3342 2993 3409 exemplis.
3025 3353 3079 3398 et
3105 3342 3287 3398 docuit
3328 3345 3537 3409 verbis,

1950 3412 2132 3496 dicens
2162 3430 2186 3495 ε⁹
2204 3412 2390 3493 Discite
2419 3428 2578 3495 ante,
2611 3413 2735 3496 quia
2760 3413 2894 3466 mitis
2919 3424 3113 3496 sumet
3133 3414 3337 3496 humilis
3365 3415 3535 3496 corde,

1951 3493 1995 3557 et
2021 3484 2516 3557 inuenietistrequiem
2545 3482 2808 3557 animabus
2836 3484 3009 3557 vestris
3036 3484 3246 3557 (blatta.
3284 3500 3371 3546 XI,
3398 3482 3492 3557 29)
3518 3501 3534 3537 :

1951 3552 2200 3608 invidiam
2226 3552 2386 3609 etiam
2416 3555 2708 3621 respuatis,
2740 3552 3053 3609 charitatent
3080 3555 3303 3609 invicem
3337 3552 3535 3610 habea-

1949 3624 2046 3685 tis.
2074 3633 2128 3679 et
2169 3639 2381 3692 semper
2418 3625 2483 3679 de
2515 3624 2690 3679 futuro
2731 3625 2927 3679 saeculo
2971 3634 3020 3680 et
3052 3626 3118 3678 de
3148 3634 3343 3679 :rtvrna
3370 3624 3540 3680 beati-

1951 3694 2129 3764 tudine
2153 3696 2393 3763 cogitetis
2415 3737 2428 3758 ,
2458 3704 2513 3749 et
2539 3696 2654 3763 plus
2682 3708 2777 3762 pro
2803 3694 2977 3747 anima
3006 3711 3162 3762 «piam
3186 3710 3282 3762 pro
3309 3709 3536 3764 corpore

1950 3762 2200 3818 laboratis
2223 3762 2241 3816 Ξ
2264 3765 2379 3832 quia
2402 3778 2529 3818 caro
2544 3762 2716 3832 pauco
2737 3773 2974 3831 tempore
2994 3767 3095 3817 erit
3116 3765 3166 3816 in
3193 3765 3293 3817 hoc
3313 3762 3533 3829 mundo;

1948 3835 2123 3888 anima
2148 3849 2276 3888 vero
2305 3834 2347 3887 si
2378 3835 2512 3888 bene
2537 3834 2722 3902 egerit,
2749 3834 2864 3887 sine
2893 3833 2995 3885 fine
3017 3834 3256 3902 regnabit
3279 3834 3330 3887 in
3358 3835 3533 3901 caelo;

1948 3913 1999 3956 at
2025 3904 2069 3957 si
2098 3904 2264 3968 male,
2295 3904 2410 3957 sine
2452 3904 2812 3957 misericordia
2841 3902 3048 3957 ardebit
3094 3904 3147 3957 in
3176 3903 3403 3957 inferno.
3432 3904 3534 3972 Qui

1948 3988 2077 4028 vero
2105 3990 2213 4028 non
2237 3974 2433 4041 cogitat
2459 3974 2560 4027 nisi
2587 3973 2655 4027 de
2682 3975 2776 4027 ista
2823 3973 3189 4028 tantummodo
3237 3975 3342 4028 vita
3365 4017 3380 4035 .
3412 3976 3532 4029 ani-

1949 4045 2173 4098 malibus
2199 4054 2251 4098 et
2275 4044 2462 4098 bestiis
2491 4044 2679 4097 similis
2708 4054 2808 4098 est.
2838 4042 2951 4097 Non
2978 4058 3107 4112 ergo
3136 4045 3288 4098 vobis
3314 4046 3532 4108 sufﬁcit,

1948 4114 2266 4175 charissimi,
2313 4114 2452 4184 quod
2495 4114 2839 4168 christianum
2885 4128 3081 4169 nomen
3135 4115 3445 4184 accepistis,
3490 4117 3533 4169 si

1947 4198 2107 4253 opera
2151 4184 2437 4255 christiana
2469 4199 2572 4239 non
2622 4183 2812 4255 facitis.
2856 4184 2933 4238 Illi
2962 4185 3103 4255 enim
3148 4183 3363 4253 prodest
3392 4185 3532 4255 quod

1951 4252 2167 4311 vacatur
2191 4254 2543 4322 christianos,
2589 4254 2676 4323 qui
2722 4270 2934 4324 semper
2962 4252 3161 4325 Christi
3188 4252 3451 4325 praecepta
3482 4266 3534 4309 et

1948 4337 2124 4396 mente
2161 4326 2353 4379 retinet
2374 4366 2402 4396 ,Α
2418 4335 2470 4379 et
2496 4340 2656 4395 opere
2684 4328 2920 4394 perlicit;
2965 4327 3055 4396 qui
3100 4324 3298 4396 furtum
3329 4327 3532 4380 scilicet

1947 4411 2051 4450 non
2082 4395 2234 4460 facit,
2264 4396 2352 4464 qni
2382 4394 2572 4450 falsum
2596 4397 2956 4451 teStimonium
2984 4394 3095 4450 non
3124 4395 3288 4457 dicit,
3317 4397 3405 4465 qni
3432 4411 3530 4450 nec

1946 4467 2198 4521 mentitur
2227 4481 2323 4519 nec
2351 4466 2611 4535 perjnrat,
2639 4467 2726 4535 qui
2756 4467 3071 4520 adulterium
3096 4480 3200 4535 non
3223 4466 3524 4535 committit.

1945 4537 2032 4606 qui
2060 4537 2262 4590 nullum
2289 4534 2557 4606 hominem
2584 4534 2732 4606 laedit
2748 4536 2831 4606 vel
2851 4536 2999 4606 rodit,
3049 4534 3147 4606 sed
3174 4549 3361 4587 omnes
3390 4534 3527 4606 sit-ut

1946 4603 2292 4674 semetipsum
2315 4605 2511 4674 diligit;
2543 4604 2631 4673 qui
2663 4603 2889 4674 inimicis
2918 4605 3029 4656 suis
3049 4603 3245 4656 malum
3267 4619 3360 4668 pro
3390 4605 3531 4655 malo

1946 4692 2050 4730 non
2069 4672 2260 4739 reddit,
2278 4674 2372 4729 sed
2390 4672 2676 4744 niagis’pro
2703 4672 2832 4744 ipsis
2846 4674 3093 4744 orat;qni
3126 4673 3243 4744 lites
3257 4686 3371 4744 non
3397 4686 3527 4744 con-

1944 4748 2090 4812 citat,
2110 4747 2201 4801 scd
2218 4742 2495 4799 discordes
2516 4744 2582 4797 ad
2606 4742 2943 4812 concordiam
2974 4750 3202 4796 revocat.
3229 4742 3353 4795 Haec
3382 4743 3523 4796 enim

1946 4811 2208 4887 praeCepta
2242 4817 2365 4887 ipse
2398 4814 2650 4887 Dominus
2676 4812 2830 4867 Jesus
2872 4811 3119 4887 Christus
3166 4828 3261 4887 per
3328 4819 3527 4887 semet-

1948 4882 2197 4957 ipsmn'in
2224 4882 2505 4957 Evangelio
2529 4883 2773 4957 dignatus
2802 4891 2883 4957 est
2901 4882 3121 4957 _tradere
3145 4882 3327 4957 dicens
3359 4900 3372 4957 ς
3405 4882 3528 4957 Non

1948 4953 2274 5011 Iiomicidium
2300 4953 2467 5023 facies,
2502 4970 2603 5008 non
2629 4953 2957 5017 adulterabis,
3000 4969 3099 5005 non
3125 4956 3317 5024 furtum
3345 4954 3524 5024 facies,

1946 5045 2045 5081 non
2076 5028 2260 5098 falsum
2283 5025 2617 5098 testimonium
2643 5025 2798 5087 dices,
2829 5039 2927 5076 non
2949 5022 3250 5093 perjurabis,
3297 5031 3342 5074 et
3380 5022 3527 5098 frau-

1946 5099 2057 5152 dem
2076 5092 2186 5151 'non
2216 5096 2410 5167 feceris.
2441 5093 2653 5149 Honora
2686 5106 2878 5167 patrem
2920 5092 3063 5167 tuum
3091 5101 3149 5167 Aet
3186 5102 3432 5167 matrenu
3452 5092 3528 5167 βε

1945 5168 2123 5239 diliges
2143 5162 2428 5239 proximum
2450 5176 2591 5239 tuum
2615 5162 2741 5221 sicut
2761 5174 2814 5239 te_
2828 5162 3117 5239 ἱρειιιηίιιΖ
3140 5178 3252 5239 χιιι,
3273 5164 3398 5218 18et
3415 5163 3526 5231 l9).

1945 5233 2420 5307 Etfquodcumque
2442 5236 2590 5290 vultis
2618 5246 2673 5307 ut
2714 5235 2902 5307 faciant
2930 5234 3066 5307 vobis
3094 5233 3339 5307 homines,
3369 5246 3520 5307 etuas

1969 5302 2094 5362 ’arite
2117 5310 2218 5373 eis;
2249 5302 2352 5362 [nec
2378 5316 2449 5362 est
2489 5308 2621 5360 enim
2641 5302 2748 5360 Lelr.
2775 5315 2821 5359 et
2851 5303 3123 5371 Propheta:
3142 5302 3254 5373 (Id.
3279 5319 3384 5367 vn,
3409 5302 3521 5373 12).

1995 5371 2207 5433 tadhuc
2232 5379 2431 5448 majora
2461 5377 2545 5432 his
2564 5417 2580 5443 ,
2606 5375 2880 5448 sedvalde
2900 5375 3051 5448 fortia
3079 5371 3237 5442 atque
3259 5371 3527 5448 fructifera

1945 5449 2091 5505 dedit
2118 5442 2361 5503 mandata
2388 5442 2600 5508 dicens,
2635 5446 2842 5517 Diligite
2864 5444 3093 5497 inimicos
3116 5454 3303 5498 vestros
3325 5484 3341 5509 ,
3371 5442 3527 5517 et_be-

1946 5521 2157 5593 uefacite
2186 5521 2263 5593 his
2288 5520 2372 5593 qui
2414 5521 2637 5593 oderunt
2657 5512 2791 5593 vos'i
2818 5524 2955 5568 orate
2994 5530 3086 5593 pro_
3126 5512 3529 5593 persequentibus

1947 5601 1992 5646 et
2009 5582 2436 5645 calumniantibus
2461 5605 2563 5644 vos.
2597 5588 2737 5642 Ecoe
2767 5586 2901 5641 forte
2930 5582 3260 5651 mandatum,
3284 5582 3348 5639 et
3371 5582 3526 5638 vide-

1949 5752 2080 5867 ex(t5)
2100 5757 2168 5863 Eax
2202 5764 2351 5803 serui.
2374 5749 2497 5812 266,
2521 5761 2604 5799 nn.
2627 5745 2726 5799 Set
2746 5747 2788 5807 l,
2807 5746 2857 5795 in
2876 5743 3090 5808 Append.
3112 5749 3230 5794 tom.
3253 5743 3302 5795 5.
3325 5749 3529 5795 anesum
