4118 6194
1030 215 1131 233 ,ηημ

1094 242 1105 249 ς

576 262 715 323 H75

575 400 707 457 pore
732 386 1011 445 custodiat.
1045 385 1114 443 Et
1140 381 1422 457 quotiesin
1443 380 1845 457 nocteetcttati
1863 382 2086 445 fueritis,
2105 391 2160 436 et

575 452 794 515 somnus
820 476 886 516 ex
911 459 1078 515 oculis
1104 452 1428 521 evolaverit,
1461 469 1583 509 mox
1614 453 1766 507 labiis
1803 452 2009 523 signum
2040 468 2160 507 cru-

575 532 656 584 cis
695 538 959 586 occurrat.
992 528 1139 582 Mens
1179 541 1390 595 quoque
1416 523 1744 579 orationibus
1769 532 2072 595 occupetur,
2096 538 2157 595 ac

575 544 656 584 CIS
695 544 959 586 occurrat.
992 544 1139 582 tuens
1217 544 1390 595 uoque
1416 544 1744 579 οτδιιοηιυιιδ
1769 544 2072 592 οεειψθιυιν,
2096 544 2157 575 tu:

575 598 674 654 Dei
713 607 977 670 praecepta
1007 599 1060 652 in
1089 544 1253 670 cerae
1278 597 1560 670 volvantur
1578 636 1593 660 ,
1627 610 1693 670 ne
1718 594 1927 670 stupido
1959 593 2157 670 pectori

574 665 797 738 repente
834 665 1082 738 subrepat
1110 667 1383 732 inimicus,
1414 666 1497 738 vel
1530 680 1622 735 per
1656 665 1875 738 fatuamt
1898 665 2154 738 incuriam

573 736 757 808 serpat
802 737 877 808 ad
921 738 1151 793 animam
1200 737 1541 793 adversarius
1587 736 1791 808 avidos.
1837 737 1903 789 Et
1938 751 2056 789 cum
2103 736 2154 787 in

573 805 736 892 sensu
761 807 914 892 vobis
942 818 1149 892 turpem
1150 810 1495 892 “suggesserit
1524 805 1927 892 cogitationem,
1946 821 2156 892 propo-

573 878 685 961 nite
710 879 861 935 vobis
886 877 1120 961 futurum
1150 879 1244 935 Dei
1269 877 1556 961 judicittm,
1589 877 1791 960 inferni.
1806 878 2152 961 supplicium,

569 949 832 1019 gehennce
858 965 1073 1020 poenas,
1100 948 1283 1005 tartari
1315 949 1561 1005 tenebras
1589 965 1602 999 :
1635 964 1753 1018 qu:c
1780 948 1923 1017 impii
1952 948 2156 1017 patien-

570 1027 678 1075 tur.
705 1021 758 1076 Si
792 1020 906 1075 haec
935 1020 1193 1086 feceritis,
1235 1020 1411 1075 statim
1447 1020 1614 1089 turpis
1664 1020 1911 1089 cogitatio
1958 1033 2157 1072 evane-

571 1099 714 1157 scet,
742 1106 842 1147 nec
871 1107 965 1147 vos
989 1092 1199 1147 deseret
1232 1091 1397 1146 virtus
1435 1089 1667 1153 Christi;
1711 1091 1831 1158 quia
1858 1104 2044 1143 verum
2074 1097 2156 1142 est

570 1161 712 1233 quod
738 1162 995 1233 propheta
1026 1158 1201 1233 canit,
1232 1162 1506 1233 Sperantes
1533 1163 1587 1215 in
1623 1158 1843 1215 Domino
1873 1159 2152 1213 misericor.

570 1231 665 1306 dia
678 1231 1006 1306 circumdabit
1036 1232 1221 1306 (Psat.
1251 1231 1395 1298 sm,
1427 1231 1541 1306 l0).

642 1303 697 1375 9.
737 1303 813 1375 (a)
843 1302 947 1359 Sed
985 1300 1105 1359 cum
1139 1303 1253 1359 hinc
1280 1300 1510 1375 omnia,
1554 1300 1841 1375 auxiliante
1889 1301 2149 1366 Domino,

572 1372 924 1444 impleveritis
945 1416 958 1438 ,
989 1376 1178 1429 scitote
1203 1373 1324 1444 quia
1353 1374 1455 1427 hoc
1480 1374 1705 1427 moleste
1733 1381 2046 1444 accepturus
2072 1380 2150 1425 est

569 1441 843 1505 diabolus.
872 1444 1014 1506 quod
1042 1441 1338 1500 videat'vos
1375 1458 1405 1498 a
1435 1444 1687 1498 societate
1713 1456 1806 1496 sua
1834 1441 2110 1496 discedere
2134 1459 2148 1506 ;

571 1522 625 1567 et
653 1514 724 1570 ob
750 1514 853 1570 hoc
877 1511 1104 1571 fortasse
1130 1516 1334 1585 aliquas
1374 1514 1638 1583 nequitias
1680 1519 1772 1565 aut
1817 1511 2151 1585 infirmitates

566 1585 718 1639 vobis
740 1587 1006 1640 immittet.
1029 1584 1205 1641 Nolite
1219 1581 1321 1653 ἰη-ο
1347 1585 1447 1639 hoc
1465 1581 1783 1653 desperare;
1816 1583 1935 1651 quia
1966 1581 2029 1634 ad
2058 1596 2152 1653 vos

566 1656 874 1724 probandos
903 1657 1174 1724 permittet
1212 1652 1314 1710 hoc
1345 1655 1484 1709 Deus
1511 1652 1622 1710 fieri
1643 1696 1657 1719 ,
1692 1662 1750 1724 ut
1778 1661 2062 1724 cognoscat
2104 1652 2149 1705 si

568 1723 637 1780 ex
658 1734 768 1781 toto
793 1726 956 1782 corde
999 1741 1097 1781 vos
1122 1726 1186 1781 ad
1214 1725 1330 1788 ejus
1370 1723 1788 1780 misericordiam
1824 1723 2033 1788 tenetis,
2065 1724 2149 1776 vel

566 1796 613 1850 si
639 1798 898 1851 veraciter
919 1797 971 1851 in
993 1811 1113 1851 eum
1140 1794 1375 1851 creditis.
1402 1795 1504 1851 Sed
1536 1804 1590 1850 et
1614 1809 1709 1848 vos
1732 1802 1919 1847 cuncta
1947 1794 2150 1860 patien-

567 1873 652 1921 ter
682 1866 918 1932 suﬂ'erte,
965 1876 1019 1922 et
1050 1867 1212 1922 Deum
1264 1867 1314 1920 in
1354 1866 1602 1920 omnibus
1647 1863 1944 1919 benedicite
1998 1873 2053 1916 ut
2090 1864 2145 1917 in

563 1937 718 1991 vobis
748 1939 916 2006 possit
945 1937 1154 2005 impleri
1177 1937 1315 2006 quod
1345 1937 1600 2004 scriptum
1633 1944 1733 2006 est,
1753 1933 1937 1987 Beatus
1965 1934 2039 1987 vir
2061 1935 2147 2006 qui

564 2005 1113 2078 suﬁ'erttentationem.
1137 2005 1375 2078 quoniam
1403 2024 1530 2078 cum
1549 2005 1979 2078 probatusfuerit,
2008 2005 2145 2056 acci-

602 2077 667 2130 iet
702 2094 942 2131 coronam
983 2078 1098 2131 vita:
1127 2076 1329 2148 (Jacobi
1369 2093 1408 2141 ι,
1433 2074 1566 2148 ⁸12)ζ
1611 2074 1927 2148 Cuttsoicttn'
1956 2091 2048 2127 vos
2090 2083 2146 2128 et

602 2094 667 2130 tet
702 2094 942 2131 coronam
983 2094 1098 2131 υιιω
1127 2094 1329 2148 placem
1369 2094 1408 2141 ι,
1454 2094 1566 2147 12).
1611 2094 1927 2130 uonsomnr
1956 2094 2048 2127 vos
2090 2094 2145 2128 et

563 2094 669 2219 {ioc
710 2148 856 2219 quod
883 2148 1012 2203 dicit
1041 2147 1329 2219 Apostolus
1368 2165 1380 2200 :
1412 2146 1543 2219 Quia
1592 2162 1704 2200 cum
1744 2144 2064 2219 tribulamur,
2111 2161 2145 2196 a

563 2215 786 2288 Domitio
805 2215 1129 2288 corripiatur,
1173 2227 1225 2270 ut
1263 2234 1365 2271 non
1392 2233 1505 2288 cum
1525 2218 1623 2288 [tog
1636 2215 1828 2288 mundo
1849 2217 2145 2288 damnentur

565 2286 610 2358 (l
649 2284 878 2359 Const,
909 2284 1021 2359 δί).
1062 2288 1358 2359 Necnonet
1379 2287 1504 2341 illud
1537 2284 2143 2359 :Ftage_lla_t__Dettstom-

564 2354 683 2411 nem
707 2358 871 2428 ﬁtium
896 2354 1043 2427 quem
1069 2358 1245 2428 recipit
1274 2356 1455 2428 (Hebr.
1478 2354 1691 2428 xtt,‘6).’
1710 2354 1777 2407 Et
1812 2354 1938 2428 illud
1965 2373 1977 2408 :
2003 2354 2143 2428 Quas

561 2436 701 2498 amat
728 2425 1001 2493 Dominus,
1024 2425 1192 2498 arguit
1216 2436 1263 2480 et
1284 2425 1511 2498 castigat
1535 2425 1714 2498 (Provf
1741 2425 1957 2498 ttt,_ll).
1990 2425 2140 2493 Quod

563 2497 611 2551 si
640 2499 802 2553 semel
833 2499 919 2554 vel
945 2498 1027 2553 bis
1056 2495 1320 2567 nequitias
1345 2495 1476 2568 quas
1501 2495 1757 2568 immittit,
1793 2495 2012 2568 viriliter
2060 2504 2140 2549 at-

561 2582 669 2637 que
694 2568 920 2624 fideliter
944 2584 1043 2640 pro
1082 2565 1175 2640 Dei
1204 2565 1387 2640 amore
1402 2566 1812 2640 _sustin_neriti_s_;
1843 2565 1913 2618 ita
1966 2566 2138 2640 ipsum

558 2635 748 2706 postea
774 2655 804 2692 a
832 2635 1007 2694 vestra
1033 2638 1372 2693 infestatione
1398 2638 1536 2692 Deus
1573 2635 1879 2705 dignabitur
1907 2636 2136 2706 repelle-

558 2705 643 2775 re,
671 2718 729 2765 ut
754 2710 976 2765 ulterius
1001 2709 1152 2763 vobis
1179 2723 1446 2777 nunquam
1472 2708 1639 2775 possit
1667 2720 1878 2760 nocere.
1913 2705 2137 2777 lutergo

558 2774 658 2833 vos
681 2780 726 2834 si
756 2780 868 2835 veri
899 2790 952 2834 et
978 2795 1084 2832 non
1112 2779 1228 2832 falsi
1258 2774 1528 2832 christiani
1559 2778 1708 2841 estis,
1734 2788 1920 2829 omnes
1949 2774 2135 2829 diabo-

556 2846 690 2903 licas
741 2848 1218 2903 circumventiones
1260 2847 1422 2916 fugite
1458 2860 1521 2899 ac
1569 2843 1860 2913 despicite,
1920 2853 1976 2899 et
2028 2854 2135 2899 tota

556 2926 740 2973 mente
768 2931 863 2971 vos
903 2918 969 2972 ad
1006 2918 1170 2971 Deum
1203 2915 1412 2980 tenete;
1441 2923 1499 2970 ut
1539 2929 1883 2985 quaecumque
1910 2915 2133 2970 adversa

556 2987 711 3043 vobis
734 2987 983 3043 inimicus
1012 2985 1311 3051 immiserit,
1360 2984 1623 3055 patienter
1661 2993 1715 3040 et
1744 2984 1951 3040 fertiter
2001 2985 2135 3041 tole-

554 3059 709 3129 retis.
740 3057 870 3112 Nam
896 3066 950 3113 et
974 3058 1017 3113 si
1038 3073 1133 3129 per
1159 3058 1438 3129 sortilegos
1458 3064 1549 3111 aut
1574 3055 1782 3129 divinos
1803 3055 2135 3129 aliquaprte-

554 3127 771 3197 dixerit,
820 3137 875 3184 et
904 3130 976 3184 ita
1020 3127 1280 3193 evenerit,
1309 3128 1471 3182 nolite
1514 3128 1692 3181 mirari
1719 3145 1733 3180 :
1766 3128 1886 3193 quia
1914 3128 2133 3196 spiritus

627 3216 653 3255 r
699 3216 821 3257 aera
866 3201 1126 3263 volantes,
1171 3198 1326 3254 facile
1367 3206 1587 3268 possunt
1623 3197 2130 3269 praevidereualiqua

580 3272 750 3327 'utura.
780 3271 854 3326 De
881 3271 979 3326 hac
993 3286 1052 3327 re
1072 3270 1246 3327 divina
1269 3267 1541 3338 Scriptura
1561 3267 1888 3322 contestatur
1901 3267 2084 3323 dicens
2112 3286 2126 3323 :

554 3339 774 3396 Etiamsi
798 3357 916 3396 vera
945 3342 1080 3395 vobis
1112 3341 1349 3403 dixerint,
1392 3339 1545 3392 nolite
1591 3339 1790 3392 credere
1827 3338 1937 3401 eis;
1976 3347 2131 3391 tentat

552 3414 689 3465 enim
716 3429 803 3466 vos
826 3410 1074 3464 Dominus
1100 3409 1238 3463 Deus
1272 3418 1447 3471 vester,
1474 3417 1644 3460 utrum
1672 3408 1886 3459 linteatis
1925 3423 2037 3459 eum
2062 3425 2130 3461 an

552 3497 656 3534 non
685 3480 1003 3551 (Deut._x1n.
1027 3480 1106 3551 ᾇ).
1124 3478 1271 3551 ΑΙΙιυᾱ
1314 3480 1473 3551 etiam
1500 3482 1706 3551 scitote,
1741 3478 1861 3545 quia
1890 3491 1988 3551 nec
2011 3493 2125 3551 vos,

550 3564 655 3605 nec
681 3546 878 3618 aliquid
907 3547 1049 3618 quod
1067 3546 1140 3602 ad
1167 3562 1260 3602 vos
1290 3547 1538 3618 pertinet,
1579 3546 1775 3618 laedere
1806 3547 1999 3618 poterit
2030 3548 2131 3602 ini-

549 3619 742 3689 micus,
769 3616 871 3675 nisi
894 3616 1148 3688 quantum
1171 3618 1473 3689 permiserit
1492 3617 1648 3689 Deus.
1670 3616 1931 3689 Permittit
1951 3628 2127 3689 autem

550 3687 658 3745 hoc
688 3691 849 3757 Deus,
876 3687 998 3762 quia
1023 3687 1239 3760 peccata
1265 3689 1542 3762 hominum
1571 3688 1683 3741 haec
1719 3687 1969 3762 exigunt._
1993 3687 2128 3762 Perg

549 3761 716 3816 mittit
738 3757 918 3818 autem
947 3757 1154 3818 duabus
1173 3776 1238 3817 ex
1263 3758 1439 3815 causis
1465 3776 1478 3813 :
1512 3768 1568 3813 ut
1594 3765 1686 3812 aut
1715 3757 1900 3827 probet
1928 3758 1972 3812 si
2004 3759 2124 3815 boni

549 3833 700 3903 estis,
732 3843 824 3888 aut
851 3833 1075 3903 castiget
1118 3834 1163 3888 si
1215 3842 1542 3903 peccatores.
1590 3829 1696 3884 Sed
1734 3828 1823 3897 qui
1865 3829 2128 3903 patienter

547 3900 1009 3973 dispensationem
1042 3903 1135 3959 Dei
1180 3900 1522 3973 sustinuerit,
1566 3908 1624 3973 ut
1673 3914 1794 3973 cuin
1836 3900 2128 3973 perdiderit

548 3968 769 4043 aliquid,
799 3974 964 4040 dicat,
996 3972 1243 4027 Dominus
1262 3972 1422 4036 dedit,
1460 3970 1701 4025 Dominus
1730 3968 1972 4043 abstulit;
1998 3971 2126 4043 sicut

550 4038 771 4098 Domino
801 4038 1014 4114 placuit,
1056 4045 1128 4114 ita
1154 4048 1344 4114 factum
1358 4051 1435 4114 est
1455 4058 1475 4096 :
1494 4043 1768 4114 sitnomen
1815 4038 2020 4095 Domini
2044 4042 2127 4095 be-

547 4111 810 4167 nedictum
828 4114 947 4184 (Job
1002 4131 1040 4180 ι,
1068 4111 1197 4183 2!);
1228 4128 1324 4181 pro
1352 4113 1450 4184 ista
1479 4112 1728 4184 patientia
1754 4119 1845 4184 aut
1872 4125 2125 4167 coronam

546 4184 770 4251 recipiet
797 4181 844 4238 si
884 4185 1060 4251 justus
1093 4181 1194 4246 ρει,
1239 4190 1330 4251 aut
1359 4181 1738 4251 indulgentiam
1764 4181 1808 4234 si
1858 4192 2122 4248 peccator.

546 4248 698 4316 Quod
728 4253 772 4304 si
799 4248 1225 4311 murmuraverit,
1253 4250 1334 4303 vel
1366 4248 1759 4318 desperaverit;
1787 4264 1965 4303 rerum
1986 4252 2129 4318 pari-

546 4328 635 4374 ter
672 4327 727 4372 et
760 4321 951 4374 animus
999 4320 1250 4373 damnum
1292 4320 1539 4372 incurret.
1581 4317 1685 4371 Sed
1728 4318 1858 4370 mihi
1900 4317 2122 4387 credite,

546 4387 762 4452 fratres,
791 4394 910 4458 quia
932 4390 976 4444 si
1004 4405 1067 4444 ex
1098 4397 1209 4442 toto
1242 4388 1405 4443 corde
1446 4401 1659 4455 semper
1703 4386 1756 4458 in
1804 4387 1992 4441 timore
2033 4386 2124 4445 Dei

547 4456 986 4530 permanseritis,
1019 4468 1072 4514 et
1102 4466 1363 4530 praecepta
1403 4456 1921 4530 ejnscustodieritis,
1968 4459 2039 4511 ita
2071 4470 2125 4514 ut

547 4528 725 4585 nullas
753 4546 821 4585 ex
851 4531 1031 4601 gentili
1052 4528 1433 4601 censuetudine
1459 4528 1860 4601 adinventiones
1876 4529 2124 4601 observe-

546 4602 617 4656 tis
647 4618 661 4668 ;
694 4602 823 4656 nihil
857 4598 1004 4655 vobis
1048 4600 1294 4654 inimicus
1341 4614 1535 4654 nocere
1562 4599 1775 4667 poterit,
1814 4598 1907 4652 sed
1947 4601 2122 4654 omnia

544 4681 722 4726 vestra
749 4672 1219 4742 prosperabuntur.
1246 4671 1409 4725 Recto
1434 4669 1573 4724 enim
1601 4669 1890 4723 christiano
1915 4684 2013 4723 nec
2031 4685 2126 4725 au-

545 4744 695 4812 guria
720 4741 758 4809 ,’
786 4741 887 4797 nec
918 4743 1021 4796 alia
1056 4741 1305 4810 quaelibet
1330 4743 1578 4812 figmenta
1621 4755 1813 4812 nocere
1861 4751 2118 4812 possunt:

546 4810 672 4881 quia
713 4812 801 4865 ubi
839 4814 1045 4880 signum
1085 4812 1257 4865 crucis
1285 4825 1403 4864 cum
1434 4810 1536 4864 fide
1575 4820 1627 4865 et
1650 4811 1838 4881 timore
1868 4810 1958 4864 Dei
1984 4826 2122 4880 prte-

547 4880 790 4948 Cesserit,
823 4882 950 4936 nihil
980 4883 1047 4936 ibi
1077 4882 1272 4950 poterit
1288 4896 1482 4935 nocere
1509 4880 1772 4935 inimicus.
1798 4880 2014 4949 Tepidis
2034 4898 2124 4938 ve-

544 4966 609 5007 ro
637 4960 692 5007 et
717 4953 1103 5023 negligentibus
1141 4952 1261 5006 ideo
1299 4966 1491 5023 nocere
1522 4959 1741 5018 possunt
1763 4991 1778 5015 ,
1811 4952 1930 5020 quia
1966 4953 2124 5023 relin-

545 5032 771 5092 quentes
798 5022 902 5077 Dei
950 5032 1233 5103 prutcepta,
1279 5037 1378 5103 per
1418 5022 1690 5103 vitte‘suze
1749 5022 2121 5103 negligentiam

545 5090 706 5162 prava
727 5107 888 5161 Opera
918 5090 1239 5155 exercendo,
1278 5090 1377 5160 ipsi
1426 5107 1485 5146 se
1528 5090 1835 5162 daemonum
1876 5090 2120 5162 potestati

544 5161 834 5232 spontanea
867 5162 1078 5216 tradunt
1107 5162 1407 5232 voluntate:
1435 5162 1522 5231 qui
1552 5161 1596 5214 si
1615 5161 1665 5214 in
1693 5162 1911 5216 servitio
1925 5161 2120 5217 Christi

549 5231 973 5302 perseverarent,
1006 5240 1062 5287 et
1090 5247 1183 5300 per
1210 5231 1323 5300 ejus
1344 5233 1595 5302 auxilium
1625 5231 1959 5287 solummodo
1989 5248 2119 5288 con-

544 5301 803 5366 fiderent,
835 5304 961 5356 nihil
1003 5316 1216 5371 prorsus
1248 5301 1372 5355 tnali
1404 5311 1726 5371 paterentur.

618 5373 809 5446 l0.t(b)
841 5374 964 5446 Haec
982 5387 1109 5441 ergo
1136 5373 1383 5438 scientes,
1413 5373 1537 5446 totis
1572 5386 1667 5426 vos
1696 5371 1895 5428 viribus
1920 5373 1986 5446 ad
2027 5374 2119 5430 Dei

543 5443 963 5498 misericordiam
1007 5453 1200 5506 tenete,
1242 5457 1404 5511 Opera
1435 5443 1572 5498 bona
1617 5457 1829 5512 semper
1856 5445 2017 5512 agite,
2067 5455 2121 5501 et

543 5514 613 5569 de
636 5515 931 5569 substantia
958 5522 1129 5568 vestra
1152 5514 1470 5584 pauperibus
1495 5524 1727 5583 erogate.
1756 5514 1853 5582 Qui
1877 5515 1995 5585 plus
2020 5516 2118 5570 ha-

602 5648 683 5772 ξαζ
701 5655 766 5698 Ex
788 5664 936 5702 serm.
961 5650 1071 5712 2'78,
1095 5664 1177 5699 nu.
1201 5649 1233 5699 2
1272 5651 1304 5700 5
1321 5651 1442 5724 et}.

633 5710 661 5758 b
706 5716 769 5761 sx
791 5726 940 5766 εει-ιιι.
960 5713 1039 5772 78,
1061 5727 1143 5763 nn.
1167 5712 1216 5772 θ,
1234 5686 1282 5763 is.
1306 5713 1353 5772 2,
1377 5727 1428 5765 ιιι

633 5686 683 5772 Si
703 5686 769 5761 Ei:
788 5686 940 5766 Ξὲἓῧζ
960 5686 1662 5795 ἱέξὶὲῗὸῖὲῗὶξπῖᾌυυωα.
1687 5715 1801 5765 torni
1821 5715 1868 5766 ες.

2079 5798 2102 5827 Ι

2032 5812 2167 5856 Ἴλαν.

2050 258 2406 317 ΔΡΡΕΝΒΙΧ.

2754 234 2780 241 »ο

3718 270 3868 335 1176

2266 380 2375 464 bet,
2396 382 2522 464 plus
2551 381 2748 464 tribuat
2762 381 2897 464 ;._qu_i
2924 398 3048 464 vero
3067 383 3265 464 minus,
3293 383 3361 442 de
3377 384 3481 444 hoc
3508 389 3626 464 ipso
3646 392 3860 464 Iurgia-

2266 461 2351 531 tot:
2395 453 2580 508 beatus
2618 462 2692 531 _et
2734 452 2938 531 hilaris.
2970 453 3342 531 Unusquisque
3386 452 3547 531 quod'
3567 452 3855 531 praevalet,

2266 523 2463 597 tribuat
2498 542 2511 578 :
2543 524 2663 593 quia
2715 524 2962 597 nimirum
3011 535 3093 580 est
3128 523 3271 580 unde
3313 523 3582 597 gaudebit:
3631 523 3855 592 Scilicet

2263 594 2354 717 qui
2400 594 2490 648 dat
2521 610 2727 663 parum,
2771 595 2996 663 accipiet
3038 594 3747 663 initltntnfsicntDominus
3771 609 3847 663 ad

2314 665 2548 717 uostelos
2579 665 2833 717 promittit
2876 666 3077 717 dicens.
3109 666 3408 717 Cenlunlum
3431 673 3657 717 acrinio),
3695 687 3743 717 ρι
3768 679 3847 717 1ιῖ-

2314 665 2548 733 postolos
2578 665 2833 742 promittit
2860 666 3077 742 dicens,
3109 666 3408 742 Centupluttt
3431 673 3661 742 accipiet,
3695 687 3743 729 et
3768 679 3852 732 vi-

2264 743 2366 787 tam
2392 744 2633 817 (sternam
2655 735 2930 817 possidebit;
2946 735 3155 817 (Matth.
3179 735 3292 797 ιη’.
3315 738 3430 810 29).
3457 735 3572 817 Dat,
3601 735 3845 817 inquam,

2264 819 2559 882 nummum,
2589 815 2641 859 et
2663 815 2937 882 comparat
2962 807 3180 862 cmleste
3201 807 3460 882 regnum;
3494 813 3583 867 dat
3619 807 3844 882 pa'rvani

2265 877 2558 953 pecuniam,
2591 886 2645 930 et
2691 879 2819 931 emit
2855 878 3018 953 vitam
3049 877 3321 953 :eternam.
3355 880 3555 937 Tenetc
3584 877 3711 953 ergo
3742 904 3846 945 vos

2261 945 2326 1029 ad
2353 948 2744 1029 cleemosynam
2766 963 2780 1011 ;
2803 946 2949 1027 quia,
2968 947 3103 1029 sicut
3130 949 3384 1029 scriptum
3401 963 3502 1029 est,
3522 945 3847 1029 eleeinosyna

2261 1015 2326 1088 de
2345 1027 2502 1088 morte
2523 1015 2716 1088 liberat,
2748 1027 2795 1070 et
2817 1015 2904 1086 qui
2928 1034 3036 1071 eam
3066 1015 3259 1088 fecerit,
3291 1037 3391 1075 non
3420 1015 3507 1075 ibit
3537 1026 3589 1077 in
3606 1015 3843 1085 tenebras

2262 1084 2411 1161 (Tobt.
2434 1104 2505 1153 tv,
2530 1088 2638 1161 fl).
2661 1084 3032 1161 Unusquisque
3052 1084 3304 1161 quantum
3331 1095 3599 1161 prmvalet.
3632 1105 3843 1153 tantum

2263 1157 2513 1225 porrigat.
2543 1157 2641 1233 Qui
2676 1159 2831 1212 habet
2853 1157 3185 1233 aurum,’det
3206 1157 3394 1216 aurum
3423 1182 3435 1216 :
3470 1173 3525 1217 et
3552 1169 3638 1233 qui
3675 1167 3844 1224 habet

2259 1238 2555 1300 argentum,
2578 1228 2669 1300 det
2695 1237 3015 1300 argentum:
3041 1230 3128 1300 qui
3161 1246 3287 1285 vero
3327 1247 3430 1287 non
3477 1228 3636 1290 habet
3666 1253 3838 1300 pecu-

2259 1253 2555 1296 au‘gcutum,
2578 1253 2669 1282 υυι
2695 1253 2971 1298 argentum
3004 1253 3128 1300 :qm
3163 1253 3287 1285 vero
3327 1253 3430 1287 non
3477 1253 3636 1290 nabet
3754 1256 3838 1292 'tl-

2259 1299 2422 1376 niam,
2448 1314 2564 1376 eum
2596 1299 2740 1376 bono
2754 1299 2936 1353 animo
2960 1299 3051 1354 det
3078 1302 3485 1376 pauperibustet
3504 1253 3797 1363 buccemt
3820 1327 3838 1376 ;

2257 1376 2310 1421 et
2337 1369 2379 1422 si
2410 1384 2514 1423 non
2543 1368 2700 1423 habet
2727 1369 3011 1448 integram,
3044 1386 3204 1448 exeo
3230 1373 3370 1448 quod
3402 1372 3562 1448 habet
3596 1368 3834 1448 frangat,

2257 1448 2311 1492 et
2343 1448 2544 1515 partem
2585 1454 2750 1515 egeno
2782 1439 2996 1515 tribuatt
3046 1439 3189 1495 Sciat
3216 1439 3594 1515 quiaquamvis
3641 1439 3840 1515 parum

2257 1524 2376 1562 cum
2400 1510 2539 1562 bono
2568 1510 2744 1563 animo
2775 1509 3047 1573 tribuerit,
3080 1509 3409 1579 acceptabile
3442 1513 3549 1569 Deo
3573 1509 3696 1571 erit.
3730 1519 3843 1573 Do-

2259 1579 2433 1649 minus
2455 1579 2594 1632 enim
2617 1595 2721 1632 non
2759 1581 2909 1649 copia
2940 1580 3219 1649 largitatis,
3248 1582 3338 1636 sed
3375 1583 3746 1642 benevolentia
3777 1600 3839 1644 et

2256 1648 2537 1722 devotione
2569 1648 2861 1722 delectatur
2894 1661 2947 1704 et
2972 1648 3201 1718 pascitur
3239 1652 3526 1722 largientis.
3561 1655 3627 1712 Ut
3650 1669 3839 1715 autem

2254 1721 2428 1794 nullus
2451 1734 2650 1788 pauper
2674 1720 3104 1794 abeieemosyna
3134 1736 3191 1794 se
3213 1720 3466 1779 excusare
3489 1730 3671 1794 possit,
3717 1731 3731 1784 i

2256 1789 2513 1843 Dominus
2545 1805 2639 1858 pro
2665 1790 2829 1843 calice
2850 1789 3230 1862 aqum‘frigidzc
3251 1808 3309 1847 se
3335 1789 3636 1851 tnerccdem
3659 1789 3839 1854 reddi-

2256 1868 2429 1933 turum
2460 1876 2591 1933 esset
2610 1861 2850 1928 promisit
2878 1859 3174 1928 (Matt/1.},
3202 1862 3316 1933 42).
3361 1864 3461 1931 Qui
3487 1868 3628 1921 enim
3658 1886 3687 1921 a
3721 1871 3839 1926 Deo

2254 1929 2430 2007 plures
2460 1929 2748 2007 facultates
2756 1932 2979 2007 accepit,
3004 1933 3172 2007 magis
3196 1929 3585 2004 utiqttejudicii
3619 1941 3837 2007 pericu-

2251 1999 2359 2052 lum
2387 1999 2686 2071 sustinebit.
2717 2000 2891 2054 Potuit
2918 1999 3113 2071 nempe
3141 1999 3495 2062 Deus'omnes
3521 1999 3714 2064 divites
3743 2012 3833 2065 fa-

2250 2084 2377 2149 cere
2403 2070 2553 2149 :_sed_
2585 2084 2846 2149 pauperes
2885 2072 3004 2126 ideo
3026 2070 3076 2149 in
3102 2073 3207 2130 hoc
3254 2077 3453 2130 mundo
3480 2093 3601 2134 esse
3634 2081 3829 2149 voluit,

2253 2140 2518 2212 ntdivites
2543 2140 2797 2194 haberent
2820 2143 3087 2210 quomodo
3115 2154 3323 2212 peccata
3355 2163 3447 2200 sua
3478 2140 3827 2208 redimerem:

2248 2208 2665 2290 Redimiteergo
2696 2226 2810 2290 vos,
2837 2208 3155 2290 charissimi,
3191 2215 3315 2268 dum
3343 2215 3549 2290 habetis
3589 2221 3638 2274 in
3667 2233 3831 2290 pote-

2249 2289 2385 2360 state
2413 2281 2670 2360 pretium;
2719 2280 2848 2360 date
2892 2283 3303 2360 eleemosvnant
3329 2286 3410 2360 de»
3440 2288 3576 2344 bono
3604 2280 3829 2360 et'jnsto

2249 2350 2453 2423 labore,
2483 2358 2538 2404 et
2565 2367 2669 2404 non
2700 2350 2768 2406 de
2788 2352 3007 2406 alterius
3046 2350 3252 2423 rapina.
3281 2357 3470 2412 Audite
3511 2350 3830 2420 modo'ante

2248 2418 2391 2500 fores
2419 2431 2621 2500 vestras
2645 2436 2904 2500 pauperes
2932 2418 3199 2500 rogantes,
3222 2434 3280 2479 ut
3308 2428 3487 2500 etipsi
3508 2499 3511 2500 ν
3534 2446 3627 2498 pro
3669 2418 3830 2489 vobis

2247 2490 2298 2562 in
2326 2490 2411 2562 die
2424 2491 2605 2559 judicii
2628 2502 2831 2558 rogent.
2864 2490 3185 2562 Prophetam
3206 2490 3826 2560 attendiieclamantem:

2249 2559 2349 2641 Qui
2384 2562 2661 2643 avertat-itu
2691 2562 2879 2631 inquit,
2935 2559 3106 2618 aurem
3155 2581 3296 2643 suam
3339 2567 3399 2619 ab
3440 2585 3612 2643 egeno.
3643 2582 3689 2626 et
3714 2559 3833 2643 ipse

2244 2630 2488 2711 invocabit
2510 2628 2805 2711 Dominum,
2843 2643 2889 2686 et
2919 2647 3019 2687 nan
3046 2636 3421 2711 estaudicteum
3466 2628 3652 2707 Il’rov.
3700 2628 3827 2711 x'xt,

2245 2699 2356 2780 is).
2390 2700 2687 2780 Date-ergo
2713 2701 2779 2780 de
2826 2717 2891 2757 eo
2919 2705 3060 2780 quod
3100 2705 3236 2780 Deus
3273 2707 3416 2780 dedit
3442 2699 3628 2780 vobis;
3683 2699 3825 2780 quia

2244 2771 2357 2851 ipse
2386 2771 2577 2851 accipit
2600 2771 2739 2851 quod
2771 2771 3090 2851 pauperibus
3118 2775 3271 2851 datis.
3290 2776 3394 2844 lpsi
3415 2771 3629 2851 quidem
3649 2771 3822 2849 datis,

2242 2840 2335 2921 sed
2355 2840 2511 2921 vobis
2540 2842 2592 2894 in
2616 2841 2862 2921 futurum
2866 2840 3256 2921 transmittitis;
3292 2840 3824 2921 nonundeventreni

2241 2911 2527 2989 impleatis,
2552 2911 2647 2989 sed
2672 2913 2814 2989 unde
2830 2913 3071 2989 flammas
3101 2917 3446 2986 exsnnguatis
3480 2938 3492 2972 :
3520 2922 3642 2989 quia
3687 2925 3822 2978 sicut

2240 2996 2371 3064 aqua
2392 2983 2662 3064 casm-rguit
2688 2984 2873 3064 ignﬂn,
2900 2986 2972 3064 ita
2992 2983 3307 3064 eleemosyna
3330 2983 3597 3060 exstinguit
3634 3009 3819 3060 pecca-

2241 3059 2346 3132 tum
2395 3050 2580 3132 (Efcti.
2636 3050 2723 3132 1",:
2757 3055 2869 3132 3'5)_.
2910 3054 3044 3132 llinc
3072 3050 3321 3132 Dominus
3363 3075 3457 3126 per
3493 3050 3817 3132 prophetam

2239 3120 2367 3176 dicit
2398 3120 2412 3174 ἑ
2442 3121 2645 3201 Dabunt
2662 3120 2858 3201 _singul_i
2878 3125 3270 3194 redemptionem
3282 3120 3570 3201 animarum
3585 3120 3812 3201 suarum,

2238 3200 2284 3272 et
2309 3209 2407 3272 non
2433 3193 2524 3272 erit
2548 3194 2600 3246 in
2625 3194 2697 3272 eis
2720 3193 2920 3249 morbus
2948 3193 3112 3272 neque
3139 3214 3305 3251 casus.
3350 3200 3480 3255 Date
3501 3217 3651 3272 ergo,
3684 3193 3814 3259 dunt

2237 3261 2381 3326 licet,
2404 3263 2825 3333 redemptionem
2872 3261 3167 3320 animarum
3206 3278 3499 3325 vestrarum
3525 3261 3814 3331 :‘redimite

2236 3346 2332 3406 vos
2361 3334 2458 3402 ipsi
2485 3332 2611 3388 dum
2642 3334 2833 3401 vivitis,
2854 3335 2976 3405 quia
2998 3345 3117 3406 post
3141 3348 3365 3394 mortem
3392 3356 3552 3396 nemo
3566 3358 3660 3398 vos
3686 3345 3813 3401 red-

2236 3402 2401 3458 imere
2427 3413 2620 3459 potest.

2311 3420 2401 3458 ere
2462 3420 2620 3459 eteSt.

2310 3420 2497 3600 H.311)
2531 3474 2901 3545 Unusquisque
2925 3475 2994 3531 de
3036 3477 3175 3547 quali
3219 3478 3428 3548 ingenio
3467 3484 3551 3539 vel
3585 3485 3812 3541 artificio

2310 3547 2381 3600 rit.
2448 3560 2478 3600 e
2509 3545 2622 3600 iuso
2660 3544 2917 3600 decimam
2948 3547 3056 3600 Deo
3091 3549 3142 3600 in
3189 3552 3505 3600 pauperibus
3534 3555 3614 3600 vel
3640 3557 3812 3600 ρρτ-Ιρ..

2234 3546 2389 3619 vivit,
2410 3544 2478 3600 de
2509 3545 2622 3619 ipso
2660 3544 2917 3619 decimam
2948 3544 3066 3602 Deo
3091 3549 3142 3602 in
3189 3544 3505 3619 pau'perihus
3534 3555 3615 3609 vel
3640 3557 3813 3611 eccle-

2235 3615 3046 3695 sinistdonet.’Considerethquia
3077 3621 3253 3695 omnia
3282 3615 3375 3675 Dei
3406 3632 3531 3695 sunt
3567 3639 3661 3693 per
3688 3642 3811 3695 qua:

2234 3686 2382 3748 vivit,
2405 3686 2517 3740 sive
2541 3694 2678 3740 terra
2704 3726 2718 3751 ,
2746 3686 2858 3741 sive
2884 3685 3120 3754 ﬂumina,
3149 3689 3267 3744 sive
3294 3685 3604 3755 semina,vél
3631 3685 3809 3752 oninia

2234 3771 2352 3833 qua;
2388 3756 2487 3810 sub
2521 3755 2659 3833 coelo
2685 3756 2770 3833 vel
2798 3771 2957 3833 super
2986 3758 3347 3833 etelos_sunt_:
3386 3770 3441 3817 et
3482 3764 3527 3818 si
3559 3765 3671 3833 ipse
3701 3781 3808 3822 non

2233 3825 2485 3904 dedisset,
2513 3825 2643 3880 nihil
2668 3827 2848 3904 utique
2867 3825 3114 3904 haberet.
3142 3829 3272 3904 Nam
3304 3830 3443 3904 Deus
3466 3825 3647 3889 noster
3666 3878 3681 3900 ,
3712 3838 3805 3904 qui

2233 3897 2479 3974 dignatur
2507 3905 2673 3951 totum
2699 3897 2861 3974 dare,
2875 3897 3134 3974 decimam
3163 3900 3247 3974 det
3267 3915 3365 3974 suo
3386 3903 3633 3974 dignatur
3655 3897 3684 3959 a
3711 3897 3810 3962 tio—

2232 3967 2315 4042 bis
2335 3975 2594 4042 repetere,
2631 3983 2734 4021 non
2763 3967 2863 4022 sibi
2895 3967 3123 4042 penitus,
3156 3970 3249 4025 sed
3274 3971 3425 4027 nobis
3445 3967 3806 4042 profuturam.

2233 4036 2322 4092 Sic
2348 4038 2487 4093 cnim
2532 4038 2642 4106 ipse
2678 4052 2771 4106 per
2809 4036 3121 4109 prophetam
3161 4042 3403 4109 promisit
3446 4036 3626 4100 dicens
3659 4063 3674 4101 :
3706 4046 3808 4101 ln-

2233 4112 2373 4186 [erte,
2404 4109 2610 4186 inquit,
2631 4124 2830 4186 pmnem
2858 4107 3101 4186 decimam
3135 4107 3187 4163 in
3218 4112 3409 4186 (terreis
3436 4122 3557 4169 mets
3575 4155 3590 4181 ,
3618 4127 3664 4170 et
3687 4134 3812 4186 pro-

2232 4177 2342 4232 bate
2382 4195 2461 4232 me
2508 4180 2559 4231 in
2590 4178 2686 4254 Itis,
2718 4177 2841 4254 dicit
2868 4177 3125 4254 Dominus
3145 4196 3164 4235 :
3188 4181 3233 4236 si
3266 4198 3366 4236 non
3391 4177 3633 4254 aperuere
3669 4177 3810 4242 vobis

2231 4256 2512 4328 cataractas
2531 4248 2739 4328 (χειῇ-ξι
2753 4246 2989 4328 effudere
3018 4250 3152 4328 vobis
3175 4254 3367 4328 [ructus
3396 4246 3542 4309 terra!
3561 4272 3713 4328 usque
3735 4260 3811 4312 ad

2232 4317 2596 4395 abundantiam
2628 4316 2877 4395 (Mataclt.
2906 4335 2979 4384 tn,
3018 4320 3140 4391 10).
3170 4316 3395 4395 Reddite
3433 4316 3810 4395 ergolibenler

2230 4388 2577 4466 decimamex
2615 4388 2859 4466 omnibus
2897 4404 3015 4466 qua:
3056 4388 3334 4466 pessidetis
3377 4388 3538 4464 supe'r
3582 4404 3805 4466 terram,

2229 4458 2371 4582 Ἅι]οά
2399 4460 2719 4528 cognoscitis
2748 4458 2856 4513 Deo
2883 4458 3090 4527 placere
3112 4502 3126 4526 ,
3153 4461 3221 4517 de
3252 4458 3515 4519 frumento
3538 4508 3553 4533 ,
3584 4466 3651 4522 de
3678 4458 3805 4524 vino

2267 4544 2296 4581 e
2321 4528 2605 4582 legatione.
2637 4529 2703 4582 de
2734 4529 2873 4582 l'eno.
2902 4528 2968 4582 de
2995 4545 3123 4582 auro
3144 4572 3158 4582 .
3186 4532 3253 4582 de
3278 4545 3524 4582 amento-
3554 4535 3619 4582 de
3644 4552 3805 4582 ηρρη.

2267 4544 2296 4604 e
2321 4528 2605 4604 legumine,
2637 4529 2703 4583 de
2734 4529 2873 4604 leno,
2902 4528 2968 4583 de
2995 4545 3123 4584 auro
3144 4572 3158 4594 ,
3186 4532 3253 4604 de
3278 4528 3619 4603 argento,'de
3644 4552 3809 4604 peco-

2228 4598 2395 4665 ribus,
2424 4599 2638 4666 insuper
2666 4607 2718 4652 et
2762 4599 2998 4652 lanarum
3026 4615 3096 4654 ex
3126 4602 3298 4665 ovium
3341 4598 3599 4661 tonsione.
3630 4598 3809 4663 Nolite

2229 4670 2294 4722 de
2316 4679 2507 4722 cuncta
2527 4669 2815 4722 substantia
2846 4677 3017 4723 vestra
3036 4670 3275 4726 fraudare
3295 4673 3555 4729 decimam
3578 4695 3590 4730 :
3620 4692 3685 4732 ne
3710 4694 3811 4731 vo-

2229 4740 2310 4793 bis
2339 4753 2526 4793 novem
2566 4749 2745 4806 partes
2781 4736 3108 4806 auferantur,
3151 4744 3204 4796 et
3241 4743 3351 4796 sola
3395 4744 3599 4799 decima
3630 4762 3809 4802 rema-

2228 4817 2370 4885 neat.
2398 4807 2866 4885 Convertiminitad
2890 4807 3009 4885 hoc,
3037 4811 3162 4885 dicit
3188 4812 3460 4885 Dominus,
3484 4824 3537 4869 ut
3565 4817 3803 4885 aperiam

2231 4878 2381 4932 vobis
2397 4887 2688 4932 cataractas
2702 4878 2842 4945 eteli,
2861 4888 2913 4933 et
2925 4880 3189 4936 effundam
3215 4883 3366 4938 vobis
3382 4878 3806 4943 benedictionem

2228 4963 2399 5003 meum
2428 4946 2659 5028 (mea
2683 4948 2720 5017 ).
2851 4951 3021 5028 igitur
3037 4952 3291 5028 dederitis
3318 4955 3613 5028 voluntarie
3637 4997 3651 5021 ,
3682 4959 3807 5028 plus

2227 5035 2439 5097 semper
2466 5020 2717 5073 Dominus
2743 5019 3091 5097 dabitvobis:
3125 5025 3169 5077 si
3199 5039 3301 5097 non
3328 5023 3600 5097 dederitis,
3626 5019 3809 5097 quan-

2229 5092 2495 5164 ticumqtte
2524 5105 2784 5164 pauperes
2811 5091 2861 5145 in
2890 5092 3020 5164 locis
3062 5096 3111 5147 in
3134 5094 3323 5164 quibus
3364 5091 3809 5163 habitatis—fame

2227 5163 2419 5215 mortui
2447 5160 2663 5225 fuerint,
2699 5170 2961 5216 tantorum
2981 5160 3382 5219 bomicidiornm
3412 5166 3487 5220 rei
3516 5160 3681 5221 eritis.
3712 5167 3808 5222 ln-

2227 5246 2386 5300 super
2407 5231 2653 5303 imtnittet
2677 5232 2828 5286 vobis
2843 5232 3098 5303 Dominus
3121 5234 3473 5303 pestilentiam
3495 5247 3549 5291 et
3570 5235 3761 5293 famem
3786 5255 3805 5294 :

2227 5312 2280 5357 et
2319 5301 2549 5371 perdelis
2602 5310 2765 5355 totum
2816 5302 2962 5371 quod
3011 5301 3237 5368 habetis,
3285 5319 3492 5361 necnon
3535 5307 3705 5363 adhuc
3747 5322 3812 5366 et

2226 5373 2431 5451 animas
2464 5380 2686 5451 vestras.
2716 5371 2785 5427 Ut
2820 5383 2993 5451 autem
3027 5372 3160 5451 iure
3208 5374 3359 5451 vobis
3410 5392 3516 5451 non
3561 5379 3804 5451 veniant,

2227 5441 2471 5496 festinate
2497 5458 2616 5494 cum
2640 5444 2778 5496 bono
2806 5444 2983 5495 animo
3007 5441 3152 5506 dare,
3187 5444 3328 5499 unde
3355 5448 3560 5502 animas
3598 5441 3811 5507 vestras

2228 5512 2738 5583 possitisredimere.
2758 5511 2864 5565 Nec
2879 5512 3082 5581 eligatis
3100 5514 3184 5567 cui
3206 5516 3621 5573 misericordiam
3640 5520 3809 5575 facia-

2229 5583 2315 5649 tis,
2345 5598 2414 5637 ne
2441 5582 2578 5637 forte
2603 5583 2927 5652 praetereatis
2971 5598 3092 5636 eum
3131 5584 3219 5654 qui
3251 5596 3486 5642 meretur
3515 5591 3755 5660 accipere
3787 5607 3805 5647 :

2291 5715 2362 5779 (a)
2387 5714 2488 5768 vid.
2512 5724 2659 5795 serat.
2683 5713 2790 5777 377,
2814 5727 2899 5768 nu.
2926 5714 2972 5779 1,
2996 5716 3044 5781 5,
3065 5717 3115 5769 in
3136 5719 3407 5784 Appendice
3433 5723 3549 5774 tomi
3562 5723 3612 5774 ὅ.

3709 5850 3723 5857 ε
3744 5847 3840 5860 *ηδ
