4088 6202
356 212 492 277 m7
587 163 921 218 Μ*
967 207 998 218 '

390 342 475 399 uia
513 340 730 398 nescitis
775 341 830 399 in
880 356 1038 415 quem
1090 342 1335 401 Christus
1380 343 1622 415 dignetur
1650 341 1919 398 advenire.

426 414 1293 540 ξέῗιὶἓῑιῧΐςιοίέιῗῗίέηῗὲεξῖιέἓῗ
1314 422 1926 540 αἲιῗῗιῖξῖὶῗίόιὶῗυέξῖἒῗ

352 484 638 565 largimini,
658 484 1106 565 sedentiin—etelo
1130 486 1291 565 datis,
1314 484 1402 557 qui
1424 484 1577 565 dixit,
1734 500 1927 565 uerre-

352 554 494 625 cipit,
519 556 795 627 meqrecipit
819 556 837 626 (
862 555 1048 611 Matth.
1078 570 1111 611 χ
1134 598 1147 619 ,
1172 556 1280 627 40)
1303 554 1419 627 (et,
1456 554 1717 627 Quamdiu
1740 555 1927 625 fecistis

351 624 445 700 uni
461 642 528 700 ea;
544 624 771 700 minimis
798 624 940 687 meis.
968 628 1092 681 mihi
1130 624 1436 700 fecistisUd‘.
1468 641 1593 700 xxv,
1621 624 1691 680 40
1711 624 1749 692 ).

423 695 508 751 12.
543 696 682 751 inter
718 695 834 752 haec
856 704 1033 751 autem
1059 695 1232 752 omnia
1255 695 1372 765 quae
1401 696 1652 750 Dominus
1689 696 1925 751 exerceri

350 767 607 837 przecepit
634 765 882 821 bonitatis
906 782 1066 836 opera
1091 810 1106 834 ,
1130 766 1257 822 nihil
1288 766 1428 820 aliud
1463 781 1493 819 a
1535 766 1687 819 vobis
1713 767 1924 834 quierit,

355 837 456 892 nisi
495 837 723 892 salutem
761 838 1070 911 animarum
1105 847 1401 911 vestrarum
1437 855 1450 890 :
1484 845 1538 911 et
1586 844 1647 891 ut
1697 837 1927 911 timentis

352 921 477 963 eum
502 921 748 977 semper,
786 915 841 962 et
866 906 1176 963 custodiatis
1221 905 1338 977 ejus
1381 906 1645 960 mandata.
1691 905 1842 973 Quod
1881 906 1925 959 si

351 978 601 1041 feceritis,
624 976 777 1032 dabit
802 977 976 1043 vobis,
1004 978 1142 1032 sicut
1173 976 1267 1046 per
1288 977 1506 1047 Moysen
1533 976 1796 1045 pollicitus
1821 985 1921 1040 est,

351 1047 556 1116 pluvias
580 1060 816 1115 congruo
845 1056 1083 1117 tempore
1107 1090 1120 1109 ,
1152 1056 1206 1102 et
1232 1059 1370 1117 terra
1400 1055 1575 1101 vestra
1605 1047 1780 1116 gignet
1804 1061 1925 1115 ger-

352 1132 474 1172 men
501 1132 656 1173 suum
706 1135 719 1171 :
762 1118 863 1173 erit
904 1116 1223 1173 abundantia
1264 1116 1531 1171 fructuum
1557 1158 1570 1180 ,
1623 1131 1922 1185 pomorum,

350 1186 623 1257 vinearum
640 1197 697 1243 et
723 1197 981 1257 segetum,
1009 1197 1063 1242 et
1104 1188 1439 1244 abundabitis
1464 1187 1707 1240 omnibus
1751 1186 1921 1240 bonis.

351 1256 421 1310 Et
444 1257 590 1312 dabit
612 1258 763 1312 vobis
784 1256 965 1328 pacem
984 1274 1079 1327 per
1100 1258 1400 1320 circuitum,
1416 1265 1470 1311 et
1490 1258 1688 1326 absque
1712 1266 1916 1328 terrore

348 1328 501 1381 eritis
523 1367 539 1391 ,
573 1329 790 1396 ipseque
834 1328 1087 1383 habitabit
1112 1330 1248 1384 inter
1282 1342 1395 1381 vos.
1425 1328 1466 1382 E
1493 1338 1675 1381 contra
1701 1369 1715 1391 ,
1750 1327 1791 1379 si
1820 1341 1923 1380 non

349 1398 706 1469 custodieritis
726 1409 989 1469 prtecepta
1011 1399 1147 1467 ejus,
1176 1401 1227 1452 in
1252 1399 1403 1452 vobis
1429 1399 1642 1469 venient
1669 1398 1836 1467 plagae
1857 1398 1924 1450 ab

348 1467 537 1539 eodem
563 1466 744 1539 Moyse
771 1466 1059 1537 praedictae,
1083 1470 1377 1539 pestilentia
1417 1468 1619 1522 scilicet
1637 1508 1651 1526 .
1672 1466 1846 1521 tumes
1872 1478 1927 1539 et

344 1536 556 1606 gladius
589 1556 601 1592 :
630 1536 839 1609 eritque
862 1539 1053 1609 ctelum
1085 1536 1227 1593 sicut
1264 1538 1461 1593 ferrum
1486 1580 1501 1602 ,
1528 1549 1582 1592 et
1609 1546 1745 1591 terra
1773 1538 1921 1606 quasi

347 1616 695 1663 :erameutum
713 1624 728 1674 ;
749 1608 856 1664 hee
882 1608 1113 1677 proferet
1135 1617 1274 1663 terra
1303 1622 1518 1675 germen
1546 1622 1699 1661 suum
1720 1649 1733 1669 ,
1761 1618 1813 1661 et
1833 1622 1922 1662 se-

345 1687 497 1746 getes
512 1693 697 1733 omnes
718 1679 1033 1733 ddcbuntur
1051 1719 1066 1741 ,
1090 1680 1366 1747 omnisque
1384 1678 1532 1732 labor
1549 1677 1925 1747 vesterincas-

344 1762 463 1815 sum
512 1758 871 1804 consumetur.
918 1749 1138 1818 Insuper
1169 1746 1493 1818 consurgent
1533 1749 1582 1801 in
1612 1763 1705 1802 vos
1734 1746 1917 1802 hostes

345 1818 529 1880 vestri,
557 1826 614 1873 et
634 1819 909 1874 devorabit
936 1834 1032 1873 vos
1055 1818 1262 1886 gladius
1282 1861 1296 1885 ,
1324 1830 1379 1873 et
1415 1820 1517 1873 erit
1560 1827 1697 1872 terra
1745 1826 1919 1872 vestra

344 1887 555 1962 deserta
595 1898 649 1943 et
675 1889 909 1945 desolata
930 1889 950 1962 (
972 1888 1126 1943 Leuit.
1155 1906 1298 1953 xxvr,
1320 1888 1504 1962 5-45).
1552 1888 1618 1942 Et
1638 1896 1774 1962 tunc
1810 1889 1921 1942 cla-

344 1959 558 2029 mabitis
579 1975 686 2028 prae
708 1959 950 2029 angustia
969 2001 984 2023 ,
1010 1968 1066 2014 et
1092 1974 1196 2013 non
1240 1959 1502 2029 exaudiet
1515 1974 1610 2013 vos
1638 1959 1914 2021 Dominus,

344 2027 485 2083 sicut
506 2045 600 2098 per
628 2027 937 2099 prophetam
966 2030 1194 2084 minatur
1220 2029 1403 2084 dicens
1429 2047 1443 2083 :
1471 2027 1693 2082 Locutus
1712 2045 1842 2099 sum,
1872 2038 1918 2082 et

343 2113 448 2152 non
485 2097 789 2164 audierunt;
810 2110 857 2153 et
882 2100 1199 2163 clamabunt,
1227 2110 1273 2154 et
1299 2116 1400 2153 non
1435 2100 1701 2153 exaudiam
1728 2097 1917 2165 (Zac‘h.

341 2184 441 2233 vn,
470 2171 539 2224 15
561 2173 598 2240 l.
645 2170 814 2225 Etiam
840 2170 1095 2240 propheta
1127 2172 1320 2225 clamat
1350 2187 1363 2223 :
1407 2169 1525 2223 Non
1551 2178 1622 2223 est
1641 2169 1922 2222 abbreviata

342 2254 527 2291 manus
549 2239 774 2301 Domini,
800 2239 853 2293 ut
877 2257 976 2294 non
1007 2242 1163 2309 possit
1198 2240 1393 2294 salvere
1425 2249 1515 2293 aut
1535 2240 1808 2302 exaudire;
1833 2240 1920 2292 sed

339 2309 629 2380 iniquitates
657 2320 831 2365 vestra:
846 2312 1117 2365 diviserunt
1141 2312 1273 2364 inter
1299 2326 1385 2363 vos
1413 2320 1457 2363 et
1486 2309 1648 2362 Deum
1679 2317 1915 2380 vestrum,

338 2387 394 2432 et
422 2377 627 2451 peccata
646 2390 804 2451 vestra
829 2390 1060 2435 avertunt
1087 2382 1265 2451 faciem
1288 2381 1398 2451 ejus
1426 2396 1491 2433 ne
1508 2380 1743 2434 exaudiat
1765 2377 1916 2447 (Isai.

340 2464 455 2515 th,
488 2452 540 2517 1,
568 2450 656 2519 2).
687 2450 756 2507 Ut
785 2452 883 2506 ista
904 2467 1034 2507 vero
1059 2450 1213 2505 vobis
1240 2450 1341 2503 non
1377 2452 1707 2519 contingant,
1737 2459 1918 2504 custo-

338 2519 454 2575 dite
473 2537 592 2590 qna:
620 2530 883 2591 praecepta
911 2531 1054 2576 sunt.
1084 2521 1302 2590 Implete
1332 2519 1430 2575 Dei
1457 2520 1724 2591 mandata,
1752 2530 1809 2572 ut
1834 2522 1916 2573 vi-

336 2591 499 2660 vatis,
520 2601 574 2645 et
598 2593 731 2647 bene
751 2592 822 2646 sit
852 2592 1006 2646 vobis
1029 2633 1045 2655 ,
1072 2591 1310 2660 nihilque
1344 2590 1662 2644 calamitatis
1684 2591 1914 2660 eveniat.

336 2659 463 2729 Ipse
487 2662 627 2717 enim
655 2676 749 2731 per
775 2662 1085 2732 prephetam
1119 2658 1425 2732 conSolatur
1460 2660 1644 2732 dicens
1670 2678 1684 2732 ς
1713 2658 1774 2713 Si
1801 2676 1916 2729 ege—

334 2732 473 2803 rint,
510 2730 698 2800 inquit,
728 2730 1068 2803 penitentiam
1105 2747 1198 2803 pro
1229 2730 1575 2803 iniquitatibus
1598 2730 1704 2785 suis
1722 2771 1737 2793 ,
1759 2741 1807 2783 et
1826 2747 1916 2800 ego

335 2802 683 2873 pauitantiam
715 2801 866 2873 agam
895 2818 1047 2873 super
1084 2801 1431 2873 malum‘quod
1466 2801 1664 2873 locutus
1690 2816 1801 2855 sunt
1821 2839 1836 2861 ,
1861 2809 1918 2853 ut

335 2869 562 2942 [acerem
583 2872 684 2934 eis;
712 2869 883 2942 einen
901 2869 1108 2942 faciam,
1129 2872 1249 2924 dicit
1268 2870 1518 2925 Dominus
1539 2869 1750 2941 (Jerem.
1765 2885 1912 2937 xvut,

333 2939 441 3008 8).
499 2942 624 2997 Haec
648 2956 795 3010 ergo.
819 2939 1034 3006 fratres,
1075 2953 1286 3010 semper
1304 2942 1354 2993 in
1380 2939 1557 3010 mente
1583 2949 1777 3004 tenete,
1802 2942 1917 2994 haec

332 3011 502 3066 verba
536 3011 656 3066 filiis
698 3009 755 3067 et
778 3012 966 3066 vicinis
994 3009 1205 3067 vestris
1228 3019 1459 3063 narrate.
1507 3009 1631 3063 Haec
1659 3023 1916 3063 rememo-

331 3082 537 3147 ramini
560 3082 686 3138 dum
706 3082 903 3137 sedetis
926 3083 977 3136 in
1006 3081 1252 3136 domibus
1271 3080 1482 3140 vestris,
1506 3088 1561 3133 et
1579 3079 1704 3133 dum
1730 3079 1916 3133 ambu-

333 3152 485 3217 latis,
534 3167 633 3207 nec
677 3152 1064 3208 obliviscamini
1107 3166 1170 3205 ea
1202 3165 1324 3206 cum
1350 3150 1485 3205 bene
1508 3148 1666 3202 fuerit
1714 3149 1912 3204 vobis:

335 3221 437 3277 sed
488 3223 659 3278 Deum
714 3237 928 3293 semper
973 3224 1174 3287 timete,
1203 3230 1259 3276 et
1293 3220 1391 3293 ipsi
1439 3220 1537 3275 soli
1589 3219 1814 3293 servits;
1846 3234 1915 3274 ne

337 3293 600 3348 irascatur
628 3302 812 3349 contra
836 3290 936 3348 vos
963 3293 1110 3348 furor
1126 3293 1261 3361 ejus.
1299 3290 1650 3361 Scitotequia
1676 3290 1789 3357 ipse
1816 3303 1913 3344 cu-

337 3363 506 3419 stodit
530 3372 736 3433 pactum
752 3373 807 3420 et
826 3360 1245 3419 mirericordiam
1265 3360 1610 3433 diligentibus
1633 3374 1709 3433 se,
1743 3368 1798 3413 et
1822 3376 1914 3433 eu-

336 3430 694 3491 stodietitibus
741 3443 1003 3504 praecepta
1041 3448 1133 3488 sua
1156 3475 1172 3499 ,
1206 3446 1500 3504 omnesque
1533 3430 1601 3485 ab
1643 3430 1723 3485 eis
1767 3430 1915 3504 tollet

337 3505 644 3573 languores.
674 3501 1023 3561 Considerate
1051 3504 1194 3572 quia,
1214 3504 1366 3573 sicut
1384 3501 1913 3573 Joannesapostolus

336 3569 1144 3645 praetiuutiat,Novissimaihera
1160 3583 1230 3645 est
1253 3572 1305 3643 (Ι
1330 3571 1495 3645 Joan.
1522 3588 1576 3645 ιι,
1611 3569 1730 3645 1β).
1764 3571 1913 3645 Ideo-

336 3642 444 3715 que
484 3646 650 3700 nolite
685 3644 795 3715 jam
844 3644 1097 3700 mundum
1148 3642 1369 3715 diligere
1393 3642 1552 3715 (Ibid.
1580 3642 1690 3715 15,
1735 3642 1907 3709 etc.);

336 3712 460 3783 quia
482 3717 587 3769 cito
614 3712 822 3781 transit,
843 3725 896 3770 et
911 3718 1086 3769 omnis
1099 3712 1527 3784 concupiscentia
1544 3712 1661 3782 ejus
1678 3727 1802 3784 cum,
1819 3726 1907 3784 eo.

336 3783 448 3839 Vos
478 3793 656 3840 autem
699 3784 855 3840 facile
880 3786 1202 3842 voluntatem
1230 3782 1461 3849 Domini,
1488 3792 1551 3838 ut
1578 3782 1836 3837 maneatis
1856 3782 1908 3835 in

334 3865 593 3910 :eternum
616 3898 630 3920 ,
664 3866 719 3912 et
743 3856 984 3911 habeatis
1022 3855 1263 3911 ﬁduciam
1298 3870 1418 3909 cum
1446 3861 1750 3922 apparuerit
1769 3892 1784 3915 ,
1811 3866 1910 3922 nec

333 3924 726 3983 confundamini
757 3927 810 3981 in
836 3927 1061 3981 adventu
1088 3927 1222 3995 ejus.
1238 3925 1406 3995 Nemo
1425 3921 1519 3995 vos
1543 3922 1780 3977 seducat.
1808 3921 1910 3988 Qui

336 3995 463 4050 facit
485 3997 742 4065 justitiam
773 4038 789 4065 ,
827 3999 1003 4066 justus
1029 3993 1150 4051 est:
1183 4003 1237 4049 et
1255 3995 1344 4063 qui
1374 3993 1497 4047 facit
1526 4001 1819 4066 peccatum,
1841 4007 1907 4045 ex

333 4061 549 4121 diabolo
575 4078 677 4122 cst.
708 4061 785 4121 Et
805 4061 986 4136 utique
1012 4080 1174 4136 omne
1204 4061 1478 4136 peccatum
1499 4061 1659 4136 ,_’sive
1686 4061 1904 4136 furtum,

334 4137 451 4191 sive
477 4138 813 4202 adulterium,
843 4131 954 4191 sive
977 4131 1334 4198 mendacium,
1359 4134 1475 4188 sine
1492 4131 1750 4187 daemonis
1778 4147 1907 4201 ope‘

335 4207 545 4262 ratione
568 4220 671 4261 non
708 4208 782 4260 lit.
808 4206 1157 4261 Considerate
1180 4246 1194 4269 ,
1219 4219 1401 4273 quaeso
1419 4244 1433 4268 ,
1457 4215 1615 4273 quam
1639 4203 1904 4271 pernicio-

336 4292 456 4333 sum
494 4288 576 4331 est
610 4291 771 4346 opera
802 4277 996 4331 diaboli
1026 4290 1280 4331 exercere
1303 4316 1317 4338 ,
1346 4274 1568 4346 ejusque
1593 4273 1903 4346 participem

337 4346 477 4411 fieri,
506 4362 610 4402 nou
642 4343 692 4401 in
719 4347 936 4417 requie,
969 4347 1063 4401 sed
1108 4348 1163 4400 in
1189 4360 1344 4414 pteua
1388 4344 1665 4414 gehennae.
1704 4343 1905 4417 Idcirco

334 4410 774 4488 quotiescumque
796 4410 1063 4488 'peceatis,
1118 4410 1281 4471 nolite
1319 4410 1598 4483 expectare
1633 4410 1905 4488 mortifera

335 4483 643 4554 securitate,
671 4483 728 4544 ut
755 4483 971 4543 vulnera
1000 4489 1110 4556 ipsa
1143 4493 1477 4556 putrescant.
1507 4499 1605 4539 nec
1632 4483 1734 4556 alia
1764 4485 1906 4556 insu-

333 4575 432 4630 per
456 4562 692 4630 augeatis
711 4576 727 4624 ;
746 4558 839 4630 sed
864 4553 1117 4614 continuo
1147 4553 1241 4627 per
1267 4557 1590 4630 pteuiteutiie
1609 4553 1903 4630 confessio-

336 4623 457 4684 iiem
492 4623 642 4685 vobis
670 4623 984 4685 medicinam
1026 4623 1282 4684 adbibere
1324 4627 1583 4680 festinate.
1616 4623 1672 4678 lu
1702 4625 1905 4694 magnis

334 4700 494 4753 etiam
522 4700 772 4768 operibus
797 4716 891 4754 vos
914 4700 1110 4770 jugiter
1130 4699 1357 4770 dilatare
1380 4696 1718 4770 contendite;
1744 4706 1798 4770 ut
1828 4695 1902 4766 (a)

334 4770 424 4839 qui
457 4767 834 4823 fuit'hacteuus
856 4767 1114 4838 superbus
1134 4810 1148 4832 ,
1176 4771 1243 4822 sit
1264 4769 1372 4839 jam
1400 4767 1642 4828 humilis;
1670 4767 1771 4839 qui
1791 4774 1906 4819 erat

334 4836 562 4902 adulter,
608 4841 676 4893 sit
700 4836 1025 4908 castusfqui
1056 4836 1448 4893 solebat’furari
1485 4847 1574 4891 aut
1598 4853 1681 4892 res
1705 4836 1905 4908 alienas

336 4909 544 4973 tollere,
575 4909 791 4978 incipiat
811 4908 919 4976 jam
946 4910 1184 4978 proprias
1205 4908 1459 4978 Ecclesiis
1477 4918 1569 4961 aut
1588 4907 1905 4975 pauperibus

334 4994 585 5051 erogare;
634 4976 723 5048 qui
770 4977 866 5051 fuit
924 4976 1274 5051 invidus,_sit
1328 4976 1584 5051 benignus
1596 4994 1615 5051 _;
1655 4977 1761 5051 qui
1791 4988 1908 5031 erat

334 5046 597 5113 ebriosus,
628 5046 696 5103 sit
723 5047 965 5111 sobrius;
994 5048 1079 5116 qui
1112 5047 1208 5099 fuit
1233 5046 1535 5106 iracundus,
1565 5046 1633 5099 sit
1659 5046 1902 5116 patiens:

334 5122 422 5191 qui
452 5121 576 5176 fecit
595 5122 746 5175 alteri
776 5118 1043 5188 injuriam,
1071 5118 1181 5191 cito
1219 5126 1361 5191 petat
1388 5117 1635 5191 veniam;
1661 5116 1744 5191 cui
1770 5115 1908 5191 inju-

333 5185 410 5246 ria
445 5195 576 5247 facta
606 5199 707 5254 est,
739 5185 941 5258 absque
964 5202 1109 5241 mora
1133 5187 1385 5258 dimittat,
1406 5194 1463 5238 ut
1485 5195 1539 5240 et
1566 5186 1641 5239 illi
1667 5185 1906 5240 dimitta-

336 5273 443 5315 tur.
470 5266 573 5317 Aut
594 5277 758 5332 quare
798 5256 900 5314 non
928 5258 1157 5313 dimittat
1184 5256 1345 5332 ‘l'ratri
1392 5269 1575 5325 parum
1601 5297 1616 5319 ,
1646 5266 1703 5310 ut
1747 5258 1797 5311 ei
1821 5257 1904 5312 di-

336 5340 524 5403 gnetur
545 5326 685 5403 Deus
706 5331 989 5403 dimittere
1003 5326 1205 5382 totum?

416 5402 504 5457 15.
519 5402 595 5472 (ὁ)
614 5402 743 5456 Nam
760 5413 813 5457 et
829 5403 930 5456 hoc
944 5401 1299 5472 eleemosyoae
1310 5410 1474 5467 genus
1489 5405 1590 5472 est,
1604 5405 1666 5472 ut
1680 5396 1910 5472 dimittat

336 5468 611 5542 aliquis’e’x
631 5481 741 5527 toto
769 5473 928 5527 corde
952 5470 1000 5526 ei
1025 5485 1055 5524 a
1080 5468 1360 5540 quo’lzesus
1382 5469 1663 5524 exstiterit.
1697 5468 1849 5537 Quod
1863 5471 1906 5524 si

397 5609 472 5735 Sa;
493 5614 561 5657 Ex
577 5619 726 5658 sertn.
747 5605 855 5666 275,
874 5620 923 5656 ιι.
947 5605 995 5667 4,
1018 5607 1068 5655 in
1088 5602 1300 5693 Appeud.
1326 5604 1442 5654 tomi
1593 5680 1604 5694 .

404 5670 446 5726 .b
495 5678 558 5722 Ita
580 5669 685 5721 fere
707 5686 850 5722 scrm.
877 5670 993 5727 508,
1018 5683 1065 5717 ιι.
1088 5668 1146 5717 3.
1172 5679 1318 5717 serm.
1338 5664 1446 5727 210,
1472 5680 1521 5717 ιι.
1544 5667 1604 5726 5,

419 5664 468 5727 b3
495 5678 558 5722 Ita
580 5669 685 5721 fere
707 5664 850 5722 scroti
877 5664 993 5727 508,
1018 5683 1065 5717 ιι.
1088 5664 1146 5717 δί
1158 5664 1318 5717 λιθιπι.
1338 5664 1446 5727 210,
1460 5676 1521 5717 ἠ.
1544 5667 1607 5726 5;
1630 5664 1739 5723 273,
1758 5681 1807 5718 ιι.
1830 5669 1874 5718 1.

1143 223 1235 283 DE
1271 222 1729 284 RECTITUDINE
1766 220 2174 289 CATHOLICA!
2201 223 2808 303 CONVERSATIONIS.

3478 253 3621 323 1178

2032 347 2224 433 aliquis
2254 352 2322 407 ita
2360 356 2427 410 sit
2456 371 2692 433 pauper,
2754 369 2813 417 ut
2837 362 3039 422 nullam
3076 379 3191 423 rem
3237 365 3429 427 habeat
3464 375 3610 433 unde

2032 419 2777 512 εῑθεξτέοειειεηιβοτιίοηίεηι
2799 419 3611 512 acui{ausisausis

2032 498 2121 579 ut;
2140 493 2209 579 ab
2256 493 2677 579 aliquibus-non
2728 493 2987 579 patiatur.
3010 493 3470 579 injuriamfsive;
3494 493 3616 572 ibi;

2031 562 2460 651 fordeomnibus
2484 572 2534 624 in
2566 562 2994 651 sepeéeantibus
3015 562 3613 651 indulgeaif'efgoﬁi};

2033 633 2233 716 nullum
2264 637 2530 716 hominem
2557 633 2734 716 odium
2758 645 2810 699 in
2831 646 2993 702 eorde
3014 633 3220 716 tenea‘i,
3233 633 3399 716 atque
3419 633 3609 711 66ίὲιὲἐὲ

2033 710 2551 795 semetipsum
2601 712 2802 784 diligat,
2857 716 2958 795 hoc
3006 719 3055 773 ei
3081 710 3265 795 procul
3297 710 3457 779 dubio
3511 741 3607 795 pro

2033 779 3047 858 maxima"eleemosyna__i'eputabitur.
3081 779 3151 845 Ut
3205 803 3381 846 autem
3429 796 3479 847 in
3512 779 3612 850 nos

2033 847 2371 927 peccati-tibus
2397 847 2613 927 liberius
2642 847 2987 927 dimittamus,
3022 858 3263 915 hortatur
3294 879 3388 915 uos
3435 847 3610 920 Domi:

2034 915 2199 1004 pusio
2219 915 2713 1004 Evangeliod‘icens
2738 942 2750 978 :
2870 915 3157 1004 dimiseritis
3186 915 3612 1004 hominibus

2032 995 2144 1067 cata
2165 1002 2336 1041 eorum
2355 1032 2369 1053 ,
2403 993 2625 1067 dimittet
2640 1004 2685 1047 et
2725 995 2859 1051 vobis
2884 996 3041 1053 Pater
3071 1010 3227 1054 vester
3258 1003 3468 1057 caelestis
3492 993 3608 1067 'pec—

2031 1065 2144 1107 cata
2160 1068 2365 1132 vestra;
2388 1062 2430 1113 si
2452 1079 2550 1116 non
2574 1064 2864 1122 dimiseritis
2887 1110 2900 1132 ,
2936 1086 3026 1122 nec
3052 1069 3211 1124 Pater
3244 1083 3401 1126 vester
3429 1062 3604 1129 dimit-

2032 1133 2099 1212 tet
2119 1127 2254 1212 vehis
2280 1128 2301 1198 (
2323 1131 2505 1186 Matth.
2538 1149 2591 1187 vr
2616 1136 2723 1212 ,_14
2746 1179 2761 1203 ,
2791 1127 3107 1212 15)'._Nemo
3146 1157 3271 1212 ergo
3300 1157 3358 1197 se
3381 1127 3610 1200 circum-

2032 1205 2238 1278 veniat,
2273 1216 2510 1278 nemose
2562 1205 2777 1278 sedueat
2806 1224 2818 1260 :
2848 1205 2969 1278 quia
3005 1211 3092 1278 qui
3121 1205 3419 1266 vel'contra
3445 1231 3605 1270 unum

2033 1264 2300 1353 hominem
2351 1272 2400 1324 in
2420 1273 2534 1353 .boc
2572 1264 2975 1353 mundoodium
3000 1264 3182 1353 tenet,
3211 1264 3601 1351 quidquid

2033 1337 2083 1388 in
2111 1337 2264 1419 bonis
2287 1342 2536 1419 operibus
2562 1345 2847 1419 obtulerit,
2887 1350 3069 1417 perdet
3097 1337 3262 1405 totum
3300 1370 3314 1407 :
3341 1337 3460 1419 quia
3492 1337 3595 1411 non

2033 1368 2083 1388 ιιι
2111 1368 2264 1393 unius
2287 1368 2536 1408 uperwus
2562 1368 2813 1401 ouuttertt
2834 1390 2846 1408 ,
2887 1368 3069 1417 perﬂet
3097 1368 3262 1405 totum
3300 1370 3314 1407 :
3380 1370 3460 1407 tlta
3492 1371 3595 1411 non

2032 1409 2283 1490 mentitur
2331 1416 2602 1490 apostolus
2638 1418 2960 1490 terribiliter
3015 1422 3287 1489 clamans,
3341 1368 3441 1490 aui
3492 1427 3598 1479 odit

2031 1478 2240 1560 [ratrem
2265 1478 2431 1560 suum,
2459 1485 2715 1560 homicida
2736 1497 2841 1556 est,
2870 1498 2915 1542 et
2941 1492 3158 1544 mendax
3185 1478 3289 1555 est:
3314 1478 3383 1547 εἴ
3390 1495 3442 1548 in
3469 1478 3605 1551 tene;

2030 1548 2130 1635 hris
2184 1552 2506 1635 ambulat.“
2548 1555 2702 1610 Joau.
2741 1548 3151 1635 ili,'_15).__ll_oc
3194 1548 3310 1618 loco
3362 1548 3599 1634 fratrem,

2028 1634 2242 1701 omnem
2282 1626 2566 1701 hominem
2614 1636 2823 1701 oportet
2871 1626 3124 1701 intelligi;
3177 1635 3297 1701 quia
3323 1648 3508 1690 omnes
3542 1626 3598 1691 in

2027 1689 2240 1773 Christo
2277 1692 2472 1773 fratres
2500 1689 2703 1773 sumus.
2738 1699 2905 1773 Ergo,
2938 1689 3149 1765 frati‘es,
3184 1689 3380 1757 idcirco
3419 1689 3512 1760 vos
3535 1689 3603 1762 ad

2028 1762 2361 1817 inimicorum
2403 1762 3063 1842 dilectionemuadmoneo,
3106 1762 3225 1842 quia
3264 1773 3329 1827 ad
3360 1776 3594 1830 sanando

2027 1844 2367 1902 peccatorum
2419 1837 2635 1892 vulnera
2677 1839 2875 1894 nullum
2922 1837 3598 1901 fortius—medicamentum

2026 1917 2145 1985 esse
2160 1918 2443 1985 cognosco.
2467 1907 2612 1985 Licet
2632 1910 2847 1979 grandis
2866 1910 3099 1985 sitlabor
3119 1913 3359 1985 inimicos
3382 1914 3603 1985 diligere

2026 1974 2079 2056 in
2112 1974 2211 2056 hoc
2238 1978 2451 2056 saeculo,
2476 1979 2575 2056 sed
2596 1974 2854 2056 magnum
2879 1982 3280 2056 e_rit_pr:euiiunt
3312 1985 3363 2038 in
3399 1974 3595 2040 futuro.

2026 2042 2123 2108 Qui
2154 2044 2237 2098 hic
2268 2046 2514 2102 dilexerit
2540 2042 2780 2104 inimiéos
2804 2093 2818 2112 ,
2852 2052 2954 2105 erit
2983 2042 3075 2106 Dei
3107 2055 3309 2108 amicus
3341 2072 3352 2107 :
3384 2070 3486 2109 non
3515 2070 3603 2110 so-

2026 2113 2132 2194 lum
2161 2118 2394 2195 amicus,
2420 2118 2516 2172 sed
2545 2122 2703 2195 etiam
2736 2120 2872 2175 illius
2895 2162 2923 2195 ,_
2937 2123 3071 2175 sicut
3098 2123 3246 2195 ipse,
3278 2124 3417 2193 quod
3442 2139 3601 2195 supra

2020 2190 2129 2254 jam
2157 2190 2538 2264 pnemisitnus,
2567 2191 2849 2264 pollicetur
2873 2192 3057 2247 dicens
3090 2210 3102 2245 :
3137 2190 3344 2264 Diligite
3370 2190 3597 2250 inimicos

2025 2265 2229 2332 uestros,
2258 2259 2527 2332 benefacite
2554 2261 2632 2314 his
2669 2263 2756 2332 qui
2780 2261 2990 2332 oderunt
3019 2279 3120 2326 vos,
3149 2272 3193 2316 et
3219 2259 3357 2316 orate
3389 2281 3481 2331 pro
3509 2282 3599 2318 ca-

2026 2324 2505 2403 lumniantihus'vos,
2523 2339 2587 2403 Aut
2613 2324 2721 2384 sitis
2747 2332 2842 2400 ﬁlii
2870 2331 3042 2403 Patris
3066 2324 3232 2397 vestri,
3260 2335 3344 2403 qui
3382 2324 3435 2387 in
3456 2335 3594 2390 cmlis

2024 2398 2135 2473 est_(
2156 2396 2340 2451 Matth.
2369 2415 2401 2473 v
2424 2440 2439 2461 ,
2471 2401 2597 2473 μ).
2658 2396 2756 2468 Qui
2795 2417 2922 2471 ergo
2951 2402 3121 2472 diligit
3142 2396 3478 2473 ,possidebit
3502 2421 3590 2460 re-

2023 2468 2200 2536 quiem
2222 2541 2231 2544 _
2256 2487 2270 2523 :
2300 2471 2386 2539 qui
2404 2470 2534 2544 enim
2557 2468 2687 2544 '_non
2719 2468 3085 2544 diligii,sicu'l
3127 2468 3256 2527 dicit
3284 2475 3591 2544 Apostolus,

2021 2548 2189 2611 manet
2214 2541 2266 2611 in
2290 2547 2446 2593 morte
2473 2541 2528 2607 (l
2553 2540 2710 2595 Joan.
2741 2540 2964 2611 111,14).

2095 2608 2182 2662 14.
2209 2610 2340 2665 Cum
2374 2611 2487 2666 haec
2514 2612 2584 2666 ita
2616 2612 2743 2678 sint,
2779 2608 3075 2667 cbarissimi
3098 2654 3110 2674 ,
3140 2613 3476 2670 dilectionem
3505 2631 3599 2671 vc-

2021 2693 2155 2741 ram,
2184 2695 2288 2735 non
2321 2682 2503 2735 falsam
2531 2682 2597 2736 ad
2638 2684 2859 2739 invicem
2891 2683 3135 2738 habetote
3165 2694 3349 2740 :actus
3390 2696 3596 2741 vestros

2020 2763 2254 2825 semper‘
2275 2751 2340 2825 ad
2392 2752 2558 2825 Deum
2598 2753 2809 2823 dirigite
2835 2795 2855 2825 ,ί
2882 2764 2933 2825 et
2965 2754 3219 2825 quidquid
3250 2756 3469 2825 potestis
3501 2771 3596 2825 pro

2020 2832 2202 2875 amore
2226 2821 2318 2875 Dei
2345 2830 2399 2877 ct
2424 2823 2545 2876 vitae
2570 2821 2782 2878 arteriae
2801 2866 2815 2890 ,
2844 2821 3330 2879 laboratefCurr'ite
3358 2826 3483 2879 dum
3503 2821 3597 2879 'lu-

2018 2904 2134 2966 ce_m
2160 2892 2383 2957 habetis,
2412 2894 2715 2966 priusquam
2743 2895 2975 2966 tenebras
3002 2909 3098 2949 vos
3139 2894 3598 2966 comprehendant

2021 2959 2215 3032 (lacn.
2284 2959 2588 3035 xu,'g55).'
2614 2964 2746 3018 Cum
2792 2965 3044 3019 laboratis
3090 2979 3186 3035 pro
3228 2959 3409 3032 carne,
3453 2966 3600 3021 labo-

2020 3039 2208 3106 rateet
2233 3048 2329 3100 pro
2357 3033 2551 3086 anima.
2581 3035 2635 3089 Si
2674 3036 2888 3106 curritis
2924 3051 3020 3103 pro
3046 3033 3206 3091 carne
3229 3078 3245 3101 ,
3273 3051 3429 3105 quam
3477 3045 3596 3106 post

2019 3100 2287 3176 modicum
2333 3112 2542 3171 tempus
2585 3119 2794 3158 vermes
2831 3100 3130 3158 dev'oraturi
3180 3100 3303 3161 soni
3329 3110 3380 3161 in
3408 3100 3590 3176 sepul—

2018 3186 2141 3244 cro;
2174 3171 2294 3244 plus
2318 3176 2513 3244 currite
2541 3188 2638 3242 pro
2664 3175 2869 3239 anima,
2912 3183 2966 3244 ut
2998 3184 3180 3229 ornata
3214 3176 3364 3229 bonis
3415 3171 3592 3244 operi--

2020 3243 2117 3315 bus
2142 3243 2254 3315 sine
2285 3244 2387 3296 line
2412 3242 2695 3315 laeteturin
2730 3244 2889 3315 cmlo.
2919 3241 2995 3315 (a)
3019 3246 3154 3298 Ante
3178 3247 3352 3315 omnia
3380 3241 3594 3315 quando

2015 3312 2293 3386 jejuuatis,
2317 3313 2453 3386 quod
2481 3314 2742 3386 prandere
2759 3312 3307 3386 debetispauperibus
3333 3312 3549 3386 erogate
3576 3334 3590 3372 :

2017 3394 2070 3438 et
2095 3383 2243 3468 sicut
2269 3383 2521 3468 Dominus
2561 3385 2610 3438 in
2642 3384 2929 3467 Evangelia
2951 3385 3126 3450 docet,
3158 3384 3287 3468 Cum
3321 3383 3588 3468 jejunatis,

2021 3455 2174 3508 nolite
2198 3454 2309 3520 ﬁeri
2334 3456 2459 3507 sicut
2488 3454 2783 3526 hypocritw,
2816 3455 2979 3509 tristes
3004 3498 3017 3520 ,
3041 3466 3095 3508 ut
3123 3454 3387 3509 videamini
3412 3455 3472 3509 ab
3501 3455 3596 3510 ho-

2017 3525 2231 3578 minibus
2255 3526 2391 3596 ;_sed
2430 3526 2506 3579 illi
2526 3524 2625 3579 soli
2650 3527 2736 3596 qui
2761 3526 2890 3579 videt
2923 3528 2975 3579 in
3014 3526 3272 3580 ubsconso.
3311 3524 3374 3581 Et
3404 3528 3591 3581 iterum

2016 3603 2235 3667 monet:
2265 3594 2516 3649 Attendite
2555 3614 2616 3650 ne
2650 3594 2903 3667 justitiam
2942 3607 3155 3667 vestram
3191 3598 3389 3665 faciatis
3423 3614 3594 3651 coram

2016 3665 2332 3738 hominibus,
2382 3676 2433 3719 ut
2476 3665 2742 3738 videamini
2768 3665 2831 3718 ab
2869 3666 2940 3738 eis
2969 3665 3198 3738 (Matth.
3223 3667 3419 3738 vt,16,
3468 3668 3588 3738 18).

2018 3735 2140 3790 Plus
2163 3751 2289 3805 ergo
2316 3751 2527 3804 semper
2554 3737 2622 3790 de
2641 3737 2761 3790 cibo
2783 3735 2958 3789 cordis
2987 3751 3142 3804 quam
3170 3736 3235 3789 de
3257 3737 3375 3789 cibo
3397 3735 3589 3804 corpo-

2015 3810 2088 3859 ris
2110 3806 2337 3876 cogitate
2366 3822 2378 3858 :
2411 3816 2465 3860 et
2505 3806 2628 3860 dum
2672 3808 2721 3859 in
2755 3806 2950 3858 mundo
2987 3807 3271 3876 versamini
3296 3847 3309 3867 ,
3338 3815 3590 3861 aeternam

2012 3874 2332 3929 vitam'beue
2360 3876 2586 3929 vivendo
2619 3876 2771 3929 vobis
2804 3876 2981 3928 emite.
3014 3874 3289 3930 Lectiones
3309 3876 3513 3930 divinas
3540 3877 3591 3932 iu

2014 3946 2240 4003 ecclesia
2283 3945 2504 4000 libenter
2556 3945 2762 4009 audite;
2811 3953 3017 4013 etquae
3053 3944 3242 3999 auditis
3290 3947 3483 4013 iugiter
3538 3947 3591 4003 in

2012 4017 2259 4071 domibus
2287 4016 2503 4070 recolite
2532 4032 2545 4068 :
2579 4026 2635 4069 ut
2659 4015 2924 4084 quomodo
2953 4030 3147 4084 corpus
3190 4017 3420 4084 pascitur
3448 4017 3588 4083 cibo,

2013 4088 2090 4141 sic
2112 4087 2282 4139 anima
2316 4087 2580 4140 reficietur
2618 4086 2709 4141 Dei
2740 4085 2924 4140 verbo.
2952 4085 3165 4139 Certum
3192 4097 3272 4138 est
3292 4088 3432 4140 enim
3461 4089 3584 4155 quia

2011 4156 2182 4226 qualis
2207 4167 2288 4210 est
2314 4170 2439 4210 caro
2478 4172 2595 4226 quae
2622 4167 2741 4227 post
2769 4156 2964 4210 multos
2987 4156 3099 4210 dies
3126 4158 3345 4224 percipit
3369 4156 3543 4209 cibum
3571 4173 3586 4224 ;

2014 4228 2131 4281 talis
2157 4236 2237 4281 est
2262 4228 2438 4281 anima
2473 4245 2590 4297 qure
2628 4226 2755 4281 raro
2798 4226 3027 4295 pascitur
3073 4227 3160 4281 Dei
3192 4228 3367 4281 verbo.
3414 4227 3587 4297 Ergo,

2011 4298 2317 4353 charissimi‘
2337 4340 2351 4362 ,
2384 4299 2494 4352 sive
2529 4297 2809 4352 ambulatis
2829 4340 2843 4363 ,
2874 4299 2984 4351 sive
3018 4298 3232 4360 sedetis,
3262 4299 3373 4353 sive
3396 4313 3588 4366 opera-

2012 4369 2161 4431 mini,
2193 4368 2277 4423 vel
2314 4384 2407 4436 per
2433 4370 2606 4423 omnia
2633 4383 2980 4438 quaecumque
3008 4369 3181 4438 agitis,
3212 4384 3424 4437 semper
3449 4368 3589 4437 quod

2009 4454 2073 4494 ex
2104 4439 2277 4492 divina
2308 4440 2534 4494 lectione
2555 4439 2774 4492 audistis
2794 4439 2856 4490 atl
2887 4447 3117 4492 mentem
3146 4438 3380 4492 reducite
3406 4479 3419 4502 ,
3452 4453 3592 4492 sem~

2011 4523 2211 4579 perque
2238 4511 2538 4578 evangelica
2573 4517 2832 4579 praecepta
2859 4509 2910 4561 in
2948 4509 3107 4579 corde
3129 4510 3410 4561 ruminate.

2083 4581 2169 4634 15.
2213 4581 2349 4633 Ante
2390 4577 2572 4632 omnia
2631 4578 2889 4630 luxuriam
2949 4577 3148 4644 fugite,
3207 4580 3590 4645 Concupiscen-

2010 4652 2136 4705 tiam
2182 4649 2372 4702 malam
2408 4650 2603 4711 vitale;
2639 4649 2883 4701 timentes
2915 4646 3041 4698 illud
3082 4647 3218 4715 quod
3257 4648 3506 4700 Dominus
3537 4650 3588 4700 in

2011 4719 2295 4789 Evangelio
2338 4718 2466 4772 dicit
2498 4738 2510 4770 :
2549 4717 2723 4771 Omnis
2751 4718 2834 4785 qui
2860 4716 3035 4789 viderit
3078 4717 3335 4770 mulierem
3361 4719 3441 4789 ad
3468 4734 3592 4770 con-

2011 4786 2365 4860 cupisEendum
2411 4805 2555 4860 eam,
2577 4789 2707 4860 jam
2744 4786 3021 4860 moechatus
3056 4796 3137 4860 ‘est
3190 4804 3297 4860 eam
3351 4788 3403 4839 in
3443 4789 3592 4860 corde

2009 4856 2099 4917 suo
2134 4863 2163 4932 (γ
2186 4859 2370 4932 Matth.
2393 4875 2466 4932 Avi,
2499 4858 2570 4932 28
2597 4859 2649 4932 )._
2671 4857 2871 4932 Uxores
2926 4856 3185 4932 legitimas
3229 4857 3427 4932 absque
3480 4859 3589 4912 ulla

2011 4927 2348 4987 simulatione
2373 4929 2589 4999 diligite,
2609 4929 2743 4982 sicut
2769 4927 3054 4996 Apostolus
3085 4929 3348 4999 praecepit,
3370 4928 3587 4982 dicens:

2022 5001 2161 5071 Viri,
2190 5001 2385 5071 diligite
2422 4996 2604 5053 artiores
2646 5008 2835 5051 vestras
2858 4999 3024 5071 ,_sicut
3064 5008 3109 5050 et
3152 4996 3592 5071 CItristus__dilexit

2012 5068 2311 5125 Ecclesiam'.
2333 5070 2399 5123 Et
2420 5071 2706 5124 secundum
2731 5069 2973 5124 euuulem
2994 5069 3288 5136 apostolum
3316 5086 3327 5120 :
3358 5068 3593 5122 Mulieres

2011 5143 2129 5197 viris
2158 5142 2261 5195 suis
2288 5140 2524 5210 subjecta:
2543 5142 2661 5205 sint,
2686 5150 2733 5193 et
2761 5141 2962 5192 timeant
2989 5141 3113 5192 sicut
3142 5137 3304 5191 Deum
3325 5139 3340 5170 ⁸
3375 5137 3589 5210 (Ephes.

2011 5228 2063 5276 ν,
2091 5212 2181 5275 Q5,
2209 5211 2323 5281 2‘2).
2351 5211 2457 5266 Nec
2483 5213 2759 5281 quiSquam
2788 5211 2866 5263 vir
2894 5210 3177 5279 legitimam
3213 5225 3428 5264 uxorem
3455 5224 3589 5279 qua-

2012 5298 2238 5352 eumque
2266 5280 2544 5335 occasione
2569 5280 2836 5352 dimittere
2864 5290 3183 5349 ιιι-ωδυιιιιιιε
3213 5282 3367 5352 quia,
3394 5294 3590 5333 secun-

2013 5350 2481 5408 dum—sententiam
2515 5351 2743 5416 Domini,
2776 5351 3088 5421 Quicumque
3114 5350 3356 5404 dimiserit
3382 5365 3592 5421 uxorem

2012 5440 2155 5479 suam
2176 5463 2191 5491 ,
2219 5433 2425 5493 excepta
2459 5422 2804 5494 fornicationis
2841 5438 2993 5476 causa
3015 5463 3029 5487 ,
3063 5421 3183 5490 facit
3210 5436 3320 5474 eam
3358 5420 3595 5474 ntaechari

2076 5539 2095 5570 ί
2128 5544 2204 5588 Er.
2228 5537 2377 5601 Lugd.
2409 5543 2529 5586 ven.
2553 5542 2685 5597 Lov.,
2709 5533 2931 5587 Mulieres
2953 5532 3068 5585 viris
3091 5532 3190 5585 suis
3212 5531 3439 5596 subjectte
3479 5532 3594 5596 sint,

2011 5604 2139 5671 sicut
2154 5609 2336 5671 oportet
2356 5602 2408 5653 in
2432 5601 2674 5671 pomin0._
2711 5604 2769 5671 at.

2076 5668 2151 5731 (a)
2176 5660 2238 5715 ἐκ
2256 5680 2405 5717 serm.
2434 5666 2516 5715 141
2543 5681 2624 5715 ιιιι.
2649 5664 2698 5726 «1,
2714 5665 2762 5725 ii,
2788 5660 2831 5711 ἓ.
