4088 6202
412 239 556 308 1183

413 362 626 431 fratres,
655 362 830 420 solum
856 360 1145 427 diabolum,
1185 362 1274 433 qui
1319 357 1674 433 superbiendo
1706 358 1874 415 factus
1907 368 1990 416 est

413 437 624 502 malus,
671 433 1028 500 detestantes,
1074 443 1340 490 tantorum
1389 433 1645 487 bonorum
1695 439 1988 487 creatorem

413 505 698 562 Dominum
720 505 1026 574 gloriiicate.
1043 505 1241 560 Cavete
1268 519 1480 574 semper
1503 503 1638 557 viam
1667 502 1850 565 latam,
1873 516 1990 570 quae

413 575 562 632 ducit
617 575 681 631 ad
728 573 994 630 interitum
1049 593 1063 630 :
1107 573 1488 646 apprehendite
1533 582 1848 643 angustam,
1897 586 1992 641 per

411 661 572 716 quam
617 647 879 716 reperitur
919 655 1116 702 aeterna
1145 645 1401 700 latitudo.
1447 645 1713 716 Pauperes
1749 654 1988 716 et_pe_re-

415 713 596 786 grinos
625 713 691 771 ad
714 717 1013 772 convivium
1044 726 1288 786 revocate
1312 758 1328 780 ,
1367 715 1749 786 Dominamque
1788 713 1854 767 de
1892 713 1991 768 hac

411 783 471 842 re
507 787 898 857 praecipientem
925 787 1178 842 attendite
1212 804 1224 838 :
1253 784 1379 857 Cum
1417 786 1560 857 facis,
1595 783 1986 857 inquit,_pran-

410 854 553 912 dium
581 854 684 910 aut
697 873 890 911 caenam
915 899 930 924 ,
971 859 1076 911 noli
1118 872 1296 911 vocare
1327 856 1502 910 divites
1546 855 1633 920 qui
1670 854 1991 924 conviventur

405 936 566 981 tecum
587 945 608 994 ;
633 928 723 984 sed
750 943 875 982 uoca
902 923 1166 997 pauperes,
1197 925 1404 989 debiles,
1433 941 1611 997 cruces,
1643 923 1851 997 claudos
1874 965 1888 988 ,
1941 933 1989 978 et

405 993 594 1052 beatus
624 999 724 1054 eris
741 1038 755 1062 ,
800 993 918 1065 quid
946 993 1046 1052 non
1074 996 1254 1051 habent
1283 997 1418 1050 unde
1444 994 1530 1048 tibi
1555 993 1867 1065 retribuam;
1910 1012 1990 1048 re-

407 1068 656 1123 tribuetur
683 1063 820 1123 enim
841 1068 932 1122 tibi
957 1069 1009 1122 in
1033 1067 1394 1122 resurrectione
1410 1066 1666 1136 justorum
1693 1063 1844 1132 (Luc.
1877 1080 1984 1136 xiv,

408 1137 624 1222 12;“).
659 1138 737 1222 (α)
767 1138 874 1195 Nec
899 1140 1040 1222 enim
1073 1139 1274 1222 justum
1313 1135 1419 1222 est,
1447 1145 1504 1222 ut
1535 1136 1597 1222 in_
1625 1136 1814 1222 populi)
1843 1135 1988 1216 chri-

405 1205 602 1277 Stiano,
637 1205 729 1279 qui
754 1226 860 1264 uno
889 1210 1056 1277 pretio
1084 1217 1207 1264 sunt
1236 1207 1516 1279 redempti,
1548 1214 1604 1260 et
1645 1208 1734 1279 uni
1765 1205 1988 1279 Domino

406 1275 672 1343 serviunt,
696 1280 782 1334 alii
812 1275 1056 1334 distentis
1089 1280 1257 1348 epulis
1287 1278 1562 1348 ventribus
1605 1284 1659 1330 et
1687 1275 1818 1330 ebrii
1849 1277 1990 1328 ince-

409 1348 558 1414 dant,
585 1351 676 1405 alii
705 1349 856 1405 famis
895 1347 1134 1420 periculo
1159 1348 1424 1420 deliciani.
1460 1347 1684 1400 Prorsus
1715 1353 1988 1414 peccatum

407 1428 513 1483 est,
544 1430 601 1475 ut
631 1431 809 1476 nostra
839 1417 1102 1490 superﬂua
1130 1419 1343 1486 (tineis
1383 1417 1705 1490 devorentur
1726 1458 1738 1478 ,
1771 1426 1823 1470 et
1854 1431 1986 1482 pau-

411 1503 568 1560 peres
593 1507 693 1546 nec
719 1489 1074 1547 vetnstiSsima
1117 1504 1340 1560 qumque
1385 1489 1635 1560 recipere
1663 1495 1985 1560 mereantur.

408 1555 586 1628 Quare
610 1577 718 1617 non
744 1562 1114 1623 consideratis,
1134 1555 1260 1630 quia
1293 1555 1746 1630 parigco'nditione
1769 1557 1819 1630 in
1847 1555 1988 1630 hunc

407 1627 666 1686 mundum
697 1633 945 1696 venistis,
991 1627 1251 1700 uniusque
1285 1627 1657 1700 Dominiservi
1693 1628 1863 1700 estis,
1917 1627 1989 1679 si-

406 1701 520 1756 mili
562 1703 721 1758 etiam
761 1695 1016 1757 exitude
1059 1695 1256 1754 mundo
1294 1699 1718 1768 migrabitisiet
1757 1698 1801 1750 si
1851 1695 1989 1750 bene

406 1771 598 1840 agitis,
648 1773 714 1826 ad
752 1789 911 1827 unam
959 1770 1338 1826 beatitudinem
1378 1767 1795 1840 ivenietis?_At_
1821 1781 1987 1840 quare

407 1837 610 1911 pauper
650 1843 918 1897 vobiscum
968 1857 1072 1896 non
1117 1841 1342 1908 accipiat
1365 1840 1564 1911 cibum,
1593 1838 1695 1911 qui
1713 1837 1986 1891 Vobiscum

409 1907 722 1980 accepturus
765 1922 848 1966 est
883 1911 1209 1966 consortium
1242 1907 1618 1980 'Angelortnn?
1663 1907 1841 1974 Quare
1881 1921 1986 1961 non

407 1978 634 2048 accipiat
662 1981 745 2035 vel
789 1990 1024 2035 veterem
1053 1982 1302 2043 tunicam,
1335 1979 1432 2048 qui
1453 1978 1648 2045 pariter
1673 1984 1987 2048 accepturus

408 2060 493 2106 est
520 2045 929 2106 immortalitatis
954 2051 1143 2104 stolam
1165 2048 1190 2100 *ἲ
1220 2045 1378 2112 Huic,
1413 2047 1622 2111 fratres,
1643 2045 1988 2101 consideran-

408 2129 512 2186 tes,
542 2121 608 2174 ita
640 2135 926 2190 pauperum
947 2135 1126 2175 curam
1153 2119 1340 2190 gerite,
1369 2127 1427 2190 ut_
1441 2117 1762 2190 uberrimam
1789 2131 1884 2184 pro
1906 2116 1988 2171 his

406 2187 810 2246 retributionem
839 2191 893 2245 iu
920 2191 1068 2246 cmlis
1093 2187 1380 2259 accipiatis.
1409 2187 1740 2259 Mendacium
1775 2200 1988 2259 semper

409 2260 594 2332 fugite,
618 2265 740 2332 quia
772 2277 876 2316 non
911 2261 1185 2316 minimum
1209 2254 1542 2332 'crimen‘est
1559 2297 1576 2324 ,
1602 2254 1986 2332 Sc_riptura_di-

407 2325 590 2392 cente.
613 2325 684 2386 0s
711 2333 844 2401 quod
872 2335 1127 2396 mentitur,
1159 2328 1586 2401 occiditanimgm
1617 2325 1771 2396 (Sap.
1800 2327 1892 2401 t_,__l
1904 2325 1980 2401 1).

407 2402 496 2468 Ει,
527 2402 688 2458 Testis
713 2395 872 2470 falsus
899 2419 1000 2458 non
1040 2404 1132 2456 erit
1157 2399 1432 2470 impunitus
1459 2395 1642 2466 (Prov.
1674 2411 1791 2470 xix,
1817 2396 1896 2466 5).
1920 2395 1986 2450 Et

405 2467 569 2528 David
593 2473 659 2528 ad
692 2467 1435 2538 Dominum,Perdes,'inquit,
1463 2483 1634 2522 omnes
1658 2467 1745 2538 qui
1772 2467 1986 2536 loquun-

408 2551 492 2596 tur
519 2543 836 2598 mendacium
863 2544 880 2612 (
903 2535 1046 2598 Psal.
1075 2559 1127 2608 v,
1161 2535 1240 2612 7).
1275 2535 1345 2612 Et
1367 2535 1684 2612 Apostolus,
1710 2535 1982 2612 Περσείδη-

406 2623 496 2678 tes,
518 2613 706 2683 inquit,
731 2608 1064 2676 mendacium,
1088 2608 1354 2683 loquimini
1372 2611 1628 2664 veritatem
1649 2608 1986 2676 unusquisque

405 2699 531 2756 cum,
547 2680 794 2756 proximo
805 2700 896 2738 suo
927 2680 1158 2756 (Ephes.
1174 2698 1242 2744 tv,

474 2745 562 2808 21'.
598 2754 670 2824 (b)
698 2755 751 2807 In
785 2754 882 2807 hac
905 2745 1035 2823 ergo
1052 2755 1161 2806 vita
1181 2751 1332 2819 positi
1362 2748 1616 2824 itaagite,
1636 2757 1692 2798 ut
1711 2745 1984 2824 ct_tm_hinc

404 2815 860 2894 migraveritis,iet
885 2815 1010 2877 cari)
1040 2815 1210 2894 vestra
1233 2835 1260 2872 a
1283 2815 1550 2894 vermibus
1573 2816 1794 2894 coeperit
1821 2815 1957 2870 devo

404 2887 512 2948 rari
561 2893 613 2948 in
652 2893 917 2960 sepulcro,
969 2893 1141 2946 anima
1181 2899 1365 2944 ornata
1384 2888 1559 2960 _bonis_
1575 2887 1826 2954 operibus
1862 2900 1983 2960 cum

403 2963 603 3020 sanctis
619 2956 864 3018 omnibus
889 2956 1100 3017 laetetur
1125 2962 1174 3014 in
1197 2963 1352 3015 coelo.
1381 2956 1638 3014 Retrahat
1657 2971 1750 3010 vos
1769 2957 1980 3018 a,malis

406 3033 658 3102 operibus
685 3033 764 3086 vel
810 3041 1149 3102 peccatorum
1191 3029 1677 3102 interitus.AEttrum
1717 3026 1980 3102 quosjam

404 3097 736 3173 praemisistis
765 3097 1022 3160 attendite
1056 3101 1404 3173 calamitates.
1453 3097 1798 3153 Considerate
1843 3097 1980 3151 divi-

403 3171 515 3244 tum
562 3174 836 3244 sepulcra,
885 3175 967 3228 vel
1017 3189 1202 3230 eorum
1241 3171 1330 3242 qui
1370 3178 1495 3244 ante
1521 3182 1740 3244 parvum
1771 3177 1980 3244 tempus

404 3237 680 3318 vobiscum
703 3237 876 3318 erant,
905 3244 1028 3318 quid
1057 3237 1288 3318 fuerunt,
1317 3249 1369 3296 et
1409 3237 1534 3318 quid
1570 3247 1714 3318 sunt,
1746 3239 1828 3292 vel
1853 3237 1982 3318 quid

403 3313 480 3370 eis
507 3315 706 3370 divitia:
721 3315 802 3370 vel
819 3307 1078 3384 cupiditas
1103 3312 1282 3367 smculi
1315 3307 1972 3384 prodierunt._lt_1cce_nihil

403 3398 470 3439 ex
497 3385 575 3439 eis
597 3385 696 3438 nisi
725 3384 822 3438 soli
843 3377 1052 3438 cineres
1068 3377 1439 3437 remanserunt
1461 3395 1474 3430 :
1498 3379 1585 3446 qui
1613 3378 1655 3429 si
1691 3377 1832 3444 loqui
1861 3391 1982 3444 pos-

403 3461 545 3518 sent,
576 3453 692 3508 barc
719 3454 868 3508 vobis
895 3452 1076 3522 procul
1113 3451 1284 3522 dubio,
1303 3449 1560 3522 dicerent,
1600 3446 1820 3522 [itquid_
1842 3446 1980 3522 infe:

402 3514 540 3580 lices
560 3531 760 3577 tantum
789 3538 886 3593 pro
898 3514 1086 3576 saeculi
1111 3517 1747 3593 cupiditategdiscurritis?
1775 3514 1975 3586 thuid

403 3607 502 3649 vos
549 3593 688 3648 vitiis
730 3586 804 3648 et'
828 3593 1138 3648 criminibus
1181 3586 1434 3660 repletis?
1476 3586 1834 3660 Considerate
1859 3600 1979 3660 ossa

403 3672 607 3731 nostra,
650 3673 705 3718 ιιι
733 3665 816 3720 vel
845 3664 922 3719 sic
949 3663 1098 3719 vobis
1125 3657 1342 3716 horreat
1369 3657 1630 3731 cupiditas
1655 3657 1740 3712 vel
1767 3657 1978 3711 miseria

403 3728 604 3792 vestra.
633 3734 785 3803 Quod
813 3749 908 3789 vos
929 3735 1078 3799 estis,
1111 3747 1207 3788 nos
1229 3731 1424 3803 fuimus
1447 3728 1621 3803 {quod
1650 3742 1748 3803 nos
1772 3743 1977 3803 sumus,

402 3819 502 3860 vos
525 3797 693 3861 eritis.
723 3803 826 3860 Ista
847 3805 1045 3868 omnia,
1066 3797 1280 3866 fratres,
1309 3797 1533 3855 sollicita
1555 3797 1981 3853 consideratione

402 3885 623 3946 pensata
646 3917 660 3940 ,
709 3887 764 3932 et
808 3875 920 3931 haec
963 3867 1399 3946 considerantes,
1437 3869 1773 3946 expavescite
1797 3867 1979 3946 :_diem

403 3937 594 4002 inortis
616 3937 741 4001 ante
769 3949 951 4000 Oculos
975 3959 1188 4013 semper
1213 3943 1411 4013 ponite,
1441 3937 1520 4013 et
1543 3938 1608 3992 ad
1647 3937 1978 4013 emendatio:

401 4031 526 4072 nem
552 4027 804 4088 quantum
832 4017 1052 4085 potestis
1075 4007 1335 4088 festinate.
1363 4010 1533 4065 Nolite
1554 4009 1818 4088 negligere
1839 4007 1979 4078 quod

403 4101 502 4157 vos
543 4081 661 4157 pius
704 4081 961 4142 Dominus
1001 4085 1228 4157 sustinet
1275 4089 1554 4157 peccantes
1587 4095 1600 4130 :
1630 4081 1752 4157 quia
1781 4089 1980 4157 quanto

403 4148 603 4212 diutius
631 4165 909 4217 exspectat
940 4164 995 4208 nt
1022 4148 1348 4216 etnendetis,
1383 4159 1528 4203 tanto
1557 4149 1770 4217 gravius
1799 4148 1977 4200 vindi-

403 4172 603 4212 (lllllllls
631 4172 731 4212 exs
803 4172 909 4210 οιιιι
940 4172 995 4208 ιιι
1022 4172 1348 4216 etnenuetts,
1383 4172 1528 4203 uultu
1557 4172 1770 4217 gritwus
1804 4172 1977 4200 vuIUI-

401 4227 542 4282 cabit
569 4227 616 4280 si
643 4172 1003 4292 negegxcritis.
1025 4223 1080 4278 Si
1109 4222 1245 4276 forte
1275 4219 1468 4284 putatis
1490 4218 1627 4292 quod
1652 4216 1774 4270 linis
1793 4217 1978 4292 mundi

400 4295 606 4350 tardius
633 4287 838 4358 veniat,
883 4293 968 4348 vel
1009 4293 1369 4361 unusquisque
1409 4287 1710 4361 consideret
1738 4302 1889 4339 suum
1915 4288 1976 4338 li-

403 4379 554 4448 pem.
587 4363 658 4448 (ε)
691 4364 834 4448 Ecce
851 4363 977 4419 dum
1009 4358 1234 4448 libenter
1331 4358 1713 4430 jucutulissime
1741 4365 1978 4448 mo'ratur

401 4434 564 4516 homo
590 4425 892 4516 inmundo,
923 4435 1192 4516 multaque
1221 4434 1270 4515 in
1305 4425 1457 4516 longe
1489 4438 1726 4516 tempore
1753 4425 1979 4510 todispo-

399 4509 478 4563 nit
505 4507 728 4577 agenda,
759 4497 979 4576 repente
1007 4497 1290 4577 rapimrin
1299 4497 1566 4577 mortem,
1599 4508 1652 4552 et
1680 4513 1742 4552 ex
1776 4497 1978 4577 impro-

399 4579 514 4634 viso
539 4569 777 4632 aufertur
794 4569 834 4633 α’
849 4569 1094 4646 corpore.
1125 4574 1229 4630 Sed
1260 4573 1347 4627 ille
1375 4573 1562 4646 beatus
1583 4577 1684 4633 est,
1711 4569 1800 4646 qui
1823 4579 1977 4646 antea

397 4661 612 4718 semper
643 4648 827 4703 horam
859 4640 1000 4702 illam
1032 4646 1272 4700 habuerit
1299 4651 1422 4697 ante
1439 4641 1655 4718 oculos,
1681 4649 1734 4694 et
1759 4640 1977 4718 festina-

399 4710 536 4774 verit
573 4719 626 4773 in
656 4718 744 4772 illa
777 4719 904 4772 liora
949 4718 1136 4771 mortis
1179 4723 1392 4785 paratus
1438 4710 1684 4785 ἱεικεξηὶινίι
1719 4720 1774 4785 ut
1815 4710 1980 4785 possit

295 4841 304 4848 .
400 4789 531 4844 tanti
557 4795 730 4843 metus
761 4799 1014 4842 terrorem
1041 4780 1292 4842 evadere.
1325 4781 1476 4850 Quod
1519 4781 1561 4835 si
1602 4781 1760 4834 vultis
1780 4780 1936 4850 iscire
1961 4819 1974 4842 ,

398 4873 518 4914 cum
563 4868 708 4914 metu
761 4873 984 4930 magno,
1016 4849 1978 4930 cltarissimi{magnisquedolpribus

397 4939 680 5000 separatur
704 4921 880 4984 anima
902 4946 928 4982 a
955 4921 1202 5000 corpore.
1226 4925 1452 5000 Veniunt
1469 4923 1609 5000 enim
1639 4921 1974 5000 Angelicam

397 4989 692 5066 assumere,
742 5007 798 5054 ut
837 4989 1130 5068 perducant
1166 5005 1289 5048 ante
1321 4991 1548 5048 tribunal
1583 4989 1851 5068 metuendi
1892 4991 1978 5056 ju-

397 5069 532 5127 dicis
574 5089 588 5126 :
631 5060 755 5125 tunc
792 5060 852 5124 et
889 5071 972 5122 illa
1013 5080 1315 5122 memorans
1353 5079 1512 5131 opera
1543 5076 1633 5114 sua
1667 5060 1826 5124 mala,
1858 5075 1978 5130 qua:

396 5140 485 5197 die
531 5150 800 5210 noctuque
847 5135 1453 5210 gessithontremiscit
1480 5142 1533 5186 et
1563 5131 1891 5210 ingemiscit‘,
1925 5139 1978 5210 et

392 5213 584 5282 quaerit
609 5228 672 5267 ea
711 5199 892 5282 iugere
919 5249 934 5272 ,
987 5207 1575 5282 ittduciasque_petere,
1611 5199 1814 5282 dicens,
1837 5199 1978 5282 _Date

401 5271 532 5338 mihi
557 5283 645 5338 vel
676 5271 832 5337 unius
862 5281 1006 5334 liora:
1044 5271 1294 5348 spatium.
1328 5271 1476 5329 Tunc
1507 5273 1653 5344 quasi
1695 5271 1850 5325 simul
1896 5272 1976 5325 lo-

454 5447 478 5520 ‘.
509 5445 648 5520 6‘23:
672 5443 724 5496 ίη
746 5442 1148 5520 ιονιθιξῐξνπηαε

479 5494 514 5557 ην
558 5494 658 5557 Viti.
677 5494 848 5556 isermi'
864 5503 970 5562 116,
995 5494 1044 5552 ἡ.
1070 5501 1118 5562 4,
1137 5501 1185 5550 in
1211 5497 1420 5563 Append.
1441 5495 1555 5547 torni
1578 5494 1624 5542 5.
1863 5553 1872 5564 .

457 5507 670 5634 {bimae
699 5574 990 5630 sequuntur,
1025 5562 1345 5616 conﬁciebant
1375 5565 1630 5611 tractaturo
1662 5554 1728 5605 de
1761 5557 1979 5602 Vanitate

975 5604 990 5628 9

689 5688 804 5743 inde
826 5687 1054 5740 translata
1077 5687 1127 5738 in
1148 5685 1234 5735 lib.
1259 5683 1420 5736 Iedit.
1439 5679 1684 5742 senui-di,
1707 5689 1815 5742 cap.
1833 5675 1883 5726 2.

1864 237 2219 300 APPENDIX.

3617 241 3811 302 uss

2099 360 2312 433 quentia
2340 359 2518 417 omnia
2541 372 2703 432 Opera
2733 359 2849 436 eius
2873 359 3088 436 dicunt,
3119 357 3202 436 Tn
3245 377 3345 419 nos
3380 365 3629 436 egisti,
3676 373 3794 423 tu:

2095 447 2256 508 Opera
2283 447 2486 499 sumus,
2524 448 2632 488 non
2674 444 2724 488 te
2754 433 3073 508 deserimus,
3097 433 3201 508 sed
3242 433 3449 508 tecum:
3477 451 3796 508 semper

2095 505 2315 578 erimus,
2345 515 2626 578 tecumque
2661 518 2944 578 pergamus
2979 502 3048 558 ad
3089 503 3368 578 judicium.
3407 506 3579 578 Haec
3620 502 3788 578 (δὶιὶ-

2096 573 2218 628 dem
2250 573 2551 644 peccatoris
2595 573 2770 628 anima
2800 575 2936 644 agit,
2982 590 3100 644 qua:
3137 591 3258 630 cum
3307 573 3667 632 horrendo'
3697 579 3784 632 ti-

2095 659 2244 718 more
2269 653 2546 718 separatur
2570 660 2599 697 a
2625 659 2870 718 corpore,
2892 655 2946 699 et
2968 645 3139 718 pergit
3175 646 3328 715 plena
3355 648 3654 718 peccatis
3691 658 3765 705 et

2098 715 2294 786 ingenti
2337 714 2649 770 confusione
2687 714 2956 784 depressa.
2997 715 3134 770 Justi
3177 714 3304 772 vero
3343 714 3542 775 anima
3587 733 3758 774 cum

2095 795 2372 854 separatur
2399 802 2428 840 a
2455 800 2700 853 corpore,
2729 801 2836 840 non
2865 787 3014 841 timet
3032 799 3176 848 ,‘nec
3200 789 3518 856 expavescit
3551 806 3571 840 :
3613 789 3743 844 sed

2095 858 2271 928 magis
2293 871 2413 928 cum
2425 856 2617 928 gaudio
2632 855 2921 928 egreditur,
2948 865 3145 928 etcum
3169 855 3540 914 exsultatione
3575 874 3746 926 per-

2094 927 2170 997 git
2189 925 2274 997 'ad
2320 925 2484 982 Deum
2513 925 2896 997 deducentibus
2935 942 2996 982 se
3036 927 3252 996 Angelis
3276 930 3500 983 sanctis.
3539 925 3738 985 Illam

2095 995 2222 1068 ergo
2249 996 2433 1052 horam
2461 995 2640 1062 modo,
2661 995 2872 1063 fratres,
2901 997 3103 1060 timete,
3127 995 3202 1052 ne
3229 1005 3354 1068 tunc
3396 999 3671 1055 timeatis
3712 1018 3732 1054 :

2097 1066 2236 1122 illam
2281 1083 2420 1122 nunc
2451 1079 2778 1137 praecavete,
2827 1076 2883 1137 ut
2925 1076 3052 1121 tunc
3094 1067 3267 1122 securi
3292 1083 3412 1123 esse
3437 1071 3721 1137 possitis.

2097 1137 2415 1193 Mementote
2439 1136 2634 1206 jugiter
2656 1179 2670 1202 ,
2697 1138 2819 1206 quia
2849 1136 2904 1191 in
2930 1137 3108 1192 medio
3133 1136 3450 1208 laqueorum
3468 1139 3718 1196 diaboli

2096 1209 2408 1280 ambulans;
2441 1216 2496 1264 et
2522 1208 2642 1262 ideo
2671 1222 2880 1280 semper
2909 1208 3078 1280 parati
3106 1217 3287 1280 estote
3310 1251 3326 1274 ,
3354 1219 3424 1280 ut
3461 1211 3718 1280 quando

2100 1278 2306 1332 Domini
2347 1288 2664 1345 praeceptum
2723 1279 2939 1331 missum
2986 1277 3164 1343 fuerit,
3211 1279 3364 1334 liberi
3416 1277 3493 1334 ab—
3531 1282 3710 1336 omni

2099 1347 2216 1402 labe
2245 1350 2441 1417 peccati
2487 1349 2552 1402 ad
2585 1351 2824 1416 requiem
2852 1349 3081 1404 transire
3114 1349 3348 1416 possitis.
3377 1349 3484 1404 Nec
3523 1352 3697 1405 arbi—

2098 1419 2308 1473 tremini
2336 1435 2432 1474 vos
2460 1419 2548 1472 ditt
2576 1419 2626 1472 in
2655 1418 2754 1472 hoc
2777 1417 2973 1472 mundo
3003 1433 3317 1480 mansuros;
3349 1420 3470 1488 quia
3512 1422 3701 1475 nimi-

2096 1504 2211 1542 rum
2242 1489 2534 1558 proveniet,
2577 1496 2634 1542 ut
2682 1503 2786 1542 non
2835 1489 3159 1544 concedatur
3200 1499 3320 1559 post
3347 1489 3696 1545 dominicum

2096 1569 2416 1628 praccptnm
2457 1561 2676 1613 missum
2721 1574 2820 1613 nec
2856 1559 3008 1613 unius
3049 1559 3192 1614 hora:
3223 1561 3393 1627 spatio
3427 1561 3506 1615 vel
3558 1576 3695 1616 mo—

2097 1638 2279 1686 mento
2307 1631 2358 1683 in
2383 1631 2480 1682 hac
2497 1630 2599 1682 vita
2621 1629 2935 1684 consistere.
2954 1628 3150 1684 Cavete
3168 1631 3328 1698 igitur
3348 1645 3415 1686 ne
3437 1631 3501 1686 de
3526 1632 3692 1686 exitu

2095 1710 2275 1756 vestro
2306 1700 2567 1771 tristitiam
2613 1697 2821 1771 faciatis
2844 1700 3058 1770 Angelis
3086 1697 3303 1766 sanctis,
3337 1710 3392 1754 et
3417 1701 3680 1771 gaudium

2096 1771 2340 1824 inimicis.
2373 1770 2570 1825 Scitote
2594 1785 2720 1823 vero
2739 1770 2863 1840 quia
2877 1771 3052 1824 anima
3076 1785 3198 1840 cum
3227 1786 3256 1822 a
3278 1770 3502 1840 corpore
3523 1771 3680 1826 avel-

2095 1840 2242 1906 litur,
2269 1842 2448 1896 statim
2474 1850 2564 1894 aut
2608 1841 2662 1894 in
2708 1839 2951 1908 paradiso
2997 1855 3092 1908 pro
3135 1839 3290 1894 bonis
3328 1839 3550 1906 meritis,
3584 1850 3684 1897 aut.

2095 1921 2240 1966 certe
2267 1926 2364 1980 pro
2396 1911 2624 1979 peccatis
2652 1911 2706 1964 in
2733 1910 2938 1980 inferno
2958 1910 3210 1965 continuo
3238 1913 3254 1942 ί
3287 1912 3678 1980 przecipitatur.

2095 1979 2428 2050 Quapropter
2453 1981 2632 2052 eligite
2660 1979 2818 2052 modo
2845 1980 2986 2050 quod
3028 1981 3207 2046 vultis,
3237 1979 3299 2035 et
3338 1981 3437 2036 hoc
3455 1979 3586 2052 ’jam
3619 1981 3676 2037 in

2095 2051 2201 2105 vita
2225 2060 2418 2111 vestra.
2452 2051 2539 2105 hic
2565 2051 2852 2120 disponite,
2900 2059 3015 2121 aut
3035 2053 3414 2121 perpetualiter
3440 2051 3679 2121 gaudere

2094 2137 2214 2176 cum
2245 2123 2464 2188 sanctis,
2488 2131 2580 2176 aut
2605 2122 2721 2176 sine
2743 2120 2847 2175 line
2875 2119 3246 2192 cruciaricum
3273 2119 3468 2190 impiis.
3491 2121 3678 2192 Itaque

2093 2193 2180 2248 vel
2215 2193 2402 2248 saltem
2441 2207 2610 2261 paena:
2650 2207 2743 2246 vos
2782 2200 3048 2253 terreant,
3075 2191 3121 2246 si
3148 2192 3365 2260 prremia
3393 2207 3498 2246 non
3526 2191 3671 2246 invi-

2093 2271 2208 2334 tant
2235 2282 2248 2318 :
2279 2273 2333 2319 et
2355 2274 2670 2334 prmsentem
2693 2261 2949 2334 mundum
2963 2261 3014 2334 si
3025 2261 3306 2334 despicere
3327 2277 3431 2316 non
3448 2263 3670 2334 valetis,

2093 2333 2178 2387 vel
2209 2349 2330 2387 cum
2357 2331 2572 2400 'justitia
2600 2331 2886 2401 possidete.
2919 2331 3018 2398 Qui
3047 2333 3097 2386 in
3124 2333 3401 2399 juventnte
3427 2333 3625 2386 erravit
3652 2375 3669 2399 ,

2092 2403 2282 2459 saltem
2309 2403 2361 2458 in
2387 2413 2660 2458 senectute
2679 2401 2987 2482 resipiscat;
3011 2410 3066 2458 et
3090 2402 3226 2455 mala
3245 2418 3370 2527 ante
3395 2402 3665 2472 peccando

2092 2475 2392 2527 commisit.
2445 2473 2749 2527 paenitendo
2789 2487 2896 2527 tam
2934 2479 3214 2527 exouraet.
3291 2487 3386 2527 cce
3415 2472 3665 2527 paulatim

2092 2475 2392 2538 commisit,
2445 2473 2749 2540 ptenitendo
2785 2472 2896 2541 jam
2934 2479 3214 2542 expurget.
3245 2472 3386 2528 Ecce
3415 2472 3665 2542 paulatim

2092 2543 2272 2599 delicit
2306 2545 2652 2606 mundus,.et
2696 2552 2886 2597 cuncta
2937 2557 3056 2612 quae
3101 2541 3666 2612 videntur.rvelociter

2095 2623 2342 2684 tanquam
2374 2614 2564 2668 nebula
2589 2622 2682 2684 aut
2699 2611 3268 2684 tanquam'vespertina
3291 2611 3655 2684 umbratransf

2089 2681 2236 2739 eunt.
2305 2684 2442 2738 Ecce
2489 2683 2629 2752 quod
2683 2683 2810 2737 olim
2861 2681 3318 2752 praenuntiabatur
3346 2722 3363 2747 ,
3414 2681 3662 2752 praesenti

2093 2762 2329 2824 tetttpOt-tr
2349 2756 2454 2818 jam
2481 2751 2757 2824 perspicue
2777 2751 3014 2808 cernitur
3039 2769 3054 2806 :
3071 2752 3471 2824 subtrahuntur
3484 2751 3661 2806 omnia

2092 2820 2250 2887 bona,
2284 2835 2336 2879 et
2362 2820 2864 2892 ert-sutnt'quotidie
2888 2824 3045 2878 mala.
3069 2821 3244 2877 Nolite
3269 2838 3419 2892 ergo,
3449 2820 3656 2885 fratres,

2093 2896 2346 2950 mundum
2391 2895 2499 2965 jam
2534 2895 2773 2964 diligere,
2804 2892 2876 3018 Sa)
2909 2909 3065 2964 quem
3105 2901 3250 2948 tanta
3293 2893 3509 2948 cernitis
3543 2906 3659 2947 cum

2093 2965 2366 3018 velocitate
2412 2965 2635 3018 transire
2685 2983 2700 3018 :
2744 2967 2906 3018 noite
2933 2965 2984 3017 in
3012 2963 3127 3018 eius
3164 2978 3348 3018 amore
3376 2963 3657 3017 anchoram

2089 2965 2366 3020 velocitate
2394 2963 2645 3020 transire
2685 2983 2700 3020 :
2744 2963 2906 3018 nolite
2933 2965 2984 3017 in
3012 2963 3127 3032 ejus
3164 2978 3348 3018 amore
3376 2963 3657 3017 anchoram

2090 3036 2268 3091 cordis
2289 3037 2396 3105 jam
2425 3033 2609 3105 ﬁgere,
2636 3049 2793 3103 quem
2834 3035 2913 3088 sic
2951 3033 3016 3088 ad
3032 3031 3204 3105 _llnem
3233 3033 3539 3105 contSpicitis
3561 3031 3655 3105 de-

2090 3103 2335 3162 clinare:
2363 3103 2657 3176 praisertim
2681 3120 2801 3176 cum
2831 3103 3115 3176 Apostolus
3135 3104 3352 3170 clamet,
3369 3103 3510 3174 quod
3529 3103 3658 3158 ami-

2089 3176 2210 3231 citia
2243 3173 2399 3246 hujus
2428 3173 2608 3229 mundi
2635 3175 2841 3230 inimicn
2873 3175 2941 3228 sit
2971 3174 3098 3228 Deo.

2161 3246 2250 3301 22.
2287 3241 2451 3301 Vitam
2481 3260 2610 3314 ergo
2649 3255 2901 3300 aiternam
2943 3259 3010 3298 cx
3043 3243 3292 3298 omnibus
3333 3257 3538 3314 praeor
3562 3241 3659 3314 diis

2088 3317 2282 3372 vestris
2309 3327 2502 3380 amate,
2537 3312 2692 3385 quam
2721 3329 2987 3383 nunquam
3017 3314 3072 3368 in
3098 3314 3292 3368 stecula
3321 3313 3536 3385 liniatis.
3583 3312 3653 3384 (ὁ)

2091 3387 2220 3442 Illuc
2255 3387 2518 3453 festinate,
2551 3384 2636 3439 ubi
2682 3400 2891 3453 semper
2917 3385 3132 3446 vivatis.
3173 3394 3228 3438 et
3262 3384 3351 3438 ubi
3389 3384 3498 3454 jam
3529 3385 3656 3437 mori

2089 3472 2357 3527 nunquam
2388 3455 2636 3511 timentis.
2665 3454 2727 3527 Si
2750 3455 2890 3510 enim
2915 3455 2993 3508 sic
3017 3454 3208 3527 amatis
3235 3454 3391 3527 istam
3408 3455 3656 3527 miseram

2088 3523 2410 3597 ﬂuidumque
2437 3528 2620 3590 vitam,
2643 3525 2730 3580 tibi
2749 3539 2880 3597 _cum
2909 3532 3056 3597 tanto
3080 3525 3472 3597 laborevivitis,
3501 3532 3553 3577 et
3571 3523 3656 3577 ubi

2087 3599 2173 3654 vix
2201 3593 2483 3663 currendo,
2514 3594 2819 3665 satagendo,
2845 3593 3105 3660 sudando,
3133 3593 3450 3664 suspirando
3481 3607 3657 3665 necesp

2087 3669 2246 3723 sariis
2266 3667 2504 3736 Corporis
2531 3663 2834 3736 satisfacitis
2861 3683 2874 3718 :
2907 3675 3104 3736 quanto
3130 3667 3298 3734 magis
3343 3679 3526 3736 amare
3565 3663 3656 3717 de-

2089 3738 2226 3795 betis
2249 3733 2407 3792 vitam
2446 3748 2722 3800 aeternam,
2771 3734 2860 3790 ubi
2906 3733 3108 3788 nullum
3148 3733 3380 3804 unquam
3425 3733 3652 3788 laborem

2089 3807 2436 3874 sustinebitis,
2463 3805 2554 3862 ubi
2585 3821 2796 3875 semper
2824 3819 3032 3859 summa
3057 3812 3141 3858 est
3165 3804 3446 3875 securitas,
3475 3816 3652 3875 secura

2088 3880 2332 3942 felicitas,
2364 3871 2486 3932 felix
2518 3871 2750 3939 libertas,
2784 3875 2947 3930 libera
2979 3875 3233 3938 beatitas;
3287 3874 3376 3928 ubi
3421 3871 3651 3942 implebi-

2090 3959 2172 4004 tur
2209 3948 2335 4003 illud
2371 3947 2510 4018 quod
2562 3946 2914 4018 Dominusjn
2949 3943 3644 4018 _Evangelio_dic_it,uErun_t

2089 4020 2314 4074 homines
2341 4011 2528 4073 similes
2549 4016 2752 4087 Angelis
2780 4015 2988 4087 (Matth.
3022 4011 3160 4080 xxﬁ,
3192 4015 3283 4087 Egit)
3305 4011 3655 4087 ;_sin_tiles_uti-

2088 4105 2193 4159 que
2227 4105 2329 4159 non
2361 4081 2674 4159 substantia,
2699 4081 2798 4159 sed
2819 4085 3165 4159 beatitudine.
3205 4081 3273 4138 Et
3313 4083 3450 4159 illud
3475 4101 3493 4159 :_
3519 4081 3650 4136 Tum:

2077 4153 2210 4228 fusti
2231 4158 2489 4230 fulgebunt
2510 4159 2636 4211 sicut
2657 4157 2734 4230 sol
2755 4156 2807 4209 in
2828 4171 2981 4230 regno
3016 4155 3187 4230 Patris
3206 4171 3378 4230 eorum
3400 4153 3511 4222 (Id.
3541 4168 3644 4215 xttt,

2087 4231 2201 4298 45).
2231 4226 2416 4296 Qualis
2439 4237 2588 4296 putas
2613 4227 2714 4280 erit
2741 4237 2866 4298 tunc
2890 4226 3142 4295 splendor
3156 4226 3474 4298 animarum,
3497 4238 3652 4298 quan-

2087 4293 2308 4354 do'solis
2346 4293 2637 4353 claritatem
2681 4297 2895 4351 habebit
2923 4293 3024 4351 lux
3067 4294 3400 4366 corporum?
3439 4294 3512 4349 lbi
3545 4293 3646 4366 jam

2088 4386 2193 4423 non
2217 4371 2318 4424 erit
2345 4370 2446 4423 ulla
2467 4367 2700 4432 tristitia,
2730 4367 2906 4421 nullus
2935 4367 3103 4431 labor,
3134 4364 3306 4420 nullus
3337 4366 3508 4428 dolor,
3537 4364 3644 4414 nul-

2087 4439 2170 4494 lus
2191 4442 2367 4505 timor,
2400 4440 2538 4492 nulla
2566 4453 2736 4502 mors;
2774 4436 2868 4491 sed
2913 4445 3163 4506 perpetua
3209 4451 3416 4506 semper
3459 4433 3643 4506 sanitas

2087 4502 2449 4580 perseverabit
2497 4507 2648 4580 Nulla
2673 4507 2740 4580 ibi
2767 4502 3052 4580 consurget
3078 4507 3298 4580 malitia,
3327 4502 3460 4580 nulla
3475 4502 3644 4580 carnis

2089 4572 2488 4649 iniseria,nulla
2508 4577 2785 4649 (egritudo,
2807 4577 2947 4630 nulla
2967 4572 3185 4649 omnino
3208 4579 3511 4629 necessitas.
3544 4572 3646 4624 Non

2087 4651 2189 4705 erit
2215 4651 2284 4704 ibi
2317 4648 2507 4712 fames,
2533 4645 2639 4702 non
2663 4647 2800 4712 sitis,
2836 4661 2938 4699 non
2967 4645 3150 4715 frigus,
3185 4660 3288 4698 non
3320 4652 3501 4704 a-stus.
3555 4657 3650 4715 non

2087 4719 2342 4775 lassitudo
2361 4718 2568 4787 jejunii,
2615 4732 2713 4771 nec
2742 4716 2852 4787 ulla
2889 4713 3109 4787 tentatio
3137 4715 3355 4787 inimici,
3409 4713 3647 4787 nonjatn

2091 4788 2344 4862 peccandi
2362 4783 2650 4862 voluntas,
2663 4801 2760 4841 nec
2788 4786 2895 4841 ulla
2922 4785 3282 4862 delinquendi
3298 4783 3644 4862 possibilitas;

2087 4851 2179 4917 sed
2209 4870 2377 4914 totum
2407 4851 2710 4922 exsultatio,
2745 4865 2911 4911 totum
2937 4851 3117 4910 laetitia
3145 4851 3454 4924 possidebit,
3499 4851 3654 4924 homi-

2087 4947 2287 5000 nesque
2337 4929 2556 5000 Angelis
2603 4928 2788 4982 sociati
2821 4928 2961 5000 sine
3001 4927 3106 4980 ulla
3143 4922 3320 5000 carnis
3363 4922 3654 5000 intirntitate

2086 4994 2400 5058 vernabunt.
2426 4994 2508 5055 ilbi
2535 5015 2662 5070 ergo
2688 4999 2792 5070 erit
2819 4998 2997 5070 laetitia
3025 5005 3196 5070 certa,
3235 4995 3308 5070 ibi
3337 4994 3549 5070 requies
3574 5005 3645 5070 se-

2085 5087 2232 5136 cura,
2259 5073 2328 5126 ibi
2354 5085 2452 5140 pax
2480 5062 2626 5136 vera',
2663 5069 2734 5140 ibi
2762 5069 3066 5138 incunditas
3109 5065 3332 5140 infinita,
3363 5062 3450 5140 ubi
3488 5063 3532 5116 si
3562 5062 3650 5140 _lo-

2085 5158 2179 5199 cus
2203 5133 2478 5197 obtinendi
2507 5133 2646 5195 ullus
2671 5133 2847 5206 fuerit,
2877 5135 3154 5194 amittendi
3184 5137 3238 5190 in
3265 5134 3460 5190 secula
3489 5133 3650 5188 nullus
3711 5137 3717 5145 ‘

2084 5315 2363 5428 ᾠυῗξθει,
2387 5312 2622 5376 continuo,
2647 5325 2677 5363 a
2697 5319 2778 5362 us.
2796 5312 3076 5362 Corbeiensi
3101 5316 3154 5362 et
3173 5321 3203 5361 a
3223 5308 3348 5360 libro
3368 5307 3435 5360 de
3451 5307 3656 5359 Vanitate

2148 5463 2222 5526 (α)
2238 5461 2530 5526 Haeeverba,
2545 5471 2685 5523 quem
2699 5463 2847 5526 tanta,
2865 5470 3026 5522 usque
3040 5456 3118 5518 ad,
3132 5455 3244 5520 jam
3263 5452 3433 5520 ﬁgere,
3451 5452 3654 5504 addimus

2088 5537 2152 5576 ex
2189 5519 2310 5572 libro
2331 5524 2396 5573 de
2420 5519 2634 5572 vanitate
2652 5519 2834 5572 sicut“.

2096 5573 2111 5576 ’
2140 5573 2222 5649 (ο)
2247 5591 2312 5636 Ita
2336 5591 2389 5635 et
2412 5585 2570 5635 uedit.
2594 5582 2837 5646 sei-mret,
2853 5593 2958 5644 cap.
2980 5581 3062 5644 17,
3087 5586 3302 5633 etserm.
3327 5577 3446 5642 110,
3467 5589 3522 5628 ιι.
3539 5573 3585 5644 4,
3607 5573 3654 5624 in

2087 5653 2300 5714 Append.
2326 5656 2444 5699 ιοιιιι
2459 5646 2508 5698 5.
