4088 6202
254 346 393 413 1185

253 475 374 531 erit.
394 472 454 528 In
476 485 580 542 qua
603 467 929 542 beatitudine
952 468 1125 542 quod‘
1140 467 1305 542 semel
1330 464 1819 542 adipiscitur,_sein-

254 560 347 615 per
375 534 916 615 tene'tu_r.Niliil-loco
946 534 1517 615 illomagniﬁcentius,
1544 535 1672 615 nihil
1702 534 1820 615 glo-

253 605 463 677 i'iosius,
491 612 621 667 nihil
671 611 885 679 clarius,
933 611 1061 665 nihil
1108 605 1421 679 pulchrius,
1449 605 1580 679 nihil
1622 607 1819 679 verius,

254 685 382 740 nihil
414 675 825 747 inunilicentius,
868 675 994 737 nihil
1019 675 1365 736 illa'bouitate
1383 676 1660 742 sincerius,
1691 675 1823 729 nihil

252 756 341 810 illa
372 754 688 809 abundantia
727 751 1014 822 copiosius.
1038 750 1126 822 lbi;
1158 764 1369 822 semper
1390 755 1572 822 pax__e_t
1594 759 1824 822 summa

252 826 580 890 solemnitas,
613 824 682 878 ibi
706 815 828 878 vera
855 831 910 877 et
937 828 1083 877 certa
1106 815 1331 874 felicitas
1357 815 1455 872 est.
1485 815 1563 890 lbi
1586 816 1694 890 jam
1719 830 1824 890 non

251 886 619 950 fortitidabitur
657 892 1019 949 ferocissimus
1068 890 1256 954 hostis,
1304 889 1394 958 qui
1447 886 1592 954 cupit
1629 886 1826 958 iugiter

251 967 456 1021 animas
477 965 718 1034 jugulare
747 981 759 1014 :
788 978 886 1018 nec
915 960 1238 1034 timebantur
1265 956 1400 1013 ultra
1437 956 1822 1034 ignitadiaboli

250 1036 441 1105 iacula,
474 1026 643 1105 neque
674 1034 776 1087 ulla
824 1032 1020 1105 inimici
1061 1027 1569 1105 tentamenla.._Non.
1608 1026 1827 1105 incutiet

254 1096 512 1160 icrrorem
542 1096 886 1159 barbarorum
910 1102 1234 1165 immanitas,
1268 1114 1365 1153 nec
1388 1098 1490 1152 ulla
1522 1096 1740 1150 ulterius
1763 1096 1828 1150 ti-

252 1178 481 1231 mebitur
536 1174 848 1229 adversitas.
903 1171 1017 1226 Non
1064 1171 1136 1224 ibi
1174 1167 1544 1223 formidabitur
1595 1166 1824 1232 ferrum,

252 1264 358 1300 non
414 1245 579 1313 ignis,
630 1259 728 1298 nec
780 1243 939 1313 facies
979 1241 1197 1313 omnino
1241 1240 1535 1313 truculenta
1586 1236 1824 1313 tortoris.

253 1306 507 1372 Nemovin
542 1306 658 1369 loco
688 1314 777 1366 illo
805 1312 1037 1383 glorioso
1072 1310 1271 1379 indiget
1307 1308 1653 1383 vestimento;
1705 1306 1826 1375 quia

254 1404 359 1441 non
382 1395 461 1439 est
481 1385 590 1439 illic
618 1376 934 1452 irigusfnec
956 1392 1139 1452 azstus,
1172 1376 1274 1452 nec
1292 1379 1394 1432 ulla
1426 1376 1566 1432 aeris
1596 1378 1829 1452 unequa-

254 1457 393 1511 litas.
426 1454 613 1511 Nullus
660 1446 732 1506 ibi
775 1446 966 1517 esurit,
1009 1451 1187 1505 nullus
1213 1448 1482 1512 tristatur,
1533 1446 1707 1500 nullus
1746 1454 1830 1500 est

254 1527 563 1598 peregrinus
585 1543 600 1598 ς
623 1524 725 1598 sed
753 1537 942 1598 omnes
969 1521 1057 1598 qui
1107 1520 1299 1598 ibidem
1325 1518 1585 1598 attingere
1615 1531 1827 1598 merue-

254 1587 410 1663 runt:
426 1594 599 1651 securi
631 1604 686 1648 ut
712 1594 763 1647 in
792 1593 959 1662 patria
984 1587 1182 1663 vivent.
1209 1588 1484 1663 Nonultra
1505 1587 1617 1663 jam
1638 1587 1829 1663 adver-

255 1656 459 1722 sabitur
482 1679 607 1720 caro
628 1656 856 1732 spiritui,
885 1676 983 1716 nec
1009 1660 1173 1732 ullum
1194 1658 1466 1732 timebitur
1485 1656 1822 1732 periculum:

255 1736 349 1792 sed
377 1725 742 1791 incnarrabilia
770 1725 888 1787 cum
918 1731 1132 1801 Angelis
1164 1725 1586 1801 ac_sempiterna
1616 1742 1646 1778 a
1674 1725 1829 1801 Chri-

255 1818 341 1861 sto
372 1806 585 1876 praemia
618 1796 1094 1876 retribuenturfet
1119 1799 1261 1876 quod
1297 1798 1481 1876 oculus
1528 1811 1633 1850 non
1656 1796 1823 1876 nvidit,

255 1867 395 1932 sicut
421 1876 552 1930 dicit
590 1874 899 1944 Apostolus,
953 1885 1053 1926 nec
1091 1867 1481 1944 aurisaudivit,
1508 1881 1608 1944 nec
1656 1867 1831 1944 inueor

259 1946 492 2001 hominis
521 1937 778 2005 ascendit,
824 1937 943 2013 qua:
973 1939 1287 2013 praeparavit
1326 1939 1464 2013 Deus
1492 1937 1831 2013 diligeutibus

258 2016 380 2089 seg(l
398 2015 513 2089 Cor_.
534 2031 590 2079 ll,
618 2014 696 2084 9).
726 2007 864 2089 Ecce
892 2007 1100 2089 qualem
1130 2008 1511 2089 beatitudinem
1524 2007 1829 2089 perdiiuuus

257 2076 382 2153 erii,
423 2086 510 2155 qui
540 2076 598 2139 se
626 2076 802 2147 modo,
830 2076 956 2155 dum
984 2082 1125 2155 licet,
1154 2077 1438 2155 emendare
1469 2078 1714 2155 noluerit.
1749 2076 1831 2130 ld-

257 2146 402 2212 circo
442 2146 569 2219 "nos,
627 2146 838 2218 fratres,
885 2153 1111 2206 Domino
1152 2146 1832 2219 auxilianteidedignemur

264 2228 402 2282 ultra
431 2217 633 2280 servire
665 2217 901 2294 peccato,
931 2221 1122 2292 quibus
1146 2228 1291 2274 tanta
1329 2217 1598 2274 beatitudo
1620 2231 1830 2286 praepa-

257 2306 406 2352 ratur
431 2298 482 2351 in
504 2296 657 2350 etelo.

329 2366 420 2421 25.
446 2366 580 2420 Dum
607 2379 733 2434 ergo
764 2373 975 2431 tempus
1000 2370 1102 2434 est,
1132 2359 1444 2415 festinemus
1476 2357 1642 2412 Deum
1682 2357 1834 2413 nobis

259 2437 543 2506 pr0pitium
576 2433 787 2506 facere:
821 2433 1180 2506 despiciamus
1205 2445 1324 2500 quae
1363 2436 1742 2506 terrena_suut,
1777 2434 1835 2480 ut

257 2499 619 2575 adipiscamur
644 2505 900 2575 cmlestia.
923 2499 1238 2575 Cogitemus
1262 2515 1359 2554 nos
1383 2499 1692 2575 peregrinos
1714 2512 1834 2553 esse

260 2577 313 2631 in
341 2568 444 2631 hoc
470 2575 690 2640 sacculo,
720 2584 779 2628 ut
803 2568 1351 2627 liberius—festinemus
1374 2568 1440 2623 ad
1465 2568 1658 2623 caelum
1695 2588 1707 2622 :
1739 2583 1833 2622 ve-

256 2648 447 2703 lociter
461 2646 601 2701 enim
616 2653 907 2708 transeunt,
922 2652 975 2696 et
993 2642 1101 2695 cito
1129 2649 1386 2707 tanquam
1405 2639 1587 2693 umbra
1614 2646 1835 2708 praeter-

256 2727 389 2773 eunt
431 2726 619 2771 cuncta
649 2731 767 2783 qua:
799 2713 882 2767 hic
908 2712 1171 2766 videntur.
1223 2709 1617 2783 Perpendamtts
1652 2708 1835 2783 quales

257 2787 461 2842 erimus
492 2788 542 2838 in
573 2779 882 2852 die'judicii,
916 2783 1075 2835 Dciet
1103 2780 1426 2849 Angelorum
1461 2779 1834 2852 conspectibns

258 2850 1283 2927 prtnseutandi,qttunddopcra‘nostra
1307 2858 1484 2927 _crunt
1529 2850 1680 2927 nobis
1714 2860 1835 2927 ante

258 2917 448 2982 oculos
471 2917 733 2994 ponenda.
752 2921 935 2994 Qualis
952 2917 1064 2973 erit
1084 2919 1171 2973 illa
1201 2917 1462 2994 confusio,
1487 2919 1570 2970 cui
1596 2920 1833 2994 contige-

259 2998 331 3052 rit
377 2986 730 3066 pro'peccatis
764 2986 880 3046 suis
919 2991 970 3044 in
1008 2996 1300 3066 conspectu
1347 2986 1439 3039 Dei
1495 2988 1837 3066 omniumque

257 3055 539 3122 honiiuum
566 3065 900 3125 erubescere,
934 3059 1023 3129 qui
1054 3058 1141 3129 hic
1164 3072 1260 3129 nec
1297 3072 1458 3129 unum
1478 3055 1715 3129 _quider_n
1743 3055 1839 3129 ho-

258 3139 465 3193 minem
496 3137 548 3189 in
575 3150 631 3189 se
659 3125 966 3202 peccantem
990 3130 1107 3202 vult
1127 3126 1430 3193 inSpicere?
1474 3125 1571 3202 ᾖ]θί
1597 3125 1715 3193 quis
1739 3126 1840 3180 erit

261 3222 432 3277 pavor
460 3217 586 3260 tunc
620 3195 786 3277 Deum
814 3197 1225 3277 iraturnyidere,
1258 3211 1413 3277 quum
1438 3195 1837 3277 placatum-nou

260 3264 407 3333 valet
437 3273 752 3329 universitas
797 3267 1294 3340 comprehendere?
1340 3267 1490 3340 Illum
1525 3280 1652 3340 ergo
1696 3264 1838 3319 diem

263 3362 479 3417 semper
506 3347 803 3417 timeamus,
824 3336 1003 3417 quem
1034 3338 1193 3417 modo
1226 3336 1515 3406 praevidere
1546 3336 1840 3417 nullatenus

264 3406 571 3489 possumus.
605 3415 753 3469 Illum
786 3406 925 3489 diem
950 3411 1147 3480 jugiter
1173 3421 1538 3489 paveseamus,
1569 3414 1622 3460 et
1651 3406 1734 3460 vel
1763 3406 1841 3486 sic

264 3476 419 3544 actus
440 3495 649 3541 nostros
670 3500 698 3537 a
732 3483 871 3536 man
898 3476 1228 3536 revocamus.
1279 3476 1685 3532 Consideremus
1723 3477 1841 3546 quis

265 3568 443 3614 terror
467 3557 568 3611 erit
595 3556 647 3609 in
678 3554 764 3608 die
794 3552 902 3616 illo,
930 3566 1052 3605 cum
1075 3550 1141 3605 de
1178 3547 1328 3603 caelis
1374 3547 1626 3601 Dominus
1647 3545 1713 3600 ad
1746 3545 1840 3614 ju-

268 3628 555 3684 dieandum
584 3624 795 3678 venerit
819 3622 1091 3675 saeculum.
1146 3619 1278 3686 Quis
1315 3626 1488 3671 metus
1527 3617 1628 3670 erit
1675 3617 1840 3670 Deum

265 3699 473 3760 videre,
502 3696 567 3750 ad
597 3695 747 3764 cujus
780 3692 1064 3747 adventum
1108 3692 1353 3743 universa
1397 3688 1658 3764 eletnenta
1707 3703 1841 3756 qua-

268 3758 492 3831 tientur,
522 3780 587 3820 ac
607 3758 800 3819 ecialum
831 3777 950 3817 eum
985 3773 1122 3815 terra
1167 3760 1558 3831 contremiscet,
1594 3758 1843 3831 virtutes-

267 3854 374 3909 que
395 3827 651 3909 caelorum
668 3832 1143 3909 commovebuntur
1161 3831 1184 3884 ?
1205 3830 1355 3884 Tunc
1381 3830 1628 3882 nimirum
1660 3827 1845 3893 praeei-

268 3904 522 3965 nentibus
545 3906 862 3975 Angelorum
899 3904 1059 3975 tubis,
1076 3916 1260 3955 omnes
1279 3908 1465 3975 gentes
1495 3911 1845 3975 quaecumque

268 3979 372 4035 sub
396 3978 535 4035 caelo
564 3966 757 4032 fuérint
776 3985 827 4029 et
853 3975 1026 4027 omnis
1044 3966 1208 4026 homo
1239 3966 1343 4023 tam
1371 3968 1467 4022 viri
1490 3966 1648 4035 quam
1690 3966 1843 4019 femi-

269 4065 355 4104 nae
386 4050 438 4103 in
467 4064 530 4103 eo
551 4062 681 4101 sexu
709 4046 1068 4113 unusquisque
1093 4056 1198 4108 quo
1230 4049 1384 4092 natus
1413 4037 1510 4091 fuit
1543 4038 1592 4113 in
1623 4036 1842 4113 mundo,

267 4121 398 4175 boni
422 4118 580 4171 simul
601 4128 653 4170 et
674 4117 818 4180 mali,
843 4106 1012 4167 s'anet'i
1056 4106 1466 4180 etipeccatores,
1498 4106 1581 4180 vel
1607 4106 1846 4180 quicum-

268 4204 377 4260 que
402 4188 469 4260 ιιι)
497 4188 645 4260 initio
688 4176 865 4260 mundi
903 4183 1033 4260 nati,
1078 4176 1153 4260 ac
1186 4177 1381 4232 tnortni
1411 4176 1627 4258 fuerint,
1656 4177 1787 4257 .sive
1813 4192 1843 4260 ξι

269 4247 464 4315 bestiis
507 4255 765 4321 devorati,
817 4252 929 4307 sive
966 4252 1033 4304 ab
1080 4251 1202 4321 igne
1246 4248 1583 4315 consumpti,
1625 4248 1736 4301 sive
1778 4247 1846 4321 ab

268 4329 427 4400 aquis
455 4326 709 4400 absorpti,
753 4317 945 4400 omnes
982 4317 1846 4400 simul,in“nionieiuonteiuporis

268 4387 505 4470 atquein
533 4387 639 4470 ictu
678 4391 1158 4470 oculiresuigentl
1186 4388 1337 4470 l_(.'or.
1372 4403 1441 4441 xv
1460 4429 1474 4450 ,
1496 4388 1606 4455 52),
1640 4388 1688 4438 in
1719 4387 1846 4470 ipsis

270 4457 393 4548 ξίιξε
423 4468 585 4524 dubio
605 4464 920 4548 corporibus
939 4457 1096 4543 sique
1123 4457 1173 4514 in
1215 4461 1331 4548 ipsa
1353 4474 1513 4548 carne
1546 4472 1712 4539 quam
1760 4457 1847 4512 hic

271 4541 608 4601 habuerunt;
640 4529 842 4591 scilicet
869 4534 920 4587 in
944 4529 1111 4587 virum
1140 4531 1426 4601 perfectum
1452 4537 1508 4583 et
1542 4529 1843 4601 inmensu-

272 4625 390 4666 ram
419 4598 951 4676 munisvplenitudinis
971 4598 1167 4676 Christi
1187 4599 1402 4676 (Ep/res.
1432 4614 1503 4676 iv,
1533 4598 1645 4667 1'5),
1672 4599 1844 4667 inqua

272 4692 329 4736 et
357 4679 477 4746 ipse
507 4670 758 4731 Dominus
782 4673 1072 4730 resurrexit
1095 4688 1123 4725 a
1147 4670 1395 4746 mortuis.
1432 4670 1494 4723 Et
1523 4684 1707 4746 omnes
1723 4677 1847 4746 ante

270 4739 529 4821 judicium
566 4746 758 4821 Christi
779 4746 1014 4821 venient,
1046 4745 1347 4821 pariterque
1376 4756 1497 4821 eum
1525 4739 1767 4821 etnelecti
1794 4747 1848 4793 ct

274 4810 494 4888 reprobi
539 4816 648 4888 suis
676 4815 842 4888 oculis
866 4810 1135 4888 videbunt,
1161 4810 1402 4888 _sicut_e.t_
1439 4812 1552 4888 ipse
1589 4810 1846 4888 Dominus

272 4892 327 4966 iu
344 4880 649 4966 'Evangelio
670 4885 800 4966 dicit
833 4900 846 4935 :
874 4882 1016 4966 Triuia
1045 4882 1271 4963 videbunt
1300 4880 1490 4934 Filium
1518 4881 1731 4962 hominis
1762 4896 1845 4933 ve-

273 4962 498 5015 nientem
517 4951 571 5009 in
594 4955 803 5008 nubibus
822 4951 932 5005 caeli
956 4967 1071 5004 cum
1095 4952 1274 5004 virtute
1298 4968 1484 5020 magna
1506 4960 1551 5003 et
1569 4952 1843 5020 majestate,

272 5029 613 5097 constipatum
643 5024 924 5095 agminibus
970 5022 1270 5097 Angelorum
1297 5038 1314 5073 :
1336 5031 1382 5072 et
1418 5021 1848 5097 congregabantur

273 5111 395 5155 ante
422 5090 537 5152 eum
556 5090 725 5151 omnes
745 5103 932 5171 gentes,
960 5100 1005 5144 et
1034 5090 1270 5171 plungent
1302 5106 1451 5169 super
1482 5106 1534 5141 se
1559 5106 1726 5143 onmes
1752 5090 1817 5142 tri
1828 5119 1844 5128 -

277 5173 369 5225 bus
391 5180 558 5227 terrm.
591 5176 637 5220 et
660 5159 907 5235 separabit
938 5178 1022 5215 eos
1055 5163 1115 5213 ab
1154 5159 1359 5235 inuicem
1401 5159 1524 5235 sicut
1556 5170 1725 5235 pastqr
1767 5176 1845 5235 ερ-

275 5246 455 5311 grega‘t
484 5253 594 5311 oves
615 5236 677 5290 ab
714 5228 972 5311 'Iiwdis,.et_
985 5228 1575 5311 statueLjustosﬂuideni
1603 5246 1634 5281 a
1663 5230 1849 5310 dextris

274 5298 404 5372 suis:
428 5308 609 5376 impios
631 5316 795 5361 autem
817 5321 861 5376 a_
869 5302 1108 5376 sinistris.
1145 5298 1299 5376 Tunc.
1332 5299 1476 5376 dicet
1502 5300 1569 5352 ad
1607 5316 1689 5376 eos
1708 5302 1793 5369 qui
1806 5317 1850 5376 _a

277 5369 473 5434 dextris
495 5369 603 5448 ejus
630 5386 793 5439 erunt,
846 5373 1037 5448 Venite,
1064 5370 1301 5425 benedicti
1332 5369 1501 5448 Patris
1529 5370 1642 5434 mei,
1685 5371 1846 5448 possi-

275 5452 392 5505 dete
405 5441 746 5530 prwpuratum
765 5445 922 5530 palliis.
950 5459 1156 5530 reguuin
1180 5459 1211 5495 a
1239 5442 1588 5530 donstitutione
1614 5441 1803 5530 .mund‘i
1832 5457 1850 5495 :

275 5511 466 5577 uitrici
490 5511 641 5576 enim,
674 5526 719 5569 et
744 5513 949 5568 dedistis
969 5511 1090 5567 mihi
1120 5512 1422 5565 manducare
1445 5529 1463 5577 ;
1493 5511 1643 5569 silivi.
1685 5520 1730 5564 et
1759 5511 1847 5564 de-

275 5590 428 5646 distis
446 5587 570 5640 mihi
596 5584 796 5647 bibere;
841 5584 1018 5653 hospes
1048 5599 1207 5648 aaut,
1234 5593 1279 5637 et
1304 5581 1573 5652 collegistis
1605 5596 1723 5643 me;
1751 5599 1849 5634 nu-

272 5665 398 5728 dus,
419 5665 470 5712 et
497 5655 761 5727 operuistis
788 5668 900 5719 me;
938 5654 1169 5723 inﬁrmus
1187 5663 1235 5708 et
1264 5654 1317 5709 in
1344 5667 1563 5721 carcere,
1601 5661 1645 5708 et
1680 5653 1852 5708 visita-

329 5791 349 5827 ⁸
389 5789 535 5856 Alias,
556 5787 656 5857 qui.

1272 5882 1327 5894 ’γυ
1346 5890 1371 5893 μ.

1030 344 1119 407 DE
1147 339 1604 408 RECTITUDINE
1642 332 2052 403 CATHOLICAE
2088 338 2697 405 CONVERSATIONIS.

3370 350 3511 410 1186

1929 462 2019 517 stis
2037 479 2132 516 me.
2163 461 2285 534 (iter:
2303 463 2546 533 quamdiu
2566 462 2752 534 fecistis
2771 460 2860 517 uni
2877 477 2939 517 ea:
2962 461 3184 520 minimis
3202 463 3345 531 meis,
3384 467 3512 522 mihi

1931 534 2114 604 fecistis
2135 533 2347 604 (Matth.
2383 550 2533 600 xxrv,
2563 533 2664 595 29;
2697 549 2817 599 xxv,
2843 534 3028 597 52-36,
3060 534 3174 604 40).
3220 535 3369 592 Tunc
3392 551 3512 593 0m-

1930 604 2086 659 nibus
2101 604 2769 686 aspicientibusosteudet
2795 605 2991 660 livores
3027 604 3305 686 et_(ixuras
3332 608 3513 664 clavo—

1928 690 2067 739 rum,
2100 675 2151 729 in
2182 674 2297 745 ipso
2332 676 2448 730 sine
2478 674 2641 730 dubio
2676 689 2921 745 corpore,
2965 675 3105 745 quod
3141 690 3237 745 pro
3280 681 3513 747 peccatis

1930 748 2126 799 nostris
2151 746 2480 799 vulneratum
2510 755 2592 799 est
2618 762 2633 800 :
2663 755 2715 800 et
2752 746 2823 799 ita
2852 747 3176 815 compellans
3204 746 3511 815 peCcatores

1929 814 2091 879 dicet,
2126 816 2201 884 (ιι)
2229 816 2334 885 Ego
2365 825 2435 875 te.
2465 816 2645 877 homo,
2679 816 2745 869 de
2776 816 2902 870 limo
2929 814 3083 871 terra:
3104 814 3346 875 manibus
3374 824 3506 879 meis

1933 885 2175 966 formavi,
2207 897 2261 941 et
2290 887 2427 966 inter
2450 886 2674 966 paradisi
2697 885 2932 953 delicias,
2958 889 3098 966 quod
3127 903 3231 942 non
3261 892 3509 947 mereba-

1932 956 2028 1028 r_is,
2055 956 2309 1011 collocavi
2334 975 2347 1009 :
2376 958 2469 1011 sed
2500 967 2567 1028 tu
2594 972 2682 1011 me
2711 971 2935 1028 meaque
2956 958 3106 1025 jussa
3137 969 3500 1028 contemnens,

1931 1025 2268 1099 deceptorem
2292 1029 2443 1099 sequi
2464 1027 2729 1099 maluisti,
2752 1025 2891 1082 unde
2906 1035 2961 1081 et
2986 1028 3127 1099 justa
3168 1044 3323 1099 praua
3353 1025 3506 1087 dam-

1934 1104 2091 1178 natus
2113 1097 2302 1178 inferni
2325 1096 2598 1166 suppliciis
2621 1112 2679 1151 es
2697 1096 3001 1178 deputatus.
3035 1096 3227 1178 Postea
3261 1103 3510 1158 misertus

1933 1181 2054 1248 sum
2079 1168 2173 1248 tui,
2204 1183 2418 1222 carnem
2451 1168 2733 1248 assumpsi,
2770 1168 2830 1248 in
2856 1170 3010 1223 terris
3040 1170 3177 1224 inter
3202 1182 3510 1240 peccatores

1936 1236 2185 1302 habitari,
2218 1239 2565 1292 contumelias
2592 1247 2644 1291 et
2673 1237 2894 1292 verbera
2936 1254 3031 1307 pro
3065 1248 3117 1294 te
3154 1236 3380 1298 sustinui
3413 1253 3508 1297 :ut

1935 1315 1987 1387 te
2015 1308 2315 1387 eriperem,_
2326 1309 2581 1387 colaphos
2602 1316 2654 1361 et
2679 1318 2831 1376 sputa
2854 1310 3097 1378 suscepi;
3137 1318 3193 1365 ut
3210 1313 3307 1387 _tibi
3327 1314 3510 1370 dulce-

1933 1376 2111 1432 dinem
2155 1379 2386 1447 paradisi
2431 1376 2732 1442 redderem,
2784 1376 3160 1434 acetum‘cum
3204 1381 3327 1437 felle
3377 1384 3506 1440 bibi.

1933 1447 2160 1517 Propter
2191 1459 2241 1503 te
2270 1448 2521 1518 vepribus
2554 1457 2859 1511 coronatus;
2882 1450 3025 1504 cruci
3060 1450 3273 1518 allixus,
3320 1454 3504 1510 lancea

1935 1520 2408 1599 vulueratus‘suui.
2452 1520 2675 1599 Propter
2705 1529 2760 1599 te
2806 1529 3124 1599 mortuuset
3172 1524 3221 1575 in
3265 1525 3511 1590 sepulcro

1935 1588 2159 1659 positus,
2191 1588 2258 1642 ad
2281 1589 2485 1644 inferna
2510 1589 2782 1645 descendi.
2818 1590 2887 1646 Ut
2916 1598 2970 1645 te
2993 1592 3057 1644 ad
3090 1588 3392 1659 paradisum
3422 1611 3506 1651 re-

1933 1658 2206 1735 ducerem,
2238 1660 2672 1735 tartarielaustra
2697 1660 2802 1714 adii
2826 1678 2840 1725 ;
2862 1732 2871 1735 _
2894 1669 3031 1735 utgtu
3062 1658 3112 1716 iu
3153 1664 3290 1718 ('lBIO
3316 1681 3511 1735 regna-

1935 1744 2040 1793 res,
2075 1728 2267 1805 inferni
2291 1730 2565 1805 profunda
2603 1732 3190 1805 penetraviLAgnosce
3232 1750 3360 1805 ergo
3378 1728 3511 1805 quas

1934 1814 2031 1868 pro
2063 1808 2133 1865 te,
2179 1801 2422 1876 impietas
2446 1799 2698 1876 humana,
2746 1801 2957 1876 pertuli.
2994 1799 3131 1876 Ecce
3156 1799 3353 1876 livores
3376 1799 3513 1876 quos

1939 1885 2034 1937 pro
2081 1878 2132 1923 te
2168 1872 2379 1944 excepi,
2431 1870 2875 1944 ecce_clavorum
2918 1870 3176 1944 foramina
3223 1870 3416 1944 quibus
3452 1877 3509 1933 in

1936 1953 2095 1993 cruce
2132 1940 2323 1994 afﬁxus
2360 1940 2605 2010 pependi.
2654 1940 2872 2010 Suscepi
2917 1941 3132 1997 dolores
3183 1940 3318 2010 tuos,
3372 1955 3514 2002 utte

1935 2024 2146 2091 possem
2178 2026 2404 2091 sanare;
2439 2011 2648 2080 suscepi
2678 2026 2909 2091 poenam,
2939 2023 2996 2066 ut
3021 2012 3225 2091 darem“
3252 2015 3347 2069 tibi
3391 2017 3511 2087 glo-

1935 2082 2066 2161 riam
2095 2098 2117 2161 τ.
2138 2082 2346 2161 suscepi
2376 2091 2620 2161 mortem,
2654 2090 2712 2134 nt
2740 2093 2793 2136 tu
2822 2084 3028 2137 viveres
3049 2084 3166 2161 siue
3195 2082 3299 2140 line
3330 2101 3343 2137 :
3374 2082 3509 2141 con-

1934 2150 2075 2206 ditus
2105 2152 2230 2205 latui
2261 2150 2314 2204 in
2344 2152 2607 2220 sepulcro,
2652 2164 2709 2205 ut
2739 2161 2794 2208 tu
2825 2168 3077 2222 regnares
3106 2153 3159 2209 in
3188 2155 3345 2211 caelo.
3385 2156 3512 2213 Haec

1936 2223 2114 2303 omnia
2140 2236 2238 2303 pro
2255 2224 2403 2277 vobis
2428 2222 2980 2303 sustiuuiinAmpliora
3012 2222 3205 2303 horum
3216 2225 3342 2295 quid
3361 2227 3509 2281 vobis

1937 2289 2095 2371 debui
2138 2289 2332 2371 facere,
2362 2303 2547 2371 etnon
2575 2291 2708 2347 feci?
2756 2289 2923 2371 Dicite
2960 2308 3100 2348 nunc
3123 2295 3210 2371 vel
3234 2289 3513 2371 'ostenditc

1936 2362 2067 2442 mihi
2096 2363 2219 2431 quid
2249 2363 2387 2442 passi
2415 2363 2544 2442 estis
2564 2372 2780 2433 propter
2799 2378 2885 2417 me
2906 2364 2946 2429 ⁸,
2968 2374 3069 2442 _ant_
3087 2364 3213 2442 quid
3242 2365 3368 2420 boni
3401 2368 3513 2437 egi-

1936 2433 2033 2487 stis
2065 2448 2160 2499 pro
2207 2433 2375 2505 vobis.
2422 2433 2534 2501 Ego
2581 2449 2702 2486 cum
2744 2448 2916 2488 essem
2966 2434 3271 2499 invisibilis,
3321 2433 3513 2505 sponte

1941 2511 2155 2583 promer
2184 2518 2277 2583 vos
2309 2503 2611 2583 incarnatus
2639 2517 2755 2557 sum
2790 2520 2802 2556 :
2835 2518 2955 2558 cum
2994 2518 3169 2558 essem
3211 2503 3516 2576 impassibi-

1937 2573 2022 2637 lis,
2051 2582 2265 2642 propter
2285 2588 2378 2628 vos
2406 2573 2511 2641 pati
2536 2572 2784 2645 dignatus
2816 2588 2932 2645 sum
2958 2592 2971 2627 :
2998 2589 3120 2645 eum
3140 2572 3313 2631 essem
3338 2576 3509 2645 dives,

1940 2652 2156 2711 propter
2186 2658 2278 2697 vos
2302 2658 2500 2714 egenus
2524 2643 2694 2700 factus
2724 2658 2865 2700 sum.
2906 2643 3011 2701 Sed
3043 2660 3138 2700 vos
3163 2643 3512 2703 humilitatem

1940 2728 2111 2767 meam
2140 2723 2193 2767 et
2220 2722 2480 2783 praecepta
2525 2730 2640 2768 mea
2670 2730 2883 2785 semper
2921 2724 3226 2780 renuentes,
3260 2717 3510 2774 seducto-

1939 2799 2050 2863 rem
2081 2786 2423 2863 nizgisquam
2452 2800 2535 2839 me
2559 2785 2899 2863 secutiestis.
2929 2785 3071 2863 Ecce
3099 2786 3258 2863 modo
3285 2802 3389 2842 non
3420 2803 3519 2858 po-

1941 2862 2042 2907 test
2080 2855 2219 2907 aliud
2244 2855 2444 2922 justitia
2491 2869 2608 2911 mea
2630 2855 2890 2921 judicare,
2933 2857 3032 2910 nisi
3065 2857 3204 2925 quod
3237 2855 3511 2921 merentur

1939 2938 2100 3008 opera
2128 2935 2302 3008 vestra
2332 2927 2588 3008 recipere.
2625 2925 2764 2995 Ergo
2788 2925 2929 3008 quod
2952 2926 3053 2996 ipsi
3076 2927 3330 3008 elegistis.
3364 2937 3513 2985 tene-

1942 3004 2011 3047 te.
2028 2995 2444 3073 Contempsistis
2461 2996 2653 3073 lucent,
2694 2996 2961 3063 possidete
2978 2995 3273 3073 tenebfas:
3296 3000 3516 3073 amastis

1942 3073 2201 3145 mortem,
2238 3065 2308 3116 ite
2332 3065 2422 3145 .in.
2449 3065 2799 3132 perditionem
2824 3083 2836 3117 :
2858 3067 3201 3145 secutihestis
3221 3068 3513 3135 diabolum,

1942 3134 2012 3187 ite
2042 3148 2163 3185 cum
2193 3134 2305 3200 ipso
2332 3134 2381 3185 in
2408 3134 2587 3211 iguem
2607 3145 2899 3211 :eternum._
2920 3135 3176 3211 (b_)_Quis,
3208 3146 3377 3206 putas,
3412 3134 3515 3193 erit

1941 3211 2069 3258 tunc
2088 3218 2305 3276 maeror,
2333 3204 2450 3276 quis
2477 3203 2664 3276 luctus,
2695 3220 2814 3276 qua;
2835 3203 3045 3276 tristitia
3063 3246 3078 3267 ,
3107 3203 3228 3275 quae
3253 3209 3514 3276 angustia,

1942 3289 2063 3329 cum
2105 3275 2219 3327 haec
2260 3272 2417 3327 fuerit
2462 3272 2727 3328 adversus
2746 3274 2938 3342 impios
2964 3272 3164 3342 prolata
3204 3272 3518 3333 senténtia?

1944 3344 2093 3419 Tunc
2118 3344 2257 3398 enim
2287 3343 2532 3419 eritdura
2557 3346 2822 3413 separatio
2841 3359 2873 3398 a
2890 3343 3035 3419 dulci
3055 3355 3360 3402 sanctorum
3386 3363 3518 3403 con-

1943 3417 2109 3469 sortio
2137 3432 2149 3467 :
2181 3424 2234 3468 et
2258 3414 2433 3468 traditi
2478 3414 2531 3469 in
2565 3414 3225 3483 potestatem'daemonum,
3267 3418 3418 3473 ibunt
3463 3420 3518 3475 in

1945 3486 2073 3554 ipsis
2101 3484 2415 3554 corporibus
2442 3486 2551 3539 suis
2570 3500 2691 3539 eum
2713 3486 2925 3540 diabolo
2951 3486 3002 3540 in
3024 3488 3339 3555 supplicium
3362 3500 3519 3545 aeter-

1946 3571 2092 3627 num,
2138 3565 2191 3612 et
2234 3556 2616 3624 permanebunt
2664 3571 2877 3624 semper
2924 3557 2976 3609 in
3016 3556 3161 3627 luctu
3197 3568 3251 3613 et
3295 3561 3515 3627 gemitu.

1946 3626 2134 3681 Procul
2160 3627 2351 3695 quippe
2381 3627 2601 3680 exsulati
2626 3643 2654 3679 a
2685 3627 2837 3681 beata
2867 3626 3092 3693 paradisi
3123 3626 3519 3696 patria’erucia-

1945 3696 2140 3769 buntur
2160 3698 2211 3769 in
2232 3695 2493 3769 gehenna,
2531 3710 2799 3769 nunquam
2842 3696 3012 3750 lucem
3036 3695 3217 3769 visuri,
3251 3714 3522 3769 nunquam

1947 3765 2276 3835 refrigerium
2303 3765 2565 3832 adepturi,
2597 3781 2864 3835 numquam
2893 3781 3080 3834 poenas
3107 3766 3326 3833 (inituri,
3376 3765 3515 3823 nun-

1947 3834 2103 3907 quam
2135 3835 2370 3907 requiem
2392 3834 2691 3907 accepturi;
2735 3835 2827 3907 sed
2858 3851 2952 3903 per
2981 3836 3145 3889 millia
3170 3837 3392 3892 millium
3420 3853 3520 3894 an-

1947 3904 2135 3961 norum
2172 3906 2229 3976 in
2260 3904 2468 3976 inferno
2496 3905 2786 3976 cruciandi,
2839 3920 2938 3959 nec
2984 3921 3215 3976 unquam
3247 3909 3298 3962 in
3327 3910 3523 3966 swcula

1948 3974 2229 4031 liberandi.
2270 3974 2346 4028 lbi
2376 3989 2473 4029 nec
2499 3974 2587 4043 qui
2628 3981 2858 4043 torquet,
2882 3974 3183 4048 aliquando
3232 3977 3517 4048 fatigatur;

1950 4047 2147 4115 necqui
2172 4054 2472 4126 .torquetur,
2504 4060 2731 4114 unquam
2759 4046 2983 4126 moritur
3021 4048 3267 4102 Sicenim
3294 4046 3364 4103 ibi
3387 4050 3524 4119 ignis

1949 4118 2229 4180 consumit,
2261 4125 2316 4169 ut
2344 4131 2555 4183 semper
2580 4126 2852 4190 reservet;
2881 4118 2960 4173 sic
2987 4126 3247 4173 tormenta
3272 4118 3522 4190 aguntur,

1950 4198 2006 4242 ut
2031 4202 2254 4261 semper
2278 4195 2615 4240 renot'entnr.
2646 4185 2801 4241 Juxta
2832 4202 2961 4261 vero
2985 4190 3292 4261 qualitatem
3310 4185 3516 4261 culpas,

1951 4272 2159 4337 poenam
2306 4261 2665 4337 unusquisque
2711 4258 2937 4337 sustinet
2982 4256 3428 4337 geheunze._Non'
3449 4256 3523 4317 ibi

1949 4326 2160 4383 auditur
2188 4327 2328 4381 aliud
2352 4328 2451 4381 nisi
2478 4326 2654 4393 ﬂetus,
2693 4337 2747 4383 et
2776 4326 3037 4397 planctus,
3082 4340 3135 4384 et
3160 4331 3356 4386 stridor
3390 4332 3525 4388 den-

1952 4401 2114 4463 tium;
2145 4415 2249 4452 non
2271 4399 2374 4452 erit
2401 4398 2541 4452 aliud
2570 4399 3049 4464 consolamentum,
3084 4402 3183 4455 nisi
3210 4400 3438 4456 ﬂamma:
3465 4409 3522 4457 et

1951 4480 2179 4540 terrores
2208 4484 2516 4540 pinnarum:
2536 4469 2903 4538 ardebuutque
2931 4472 3108 4524 miseri
3135 4486 3254 4525 eum
3279 4481 3525 4540 peccato-

1948 4542 2094 4596 ribus
2124 4539 2238 4592 siue
2271 4543 2373 4608 line
2401 4541 2451 4591 in
2480 4539 2654 4607 ignem
2694 4549 2955 4594 aeternum
2984 4555 3197 4608 semper
3244 4539 3296 4594 in
3325 4542 3523 4596 saecula

1949 4611 2284 4666 sceculorum.
2329 4607 2466 4663 Justi
2500 4618 2676 4663 autem
2704 4609 2854 4662 ibunt
2897 4608 2948 4662 iu
2974 4607 3136 4663 vitam
3168 4618 3447 4674 aeternam,
3471 4611 3526 4665 in

1952 4684 2063 4750 ipsa
2094 4681 2211 4734 sine
2235 4679 2396 4733 dubio
2423 4692 2585 4732 carne
2610 4694 2769 4747 quam
2804 4679 2890 4733 hic
2913 4678 3251 4750 habuerunt;
3282 4689 3337 4735 et
3358 4680 3530 4735 socia-

1952 4748 2147 4806 liuntur
2174 4749 2389 4831 ungelis
2413 4751 2608 4830 sanctis
2652 4749 2708 4803 in
2742 4764 2906 4831 regno
2925 4749 3031 4830 'Dei
3056 4748 3263 4819 gaudiis
3290 4751 3530 4819 deputati

1954 4821 2242 4890 perpetuis,
2271 4834 2539 4890 nunquam
2561 4821 2672 4888 jam
2696 4819 2960 4890 morituri,
2995 4835 3264 4889 nunquam
3300 4835 3526 4890 corrup-

1956 4889 2151 4947 tionem
2174 4891 2360 4948 visuri.
2385 4889 2477 4944 sed
2507 4905 2720 4959 semper
2744 4889 2925 4944 laetitia
2952 4904 3015 4945 ac
3033 4889 3316 4947 dulcedine
3331 4889 3531 4949 Christi

1953 4963 2194 5027 saturati,
2242 4970 2297 5016 et
2324 4960 2592 5030 fulgebunt
2615 4961 2751 5015 sicut
2779 4960 2859 5015 sol
2887 4960 2939 5014 in
2966 4959 3134 5030 gloria
3173 4970 3222 5015 et
3264 4962 3526 5029 claritate,

1954 5049 2110 5104 quam
2154 5031 2656 5104 prmparavit__Deus
2700 5030 3040 5104 diligentibus
3084 5046 3166 5104 se.
3214 5030 3284 5086 Et
3327 5040 3532 5104 quanto

1956 5100 2183 5172 amplius
2227 5101 2416 5170 aliquis
2445 5101 2551 5155 alio
2579 5101 2836 5157 obediens
2864 5101 2973 5156 Deo
3001 5102 3052 5155 in
3080 5100 3181 5157 hac
3213 5104 3317 5156 vita
3347 5100 3528 5168 fuerit;

1958 5183 2105 5229 tanto
2135 5174 2241 5244 illic
2266 5173 2579 5244 ampliorem
2612 5172 2912 5244 mercedem
2940 5172 3202 5241 accipiet:
3226 5181 3534 5244 quantoque

1957 5246 2195 5386 πιίἰμὲιέε(
2213 5243 2301 5386 uie
2328 5243 2495 5298 Deum
2522 5242 2804 5310 amaverit,
2836 5250 2980 5298 tanto
3006 5250 3136 5299 tunc
3164 5242 3286 5299 eum
3317 5242 3536 5316 propius

1957 5332 2004 5371 Vl
2043 5331 2072 5371 Θ
2112 5332 2124 5369 Ι
2200 5331 2226 5367 ε
2259 5353 2272 5367 .

1954 5331 2151 5371 νιιιθυιι
2176 5331 2272 5371 ιε).

2020 5480 2037 5510 ι
2073 5485 2122 5527 tu
2143 5477 2268 5527 libro
2287 5477 2352 5527 de
2386 5476 2606 5526 vanitate
2639 5473 2804 5525 seculi
2833 5471 3042 5535 additur,
3073 5471 3420 5526 domintum
3455 5484 3537 5527 u-

1954 5545 2180 5662 ἰνξῖῗέχ
2200 5615 2347 5652 serm.
2370 5600 2480 5661 249,
2498 5612 2581 5649 nn.
2600 5599 2650 5659 4,
2671 5598 2721 5660 δ,
2741 5597 2792 5646 in
2807 5596 3163 5662 dppend._tomi
3179 5597 3229 5649 δ.

2042 5603 2093 5662 a)
2118 5609 2180 5650 Ex
2200 5615 2347 5652 serm.
2370 5602 2480 5661 249,
2498 5612 2581 5649 nn.
2600 5602 2650 5659 4,
2671 5602 2721 5660 5,
2741 5602 2792 5646 in
2807 5602 3022 5659 Append.
3046 5603 3068 5648 ι

2021 5602 2094 5790 go;
2118 5671 2227 5755 ngc
2249 5677 2324 5735 ex.
2336 5662 2420 5736 lib.
2445 5662 2603 5712 adedit.
2623 5658 2868 5734 pet-nardi,
2890 5670 2995 5721 cap.
3019 5658 3068 5708 3.

2047 5741 2071 5776 ι·
2121 5734 2199 5775 Hlt.
2221 5725 2395 5776 addttts
2419 5723 2477 5776 10
2513 5724 2736 5777 vet-smus
2756 5718 3068 5773 claudebam:

2047 5718 2094 5779 ri
2121 5727 2199 5775 Hic
2221 5725 2395 5776 additis
2419 5723 2477 5776 10
2513 5724 2736 5777 versibus
2756 5718 3069 5773 claudebam
3102 5727 3333 5777 αωιιωι
3356 5721 3425 5777 de
3451 5726 3540 5779 ναι

1963 5792 2111 5843 nitate
2132 5790 2313 5843 saeculi.
3530 5841 3561 5890 κ
