4088 6202
576 349 714 408 H87

649 465 740 519 24.
767 464 923 530 Ecce,
942 463 1257 528 eharissimi,
1291 464 1509 534 praedixi
1537 464 1686 521 vobis
1715 465 2028 534 simpliciter
2053 508 2066 530 ,
2096 475 2154 520 ut

581 537 879 610 intelligere
907 537 1114 610 possitis
1139 552 1258 610 quie
1292 536 1398 590 sint
1429 536 1706 610 unicuique
1723 545 1962 590 ventura.
1986 535 2152 610 Nemo

580 609 692 682 jam
730 608 786 664 se
842 609 907 682 de
960 608 1251 682 ignorantia
1301 608 1490 675 poterit
1543 622 1857 682 oscus-Ire;
1897 608 2152 682 quoniam

585 678 732 737 iners
759 689 812 734 et
835 679 937 732 vita
971 679 1318 747 praenuntiata
1347 691 1468 731 sunt
1495 679 1662 739 vobis,
1688 678 1942 746 supplicia
1966 679 2154 746 impio-

585 767 724 813 rum,
755 760 804 804 et
830 750 991 818 gloria
1020 749 1300 817 iustorum.
1325 748 1439 802 Jam
1469 765 1594 801 vero
1639 749 1691 802 in
1725 749 1945 801 arbitrio
1976 759 2154 803 vestro

594 821 834 876 consistit
855 819 1051 888 eligere
1067 820 1204 888 quod
1221 820 1457 873 teneatis.
1471 819 1841 888 Unusquisque
1859 820 1994 872 enim
2017 819 2156 888 quod

585 891 672 946 hic
701 892 1030 958 concupierit
1060 900 1112 945 et
1140 899 1412 944 assecutus
1441 890 1630 951 fuerit,
1658 890 1759 942 hoc
1780 891 1959 957 utique
1989 890 2158 958 possi-

586 962 750 1016 debit.
782 962 951 1014 Vitam
984 977 1111 1030 ergo
1153 971 1403 1015 aeternam
1442 969 1550 1013 toto
1601 961 1716 1012 nisu
1751 961 2108 1030 concupiscite
2141 977 2152 1012 :

585 1048 688 1087 nec
711 1033 1134 1085 emendatioiiem
1165 1041 1392 1084 vestram
1416 1030 1609 1084 diutius
1635 1030 1889 1084 dill'eratis
1913 1072 1926 1095 ,
1966 1030 2057 1084 sed
2090 1031 2155 1084 ad

585 1103 842 1158 lueranda
891 1103 1124 1156 coelestia
1165 1117 1324 1170 regna
1374 1103 1512 1154 ultro
1554 1101 1653 1168 ipsi
1699 1101 1985 1170 relinquite
2015 1101 2155 1170 quod

585 1173 717 1227 lucis
749 1174 904 1239 hujus
950 1174 1051 1224 line
1081 1171 1406 1240 perdendum
1447 1181 1544 1225 est.
1577 1172 1765 1240 Surgat
1793 1172 1922 1239 jam,
1953 1187 2154 1239 qn;eso,

587 1246 902 1313 quicumque
931 1245 1128 1312 peccati
1159 1251 1343 1296 catena
1375 1243 1951 1313 constrictustenetur,
1986 1250 2038 1296 ct
2069 1257 2158 1295 ex-

586 1312 920 1384 pergefactus
949 1329 976 1366 a
1022 1328 1210 1367 somno
1253 1329 1362 1366 suae
1412 1313 1606 1384 mortis
1638 1312 1867 1384 evigiiet.
1903 1313 2160 1384 Recurrat

586 1382 650 1438 ad
679 1382 1089 1449 confessionem,
1115 1393 1167 1436 et
1192 1395 1310 1452 agat
1339 1383 1720 1451 paenitentiam.
1753 1382 1862 1437 Nec
1882 1383 2161 1452 erubescat

585 1456 794 1524 publice
828 1455 1085 1523 ptBnitere
1116 1450 1274 1522 super
1294 1450 1640 1507 innnunditiis
1658 1468 1787 1521 quas
1813 1455 1975 1523 gessit
2000 1471 2012 1506 :
2038 1450 2159 1524 quia

585 1522 772 1580 revera
808 1522 974 1578 multo
1005 1525 1193 1577 melius
1229 1532 1310 1577 est
1352 1525 1437 1577 hic
1489 1539 1655 1592 pauco
1708 1522 1946 1591 tempore
1993 1522 2160 1591 poeni-

591 1603 734 1657 tere,
765 1611 926 1662 quam
959 1611 1052 1664 per
1082 1605 1156 1649 tot
1185 1595 1345 1648 millia
1385 1610 1646 1647 annorum
1676 1593 1865 1648 inferni
1903 1594 2161 1662 supplicia

591 1668 873 1721 sustinere.
905 1667 956 1720 Si
982 1682 1044 1718 ex
1081 1676 1187 1718 toto
1213 1665 1374 1718 corde
1401 1665 1724 1733 pmnituerit,
1753 1665 1859 1718 cito
1889 1671 2163 1719 succurret

587 1738 658 1791 illi
699 1737 1020 1804 Redemptor
1043 1736 1137 1858 qui
1163 1737 1570 1805 quatriduauum
1599 1735 1706 1802 jam
1748 1733 1968 1788 fetidum
1996 1735 2163 1788 susci-

590 1810 719 1858 tavit
746 1808 996 1858 Lazarum
1022 1807 1038 1858 (
1083 1824 1197 1858 oan.
1227 1823 1299 1858 ιιι.
1328 1807 1440 1858 Ᾱὸὶ.
1479 1807 1697 1858 Paratus
1723 1813 1805 1858 est
1833 1806 1921 1858 ille
1951 1819 2163 1858 semper

590 1810 719 1859 tavit
745 1808 996 1860 Lazarum
1022 1806 1197 1876 (Joan.
1227 1823 1299 1873 ιιι,
1328 1807 1440 1874 45).
1479 1807 1697 1860 Paratus
1723 1813 1805 1859 est
1833 1806 1921 1860 ille
1951 1819 2163 1873 semper

587 1877 963 1931 miscricordim
995 1879 1161 1940 sinus,
1195 1886 1248 1929 et
1309 1879 1598 1930 clementer
1639 1885 1931 1946 exspectat,
1963 1885 2018 1929 ut
2040 1889 2156 1929 sus-

593 1949 754 2015 cipiat
807 1947 1142 2015 poenitentcs.
1194 1947 1307 2000 Non
1336 1955 1417 2001 est
1446 1947 1608 2007 enim,
1641 1947 1775 2000 sicut
1802 1948 2056 2016 scriptum
2085 1955 2163 2000 te-

593 2032 822 2079 nemus,
865 2017 931 2069 de
961 2018 1200 2084 quamvis
1245 2018 1446 2086 magnis
1478 2017 1785 2070 criminibus
1830 2016 2163 2071 remitteudis

593 2086 689 2140 Dei
729 2101 968 2157 unquam
1020 2087 1380 2140 misericordia
1437 2086 1767 2157 desperanda
1813 2103 1825 2138 :
1875 2088 1993 2157 quia
2051 2087 2164 2155 ipse

592 2156 830 2226 quotidie
845 2158 1032 2211 clamat
1057 2171 1150 2226 per
1175 2160 1482 2228 prophetam
1504 2157 1706 2222 dicens,
1735 2156 2064 2228 Quacumque
2084 2158 2166 2228 die

591 2243 858 2280 conversus
881 2229 1040 2298 fuerit
1065 2236 1292 2298 peccator
1311 2227 1370 2280 ab
1394 2228 1714 2281 immunditia
1738 2245 1850 2298 sua,
1877 2227 2046 2281 omnes
2063 2227 2162 2280 ini-

661 2299 804 2350 itates
821 2297 927 2368 ejus
953 2307 1098 2351 erunt
1128 2301 1179 2351 in
1204 2297 1448 2352 oblivione
1477 2315 1648 2351 coram
1674 2315 1752 2351 me
1781 2297 1988 2367 (Ezech.
2016 2313 2160 2363 xvm,

588 2314 656 2422 Ξῖ
686 2369 724 2422 ι.
752 2367 816 2421 Et
845 2383 1028 2422 rursus
1061 2384 1154 2422 ner
1179 2370 1337 2422 alium
1371 2369 1681 2422 nrouhetam
1712 2368 1872 2422 dicit.
1916 2367 2027 2422 an
2055 2383 2160 2422 sum

629 2369 654 2422 1
686 2369 724 2438 ).
752 2367 816 2421 Et
840 2367 1028 2422 rursus
1061 2384 1154 2437 per
1179 2370 1337 2423 alium
1371 2369 1681 2439 prophetam
1712 2368 1872 2434 dicit,
1916 2367 2027 2439 Ego
2047 2383 2166 2439 sum

590 2437 838 2492 Dominus
869 2439 1004 2491 Deus
1027 2448 1182 2492 vester
1201 2439 1284 2506 qui
1312 2439 1453 2494 deleo
1472 2437 1777 2508 iniquitates
1798 2437 1982 2492 vestras
2010 2437 2161 2508 (lsai.

592 2525 740 2573 XLIII,
781 2509 896 2577 25).
931 2509 999 2562 Et
1032 2511 1161 2564 illud
1191 2511 1258 2564 de
1303 2511 1626 2578 Evangelio,
1666 2508 1918 2563 Gaudium
1971 2510 2062 2562 erit
2114 2509 2167 2561 iu

592 2581 720 2634 caelo
745 2595 896 2649 super
914 2596 1016 2632 uno
1045 2590 1302 2649 peccatore
1334 2581 1671 2648 paenitentiam
1691 2589 1882 2650 agente,
1908 2596 2056 2646 quam
2077 2596 2165 2632 su-

590 2665 683 2717 per
707 2651 982 2720 nonaginta
1006 2667 1178 2703 novent
1190 2651 1348 2718 justis
1368 2653 1451 2720 qui
1493 2667 1592 2703 non
1632 2650 1855 2720 indigent
1880 2650 2168 2718 paenitentia

596 2721 745 2791 (Luc.
769 2735 860 2785 xv,
893 2720 968 2790 '7).
1000 2721 1065 2773 Et
1095 2721 1220 2773 illud
1247 2739 1260 2773 :
1292 2721 1428 2773 Nolo
1450 2731 1680 2791 Anionem
1721 2720 1997 2791 peccatoris
2023 2762 2062 2791 ,_
2081 2721 2169 2772 sed

595 2787 837 2860 utimagis
865 2787 1180 2860 convertatur
1203 2799 1250 2842 et
1288 2791 1417 2842 vivat
1441 2788 1647 2860 (Ezech.
1679 2801 1862 2855 χχχιιι,
1888 2787 1997 2860 11).
2030 2789 2168 2843 Con-

596 2859 849 2923 siderate,
883 2859 1072 2912 fratres
1101 2859 1429 2922 charissimi,
1452 2859 1612 2927 quam
1646 2860 1786 2923 larga
1828 2870 1908 2912 est
1959 2859 2168 2913 bonitas

597 2929 693 2984 Dei
725 2928 911 2990 nostri,
945 2943 1101 2997 quam
1125 2928 1405 2982 inell'abilis
1431 2929 1792 2982 misericordia
1824 2929 1956 2998 ejus.
1987 2931 2170 2994 Quoti-

599 2999 685 3054 die
711 3001 1098 3063 contemnitur;
1133 3009 1183 3052 et
1205 3000 1438 3067 quotidie
1461 3014 1558 3069 nos
1585 3000 1648 3052 ad
1683 3001 2047 3069 pmnitentiam
2079 3000 2171 3054 be-

598 3069 910 3139 nignissima
937 3070 1133 3140 pietate
1181 3071 1382 3124 invitat.
1439 3068 1709 3123 Fiduciam
1759 3071 1912 3140 nobis
1941 3073 2024 3139 pia
2055 3070 2170 3140 ejus

596 3140 810 3211 largitio
835 3139 1051 3209 prmstat
1076 3159 1087 3194 :
1121 3148 1299 3194 utnec
1329 3141 1673 3211 desperemus
1698 3141 1765 3195 de
1784 3139 1978 3194 Christi
2008 3139 2169 3195 mise-

595 3209 848 3276 ricbrdia,
886 3226 983 3267 uec
1013 3220 1186 3267 tamen
1223 3211 1375 3267 nobis
1410 3212 1608 3282 absque
1637 3210 1807 3265 fructu
1847 3212 2170 3280 poenitentia:

595 3283 805 3338 veniam
826 3297 1128 3337 concessam
1149 3281 1549 3352 praesumamus.
1571 3281 1827 3336 Dominus
1846 3282 1985 3336 enim
2009 3297 2174 3352 quan"

598 3362 710 3408 tum
734 3354 898 3422 patris
919 3354 1113 3420 pietate
1141 3353 1418 3421 indulgens
1443 3367 1656 3421 semper
1671 3362 1725 3405 et
1745 3353 2046 3406 misericors
2069 3363 2166 3417 est,

598 3433 805 3477 tantum
850 3423 1044 3489 judicis
1094 3422 1370 3490 majestate
1399 3437 1618 3476 severus
1648 3431 1728 3476 est
1755 3431 1806 3475 et
1837 3425 2168 3477 metuendus.

601 3494 783 3548 Potest
821 3492 1036 3563 quidem
1088 3493 1193 3544 reis
1237 3491 1364 3563 dare
1396 3491 1772 3560 indulgentiam
1806 3534 1819 3558 ,
1856 3503 2026 3560 potest
2061 3495 2172 3563 ipse

601 3577 752 3616 suam
781 3562 1059 3616 reﬂectere
1089 3562 1425 3623 sententiam,
1454 3571 1628 3629 potest
1660 3564 1933 3629 pcenitenti
1979 3562 2173 3632 gratias

603 3632 878 3703 indulgere
909 3633 924 3663 ¹
953 3647 966 3697 ;
997 3647 1100 3685 non
1127 3642 1299 3701 potest
1327 3643 1497 3686 tamen
1533 3634 1630 3685 nisi
1654 3633 1947 3703 justissime
1970 3635 2171 3701 judica-

601 3719 702 3760 re:
739 3705 986 3771 quoniam
1020 3719 1121 3756 non
1163 3712 1242 3757 est
1286 3703 1423 3772 apud
1459 3703 1621 3756 Deum
1666 3706 2009 3758 commutatio
2031 3745 2042 3767 ,
2078 3719 2174 3758 nec

601 3774 978 3829 vicissitudinis
1004 3775 1339 3828 obumbratio
1368 3773 1579 3838 (Jacobi
1616 3791 1662 3840 I,
1693 3775 1800 3842 l7).
1853 3774 2173 3844 zl'ltjiiissime

605 3849 744 3901 enim
766 3846 994 3915 judicat,
1022 3854 1179 3914 atque
1207 3845 1483 3915 aequaliter
1511 3845 1800 3899 secundum
1829 3845 2167 3915 uniuscujus-

604 3932 707 3985 que
739 3917 869 3987 facta
917 3924 1191 3987 repensat;
1223 3918 1360 3970 bona
1393 3916 1592 3970 scilicet
1625 3916 1796 3977 bonis,
1828 3925 1876 3970 et
1904 3918 2035 3969 mala
2067 3933 2176 3968 ma-

603 3987 688 4041 lis.
720 3986 1322 4056 Ideoque,’clIarissimi,
1357 3987 1762 4040 reminiscimiui
1789 4004 1904 4055 qtue
1945 3987 2124 4055 egistis
2159 4004 2171 4039 :

604 4067 657 4112 et
683 4059 726 4110 si
770 4072 863 4110 vos
889 4058 1177 4126 deliquisse
1207 4058 1548 4125 cognoscitis,
1578 4059 1691 4110 sine
1716 4059 1887 4125 aliqua
1915 4058 2171 4111 dilatione

603 4129 667 4181 ad
702 4129 1026 4195 posuitentiae
1080 4126 1460 4196 medicamenta
1509 4128 1792 4196 confugite.
1826 4128 2014 4180 Audite
2050 4144 2171 4196 pro-

604 4197 820 4267 phetam
849 4196 1262 4267 admonentem:
1293 4195 1484 4259 Nolite,
1517 4195 1705 4267 inquit,
1733 4200 1933 4249 Μηίων
1961 4201 2177 4250 converti

605 4263 992 4338 uti-Dominum,
1021 4263 1377 4338 necui/feratis
1396 4263 1614 4338 deridiein
1639 4268 1771 4318 diem
1803 4268 1985 4338 (Ereti.
2020 4284 2071 4332 v,
2095 4270 2173 4338 8),

606 4335 729 4404 quia
758 4335 972 4388 nescitis
1003 4335 1126 4403 quid
1174 4335 1406 4388 crastino
1457 4337 1683 4388 futurum
1724 4339 1808 4388 sit.
1858 4335 2177 4392 Mementote

606 4420 820 4475 semper
837 4405 973 4474 quod
1005 4414 1128 4458 ante
1149 4414 1492 4473 conspectum
1517 4408 1894 4473 omnipotentis
1928 4410 2014 4462 llei
2047 4424 2175 4461 eon-

605 4477 929 4538 versamini,
963 4477 1048 4543 qui
1095 4475 1354 4545 prospicit
1383 4477 1620 4530 omnium
1655 4477 1926 4531 hominum
1957 4495 2058 4531 non
2093 4497 2180 4532 so-

606 4547 714 4601 lum
740 4546 896 4606 facta,
928 4549 1019 4601 sed
1047 4558 1098 4600 ct
1127 4548 1494 4617 cogitationes,
1526 4550 1658 4600 sicut
1682 4560 1731 4602 et
1761 4551 2045 4617 Apostolus
2070 4551 2173 4604 ait:

605 4618 728 4672 Non
750 4631 820 4671 est
841 4618 950 4671 ulla
989 4629 1218 4672 creatura
1248 4618 1511 4672 invisibilis
1541 4621 1589 4671 in
1618 4632 1881 4686 conspectu
1912 4622 2019 4690 ejus
2049 4663 2057 4682 ,
2093 4621 2180 4673 sed

607 4691 776 4743 omnia
799 4691 934 4740 nuda
955 4699 1003 4760 iet
1026 4700 1200 4759 apta-ta
1222 4700 1336 4742 sunt
1357 4691 1514 4743 oculis
1546 4691 1652 4759 ejus
1681 4691 1861 4757 (Hebr.
1891 4707 1962 4754 Iv,
1991 4694 2103 4760 13).

677 4760 768 4813 95.
799 4760 921 4812 [huc
944 4759 1140 4829 jugiter
1177 4762 1488 4828 cogitantes.
1536 4762 1889 4813 intentissima
1921 4763 2177 4815 sollicitu-

605 4830 727 4884 dine
772 4846 863 4880 Vos
893 4830 1177 4893 eusmdile,
1211 4831 1487 4899 ultimique
1520 4831 1623 4885 diei
1653 4846 1746 4884 vos
1781 4832 2024 4886 adventui
2057 4849 2176 4888 cum

604 4899 758 4954 bonis
787 4902 1035 4968 operibus
1063 4916 1280 4970 semper
1301 4911 1615 4972 praeparate.
1651 4902 1786 4954 Ecce
1808 4904 1940 4972 jam,
1973 4913 2022 4955 ut
2058 4920 2177 4956 eer-

606 4972 811 5025 tissimc
841 4981 1101 5037 tenemus,
1137 4972 1256 5025 linis
1288 4971 1466 5024 Inundi
1497 4974 1544 5023 in
1582 4983 1825 5042 ['ll‘Ofnltlll
1854 4984 1949 5038 est,
1987 4976 2091 5041 jam
2122 4974 2180 5027 li-

608 5043 692 5096 nis
722 5043 897 5094 saeculi
931 5044 1086 5094 instat
1120 5062 1130 5094 :
1159 5051 1229 5108 et,
1264 5043 1401 5112 quod
1431 5043 1711 5110 lugendum
1741 5055 1839 5107 est,
1873 5054 2012 5097 tuum
2044 5047 2179 5098 mala

608 5112 844 5182 quotidie
894 5115 1056 5174 linnt,
1114 5121 1272 5165 tanta:
1305 5114 1670 5166 trilutlatioues
1715 5116 2089 5180 crebrescunt,
2129 5125 2182 5168 ut

606 5176 706 5252 per
756 5176 867 5235 lucc
915 5185 1072 5234 etiam
1123 5183 1350 5235 mundus
1392 5185 1547 5237 finem
1581 5199 1733 5237 suum
1764 5186 1988 5253 quodaut
2023 5176 2180 5240 modo

606 5255 940 5321 proclamare
967 5253 1221 5306 videatur.
1262 5254 1396 5307 Ecce
1437 5255 1609 5308 omnia
1642 5272 1757 5324 qua:
1789 5257 2066 5324 Propheta:
2092 5273 2184 5310 va-

605 5324 990 5395 ticiuaverunt,
1049 5339 1270 5393 qumque
1322 5325 1678 5392 praedixerunt
1723 5329 1960 5394 Apostoli
1990 5370 2004 5393 ,
2054 5343 2183 5395 pene

602 5394 712 5465 jam
744 5394 1007 5465 completa
1050 5403 1173 5446 sunt
1207 5413 1218 5446 :
1249 5395 1395 5465 soius
1429 5395 1540 5449 dies
1589 5396 1772 5464 judicii
1829 5408 1882 5450 et
1916 5394 2181 5451 horribilis

600 5464 918 5520 Antichristi
949 5465 1210 5518 adventus
1241 5464 1419 5518 adhuc
1465 5475 1648 5519 restat.
1687 5467 1824 5519 Ecce
1873 5469 2070 5522 bellum
2097 5484 2183 5522 su-

606 5549 703 5604 per
724 5535 944 5606 bellum,
977 5535 1245 5606 tribulatio
1270 5550 1432 5605 super
1459 5538 1872 5606 tribulationem,
1908 5539 2074 5594 fames
2097 5554 2186 5593 su-

604 5621 701 5674 per
725 5604 960 5672 famem,
992 5605 1295 5676 pesti-lentia
1341 5604 1506 5676 Super
1551 5604 1931 5680 pestilentiam,
1967 5620 2020 5666 et
2052 5625 2184 5681 gens

827 5746 1152 5819 igorbeicnsis,
1190 5745 1449 5819 panitenili
1485 5749 1665 5810 gratias
1699 5751 1963 5815 indulgere.
2004 5753 2186 5819 Spicil.,

606 5804 866 5867 pa‘nitmdi
898 5810 1078 5867 tempus
1102 5804 1250 5867 gratis
1275 5804 1540 5871 indulgere.

2043 341 2405 408 APPENDIX.

3776 342 3924 419 ms

2231 531 2234 536 t
2265 479 2426 542 supra
2450 470 2660 542 gentem
2686 461 2976 542 consurgit.
3000 462 3188 542 O_mnl_a
3204 465 3548 542 qutedudum
3580 478 3746 524 sunt
3766 485 3888 542 pra:

2263 534 2403 610 dicta
2426 534 2713 610 ,_'nos_jam
2765 534 3007 589 videmus
3039 534 3272 610 impleta.
3307 538 3483 606 Quare
3511 555 3667 610 ergo
3703 534 3909 602 su'mus

2265 605 2488 680 lapidei,
2507 614 2560 660 et
2587 603 2818 659 ferreum
2845 615 3033 680 pectus
3075 603 3440 680 possidemus,
3466 619 3523 664 ut
3549 603 3674 680 [δῖ-ο
3714 627 3900 670 reme-

2264 677 2353 752 dio
2404 677 2593 752 anima;
2622 677 2980 752 nostra:_inter
3011 677 3497 752 intimalaminime
3523 677 3902 752 cogitemus?

2267 748 2365 802 Diu
2397 759 2478 801 est
2505 747 2643 800 enim
2690 745 2828 816 quod
2865 761 2964 800 vox
2995 746 3168 801 divina
3198 750 3458 803 minatur:
3485 745 3895 810 sed-nullate-

2269 833 2368 871 nus
2412 818 2682 870 hominum
2715 818 3002 885 pertinacia
3047 827 3297 874 mutatur.
3327 819 3575 876 leestis
3613 824 3766 877 olim
3806 826 3888 879 in-

2266 896 2495 942 tentatur
2520 887 2683 949 ultio;
2713 896 2765 939 et
2815 888 2952 940 nulla
3007 887 3284 943 hominum
3319 891 3611 946 adhibetur
3659 894 3886 949 satisfa-

2268 959 2393 1030 ctio.
2429 958 2518 1011 Dei
2550 959 2812 1030 proximat
2841 958 2956 1023 ira;
3008 968 3061 1012 et
3091 959 3264 1028 tepide
3315 962 3485 1028 agitur
3522 965 3884 1030 pmnitentia.

2269 1029 2558 1083 Venturum
2615 1027 2902 1096 Propheta:
2954 1027 3214 1083 testantur
3240 1027 3599 1099 supplicium;
3651 1043 3716 1088 et
3762 1051 3884 1092 raro

2267 1099 2337 1174 ab
2366 1099 2665 1174 hominibus
2705 1099 2798 1151 Dei
2833 1099 3148 1174 imploratur
3173 1099 3443 1174 auxilium,
3473 1101 3841 1174 Quapropter
3862 1148 3877 1170 ,

2267 1169 2620 1235 dilectissimi,
2663 1179 2964 1231 moneo,ut
3002 1170 3084 1223 vel
3122 1170 3230 1239 jam
3281 1172 3477 1226 nmndo
3503 1169 3745 1228 finienti:
3776 1175 3873 1232 bu-

2270 1240 2916 1315 manaliniaturmalilia,
2943 1241 3210 1315 soliusque
3237 1240 3472 1315 Deitoto
3503 1245 3627 1297 nis"
3657 1261 3869 1315 qucum-

2271 1319 2357 1364 tur
2386 1309 2770 1363 misericordia.
2816 1307 2928 1362 Non
2965 1325 3058 1364 vos
3104 1307 3212 1370 iam
3245 1311 3546 1367 divitiarum
3576 1307 3761 1370 onéra
3805 1315 3870 1370 ad

2270 1389 2466 1434 terram
2498 1389 2764 1454 premant,
2791 1381 2913 1454 quia
2943 1381 3186 1454 citobhic
3241 1384 3415 1454 omnia
3446 1386 3862 1454 relinquemus:

2269 1467 2367 1505 nec
2396 1455 2593 1521 pariter
2618 1460 2670 1505 et
2695 1450 2976 1522 Christum
2995 1450 3220 1522 velimus
3249 1451 3445 1507 habere
3471 1464 3526 1508 et
3552 1450 3820 1512 smculum
3843 1471 3857 1522 ;

2268 1522 2360 1576 sed
2395 1520 2574 1590 Spreto
2605 1520 2800 1574 sarculo
2833 1520 2981 1575 liberi
3014 1521 3328 1576 festinemus
3355 1522 3419 1576 ad
3448 1526 3673 1580 caelum.

2338 1590 2428 1645 26.
2451 1592 2887 1667 Δῐῖριηίιιὶεριιιιιιιι·
2914 1607 3070 1667 quam
3106 1594 3302 1667 gravia
3331 1603 3454 1648 sunt
3481 1597 3690 1667 scelera
3735 1612 3851 1667 qua:

2269 1663 2653 1736 commisimus,
2679 1659 2949 1736 quamque
2970 1659 3084 1716 dlra
3111 1659 3304 1736 inferni
3352 1665 3609 1733 supplicia
3640 1659 3770 1736 qum-
3795 1668 3857 1721 ti-

2269 1748 2510 1803 memus;
2545 1740 2596 1785 et
2631 1732 2778 1801 juxta
2811 1733 3121 1801 qualitatem
3173 1735 3345 1803 culpre
3409 1732 3851 1794 medicamentum

2269 1801 2614 1876 adhibeamus
2660 1803 3004 1876 p‘mniicntite.
3049 1801 3354 1876 Cogitemus
3384 1807 3524 1876 quod
3554 1807 3846 1863 secundum

2271 1874 2583 1942 Apostolum
2609 1913 2624 1938 ,
2675 1871 2824 1925 Nihil
2871 1875 2921 1926 in
2957 1874 3086 1926 hunc
3109 1871 3354 1927 mundum
3385 1871 3668 1941 intulimus,
3693 1879 3849 1932 nihil-

2270 1960 2365 2011 que
2399 1960 2460 1996 ex
2493 1960 2546 1996 eo
2591 1943 2878 1998 morientes
2904 1949 3103 2066 ιιιιῖιγιέ
3128 1947 3396 2013 poterimus
3419 1947 3461 2016 (1
3489 1947 3617 2002 Tim.
3647 1963 3723 2012 Vl,
3745 1950 3776 2003 7
3806 1949 3843 2017 ).

2270 2013 2405 2066 Nudi
2445 2015 2551 2066 nati
2604 2029 2823 2066 sumus.
2882 2016 3005 2066 ιιιιιὶ
3041 2016 3218 2066 utique
3262 2017 3505 2066 morituri
3543 2037 3556 2066 :
3590 2015 3843 2066 nnidnnid

2270 2013 2405 2068 Nudi
2445 2015 2823 2089 n_a_ti_sumus,
2882 2013 3012 2089 nudi
3040 2016 3218 2089 utique
3262 2013 3506 2089 morituri
3543 2013 3846 2089 :quidquid

2271 2093 2444 2137 autem
2467 2084 2549 2137 hic
2572 2085 2841 2137 inventum
2869 2095 2969 2148 est,
3001 2084 3084 2137 hic
3107 2085 3470 2208 proculdubio
3497 2084 3840 2158 relinquetur.

2271 2153 2443 2208 Onera
2475 2153 2842 2208 tantummodo
2871 2155 3004 2208 bona
3032 2157 3072 2207 si
3153 2156 3197 2207 ic
3225 2158 3510 2208 egerimus.
3541 2159 3652 2208 insa
3675 2160 3840 2208 nobis-

2271 2153 2443 2222 Opera
2475 2153 2842 2228 tantummodo
2871 2155 3004 2228 bona
3032 2157 3072 2207 si
3107 2153 3197 2228 hic
3225 2158 3511 2227 egerimus,
3541 2153 3844 2228 ipsa'nobis-

2270 2240 2389 2278 cum
2429 2224 2501 2298 ad
2541 2225 2704 2298 cml_os
2736 2225 3119 2298 portabuntur;
3149 2224 3392 2280 imo'nos
3422 2230 3532 2298 ipsa
3561 2224 3626 2282 ad
3655 2232 3841 2285 coelum

2270 2295 2889 2367 portabunt.“Tanquam
2919 2297 3185 2367 peregrini
3221 2312 3346 2367 ergo
3378 2295 3489 2351 sola
3529 2300 3837 2356 sufﬁcientia

2275 2363 2510 2440 contenti
2540 2408 2553 2429 ,
2588 2363 2702 2440 ilias
2733 2363 2939 2440 divitias
2990 2367 3142 2440 nobis
3173 2365 3257 2440 hic
3285 2363 3620 2440 acquiramus
3651 2413 3668 2436 ,
3719 2385 3842 2440 quas

2274 2435 2643 2511 nobiscumad
2682 2435 2912 2511 paradisi
2956 2436 3172 2504 patriam
3203 2435 3452 2511 feramus.
3489 2435 3660 2493 Deum,
3687 2435 3839 2511 super

2273 2506 2448 2577 omnia
2477 2506 2788 2574 diligamus;
2818 2506 2935 2574 quia
2979 2517 3172 2577 rerera
3219 2507 3434 2577 impium
3463 2519 3544 2563 est
3573 2525 3694 2564 eum
3736 2506 3838 2566 non

2273 2575 2551 2647 diligi,icui
2597 2577 2766 2647 vicem
2795 2576 3087 2644 rependere
3133 2591 3234 2630 non
3261 2575 3560 2647 possumus,
3591 2582 3754 2635 etiam
3784 2589 3834 2636 et

2273 2645 2392 2700 cum
2424 2645 2705 2715 diligimus.
2737 2645 2873 2713 Quid
2901 2647 3040 2700 enim
3073 2663 3167 2700 nos
3196 2645 3340 2717 impii
3390 2652 3472 2717 pio
3503 2651 3724 2703 Domino
3746 2666 3835 2706 re-

2276 2717 2509 2787 tribuere
2551 2717 2842 2787 poterimus
2870 2731 2962 2786 pro
2988 2717 3235 2771 omnibus
3265 2735 3383 2787 qua:
3415 2719 3643 2773 retribuit
3677 2719 3836 2777 nobis

2276 2785 2446 2858 (Psal.
2480 2800 2606 2848 oxv,
2643 2786 2772 2857 12);
2804 2787 2922 2856 quia
2980 2787 3136 2839 nullis
3167 2785 3364 2842 nostris
3419 2791 3834 2858 przccedeutibus

2277 2856 2478 2932 meritis
2509 2864 2649 2932 tanta
2672 2856 2832 2932 nobis
2866 2858 3384 2932 priestititjrulignis,
3421 2856 3475 2913 ut
3521 2862 3618 2915 nos
3647 2876 3676 2914 a
3723 2863 3836 2932 iugo

2275 2927 2403 2998 dine
2430 2925 2806 2998 dominationis
2830 2928 3148 2998 redimeret?
3178 2925 3392 2984 Desede
3417 2938 3649 2998 paternae
3675 2925 3833 2997 maje-

2277 2997 2426 3070 statis
2476 2998 2537 3049 ad
2579 3012 2674 3070 nos
2705 2996 3009 3060 descendit,
3060 2998 3278 3070 injurias
3318 3001 3368 3053 in
3403 2996 3556 3054 terris
3607 2996 3833 3070 pertulit,

2277 3068 2469 3135 probra
2511 3068 2790 3126 sustinuit,
2850 3077 3073 3121 mortem
3127 3067 3357 3123 indebite
3413 3071 3575 3124 subiit
3606 3067 3620 3125 Ξ
3649 3080 3702 3126 et
3731 3067 3837 3128 lucc

2277 3137 2486 3218 quidem
2510 3138 2686 3218 omnia
2721 3137 2977 3218 patient-er
3015 3139 3266 3203 sustulit,
3307 3149 3362 3194 ut
3399 3141 3552 3218 nobis
3581 3140 3836 3197 humilita-

2278 3206 2343 3285 tis
2365 3216 2418 3261 et
2444 3207 2706 3285 patientia:
2730 3206 2968 3285 exempla
2998 3218 3351 3285 monstraret;
3385 3211 3521 3266 unde
3546 3220 3601 3268 et
3621 3228 3836 3285 sequen-

2279 3277 2417 3352 tibus
2448 3277 2794 3352 sediscipulis
2812 3278 2963 3352 diuit,
2995 3278 3243 3352 Discitea
3284 3297 3395 3352 me,
3437 3285 3557 3352 quia
3579 3277 3713 3338 mitis
3732 3303 3835 3339 sunt

2278 3356 2323 3401 et
2378 3349 2578 3424 humilis
2617 3348 2834 3424 ,σοιτίς-ζ
2862 3348 3047 3402 Matth.
3079 3365 3155 3424 at,
3183 3350 3253 3405 29
3274 3352 3313 3420 ).
3357 3348 3579 3424 Oportet
3608 3355 3761 3423 igitur
3783 3361 3837 3410 ut

2278 3417 2721 3486 quemadmodum
2775 3417 2860 3472 ille
2893 3434 2986 3488 pro
3014 3421 3166 3472 nobis
3186 3463 3198 3485 ,
3232 3417 3299 3474 ita
3330 3433 3383 3477 et
3403 3417 3503 3476 nos
3533 3417 3720 3482 cuncta
3748 3425 3833 3481 ad-

2279 3503 2428 3540 versa
2469 3503 2584 3564 qua:
2617 3489 2767 3564 nobis
2815 3499 3027 3558 propter
3071 3501 3281 3564 peccata
3336 3503 3521 3564 nostra
3549 3498 3834 3564 eveniunt,

2278 3559 2642 3626 azquanimiter
2667 3558 2983 3622 toleremus;
3018 3571 3072 3613 ut
3102 3563 3369 3674 patientur.
3401 3563 3629 3619 fructum
3661 3567 3713 3619 in
3742 3558 3837 3622 vita

2278 3638 2471 3674 mterna
2516 3642 2706 3674 canere.
2750 3630 3032 3674 missimus-
3078 3630 3368 3674 lmmmnc
3406 3649 3532 3674 ριν-(νη
3611 3635 3794 3674 fmina

2278 3638 2474 3681 mterna
2516 3642 2706 3697 capere
2750 3630 3032 3704 possimus.
3078 3630 3368 3704 Urgeamus
3406 3649 3552 3704 ergo,
3610 3635 3796 3692 fratres
3821 3679 3836 3699 ,

2278 3714 2488 3752 cursum
2531 3706 2804 3763 nostrum,
2838 3699 2962 3753 dum
3020 3711 3226 3769 tempus
3279 3699 3535 3759 habemus
3561 3723 3574 3758 :
3603 3707 3839 3763 odiatnus

2281 3770 2420 3844 hunc
2448 3769 2700 3844 mundum
2730 3811 2743 3835 ,
2778 3785 2932 3844 quem
2965 3770 3053 3824 diu
3087 3773 3358 3840 possidere
3391 3790 3496 3829 non
3538 3792 3835 3844 possumus.

2280 3839 2564 3916 Nulla__ja_m
2616 3855 2713 3894 nos
2762 3840 3020 3894 malorum
3053 3839 3270 3911 operum
3299 3839 3836 3916 contagia-polluant:

2281 3910 2371 3984 sed
2410 3910 2619 3984 divinus
2671 3926 2766 3984 nos
2794 3921 3046 3984 aSpectus
3078 3910 3288 3984 semper
3320 3931 3347 3966 a
3376 3910 3604 3984 peccatis
3643 3927 3836 3974 arceat.

2281 3981 2333 4033 Si
2368 3981 2507 4034 enim
2548 3982 2788 4035 homines
2813 3983 2977 4034 nostri
3007 3983 3208 4036 similes
3248 3981 3549 4050 peccatores
3576 3996 3629 4040 et
3655 4004 3720 4042 ex
3745 4003 3837 4044 eo-

2281 4051 2535 4125 demiluto
2566 4051 2841 4112 formatos,
2869 4069 2932 4104 uc
2964 4067 3058 4125 nos
3089 4064 3370 4122 peccantes
3393 4058 3690 4125 inspiciam,
3717 4073 3838 4114 eru-

2283 4121 2545 4174 licsrimus
2570 4138 2583 4197 ς
2616 4134 2810 4188 quanto
2839 4124 3005 4197 magis
3032 4121 3287 4181 attentum
3316 4135 3368 4179 et
3389 4121 3558 4180 solum
3589 4121 3702 4184 sine
3723 4142 3839 4197 pec-

2282 4201 2400 4244 cato
2441 4193 2854 4258 omnipotentem
2892 4193 3052 4245 Deum
3102 4198 3330 4248 revereri
3359 4212 3422 4250 ac
3469 4197 3653 4253 timere
3681 4193 3839 4254 debe-

2282 4263 2552 4338 mus,_qui
2601 4278 2703 4314 non
2730 4264 3084 4338 _s_olum_facta
3115 4305 3127 4326 ,
3184 4267 3275 4319 sed
3321 4269 3480 4320 etiam
3507 4269 3841 4338 cogitationes

2283 4333 2581 4405 considerat
2617 4341 2668 4384 ct
2695 4333 2872 4405 videt?
2906 4332 3051 4405 llnnc
3080 4349 3203 4403 ergo
3242 4338 3476 4404 quotidie
3522 4332 3798 4395 timeamus
3822 4381 3838 4405 ,

2287 4403 2440 4468 hujus
2470 4403 2815 4481 revereniiain
2843 4404 3113 4481 nobiscum
3138 4403 3347 4475 semper
3379 4408 3606 4462 feranms
3632 4429 3643 4461 :
3665 4403 3844 4481 sicque

2290 4487 2383 4523 nos
2415 4488 2534 4544 spes
2568 4472 2904 4544 indulgentia:
2937 4476 3120 4543 erigat,
3154 4486 3209 4529 ut
3236 4472 3405 4530 Inctus
3432 4480 3684 4544 gehennm
3704 4472 3846 4534 sein-

2292 4558 2384 4614 per
2418 4542 2633 4611 afﬂigat.
2666 4543 2799 4614 Aule
2845 4542 3030 4596 omnia
3051 4553 3102 4598 ct
3149 4562 3309 4614 super
3336 4542 3502 4600 omnia
3530 4545 3844 4606 charitatem

2286 4612 2571 4686 habeamus
2597 4656 2608 4674 ,
2643 4613 3041 4686 reminiscentes
3068 4612 3316 4685 praecepti
3347 4616 3552 4671 Domini
3578 4633 3684 4686 quo
3706 4620 3839 4675 dici-

2287 4692 2406 4756 tur,
2451 4682 2738 4756 Habete‘in
2769 4684 2924 4756 wvobis
2968 4682 3151 4756 saliet
3190 4682 3362 4756 pacem
3402 4687 3573 4740 habete
3598 4682 3725 4743 inter
3764 4705 3847 4744 vos

2287 4754 2302 4819 (
2318 4753 2477 4827 Marc.
2511 4769 2594 4827 tx_.
2626 4752 2737 4827 1-29),
2767 4754 2829 4806 Et
2862 4755 2985 4827 iliud
3016 4773 3027 4807 :
3064 4752 3359 4810 Mandatum
3390 4775 3569 4811 novum
3595 4760 3660 4812 do
3685 4760 3845 4827 vobis,

2285 4834 2338 4895 ut
2376 4821 2828 4895 (liligqiisiinviceut
2861 4824 3035 4895 (.Ioan.
3083 4843 3192 4889 XIII,
3223 4828 3333 4894 '54).
3363 4828 3493 4881 Nam
3528 4838 3580 4883 et
3610 4829 3729 4884 alibi
3769 4821 3846 4885 di;

2286 4894 2422 4966 citur
2447 4891 2483 4957 ,ί
2512 4891 3026 4966 Ilabetecharitntem
3073 4897 3204 4966 quod
3243 4891 3312 4950 est
3353 4900 3607 4952 vinculum
3653 4900 3847 4955 unitatis

2289 4963 2504 5037 (galeas.
2532 4981 2613 5037 in,
2782 4967 2846 5019 Et
2871 4963 3092 5032 iterum,
3120 4967 3292 5021 Estote
3313 4970 3589 5024 imitatores
3622 4969 3713 5025 Dei
3731 4972 3848 5024 sicut

2288 5035 2682 5113 plagita-tissimi
2702 5035 2720 5102 ,⁷
2741 5046 2785 5113 ei
2805 5038 3051 5113 ambulate
3091 5039 3138 5113 in
3167 5038 3431 5113 dilectione
3455 5039 3670 5113 (Ephesi
3689 5057 3739 5107 ι’,
3762 5041 3847 5113 {cl

2286 5105 2459 5182 9.)._Et
2495 5106 2705 5182 iterum,
2744 5106 2919 5161 Uinuis
2969 5105 3559 5182 amaritudo__e_tira‘eti
3582 5105 3850 5182 indignatio

2288 5176 2495 5229 tollat-ur
2516 5194 2545 5228 a
2570 5178 2702 5230 vobis
2733 5194 2847 5229 cum
2873 5179 3008 5231 omni
3030 5177 3222 5232 malitia
3245 5177 3354 5247 (Id.
3381 5195 3454 5246 Iv,
3480 5180 3594 5304 διλ.
3628 5176 3728 5246 Et',
3765 5177 3852 5236 Sol

2289 5262 2389 5298 non
2421 5247 2615 5299 occidat
2649 5265 2799 5304 stmer
2855 5248 3173 5302 iracundiam
3213 5258 3424 5304 vestram
3475 5249 3541 5304 (1
3581 5251 3651 5304 id.
3679 5295 3694 5304 .
3728 5249 3852 5304 27L

2289 5262 2389 5324 non
2421 5247 2615 5324 occidat
2649 5265 2799 5324 super
2855 5248 3173 5324 iracundiam
3213 5258 3424 5324 vestram
3475 5249 3496 5322 (
3516 5247 3651 5324 Ibid.
3679 5295 3694 5317 ,
3728 5251 3794 5305 27

2291 5316 2488 5386 Nempe
2515 5317 2650 5371 sicut
2676 5316 2875 5372 nullum
2909 5322 3116 5387 prolicit
3141 5321 3192 5374 in
3235 5321 3456 5376 vulnere
3483 5316 3856 5377 medicamen-

2292 5395 2433 5461 tum,
2456 5388 2498 5440 si
2532 5389 2768 5461 sitintus
2808 5388 3040 5454 ferrum;
3073 5391 3142 5443 ita
3182 5392 3312 5445 nihil
3341 5391 3552 5461 proficit
3581 5393 3720 5448 illius
3741 5407 3855 5448 ora-

2293 5459 2385 5523 tio,
2423 5459 2474 5512 in
2529 5459 2679 5527 cujus
2724 5469 2938 5527 pectore
2986 5461 3315 5516 mortiferum
3342 5459 3615 5519 'versatur
3659 5463 3854 5518 odium.

2293 5527 2626 5601 ilabeamus,
2680 5530 2868 5601 fratres
2890 5572 2902 5593 ,
2938 5529 3251 5587 charitatem
3284 5535 3444 5601 :quia
3493 5534 3544 5589 si
3580 5533 3724 5589 illam
3771 5529 3858 5588 ba-

2294 5599 2585 5674 b_uer_imus,
2615 5599 2889 5674 omnibus
2911 5602 3191 5674 virtutibus
3243 5599 3571 5674 replebimur
3600 5620 3616 5659 :
3650 5605 3696 5660 si
3739 5617 3861 5659 vero

2294 5669 2604 5744 charitatem
2656 5685 2760 5723 non
2809 5671 3186 5744 habuerimus,
3214 5669 3466 5744 quidquid
3497 5674 3622 5731 boni
3668 5675 3860 5730 habere

2297 5739 2555 5815 videmur,
2576 5749 2745 5815 totum
2775 5739 3062 5815 perdimus.
3093 5739 3200 5798 Nec
3222 5739 3276 5798 in
3301 5739 3524 5815 ari-opto
3546 5745 3686 5802 bene
3702 5759 3862 5815 qen-

2299 5809 2351 5866 di
2378 5808 2652 5882 proposito
2673 5808 2884 5881 penitus
2907 5811 3292 5874 lassescamus:
3317 5808 3582 5893 pra-cipue
3604 5829 3729 5875 cum
