4088 6202
508 418 642 484 1191

509 537 730 593 credere
746 530 841 597 illi.
861 524 996 588 aliud
1011 524 1228 587 credere
1250 526 1418 597 illum,
1433 529 1579 587 aliud
1594 531 1812 589 credere
1832 533 1884 587 in
1917 532 2085 587 illum.

509 609 740 663 Credere
775 606 875 667 illi,
906 604 1222 659 estcrcdere
1243 618 1366 657 vera
1397 619 1515 658 esse
1540 619 1658 673 qua:
1681 604 1944 673 loquitur:
1964 619 2087 658 cre-

510 684 639 735 dere
666 678 809 731 ὶΙΙιιιιι
831 718 844 739 ,
877 675 1095 729 credere
1143 675 1260 744 quia
1296 674 1409 742 ipse
1458 684 1542 727 est
1573 675 1711 728 Deus
1742 692 1754 725 :
1783 674 2002 728 credere
2036 674 2087 728 iu

512 752 683 811 illum,
717 747 939 814 diligere
967 746 1136 798 illum.
1168 743 1414 799 Credere
1444 760 1566 798 vera
1594 759 1713 798 esse
1753 760 1870 813 qua:
1917 745 2088 813 loqui-

515 832 616 884 tur,
659 819 802 871 tnttlti
834 826 884 867 et
909 815 1030 867 ntali
1062 825 1280 883 pessunt
1311 832 1323 865 :
1351 814 1575 867 credunt
1603 816 1744 868 enim
1777 830 1898 869 esse
1928 830 2050 868 vero
2070 859 2082 880 ,

507 901 561 946 ct
583 890 765 943 nolunt
788 902 849 941 ea
880 886 1051 940 facere
1078 901 1199 949 sua;
1223 886 1343 954 qttia
1370 885 1435 937 ad
1461 885 1560 939 hoc
1589 886 1781 952 pedum
1798 886 2083 953 pigrisunt.

507 960 733 1015 Credere
764 966 936 1013 autem
966 958 1135 1024 ipsum
1166 971 1284 1009 esse
1326 955 1521 1016 Deum,
1554 964 1608 1008 et
1652 955 1918 1009 daemones
1967 970 2089 1025 p05-

506 1041 645 1085 suot.
681 1028 911 1083 Credere
938 1043 1063 1080 vero
1088 1027 1141 1080 in
1187 1027 1378 1087 Deum,
1436 1025 1535 1079 soli
1563 1036 1825 1078 noverunt
1858 1027 1945 1093 qui
1969 1026 2090 1079 dili-

503 1111 633 1171 gunt
655 1099 799 1171 illum
821 1141 834 1159 ,
866 1098 953 1166 qui
984 1114 1084 1171 non
1128 1096 1308 1171 soium
1334 1096 1547 1171 nomine
1574 1095 1869 1171 -christjani
1920 1106 2083 1171 sunt,

504 1165 596 1225 sed
631 1184 683 1225 et
706 1170 856 1224 factis
884 1165 937 1223 et
968 1169 1094 1233 vita,
1122 1167 1241 1235 quia
1269 1167 1384 1219 sine
1410 1165 1692 1220 dilectione
1743 1166 1871 1220 ﬁdes
1918 1166 2088 1221 inanis

502 1253 603 1298 est.
635 1242 768 1295 Cum
795 1239 1076 1293 dilectione
1094 1238 1223 1290 fides
1249 1235 1556 1299 christiani,
1582 1237 1699 1290 sine
1716 1235 2002 1290 dilectione
2029 1236 2088 1290 ﬁ-

506 1313 600 1367 des
627 1311 903 1365 diemonis.
924 1308 1022 1376 Qui
1049 1324 1176 1377 ergo
1204 1323 1306 1360 non
1326 1305 1509 1377 volunt
1532 1306 1751 1377 credere
1775 1305 2045 1377 Christum
2068 1350 2083 1374 ,

503 1383 678 1438 adhuc
705 1396 801 1434 nec
830 1375 1100 1433 daemones
1119 1375 1420 1430 imitantur.
1452 1376 1567 1429 Jam
1589 1376 1759 1430 credit
1783 1375 2081 1443 Christum,

502 1455 595 1508 sed
622 1454 734 1507 odit
758 1449 1046 1511 Christum,
1080 1448 1268 1502 habet‘
1318 1445 1705 1501 confessionem
1749 1446 1870 1499 fidei
1918 1446 1969 1499 in
2015 1448 2084 1499 ti-

503 1538 652 1581 more
685 1537 853 1592 ptBtttl:
875 1562 888 1585 ,
921 1535 1023 1592 non
1055 1519 1108 1592 in
1136 1534 1319 1592 altiore
1343 1532 1553 1592 COI‘OJIIB
1583 1536 1595 1568 ι
1630 1532 1749 1570 nam
1800 1515 1950 1592 etilli
1984 1532 2083 1592 plt-

502 1594 606 1648 niri
635 1586 890 1647 timebant
940 1590 1175 1653 Denique
1221 1588 1405 1641 beatus
1457 1586 1641 1640 Petrus
1694 1602 1812 1640 cum
1861 1586 2083 1641 Domino

501 1664 760 1720 conﬁtens
788 1662 987 1717 diceret
1008 1703 1021 1724 ,
1045 1658 1085 1711 Τ
1088 1676 1122 1711 u
1143 1674 1195 1711 es
1216 1657 1442 1711 Christus
1465 1656 1628 1710 Filius
1645 1656 1740 1709 Dei
1758 1656 1853 1709 vivi
1870 1655 2079 1727 (Matth.

501 1750 609 1800 xvr,
641 1736 751 1801 16),
782 1732 965 1786 cadem
996 1745 1137 1801 pene
1160 1730 1483 1801 verba,qua_e
1512 1728 1811 1801 daemones,
1845 1727 2083 1801 proferre

501 1797 796 1858 videtur'ex
826 1817 919 1856 ore
949 1818 962 1853 :
993 1797 1088 1854 Sed
1111 1800 1320 1852 illorum
1341 1797 1634 1860 confessio,
1663 1798 1782 1866 quia
1809 1812 1929 1851 cum
1959 1797 2081 1852 odio

501 1876 706 1957 prolata
726 1882 807 1957 est
826 1871 1021 1957 Christi
1043 1912 1075 1957 ,ί
1090 1871 1282 1957 merito
1292 1868 1554 1957 damnata
1567 1867 2080 1957 estii‘liiusjquiaex

500 1935 710 2000 interna
740 1943 1022 1997 dilectione
1047 1935 1343 2009 processit,
1398 1948 1609 2009 acterna
1647 1935 1968 2009 beatitudine
1996 1952 2081 2009 re:

500 2021 775 2087 munerata
800 2022 899 2087 est.
928 2012 1036 2065 Nos
1053 2006 1186 2080 ergo
1204 2010 1295 2087 qui
1318 2023 1410 2087 per
1436 2007 1772 2087 adoptiolnem
1792 2007 1972 2087 gratiis
1986 2006 2079 2062 ﬁlii

502 2084 600 2139 Dei
626 2097 809 2138 sumus
832 2082 1006 2149 (Rom.
1038 2074 1149 2143 vm',
1196 2074 1596 2149 l5),'dicendo,
1631 2074 1805 2149 Credo
1832 2076 1883 2149 in
1915 2077 2078 2132 Deum

499 2153 711 2211 Patrem
764 2145 1177 2220 omnipotentem
1210 2145 1351 2220 ;li‘oc
1399 2155 1512 2211 est,
1554 2147 1631 2201 sic
1651 2146 1717 2220 _ei
1762 2145 2074 2220 credamus,

500 2233 559 2280 ut
602 2224 651 2279 ei
693 2238 785 2294 per
828 2215 1165 2294 dilectionem
1206 2218 1597 2294 adbmreamus.
1651 2215 1706 2269 ln
1762 2216 1939 2294 Deum
1977 2217 2076 2294 Pa-

504 2304 639 2351 trem
668 2286 1108 2363 otnnipotentem.
1143 2289 1413 2363 Advortite
1460 2287 1599 2357 quod
1649 2302 1769 2363 C_t_llll
1794 2286 1882 2339 Dei
1904 2287 2076 2363 Patris

497 2380 692 2421 nomen
722 2365 772 2418 in
804 2356 1140 2419 confessione
1165 2356 1729 2428 conjungit,’ostendit
1772 2356 1917 2428 quod
1968 2371 2075 2412 non

496 2443 623 2491 ante
651 2435 787 2489 Deus
816 2448 935 2489 esse
957 2433 1119 2502 coepit
1139 2472 1152 2493 .
1184 2439 1237 2502 et
1266 2427 1445 2498 postea
1477 2428 1661 2502 Pater;
1691 2427 1785 2481 sed
1820 2428 1935 2482 sine
1965 2428 2075 2481 ullo

498 2505 651 2566 initio
676 2514 730 2561 et
760 2504 897 2559 Deus
917 2497 1130 2573 semper
1145 2508 1202 2573 ct
1215 2497 1377 2573 Pater
1385 2508 1485 2553 est.
1514 2497 1725 2573 Patrem
1754 2507 1929 2573 autem
1952 2512 2073 2551 eum

497 2576 677 2640 audis,
701 2589 928 2646 agnosce
952 2569 1092 2643 quod
1125 2572 1282 2646 habet
1300 2569 1491 2646 Filium
1519 2570 1780 2646 veraciter
1798 2569 2033 2646 genitum
2056 2585 2069 2621 :

534 2638 763 2701 namedo
813 2638 1089 2714 possessor
1116 2641 1330 2714 Adicitur
1367 2638 1683 2714 qui_aliquid
1715 2638 1986 2714 possidet,
2019 2646 2075 2692 et

534 2662 763 2701 uomoao
813 2662 1089 2714 possessor
1139 2662 1330 2695 ulcuur
1367 2662 1455 2709 qm
1485 2662 1683 2707 auqmu
1716 2662 1949 2706 possmus
1970 2677 1986 2704 ,
2019 2662 2074 2692 et.

495 2662 746 2772 dominus
766 2754 780 2778 ,
802 2715 892 2783 qui
916 2713 1071 2787 alicui
1096 2712 1417 2787 dominatur.
1446 2709 1589 2787 Deus
1613 2722 1740 2776 ergo
1787 2707 1942 2787 Pater
1985 2721 2074 2787 seg

495 2787 627 2856 creti
653 2774 973 2856 sacramenti
996 2774 1309 2836 vocabulum
1337 2774 1455 2856 est.,'
1477 2774 1781 2856 cujus_v'enr_c
1804 2774 1971 2830 Filius
1990 2786 2074 2856 esi

498 2854 751 2911 Verbum.
776 2852 886 2906 Nec
914 2860 1181 2919 quatratur
1206 2847 1470 2918 quomodo
1492 2847 1673 2919 genuit
1703 2845 1866 2919 ﬁlium
1884 2887 1899 2912 ,
1924 2845 2072 2919 quod

496 2934 552 2980 et
578 2923 765 2992 Angeli
797 2916 1382 2992 nesciunt,_Proplietis
1411 2925 1493 2970 est
1535 2916 1875 2992 incognitum.
1923 2916 2072 2992 Unde

496 2994 625 3049 illud
665 2987 869 3048 dictum
916 3000 1026 3056 est,
1075 2987 1456 3043 Generalioneut
1501 2988 1611 3056 ejus
1658 2988 1789 3057 quisi
1820 2988 2070 3041 cnarrabit

497 3063 649 3134 (lsai.
676 3079 787 3130 un,
817 3061 909 3134 8);?
924 3061 1029 3134 Nec
1052 3077 1082 3115 a
1100 3060 1265 3134 nobis
1282 3056 1641 3134 discutiendus
1666 3056 1914 3134 estpetts
1933 3098 1946 3121 ,
1976 3057 2070 3134 sed

495 3126 813 3194 credendus.
853 3126 962 3186 'Sed
992 3138 1051 3186 ιιι
1099 3131 1330 3185 breviter
1371 3128 1642 3189 dicamus,
1674 3126 1869 3182 suflicit
1918 3129 2070 3183 nobis

493 3206 631 3275 scire
654 3205 775 3275 quia
800 3203 981 3275 genuit
1000 3199 1473 3275 lux_SpIendorem.
1494 3197 1923 3275 omnipotentem
1945 3213 2071 3275 vero

493 3273 617 3330 ideo
644 3267 947 3343 dicitfquia
972 3267 1308 3339 omnipotens
1334 3277 1443 3332 est,
1467 3269 1554 3324 cui
1583 3268 1711 3343 nihil
1738 3267 2070 3343 impossibile

493 3356 638 3417 est,
664 3346 752 3415 qui
778 3338 983 3417 coelum
1023 3351 1078 3397 et
1121 3338 1350 3417 ierram,
1394 3353 1574 3417 mare,
1609 3338 1876 3417 homines,
1910 3346 2070 3417 atque

498 3408 949 3488 omniafanimaii)
980 3423 1035 3466 et
1058 3411 1296 3488 reptilia,
1331 3425 1461 3488 non
1476 3487 1479 3488 ν
1503 3408 1680 3488 aliquo
1708 3410 1883 3488 operis
1903 3416 2030 3488 actu
2051 3449 2065 3472 ,

494 3486 589 3541 sed
619 3486 733 3539 solo
757 3483 902 3538 verbi
927 3477 1149 3552 imperio
1172 3480 1394 3552 creavit.
1421 3480 1489 3552 Et
1515 3477 1635 3532 ideo
1663 3477 1944 3552 nonnobis
1974 3493 2067 3552 ve-

494 3559 607 3610 niat
634 3557 685 3610 in
715 3547 1117 3625 cogitationem,
1169 3549 1439 3625 quomodo
1466 3550 1567 3604 hoc
1605 3547 1851 3625 aut‘illud
1894 3550 2063 3617 potuit

495 3624 634 3699 ﬁeij,
657 3616 1201 3699 qnijmnipotentem
1227 3621 1566 3699 praecipimur
1589 3616 1854 3699 conﬁieri.

564 3687 790 3751 CAPUT
829 3695 891 3748 ll.
934 3687 1112 3761 'Jesus,
1142 3687 1407 3757 Christus,
1450 3688 1660 3761 Unicus.
1708 3687 1935 3761 Christus
1980 3706 2068 3743 ra-

501 3766 634 3819 tione
657 3765 997 3833 conceptionis
1025 3759 1177 3818 vermi
1203 3779 1257 3817 se
1274 3771 1539 3833 comparat
1555 3831 1562 3833 ξ
1576 3759 1699 3814 Hazc
1712 3759 1956 3833 nascendi
1980 3777 2068 3812 ra-

500 3837 569 3890 tio
614 3853 701 3890 nec
747 3829 855 3889 Deo
903 3836 1151 3904 injuriosa
1196 3849 1284 3887 nec
1337 3829 1679 3904 inipossibiiis.
1710 3830 1777 3883 Et
1804 3829 1857 3882 in
1886 3829 2065 3883 Jesum

493 3907 761 3963 Christum
810 3901 977 3981 ﬁlium
1025 3904 1141 3981 ejus
1196 3901 1418 3981 unicum
1453 3901 1762 3981 “Dominum.
1804 3910 2064 3981 nostrum.

496 3979 579 4050 ia)
608 3975 881 4050 Advertite
910 3970 1340 4050 quod'quomodo
1364 3974 1419 4026 iu
1449 3972 1689 4050 Patrem,
1721 3970 1796 4023 sic
1815 3970 1946 4050 et
1976 3970 2068 4024 Fi-

494 4040 622 4102 lium
651 4040 973 4103 credendum
1000 4040 1108 4098 est:
1134 4043 1201 4097 Et
1228 4044 1349 4112 quia
1387 4056 1508 4096 cum
1555 4042 1711 4112 Patre
1736 4040 1952 4112 aequalis
1989 4050 2070 4096 est

494 4118 769 4187 majestate
789 4159 803 4183 ,
850 4122 1054 4170 tantum
1084 4113 1182 4182 ipsi
1210 4153 1223 4176 ,
1246 4110 1515 4187 quantum
1544 4120 1598 4187 et
1627 4110 1797 4187 Patri,
1850 4110 2070 4187 honoris

494 4180 594 4242 nos
630 4180 826 4242 debere
856 4180 1117 4239 novimus
1140 4191 1195 4238 et
1237 4181 1506 4237 servitutis
1549 4180 1878 4249 obsequium.
1914 4180 2069 4237 Jesus

494 4267 701 4322 autem,
734 4256 977 4310 Salvator
1007 4254 1398 4322 interpretatur.
1443 4251 1599 4307 Jesus
1642 4260 1816 4304 autem
1845 4250 2065 4322 dicitur,

495 4327 637 4397 quod
677 4319 847 4380 salvet
876 4319 1420 4397 populumIChristus
1448 4336 1479 4374 a
1516 4322 1804 4397 chrismate
1831 4319 2024 4397 dicitur
2052 4340 2064 4376 :

496 4389 627 4471 quia
652 4397 789 4471 sicut
811 4389 1010 4464 antiqui
1037 4408 1192 4471 reges
1240 4392 1570 4471 oleo‘saeroh
1586 4389 2064 4471 perfundebantur,

498 4461 567 4521 ila
599 4467 850 4521 Dominus
880 4461 1060 4521 noster
1081 4461 1237 4520 Iesus
1263 4461 1506 4520 Christus
1538 4461 1764 4531 Spiritus
1793 4462 1959 4515 sancti
1991 4463 2072 4515 iii-

500 4538 704 4592 fusione
731 4538 964 4615 repletus
982 4545 1085 4592 est.
1113 4534 1313 4615 Unicus
1337 4535 1487 4599 ideo,
1518 4533 1769 4615 quiahnec.
1789 4546 2068 4613 compara-

500 4616 696 4685 tionem
718 4602 909 4678 recipit
933 4622 1053 4661 cum
1067 4607 1325 4685 creaturis
1343 4647 1358 4673 ,
1378 4620 1476 4659 nec
1497 4602 1898 4685 similitudinem
1916 4621 1927 4654 :
1948 4602 2067 4673 quia

497 4680 732 4734 omnium
759 4674 938 4734 rerum
964 4692 1202 4734 summus
1222 4678 1334 4745 ipse
1357 4686 1565 4731 creator
1579 4682 1677 4728 est.
1702 4674 1951 4745 nomine}
1970 4689 2068 4728 au-

499 4757 612 4825 tem
636 4750 727 4804 ﬁlii
756 4749 848 4804 Dei
879 4757 1134 4803 vocantur
1148 4743 1268 4825 Aper
1295 4748 1519 4825 gratiam
1553 4745 1679 4825 :ille
1717 4744 1863 4825 solus
1906 4743 2069 4798 Filius

532 4822 706 4889 cuiius
730 4833 826 4889 per
847 4830 1110 4874 naturam.
1142 4816 1437 4889 Ostendunt
1460 4816 1559 4889 ista
1581 4816 1634 4870 in
1663 4816 1930 4889 eum_jure
1954 4829 2071 4869 cre-

532 4835 706 4875 ennus
730 4835 826 4889 per
847 4835 1110 4874 naturam.
1142 4835 1437 4873 uswnount
1460 4835 1634 4870 istam
1663 4835 1784 4869 cum
1811 4835 1928 4881 iure
1954 4835 2065 4869 cre-

496 4835 731 4966 Eendum
757 4904 896 4957 esse,
914 4890 1001 4960 qui
1020 4898 1233 4966 propter
1254 4887 1355 4942 hoc
1375 4887 1515 4955 quod
1543 4886 1761 4966 (aqualis
1793 4884 1933 4939 Patri
1964 4893 2065 4949 est,

497 4960 739 5016 Salvator
764 4954 950 5025 noster
976 4954 1059 5015 est
1086 4954 1352 5014 redimens
1377 4954 1472 5011 nos
1488 4997 1501 5020 ,
1530 4963 1583 5011 et
1603 4954 1844 5010 Christus
1869 4966 1954 5011 est
1974 4970 2069 5010 rex

495 5046 688 5102 regens
714 5046 842 5095 nos,
873 5041 928 5085 et
951 5029 1425 5102 unicus_Domi_nus
1450 5037 1647 5102 noster,
1676 5027 1906 5095 Spolian
1935 5029 2065 5102 anti:

496 5098 603 5172 quo
629 5101 783 5157 hoste
801 5142 816 5168 ,
850 5100 1107 5172 singuiari
1121 5098 1364 5172 dominio
1385 5112 1482 5172 suo
1503 5098 1782 5172 ascisccus
1803 5112 1921 5151 nos.
1970 5098 2069 5164 Qui

495 5168 787 5242 conceptus
810 5168 977 5226 estde
996 5168 1196 5242 Spiritu
1218 5177 1401 5242 sancto
1426 5186 1439 5223 :
1469 5168 1520 5222 id
1547 5176 1627 5222 est
1645 5207 1660 5231 ,
1700 5168 1850 5242 cujus
1880 5182 2069 5242 conce-

495 5238 692 5314 ptionis
715 5244 861 5314 solus
886 5238 1070 5314 auctor
1092 5238 1192 5314 fuit
1219 5238 1445 5314 Spiritus
1487 5249 1717 5314 sanctus.
1748 5238 1897 5293 Sicut
1925 5239 2069 5314 enim

494 5308 695 5369 vermis
718 5313 1061 5369 calefaciente
1097 5310 1210 5365 sole
1252 5308 1320 5364 de
1360 5324 1490 5379 puro
1508 5309 1642 5379 limo
1671 5308 1961 5373 formatur;
1992 5308 2070 5364 sic

493 5382 691 5454 Spiritu
721 5393 907 5454 sancto
930 5382 1225 5454 illustrante
1241 5388 1296 5436 et
1317 5378 1799 5454 sanctiﬁcantecor
1819 5379 2067 5454 Virginis,

495 5447 622 5510 caro
641 5453 839 5511 Christi
858 5453 928 5509 de
968 5453 1080 5507 sola
1110 5466 1270 5506 carne
1316 5449 1548 5518 Virginis
1600 5447 1740 5504 nulla
1778 5447 2070 5504 seme'ntiva

494 5526 671 5579 carnis
693 5524 895 5595 origine
936 5530 1193 5595 operante
1220 5529 1473 5595 concepta
1503 5530 1605 5595 est.
1639 5518 1790 5574 Unde
1818 5535 1877 5574 se
1904 5520 2071 5595 vermi

493 5588 808 5665 comparans
837 5610 931 5664 per
957 5588 1292 5650 Psalmistam
1320 5588 1484 5661 dicit,
1514 5588 1626 5662 Ego
1655 5605 1764 5645 sum
1790 5591 1969 5645 vermis
1988 5630 2003 5659 ,
2025 5598 2072 5644 et

564 5753 581 5814 ξ
608 5758 767 5814 rane,
790 5751 873 5814 qui
892 5753 1047 5805 habet.

557 5811 629 5878 (α)
653 5818 719 5878 E_x
742 5811 890 5878 serui.
915 5814 1024 5878 2E,
1049 5816 1097 5865 in
1119 5814 1329 5878 Append.
1355 5816 1553 5878 tomis:
1580 5814 1675 5866 vid.
1709 5816 1865 5867 lvonis
1884 5820 2069 5870 carum.

664 5874 731 5928 de
751 5874 986 5939 symbolo,
1011 5882 1063 5929 et
1084 5873 1351 5940 Symbolum
1375 5876 1555 5929 Bullini.

1321 6002 1599 6024 "~M...
1616 6020 1629 6025 ..
1706 6019 1721 6023 ..
1746 6016 1751 6019 -
1814 6019 1821 6022 .

1956 407 2316 474 APPENDIX.

3676 408 3709 473 1
3722 412 3840 474 192

2200 549 2300 587 non
2332 534 2480 587 homo
2506 531 2675 605 (Psal.
2704 548 2812 605 xxi,
2847 532 2904 600 7)
2934 549 2946 586 :
2972 531 3022 605 id
3041 541 3156 598 est,
3180 546 3285 605 non
3308 539 3607 602 conceptos
3650 549 3829 591 more

2200 606 2449 658 humano.
2473 605 2636 659 Natus
2664 620 2727 659 ex
2755 604 2914 657 Maria
2937 604 3165 669 virgine.
3186 604 3285 672 Qui
3309 605 3555 659 veniebat
3582 606 3825 661 iuvate.

2199 686 2365 727 ratam
2392 676 2623 743 peccatis
2649 676 2920 729 hominum
2953 690 3218 729 renovare
3264 686 3541 742 naturam,
3590 690 3820 732 novatn

2197 744 2367 816 legem
2398 746 2559 799 voluit
2591 748 2787 799 habere
2815 745 3087 801 nascendi.
3143 744 3459 816 Unigenitus
3496 746 3675 815 igitur
3712 747 3817 804 Dei

2197 815 2369 886 factus
2393 824 2475 869 est
2499 817 2728 869 hominis
2751 816 2890 870 filius
2924 833 2937 868 :
2969 824 3026 869 ut
3049 817 3139 886 qui
3162 815 3381 870 Creator
3424 817 3613 871 mundi
3636 826 3809 883 erat,

2199 885 2351 940 ﬁeret
2376 898 2426 939 et
2454 887 2796 954 Redemptor.
2842 886 2995 951 Quod
3047 885 3174 940 vero
3221 886 3517 956 majestatis-
3548 888 3710 943 Deus
3735 888 3811 947 de
3840 913 3851 995 ι

2200 956 2355 995 Μία-ἑτι
2383 958 2683 995 innnrnntna
2712 966 2787 995 net
2848 973 2952 995 nnn
2979 964 3058 995 ac!
3087 956 3391 995 ent-didm“:
3412 956 3702 995 nemnnndn
3730 959 3806 995 An

2198 956 2356 1008 Maria
2383 958 2683 1011 incarnatus
2712 966 2814 1019 est,
2848 973 2953 1010 non
2979 964 3061 1010 est
3087 956 3392 1011 sordidatus
3412 956 3702 1012 nascendo
3729 959 3806 1016 de

2195 1025 2439 1096 Virgine,
2469 1029 2556 1096 qui
2589 1042 2690 1081 non
2735 1026 2833 1081 fuit
2867 1026 3096 1096 pollutus
3128 1026 3399 1082 hominem
3446 1027 3699 1083 condens
3728 1045 3800 1087 ex

2196 1097 2431 1163 pulvere.
2459 1099 2693 1168 Denique
2720 1098 2802 1151 sol
2841 1107 2931 1152 aut
2959 1098 3095 1166 ignis
3120 1097 3165 1151 si
3193 1098 3360 1169 lutum
3391 1107 3607 1169 tangat,
3641 1101 3797 1169 quod

2197 1168 2424 1238 tetigerit
2448 1177 2666 1237 purgat;
2697 1176 2751 1222 et
2772 1183 2829 1222 se
2857 1176 3033 1221 tamen
3064 1182 3169 1222 non
3207 1167 3498 1238 inquinat.’
3526 1167 3639 1223 Nec
3665 1167 3795 1226 fuit

2196 1236 2304 1291 Deo
2327 1238 2516 1307 injuria
2543 1254 2700 1293 causa
2725 1238 3123 1292 misericordias.
3153 1236 3339 1307 Neque
3365 1240 3437 1293 sit
3461 1238 3791 1296 incredibile

2192 1307 2329 1375 qttod
2358 1308 2470 1376 ipse
2502 1318 2654 1363 natus
2676 1308 2743 1363 de
2761 1308 2990 1380 Virgine,
3012 1308 3103 1378 qui
3126 1307 3292 1380 Adam
3313 1308 3383 1363 de
3402 1309 3645 1380 virgineo
3663 1312 3787 1380 pul-

2193 1391 2339 1439 vere.
2364 1388 2418 1431 et
2440 1380 2661 1447 primam
2692 1379 2966 1433 mulierem
2996 1380 3166 1447 potuit
3215 1379 3283 1433 de
3321 1388 3467 1434 costa
3517 1379 3780 1438 formare.

2193 1447 2331 1520 Deus
2352 1449 2542 1520 Filium
2568 1463 2721 1502 suum
2742 1489 2755 1511 ,
2779 1464 2935 1518 quem
2961 1450 3133 1504 solum
3159 1448 3228 1504 de
3265 1448 3428 1520 corde
3465 1464 3565 1505 suo
3587 1467 3781 1520 requa-

2192 1516 2294 1590 lem
2317 1519 2416 1573 sibi
2437 1520 2669 1587 genitum
2701 1516 2947 1590 tanquam
2974 1534 3034 1574 se
3062 1519 3234 1589 ipsum
3260 1519 3549 1588 diligebat.
3590 1516 3776 1590 ipsum

2189 1587 2333 1661 dedit
2360 1590 2534 1642 Mari-.1:
2554 1606 2569 1661 ξ
2590 1598 2651 1643 ut
2675 1587 3143 1661 nattiraliter_esset
3169 1604 3306 1643 unus
3346 1587 3594 1661 idemque
3616 1587 3776 1648 boru-

2190 1660 2363 1711 munis
2394 1661 2531 1712 filius
2556 1660 2644 1713 Dei
2673 1670 2726 1714 et
2752 1658 3155 1714 Marize.0mnis
3185 1670 3372 1715 natura
3400 1675 3433 1715 a
3456 1658 3564 1717 Deo
3586 1673 3772 1720 creata

2187 1737 2383 1800 est,et
2405 1731 2543 1784 Dens
2562 1745 2627 1783 ex
2658 1730 2819 1784 Maria
2851 1739 3026 1784 natus.
3057 1729 3196 1784 Deus
3239 1732 3417 1785 omnia
3445 1735 3681 1800 creavit,
3715 1745 3775 1791 et

2185 1797 2346 1873 Maria
2371 1800 2849 1873 Deumgeneravit.
2884 1800 3025 1873 Deus
3051 1801 3141 1870 qui
3166 1800 3342 1873 omnia
3371 1800 3496 1873 fecit
3523 1843 3539 1867 ,
3567 1797 3679 1873 ipse
3702 1820 3769 1861 se

2184 1882 2247 1922 ex
2279 1869 2438 1942 Maria
2461 1869 2626 1942 fecit:
2652 1880 2707 1924 et
2728 1871 2808 1942 sic
2845 1870 3023 1942 omnia
3051 1869 3171 1942 quxe
3196 1870 3396 1942 fecerat
3416 1869 3616 1928 refecii.
3657 1874 3766 1942 Qui

2183 1939 2354 2061 [intuit
2375 1941 2551 2026 omnia
2574 1940 2642 1995 de
2669 1940 2833 1996 nihilo
2857 1940 3054 2007 facere,
3069 1939 3258 1996 ’noluit
3289 1955 3354 1998 ea
3406 1942 3596 1999 violata
3647 1939 3765 2001 sine

2234 2022 2341 2061 arta
2370 2015 2609 2061 reticere.

2234 2011 2341 2062 aria
2370 2013 2609 2066 reticere.

2251 2077 2600 2155 CAPUT‘III.
2655 2080 3307 2155 Cur_Douﬁuits_ooluait
3346 2085 3596 2155 cruciﬁgi.
3634 2085 3764 2142 Cru-

2182 2150 2252 2203 cis
2282 2152 2455 2205 virtus.
2487 2152 2680 2223 Passus
2706 2153 2805 2207 sub
2835 2152 3024 2223 Pontio
3055 2152 3242 2217 Pilato,
3275 2150 3580 2223 cruciﬁxus,
3610 2172 3761 2213 mor-

2184 2228 2303 2274 tuus
2331 2231 2385 2276 et
2420 2222 2679 2291 sepultus.
2720 2224 2801 2292 (α)
2844 2222 2947 2278 Iste
2985 2223 3187 2277 Pilatus
3218 2224 3382 2292 judex
3421 2234 3537 2281 erat
3570 2222 3625 2281 in
3670 2229 3760 2284 illo

2182 2297 2421 2367 ieiunare
2464 2293 2531 2347 ab
2570 2294 2897 2367 imperatore
2930 2293 3223 2367 positusin
3265 2294 3447 2367 iudica
3471 2338 3486 2362 ,
3515 2298 3616 2352 sub
3651 2312 3759 2367 quo

2184 2360 2434 2437 Dominus
2466 2360 2657 2432 passus
2680 2372 2780 2437 est.
2804 2360 2967 2432 Cujus
2993 2364 3192 2437 mentio
3215 2364 3281 2420 ad
3310 2360 3566 2436 temporis
3590 2360 3756 2437 signi-

2180 2429 2499 2507 ﬁeatinuem,
2524 2448 2629 2507 non
2652 2433 2717 2487 ad
2742 2429 2983 2507 persona:
3005 2433 3145 2507 illius
3167 2437 3397 2507 pertinet
3421 2429 3753 2507 digiiitat'em.

2177 2500 2660 2578 Cruciﬁxus_.__Hiuc
2685 2500 2850 2558 multa
2887 2500 3184 2578 Propheta!
3202 2500 3591 2578 praedixerunt,
3618 2522 3758 2578 qua-

2178 2569 2613 2649 literucruciﬁxus
2647 2574 2701 2649 in
2731 2588 2889 2629 cruce
2912 2569 3310 2649 _in:conspéctu
3335 2577 3512 2649 populi
3540 2569 3754 2649 maligni

2176 2643 2420 2697 manibus
2457 2645 2689 2699 txtensis
2726 2644 3053 2713 pependerit.
3076 2643 3293 2712 .Tamen
3335 2643 3393 2700 ut
3412 2643 3637 2701 breviter
3660 2643 3754 2702 di-

2175 2719 2326 2784 catur
2347 2754 2363 2779 ,
2407 2713 2458 2767 in
2497 2728 2655 2768 cruce
2694 2729 2983 2784 suspensus
3006 2722 3090 2769 est
3110 2754 3126 2779 ,
3155 2724 3214 2769 ut
3238 2731 3336 2771 nos
3362 2733 3394 2772 a
3416 2716 3750 2774 damnatione

2176 2780 2303 2858 ligni
2329 2780 2834 2858 vetiti_dissolt'eret,
2862 2797 2916 2858 et
2934 2799 2962 2858 a
2980 2795 3158 2858 morte
3175 2785 3447 2843 liberaret.
3477 2788 3579 2858 sed
3601 2804 3751 2858 quae-

2175 2851 2496 2927 ritur,_quid
2527 2855 2595 2908 sit
2631 2858 2811 2927 crucis
2831 2854 3147 2927 signiﬁcatio
3168 2896 3183 2921 ,
3216 2865 3273 2911 et
3300 2873 3468 2927 quare
3496 2851 3751 2914 Dominus

2176 2920 2227 2975 in
2256 2920 2493 2998 patibulo
2529 2927 2635 2995 pati
2676 2940 2735 2980 se
2771 2920 3023 2998 elegerit?
3049 2925 3129 2980 Ad
3153 2920 3295 2996 quod
3318 2920 3587 2998 'tripartita
3614 2929 3750 2984 ratio

2175 2994 2432 3065 redditur.
2467 2994 2658 3062 Prima,
2689 3005 2745 3050 ut
2768 2994 3011 3050 Christus
3036 3010 3133 3065 pro
3153 2994 3305 3051 reatu
3326 2994 3507 3054 mundi
3537 2999 3748 3054 redem-

2174 3064 2285 3132 ptio
2326 3065 2574 3131 daretur,
2612 3077 2667 3119 et
2707 3066 2953 3135 antiquus
2992 3064 3160 3123 hestis
3199 3068 3343 3122 velut
3382 3068 3542 3123 hamo
3578 3070 3748 3125 crucis

2173 3144 2454 3201 caperetur
2484 3154 2497 3188 :
2523 3137 2756 3203 scilicet,
2790 3147 2847 3190 ut
2866 3150 3001 3206 quos
3030 3136 3411 3204 absorbucrat,
3440 3148 3742 3207 evomeret,

2175 3219 2280 3258 non
2307 3208 2535 3274 potentia
2565 3208 2761 3270 victus,
2793 3207 2885 3261 sed
2908 3207 3132 3276 justitia.
3166 3208 3412 3262 Secunda
3445 3224 3606 3264 causa
3631 3219 3744 3275 est,

2175 3277 2589 3350 utseeutoribus
2617 3278 2918 3350 hominibus
2939 3278 3058 3332 vitae
3079 3279 3440 3347 magisterium
3465 3279 3743 3350 praeberet.

2174 3344 2254 3397 Ad
2281 3344 2383 3399 hoc
2408 3347 2548 3423 enim
2585 3348 2834 3423 ascendit
2862 3349 2913 3401 in
2946 3344 3283 3423 crucem—tut
3307 3344 3745 3423 nobis'passionis

2173 3422 2227 3467 et
2262 3418 2668 3472 resurrectionis
2709 3418 2973 3486 przeheret
3014 3420 3337 3488 exemplum.
3381 3418 3559 3475 Teriia
3590 3436 3747 3476 causa

2175 3493 2259 3557 est
2282 3496 2541 3555 susceptae
2566 3490 2740 3541 crucis
2760 3528 2773 3550 ,
2806 3497 2866 3542 ut
2890 3490 3136 3557 superbia
3173 3490 3354 3545 saeculi
3381 3502 3436 3546 et
3463 3491 3638 3545 inﬂata
3662 3506 3748 3547 sa-

2176 3555 2390 3629 pientia,
2410 3572 2503 3625 per
2524 3560 2697 3611 crucis
2723 3555 3032 3626 stultam,’ut
3057 3570 3289 3629 putatur,
3313 3561 3744 3629 praedicationem

2175 3625 2447 3698 buniiliata
2491 3639 2763 3683 corrueret
2787 3671 2801 3693 ,
2843 3637 2900 3684 et
2941 3625 3101 3685 sciret
3139 3630 3191 3684 id
3228 3625 3371 3698 quod
3407 3632 3627 3686 stultum
3663 3641 3747 3687 est

2174 3694 2266 3749 Dei
2287 3738 2300 3760 ,
2327 3697 2615 3766 sapientius
2634 3713 2753 3753 esse
2776 3699 3095 3755 hominibus.
3133 3694 3440 3755 Sed'adhuc
3462 3702 3745 3757 videndum

2172 3775 2270 3831 est,
2305 3783 2470 3843 quare
2500 3769 2752 3843 Dominus
2786 3771 2888 3843 tale
2911 3784 3079 3840 genus
3104 3772 3291 3843 mortis
3319 3772 3559 3842 elegerit.
3590 3773 3744 3843 Legi-

2174 3851 2293 3890 mus
2326 3841 2467 3893 enim
2515 3840 2566 3892 in
2613 3840 2898 3909 Evangelio
2922 3881 2935 3905 ,
2980 3841 3121 3910 quod
3162 3840 3425 3896 Phariszei
3459 3840 3746 3899 voluerunt

2172 3920 2309 3982 eum
2343 3911 2674 3982 praecipitare
2713 3911 2780 3965 de
2819 3918 2999 3982 monte
3042 3929 3055 3965 :
3098 3921 3153 3965 at
3181 3912 3270 3965 elli
3315 3914 3618 3980 transiens,
3647 3928 3744 3982 per

2173 3977 2404 4053 medium
2434 3980 2649 4053 illorum
2679 3981 2785 4053 ibat
2811 3979 2959 4053 (Luc.
2986 3996 3034 4033 tv
3054 4023 3069 4045 ,
3088 3982 3169 4053 29
3189 3982 3342 4053 ιω).
3369 3984 3508 4038 Alibi
3531 3977 3740 4053 quoque

2173 4047 2428 4123 legimus,
2459 4051 2598 4117 quod
2624 4050 2792 4123 Judaei
2822 4047 3059 4123 tulerunt
3085 4047 3311 4122 lapides,
3340 4063 3399 4106 ut
3420 4047 3664 4123 jacerent'
3683 4056 3739 4108 in

2172 4133 2293 4194 eum
2333 4138 2346 4172 :
2390 4121 2502 4187 ipse
2539 4135 2663 4194 vero
2688 4121 2977 4194 abscondit
3014 4136 3108 4194 se,
3137 4121 3204 4176 ’et
3242 4121 3512 4178 exivit—de
3548 4125 3743 4194 templo

2176 4188 2351 4266 (loqu.
2372 4207 2469 4266 _v_m
2491 4233 2507 4266 _,
2537 4192 2647 4259 59).
2673 4191 2847 4266 Quare
2882 4193 3050 4266 noluit
3090 4194 3344 4266 Dominus
3388 4188 3740 4266 praecipitari,

2174 4261 2254 4314 vel
2282 4260 2502 4335 lapidari
2522 4304 2537 4329 ,
2568 4272 2658 4335 aut
2682 4263 2841 4335 etiam
2867 4263 3041 4335 gladio
3072 4264 3303 4319 truncari
3323 4260 3564 4335 ?.Utiqué
3579 4260 3740 4321 causa

2172 4338 2367 4385 nostrae
2405 4332 2590 4386 salutis
2631 4332 2906 4406 lioc__feci_t.
2946 4334 3088 4406 Mors
3124 4335 3268 4389 enim
3305 4332 3503 4389 Christi
3533 4336 3741 4406 signum

2172 4410 2254 4476 est
2278 4412 2469 4456 nostrae
2494 4405 2699 4458 salutis.
2725 4402 2899 4476 Noluit
2917 4419 3045 4475 ergo
3072 4405 3315 4474 lapidari,
3339 4413 3430 4460 aut
3449 4402 3606 4461 etiam
3626 4407 3741 4476 gla-

2171 4469 2262 4545 dio
2303 4476 2535 4545 percuti;
2573 4477 2693 4544 quia
2722 4474 2965 4529 videlicet
2982 4469 3094 4529 nos
3123 4469 3333 4545 semper
3360 4469 3737 4545 nobiscum'fa-

2173 4542 2322 4615 pides
2354 4552 2445 4597 aut
2481 4542 2676 4599 ferrum
2714 4546 2851 4600 ferre
2887 4560 2989 4599 non
3023 4542 3304 4614 possumus
3337 4547 3518 4615 quibus
3552 4544 3737 4600 defen-

2172 4612 2379 4667 damur.
2422 4615 2591 4685 Elegit
2630 4631 2754 4671 vero
2795 4612 3046 4678 crucem}
3090 4632 3208 4685 quae
3250 4612 3520 4671 levi—motu
3548 4631 3739 4671 manus

2173 4685 2505 4752 exprimitur,
2533 4701 2632 4753 qua
2654 4695 2706 4739 et
2728 4697 2910 4740 contra
2948 4687 3144 4740 inimici
3170 4689 3430 4742 versutias
3454 4687 3736 4741 munimur.

2173 4753 2284 4808 Hoc
2321 4756 2462 4810 enim
2508 4757 2659 4825 signo
2700 4758 2873 4811 crucis
2915 4766 3257 4811 consecratur
3279 4756 3487 4826 Corpus
3515 4757 3740 4812 domini-

2174 4838 2293 4878 cum
2314 4866 2328 4890 ,
2359 4828 2718 4881 sanctilicatur
2745 4830 2860 4881 fons
2893 4827 3253 4895 Baptismatis,
3281 4829 3556 4883 initiantur
3582 4828 3737 4882 etiam

2173 4896 2506 4964 presbyteri,
2549 4905 2604 4952 et
2637 4899 2813 4952 caeteri
2844 4898 3038 4967 gradus
3076 4898 3424 4952 ecclesiastici
3450 4940 3465 4959 .
3492 4908 3546 4953 et
3569 4899 3741 4951 omnia

2173 4981 2517 5036 quaicumqne
2548 4971 2972 5033 sanetilicantur,
3002 4968 3104 5023 hoc
3130 4968 3280 5038 signo
3306 4968 3591 5023 dominica:
3624 4982 3740 5022 cru-

2173 5038 2249 5091 cis
2282 5051 2401 5091 cum
2432 5039 2763 5092 invocatione
2791 5039 2988 5093 Christi
3016 5039 3244 5093 nominis
3272 5048 3669 5093 consecrantur.

2244 5106 2468 5163 CAPUT
2528 5109 2613 5163 IV.
2670 5108 2845 5164 Crucis
2892 5112 3202 5177 mysterium.
3259 5107 3589 5177 Profunditaa
3631 5125 3742 5180 my-

2173 5180 2308 5250 sterii
2334 5181 2512 5233 crucis.
2558 5179 2689 5234 Nam
2719 5189 2771 5234 et
2795 5181 2906 5247 ipsa
2933 5195 3060 5234 crux
3085 5194 3334 5249 magnum
3372 5181 3425 5234 iu
3455 5195 3515 5234 se
3546 5190 3742 5250 myste-

2176 5249 2312 5333 rimn
2338 5252 2572 5331 continet
2596 5252 2782 5333 :“cujus
2804 5250 3133 5333 positiotalis
3153 5258 3253 5314 est,
3279 5261 3335 5333 ui
3355 5249 3611 5333 superior
3624 5264 3745 5319 pars

2174 5319 2527 5389 ccelos‘petat,
2561 5319 2776 5374 inferior
2804 5329 2962 5373 terrm
2993 5321 3267 5383 inhaereat,
3301 5321 3403 5376 ﬁxa
3425 5319 3478 5375 in
3510 5320 3746 5377 inferno-

2174 5404 2293 5444 rum
2317 5392 2418 5445 ima
2446 5392 2751 5461 contingat,
2775 5390 2997 5445 latitudo
3020 5399 3195 5445 autem
3219 5392 3335 5460 ejus
3365 5400 3542 5461 partes
3568 5391 3747 5448 mundi

2176 5471 2404 5530 appetat.
2450 5463 2581 5526 Quia
2618 5471 2672 5515 et
2708 5460 2951 5514 Christus
2985 5476 3079 5530 per
3104 5460 3406 5530 passionem
3434 5464 3611 5518 crucis
3637 5465 3750 5519 An-

2174 5532 2306 5601 gelis
2355 5530 2547 5601 profuit
2590 5532 2651 5604 in
2684 5530 2823 5604 coelo
2848 5569 2864 5595 ,
2911 5546 3155 5604 quorum
3184 5547 3439 5588 numerus
3482 5534 3604 5603 quia
3653 5549 3752 5604 per

2176 5611 2469 5684 aposiatam
2506 5601 3097 5684 angelum_immintttus
3134 5601 3338 5684 fuerat,
3369 5619 3451 5684 ex.
3472 5601 3754 5684 animabus

2176 5670 2411 5726 ﬁdelium
2449 5670 2682 5742 quotidie
2712 5671 3065 5743 adimpletur;
3091 5682 3148 5728 et
3181 5673 3335 5730 nobis
3363 5674 3456 5744 qui
3487 5688 3675 5730 sumus
3702 5675 3754 5729 in

2239 5808 2312 5877 (α)
2337 5806 2437 5859 vid.
2460 5819 2607 5858 serm.
2631 5804 2740 5870 242,
2764 5806 2814 5859 in
2833 5806 3047 5873 Append.
3072 5808 3190 5862 tomi
3210 5809 3242 5862 5
3258 5842 3273 5872 ,
3293 5814 3345 5863 et
3360 5807 3633 5877 Symbolum
3654 5802 3756 5866 κυε-

3736 5930 3785 5971 (ἰ

2733 5974 2772 6011 ο
3722 5975 3737 6017 ρ
3771 5990 3776 5999 .
