4118 6194
1979 257 2324 315 APPENDIX

2987 209 3029 217 κν
3081 210 3087 215 .

3657 268 3811 337 me

1512 467 1780 531 SERMO
1820 466 1925 528 DE
1966 465 2440 533 CONTEMPTU
2477 474 2733 539 MUNDI
2760 479 2803 554 ⁸,

1791 592 2062 650 INCERTI
2099 592 2454 654 AUCTOBlS.

588 712 817 772 CAPUT
866 711 1149 770 PRIMUM.
1212 711 1461 767 Mandata
1522 710 1626 765 alia
1674 709 1946 779 specialia,
1997 708 2102 763 alia

517 786 824 840 communia.
888 783 1114 849 Audite,
1164 781 1355 839 fratres
1398 780 1727 848 charissimi,
1768 779 2102 836 salutiferam

516 855 691 911 Patris
716 853 883 911 nostri
910 854 1202 909 doctrinam
1222 894 1236 917 ,
1260 853 1351 921 qui
1378 867 1482 907 non
1505 860 1769 908 terrenam
1787 892 1804 918 ,
1827 850 1921 907 sed
1941 858 2100 905 aeter-

516 939 643 980 nam
683 924 1056 994 concupiscitis
1098 923 1500 989 haereditatem;
1530 922 1753 994 quinon
1794 921 1954 994 vultis
1980 936 2101 994 sor-

514 1003 622 1049 tem
647 992 888 1064 accipere
920 994 972 1048 in
1004 1003 1146 1050 terra
1162 994 1498 1049 morientium
1515 1033 1529 1057 ,
1552 992 1646 1064 Sed
1673 992 2099 1064 cum_Psalmista

513 1062 827 1130 decantare,
856 1064 1034 1120 Portia
1074 1081 1183 1118 mea
1207 1065 1260 1118 in
1300 1075 1433 1119 terra
1461 1063 1726 1117 viventium
1754 1062 1925 1131 (Psal.
1951 1077 2094 1127 cxu,

513 1135 593 1204 6);
620 1137 707 1207 qui
725 1134 1010 1207 Egyptum
1052 1135 1340 1207 reliquistis
1359 1175 1375 1201 ,
1406 1143 1459 1207 et
1479 1133 1569 1207 _ad
1595 1133 2098 1207 promissionister-

511 1203 935 1275 ram'festinatis.
963 1206 1155 1260 Audite
1173 1203 1379 1275 itaque,
1408 1204 1664 1275 habentes
1684 1220 1840 1259 aures
1879 1203 2092 1259 audien-

511 1274 600 1339 di,
631 1274 773 1344 pium
795 1284 997 1345 patrem
1041 1276 1107 1330 ad
1152 1274 1512 1330 barreditatem
1561 1274 1818 1329 caelorum
1858 1288 1957 1328 nos
1994 1289 2092 1329 vo-

511 1354 723 1400 cantem
744 1387 758 1408 .
782 1356 835 1400 et
873 1346 1157 1412 dicentem,
1211 1345 1407 1412 Venite,
1438 1345 1534 1414 ﬁlii
1556 1386 1570 1411 ,
1600 1345 1772 1399 audite
1816 1361 1928 1409 me,
1955 1346 2097 1399 timo-

510 1431 617 1468 rem
644 1415 851 1469 Domini
873 1417 1057 1470 docebo
1090 1433 1193 1470 vos.
1220 1415 1343 1480 Quis
1376 1426 1446 1470 est
1489 1415 1635 1468 Itomo
1662 1415 1748 1484 qui
1793 1414 1898 1468 vult
1938 1416 2092 1469 vitam

544 1484 684 1539 Psal.
711 1502 899 1550 χχχιιι,
924 1485 992 1540 12
1016 1497 1063 1541 et
1081 1485 1196 1554 ιδῃ
1212 1486 1340 1552 Quis
1367 1501 1425 1541 es
1450 1486 1538 1555 qui
1556 1486 1715 1539 vitam
1737 1486 1816 1539 vis
1846 1485 2089 1555 ingredi?

551 1571 670 1608 crva
700 1556 943 1611 mandata
968 1556 1083 1611 Dei.
1126 1557 1359 1625 Quorum
1406 1555 1774 1610 mandatorum
1814 1555 1916 1608 alia
1958 1564 2082 1610 sunt

507 1626 754 1694 specialia
778 1668 792 1690 ,
822 1626 923 1680 alia
970 1643 1097 1682 vero
1144 1626 1465 1688 communia.
1497 1626 1754 1695 Speeialia
1799 1632 1922 1680 sunt
1962 1640 2087 1694 pro-

509 1697 624 1762 prie
648 1697 1022 1751 canonicorum
1053 1698 1165 1752 sive
1184 1699 1495 1751 clericorum
1519 1735 1535 1761 ,
1564 1704 1619 1751 et
1666 1695 2082 1759 monachocum;

507 1767 810 1822 communia
853 1768 1087 1821 omnium
1147 1766 1562 1821 Catholicorum.
1617 1765 1877 1836 Specialia
1928 1766 2086 1835 igitur

505 1845 629 1909 sunt
655 1836 767 1909 haec
797 1854 807 1889 :
842 1837 902 1892 Si
932 1838 1011 1909 vis
1023 1841 1268 1909 perfectus
1289 1853 1395 1891 esse
1417 1875 1433 1901 ,
1466 1836 1818 1909 vendeomnia
1842 1851 1954 1909 quq:
1986 1837 2083 1909 ha-

509 1904 612 1978 bes,
632 1916 677 1960 et
698 1907 764 1960 da
786 1903 1121 1978 pauperibus,
1134 1918 1179 1961 et
1200 1923 1406 1977 sequere
1422 1924 1519 1960 me.
1544 1906 1611 1960 Et
1636 1906 1825 1967 iterum
1857 1923 1869 1959 :
1906 1903 2082 1960 Omnis

504 1976 592 2045 qui
616 1976 1151 2044 reliquerit‘domum,
1197 1989 1283 2031 aut
1319 1993 1532 2047 agrum,
1579 1986 1666 2030 aut
1716 1987 1942 2046 patrem,
1991 1984 2082 2030 aut

503 2056 716 2100 matrem
737 2088 753 2113 ,
785 2057 872 2100 aut
900 2050 1118 2118 fratres,
1143 2057 1229 2100 aut
1257 2063 1453 2101 sorores
1473 2087 1487 2111 ,
1510 2056 1599 2118 aut
1626 2047 1761 2113 filios
1785 2088 1800 2113 ,
1819 2056 1906 2099 aut
1930 2061 2080 2116 agros

510 2127 719 2199 prppter
729 2134 823 2199 'ute
842 2157 856 2181 ,
871 2116 1172 2199 centuplum
1189 2118 1396 2199 accipiet
1422 2159 1436 2183 ,
1463 2128 1507 2198 et
1533 2117 1682 2198 vitam
1700 2126 1937 2199 (sternam
1963 2133 2079 2198 pos-

500 2185 698 2241 sidebit.
729 2187 798 2241 Et
820 2187 888 2242 ad
908 2185 1195 2257 discipulos
1224 2204 1237 2240 :
1262 2186 1377 2257 Yos
1405 2188 1490 2255 qui
1526 2187 1682 2241 secuti
1714 2188 1831 2241 estis
1859 2185 1972 2252 me,
2019 2188 2072 2241 in

501 2258 875 2327 regenerationc
894 2273 1007 2310 cum
1035 2256 1216 2312 sederit
1248 2256 1294 2310 F
1295 2258 1411 2311 ilius
1436 2257 1651 2310 hominis
1691 2257 1744 2310 in
1772 2257 1888 2311 sede
1922 2258 2072 2326 maje-

500 2327 645 2380 sta‘tis
667 2342 774 2398 suae
789 2368 804 2391 ,
828 2327 1056 2382 sedebitis
1076 2337 1122 2382 et
1150 2344 1235 2398 vos
1260 2327 1573 2398 supersedes
1612 2327 1911 2393 duodecim,
1931 2327 2079 2398 judi-

500 2406 668 2468 cantes
695 2397 958 2468 duodecim
980 2398 1138 2452 tribus
1158 2396 1330 2452 Israel
1351 2396 1565 2466 (Matth.
1590 2413 1700 2468 xix,
1726 2398 1817 2462 2i,
1835 2396 1939 2462 29,
1955 2396 2072 2468 28).

499 2464 627 2520 Haec
652 2469 858 2537 itaque.
890 2467 1113 2535 fratres,
1135 2477 1339 2539 quanto
1355 2464 1668 2539 Singularia,
1693 2476 1839 2523 tanto
1873 2464 2058 2539 praeci-

499 2552 611 2620 ριιέ
620 2554 641 2620 ί
662 2536 1088 2620 quitum-acriora
1108 2578 1128 2620 ,_
1152 2536 1296 2620 lauto
1315 2536 1425 2593 Deo
1443 2536 1689 2620 gratiora.

570 2607 794 2664 CAPUT
834 2609 896 2663 Il.
947 2608 1128 2663 Clerici
1170 2608 1243 2663 nil
1286 2607 1549 2679 proprium
1586 2608 1890 2680 possideant.
1938 2607 2074 2663 Dicit

499 2675 691 2733 iterum
722 2679 962 2734 Salvator
982 2687 1164 2734 noster
1190 2675 1327 2734 inter
1353 2675 1544 2733 caetera
1566 2675 1596 2744 ,’
1611 2679 1711 2745 Qui
1762 2696 1860 2732 non
1892 2694 2073 2732 renun-

497 2748 701 2821 tiaverit
713 2751 941 2821 omnibus
959 2766 1074 2821 quae
1089 2749 1447 2821 possidet,inon
1459 2758 1775 2821 potestmeus
1797 2764 1905 2821 esse
1926 2748 2072 2802 disci-

497 2818 650 2900 pulus
681 2818 830 2891 (Luc.
858 2817 1107 2901 δινέβὸ).
1158 2819 1261 2901 Qui
1308 2817 1468 2901 dii-tit,
1496 2818 1747 2901 pntnibus,
1775 2817 1909 2901 uihil
1954 2833 2071 2901 pru-

498 2888 751 2957 prium'a
793 2892 904 2945 suis
950 2888 1221 2959 discipulis
1254 2889 1509 2958 possideri
1556 2888 1741 2959 voluit.
1771 2888 1873 2959 Qui
1918 2888 2070 2959 quid-

494 2973 651 3027 quam
685 2960 917 3028 possidet
940 2961 992 3014 in
1023 2957 1183 3027 terra,
1212 2957 1446 3013 remotus
1489 2966 1570 3028 est
1592 2974 1639 3028 7a
1686 2958 1879 3013 Christi
1911 2957 2071 3014 disci-

491 3028 655 3092 plina.
684 3028 783 3098 Qui
811 3040 985 3086 autem
1014 3045 1118 3084 non
1147 3037 1230 3085 est
1245 3029 1530 3098 discipulus
1546 3027 1769 3095 Christi,
1802 3028 2069 3098 quomodo

492 3102 768 3171 prmsumit
797 3102 894 3156 sibi
924 3100 1115 3171 ligandi
1142 3109 1299 3171 atque
1333 3100 1959 3171 solvendihpotestatern?
1985 3100 2071 3154 In.

494 3168 724 3239 tendite,
762 3168 990 3238 fratres,
1034 3168 1511 3239 verba'Evangelii
1555 3169 1813 3233 dicentis,
1854 3168 2069 3225 Intravit

490 3237 642 3312 Iesus
678 3242 845 3305 ianuis
872 3242 1057 3296 clausis
1097 3240 1165 3294 ad
1206 3237 1479 3311 discipulos
1502 3282 1516 3306 ,
1558 3249 1603 3294 et
1646 3240 1902 3312 insufﬂans
1942 3241 2069 3296 dixit

491 3311 596 3373 eis,
637 3312 859 3380 Accipite
903 3312 1153 3379 Spiritum
1205 3321 1435 3365 sanctum
1469 3326 1490 3363 :
1530 3327 1741 3379 quorum
1762 3311 2070 3367 'remiseritis

490 3392 728 3448 peccata,
760 3382 1078 3435 remittuntur
1096 3381 1202 3444 eis;
1228 3390 1274 3434 et
1294 3396 1503 3449 quorum
1530 3381 1850 3444 retinueritis,
1877 3390 2069 3435 retenta

488 3459 606 3530 sunt
636 3450 940 3532 (Joannxx,
964 3450 1057 3532 :2},
1228 3449 1498 3532 Numquid
1529 3450 2064 3532 illi'liabebant._pru-

491 3519 663 3589 prium
690 3561 705 3584 ,
733 3520 923 3589 quibus
962 3518 1209 3589 Magister
1243 3518 1536 3589 indixerat,
1572 3518 1720 3572 Nihil
1766 3518 1977 3573 tuleritis
2012 3521 2068 3576 in

490 3588 570 3672 uia
591 3588 836 3672 (Dchx,
857 3590 912 3672 5)
946 3606 959 3641 :
986 3588 1063 3643 de
1094 3589 1291 3672 quibus
1312 3588 1481 3672 luncas
1520 3589 1863 3672 e_v3ugieiist_a‘
1882 3589 2063 3672 refert,

488 3655 653 3742 Erant
672 3661 752 3742 eis.
770 3655 938 3742 omnia
962 3655 1246 3742 communia
1272 3659 1413 3742 (Act.
1435 3673 1507 3724 tv,
1537 3658 1644 3742 32)
1664 3659 1687 3712 l
1710 3658 1902 3741 'Vidcte
1939 3655 2066 3742 quid

489 3727 679 3785 Petrus
703 3729 893 3786 dixerit
920 3729 984 3785 ad
1008 3729 1192 3801 glesum
1215 3770 1232 3796 ,
1260 3727 1502 3801 Eccenos
1533 3727 1836 3801 reliquimus
1873 3727 2062 3799 omnia,

494 3809 541 3854 et
569 3801 725 3855 secuti
745 3799 1209 3871 sumuste(MattIt.
1240 3816 1352 3872 xnt,
1379 3799 1495 3869 27).
1518 3798 1623 3872 Qui
1631 3798 1810 3872 omnia
1841 3798 2066 3872 relique?

420 3870 428 3882 '
488 3880 643 3937 rant,
676 3872 806 3926 nihil
847 3872 945 3928 sibi
989 3872 1196 3942 penitus
1223 3871 1569 3942 retinuerant.
1602 3870 1754 3927 Unde
1795 3885 1921 3942 ergo
1957 3870 2064 3927 sibi

488 3952 736 4011 arrogant
778 3940 1453 4013 ligandi—atqueisolvendi
1493 3949 1839 4013 potestatem,
1864 3940 1964 4013 qui
2012 3944 2064 3997 in

488 4017 631 4065 terra
664 4011 987 4083 praesumunt
1016 4011 1287 4083 puissidere
1309 4011 1937 4083 facultatem?Quomodo
1960 4028 2064 4083 n_on

488 4081 809 4136 erubeScunt
835 4081 1033 4147 dicere,
1051 4082 1297 4136 Dominus
1328 4097 1446 4151 pars
1469 4082 1776 4135 Iucreditatis
1801 4099 1923 4137 mea:
1946 4081 2062 4150 (Ps.

488 4165 579 4212 xv,
611 4152 666 4220 5)
687 4152 711 4204 ?
732 4152 830 4207 Ubi
849 4164 930 4207 est
951 4153 1077 4206 illud
1093 4153 1463 4220 apostolicum,
1489 4151 1617 4216 Qua:
1634 4153 1892 4206 conventio
1910 4152 2063 4207 Chri-

489 4220 553 4272 sti
581 4221 649 4273 ad
670 4220 840 4290 Belial
869 4222 934 4288 (II
963 4221 1079 4275 Cor.
1104 4237 1178 4285 γι,
1204 4221 1327 4290 l5)?
1358 4221 1456 4286 Qui
1498 4230 1736 4290 terrenas
1767 4224 2064 4290 possessio-

488 4304 585 4359 nes
596 4289 903 4359 relinquere
924 4291 1113 4344 nolunt
1136 4330 1149 4351 ,
1174 4289 1279 4345 cur
1294 4298 1510 4359 peccata
1535 4289 1714 4359 populi
1733 4289 2015 4345 cemedunt
2040 4295 2063 4347 ?

488 4358 545 4412 Si
573 4358 808 4414 decimas
834 4375 955 4415 cum
988 4360 1108 4414 liliis
1131 4359 1255 4414 Levi
1282 4358 1582 4428 accipiunt,
1612 4358 1880 4428 quomodo
1926 4362 2064 4417 inter

487 4440 710 4502 exegeras
737 4431 903 4485 tribus
924 4438 1126 4502 partem
1157 4429 1453 4502 accipient?
1482 4429 1538 4484 Si
1578 4430 1808 4502 nominis
1833 4431 1915 4502 sui
1943 4440 2062 4502 ety-

487 4499 770 4571 mologiam
818 4498 1128 4565 attendunt,
1159 4516 1255 4555 cur
1276 4498 1705 4571 ’clericia‘sorte
1730 4499 1858 4556 dicti
1901 4498 2060 4571 sunt,

486 4570 588 4641 nisi
615 4569 733 4641 quia
765 4571 1015 4626 Dominus
1044 4586 1227 4628 eorum
1248 4585 1366 4627 sors
1388 4570 1487 4641 ,vel
1514 4569 1796 4626 literedilas
1814 4571 1923 4626 sit?

556 4640 782 4698 CAPUT
820 4641 905 4696 Ill.
947 4643 1050 4698 Cur
1069 4642 1335 4696 radantur.
1368 4640 1647 4712 Sapientia:
1672 4641 1812 4697 sedes
1846 4644 1898 4697 in
1923 4658 2062 4697 cere-

487 4709 596 4766 bro.
650 4712 762 4767 Cur
787 4713 979 4770 saltem
1004 4714 1281 4769 clericatus
1309 4712 1388 4767 sui
1419 4709 1569 4781 signa
1589 4754 1604 4778 ,
1636 4712 1828 4781 quibus
1856 4727 1886 4767 a
1915 4713 2061 4769 laicis

485 4783 887 4849 discernuntur,
912 4799 1015 4838 non
1048 4781 1413 4852 perpendam?
1451 4782 1565 4837 Non
1594 4783 1736 4837 enim
1766 4782 1883 4838 sine
1903 4798 2062 4839 causa

484 4852 655 4921 capita
707 4867 891 4907 eorum
931 4854 1187 4909 raduntur
1228 4862 1282 4907 ct
1327 4852 1647 4923 tondentur,
1668 4852 1762 4908 sed
1793 4853 2062 4923 perspica-

483 4923 696 4982 cissima
724 4934 777 4978 et
800 4924 1190 4980 evidentissima
1214 4923 1438 4978 ratione.
1470 4922 1602 4977 Nam
1638 4922 1720 4977 his
1757 4923 1922 4992 signis
1973 4939 2063 4979 se-

482 5003 773 5048 cernuntur
800 5011 829 5047 ιι
872 4995 1120 5051 laicorum
1150 4994 1571 5048 conversatione.
1602 4992 1756 5060 Quod
1801 5003 1857 5048 ut
1882 4993 2063 5050 multis

483 5063 593 5134 Deo
624 5066 941 5134 pr0pitiante
965 5065 1205 5134 proliciat
1227 5105 1242 5128 ,
1264 5063 1619 5134 admonitioni
1641 5063 1931 5119 utilissimae
1959 5062 2062 5119 du-

480 5133 656 5189 ximus
676 5133 933 5190 inserere.
963 5133 1251 5189 Didicimus
1278 5134 1564 5189 multorum
1593 5133 1806 5189 Patrum
1831 5135 2062 5189 auctori-

485 5212 591 5258 tate
609 5244 623 5262 .
642 5206 917 5260 cerebrmn
946 5220 1067 5260 esse
1090 5204 1272 5259 sedem
1291 5205 1593 5273 sapientiae;
1613 5203 1882 5261 Christum
1902 5221 2051 5270 vero,

481 5273 647 5345 Paulo
691 5285 1004 5341 attestante,
1038 5275 1128 5331 Dei
1179 5274 1447 5345 Virtutem,
1480 5283 1533 5329 et
1579 5274 1901 5345 Sapientiam
1942 5290 2061 5330 esse

482 5342 526 5413 (1
549 5344 666 5399 Cor.
699 5364 735 5409 ι,
765 5347 878 5415 24).
924 5344 1060 5417 Cum
1096 5347 1273 5417 itaque
1315 5344 1590 5401 cerebrum
1634 5342 1703 5400 sit
1753 5347 1804 5400 in
1847 5346 2056 5417 capite,

482 5417 738 5487 sapientia
765 5412 892 5473 vero
913 5416 1063 5487 juxta
1090 5412 1304 5471 Pati-um
1332 5417 1699 5472 auctoritatem
1744 5417 1800 5487 in
1838 5412 2062 5487 cerebro

481 5483 674 5541 habeat
727 5483 943 5553 sedem,
969 5496 1026 5544 et
1066 5488 1145 5541 sic
1186 5502 1283 5558 per
1332 5487 1643 5558 sapientiam
1690 5486 1791 5541 sibi
1836 5486 2060 5558 infusam

478 5568 668 5612 cuncta
700 5558 938 5629 membra
968 5556 1262 5628 regantura
1287 5558 1480 5628 capite,
1496 5557 1637 5626 quod
1661 5572 1760 5629 per
1783 5556 2061 5615 cerebrum

479 5635 562 5683 est
586 5668 602 5695 ,
628 5628 768 5698 quod
793 5638 875 5685 est
899 5629 1055 5687 sedes
1079 5629 1389 5702 sapientiae:
1419 5629 1497 5686 sic
1518 5628 1775 5687 inter’nos
1799 5637 1855 5687 et
1881 5642 2061 5687 veram

542 5762 564 5799 ι
596 5760 785 5815 Addunt
814 5770 940 5828 llas,
960 5762 1266 5819 adolericos.

2210 720 2552 805 sapientiam,
2578 741 2697 805 quae
2721 768 2734 791 ,
2765 736 2822 782 ut
2848 727 3103 795 diximus,
3127 729 3370 805 Christus
3387 741 3490 805 est,
3516 737 3605 805 qui
3633 736 3805 805 etiam

2202 793 2353 876 juuta
2386 793 2881 876 Apostolumcaput
2910 793 3148 876 nostrum
3174 812 3254 876 est
3287 801 3444 876 (dixit
3478 793 3621 860 eiiim
3648 849 3663 869 .
3696 804 3808 863 Ca-

2207 869 2299 941 put
2319 864 2546 921 mulieris
2568 877 2641 920 est
2659 869 2736 941 vir
2751 911 2765 931 ,
2789 864 3074 941 cqputvero
3093 872 3185 926 viri
3204 882 3277 927 est
3294 864 3545 930 ‘Christus
3561 918 3577 941 ,
3605 864 3808 933 Christi

2204 940 2371 1014 aulem
2396 947 2547 1014 caput
2570 948 2643 993 est
2667 940 2814 1014 Deus
2838 939 2857 1012 [
2880 941 2898 995 Ι
2924 940 3044 998 Cor.
3068 959 3141 1004 ιι.
3170 942 3241 1014 ὅ]
3261 941 3280 1014 )
3304 959 3319 996 :
3347 954 3402 999 ut
3445 939 3805 1005 ostendamus

2205 1001 2407 1090 pullum
2439 1001 2773 1090 obstaculum
2802 1001 3081 1090 interesse,
3103 1001 3249 1090 pilos
3265 1001 3322 1090 in
3339 1029 3403 1090 ea
3423 1001 3574 1090 parte
3598 1001 3804 1090 capitis

2203 1079 2505 1157 incidimus,
2524 1083 2577 1137 in
2606 1099 2708 1157 qua
2737 1096 2928 1138 novam
2957 1079 3292 1157 sapientiam,
3311 1084 3360 1140 id
3388 1079 3472 1142 est
3495 1079 3797 1157 Christum,

2201 1149 2378 1207 inesse
2411 1149 2816 1222 cognoscimus:
2850 1169 2948 1225 per
2974 1149 3077 1209 hoc
3110 1154 3398 1225 signantes,
3446 1158 3640 1213 malam
3671 1149 3799 1215 ter;

2200 1236 2449 1278 renarum
2496 1240 2673 1279 rerum
2714 1224 3122 1280 sollicitudinem
3153 1224 3348 1281 nostra:
3378 1229 3573 1284 mentis
3599 1231 3797 1287 oculos

2198 1292 2264 1346 ad
2307 1293 2469 1367 Deum
2528 1295 2991 1367 contemplandum
3040 1295 3314 1365 impedire.
3374 1295 3585 1355 Scimus
3636 1302 3797 1357 enim

2196 1363 2339 1436 quod
2379 1365 2602 1436 quisque
2629 1363 2827 1435 quanto
2874 1367 3039 1436 magis
3076 1363 3305 1436 terrenis
3344 1370 3802 1436 occupationibus

2197 1433 2536 1504 implicatur,
2569 1433 2716 1491 tanto
2743 1436 2910 1504 magis
2933 1433 2979 1490 a'
2992 1436 3074 1490 sui
3101 1435 3405 1492 Conditoris
3442 1433 3646 1496 visione
3672 1443 3799 1497 im-

2194 1505 2433 1579 peditur.
2458 1507 2609 1562 Uude
2636 1507 2922 1579 Apostolus
2947 1524 2987 1579 :_
2988 1505 3042 1560 Ν
3046 1523 3154 1561 emo
3174 1507 3398 1579 militans
3422 1508 3529 1564 Deo
3549 1511 3795 1579 implicat

2190 1589 2246 1629 se
2270 1578 2480 1646 negotiis
2497 1578 2856 1647 siccularibus(
2879 1577 2918 1631 il
2946 1576 3075 1648 Tim.
3114 1593 3178 1648 ιι,
3199 1576 3277 1648 4).
3327 1577 3456 1635 Item
3486 1597 3499 1632 :
3533 1576 3634 1648 Qui
3669 1585 3796 1639 sine

2191 1660 2349 1721 uxore
2370 1657 2441 1702 est
2461 1689 2477 1721 ,
2500 1650 2688 1721 cogitat
2707 1664 2818 1717 qua:
2862 1658 2978 1721 sunt
3001 1647 3095 1721 Dei
3115 1647 3133 1716 (
3157 1647 3181 1702 Ι
3205 1647 3323 1721 Cor.
3354 1664 3447 1712 vn,
3462 1650 3542 1721 Δ52
3556 1647 3599 1721 ).
3641 1652 3793 1711 Hinc

2189 1713 2395 1793 yoyses
2420 1720 2542 1793 _ait_:
2561 1713 2757 1772 'Levitie
2783 1719 2966 1793 radunt
2988 1713 3307 1793 pilos'carnis
3330 1736 3433 1793 sum
3450 1713 3634 1793 (Num.
3653 1739 3783 1788 Vin,

2190 1785 2285 1867 .7).
2308 1786 2885 1867 Devitalinlerpretatur
2910 1785 3513 1867 Assumptus:_Quisquis
3541 1785 3786 1867 namque.

2187 1857 2240 1910 in
2271 1857 2460 1912 ofﬁciis
2477 1859 2670 1914 divinis
2698 1867 3002 1927 assumptus
3029 1858 3156 1925 'est,
3189 1859 3324 1927 pilos
3364 1857 3539 1918 carnis
3557 1905 3572 1928 ,
3600 1863 3651 1918 id
3682 1857 3786 1921 est

2186 1928 2483 2004 superﬂuas
2502 1929 2847 2004 cogitationes
2873 1929 3089 2004 cordis,
3126 1929 3331 2004 _radere
3376 1931 3553 1988 debet.
3598 1934 3783 2004 Caput

2185 1997 2344 2067 igitur
2382 1997 2601 2064 radere,
2633 1997 2892 2070 signiﬁcat
2927 1999 3275 2070 cogitationes
3314 2009 3551 2058 terrenas
3578 2014 3631 2058 et
3670 1997 3775 2060 su-

2183 2070 2413 2143 perfluas
2441 2086 2472 2125 a
2516 2068 2701 2143 mente
2723 2068 3136 2143 resecare.'_Nec
3179 2070 3471 2141 incongrue
3509 2089 3603 2143 per
3628 2076 3775 2143 pilus

2182 2149 2236 2195 et
2264 2142 2486 2211 capillos
2505 2141 2869 2211 signiﬁcantur
2902 2140 3252 2211 cogitationes
3286 2140 3592 2211 superﬂuae.
3616 2140 3772 2204 Sicut

2181 2212 2322 2286 enim
2350 2216 2439 2283 pili
2469 2228 2573 2286 non
2602 2221 2725 2267 sunt
2748 2224 2870 2279 pars
2890 2211 3146 2286 Corporis.
3181 2211 3275 2267 sed
3303 2212 3545 2286 quandam
3574 2230 3767 2286 super-

2180 2281 2363 2338 ﬂuitas
2385 2285 2675 2355 procedens
2711 2297 2775 2337 ex
2800 2283 3040 2353 corporis
3061 2281 3288 2355 humore
3319 2281 3333 2336 Ξ
3361 2284 3438 2338 sic
3462 2284 3598 2340 bona
3629 2281 3769 2350 teni-

2179 2352 2512 2426 poralia'non
2539 2364 2662 2411 sunt
2691 2355 2845 2426 nobis
2870 2352 3151 2426 naturalia,
3170 2354 3456 2426 sedaliena
3487 2365 3544 2411 et
3567 2372 3762 2426 supcr-

2178 2421 2303 2480 llua.
2356 2426 2490 2480 Hine
2518 2427 2694 2495 itaque
2721 2423 2906 2479 ﬁdeles
2934 2421 3162 2495 Christi,
3193 2425 3283 2493 qui
3311 2425 3377 2495 ad
3400 2421 3651 2482 aeternam
3678 2431 3760 2482 vi-

2178 2504 2285 2549 tam
2333 2493 2634 2552 medullitus
2685 2494 2983 2564 suSpirant,
3038 2493 3124 2562 qui
3169 2493 3423 2548 mundum
3477 2513 3597 2550 cum
3647 2501 3758 2553 suis

2175 2566 2620 2623 oblectationibus
2661 2566 2760 2621 sub
2794 2565 3016 2635 pedibus
3043 2564 3386 2631 conculcant,
3414 2566 3502 2634 qui
3532 2567 3584 2621 in
3617 2578 3757 2629 terra

2175 2637 2307 2691 nihil
2330 2638 2601 2707 possidere
2621 2637 2837 2699 volunt,
2855 2635 2950 2690 sed
2975 2650 3095 2707 cum
3110 2635 3152 2707 Α
3164 2635 3370 2707 postolo
3397 2635 3579 2707 dicunt
3602 2679 3617 2702 ,
3651 2638 3758 2693 Νο-

2174 2715 2278 2783 stra
2303 2703 2611 2783 conversatio
2645 2708 2699 2761 in
2727 2707 2864 2783 caelis
2889 2714 2962 2783 est
3003 2705 3021 2776 (
3048 2703 3278 2783 Philipp.
3308 2722 3383 2783 ut,
3415 2706 3485 2760 20
3507 2706 3525 2778 )
3548 2749 3561 2769 ,
3593 2710 3755 2778 capil-

2174 2776 2347 2833 lorum
2377 2779 2647 2833 minimam
2677 2775 2881 2849 partem
2911 2777 2962 2849 iu
2993 2775 3256 2849 capitibus
3285 2775 3549 2844 retinent,
3581 2787 3634 2831 ut
3659 2775 3756 2846 per

2173 2862 2356 2904 eorum
2408 2846 2745 2904 abrasionem
2800 2862 2858 2902 se
2892 2846 3161 2900 minimam
3193 2854 3527 2902 terrenarum
3556 2850 3760 2905 solliei-

2174 2920 2407 2976 tudinem
2448 2919 2645 2975 habere
2685 2918 2984 2988 designent.
3030 2916 3364 2986 Quapropter
3401 2919 3559 2972 etiam
3609 2920 3751 2975 illam

2173 2991 2447 3046 minimam
2474 2991 2782 3060 particulam
2810 2987 3124 3058 capillorum
3171 2987 3438 3060 retinent,
3470 2989 3594 3059 quia
3622 2990 3751 3046 dum

2171 3061 2225 3116 in
2250 3064 2350 3119 hoc
2379 3057 2576 3118 mundo
2612 3072 2759 3122 sunt,
2789 3075 2820 3114 a
2848 3060 3070 3114 terrenis
3094 3057 3499 3127 cogitationibus
3533 3060 3751 3116 omnino

2171 3135 2323 3188 vacui
2353 3149 2472 3189 esse
2506 3149 2609 3187 non
2651 3139 2891 3203 possunt.
2934 3128 3181 3203 Quisquis
3221 3129 3378 3200 igitur
3398 3129 3639 3203 _clericus
3679 3132 3751 3203 ad

2171 3214 2370 3259 sortem
2403 3203 2612 3258 Domini
2645 3199 2863 3257 iocatus
2883 3242 2896 3265 ,
2927 3201 3013 3272 qui
3042 3214 3250 3272 comam
3273 3199 3471 3272 nutrit,
3503 3208 3558 3255 ct
3584 3202 3753 3272 capil-

2172 3274 2253 3329 los
2278 3275 2469 3331 radere
2493 3275 2577 3329 vel
2612 3273 2835 3328 tondere
2869 3270 3166 3333 erubescit,
3197 3269 3435 3339 profecto
3457 3285 3518 3325 se
3547 3269 3751 3328 non—dc

2172 3346 2297 3413 Dei,
2325 3346 2417 3402 sed
2445 3345 2510 3400 de
2535 3343 2715 3399 mundi
2742 3351 3043 3413 sortedcsse
3085 3348 3326 3413 testatur.
3357 3339 3566 3413 Quanto
3604 3343 3746 3397 enim

2171 3409 2394 3487 quisque
2430 3416 2605 3471 carnis
2646 3414 2825 3469 crines
2852 3410 3054 3487 diligit,
3084 3409 3330 3487 fovet._et
3368 3411 3533 3466 inurit
3554 3453 3568 3476 ,
3602 3422 3747 3467 tanto

2169 3480 2262 3542 cor
2284 3480 2436 3542 suum
2465 3501 2570 3541 non
2597 3487 2649 3541 in
2680 3487 2847 3549 caelis,
2870 3480 2963 3538 sed
2997 3484 3046 3537 iu
3070 3494 3209 3536 terra
3238 3481 3396 3535 ﬁxum
3419 3495 3542 3538 esse
3570 3493 3749 3538 osten-

2168 3557 2246 3613 dit
2273 3574 2286 3611 :
2315 3566 2513 3628 quanto
2537 3556 2880 3628 autemradit
2907 3563 2960 3608 et
2986 3557 3230 3628 edomat,
3260 3560 3405 3607 L'tnto
3436 3568 3497 3608 se
3516 3569 3618 3609 non
3642 3563 3749 3610 ter-

2169 3642 2295 3698 rena
2316 3624 2346 3694 ,⁷
2362 3629 2455 3683 sed
2483 3637 2680 3698 aeterna
2707 3626 2928 3698 diligere
2955 3624 3281 3698 comprobat.

2239 3696 2467 3776 CAPU'I:
2486 3697 2575 3752 IV.
2596 3695 2679 3751 Ne
2698 3694 2828 3776 inter
2848 3696 3095 3776 orandum
3122 3694 3287 3776 cupita
3309 3700 3496 3776 tegant.
3596 3710 3739 3762 vero,

2169 3778 2226 3826 ut
2251 3770 2612 3839 praediximus,
2641 3766 2818 3822 crines
2856 3767 3059 3839 idcirco
3081 3764 3336 3829 radimus,
3373 3773 3435 3839 ut_
3460 3765 3595 3820 inter
3645 3781 3744 3821 nos

2167 3850 2222 3896 et
2250 3834 2412 3895 Deum
2441 3840 2572 3895 nihil
2601 3839 2855 3893 interesse
2880 3836 3234 3908 approbemus
3268 3834 3559 3908 {profecto
3577 3844 3738 3908 patet,

2168 3911 2307 3981 quod
2350 3926 2471 3966 cum
2502 3911 2553 3965 in
2598 3908 2837 3965 oratione
2879 3905 3231 3981 persistimus,
3253 3905 3425 3960 aliena
3480 3905 3737 3981 velamina

2168 3976 2427 4050 capitibus
2478 3981 2672 4036 nostris
2700 3976 2968 4050 apponere
2994 3992 3121 4050 non
3140 3976 3415 4040 debemus,
3442 3977 3737 4050 praesertim

2168 4046 2285 4107 cuin
2303 4046 2783 4122 Apostolusidicat,
2800 4049 2888 4122 Vir
2915 4066 3017 4122 uon
3042 4047 3194 4122 debct_
3207 4062 3353 4122 orar_e
3375 4046 3534 4101 velato
3554 4047 3733 4122 capite,

2167 4116 2366 4193 imago'
2390 4124 2521 4176 enim
2566 4121 2660 4193 Dei
2699 4131 2773 4193 est
2818 4118 3020 4193 (lCor.
3059 4116 3523 4193 xi,_7).___Cessent
3565 4118 3738 4186 itaque

2168 4186 2345 4247 clerici
2376 4192 2683 4261 psalmodia:
2702 4186 3017 4263 hymnisque
3037 4186 3399 4263 spiritualibus
3415 4186 3735 4263 insisteules,

2168 4257 2433 4332 capillos,
2485 4264 2688 4327 mitras,
2740 4257 3041 4332 ca-teraque
3084 4257 3439 4332 velamina_in
3483 4257 3738 4332 capitibus

2168 4326 2380 4410 portare
2412 4326 2518 4410 ine
2544 4326 2681 4387 dum
2711 4347 2833 4410 cum
2871 4326 3314 4410 Deonloquimur,
3348 4326 3633 4408 famulatus
3642 4326 3736 4410 sui

2167 4397 2315 4473 signa
2367 4406 2713 4467 occultantes,
2764 4402 2879 4471 ejus
2923 4397 3121 4473 indigni
3150 4397 3449 4473 iudicemur
3487 4397 3738 4473 propilia-

2169 4467 2333 4548 tione,
2359 4475 2513 4548 cujus
2540 4473 2737 4548 salubri
2768 4467 3418 4548 d'octriuge'praisumimus
3468 4481 3571 4548 non
3602 4467 3734 4548 ohe:

2166 4535 2446 4617 direfQui
2494 4545 2636 4617 enim
2705 4558 2810 4617 non
2853 4535 3378 4617 obedit'Apostolo,
3420 4535 3733 4617 contradicit

2167 4605 2474 4686 EvangElio.
2505 4616 2570 4670 Et
2587 4615 2737 4686 juxta
2765 4612 3002 4686 ejusdem
3031 4605 3257 4686 aposioli
3287 4605 3730 4686 vocemdiceutis,

2166 4686 2244 4740 An
2265 4675 2488 4756 quvteritis
2508 4675 2897 4756 experimenlum
2918 4682 3030 4756 eius
3043 4675 3144 4756 qui
3166 4681 3219 4756 in
3244 4696 3321 4734 me
3348 4678 3563 4756 loquitur
3583 4675 3734 4756 Chri-

2166 4747 2361 4825 stus'(l|
2382 4759 2497 4810 Cor.
2522 4747 2721 4825 minii)?
2745 4754 2895 4818 Item,
2929 4747 2990 4806 Si
3019 4747 3249 4825 Angelus
3263 4747 3449 4825 uenerit
3474 4747 3537 4825 de
3571 4749 3733 4825 calo,

2166 4838 2213 4881 et
2254 4819 2396 4881 aliud
2442 4819 2769 4893 Evangelium
2826 4819 3126 4876 nuntiaverit
3168 4821 3324 4885 vobis,
3360 4820 3647 4893 anathema
3674 4819 3738 4893 sit

2167 4896 2361 4969 (Colat.
2390 4912 2428 4962 ι,
2459 4895 2539 4969 8).
2564 4888 2899 4969 Exstirpetur
2938 4908 3064 4969 ergo
3092 4893 3306 4969 perlitus
3341 4889 3408 4947 de
3431 4889 3579 4969 clero
3619 4888 3738 4969 talis

2166 4959 2529 5038 przcsumptio,
2582 4980 2671 5033 ne,
2723 4959 2864 5035 quod
2905 4959 3064 5030 absit,
3093 4959 3128 5017 a
3152 4961 3267 5019 Deo
3302 4961 3599 5033 expellatur
3626 4959 3741 5030 ejus

2165 5040 2355 5094 oratio.

2235 5108 2464 5165 CAPUT
2491 5106 2557 5163 ν.
2584 5106 2835 5161 Mundam
2857 5114 2903 5160 et
2930 5104 3186 5159 mundana
3213 5110 3554 5158 contemnant.
3582 5100 3736 5156 Mun-

2166 5179 2220 5233 di
2248 5197 2409 5247 arma,
2430 5180 2619 5251 prazdia
2649 5186 2862 5251 terrena.
2880 5176 3003 5251 _His_
3028 5175 3190 5251 igitur
3214 5173 3380 5251 signis
3403 5172 3739 5251 clericalibus

2165 5242 2475 5322 praelibatis,
2501 5250 2692 5322 quibus
2719 5263 2748 5302 a
2777 5242 3198 5322 laicis_diséerni_
3216 5242 3505 5322 debemus,
3518 5242 3585 5297 ad
3620 5256 3740 5311 pro-

2169 5313 2391 5391 positam
2407 5313 2820 5376 admonitionem
2851 5318 3151 5391 redieamus‘.
3173 5314 3396 5370 Audiam
3404 5330 3465 5391 u_s
3477 5313 3505 5370 J
3511 5326 3737 5369 oannem

2166 5385 2463 5462 apostolum
2505 5391 2790 5452 dicentem.
2842 5388 3018 5462 Nolite
3055 5387 3274 5462 diligere
3291 5385 3561 5462 mundum,
3586 5397 3741 5462 neque

2167 5454 2226 5515 ea
2267 5478 2379 5535 quis
2418 5462 2475 5516 in
2513 5461 2838 5535 mundosunt
2859 5459 2906 5527 (Ι
2934 5458 3090 5535 Joan.
3120 5454 3178 5522 ιῐ,
3212 5454 3329 5526 l5).
3360 5455 3650 5535 Audiumns
3683 5460 3740 5533 et

2168 5523 2499 5591 Psalmistam
2529 5530 2713 5597 mundi
2743 5523 3008 5585 amatores
3027 5523 3412 5597 increpantem,
3427 5523 3554 5579 Filii
3566 5523 3739 5597 nomi-

2167 5620 2306 5667 num,
2330 5602 2505 5675 utquid
2533 5593 2745 5675 diligitis
2777 5601 3063 5661 vanitatem.
3094 5608 3144 5653 et
3174 5593 3405 5675 auaritiu

2198 5665 2343 5754 p.41.
2381 5665 2456 5741 iv,
2479 5675 2587 5754 3)?
2610 5665 2861 5732 Salomon
2899 5684 3111 5754 quoque
3154 5665 3738 5754 sutisthuitiuuulipulg‘f2

2223 5748 2387 5802 auitas
2406 5733 2700 5815 vapulatum,
2728 5754 2774 5802 et
2794 5733 2964 5800 omnia
2983 5733 3177 5799 vduitas
3195 5733 3391 5813 (Ecclc.
3415 5753 3454 5811 ι,
3476 5734 3557 5810 2).
3587 5733 3742 5793 Libet
