4120 6196
543 192 686 293 iis;

1987 215 2353 277 APPENDIX.
2856 218 2882 243 ³

3732 218 3941 280 ιω

543 344 777 420 elegisti.
818 343 901 401 Ali
941 342 1025 399 uis
1061 340 1250 398 doctus
1285 334 1405 393 est?
1430 335 1499 391 Et
1534 334 1679 390 vadit
1711 333 1778 390 ad
1819 332 2128 416 peritiorem
2230 334 2501 417 intramus,
2525 335 2798 406 erigimur.
2823 330 3133 393 Orationem
3156 334 3382 392 facimus
3413 349 3512 407 pro
3537 338 3867 408 peccatis
3902 358 3923 394 :

545 358 1026 469 mauistrttm.1loc
1071 420 1241 467 totum
1271 422 1438 469 quare
1472 406 1630 461 dico?
1673 404 1744 461 Ut
1771 404 2127 461 obedientiam
2235 414 2291 462 et
2314 422 2370 461 tn
2394 407 2694 469 superbiam
2718 408 2992 469 erigimur.
3017 406 3224 469 Aliquis
3259 406 3465 469 ieiunat
3501 423 3610 469 pro
3648 423 3923 469 ma.

545 404 880 489 magistrum.
913 404 1026 469 iloc
1071 420 1241 467 totum
1271 422 1438 489 quare
1463 406 1630 489 dico?
1771 404 2127 489 obedientiam

546 474 897 545 exliibeamus
923 489 975 538 in
1001 492 1178 552 patres
1202 474 1433 552 nostros:
1454 477 1559 552 Qui
1586 477 1825 552 patribus
1850 489 1955 552 non
1982 474 2131 552 obse:

546 543 751 629 quitur,
781 543 1021 629 Deonou
1046 551 1376 629 obsequitur_.
1404 543 1541 629 Dicit
1566 543 2006 629 enimﬂumiuus,
2031 543 2132 610 Qui

549 616 635 685 ὕοι
663 616 948 688 contemnit,
995 639 1075 677 me
1114 616 1384 675 contemnit
1413 617 1561 687 (Luc.
1593 634 1665 684 χ,
1709 617 1820 687 16).
1861 616 1961 684 Qui
2005 630 2133 684 ergo

551 697 844 755 contemnit
872 687 1186 762 Aposmlos,
1216 689 1511 762 contemnit
1532 687 1798 762 Christum
1816 705 1843 762 _:
1872 687 1958 756 qui
2001 701 2131 762 con-

552 767 742 824 temnit
784 756 961 836 patres
1029 756 1322 836 contemnit
1360 760 1629 836 Christum
1677 759 1766 829 qui
1815 759 1865 812 in
1898 756 2135 836 patrihus

551 848 653 893 est.
697 828 808 890 Hoc
849 834 998 895 dico,
1027 834 1148 903 quia
1181 832 1267 886 hic
1302 832 1355 885 in
1400 828 1787 903 nobisusumma
1828 838 1882 883 et
1913 828 2024 903 sola
2053 835 2134 882 est

550 910 717 963 virtus
749 896 1085 961 obetlientia'v.
1117 904 1172 959 Si
1194 902 1518 973 jejuuaveris
1541 900 1732 973 diebus
1768 914 1830 973 ae
1860 896 2132 973 uoctibus,

551 979 953 1044 orationemque
983 969 1210 1039 feceris,'
1227 969 1272 1028 si
1304 974 1354 1026 in
1382 986 1537 1044 sacco
1562 970 1724 1025 fueris
1748 971 1829 1025 vel
1858 969 1909 1023 in
1932 969 2132 1033 cinere,

551 1051 596 1105 si
625 1046 769 1104 aliud
802 1042 927 1102 nihil
960 1044 1168 1108 feceris,
1197 1044 1295 1098 nisi
1317 1042 1684 1113 quodcumque
1714 1047 2035 1113 praeceptum
2057 1046 2138 1093 est

553 1120 606 1176 in
656 1121 805 1187 lege,
860 1126 913 1187 et
956 1115 1050 1169 tibi
1076 1116 1091 1147 ³
1124 1113 1288 1169 fueris
1316 1109 1465 1187 quasi
1506 1109 1753 1187 sapiens,
1792 1109 2137 1187 eiiibediens

555 1189 693 1260 patri
708 1179 839 1260 "non
882 1186 1046 1260 fueris
1069 1226 1084 1250 ,
1104 1199 1304 1260 omnes
1336 1179 1584 1237 virtutes
1604 1180 1983 1260 disperdidisti.
2026 1179 2138 1260 Una

557 1249 857 1316 bbedicutia
887 1258 1006 1327 plus
1034 1249 1193 1327 valet,
1222 1269 1378 1327 quam
1409 1266 1597 1327 omnes
1628 1252 1850 1305 virtutes
1878 1251 2013 1327 alia}.
2044 1249 2139 1327 Je-

554 1332 765 1402 junium
798 1321 1257 1402 t-cl'continentia,
1283 1324 1474 1402 nis_i_te
1502 1321 1781 1402 diligenter
1801 1321 2136 1402 attenderis,

557 1390 857 1470 superbiam
887 1396 1134 1470 _tibi_facit
1158 1414 1170 1449 :
1195 1394 1442 1470 superbia
1468 1390 1643 1470 autem
1664 1391 1880 1470 inimiga
1899 1401 1982 1470 est
2008 1390 2137 1445 Deo.

558 1461 702 1527 Nihil
727 1470 804 1527 sic
831 1467 945 1524 odit
975 1468 1134 1532 Deus,
1168 1461 1435 1535 quomodo
1464 1461 2143 1535 superbiam._Quicumq_ue

558 1557 666 1598 non
697 1538 898 1605 obedit,
929 1553 1035 1592 non
1077 1530 1200 1591 facit
1225 1535 1292 1589 de
1316 1530 1615 1605 sanctitate,
1647 1531 1741 1587 sed
1769 1530 1837 1586 de
1870 1530 2138 1605 superbia2

562 1613 689 1668 Ideo
714 1612 856 1666 enim
884 1602 990 1663 non
1015 1607 1214 1674 obedit,
1238 1606 1358 1676 quia
1386 1604 1660 1659 meliorem
1679 1617 1737 1658 se
1764 1610 1911 1673 putat
1940 1602 2031 1657 illo
2057 1602 2143 1657 cui

564 1699 670 1738 non
702 1681 900 1735 obedit.

635 1752 859 1807 CAPUT
889 1748 950 1802 ll.
995 1746 1246 1817 Superbia
1290 1754 1546 1815 peccatum
1590 1744 1811 1817 omnium
1853 1742 2139 1817 pessimum.

560 1822 685 1879 Cum
714 1821 945 1892 superbia
972 1813 1347 1892 virtutis‘potest
1372 1833 1479 1870 esse
1508 1815 1718 1892 species,
1754 1830 1862 1892 n_on_
1880 1813 2145 1892 resLSim-

566 1883 919 1967 pliciter'dico
950 1889 1099 1967 vobis
1123 1883 1347 1967 {Omnia
1376 1883 1589 1967 peccata
1607 1884 1751 1967 edit)
1776 1883 1936 1965 habet
1968 1884 2103 1967 Deus
2125 1925 2139 1948 ,

567 1954 926 2024 inendacium,
961 1959 1269 2029 perjurium,
1304 1954 1518 2029 furtum,
1551 1955 1904 2029 latrocinium,
1932 1954 2142 2029 adulte-

567 2036 743 2098 rium,
774 2025 1176 2087 fornicationem
1197 2069 1212 2091 ,
1247 2031 1297 2082 in
1325 2028 1514 2098 quibus
1552 2026 1596 2080 si
1638 2026 1761 2098 quis
1780 2025 2145 2098 deprehensus

567 2095 777 2167 fuisset,
809 2119 912 2157 non
939 2109 1118 2170 posset
1142 2098 1325 2153 oculos
1351 2097 1528 2170 levare
1546 2138 1561 2162 ,
1590 2096 1683 2150 sed
1721 2095 1799 2170 sic
1827 2111 1948 2148 eum
1976 2095 2142 2170 habe-

560 2190 747 2231 remus
765 2164 921 2243 quasi
941 2164 1322 2243 exsecrabilem
1341 2185 1352 2220 :
1373 2169 1416 2221 si
1437 2167 1555 2243 quis
1576 2165 1833 2243 superbus
1852 2175 1953 2229 cst,
1978 2164 2146 2243 multo

562 2245 717 2315 pejus
746 2236 1019 2312 peccatum
1046 2240 1168 2315 fuci‘t
1189 2254 1351 2315 quam
1390 2236 1709 2291 adulterium
1731 2246 1832 2315 ;_.et
1860 2244 2036 2315 iamen
2065 2236 2145 2291 lo-

603 2304 774 2369 uimur
793 2329 913 2368 cum
940 2326 1025 2366 eo.
1056 2310 1156 2375 Qui
1182 2304 1491 2371 fornicatur,
1518 2316 1691 2377 potest
1714 2304 2141 2377 aliquiddiccre:

602 2385 708 2440 r'ieit
739 2399 824 2439 me
853 2399 978 2439 caro
1010 2396 1125 2435 mea
1148 2422 1163 2447 ,
1195 2380 1467 2450 superavit
1495 2375 1580 2432 me
1612 2375 1966 2450 adolescentia
2006 2390 2143 2450 mea.

567 2454 683 2511 Non
730 2454 850 2509 dico
909 2451 1048 2522 quod
1097 2444 1277 2522 facere
1317 2448 1598 2522 debeas",
1641 2446 1904 2522 siquidem
1947 2454 2002 2500 et
2030 2444 2148 2522 hoc

565 2527 689 2581 odio
716 2524 875 2579 habet
897 2514 1036 2579 ficus
1059 2538 1072 2574 :
1096 2521 1189 2575 sed
1219 2521 1269 2574 in
1293 2519 1690 2587 comparatione
1707 2514 1833 2570 inali
1856 2517 1997 2587 dico,
2022 2514 2149 2583 Qui-

564 2610 793 2664 cumque
819 2594 958 2650 aliud
980 2600 1256 2663 peccatum
1277 2586 1857 2664 iecerit,_vcrbi_causa,
1881 2588 1924 2640 si
1948 2586 2146 2664 furtum

564 2656 765 2730 fecerit,
783 2656 1036 2721 excusare
1054 2669 1246 2732 potest.
1266 2659 1558 2732 Quidenim
1571 2658 1719 2732 dicit,
1736 2658 2018 2732 Propterea
2041 2656 2151 2711 fur-

569 2746 680 2792 tum
702 2728 821 2798 fcci,
842 2737 963 2804 quia
994 2728 1234 2804 egebant,
1249 2731 1371 2804 quia
1386 2728 1525 2784 fame
1537 2729 1824 2804 moriebur,
1843 2728 1963 2798 quia
1976 2742 2147 2804 (egro-

565 2808 766 2863 tabam.
799 2796 1071 2876 Su'perbu's
1087 2801 1225 2876 quid
1252 2796 1470 2876 _dicere_
1499 2796 1874 2876 potest?_ldeo'
1901 2796 2147 2876 superbia

566 2877 689 2934 vide
713 2868 968 2939 quanth
995 2868 1192 2927 malum
1222 2870 1309 2933 sit,
1333 2870 1472 2939 quod
1496 2868 1889 2939 excusationem
1917 2884 2019 2922 non
2053 2868 2150 2922 ha-

567 2948 679 3004 bet.
711 2938 915 3001 thera
946 2944 1069 2998 vitia
1096 2944 1175 2997 eis
1196 2938 1408 3005 nocent,
1440 2940 1528 3010 qui
1556 2954 1618 2993 ea
1646 2938 1987 3010 committunt
2011 2953 2151 3010 tea:-

576 3027 752 3073 terum
783 3014 1031 3085 superbia
1063 3013 1180 3083 plus
1205 3009 1652 3085 omnibus'nocet.
1686 3009 1799 3064 Hoc
1842 3009 2148 3085 ergudico,

567 3104 638 3144 ne
699 3078 941 3157 cogitetis
968 3078 1257 3157 peccatum
1301 3080 1569 3157 modicum
1616 3094 1752 3157 esse.
1781 3078 2147 3157 superbiam}.

568 3150 926 3229 Nempe'quid
951 3150 1424 3229 dicit‘Apostolus?
1454 3150 1536 3229 Aie
1558 3152 1706 3229 quis,
1740 3150 1938 3220 inquit,
1966 3150 2152 3229 incidat

568 3231 624 3286 in
644 3220 901 3299 judicium
930 3223 1118 3299 diaboli
1146 3220 1455 3299 (l_Tiut._ut_,
1480 3220 2151 3299 6).’Yide_ergoiquouiam

570 3290 895 3373 quicumque
939 3290 1175 3373 inﬂatur,
1204 3294 1256 3347 in
1279 3293 1537 3373 judicium
1574 3291 1999 3373 diaboli'ineidit.
2044 3290 2154 3373 Hoc

575 3360 705 3442 ergo
732 3360 852 3442 dico
878 3365 1169 3442 sccuudum
1191 3360 1612 3442 quod-scriptum
1635 3360 1903 3442 esi,._Deus
1928 3360 2154 3442 superbis

580 3429 786 3503 resistit,
819 3435 1093 3490 hinnitibus
1121 3429 1295 3503 autent
1313 3433 1399 3486 dat
1428 3429 1642 3502 gratiam
1672 3432 1723 3503 (l
1744 3429 1884 3484 Petr.
1908 3446 1961 3490 v,
1993 3430 2070 3499 5),
2098 3441 2155 3483 ut

573 3511 751 3565 omnia
774 3502 995 3578 quidem
1023 3514 1237 3578 peccata
1277 3502 1558 3578 fugiamus,
1589 3502 1817 3557 maxime
1848 3509 2154 3578 autem_su-

579 3569 818 3654 perhiani
828 3577 1008 3654 ._l_)ico-
1024 3569 1181 3654 vobis
1193 3575 1260 3629 de
1282 3569 1555 3654 superbia,
1581 3587 1793 3654 semper
1817 3569 2155 3654 sibi-sapiens

577 3641 808 3705 videtur.
841 3648 896 3703 Si
923 3648 1041 3719 quis
1065 3645 1131 3701 de
1168 3641 1417 3719 lratribus
1455 3643 1662 3719 dederit
1684 3642 1733 3696 ei
1763 3641 2043 3696 consilium
2062 3680 2078 3704 ,
2096 3648 2156 3719 et

579 3721 774 3777 dixerit
799 3720 877 3784 ei,
908 3711 1115 3782 Frater,
1150 3730 1254 3771 non
1282 3714 1446 3770 debes
1468 3716 1545 3768 sic
1568 3729 1759 3783 agere;
1791 3727 1897 3766 non
1929 3727 2050 3766 eum
2077 3711 2157 3764 di—

580 3800 772 3874 gnatur
799 3789 983 3874 audire
1003 3829 1017 3852 ,
1046 3789 1253 3874 quia-se
1284 3788 1448 3874 mugis
1488 3786 1778 3874 sapiuntem
1809 3791 1960 3874 putat
1998 3797 2156 3874 quani

576 3850 734 3929 illum
762 3862 851 3932 qui
880 3861 969 3932 dat
1002 3850 1303 3932 Consilium.
1346 3850 1412 3909 Et
1434 3850 1565 3925 quid
1591 3850 2157 3932 dicitin—cordensuoi

577 3924 692 4003 Ego
718 3920 848 4003 mihi
879 3928 1170 4003 sa’picntior
1195 3946 1208 3981 :
1233 3942 1331 4003 ego
1362 3920 1621 4003 ergbimn
1651 3920 2157 4003 habeocousilium?

582 3992 849 4073 Numquid
878 4013 933 4073 tu
946 3992 1017 4055 'es
1056 3992 1347 4073 sapientior
1372 3992 1478 4073 me,
1505 3996 1627 4073 licﬂet
1652 4010 1757 4073 nun
1783 3992 1955 4073 dicat;
1981 4002 2158 4073 tamen

575 4089 642 4131 ex
670 4063 903 4143 en'quod
926 4063 1220 4126 contemnit
1255 4066 1535 4123 consilium
1561 4065 1761 4133 fratris,
1794 4067 1845 4118 in
1875 4063 2036 4118 curdc
2062 4077 2159 4118 suo

580 4143 836 4199 loauitur.

700 4229 794 4281 rgo
825 4212 926 4264 hoc
950 4209 1069 4264 dico
1090 4250 1105 4275 ,
1134 4207 1238 4281 Qui
1274 4206 1577 4281 superbiam
1622 4203 1803 4281 habet,
1844 4204 1979 4281 sine
2000 4219 2160 4281 causa

579 4284 713 4337 alias
729 4274 904 4335 'habet
928 4274 1171 4333 virtutes.
1200 4274 1368 4331 liabet
1396 4276 1656 4329 virtutes?
1683 4275 1793 4329 luto
1832 4291 1936 4330 non
1967 4274 2159 4340 habet,

583 4352 680 4410 sed
719 4351 924 4405 videtur
964 4349 1179 4404 habere.
1209 4347 1308 4414 Qui
1347 4347 1488 4402 enim
1530 4345 1630 4399 hoc
1671 4346 1829 4399 habet
1868 4345 2009 4415 quod
2053 4346 2161 4415 Deo

584 4423 910 4479 contrarium
940 4429 1042 4484 est,
1075 4418 1340 4487 quomudo
1374 4426 1547 4488 potest
1571 4415 1766 4486 aliquid
1790 4414 1987 4488 habere
2009 4414 2159 4488 quod

586 4493 707 4550 Deo
721 4495 950 4548 amicum
974 4484 1130 4546 sit?"
1170 4484 1428 4559 Superbia
1458 4488 1510 4542 in
1541 4484 1864 4543 monasterio
1895 4485 1970 4541 fit.
2004 4484 2057 4540 Si
2079 4485 2163 4556 je-

642 4629 662 4660 ι
697 4626 815 4677 Editi
842 4626 919 4675 hic
940 4624 1137 4677 addunt,
1164 4623 1310 4674 visus.

641 4690 663 4752 ξ
697 4662 1385 4752 ὖῖίίῆἦᾶἆωὲἶῦῖῖιᾶἶίῖὼνε
1409 4680 1568 4746 liceat,
1590 4689 1674 4734 aut
1694 4679 1821 4748 quod
1847 4694 1898 4733 se
1929 4692 2166 4732 excusare

580 4748 843 4884 άεῗεέἶίειεν
866 4807 1412 4884 πρηε,ιοορνῖῖιοάὲεξεπι-
1525 4838 1531 4847 ~
1661 4868 1675 4884 .
1942 4876 1966 4884 -
2004 4868 2027 4884 ,
2170 4850 2177 4855 -

579 4874 781 4988 "@311;
799 4868 1060 4934 praligimr
1076 4868 1126 4920 in
1148 4877 1233 4920 tas.
1249 4870 1381 4920 Colb.
1422 4882 1453 4919 a
1494 4868 1706 4920 secunda
1741 4881 1912 4930 manu,
1935 4868 2027 4920 sed
2048 4880 2167 4930 quo-

1651 5132 2120 5198 TRACTATUS
2157 5135 2264 5198 DE
2304 5096 2788 5208 CHARI'rA’rE,

2235 414 2291 487 et
2314 405 2370 461 in
2394 405 2694 476 superbiam
2718 408 2992 479 erigimur.
3017 406 3224 478 Aliquis
3259 405 3465 477 jejunat
3501 405 3610 477 pro
3648 423 3925 534 pecca-

2238 485 2308 530 tts
2337 478 2468 534 suis.
2495 486 2550 533 et
2570 493 2665 534 pro
2687 479 2919 534 peccatis
2939 478 3051 533 suis
3074 478 3184 534 agit
3204 479 3577 534 nteaitentiam
3594 478 3629 532 2
3696 496 3747 533 u
3784 495 3917 534 su-

2238 478 2308 530 tis
2336 478 2468 549 suis,
2495 486 2550 533 et
2570 493 2665 548 pro
2687 478 2919 549 peccatis
2939 478 3051 549 suis
3074 478 3184 548 agit
3204 479 3577 548 paenitentiam
3594 478 3629 532 2
3662 478 3747 534 In
3784 495 3917 535 su-

2238 547 2474 632 perbiaut
2496 547 2790 632 extollitur.
2812 549 2937 632 Ide-9
2957 547 3188 632 ieiunas,
3208 547 3340 632 id_eo
3358 563 3500 615 oras,
3532 550 3683 606 ideo
3709 565 3911 622 pra:-

2238 627 2388 687 cepta
2417 618 2564 685 facis,
2593 628 2856 675 utcontra
2889 618 3054 675 Deum
3086 618 3288 674 facias?
3711 618 3743 622 “

2308 681 2535 744 CAPUT
2580 689 2661 771 ll].
2716 688 2936 771 Putnam:
2976 691 3379 771 vitiis_on_mibus
3439 690 3701 745 deditum
3764 708 3912 771 esse

2238 774 2391 830 quam
2428 761 2718 830 superbum.
2748 761 2794 814 Α
2859 761 3161 815 nmnasterio
3203 764 3259 814 in
3320 777 3540 815 eremum
3583 762 3901 816 seceden-

2206 839 2311 906 κιαι
2361 830 2605 906 [ναιι-ωεξ-
2632 833 2867 901 synaxim
2925 848 3025 885 non
3065 841 3341 906 spernant.
3384 830 3545 906 Secus
3584 833 3900 906 faciane:

2240 899 2505 973 coguntur.
2525 899 2675 973 Hinc
2710 918 2809 973 non
2853 899 3101 973 arguendi
3124 902 3213 972 qui
3245 919 3279 973 ei
3307 903 3517 955 desertis
3555 899 3792 973 [intra
3832 905 3896 957 in

2241 971 2461 1025 coenobio
2487 971 2708 1026 visitant.
2731 971 3021 1027 Monachus
3040 973 3084 1026 si
3107 972 3369 1042 superbus
3388 983 3491 1038 est,
3521 971 3723 1027 multo
3752 990 3892 1029 mc-

2243 1041 2345 1113 lius
2372 1043 2420 1096 ei
2457 1052 2572 1097 erat
2604 1043 2649 1096 si
2672 1057 2898 1098 uxorem
2925 1041 3311 1113 ducerenEgo
3337 1043 3677 1112 simpliciter
3710 1044 3886 1111 dico,

2242 1120 2297 1166 et
2335 1112 2497 1183 libera
2537 1113 2708 1169 fronte
2733 1114 2881 1178 dico,
2912 1114 3034 1183 quia
3062 1112 3382 1183 quicumque
3409 1114 3705 1182 superbus
3743 1124 3841 1169 est
3862 1158 3881 1182 ,

2242 1182 2434 1238 melius
2461 1191 2577 1255 erat
2598 1185 2645 1238 ei
2673 1184 2762 1255 (et
2790 1183 2892 1255 hoc
2919 1182 2973 1238 in
3002 1182 3400 1255 comparatione
3430 1185 3555 1239 mali
3584 1184 3780 1255 dico)
3817 1196 3882 1240 ut

2244 1255 2420 1307 omnia
2447 1254 2547 1308 alia
2589 1255 2710 1308 vitia
2755 1254 3005 1316 haberet,
3034 1254 3155 1324 quia
3187 1269 3250 1309 ex
3282 1254 3436 1308 malis
3462 1256 3575 1309 suis
3598 1254 3877 1309 inclina-

2245 1334 2393 1380 retur
2422 1325 2487 1378 ad
2518 1324 2886 1393 ptenitentiam
2912 1326 2953 1391 ί,
2986 1332 3043 1380 et
3069 1339 3174 1379 non
3201 1339 3390 1380 omnes
3413 1325 3767 1394 despiceret.
3808 1327 3875 1382 Si

2246 1405 2421 1450 autem
2451 1404 2569 1463 post
2613 1406 2827 1466 peccata
2858 1403 3041 1466 ageret
3073 1394 3438 1463 paenitentiam
3463 1437 3479 1461 ,
3508 1397 3717 1465 utique
3754 1396 3871 1452 Dei

2246 1465 2665 1521 misericordiam
2696 1465 3011 1522 mereretur.
3055 1465 3156 1532 Qui
3187 1474 3366 1521 autem
3407 1466 3687 1535 superbus
3723 1476 3825 1522 est
3847 1511 3866 1529 ,

2247 1536 2485 1591 omnium
2512 1537 2773 1608 malorum
2804 1538 2962 1592 habet
2993 1536 3331 1608 principium,
3361 1543 3415 1590 et
3451 1551 3556 1589 non
3576 1538 3707 1608 agit
3734 1552 3867 1608 pae-

2247 1608 2521 1663 nitentiam
2539 1648 2553 1671 ,
2583 1608 2733 1677 quasi
2758 1607 2934 1677 justus
2963 1609 3050 1662 sit.
3096 1607 3382 1675 Propterea
3410 1606 3669 1677 superbia
3715 1606 3864 1664 con-

2247 1679 2407 1733 traria
2436 1686 2517 1732 est
2546 1678 2654 1733 Deo
2673 1719 2688 1744 ,
2719 1679 2838 1748 quia
2860 1678 2981 1748 iDeo
3008 1692 3114 1731 non
3153 1677 3449 1747 subjicitur.
3478 1677 3569 1732 Sic
3593 1679 3757 1733 enim
3792 1696 3861 1734 se

2248 1748 2409 1803 habet
2435 1749 2583 1815 quasi
2626 1747 2819 1817 justus.
2850 1747 3123 1818 Superbus
3168 1762 3273 1801 non
3315 1748 3422 1818 agit
3460 1748 3856 1817 penitentiam

2249 1818 2522 1890 prugmalis
2550 1822 2764 1890 suis.ﬂet
2791 1819 3049 1890 gloriatur
3076 1818 3235 1890 quasi
3260 1832 3359 1890 pro
3382 1818 3560 1890 bonis.

2318 1888 2446 1945 llam
2467 1903 2632 1959 quare
2659 1888 2904 1953 dixerim,
2936 1898 2991 1944 et
3018 1903 3115 1944 vos
3141 1888 3239 1958 ipsi
3268 1888 3581 1959 intelligitis,
3611 1899 3671 1944 et
3702 1890 3851 1944 alio-

2248 1976 2367 2016 rum
2410 1961 2579 2014 ruinaa
2622 1967 2802 2015 nostra
2843 1959 3039 2014 debent
3075 1974 3196 2015 esse
3234 1960 3499 2028 exempla.
3538 1960 3847 2029 Propterea

2248 2032 2492 2086 venimus
2521 2030 2572 2085 in
2599 2030 2979 2085 monasterium
3001 2071 3015 2095 ,
3049 2029 3349 2085 libertatem
3381 2030 3561 2084 saeculi
3589 2031 3844 2098 perdidi-

2249 2116 2398 2171 mus,
2438 2107 2495 2154 ut
2531 2102 2841 2154 servitutem
2870 2098 3065 2171 Christi
3107 2100 3451 2171 accipiamus.
3500 2100 3708 2155 Deinde
3737 2102 3875 2161 ista.

2249 2170 2317 2226 de
2346 2170 2597 2226 fratribus
2634 2171 2840 2240 loquor,
2868 2170 2958 2240 qui
2988 2169 3161 2225 solent
3189 2169 3381 2241 sedere
3416 2170 3626 2241 longius
3648 2185 3683 2224 a
3715 2187 3843 2225 mo-

2249 2242 2503 2308 nasterio,
2535 2256 2605 2295 ne
2629 2242 2709 2295 eis
2744 2240 2936 2296 debeat
2964 2241 3111 2294 nasci
3155 2240 3405 2310 superbia
3444 2240 3527 2296 de
3553 2242 3836 2310 exemplo.

2250 2311 2308 2366 ln
2337 2312 2582 2366 coenobio
2605 2311 2779 2366 vixisti
2805 2328 2819 2366 :
2851 2310 3045 2380 placuit
3064 2312 3157 2366 tibi
3186 2319 3242 2365 ut
3267 2325 3514 2366 maneres
3536 2311 3589 2365 in
3618 2311 3838 2367 decimo

2251 2382 2536 2437 milliario?
2581 2381 2696 2453 Non
2747 2381 2911 2436 debes
2965 2382 3206 2453 synaxim
3251 2390 3555 2437 sanctorum
3592 2380 3836 2453 fratrum

2250 2462 2615 2507 contemnere.
2640 2452 2755 2507 Non
2780 2462 2831 2507 te
2851 2465 2977 2521 ergo
2997 2450 3240 2506 viliorem
3265 2460 3437 2521 putes,
3468 2453 3514 2505 si
3540 2450 3607 2505 ad
3634 2451 3836 2508 fratres

2251 2525 2461 2579 veneris
2504 2524 2557 2577 in
2586 2523 2872 2578 civitatem.
2910 2522 2963 2577 Si
3011 2522 3386 2577 necessitatem
3416 2522 3636 2576 haberes
3666 2523 3750 2576 ire
3779 2532 3839 2578 et

2251 2594 2433 2648 videre
2456 2594 2736 2656 mulieres,
2768 2601 2823 2646 et
2846 2605 3069 2647 necesse
3098 2592 3377 2647 habuisses
3405 2594 3481 2647 ire
3508 2593 3556 2646 in
3585 2592 3835 2661 plateas;

2252 2676 2397 2720 recte
2426 2679 2531 2717 non
2570 2664 2696 2718 ires.
2727 2663 2807 2717 Ad
2844 2662 3087 2733 synaxim
3126 2671 3431 2717 sanctorum
3466 2662 3681 2716 fratrum
3712 2678 3834 2733 non

2254 2734 2442 2788 vadis?
2469 2734 2514 2788 0
2543 2742 2598 2787 tu
2635 2732 2727 2803 qui
2756 2731 2939 2787 manes
2968 2733 3020 2787 in
3051 2743 3282 2801 secreto,
3312 2742 3406 2787 aut
3428 2734 3615 2803 melior
3638 2746 3699 2787 es
3723 2731 3835 2787 fra-

2253 2804 2425 2859 tribus
2446 2804 2537 2874 qui
2565 2802 2690 2858 suut
2725 2803 2777 2857 in
2808 2803 3097 2874 emnobiis,
3138 2812 3232 2858 aut
3259 2803 3410 2872 pejor
3434 2818 3512 2858 es.
3544 2802 3600 2857 Si
3640 2803 3834 2857 melior

2254 2889 2342 2941 es,
2370 2873 2488 2928 veni
2517 2883 2575 2929 ut
2597 2873 2676 2928 eis
2702 2875 3006 2941 exemplum
3030 2873 3153 2928 vita:
3181 2883 3284 2928 tua:
3312 2874 3547 2929 tribuas:
3580 2874 3627 2927 si
3653 2883 3829 2928 autem

2254 2945 2488 3000 deterior
2507 2960 2584 3009 es,
2618 2943 2737 2999 veni
2762 2954 2818 2997 ut
2842 2943 3016 2998 discas
3044 2959 3165 3014 qua:
3193 2945 3387 2999 nescis.
3418 2944 3681 3014 Superbia
3736 2959 3832 2998 na—

2254 3018 2439 3080 scitur,
2458 3014 2669 3085 quando
2693 3014 2881 3085 aliquis
2905 3014 3033 3069 dicit
3055 3023 3402 3085 seisecretum
3429 3016 3640 3080 sedere,
3656 3023 3710 3068 et
3729 3015 3832 3069 fra-

2256 3096 2365 3142 tres
2394 3102 2499 3141 non
2524 3084 2978 3156 diguatur’videre
3001 3093 3058 3140 et
3082 3084 3332 3151 visitare,
3364 3096 3417 3140 et
3449 3086 3501 3140 in
3530 3086 3827 3156 superbiam

2256 3158 2495 3228 erigitur.
2538 3154 2662 3210 ilice
2688 3164 2966 3228 propterea
3006 3156 3194 3228 loquor
3220 3162 3483 3228 praesente
3509 3164 3705 3228 saneto
3724 3154 3827 3209 fra-

2258 3225 2360 3292 tre,
2384 3227 2475 3295 qui
2501 3228 2601 3281 hoc
2620 3240 2783 3296 Opere
2802 3225 2944 3288 facit,
2969 3234 3026 3279 ut
3051 3225 3153 3281 hoc
3175 3226 3315 3295 quod
3335 3240 3436 3296 ego
3454 3227 3663 3296 loquor,
3692 3225 3828 3279 hunc

2256 3297 2437 3353 sciatis
2461 3312 2624 3365 Opere
2649 3296 2841 3351 facere.
2874 3296 3110 3365 Denique
3138 3296 3293 3350 multi
3321 3298 3490 3351 sancti
3518 3304 3716 3365 patres,
3739 3297 3826 3365 qui

2258 3382 2382 3423 vere
2432 3377 2610 3436 patres
2660 3376 2819 3430 sunt,
2866 3367 2956 3435 qui
3003 3375 3193 3435 regunt
3235 3366 3441 3421 animus
3489 3377 3824 3432 sanctorum,

2257 3437 2471 3508 quando
2498 3438 2701 3507 aliquos
2721 3437 2953 3492 viderint
2972 3439 3196 3505 juvenes
3224 3436 3302 3508 ire
3318 3437 3393 3508 ad
3429 3437 3658 3500 deserta,
3688 3447 3744 3490 et
3762 3436 3829 3490 ad

2258 3507 2559 3563 coenobium
2588 3522 2693 3562 non
2720 3508 2926 3574 venire,
2957 3516 3014 3562 et
3037 3510 3091 3561 in
3116 3507 3366 3577 superbia
3389 3522 3531 3574 esse,
3563 3508 3758 3561 vadunt
3777 3516 3827 3560 et

2256 3580 2365 3634 vim
2394 3580 2471 3633 eis
2518 3578 2747 3642 faciunt,
2778 3587 2832 3631 et
2868 3577 3138 3631 adducunt
3172 3593 3269 3632 eos
3299 3595 3312 3630 :
3343 3592 3449 3633 non
3481 3587 3541 3631 ut
3580 3585 3823 3641 noceant,

2261 3649 2354 3706 sed
2381 3658 2441 3703 ut
2480 3648 2696 3702 tollatur
2723 3648 2801 3702 eis
2839 3647 3104 3716 superbia.
3137 3648 3250 3703 lloc
3277 3659 3564 3718 propterea
3593 3648 3743 3712 dico,
3769 3657 3828 3701 ut

2261 3720 2333 3776 illi
2360 3721 2446 3788 qui
2474 3726 2692 3773 manent
2725 3717 2778 3772 in
2808 3718 3050 3784 secretis,
3077 3727 3132 3772 et
3155 3717 3379 3773 veniunt
3407 3718 3473 3772 ad
3499 3719 3822 3782 coenobium,

2261 3799 2316 3846 et
2351 3790 2539 3844 fratres
2567 3789 2810 3854 visitant,
2840 3788 2907 3843 ab
2944 3789 3027 3842 bis
3058 3788 3150 3857 qui
3186 3799 3308 3843 sunt
3342 3789 3393 3842 in
3435 3790 3691 3844 emnohiis
3727 3803 3824 3841 non

2263 3869 2550 3932 arguantur
2570 3858 3215 3932 quasiimpatientes,_sed
3231 3859 3381 3928 quasi
3402 3858 3825 3932 humiles._Nemo

2262 3929 2405 3987 dicat
2428 3931 2495 3986 de
2519 3929 2690 3996 vobis,
2721 3929 2860 3984 Ecce
2880 3930 2969 3983 ille
2988 3929 3075 3999 qui
3103 3929 3157 3982 in
3181 3944 3363 3983 eremo
3388 3929 3560 4000 sedet,
3586 3930 3701 4000 quia
3724 3941 3823 3982 non

2263 4003 2481 4073 patitur,
2518 4001 2686 4055 venit.
2730 3999 3016 4073 Pr0pt_erea
3061 4000 3205 4073 venit
3250 4006 3405 4073 ut__te
3431 3999 3687 4073 aedificet,
3726 4012 3824 4073 non

2262 4069 2536 4137 destruat,
2566 4079 2621 4125 et
2646 4080 2704 4141 ut
2737 4069 3039 4139 superbiam
3069 4069 3275 4141 perdat.
3313 4069 3498 4125 Videte
3524 4071 3690 4141 qualis
3714 4071 3827 4123 vita:

2264 4144 2352 4199 sit.
2386 4142 2527 4196 Vivit
2552 4142 2602 4195 in
2629 4139 2862 4203 deserto,
2893 4147 2949 4193 et
2974 4147 3150 4195 tamen
3178 4140 3402 4211 gloriam
3432 4139 3715 4196 non'habet
3739 4155 3827 4195 eo-

2266 4228 2383 4270 rum
2412 4213 2504 4283 qui
2528 4212 2578 4265 in
2604 4211 2818 4267 deserto
2841 4219 2991 4283 sunt.

2338 4280 2477 4339 Deus
2507 4284 2683 4352 itaque
2708 4281 3045 4352 omnipotens
3071 4281 3249 4336 omnia
3275 4297 3393 4351 quae
3420 4280 3579 4336 locuti
3619 4296 3816 4347 sumus,

2266 4354 2596 4410 orationibus
2641 4362 2946 4408 sanctorum
2989 4366 3088 4423 nos
3142 4367 3364 4423 quoque,
3396 4352 3615 4423 implere
3652 4352 3820 4423 faciat.

2267 4424 2407 4480 Nihil
2434 4426 2577 4480 enim
2606 4423 2808 4493 grande
2848 4433 2932 4477 est
2972 4421 3187 4489 dicere,
3220 4421 3315 4478 sed
3342 4422 3535 4493 facere.
3554 4421 3663 4493 Sed
3684 4424 3823 4489 quod

2270 4510 2369 4567 ego
2417 4491 2742 4567 facerenon
2783 4507 2998 4567 pussum
3037 4501 3093 4547 et
3126 4494 3346 4567 _loquor,
3386 4491 3503 4547 ideo
3549 4492 3724 4567 loquur
3767 4501 3828 4567 ut

2269 4560 2367 4637 qiii
2385 4573 2559 4636 potest
2584 4560 2797 4637 facere,
2817 4561 2987 4637 iaciat
2996 4580 3011 4626 ;
3050 4563 3141 4637 qui
3182 4560 3342 4620 habet
3395 4576 3549 4637 aures
3593 4560 3827 4637 audiendi

2269 4632 2470 4703 audiat,
2498 4637 2549 4690 in
2572 4635 2784 4689 Christo
2808 4632 2934 4688 Jesu
2958 4633 3182 4703 Domino
3202 4646 3406 4699 nostro,
3432 4632 3518 4688 cui
3543 4641 3627 4688 est
3647 4633 3819 4700 honor,

2271 4707 2439 4765 virtus
2458 4702 2519 4762 et
2545 4713 2779 4775 potestas
2805 4704 2859 4758 in
2885 4702 3080 4759 saecula
3107 4706 3449 4761 sucularum.
3478 4705 3667 4760 Amen.

2335 4908 2354 4940 ι
2388 4914 2468 4958 ttts.
2491 4903 2811 4966 Oolbertinus,
2855 4900 3159 4967 declinaret;
3190 4904 3368 4955 omisso
3393 4905 3548 4967 prius,
3578 4902 3697 4969 quia.

1269 5296 1384 5342 SEU
1426 5296 1511 5341 DE
1554 5295 1776 5343 VERBIS
1821 5296 2045 5343 PSALMI
2073 5325 2091 5356 ,
2135 5298 2346 5342 TERBA
2388 5295 2585 5341 DEDIT
2624 5294 2927 5340 FRUCTUM
2969 5291 3162 5339 SUUH.

662 5430 950 5505 Vignierio,
965 5427 1053 5501 qui
1081 5423 1183 5483 hoc
1236 5424 1588 5497 fragmentum
1636 5441 1701 5480 ex
1733 5424 2035 5481 Divionensi
2065 5424 2248 5482 codice
2276 5424 2435 5491 eruit,
2450 5422 2769 5479 imitatorem
2796 5419 3075 5511 Augustini
3100 5417 3256 5489 sapit,
3286 5432 3394 5473 non
3425 5419 3773 5491 Augustinum.

596 5546 820 5605 Fructus
847 5556 994 5601 terrae
1019 5542 1290 5599 benedicta
1310 5540 1553 5595 charitas.
1587 5538 1694 5594 Deo
1727 5539 2000 5594 ademere.
2035 5538 2172 5594 Cha-

669 5618 837 5672 ritatis
860 5621 1055 5686 [ructus
1079 5613 1310 5670 reddere.
1350 5612 1452 5686 Qui
1485 5610 1645 5664 Deum
1670 5627 1784 5686 pou
1811 5620 1978 5678 autat,
2009 5626 2100 5664 nec
2127 5626 2182 5665 se

667 5681 2165 5759 summouenttmrmudinoneuamor.

2291 5536 2496 5667 dldem
2522 5544 2625 5605 est,
2670 5545 2837 5591 amate
2880 5534 3086 5601 Deum;
3132 5545 3215 5602 et,
3258 5535 3437 5592 Nolite
3460 5535 3674 5607 diligere
3700 5548 3839 5591 mim-

2331 5624 2440 5666 utn.

2331 5624 2440 5666 um.

2348 5680 2480 5751 Quis
2519 5687 2604 5738 est
2639 5680 2788 5739 enim
2829 5676 3037 5735 fructus
3071 5677 3231 5735 tuus?
3256 5676 3527 5737 Charitas.
3551 5674 3838 5736 Sinam

2312 5852 2371 5870 σι.-
