4072 6196
201 320 342 380 1255

264 432 382 489 Non
408 430 499 503 qui
524 430 699 503 bonus
722 438 1015 503 permanet,
1045 430 1159 503 ipse
1186 427 1461 503 polluitur,
1489 425 1534 483 si
1554 426 1789 503 societur

195 504 371 569 malo;
399 496 495 559 sed
522 502 612 573 qui
638 496 808 556 malus
833 509 934 567 est,
967 500 1020 554 in
1044 496 1244 557 bonum
1270 499 1513 566 vertitur,
1553 497 1600 552 si
1649 496 1786 551 bona

196 573 441 644 exempla
469 579 723 628 sectetur.

266 638 572 700 Forniclatio
592 684 607 707 ,
635 651 693 697 ut
718 643 899 701 vinum
924 648 979 696 et
1001 640 1233 696 ebrietas
1253 681 1267 707 ,
1293 638 1469 696 aufert
1491 653 1608 694 cor.
1635 639 1787 695 Sicut

197 714 337 772 enim
367 715 545 769 vinum
575 721 630 769 et
656 714 884 782 ebrietas
917 726 1038 767 eum
1081 711 1170 782 qui
1208 710 1404 766 biberit
1440 710 1636 765 mentis
1673 724 1786 782 sum

197 786 451 856 impotem
483 782 640 856 facit;
690 785 759 837 ita
805 780 1190 856 fornicatio'ac
1232 782 1478 856 voluptas
1526 781 1788 856 pervertit

195 850 444 935 sensum,
473 855 816 935 animumque
853 851 1123 935 debilitat,
1163 859 1219 907 et
1255 852 1322 905 de
1353 850 1781 935 rationabili-ho:

197 926 340 981 mine
365 924 580 979 brutum
607 921 770 979 efﬁcit
795 922 1015 993 animal,
1043 932 1101 993 ut
1124 937 1322 993 ganeas
1349 929 1405 993 et
1433 921 1705 993 lupanaria
1728 929 1786 976 et

197 994 472 1050 libidinum
500 993 665 1052 lustra
691 1000 943 1049 sectetur.
972 991 1075 1061 Qui
1100 991 1310 1047 amatur
1337 1006 1367 1046 a
1387 991 1638 1057 Domino,
1664 1005 1786 1047 cor-

196 1063 603 1190 3l_pisttl::t(Pf0v.
630 1078 723 1133 ιιι,
753 1061 876 1134 12);
919 1064 1011 1133 qui
1051 1063 1371 1132 negligitur,
1401 1061 1512 1118 suis
1553 1060 1784 1132 peccatis

234 1151 323 1189 lml
372 1150 494 1189 tur.

234 1135 494 1190 imittitur.

265 1205 461 1262 Natura
491 1204 704 1260 leonum
732 1218 852 1259 esse
887 1202 1115 1269 dicitur,
1146 1212 1238 1269 ut,
1264 1218 1386 1259 cum
1418 1200 1785 1259 infremuerint

197 1284 251 1332 et
275 1274 557 1346 rugierint,
592 1274 769 1329 omnia
798 1274 1087 1346 animantia
1115 1276 1559 1337 contremiscam,
1589 1282 1650 1328 ut
1677 1272 1783 1328 tixo

937 312 1311 372 ADMONITIO
1348 312 1416 369 IN
1456 307 1817 368 SERMONES
1847 309 1938 365 AD
1978 310 2295 369 FRATRES
2330 312 2399 371 IN
2434 313 2693 371 EREMO.

3324 314 3327 317 ’
3344 318 3487 376 1254

1962 428 2213 503 Naturale
2232 440 2333 497 est,
2359 439 2417 486 ut
2439 446 2629 487 omnes
2653 429 2887 503 artiﬁces
2911 443 3020 503 suae
3041 432 3172 488 artis
3190 432 3481 503 loquantur

1890 502 2168 573 esgemplis.
2197 510 2252 556 et
2277 503 2637 573 unusquisque
2666 502 2720 556 in
2746 517 2852 572 quo
2872 502 3049 573 studio
3075 503 3219 557 trivit
3244 502 3480 570 nitatem,

1889 569 2446 643 illius—similitudines
2473 569 2707 643 proferat
2738 569 2928 627 {verbi
2971 573 3168 641 gratia,
3201 574 3290 641 qui
3320 569 3481 628 nauta

1889 648 2053 697 estet
2080 642 2431 711 gubernator,
2464 642 2731 698 tristitiam
2771 657 2922 697 suam
2964 654 3238 710 comparat
3276 652 3483 712 tempe-

1889 712 2034 779 stati,
2054 713 2308 769 damnum
2331 713 2659 784 naufragium
2681 724 2855 779 vocat,
2881 714 3126 767 inimicos
3146 727 3271 766 suos
3292 723 3483 769 ventos

1888 784 2121 855 appellat
2162 785 2492 849 contrarios;
2533 799 2744 839 rursum
2790 784 3300 855 prosperitatemget
3346 785 3485 839 laeti-

1891 852 2038 922 tiam,
2066 870 2247 910 auram
2280 854 2691 925 placidissimam
2716 864 2771 910 et
2790 852 3058 909 secundos
3087 853 3335 925 nominat
3353 869 3483 925 ven-

1888 930 2004 990 tos,
2042 923 2325 996 tranqnilla
2363 926 2529 980 maria
2573 935 2628 981 et
2671 939 2886 996 aequora
2930 923 3132 991 campis
3176 923 3394 996 similia.
3442 923 3484 977 Ε

1887 995 2136 1067 regione,
2181 993 2337 1052 miles
2376 996 2631 1067 quidquid
2669 993 2894 1059 diierit,
2937 1003 3180 1067 scutum,
3221 993 3484 1062 gladium,

1886 1064 2140 1138 loricam,
2170 1064 2409 1138 galeam,
2442 1064 2713 1129 lanceam,
2745 1079 2929 1121 arcum
2958 1074 3013 1119 et
3041 1064 3260 1133 sagittas
3280 1103 3294 1129 ,
3333 1078 3482 1117 mor-

1889 1144 2018 1203 tem,
2047 1137 2240 1193 vulnus
2267 1146 2322 1192 et
2347 1138 2623 1192 victoriam
2652 1145 2827 1191 sonat.

1959 1202 2246 1263 Pestilente
2272 1207 2554 1278 ﬂagellato,
2585 1222 2691 1278 n_on
2721 1206 2894 1261 solum
2918 1204 3135 1278 sapiens
3154 1245 3167 1268 ,
3196 1203 3289 1278 sed
3319 1202 3485 1259 etiam

1886 1278 2083 1335 stultus
2105 1273 2416 1351 prudentior
2444 1277 2535 1334 fiet
2564 1275 2745 1348 (Prov.
2772 1291 2889 1345 nx,
2914 1273 3022 1341 25';
3051 1290 3162 1341 xxi,
3195 1273 3307 1343 Il).

194 1344 451 1471 £33313:
467 1358 691 1417 \movere
715 1358 823 1400 non
847 1345 1086 1416 possint;
1115 1352 1292 1402 tantus
1316 1360 1481 1416 pavor
1506 1351 1610 1413 est,
1632 1351 1784 1400 tanta

199 1538 3024 1566 W—W

1532 1638 2184 1735 ADMONITIO

1042 1798 1126 1861 IN
1166 1797 1585 1862 SERMONES
1625 1799 1734 1861 AD
1775 1799 2140 1863 FRATRES
2181 1800 2265 1863 IN
2304 1797 2604 1862 EREMO.

268 1941 329 2001 In
351 1957 416 2000 ea
439 1943 756 2000 Sermonum
782 1942 1100 2001 collectione
1122 1945 1229 2002 duo
1257 1953 1410 2002 erant
1439 1961 1564 2003 vere
1590 1946 1958 2017 Augustiniani
1978 1988 1992 2014 ,
2022 1946 2113 2016 qui
2140 1946 2385 2001 nimirum
2403 1945 2470 2001 de
2494 1942 2780 1999 Communi
2809 1941 2917 1996 vita
2937 1939 3255 1994 clericorum
3290 1932 3478 2004 appel-
3536 1946 3541 1949 '

197 2036 413 2100 lantur,
444 2035 619 2091 locum
650 2034 703 2090 in
733 2037 1009 2107 superiore
1050 2046 1194 2093 tomo
1235 2053 1391 2093 suum
1429 2046 1708 2106 tenentes,
1754 2039 1942 2095 ordine
1988 2040 2093 2095 555
2137 2048 2191 2095 et
2228 2038 2352 2094 556.
2393 2038 2649 2108 Reliquos
2696 2035 2808 2090 fere
2854 2048 3041 2088 omnes
3084 2029 3390 2087 subdititios
3434 2031 3490 2083 et

195 2128 498 2198 Augustino
523 2127 769 2200 indignos
798 2128 980 2186 haberi
1023 2145 1087 2187 ac
1121 2130 1228 2187 dici
1256 2134 1521 2203 patiemur
1546 2134 1613 2189 ab
1641 2133 1881 2191 eruditis.
1916 2135 2059 2191 Inter
2088 2150 2182 2190 eos
2212 2134 2473 2189 Baronius
2492 2173 2507 2200 ,
2545 2132 2611 2187 ad
2639 2145 2835 2184 annum
2867 2127 3065 2183 Christi
3094 2124 3200 2179 582
3233 2141 3244 2174 :
3278 2121 3488 2186 Auctor,

195 2223 308 2288 ait,
351 2220 561 2274 illorum
600 2234 890 2276 sementim
918 2238 1020 2278 non
1046 2224 1150 2279 nisi
1182 2224 1427 2297 impostor
1471 2226 1747 2292 dicendus,
1789 2245 1902 2283 cum
1932 2230 2208 2283 multorum
2236 2228 2615 2282 mendaciorum
2657 2224 3030 2280 sanctissimum
3058 2236 3118 2271 ac
3148 2216 3490 2270 doctissimum

194 2312 360 2368 uirum
386 2314 700 2368 constitueﬁt
726 2324 1045 2373 assertorem.
1077 2315 1144 2372 Et
1171 2317 1237 2373 ad
1264 2332 1463 2374 annum
1493 2319 1598 2375 385
1645 2339 1658 2374 :
1701 2318 1946 2393 Frigidus
1974 2321 2061 2374 ille
2101 2321 2247 2390 fictor
2282 2320 2451 2373 multa
2492 2319 2653 2372 delira
2673 2357 2688 2383 ,
2722 2332 2852 2368 vana
2880 2323 2925 2367 et
2954 2310 3183 2382 fabulosa
3225 2308 3314 2361 sub
3359 2304 3492 2360 lauti

194 2400 374 2458 Patris
398 2404 600 2458 nomine
626 2402 789 2471 e/futit
808 2446 822 2469 ,
856 2415 1146 2476 portentosa
1170 2408 1437 2463 mendacia
1463 2410 1675 2464 blaterat
1696 2450 1709 2475 ,
1742 2418 1845 2465 etc.
1878 2410 2265 2477 Bcllarminus,
2295 2410 2388 2464 lib.
2422 2409 2489 2464 de
2510 2406 2872 2478 Scriptoribus
2903 2399 3290 2456 Ecclesiasticis
3316 2417 3328 2451 :
3361 2397 3489 2475 Ser-5

195 2509 403 2562 mones,
436 2494 635 2566 inquit,
681 2495 750 2549 ad
791 2494 1001 2552 Fratres
1040 2498 1095 2552 in
1137 2515 1303 2553 eremo
1340 2499 1573 2554 uidentur
1610 2518 1796 2572 magna
1833 2517 1897 2556 ex
1931 2510 2074 2573 parte
2112 2500 2334 2570 conﬁcti.
2378 2499 2520 2553 Inter
2556 2497 2675 2552 illos
2705 2499 2850 2552 multi
2878 2504 2992 2551 sunt
3023 2494 3147 2547 leves
3177 2501 3222 2545 et
3251 2488 3488 2561 fubulosi.

195 2585 417 2641 Phrasis
461 2596 533 2641 est
574 2587 779 2658 inepta,
823 2589 1138 2661 impropria,
1181 2592 1431 2647 lutulenta
1452 2633 1466 2658 ,
1500 2602 1555 2646 ut
1579 2594 1763 2647 mirum
1791 2595 1856 2649 sit
1884 2595 2104 2666 potuisse
2136 2593 2383 2664 ejusmodi
2414 2608 2665 2647 sermones
2697 2589 2758 2645 S.
2792 2589 3074 2659 Augustino
3102 2585 3162 2638 ab
3193 2584 3361 2651 aliquo
3386 2581 3491 2635 viro

193 2678 442 2749 prudente
465 2679 636 2733 tribui.
666 2672 1031 2737 Lovanienkses
1054 2680 1311 2753 Theologi
1353 2699 1581 2740 censura
1627 2687 1681 2741 in
1727 2686 1947 2743 eosdem
1992 2701 2270 2741 sermones
2312 2685 2530 2755 praeﬁxa
2572 2701 2586 2737 :
2626 2684 2768 2738 Satis
2796 2689 2990 2735 constat
3016 2678 3107 2731 sub
3138 2676 3200 2729 Ι).
3225 2671 3492 2744 Augustini

192 2770 402 2825 nomine
430 2787 463 2824 a
490 2770 711 2840 quodam
744 2773 1028 2828 semilatino
1046 2762 1281 2830 exercitii
1320 2792 1475 2831 causa
1515 2778 1825 2850 conscriptos
1866 2795 1991 2835 esse.
2037 2778 2327 2844 Aliquando
2373 2777 2677 2832 intermiscet
2723 2775 2872 2830 verba
2911 2770 3213 2841 Augustini,
3260 2764 3489 2831 Cazsarii,

195 2858 450 2933 Gregorii.
483 2858 739 2914 Martinus
763 2860 985 2931 Lypsius
1009 2878 1071 2916 ea:
1092 2864 1359 2933 phrasibus
1387 2874 1432 2919 et
1463 2866 1766 2922 dictionibus
1794 2869 2095 2939 quibusdam
2119 2871 2406 2938 suspicatur
2432 2877 2692 2923 auctorem
2717 2868 2872 2938 fuisse
2898 2864 3282 2919 exclamatorem
3314 2856 3493 2913 Gallo-

193 2953 474 3023 ﬂandrum.
508 2952 633 3008 Hac
654 2952 1033 3019 Lovanienses,
1059 2954 1149 3024 qui
1176 2969 1244 3009 ex
1264 2955 1561 3011 Mauburno
1583 2957 1785 3012 addunt
1809 2961 1901 3012 hos
1922 2975 2172 3013 sermones
2193 2976 2225 3011 a
2246 2958 2613 3014 Conservatore
2631 2956 2921 3027 Apostotico
2947 2954 3147 3025 Rhegii,
3171 2966 3304 3005 anno
3326 2948 3488 3014 MM,

194 3043 463 3099 damnatos
492 3053 538 3098 et
566 3043 877 3115 reprobatos.
905 3045 1165 3101 Erasmus
1188 3045 1255 3102 ad
1283 3047 1578 3103 Fonsecam
1610 3048 1865 3119 Arcltiep.
1896 3049 2071 3104 Tolet.
2103 3048 2416 3117 praefatione
2444 3050 2499 3103 in
2524 3048 2876 3115 Augustinum
2909 3044 3092 3099 scribit
3123 3059 3135 3095 :
3166 3040 3233 3094 In
3261 3039 3492 3094 omnibus

193 3150 312 3204 qua:
338 3135 417 3189 illi
444 3135 577 3206 falso
605 3144 722 3190 sunt
750 3136 994 3208 inscripta
1012 3178 1029 3204 ,
1057 3137 1186 3192 nihil
1225 3139 1468 3193 insulsius
1507 3149 1596 3193 aut
1637 3140 1978 3206 impudentius
2009 3140 2340 3195 Sermonibus
2369 3140 2438 3193 ad
2472 3139 2721 3194 Eremitas
2742 3179 2757 3204 ,
2788 3139 2840 3191 in
2868 3136 3046 3204 quibus
3073 3150 3163 3187 nec
3191 3135 3367 3195 verba,
3399 3145 3490 3183 nec

192 3226 477 3291 sententia,
505 3242 596 3280 nec
620 3236 810 3297 pectus,
838 3243 927 3281 nec
953 3228 1157 3284 omnino
1182 3230 1458 3302 quidquam
1486 3240 1557 3286 est
1577 3232 1863 3303 Augustino
1893 3232 2122 3303 dignum.
2154 3232 2300 3289 Idem
2325 3232 2381 3288 in
2400 3231 2541 3289 libro
2569 3233 2638 3286 de
2662 3230 2887 3286 Ratione
2912 3225 3263 3284 concionandi
3289 3222 3487 3278 tertio:

194 3314 264 3371 In
288 3317 369 3372 his
387 3316 413 3384 ,’
433 3318 529 3386 ait,
561 3319 869 3375 sermonibus
893 3321 1115 3377 cervisia:
1141 3339 1337 3394 quoque
1362 3324 1587 3379 meminit
1618 3322 1932 3378 Flandricus
1952 3364 1968 3391 ,
2014 3332 2070 3378 ut
2112 3325 2375 3395 suspicor,
2408 3324 2738 3395 Augustinus.
2784 3323 2972 3377 Omnia
2999 3322 3179 3375 miram
3209 3316 3490 3372 barbariem

193 3409 427 3479 crepant,
457 3411 677 3483 exceptis
700 3411 763 3466 iis
787 3428 901 3483 qua:
922 3429 985 3468 ea;
1008 3413 1124 3467 aliis
1150 3415 1437 3469 auctoribus
1466 3423 1638 3470 assuta
1667 3423 1804 3470 sunt.
1832 3413 2058 3483 Etenim,
2088 3425 2142 3470 ut
2167 3416 2403 3487 quaedam
2429 3424 2728 3488 argumenta
2755 3415 2943 3485 artifex
2970 3412 3057 3467 ille
3080 3410 3292 3483 sumpsit
3316 3425 3343 3463 ε
3372 3406 3491 3462 Vita

194 3500 502 3582 Augustini,
534 3503 606 3557 ita
634 3505 898 3558 materiam
922 3520 951 3558 e
973 3506 1125 3560 variis
1149 3505 1461 3561 diversorum
1486 3516 1751 3563 auctorum
1779 3507 1904 3563 locis
1922 3549 1940 3575 ,
1972 3496 2088 3562 licet
2106 3508 2307 3565 indocte
2330 3518 2378 3564 et
2398 3509 2717 3579 impudenter
2741 3507 2933 3562 omnia.
2955 3505 3212 3560 Mittimus
3236 3512 3492 3558 censuras

194 3591 349 3648 Pauli
371 3594 557 3665 Langii
587 3595 642 3650 in
668 3595 936 3650 Chronico
963 3595 1216 3653 Citizensi
1242 3597 1310 3654 ad
1337 3613 1534 3655 annum
1561 3599 1721 3666 i259,
1747 3584 1976 3655 Joannis
2002 3599 2279 3656 Mauburni
2305 3600 2360 3655 in
2387 3600 2679 3655 Venatorio
2705 3596 2964 3652 Canonici
2991 3594 3225 3659 Ordinis,
3253 3590 3488 3648 Simonis

194 3682 400 3741 Vcrlini
427 3686 482 3740 in
507 3685 642 3741 Crisi
667 3686 1070 3759 Augustiniana,
1101 3698 1157 3745 et
1179 3690 1426 3747 aliorum.
1472 3690 1776 3748 Arbitratur
1797 3693 2068 3750 Erasmus
2102 3708 2238 3763 opus
2266 3707 2387 3748 esse
2414 3691 2640 3761 alicujus
2672 3705 2739 3744 ex
2776 3685 3247 3759 Augustinensium
3283 3680 3486 3737 Ordine

195 3776 483 3843 monachi,
514 3778 606 3847 qui
634 3777 729 3832 hoc
767 3780 884 3851 fuco
919 3781 1166 3837 studuerit
1201 3798 1349 3837 suum
1377 3783 1667 3838 sodalitium
1703 3783 1813 3838 orbi
1855 3784 2214 3840 commendare
2232 3824 2250 3850 ,
2289 3785 2333 3838 si
2361 3783 2693 3853 persuasisset
2722 3789 2919 3836 tantum
2943 3779 3107 3833 uirum
3135 3778 3248 3846 ejus
3274 3771 3492 3828 instituti

196 3866 356 3935 fuisse
382 3879 658 3925 auctorem.
688 3870 849 3928 Nobis
886 3887 1046 3945 porro
1074 3860 1482 3932 tales‘videntur
1524 3877 1563 3931 ii
1604 3890 1884 3933 sermones
1903 3918 1920 3945 ,
1947 3878 2039 3949 qui
2069 3877 2217 3933 credi
2245 3877 2549 3948 potuissent
2573 3876 2642 3931 ab
2666 3875 2847 3946 aliquo
2873 3873 3052 3946 potius
3081 3866 3491 3941 Augustinensis

198 3957 415 4015 Ordinis
459 3962 654 4018 remulo
697 3962 958 4021 invidiose
1000 3980 1065 4021 ac
1108 3967 1340 4037 maligne
1380 3967 1615 4023 conficti.
1664 3965 1825 4023 Certe
1847 3968 2065 4037 quidem
2090 3967 2193 4024 viri
2218 3983 2285 4025 ex
2317 3967 2507 4025 eodem
2535 3966 2736 4024 Ordine
2763 3963 2957 4022 eruditi
2983 3978 3079 4020 eos
3103 3977 3246 4018 nunc
3272 3958 3491 4015 tandem

195 4053 598 4123 reprehendunt
624 4056 795 4125 palam
811 4063 867 4112 et
894 4056 1439 4127 repudiantJacobus
1453 4058 1698 4116 Hommei
1728 4059 1779 4114 in
1796 4050 2261 4116 Collectaneorum
2287 4059 2425 4116 libro
2455 4060 2542 4115 cui
2568 4059 3008 4131 Supplementum
3036 4056 3256 4112 Patrum
3281 4065 3483 4108 nomen

196 4139 357 4209 fecit,
391 4158 511 4214 pag.
540 4145 680 4211 645,
709 4147 1026 4202 sententiam
1060 4147 1129 4204 de
1173 4147 1258 4203 bis
1300 4150 1639 4207 sermonibus
1683 4165 1837 4207 suam
1880 4151 2013 4210 dicit
2052 4152 2107 4208 in
2150 4152 2267 4209 haec
2311 4152 2519 4209 verba:
2550 4151 2715 4208 Pauci
2755 4151 2883 4206 mihi
2923 4150 3096 4207 stilum
3138 4147 3493 4220 ingeniumque

198 4232 263 4287 S.
295 4234 531 4289 Doctoris
560 4235 823 4305 exhibent,
871 4237 1042 4307 plures
1084 4240 1425 4306 mentiuntur,
1471 4242 1680 4311 plurimi
1708 4240 1994 4309 offendunt.
2027 4242 2207 4313 Lupus
2235 4243 2601 4310 Christianus,
2645 4243 2738 4299 lib.
2784 4242 2851 4299 de
2887 4240 3104 4312 Origine
3130 4238 3491 4294 Eremitarum

195 4328 255 4386 S.
289 4332 427 4404 Aug.
454 4348 574 4406 cap.
605 4332 694 4399 55,
723 4347 825 4403 ope
849 4342 1009 4404 atque
1032 4348 1195 4405 opera
1223 4335 1369 4390 omni
1400 4336 1637 4400 enititur,
1667 4343 1726 4389 ut
1747 4349 2026 4392 sermones
2055 4336 2216 4393 iidem
2246 4337 2585 4407 abjiciantur.
2617 4336 2748 4391 Dico
2774 4337 2962 4407 itaque,
2993 4335 3087 4400 ait,
3117 4350 3176 4389 ac
3201 4340 3492 4386 constanter

196 4438 372 4481 assero
400 4430 641 4500 paetulos
667 4427 790 4482 istos
815 4443 1068 4483 sermones
1096 4444 1198 4482 non
1222 4444 1329 4483 esse
1352 4427 1655 4498 Augustini,
1698 4429 1786 4484 sed
1812 4444 1918 4483 esse
1954 4446 2084 4501 opus
2115 4433 2283 4485 nescio
2322 4433 2468 4502 cujus
2509 4430 2817 4499 impostoris.
2846 4429 2916 4482 Et
2940 4428 3098 4496 paulo
3128 4433 3248 4494 post
3276 4441 3290 4477 :
3318 4422 3493 4477 Bonus

198 4530 319 4587 ergo
344 4518 432 4573 ille
453 4519 665 4574 istorum
689 4536 978 4575 sermonum
1005 4529 1180 4575 auctor
1208 4520 1436 4576 imitatus
1463 4530 1536 4575 est
1561 4522 1726 4576 nescio
1752 4536 1880 4590 quos
1905 4523 2067 4576 nostri
2090 4522 2264 4576 siccati
2295 4523 2541 4586 homines,
2569 4523 2655 4591 qui
2681 4519 2897 4587 conﬁcta
2921 4515 3186 4580 miracula,
3212 4510 3415 4580 aliaque
3436 4512 3492 4565 id

197 4627 357 4681 genus
386 4612 521 4682 falsa
548 4614 618 4667 ad
641 4614 860 4684 alicujus
884 4614 1109 4686 religiosi
1139 4612 1348 4669 Ordinis
1370 4613 1574 4669 laudem
1598 4630 1659 4669 ac
1683 4612 2171 4669 commendationem
2198 4614 2251 4666 in
2276 4613 2454 4683 vulgus
2480 4628 2736 4683 spargere,
2760 4625 2865 4664 esse
2894 4616 3071 4681 putant
3094 4606 3302 4677 fraudes
3329 4605 3493 4659 licitas

197 4716 259 4755 ac
290 4704 422 4773 pias.
463 4702 667 4775 Nempe
702 4706 873 4775 palam
906 4722 1013 4760 esse
1055 4708 1161 4773 ait,
1194 4716 1449 4762 auctorem
1479 4706 1633 4778 fuisse
1662 4706 1922 4762 eremitam
1949 4707 2386 4778 Augustinensem.
2434 4704 2675 4774 Denique
2716 4704 2782 4758 iis
2823 4702 3102 4772 operosius
3141 4700 3395 4755 discussis
3434 4707 3493 4756 et

198 4794 387 4850 multis
427 4793 481 4849 in
518 4809 768 4850 sermone
796 4795 831 4851 5
859 4796 1155 4851 observatis
1181 4798 1455 4854 erroribus
1481 4797 1755 4854 concludit
1782 4816 1797 4851 :
1825 4795 2034 4853 Constat
2056 4812 2174 4867 ergo
2197 4796 2409 4849 istorum
2431 4810 2717 4850 sermonum
2750 4801 3005 4848 auctorem
3033 4808 3135 4847 non
3159 4807 3264 4846 esse
3290 4790 3353 4846 S.
3381 4790 3493 4844 Au-

198 4884 501 4950 gustinum,
548 4884 635 4938 sed
679 4883 845 4938 nescio
886 4900 1034 4949 quem
1077 4885 1510 4954 impudentissime
1550 4887 1880 4955 mendacem,
1927 4894 2016 4940 aut
2059 4885 2453 4956 profundissime
2489 4886 2797 4955 imperitum.
2842 4883 3145 4940 Bcrnardus
3173 4881 3491 4952 Vindingns,

202 4974 486 5048 theologus
513 4977 641 5033 item
671 4976 1087 5047 Augustinianus
1107 5015 1123 5042 ,
1150 4990 1376 5032 censura
1402 4977 1706 5032 Bellarmini
1732 4976 1943 5034 laudata
1983 4985 2036 5034 et
2076 4976 2299 5048 probata
2326 4978 2379 5031 in
2408 4975 2606 5034 Critico
2630 4975 3050 5048 Augustiniano,
3080 4975 3195 5030 bzec
3223 4975 3362 5029 inter
3389 4973 3493 5027 alia

202 5070 390 5126 scribit
418 5070 483 5126 ad
510 5085 816 5128 sermonem
846 5071 881 5126 5
911 5088 923 5125 :
958 5070 1056 5137 Qui
1084 5069 1217 5123 enim
1246 5069 1531 5139 complures
1554 5070 1685 5125 alias
1710 5078 1756 5125 et
1781 5088 1921 5144 reque
1942 5071 2123 5127 stultas
2152 5069 2351 5143 fabulas
2380 5070 2443 5124 de
2476 5070 2648 5138 Petro,
2680 5068 2824 5127 Iuda
2853 5079 2900 5126 et
2926 5069 3197 5142 Simplicio
3226 5083 3375 5123 serm.
3397 5065 3490 5133 28,

202 5152 285 5215 de
306 5163 497 5235 Cyrillo
535 5183 688 5222 serm.
729 5166 833 5232 55,
866 5163 929 5218 de
953 5161 1288 5232 Ethiopibus
1322 5164 1581 5233 acephalis
1617 5180 1769 5218 serm.
1808 5165 1909 5233 57,
1937 5164 2000 5218 de
2026 5163 2257 5236 sepulcro
2285 5161 2500 5218 Ctesaris
2537 5179 2688 5217 scrm.
2714 5163 2821 5230 48,
2853 5161 2915 5216 de
2956 5162 3176 5233 quadam
3218 5160 3389 5213 anima
3432 5156 3494 5210 de

205 5250 441 5324 λΕρῃρεο
464 5264 674 5311 coeunte
696 5272 847 5311 serm.
879 5254 969 5319 69,
1001 5255 1281 5324 honoriﬁco
1308 5254 1578 5327 Augustini
1605 5255 1810 5310 nomine
1845 5255 2157 5311 comminisci
2190 5272 2345 5312 ausus
2365 5264 2466 5322 est,
2511 5272 2614 5310 non
2649 5271 2764 5309 eum
2799 5255 2975 5309 merito
3012 5264 3058 5309 et
3086 5254 3168 5308 hic
3196 5252 3494 5322 nequissime

204 5345 468 5399 mentitum
496 5361 590 5414 pro
614 5356 748 5400 certo
778 5346 1029 5401 habeam?
1058 5356 1161 5401 etc.

279 5438 420 5493 Ante
442 5450 614 5491 annos
642 5437 834 5493 abhinc
862 5439 1075 5494 circiter
1106 5447 1372 5495 trecentos
1402 5438 1772 5493 collectionem
1798 5437 1954 5495 istam
1979 5439 2297 5496 Sermonum
2327 5440 2506 5511 (certe
2529 5453 2559 5493 a
2586 5439 2797 5495 nemine
2822 5437 2967 5507 prius
2989 5434 3287 5506 laudatam)
3316 5434 3489 5490 edidit

206 5525 624 5601 Augustinensis
648 5529 861 5586 Ordinis
885 5533 1105 5608 eremita
1134 5532 1487 5603 percelebris,
1512 5532 1776 5588 Jordanus
1805 5531 1873 5588 de
1902 5532 2138 5590 Saxonis
2160 5576 2176 5602 ,
2211 5535 2304 5605 qui
2321 5545 2474 5589 natus
2500 5532 2980 5602 Quindelimburgi,
3000 5532 3142 5588 diem
3170 5529 3301 5585 obiit
3330 5530 3492 5585 Vien-

205 5634 293 5677 na:
317 5623 386 5680 ad
414 5623 709 5680 Danubium
730 5665 745 5690 ,
771 5638 913 5680 anno
939 5626 1100 5682 1580.
1124 5626 1522 5698 Antograpltum
1551 5625 1771 5683 Jordani
1802 5636 2017 5684 servant
2041 5626 2157 5683 RR.
2185 5626 2290 5683 PP.
2324 5627 2691 5698 Augustiniani
2718 5626 2772 5681 in
2802 5625 2991 5695 majori
3031 5632 3297 5681 conventu
3340 5623 3493 5680 Pari-

208 5711 376 5772 siensi
393 5758 410 5785 ,
433 5715 541 5773 huc
557 5716 684 5774 olim
705 5715 1080 5774 transmissum
1100 5732 1228 5787 cura
1252 5721 1418 5791 ipsius
1440 5720 1674 5777 auctoris
1689 5762 1705 5790 ,
1721 5722 1815 5793 qui
1841 5720 2259 5777 admonitionem
2278 5720 2336 5777 in
2357 5720 2532 5778 fronte
2551 5719 2839 5778 voluminis
2862 5718 3075 5790 scripsit
3089 5718 3145 5774 in
3160 5718 3275 5775 haec
3290 5717 3452 5774 verba
3472 5735 3488 5771 :

192 5804 351 5899 ‘Quia
365 5813 521 5886 juxta
545 5809 1046 5913 dictuanapieittis,
1071 5815 1151 5875 Ad
1172 5816 1337 5881 locum
1357 5817 1493 5881 unde
1511 5827 1694 5917 exeunt
1714 5818 1866 5893 ﬂanti

1888 5834 1931 5882 ta
1951 5826 2285 5913 revertuntur,
2310 5827 2367 5878 ut
2383 5819 2573 5909 iterum
2593 5819 2762 5892 ﬂuant
2782 5832 2802 5879 ε
2829 5817 2946 5879 hinc
2970 5823 3045 5878 est
3068 5814 3204 5889 quod
3222 5830 3313 5888 ego
3330 5817 3490 5888 frater
