  <div class='ocr_page' id='page_1' title='image "/cluster/home/n/w/nwhite01/storage/ocr_20150623/40/hvd.32044096580626/629.png"; bbox 0 0 4120 6196; ppageno 0'>
   <div class='ocr_carea' id='block_1_1' title="bbox 532 349 675 411">
    <p class='ocr_par' dir='ltr' id='par_1_1' title="bbox 532 349 675 411">
     <span class='ocr_line' id='line_1_1' title="bbox 532 349 675 411; baseline 0 -1"><span class='ocrx_word' id='word_1_1' title='bbox 532 349 675 411; x_wconf 71' lang='grc'><strong>1245</strong></span> 
     </span>
    </p>
   </div>
   <div class='ocr_carea' id='block_1_2' title="bbox 531 453 2110 536">
    <p class='ocr_par' dir='ltr' id='par_1_2' title="bbox 531 453 2110 536">
     <span class='ocr_line' id='line_1_2' title="bbox 531 453 2110 536; baseline -0.013 -10"><span class='ocrx_word' id='word_1_2' title='bbox 531 465 777 526; x_wconf 89' lang='lat' dir='ltr'><strong>omnium</strong></span> <span class='ocrx_word' id='word_1_3' title='bbox 812 461 1049 536; x_wconf 83' lang='lat' dir='ltr'><strong>tldelium</strong></span> <span class='ocrx_word' id='word_1_4' title='bbox 1067 498 1090 536; x_wconf 87' lang='lat'><strong>,_</strong></span> <span class='ocrx_word' id='word_1_5' title='bbox 1140 455 1380 536; x_wconf 74' lang='lat' dir='ltr'><strong>custodia</strong></span> <span class='ocrx_word' id='word_1_6' title='bbox 1403 455 1667 536; x_wconf 84' lang='lat' dir='ltr'><strong>_om_nium_</strong></span> <span class='ocrx_word' id='word_1_7' title='bbox 1709 453 2015 536; x_wconf 46' lang='lat' dir='ltr'><strong>virtutum&quot;;</strong></span> <span class='ocrx_word' id='word_1_8' title='bbox 2052 459 2110 507; x_wconf 88' lang='lat' dir='ltr'><strong>tu</strong></span> 
     </span>
    </p>
   </div>
   <div class='ocr_carea' id='block_1_3' title="bbox 533 523 2112 608">
    <p class='ocr_par' dir='ltr' id='par_1_3' title="bbox 533 523 2112 608">
     <span class='ocr_line' id='line_1_3' title="bbox 533 523 2112 608; baseline -0.011 -13"><span class='ocrx_word' id='word_1_9' title='bbox 533 523 734 608; x_wconf 67' lang='lat' dir='ltr'><strong>ciuium</strong></span> <span class='ocrx_word' id='word_1_10' title='bbox 764 534 970 605; x_wconf 79' lang='lat' dir='ltr'><strong>aperis,</strong></span> <span class='ocrx_word' id='word_1_11' title='bbox 999 539 1053 588; x_wconf 90' lang='lat' dir='ltr'><strong>et</strong></span> <span class='ocrx_word' id='word_1_12' title='bbox 1071 523 1346 608; x_wconf 77' lang='lat' dir='ltr'><strong>infernum</strong></span> <span class='ocrx_word' id='word_1_13' title='bbox 1371 526 1580 608; x_wconf 75' lang='lat' dir='ltr'><strong>claudis</strong></span> <span class='ocrx_word' id='word_1_14' title='bbox 1608 545 1622 582; x_wconf 89' lang='lat'><strong>:</strong></span> <span class='ocrx_word' id='word_1_15' title='bbox 1654 533 1710 608; x_wconf 77' lang='lat' dir='ltr'><strong>tu</strong></span> <span class='ocrx_word' id='word_1_16' title='bbox 1737 523 1895 608; x_wconf 77' lang='lat' dir='ltr'><strong>etiam</strong></span> <span class='ocrx_word' id='word_1_17' title='bbox 1917 523 2112 578; x_wconf 88' lang='lat' dir='ltr'><strong>Filium</strong></span> 
     </span>
    </p>
   </div>
   <div class='ocr_carea' id='block_1_4' title="bbox 541 596 2111 678">
    <p class='ocr_par' dir='ltr' id='par_1_4' title="bbox 541 596 2111 678">
     <span class='ocr_line' id='line_1_4' title="bbox 541 596 2111 678; baseline -0.01 -13"><span class='ocrx_word' id='word_1_18' title='bbox 541 607 640 666; x_wconf 88' lang='lat' dir='ltr'><strong>Dei</strong></span> <span class='ocrx_word' id='word_1_19' title='bbox 667 606 733 662; x_wconf 85' lang='lat' dir='ltr'><strong>ad</strong></span> <span class='ocrx_word' id='word_1_20' title='bbox 756 596 1198 678; x_wconf 73' lang='lat' dir='ltr'><strong>terramposuisti</strong></span> <span class='ocrx_word' id='word_1_21' title='bbox 1221 643 1236 667; x_wconf 84' lang='lat'><strong>,</strong></span> <span class='ocrx_word' id='word_1_22' title='bbox 1262 608 1319 678; x_wconf 76' lang='lat' dir='ltr'><strong>et</strong></span> <span class='ocrx_word' id='word_1_23' title='bbox 1341 599 1486 678; x_wconf 77' lang='lat' dir='ltr'><strong>venit</strong></span> <span class='ocrx_word' id='word_1_24' title='bbox 1509 596 1923 678; x_wconf 40' lang='lat' dir='ltr'><strong>in_ter.homines</strong></span> <span class='ocrx_word' id='word_1_25' title='bbox 1941 634 1980 678; x_wconf 24' lang='grc' dir='ltr'>ελ</span> <span class='ocrx_word' id='word_1_26' title='bbox 2004 609 2111 678; x_wconf 74' lang='lat' dir='ltr'><strong>non</strong></span> 
     </span>
    </p>
   </div>
   <div class='ocr_carea' id='block_1_5' title="bbox 533 665 2113 736">
    <p class='ocr_par' dir='ltr' id='par_1_5' title="bbox 533 665 2113 736">
     <span class='ocr_line' id='line_1_5' title="bbox 533 665 2113 736; baseline -0.009 0"><span class='ocrx_word' id='word_1_27' title='bbox 533 689 596 736; x_wconf 88' lang='lat' dir='ltr'><strong>ut</strong></span> <span class='ocrx_word' id='word_1_28' title='bbox 615 679 812 734; x_wconf 84' lang='lat' dir='ltr'><strong>faceret</strong></span> <span class='ocrx_word' id='word_1_29' title='bbox 827 665 1151 730; x_wconf 74' lang='lat' dir='ltr'><strong>voluntatem</strong></span> <span class='ocrx_word' id='word_1_30' title='bbox 1177 665 1409 726; x_wconf 91' lang='lat' dir='ltr'><strong>hominis</strong></span> <span class='ocrx_word' id='word_1_31' title='bbox 1431 711 1445 736; x_wconf 93' lang='lat'><strong>,</strong></span> <span class='ocrx_word' id='word_1_32' title='bbox 1477 669 1573 724; x_wconf 89' lang='lat' dir='ltr'><strong>sed</strong></span> <span class='ocrx_word' id='word_1_33' title='bbox 1595 667 1916 722; x_wconf 75' lang='lat' dir='ltr'><strong>voluntatem</strong></span> <span class='ocrx_word' id='word_1_34' title='bbox 1941 665 2113 722; x_wconf 83' lang='lat' dir='ltr'><strong>Patris</strong></span> 
     </span>
    </p>
   </div>
   <div class='ocr_carea' id='block_1_6' title="bbox 533 736 2113 828">
    <p class='ocr_par' dir='ltr' id='par_1_6' title="bbox 533 736 2113 828">
     <span class='ocr_line' id='line_1_6' title="bbox 533 736 2113 828; baseline -0.011 -23"><span class='ocrx_word' id='word_1_35' title='bbox 533 749 654 828; x_wconf 74' lang='lat' dir='ltr'><strong>ejus</strong></span> <span class='ocrx_word' id='word_1_36' title='bbox 671 747 760 828; x_wconf 86' lang='lat' dir='ltr'><strong>qui</strong></span> <span class='ocrx_word' id='word_1_37' title='bbox 779 760 898 828; x_wconf 78' lang='lat' dir='ltr'><strong>eum</strong></span> <span class='ocrx_word' id='word_1_38' title='bbox 927 745 1090 799; x_wconf 88' lang='lat' dir='ltr'><strong>misit.</strong></span> <span class='ocrx_word' id='word_1_39' title='bbox 1120 742 1381 828; x_wconf 79' lang='lat' dir='ltr'><strong>Voluntas</strong></span> <span class='ocrx_word' id='word_1_40' title='bbox 1396 736 1878 828; x_wconf 15' lang='lat' dir='ltr'><strong>enithatt-‘istuit</strong></span> <span class='ocrx_word' id='word_1_41' title='bbox 1900 743 2113 828; x_wconf 36' lang='lat' dir='ltr'><strong>,Attt‘re-</strong></span> 
     </span>
    </p>
   </div>
   <div class='ocr_carea' id='block_1_7' title="bbox 531 810 2112 885">
    <p class='ocr_par' dir='ltr' id='par_1_7' title="bbox 531 810 2112 885">
     <span class='ocr_line' id='line_1_7' title="bbox 531 810 2112 885; baseline -0.01 -9"><span class='ocrx_word' id='word_1_42' title='bbox 531 810 764 876; x_wconf 69' lang='lat' dir='ltr'><strong>dimeret</strong></span> <span class='ocrx_word' id='word_1_43' title='bbox 786 816 1076 872; x_wconf 87' lang='lat' dir='ltr'><strong>humanum</strong></span> <span class='ocrx_word' id='word_1_44' title='bbox 1102 826 1308 885; x_wconf 33' lang='lat' dir='ltr'><strong>genus:</strong></span> <span class='ocrx_word' id='word_1_45' title='bbox 1327 820 1386 866; x_wconf 90' lang='lat' dir='ltr'><strong>ut</strong></span> <span class='ocrx_word' id='word_1_46' title='bbox 1424 810 1793 885; x_wconf 78' lang='lat' dir='ltr'><strong>reconciliaret</strong></span> <span class='ocrx_word' id='word_1_47' title='bbox 1815 816 1871 863; x_wconf 88' lang='lat' dir='ltr'><strong>et</strong></span> <span class='ocrx_word' id='word_1_48' title='bbox 1898 814 2112 885; x_wconf 67' lang='lat' dir='ltr'><strong>creatu-</strong></span> 
     </span>
    </p>
   </div>
   <div class='ocr_carea' id='block_1_8' title="bbox 531 877 2112 962">
    <p class='ocr_par' dir='ltr' id='par_1_8' title="bbox 531 877 2112 962">
     <span class='ocr_line' id='line_1_8' title="bbox 531 877 2112 962; baseline -0.009 -17"><span class='ocrx_word' id='word_1_49' title='bbox 531 903 652 945; x_wconf 79' lang='lat' dir='ltr'><strong>ram</strong></span> <span class='ocrx_word' id='word_1_50' title='bbox 677 901 968 962; x_wconf 65' lang='lat' dir='ltr'><strong>suamth</strong></span> <span class='ocrx_word' id='word_1_51' title='bbox 990 877 1241 962; x_wconf 68' lang='lat' dir='ltr'><strong>periérat.</strong></span> <span class='ocrx_word' id='word_1_52' title='bbox 1270 877 1339 938; x_wconf 85' lang='lat' dir='ltr'><strong>Et</strong></span> <span class='ocrx_word' id='word_1_53' title='bbox 1365 891 1426 936; x_wconf 93' lang='lat' dir='ltr'><strong>ut</strong></span> <span class='ocrx_word' id='word_1_54' title='bbox 1471 881 1586 962; x_wconf 69' lang='lat' dir='ltr'><strong>haec</strong></span> <span class='ocrx_word' id='word_1_55' title='bbox 1612 880 1856 962; x_wconf 84' lang='lat' dir='ltr'><strong>voluntas</strong></span> <span class='ocrx_word' id='word_1_56' title='bbox 1885 877 2112 962; x_wconf 47' lang='lat' dir='ltr'><strong>perﬁcef</strong></span> 
     </span>
    </p>
   </div>
   <div class='ocr_carea' id='block_1_9' title="bbox 533 947 2114 1033">
    <p class='ocr_par' dir='ltr' id='par_1_9' title="bbox 533 947 2114 1033">
     <span class='ocr_line' id='line_1_9' title="bbox 533 947 2114 1033; baseline -0.009 -17"><span class='ocrx_word' id='word_1_57' title='bbox 533 947 906 1033; x_wconf 62' lang='lat' dir='ltr'><strong>retur,&#39;Filiu&#39;s</strong></span> <span class='ocrx_word' id='word_1_58' title='bbox 930 947 1029 1011; x_wconf 82' lang='lat' dir='ltr'><strong>fuit</strong></span> <span class='ocrx_word' id='word_1_59' title='bbox 1053 955 1309 1033; x_wconf 76' lang='lat' dir='ltr'><strong>obediens</strong></span> <span class='ocrx_word' id='word_1_60' title='bbox 1335 951 1588 1033; x_wconf 72' lang='lat' dir='ltr'><strong>usquead</strong></span> <span class='ocrx_word' id='word_1_61' title='bbox 1619 959 1864 1033; x_wconf 74' lang='lat' dir='ltr'><strong>mortem.</strong></span> <span class='ocrx_word' id='word_1_62' title='bbox 1893 947 1966 1033; x_wconf 87' lang='lat' dir='ltr'><strong>Ut</strong></span> <span class='ocrx_word' id='word_1_63' title='bbox 1985 960 2114 1033; x_wconf 89' lang='lat' dir='ltr'><strong>ergo</strong></span> 
     </span>
    </p>
   </div>
   <div class='ocr_carea' id='block_1_10' title="bbox 534 1023 2113 1101">
    <p class='ocr_par' dir='ltr' id='par_1_10' title="bbox 534 1023 2113 1101">
     <span class='ocr_line' id='line_1_10' title="bbox 534 1023 2113 1101; baseline -0.008 -17"><span class='ocrx_word' id='word_1_64' title='bbox 534 1023 990 1101; x_wconf 41' lang='grc' dir='ltr'><strong>ῃοδίβήοη-θξεθι</strong></span> <span class='ocrx_word' id='word_1_65' title='bbox 1017 1023 1629 1101; x_wconf 67' lang='lat' dir='ltr'><strong>obedientialaboriosa,</strong></span> <span class='ocrx_word' id='word_1_66' title='bbox 1656 1023 1856 1101; x_wconf 79' lang='lat' dir='ltr'><strong>exitum</strong></span> <span class='ocrx_word' id='word_1_67' title='bbox 1875 1031 2113 1101; x_wconf 67' lang='lat' dir='ltr'><strong>prteseu-</strong></span> 
     </span>
    </p>
   </div>
   <div class='ocr_carea' id='block_1_11' title="bbox 536 1088 2115 1166">
    <p class='ocr_par' dir='ltr' id='par_1_11' title="bbox 536 1088 2115 1166">
     <span class='ocr_line' id='line_1_11' title="bbox 536 1088 2115 1166; baseline -0.008 -10"><span class='ocrx_word' id='word_1_68' title='bbox 536 1099 609 1156; x_wconf 83' lang='lat' dir='ltr'><strong>tis</strong></span> <span class='ocrx_word' id='word_1_69' title='bbox 634 1099 758 1154; x_wconf 67' lang='lat' dir='ltr'><strong>vita;</strong></span> <span class='ocrx_word' id='word_1_70' title='bbox 809 1097 1052 1152; x_wconf 83' lang='lat' dir='ltr'><strong>Salvator</strong></span> <span class='ocrx_word' id='word_1_71' title='bbox 1074 1111 1172 1166; x_wconf 90' lang='lat' dir='ltr'><strong>per</strong></span> <span class='ocrx_word' id='word_1_72' title='bbox 1209 1095 1562 1166; x_wconf 84' lang='lat' dir='ltr'><strong>obedientiam</strong></span> <span class='ocrx_word' id='word_1_73' title='bbox 1617 1088 2115 1166; x_wconf 79' lang='lat' dir='ltr'><strong>terminavit._Jure</strong></span> 
     </span>
    </p>
   </div>
   <div class='ocr_carea' id='block_1_12' title="bbox 534 1159 2116 1240">
    <p class='ocr_par' dir='ltr' id='par_1_12' title="bbox 534 1159 2116 1240">
     <span class='ocr_line' id='line_1_12' title="bbox 534 1159 2116 1240; baseline -0.008 -15"><span class='ocrx_word' id='word_1_74' title='bbox 534 1183 664 1240; x_wconf 84' lang='lat' dir='ltr'><strong>ergo</strong></span> <span class='ocrx_word' id='word_1_75' title='bbox 691 1168 995 1240; x_wconf 72' lang='lat' dir='ltr'><strong>obedientia</strong></span> <span class='ocrx_word' id='word_1_76' title='bbox 1008 1159 1161 1240; x_wconf 82' lang='lat' dir='ltr'><strong>omni</strong></span> <span class='ocrx_word' id='word_1_77' title='bbox 1207 1163 1471 1240; x_wconf 83' lang='lat' dir='ltr'><strong>sacrificio</strong></span> <span class='ocrx_word' id='word_1_78' title='bbox 1494 1161 1852 1240; x_wconf 70' lang='lat' dir='ltr'><strong>praeponitur;</strong></span> <span class='ocrx_word' id='word_1_79' title='bbox 1880 1159 2006 1240; x_wconf 79' lang='lat' dir='ltr'><strong>quia</strong></span> <span class='ocrx_word' id='word_1_80' title='bbox 2047 1160 2116 1214; x_wconf 85' lang='lat' dir='ltr'><strong>de</strong></span> 
     </span>
    </p>
   </div>
   <div class='ocr_carea' id='block_1_13' title="bbox 535 1229 2114 1318">
    <p class='ocr_par' dir='ltr' id='par_1_13' title="bbox 535 1229 2114 1318">
     <span class='ocr_line' id='line_1_13' title="bbox 535 1229 2114 1318; baseline -0.009 -23"><span class='ocrx_word' id='word_1_81' title='bbox 535 1229 802 1318; x_wconf 46' lang='lat' dir='ltr'><strong>polestate</strong></span> <span class='ocrx_word' id='word_1_82' title='bbox 819 1237 1018 1318; x_wconf 76' lang='lat' dir='ltr'><strong>diaboli</strong></span> <span class='ocrx_word' id='word_1_83' title='bbox 1044 1251 1142 1318; x_wconf 88' lang='lat' dir='ltr'><strong>nos</strong></span> <span class='ocrx_word' id='word_1_84' title='bbox 1156 1236 1382 1318; x_wconf 72' lang='lat' dir='ltr'><strong>eripuit,</strong></span> <span class='ocrx_word' id='word_1_85' title='bbox 1413 1229 1554 1318; x_wconf 78' lang='lat' dir='ltr'><strong>quod</strong></span> <span class='ocrx_word' id='word_1_86' title='bbox 1582 1229 1784 1318; x_wconf 72' lang='lat' dir='ltr'><strong>nullum</strong></span> <span class='ocrx_word' id='word_1_87' title='bbox 1811 1229 1984 1318; x_wconf 74' lang='lat' dir='ltr'><strong>legale</strong></span> <span class='ocrx_word' id='word_1_88' title='bbox 2001 1243 2114 1318; x_wconf 60' lang='lat' dir='ltr'><strong>sa:</strong></span> 
     </span>
    </p>
   </div>
   <div class='ocr_carea' id='block_1_14' title="bbox 537 1306 2116 1378">
    <p class='ocr_par' dir='ltr' id='par_1_14' title="bbox 537 1306 2116 1378">
     <span class='ocr_line' id='line_1_14' title="bbox 537 1306 2116 1378; baseline -0.008 -12"><span class='ocrx_word' id='word_1_89' title='bbox 537 1306 794 1367; x_wconf 62' lang='lat' dir='ltr'><strong>orificium</strong></span> <span class='ocrx_word' id='word_1_90' title='bbox 824 1308 999 1363; x_wconf 88' lang='lat' dir='ltr'><strong>facere</strong></span> <span class='ocrx_word' id='word_1_91' title='bbox 1024 1308 1213 1378; x_wconf 90' lang='lat' dir='ltr'><strong>potuit.</strong></span> <span class='ocrx_word' id='word_1_92' title='bbox 1242 1306 1351 1378; x_wconf 88' lang='lat' dir='ltr'><strong>Nec</strong></span> <span class='ocrx_word' id='word_1_93' title='bbox 1371 1306 1559 1378; x_wconf 87' lang='lat' dir='ltr'><strong>mirum</strong></span> <span class='ocrx_word' id='word_1_94' title='bbox 1581 1343 1594 1369; x_wconf 93' lang='lat'><strong>,</strong></span> <span class='ocrx_word' id='word_1_95' title='bbox 1621 1306 1666 1357; x_wconf 93' lang='lat' dir='ltr'><strong>si</strong></span> <span class='ocrx_word' id='word_1_96' title='bbox 1687 1315 1784 1378; x_wconf 77' lang='lat' dir='ltr'><strong>nos</strong></span> <span class='ocrx_word' id='word_1_97' title='bbox 1809 1309 2116 1378; x_wconf 74' lang='lat' dir='ltr'><strong>peccatores</strong></span> 
     </span>
    </p>
   </div>
   <div class='ocr_carea' id='block_1_15' title="bbox 536 1370 2115 1452">
    <p class='ocr_par' dir='ltr' id='par_1_15' title="bbox 536 1370 2115 1452">
     <span class='ocr_line' id='line_1_15' title="bbox 536 1370 2115 1452; baseline -0.009 -16"><span class='ocrx_word' id='word_1_98' title='bbox 536 1380 855 1452; x_wconf 62' lang='lat' dir='ltr'><strong>obedientiaz</strong></span> <span class='ocrx_word' id='word_1_99' title='bbox 880 1370 1191 1452; x_wconf 15' lang='lat' dir='ltr'><strong>in_ha&#39;etvita</strong></span> <span class='ocrx_word' id='word_1_100' title='bbox 1223 1377 1532 1452; x_wconf 76' lang='lat' dir='ltr'><strong>subjicimur</strong></span> <span class='ocrx_word' id='word_1_101' title='bbox 1551 1417 1564 1437; x_wconf 93' lang='lat'><strong>,</strong></span> <span class='ocrx_word' id='word_1_102' title='bbox 1592 1371 1804 1442; x_wconf 88' lang='lat' dir='ltr'><strong>quando</strong></span> <span class='ocrx_word' id='word_1_103' title='bbox 1831 1375 1967 1452; x_wconf 75' lang='lat' dir='ltr'><strong>hanc</strong></span> <span class='ocrx_word' id='word_1_104' title='bbox 2002 1370 2115 1452; x_wconf 64' lang='lat' dir='ltr'><strong>bte-</strong></span> 
     </span>
    </p>
   </div>
   <div class='ocr_carea' id='block_1_16' title="bbox 536 1440 2111 1508">
    <p class='ocr_par' dir='ltr' id='par_1_16' title="bbox 536 1440 2111 1508">
     <span class='ocr_line' id='line_1_16' title="bbox 536 1440 2111 1508; baseline -0.008 -2"><span class='ocrx_word' id='word_1_105' title='bbox 536 1449 714 1506; x_wconf 77' lang='lat' dir='ltr'><strong>diator</strong></span> <span class='ocrx_word' id='word_1_106' title='bbox 741 1450 835 1506; x_wconf 88' lang='lat' dir='ltr'><strong>Dei</strong></span> <span class='ocrx_word' id='word_1_107' title='bbox 857 1458 912 1504; x_wconf 89' lang='lat' dir='ltr'><strong>et</strong></span> <span class='ocrx_word' id='word_1_108' title='bbox 939 1449 1212 1508; x_wconf 86' lang='lat' dir='ltr'><strong>hominum</strong></span> <span class='ocrx_word' id='word_1_109' title='bbox 1241 1440 1401 1503; x_wconf 76' lang='lat' dir='ltr'><strong>etiam</strong></span> <span class='ocrx_word' id='word_1_110' title='bbox 1432 1446 1486 1500; x_wconf 90' lang='lat' dir='ltr'><strong>in</strong></span> <span class='ocrx_word' id='word_1_111' title='bbox 1512 1440 1686 1500; x_wconf 84' lang='lat' dir='ltr'><strong>morte</strong></span> <span class='ocrx_word' id='word_1_112' title='bbox 1711 1456 1818 1498; x_wconf 93' lang='lat' dir='ltr'><strong>non</strong></span> <span class='ocrx_word' id='word_1_113' title='bbox 1841 1440 2111 1505; x_wconf 88' lang='lat' dir='ltr'><strong>deseruit,</strong></span> 
     </span>
    </p>
   </div>
   <div class='ocr_carea' id='block_1_17' title="bbox 537 1512 2114 1590">
    <p class='ocr_par' dir='ltr' id='par_1_17' title="bbox 537 1512 2114 1590">
     <span class='ocr_line' id='line_1_17' title="bbox 537 1512 2114 1590; baseline -0.008 -14"><span class='ocrx_word' id='word_1_114' title='bbox 537 1528 597 1590; x_wconf 84' lang='lat' dir='ltr'><strong>et</strong></span> <span class='ocrx_word' id='word_1_115' title='bbox 643 1521 694 1575; x_wconf 90' lang='lat' dir='ltr'><strong>ei</strong></span> <span class='ocrx_word' id='word_1_116' title='bbox 737 1535 798 1575; x_wconf 89' lang='lat' dir='ltr'><strong>se</strong></span> <span class='ocrx_word' id='word_1_117' title='bbox 839 1519 1066 1590; x_wconf 79' lang='lat' dir='ltr'><strong>subjecit</strong></span> <span class='ocrx_word' id='word_1_118' title='bbox 1091 1519 1180 1589; x_wconf 90' lang='lat' dir='ltr'><strong>qui</strong></span> <span class='ocrx_word' id='word_1_119' title='bbox 1206 1533 1301 1588; x_wconf 88' lang='lat' dir='ltr'><strong>per</strong></span> <span class='ocrx_word' id='word_1_120' title='bbox 1325 1517 1501 1590; x_wconf 76' lang='lat' dir='ltr'><strong>omnia</strong></span> <span class='ocrx_word' id='word_1_121' title='bbox 1547 1514 1703 1590; x_wconf 78' lang='lat' dir='ltr'><strong>Patri</strong></span> <span class='ocrx_word' id='word_1_122' title='bbox 1733 1520 1849 1590; x_wconf 77' lang='lat' dir='ltr'><strong>erat</strong></span> <span class='ocrx_word' id='word_1_123' title='bbox 1875 1512 2114 1590; x_wconf 61' lang='lat' dir='ltr'><strong>aequalis:</strong></span> 
     </span>
    </p>
   </div>
   <div class='ocr_carea' id='block_1_18' title="bbox 539 1579 2117 1660">
    <p class='ocr_par' dir='ltr' id='par_1_18' title="bbox 539 1579 2117 1660">
     <span class='ocr_line' id='line_1_18' title="bbox 539 1579 2117 1660; baseline -0.008 -13"><span class='ocrx_word' id='word_1_124' title='bbox 539 1589 650 1647; x_wconf 83' lang='lat' dir='ltr'><strong>Nos</strong></span> <span class='ocrx_word' id='word_1_125' title='bbox 667 1599 844 1660; x_wconf 84' lang='lat' dir='ltr'><strong>autem</strong></span> <span class='ocrx_word' id='word_1_126' title='bbox 874 1579 1090 1660; x_wconf 75' lang='lat' dir='ltr'><strong>propter</strong></span> <span class='ocrx_word' id='word_1_127' title='bbox 1108 1579 1386 1659; x_wconf 75' lang='lat' dir='ltr'><strong>peceatum</strong></span> <span class='ocrx_word' id='word_1_128' title='bbox 1417 1587 1533 1660; x_wconf 79' lang='lat' dir='ltr'><strong>aliis</strong></span> <span class='ocrx_word' id='word_1_129' title='bbox 1562 1584 1866 1660; x_wconf 85' lang='lat' dir='ltr'><strong>hominibus</strong></span> <span class='ocrx_word' id='word_1_130' title='bbox 1893 1579 2117 1660; x_wconf 75' lang='lat' dir='ltr'><strong>subjecti</strong></span> 
     </span>
    </p>
   </div>
   <div class='ocr_carea' id='block_1_19' title="bbox 539 1653 2116 1736">
    <p class='ocr_par' dir='ltr' id='par_1_19' title="bbox 539 1653 2116 1736">
     <span class='ocr_line' id='line_1_19' title="bbox 539 1653 2116 1736; baseline -0.007 -20"><span class='ocrx_word' id='word_1_131' title='bbox 539 1675 744 1736; x_wconf 83' lang='lat' dir='ltr'><strong>sumus.</strong></span> <span class='ocrx_word' id='word_1_132' title='bbox 767 1653 900 1716; x_wconf 84' lang='lat' dir='ltr'><strong>Nam</strong></span> <span class='ocrx_word' id='word_1_133' title='bbox 929 1653 1334 1736; x_wconf 36' lang='lat' dir='ltr'><strong>naturaiomnes</strong></span> <span class='ocrx_word' id='word_1_134' title='bbox 1354 1657 1588 1736; x_wconf 66' lang='lat' dir='ltr'><strong>tequales</strong></span> <span class='ocrx_word' id='word_1_135' title='bbox 1611 1656 1794 1736; x_wconf 79' lang='lat' dir='ltr'><strong>genuit</strong></span> <span class='ocrx_word' id='word_1_136' title='bbox 1818 1672 1831 1707; x_wconf 88' lang='lat'>:</span> <span class='ocrx_word' id='word_1_137' title='bbox 1854 1653 1958 1736; x_wconf 67' lang='lat' dir='ltr'><strong>sed</strong></span> <span class='ocrx_word' id='word_1_138' title='bbox 1978 1653 2116 1736; x_wconf 62' lang='lat' dir='ltr'><strong>inae-</strong></span> 
     </span>
    </p>
   </div>
   <div class='ocr_carea' id='block_1_20' title="bbox 540 1724 2116 1802">
    <p class='ocr_par' dir='ltr' id='par_1_20' title="bbox 540 1724 2116 1802">
     <span class='ocr_line' id='line_1_20' title="bbox 540 1724 2116 1802; baseline -0.007 -15"><span class='ocrx_word' id='word_1_139' title='bbox 540 1731 767 1802; x_wconf 78' lang='lat' dir='ltr'><strong>qualitas</strong></span> <span class='ocrx_word' id='word_1_140' title='bbox 793 1746 913 1802; x_wconf 65' lang='lat' dir='ltr'><strong>quae</strong></span> <span class='ocrx_word' id='word_1_141' title='bbox 936 1732 1160 1788; x_wconf 89' lang='lat' dir='ltr'><strong>accessit</strong></span> <span class='ocrx_word' id='word_1_142' title='bbox 1192 1746 1258 1785; x_wconf 77' lang='lat' dir='ltr'><strong>ex</strong></span> <span class='ocrx_word' id='word_1_143' title='bbox 1285 1724 1453 1802; x_wconf 61' lang='lat' dir='ltr'><strong>vitio&#39;,</strong></span> <span class='ocrx_word' id='word_1_144' title='bbox 1481 1735 1564 1802; x_wconf 79' lang='lat' dir='ltr'><strong>est</strong></span> <span class='ocrx_word' id='word_1_145' title='bbox 1588 1724 1826 1802; x_wconf 72' lang='lat' dir='ltr'><strong>ordinata</strong></span> <span class='ocrx_word' id='word_1_146' title='bbox 1854 1724 2116 1802; x_wconf 68' lang='lat' dir='ltr'><strong>Deijudi-</strong></span> 
     </span>
    </p>
   </div>
   <div class='ocr_carea' id='block_1_21' title="bbox 540 1794 2119 1876">
    <p class='ocr_par' dir='ltr' id='par_1_21' title="bbox 540 1794 2119 1876">
     <span class='ocr_line' id='line_1_21' title="bbox 540 1794 2119 1876; baseline -0.005 -20"><span class='ocrx_word' id='word_1_147' title='bbox 540 1794 628 1876; x_wconf 71' lang='lat' dir='ltr'><strong>cio</strong></span> <span class='ocrx_word' id='word_1_148' title='bbox 646 1794 850 1876; x_wconf 33' lang='lat' dir='ltr'><strong>tunde</strong></span> <span class='ocrx_word' id='word_1_149' title='bbox 875 1817 974 1858; x_wconf 91' lang='lat' dir='ltr'><strong>nos</strong></span> <span class='ocrx_word' id='word_1_150' title='bbox 1001 1809 1214 1872; x_wconf 84' lang='lat' dir='ltr'><strong>oportet</strong></span> <span class='ocrx_word' id='word_1_151' title='bbox 1258 1800 1498 1876; x_wconf 32' lang='lat' dir='ltr'><strong>obedire‘</strong></span> <span class='ocrx_word' id='word_1_152' title='bbox 1521 1797 1843 1876; x_wconf 78' lang='lat' dir='ltr'><strong>hominibus.</strong></span> <span class='ocrx_word' id='word_1_153' title='bbox 2023 1808 2119 1876; x_wconf 78' lang='lat' dir='ltr'><strong>per</strong></span> 
     </span>
    </p>
   </div>
   <div class='ocr_carea' id='block_1_22' title="bbox 539 1867 2117 1946">
    <p class='ocr_par' dir='ltr' id='par_1_22' title="bbox 539 1867 2117 1946">
     <span class='ocr_line' id='line_1_22' title="bbox 539 1867 2117 1946; baseline -0.007 -18"><span class='ocrx_word' id='word_1_154' title='bbox 539 1867 907 1946; x_wconf 16' lang='lat' dir='ltr'><strong>obedientiam,</strong></span> <span class='ocrx_word' id='word_1_155' title='bbox 947 1867 1216 1946; x_wconf 80' lang='lat' dir='ltr'><strong>nunquam</strong></span> <span class='ocrx_word' id='word_1_156' title='bbox 1237 1868 1597 1946; x_wconf 40' lang='lat' dir='ltr'><strong>_dcbet._fieri_</strong></span> <span class='ocrx_word' id='word_1_157' title='bbox 1624 1867 1869 1946; x_wconf 53' lang='lat' dir='ltr'><strong>malum,</strong></span> <span class='ocrx_word' id='word_1_158' title='bbox 1909 1867 2117 1946; x_wconf 70' lang='lat' dir='ltr'><strong>etiamsi</strong></span> 
     </span>
    </p>
   </div>
   <div class='ocr_carea' id='block_1_23' title="bbox 541 1935 2118 2018">
    <p class='ocr_par' dir='ltr' id='par_1_23' title="bbox 541 1935 2118 2018">
     <span class='ocr_line' id='line_1_23' title="bbox 541 1935 2118 2018; baseline -0.008 -19"><span class='ocrx_word' id='word_1_159' title='bbox 541 1941 778 2018; x_wconf 48' lang='lat' dir='ltr'><strong>Anngelus</strong></span> <span class='ocrx_word' id='word_1_160' title='bbox 808 1945 909 2018; x_wconf 69' lang='lat' dir='ltr'><strong>vel</strong></span> <span class='ocrx_word' id='word_1_161' title='bbox 957 1935 1322 2018; x_wconf 53' lang='lat' dir='ltr'><strong>archangelus</strong></span> <span class='ocrx_word' id='word_1_162' title='bbox 1341 1982 1354 2006; x_wconf 92' lang='lat'><strong>,</strong></span> <span class='ocrx_word' id='word_1_163' title='bbox 1401 1938 1692 2018; x_wconf 70' lang='lat' dir='ltr'><strong>cherubim</strong></span> <span class='ocrx_word' id='word_1_164' title='bbox 1721 1937 1804 2018; x_wconf 67' lang='lat' dir='ltr'><strong>vel</strong></span> <span class='ocrx_word' id='word_1_165' title='bbox 1836 1935 2118 2018; x_wconf 64' lang='lat' dir='ltr'><strong>Seraphin:</strong></span> 
     </span>
    </p>
   </div>
   <div class='ocr_carea' id='block_1_24' title="bbox 540 2005 2121 2080">
    <p class='ocr_par' dir='ltr' id='par_1_24' title="bbox 540 2005 2121 2080">
     <span class='ocr_line' id='line_1_24' title="bbox 540 2005 2121 2080; baseline -0.006 -12"><span class='ocrx_word' id='word_1_166' title='bbox 540 2005 952 2080; x_wconf 60' lang='lat' dir='ltr'><strong>tibi&#39;praecipiat.</strong></span> <span class='ocrx_word' id='word_1_167' title='bbox 980 2013 1088 2066; x_wconf 86' lang='lat' dir='ltr'><strong>Nec</strong></span> <span class='ocrx_word' id='word_1_168' title='bbox 1113 2005 1270 2066; x_wconf 74' lang='lat' dir='ltr'><strong>etiam</strong></span> <span class='ocrx_word' id='word_1_169' title='bbox 1299 2005 1414 2077; x_wconf 89' lang='lat' dir='ltr'><strong>ipso</strong></span> <span class='ocrx_word' id='word_1_170' title='bbox 1454 2011 1623 2074; x_wconf 90' lang='lat' dir='ltr'><strong>Deus,</strong></span> <span class='ocrx_word' id='word_1_171' title='bbox 1648 2009 1738 2077; x_wconf 90' lang='lat' dir='ltr'><strong>qui</strong></span> <span class='ocrx_word' id='word_1_172' title='bbox 1777 2016 1873 2080; x_wconf 89' lang='lat' dir='ltr'><strong>est_</strong></span> <span class='ocrx_word' id='word_1_173' title='bbox 1904 2005 2121 2080; x_wconf 74' lang='lat' dir='ltr'><strong>benedi-</strong></span> 
     </span>
    </p>
   </div>
   <div class='ocr_carea' id='block_1_25' title="bbox 539 2073 2118 2160">
    <p class='ocr_par' dir='ltr' id='par_1_25' title="bbox 539 2073 2118 2160">
     <span class='ocr_line' id='line_1_25' title="bbox 539 2073 2118 2160; baseline -0.005 -24"><span class='ocrx_word' id='word_1_174' title='bbox 539 2073 742 2160; x_wconf 65' lang='lat' dir='ltr'><strong>etus&#39;in</strong></span> <span class='ocrx_word' id='word_1_175' title='bbox 765 2073 954 2138; x_wconf 73' lang='lat' dir='ltr'><strong>saecula</strong></span> <span class='ocrx_word' id='word_1_176' title='bbox 975 2090 1193 2160; x_wconf 77' lang='lat' dir='ltr'><strong>,_potest</strong></span> <span class='ocrx_word' id='word_1_177' title='bbox 1215 2073 1370 2160; x_wconf 71' lang='lat' dir='ltr'><strong>nobis</strong></span> <span class='ocrx_word' id='word_1_178' title='bbox 1395 2073 1705 2160; x_wconf 48' lang='lat' dir='ltr'><strong>praecipere,</strong></span> <span class='ocrx_word' id='word_1_179' title='bbox 1737 2075 1877 2160; x_wconf 78' lang='lat' dir='ltr'><strong>quod</strong></span> <span class='ocrx_word' id='word_1_180' title='bbox 1905 2084 2016 2130; x_wconf 92' lang='lat' dir='ltr'><strong>toto</strong></span> <span class='ocrx_word' id='word_1_181' title='bbox 2035 2073 2118 2160; x_wconf 72' lang='lat' dir='ltr'><strong>af-</strong></span> 
     </span>
    </p>
   </div>
   <div class='ocr_carea' id='block_1_26' title="bbox 541 2145 2120 2222">
    <p class='ocr_par' dir='ltr' id='par_1_26' title="bbox 541 2145 2120 2222">
     <span class='ocr_line' id='line_1_26' title="bbox 541 2145 2120 2222; baseline -0.004 -16"><span class='ocrx_word' id='word_1_182' title='bbox 541 2149 683 2222; x_wconf 79' lang='lat' dir='ltr'><strong>fectu</strong></span> <span class='ocrx_word' id='word_1_183' title='bbox 703 2165 826 2222; x_wconf 86' lang='lat' dir='ltr'><strong>eum</strong></span> <span class='ocrx_word' id='word_1_184' title='bbox 852 2167 960 2208; x_wconf 89' lang='lat' dir='ltr'><strong>non</strong></span> <span class='ocrx_word' id='word_1_185' title='bbox 978 2145 1278 2222; x_wconf 77' lang='lat' dir='ltr'><strong>diligamus.</strong></span> <span class='ocrx_word' id='word_1_186' title='bbox 1305 2145 1416 2222; x_wconf 76' lang='lat' dir='ltr'><strong>Sed</strong></span> <span class='ocrx_word' id='word_1_187' title='bbox 1431 2145 1574 2222; x_wconf 79' lang='lat' dir='ltr'><strong>scire</strong></span> <span class='ocrx_word' id='word_1_188' title='bbox 1595 2145 1802 2222; x_wconf 76' lang='lat' dir='ltr'><strong>debetis</strong></span> <span class='ocrx_word' id='word_1_189' title='bbox 1822 2187 1837 2211; x_wconf 95' lang='lat'><strong>,</strong></span> <span class='ocrx_word' id='word_1_190' title='bbox 1867 2145 2120 2222; x_wconf 80' lang='lat' dir='ltr'><strong>sacerdo-</strong></span> 
     </span>
    </p>
   </div>
   <div class='ocr_carea' id='block_1_27' title="bbox 543 2215 2121 2294">
    <p class='ocr_par' dir='ltr' id='par_1_27' title="bbox 543 2215 2121 2294">
     <span class='ocr_line' id='line_1_27' title="bbox 543 2215 2121 2294; baseline -0.004 -17"><span class='ocrx_word' id='word_1_191' title='bbox 543 2227 628 2294; x_wconf 74' lang='lat' dir='ltr'><strong>tes</strong></span> <span class='ocrx_word' id='word_1_192' title='bbox 656 2220 784 2288; x_wconf 88' lang='lat' dir='ltr'><strong>Dei,</strong></span> <span class='ocrx_word' id='word_1_193' title='bbox 817 2224 938 2294; x_wconf 83' lang='lat' dir='ltr'><strong>quia</strong></span> <span class='ocrx_word' id='word_1_194' title='bbox 963 2215 1179 2294; x_wconf 67' lang='lat' dir='ltr'><strong>propter</strong></span> <span class='ocrx_word' id='word_1_195' title='bbox 1200 2221 1608 2294; x_wconf 73' lang='lat' dir='ltr'><strong>inobedientjam</strong></span> <span class='ocrx_word' id='word_1_196' title='bbox 1637 2215 1922 2294; x_wconf 75' lang='lat' dir='ltr'><strong>aliquando</strong></span> <span class='ocrx_word' id='word_1_197' title='bbox 1961 2215 2121 2271; x_wconf 83' lang='lat' dir='ltr'><strong>debet</strong></span> 
     </span>
    </p>
   </div>
   <div class='ocr_carea' id='block_1_28' title="bbox 541 2288 2118 2369">
    <p class='ocr_par' dir='ltr' id='par_1_28' title="bbox 541 2288 2118 2369">
     <span class='ocr_line' id='line_1_28' title="bbox 541 2288 2118 2369; baseline -0.004 -23"><span class='ocrx_word' id='word_1_198' title='bbox 541 2288 742 2346; x_wconf 85' lang='lat' dir='ltr'><strong>bonum</strong></span> <span class='ocrx_word' id='word_1_199' title='bbox 769 2288 915 2369; x_wconf 59' lang='lat' dir='ltr'><strong>quod</strong></span> <span class='ocrx_word' id='word_1_200' title='bbox 938 2288 1145 2369; x_wconf 74' lang='lat' dir='ltr'><strong>agimus</strong></span> <span class='ocrx_word' id='word_1_201' title='bbox 1169 2292 1469 2369; x_wconf 77' lang='lat' dir='ltr'><strong>intermitti.</strong></span> <span class='ocrx_word' id='word_1_202' title='bbox 1498 2290 1694 2346; x_wconf 87' lang='lat' dir='ltr'><strong>Verum</strong></span> <span class='ocrx_word' id='word_1_203' title='bbox 1718 2288 1840 2359; x_wconf 90' lang='lat' dir='ltr'><strong>quia</strong></span> <span class='ocrx_word' id='word_1_204' title='bbox 1867 2301 2118 2369; x_wconf 67' lang='lat' dir='ltr'><strong>nonnun-</strong></span> 
     </span>
    </p>
   </div>
   <div class='ocr_carea' id='block_1_29' title="bbox 539 2363 2120 2433">
    <p class='ocr_par' dir='ltr' id='par_1_29' title="bbox 539 2363 2120 2433">
     <span class='ocr_line' id='line_1_29' title="bbox 539 2363 2120 2433; baseline -0.003 -17"><span class='ocrx_word' id='word_1_205' title='bbox 539 2375 700 2433; x_wconf 75' lang='lat' dir='ltr'><strong>quam</strong></span> <span class='ocrx_word' id='word_1_206' title='bbox 724 2363 877 2418; x_wconf 89' lang='lat' dir='ltr'><strong>nobis</strong></span> <span class='ocrx_word' id='word_1_207' title='bbox 902 2363 1055 2421; x_wconf 80' lang='lat' dir='ltr'><strong>istius</strong></span> <span class='ocrx_word' id='word_1_208' title='bbox 1091 2364 1272 2418; x_wconf 86' lang='lat' dir='ltr'><strong>mundi</strong></span> <span class='ocrx_word' id='word_1_209' title='bbox 1301 2375 1585 2433; x_wconf 78' lang='lat' dir='ltr'><strong>prcepera,</strong></span> <span class='ocrx_word' id='word_1_210' title='bbox 1640 2363 2120 2433; x_wconf 72' lang='lat' dir='ltr'><strong>nonnunquamju-</strong></span> 
     </span>
    </p>
   </div>
   <div class='ocr_carea' id='block_1_30' title="bbox 539 2427 2118 2505">
    <p class='ocr_par' dir='ltr' id='par_1_30' title="bbox 539 2427 2118 2505">
     <span class='ocr_line' id='line_1_30' title="bbox 539 2427 2118 2505; baseline -0.003 -19"><span class='ocrx_word' id='word_1_211' title='bbox 539 2427 738 2505; x_wconf 63' lang='lat' dir='ltr'><strong>bentur</strong></span> <span class='ocrx_word' id='word_1_212' title='bbox 761 2433 984 2505; x_wconf 82' lang='lat' dir='ltr'><strong>adversa</strong></span> <span class='ocrx_word' id='word_1_213' title='bbox 1014 2452 1027 2488; x_wconf 91' lang='lat'><strong>:</strong></span> <span class='ocrx_word' id='word_1_214' title='bbox 1057 2427 1334 2505; x_wconf 71' lang='lat' dir='ltr'><strong>propterea</strong></span> <span class='ocrx_word' id='word_1_215' title='bbox 1362 2427 1644 2505; x_wconf 77' lang='lat' dir='ltr'><strong>sciendum</strong></span> <span class='ocrx_word' id='word_1_216' title='bbox 1663 2438 1776 2505; x_wconf 73' lang='lat' dir='ltr'><strong>est,</strong></span> <span class='ocrx_word' id='word_1_217' title='bbox 1821 2428 1962 2499; x_wconf 90' lang='lat' dir='ltr'><strong>quod</strong></span> <span class='ocrx_word' id='word_1_218' title='bbox 1986 2427 2118 2505; x_wconf 74' lang='lat' dir='ltr'><strong>obe-</strong></span> 
     </span>
    </p>
   </div>
   <div class='ocr_carea' id='block_1_31' title="bbox 539 2499 2118 2574">
    <p class='ocr_par' dir='ltr' id='par_1_31' title="bbox 539 2499 2118 2574">
     <span class='ocr_line' id='line_1_31' title="bbox 539 2499 2118 2574; baseline -0.003 -16"><span class='ocrx_word' id='word_1_219' title='bbox 539 2499 738 2559; x_wconf 75' lang='lat' dir='ltr'><strong>dientia</strong></span> <span class='ocrx_word' id='word_1_220' title='bbox 791 2499 1075 2574; x_wconf 83' lang='lat' dir='ltr'><strong>aliquando</strong></span> <span class='ocrx_word' id='word_1_221' title='bbox 1101 2499 1260 2560; x_wconf 65' lang='lat' dir='ltr'><strong>si&#39;de</strong></span> <span class='ocrx_word' id='word_1_222' title='bbox 1305 2518 1404 2560; x_wconf 86' lang='lat' dir='ltr'><strong>suo</strong></span> <span class='ocrx_word' id='word_1_223' title='bbox 1445 2501 1673 2574; x_wconf 76' lang='lat' dir='ltr'><strong>aliquid</strong></span> <span class='ocrx_word' id='word_1_224' title='bbox 1696 2501 1886 2574; x_wconf 80' lang='lat' dir='ltr'><strong>habeat</strong></span> <span class='ocrx_word' id='word_1_225' title='bbox 1908 2539 1923 2564; x_wconf 94' lang='lat'><strong>,</strong></span> <span class='ocrx_word' id='word_1_226' title='bbox 1956 2499 2118 2574; x_wconf 70' lang='lat' dir='ltr'><strong>nulla</strong></span> 
     </span>
    </p>
   </div>
   <div class='ocr_carea' id='block_1_32' title="bbox 539 2568 2171 2646">
    <p class='ocr_par' dir='ltr' id='par_1_32' title="bbox 539 2568 2171 2646">
     <span class='ocr_line' id='line_1_32' title="bbox 539 2568 2171 2646; baseline -0.002 -19"><span class='ocrx_word' id='word_1_227' title='bbox 539 2582 655 2639; x_wconf 85' lang='lat' dir='ltr'><strong>est;</strong></span> <span class='ocrx_word' id='word_1_228' title='bbox 682 2568 986 2646; x_wconf 69' lang='lat' dir='ltr'><strong>aliquando,</strong></span> <span class='ocrx_word' id='word_1_229' title='bbox 1005 2576 1050 2646; x_wconf 85' lang='lat' dir='ltr'><strong>si</strong></span> <span class='ocrx_word' id='word_1_230' title='bbox 1090 2575 1159 2646; x_wconf 90' lang='lat' dir='ltr'><strong>de</strong></span> <span class='ocrx_word' id='word_1_231' title='bbox 1181 2588 1282 2631; x_wconf 90' lang='lat' dir='ltr'><strong>suo</strong></span> <span class='ocrx_word' id='word_1_232' title='bbox 1305 2573 1502 2646; x_wconf 88' lang='lat' dir='ltr'><strong>aliquid</strong></span> <span class='ocrx_word' id='word_1_233' title='bbox 1524 2568 1627 2627; x_wconf 80' lang='lat' dir='ltr'><strong>non</strong></span> <span class='ocrx_word' id='word_1_234' title='bbox 1659 2571 1875 2646; x_wconf 77' lang='lat' dir='ltr'><strong>habeat,</strong></span> <span class='ocrx_word' id='word_1_235' title='bbox 1896 2568 2118 2646; x_wconf 79' lang='lat' dir='ltr'><strong>minima</strong></span> <span class='ocrx_word' id='word_1_236' title='bbox 2167 2592 2171 2596; x_wconf 90' lang='grc'><strong>·</strong></span> 
     </span>
    </p>
   </div>
   <div class='ocr_carea' id='block_1_33' title="bbox 539 2642 2149 2718">
    <p class='ocr_par' dir='ltr' id='par_1_33' title="bbox 539 2642 2149 2718">
     <span class='ocr_line' id='line_1_33' title="bbox 539 2642 2149 2718; baseline -0.002 -20"><span class='ocrx_word' id='word_1_237' title='bbox 539 2651 640 2698; x_wconf 85' lang='lat' dir='ltr'><strong>est.</strong></span> <span class='ocrx_word' id='word_1_238' title='bbox 681 2642 814 2718; x_wconf 65' lang='lat' dir='ltr'><strong>Nam</strong></span> <span class='ocrx_word' id='word_1_239' title='bbox 855 2660 976 2701; x_wconf 92' lang='lat' dir='ltr'><strong>cum</strong></span> <span class='ocrx_word' id='word_1_240' title='bbox 1010 2645 1168 2718; x_wconf 73' lang='lat' dir='ltr'><strong>huius</strong></span> <span class='ocrx_word' id='word_1_241' title='bbox 1206 2642 1679 2718; x_wconf 65' lang='lat' dir='ltr'><strong>mundi&#39;prospera</strong></span> <span class='ocrx_word' id='word_1_242' title='bbox 1717 2642 2111 2718; x_wconf 67' lang='lat' dir='ltr'><strong>praecipiuntur,</strong></span> <span class='ocrx_word' id='word_1_243' title='bbox 2145 2654 2149 2656; x_wconf 86' lang='grc'><strong>·</strong></span> 
     </span>
    </p>
   </div>
   <div class='ocr_carea' id='block_1_34' title="bbox 541 2711 2116 2792">
    <p class='ocr_par' dir='ltr' id='par_1_34' title="bbox 541 2711 2116 2792">
     <span class='ocr_line' id='line_1_34' title="bbox 541 2711 2116 2792; baseline 0.007 -24"><span class='ocrx_word' id='word_1_244' title='bbox 541 2727 664 2792; x_wconf 75' lang='lat' dir='ltr'><strong>eum</strong></span> <span class='ocrx_word' id='word_1_245' title='bbox 683 2715 838 2792; x_wconf 69' lang='lat' dir='ltr'><strong>locus</strong></span> <span class='ocrx_word' id='word_1_246' title='bbox 875 2711 1121 2792; x_wconf 72' lang='lat' dir='ltr'><strong>superior</strong></span> <span class='ocrx_word' id='word_1_247' title='bbox 1147 2711 1440 2792; x_wconf 55' lang='lat' dir='ltr'><strong>imperatu}:</strong></span> <span class='ocrx_word' id='word_1_248' title='bbox 1456 2733 1470 2780; x_wconf 88' lang='lat'><strong>;</strong></span> <span class='ocrx_word' id='word_1_249' title='bbox 1503 2711 1770 2792; x_wconf 54' lang='grc' dir='ltr'><strong>ίξηυίηάβ</strong></span> <span class='ocrx_word' id='word_1_250' title='bbox 1800 2712 1914 2765; x_wconf 49' lang='lat' dir='ltr'><strong>hinc</strong></span> <span class='ocrx_word' id='word_1_251' title='bbox 1944 2711 2116 2792; x_wconf 56' lang='lat' dir='ltr'><strong>Periti:</strong></span> 
     </span>
    </p>
   </div>
   <div class='ocr_carea' id='block_1_35' title="bbox 539 2783 2117 2852">
    <p class='ocr_par' dir='ltr' id='par_1_35' title="bbox 539 2783 2117 2852">
     <span class='ocr_line' id='line_1_35' title="bbox 539 2783 2117 2852; baseline -0.005 -10"><span class='ocrx_word' id='word_1_252' title='bbox 539 2784 733 2852; x_wconf 80' lang='lat' dir='ltr'><strong>pienda</strong></span> <span class='ocrx_word' id='word_1_253' title='bbox 756 2783 975 2852; x_wconf 58' lang='lat' dir='ltr'><strong>obedit&#39;,</strong></span> <span class='ocrx_word' id='word_1_254' title='bbox 999 2783 1248 2843; x_wconf 81' lang='lat' dir='ltr'><strong>virtutem</strong></span> <span class='ocrx_word' id='word_1_255' title='bbox 1275 2783 1601 2842; x_wconf 34' lang='lat' dir='ltr'><strong>obedientire’</strong></span> <span class='ocrx_word' id='word_1_256' title='bbox 1642 2783 1761 2852; x_wconf 85' lang='lat' dir='ltr'><strong>sibi</strong></span> <span class='ocrx_word' id='word_1_257' title='bbox 1800 2788 2040 2843; x_wconf 86' lang='lat' dir='ltr'><strong>evacuat,</strong></span> <span class='ocrx_word' id='word_1_258' title='bbox 2071 2783 2117 2834; x_wconf 89' lang='lat' dir='ltr'><strong>si</strong></span> 
     </span>
    </p>
   </div>
   <div class='ocr_carea' id='block_1_36' title="bbox 537 2851 2117 2926">
    <p class='ocr_par' dir='ltr' id='par_1_36' title="bbox 537 2851 2117 2926">
     <span class='ocr_line' id='line_1_36' title="bbox 537 2851 2117 2926; baseline -0.003 -18"><span class='ocrx_word' id='word_1_259' title='bbox 537 2851 606 2908; x_wconf 76' lang='lat' dir='ltr'><strong>ad</strong></span> <span class='ocrx_word' id='word_1_260' title='bbox 638 2854 769 2926; x_wconf 54' lang='lat' dir='ltr'><strong>haec</strong></span> <span class='ocrx_word' id='word_1_261' title='bbox 803 2871 870 2910; x_wconf 80' lang='lat' dir='ltr'><strong>ex</strong></span> <span class='ocrx_word' id='word_1_262' title='bbox 916 2851 1131 2926; x_wconf 84' lang='lat' dir='ltr'><strong>proprio</strong></span> <span class='ocrx_word' id='word_1_263' title='bbox 1158 2857 1425 2912; x_wconf 89' lang='lat' dir='ltr'><strong>desiderio</strong></span> <span class='ocrx_word' id='word_1_264' title='bbox 1464 2855 1697 2926; x_wconf 80' lang='lat' dir='ltr'><strong>anhelat.</strong></span> <span class='ocrx_word' id='word_1_265' title='bbox 1735 2851 1964 2906; x_wconf 78' lang='lat' dir='ltr'><strong>Rursum</strong></span> <span class='ocrx_word' id='word_1_266' title='bbox 1996 2864 2117 2926; x_wconf 71' lang='lat' dir='ltr'><strong>cum</strong></span> 
     </span>
    </p>
   </div>
   <div class='ocr_carea' id='block_1_37' title="bbox 536 2992 2114 3067">
    <p class='ocr_par' dir='ltr' id='par_1_37' title="bbox 536 2992 2114 3067">
     <span class='ocr_line' id='line_1_37' title="bbox 536 2992 2114 3067; baseline 0.003 -22"><span class='ocrx_word' id='word_1_267' title='bbox 536 2992 948 3067; x_wconf 61' lang='lat' dir='ltr'><strong>jubentur,&#39;nisi</strong></span> <span class='ocrx_word' id='word_1_268' title='bbox 1003 2992 1118 3052; x_wconf 70' lang='lat' dir='ltr'><strong>haec</strong></span> <span class='ocrx_word' id='word_1_269' title='bbox 1163 2992 1227 3051; x_wconf 68' lang='lat' dir='ltr'><strong>ei</strong></span> <span class='ocrx_word' id='word_1_270' title='bbox 1273 2992 1563 3067; x_wconf 78' lang='lat' dir='ltr'><strong>semetipso</strong></span> <span class='ocrx_word' id='word_1_271' title='bbox 1607 2995 1814 3067; x_wconf 79' lang='lat' dir='ltr'><strong>animus</strong></span> <span class='ocrx_word' id='word_1_272' title='bbox 1855 2999 2114 3067; x_wconf 74' lang='lat' dir='ltr'><strong>appetat,</strong></span> 
     </span>
    </p>
   </div>
   <div class='ocr_carea' id='block_1_38' title="bbox 539 3062 2118 3136">
    <p class='ocr_par' dir='ltr' id='par_1_38' title="bbox 539 3062 2118 3136">
     <span class='ocr_line' id='line_1_38' title="bbox 539 3062 2118 3136; baseline -0.003 -15"><span class='ocrx_word' id='word_1_273' title='bbox 539 3062 856 3136; x_wconf 69' lang='lat' dir='ltr'><strong>obedientiae</strong></span> <span class='ocrx_word' id='word_1_274' title='bbox 880 3067 1124 3122; x_wconf 86' lang='lat' dir='ltr'><strong>meritum</strong></span> <span class='ocrx_word' id='word_1_275' title='bbox 1155 3067 1256 3122; x_wconf 84' lang='lat' dir='ltr'><strong>sibi</strong></span> <span class='ocrx_word' id='word_1_276' title='bbox 1275 3062 1508 3122; x_wconf 62' lang='lat' dir='ltr'><strong>minuit&#39;:</strong></span> <span class='ocrx_word' id='word_1_277' title='bbox 1540 3067 1660 3136; x_wconf 89' lang='lat' dir='ltr'><strong>quia</strong></span> <span class='ocrx_word' id='word_1_278' title='bbox 1688 3066 1755 3121; x_wconf 90' lang='lat' dir='ltr'><strong>ad</strong></span> <span class='ocrx_word' id='word_1_279' title='bbox 1782 3063 1894 3117; x_wconf 59' lang='lat' dir='ltr'><strong>haec</strong></span> <span class='ocrx_word' id='word_1_280' title='bbox 1917 3062 2118 3136; x_wconf 71' lang='lat' dir='ltr'><strong>quacin</strong></span> 
     </span>
    </p>
   </div>
   <div class='ocr_carea' id='block_1_39' title="bbox 541 3131 2120 3215">
    <p class='ocr_par' dir='ltr' id='par_1_39' title="bbox 541 3131 2120 3215">
     <span class='ocr_line' id='line_1_39' title="bbox 541 3131 2120 3215; baseline -0.001 -28"><span class='ocrx_word' id='word_1_281' title='bbox 541 3131 645 3188; x_wconf 87' lang='lat' dir='ltr'><strong>hoc</strong></span> <span class='ocrx_word' id='word_1_282' title='bbox 694 3135 898 3215; x_wconf 61' lang='lat' dir='ltr'><strong>mundo</strong></span> <span class='ocrx_word' id='word_1_283' title='bbox 939 3137 1194 3215; x_wconf 71' lang='lat' dir='ltr'><strong>despecta</strong></span> <span class='ocrx_word' id='word_1_284' title='bbox 1225 3147 1350 3215; x_wconf 79' lang='lat' dir='ltr'><strong>sunt</strong></span> <span class='ocrx_word' id='word_1_285' title='bbox 1377 3180 1408 3215; x_wconf 86' lang='lat'><strong>,_</strong></span> <span class='ocrx_word' id='word_1_286' title='bbox 1442 3131 1635 3215; x_wconf 72' lang='lat' dir='ltr'><strong>inviius</strong></span> <span class='ocrx_word' id='word_1_287' title='bbox 1686 3131 1978 3215; x_wconf 38' lang='lat' dir='ltr'><strong>nolensqu’e</strong></span> <span class='ocrx_word' id='word_1_288' title='bbox 2025 3132 2120 3215; x_wconf 68' lang='lat' dir='ltr'><strong>de-</strong></span> 
     </span>
    </p>
   </div>
   <div class='ocr_carea' id='block_1_40' title="bbox 545 3203 2120 3278">
    <p class='ocr_par' dir='ltr' id='par_1_40' title="bbox 545 3203 2120 3278">
     <span class='ocr_line' id='line_1_40' title="bbox 545 3203 2120 3278; baseline -0.003 -17"><span class='ocrx_word' id='word_1_289' title='bbox 545 3205 774 3278; x_wconf 75' lang='lat' dir='ltr'><strong>scendit.</strong></span> <span class='ocrx_word' id='word_1_290' title='bbox 802 3207 969 3261; x_wconf 84' lang='lat' dir='ltr'><strong>Debet</strong></span> <span class='ocrx_word' id='word_1_291' title='bbox 995 3203 1121 3278; x_wconf 75' lang='lat' dir='ltr'><strong>ergo</strong></span> <span class='ocrx_word' id='word_1_292' title='bbox 1143 3207 1442 3263; x_wconf 84' lang='lat' dir='ltr'><strong>obedientia</strong></span> <span class='ocrx_word' id='word_1_293' title='bbox 1473 3209 1522 3262; x_wconf 91' lang='lat' dir='ltr'><strong>in</strong></span> <span class='ocrx_word' id='word_1_294' title='bbox 1545 3207 1783 3278; x_wconf 87' lang='lat' dir='ltr'><strong>adversis</strong></span> <span class='ocrx_word' id='word_1_295' title='bbox 1806 3219 1876 3278; x_wconf 85' lang='lat' dir='ltr'><strong>_e_x</strong></span> <span class='ocrx_word' id='word_1_296' title='bbox 1906 3217 2003 3257; x_wconf 91' lang='lat' dir='ltr'><strong>suo</strong></span> <span class='ocrx_word' id='word_1_297' title='bbox 2019 3203 2120 3278; x_wconf 74' lang='lat' dir='ltr'><strong>aii-</strong></span> 
     </span>
    </p>
   </div>
   <div class='ocr_carea' id='block_1_41' title="bbox 540 3274 2118 3348">
    <p class='ocr_par' dir='ltr' id='par_1_41' title="bbox 540 3274 2118 3348">
     <span class='ocr_line' id='line_1_41' title="bbox 540 3274 2118 3348; baseline -0.001 -18"><span class='ocrx_word' id='word_1_298' title='bbox 540 3275 666 3348; x_wconf 74' lang='lat' dir='ltr'><strong>quid</strong></span> <span class='ocrx_word' id='word_1_299' title='bbox 693 3274 890 3348; x_wconf 76' lang='lat' dir='ltr'><strong>habere</strong></span> <span class='ocrx_word' id='word_1_300' title='bbox 909 3317 923 3338; x_wconf 94' lang='lat'><strong>,</strong></span> <span class='ocrx_word' id='word_1_301' title='bbox 954 3287 1010 3332; x_wconf 91' lang='lat' dir='ltr'><strong>et</strong></span> <span class='ocrx_word' id='word_1_302' title='bbox 1036 3274 1088 3332; x_wconf 78' lang='lat' dir='ltr'><strong>in</strong></span> <span class='ocrx_word' id='word_1_303' title='bbox 1130 3281 1398 3348; x_wconf 85' lang='lat' dir='ltr'><strong>prosperis</strong></span> <span class='ocrx_word' id='word_1_304' title='bbox 1421 3293 1484 3332; x_wconf 83' lang='lat' dir='ltr'><strong>ex</strong></span> <span class='ocrx_word' id='word_1_305' title='bbox 1533 3292 1632 3333; x_wconf 91' lang='lat' dir='ltr'><strong>suo</strong></span> <span class='ocrx_word' id='word_1_306' title='bbox 1658 3275 1856 3347; x_wconf 88' lang='lat' dir='ltr'><strong>aliquid</strong></span> <span class='ocrx_word' id='word_1_307' title='bbox 1885 3289 1988 3348; x_wconf 82' lang='lat' dir='ltr'><strong>non</strong></span> <span class='ocrx_word' id='word_1_308' title='bbox 2019 3274 2118 3328; x_wconf 85' lang='lat' dir='ltr'><strong>ha-</strong></span> 
     </span>
    </p>
   </div>
   <div class='ocr_carea' id='block_1_42' title="bbox 541 3343 2117 3416">
    <p class='ocr_par' dir='ltr' id='par_1_42' title="bbox 541 3343 2117 3416">
     <span class='ocr_line' id='line_1_42' title="bbox 541 3343 2117 3416; baseline -0.001 -15"><span class='ocrx_word' id='word_1_309' title='bbox 541 3343 691 3416; x_wconf 74' lang='lat' dir='ltr'><strong>bere.</strong></span> <span class='ocrx_word' id='word_1_310' title='bbox 716 3346 868 3416; x_wconf 82' lang='lat' dir='ltr'><strong>Quod</strong></span> <span class='ocrx_word' id='word_1_311' title='bbox 913 3347 1050 3403; x_wconf 88' lang='lat' dir='ltr'><strong>bene</strong></span> <span class='ocrx_word' id='word_1_312' title='bbox 1071 3343 1437 3410; x_wconf 74' lang='lat' dir='ltr'><strong>ostetidlmus,</strong></span> <span class='ocrx_word' id='word_1_313' title='bbox 1469 3351 1513 3403; x_wconf 92' lang='lat' dir='ltr'><strong>si</strong></span> <span class='ocrx_word' id='word_1_314' title='bbox 1563 3343 1788 3402; x_wconf 81' lang='lat' dir='ltr'><strong>duorum</strong></span> <span class='ocrx_word' id='word_1_315' title='bbox 1826 3345 2117 3416; x_wconf 70' lang='lat' dir='ltr'><strong>amicorum</strong></span> 
     </span>
    </p>
   </div>
   <div class='ocr_carea' id='block_1_43' title="bbox 541 3415 2170 3488">
    <p class='ocr_par' dir='ltr' id='par_1_43' title="bbox 541 3415 2170 3488">
     <span class='ocr_line' id='line_1_43' title="bbox 541 3415 2170 3488; baseline 0.004 -20"><span class='ocrx_word' id='word_1_316' title='bbox 665 3415 796 3472; x_wconf 83' lang='lat' dir='ltr'><strong>facta</strong></span> <span class='ocrx_word' id='word_1_317' title='bbox 827 3419 881 3472; x_wconf 92' lang='lat' dir='ltr'><strong>in</strong></span> <span class='ocrx_word' id='word_1_318' title='bbox 904 3419 1137 3488; x_wconf 85' lang='lat' dir='ltr'><strong>medium</strong></span> <span class='ocrx_word' id='word_1_319' title='bbox 1171 3419 1520 3488; x_wconf 81' lang='lat' dir='ltr'><strong>proferamus.</strong></span> <span class='ocrx_word' id='word_1_320' title='bbox 1550 3418 1760 3486; x_wconf 81' lang='lat' dir='ltr'><strong>Moyses</strong></span> <span class='ocrx_word' id='word_1_321' title='bbox 1797 3416 1937 3488; x_wconf 82' lang='lat' dir='ltr'><strong>enim</strong></span> <span class='ocrx_word' id='word_1_322' title='bbox 1963 3456 1978 3480; x_wconf 94' lang='lat'><strong>,</strong></span> <span class='ocrx_word' id='word_1_323' title='bbox 2009 3415 2118 3488; x_wconf 81' lang='lat' dir='ltr'><strong>Deo</strong></span> <span class='ocrx_word' id='word_1_324' title='bbox 2162 3467 2170 3475; x_wconf 94' lang='lat'><strong>.</strong></span> 
     </span>
    </p>
   </div>
   <div class='ocr_carea' id='block_1_44' title="bbox 537 3483 2117 3559">
    <p class='ocr_par' dir='ltr' id='par_1_44' title="bbox 537 3483 2117 3559">
     <span class='ocr_line' id='line_1_44' title="bbox 537 3483 2117 3559; baseline -0.001 -19"><span class='ocrx_word' id='word_1_325' title='bbox 537 3485 788 3559; x_wconf 77' lang='lat' dir='ltr'><strong>iubente,</strong></span> <span class='ocrx_word' id='word_1_326' title='bbox 820 3497 877 3542; x_wconf 90' lang='lat' dir='ltr'><strong>ut</strong></span> <span class='ocrx_word' id='word_1_327' title='bbox 903 3483 1205 3544; x_wconf 71' lang='lat' dir='ltr'><strong>Israeliticae</strong></span> <span class='ocrx_word' id='word_1_328' title='bbox 1234 3490 1373 3559; x_wconf 88' lang='lat' dir='ltr'><strong>plebi</strong></span> <span class='ocrx_word' id='word_1_329' title='bbox 1412 3483 1700 3558; x_wconf 62' lang='lat' dir='ltr'><strong>praeesset,</strong></span> <span class='ocrx_word' id='word_1_330' title='bbox 1742 3486 1880 3559; x_wconf 85' lang='lat' dir='ltr'><strong>apud</strong></span> <span class='ocrx_word' id='word_1_331' title='bbox 1927 3499 1986 3538; x_wconf 88' lang='lat' dir='ltr'><strong>se</strong></span> <span class='ocrx_word' id='word_1_332' title='bbox 2013 3483 2117 3538; x_wconf 83' lang='lat' dir='ltr'><strong>hu-</strong></span> 
     </span>
    </p>
   </div>
   <div class='ocr_carea' id='block_1_45' title="bbox 542 3556 2119 3631">
    <p class='ocr_par' dir='ltr' id='par_1_45' title="bbox 542 3556 2119 3631">
     <span class='ocr_line' id='line_1_45' title="bbox 542 3556 2119 3631; baseline -0.001 -19"><span class='ocrx_word' id='word_1_333' title='bbox 542 3557 687 3612; x_wconf 87' lang='lat' dir='ltr'><strong>milis</strong></span> <span class='ocrx_word' id='word_1_334' title='bbox 716 3556 814 3612; x_wconf 87' lang='lat' dir='ltr'><strong>fuit</strong></span> <span class='ocrx_word' id='word_1_335' title='bbox 832 3600 847 3626; x_wconf 93' lang='lat'><strong>,</strong></span> <span class='ocrx_word' id='word_1_336' title='bbox 869 3568 925 3613; x_wconf 93' lang='lat' dir='ltr'><strong>et</strong></span> <span class='ocrx_word' id='word_1_337' title='bbox 949 3559 1168 3631; x_wconf 78' lang='lat' dir='ltr'><strong>gloriam</strong></span> <span class='ocrx_word' id='word_1_338' title='bbox 1207 3556 1341 3615; x_wconf 79' lang='lat' dir='ltr'><strong>tanti</strong></span> <span class='ocrx_word' id='word_1_339' title='bbox 1379 3556 1650 3631; x_wconf 78' lang='lat' dir='ltr'><strong>regiminis</strong></span> <span class='ocrx_word' id='word_1_340' title='bbox 1691 3556 2038 3631; x_wconf 78' lang='lat' dir='ltr'><strong>considerans</strong></span> <span class='ocrx_word' id='word_1_341' title='bbox 2064 3564 2119 3610; x_wconf 88' lang='lat' dir='ltr'><strong>et</strong></span> 
     </span>
    </p>
   </div>
   <div class='ocr_carea' id='block_1_46' title="bbox 544 3628 2117 3700">
    <p class='ocr_par' dir='ltr' id='par_1_46' title="bbox 544 3628 2117 3700">
     <span class='ocr_line' id='line_1_46' title="bbox 544 3628 2117 3700; baseline -0.005 -14"><span class='ocrx_word' id='word_1_342' title='bbox 544 3641 910 3700; x_wconf 66' lang='lat' dir='ltr'><strong>expavescens</strong></span> <span class='ocrx_word' id='word_1_343' title='bbox 931 3671 944 3692; x_wconf 93' lang='lat'><strong>,</strong></span> <span class='ocrx_word' id='word_1_344' title='bbox 963 3628 1043 3685; x_wconf 86' lang='lat' dir='ltr'><strong>ne</strong></span> <span class='ocrx_word' id='word_1_345' title='bbox 1071 3630 1172 3685; x_wconf 91' lang='lat' dir='ltr'><strong>hoc</strong></span> <span class='ocrx_word' id='word_1_346' title='bbox 1193 3628 1488 3700; x_wconf 82' lang='lat' dir='ltr'><strong>reciperet,</strong></span> <span class='ocrx_word' id='word_1_347' title='bbox 1513 3643 1571 3682; x_wconf 85' lang='lat' dir='ltr'><strong>se</strong></span> <span class='ocrx_word' id='word_1_348' title='bbox 1596 3628 2117 3700; x_wconf 69' lang='lat' dir='ltr'><strong>humiliter-excusa-</strong></span> 
     </span>
    </p>
   </div>
   <div class='ocr_carea' id='block_1_47' title="bbox 543 3696 2119 3778">
    <p class='ocr_par' dir='ltr' id='par_1_47' title="bbox 543 3696 2119 3778">
     <span class='ocr_line' id='line_1_47' title="bbox 543 3696 2119 3778; baseline -0.001 -27"><span class='ocrx_word' id='word_1_349' title='bbox 543 3696 762 3778; x_wconf 47' lang='lat' dir='ltr'><strong>vitl&#39;Sed</strong></span> <span class='ocrx_word' id='word_1_350' title='bbox 808 3699 1002 3778; x_wconf 80' lang='lat' dir='ltr'><strong>Paulus</strong></span> <span class='ocrx_word' id='word_1_351' title='bbox 1039 3696 1319 3772; x_wconf 79' lang='lat' dir='ltr'><strong>apostolus</strong></span> <span class='ocrx_word' id='word_1_352' title='bbox 1341 3702 1436 3778; x_wconf 89' lang='lat' dir='ltr'><strong>D_ci</strong></span> <span class='ocrx_word' id='word_1_353' title='bbox 1466 3700 1788 3778; x_wconf 87' lang='lat' dir='ltr'><strong>revelatione</strong></span> <span class='ocrx_word' id='word_1_354' title='bbox 1817 3696 2119 3778; x_wconf 69' lang='lat' dir='ltr'><strong>admonitus</strong></span> 
     </span>
    </p>
   </div>
   <div class='ocr_carea' id='block_1_48' title="bbox 543 3767 2118 3842">
    <p class='ocr_par' dir='ltr' id='par_1_48' title="bbox 543 3767 2118 3842">
     <span class='ocr_line' id='line_1_48' title="bbox 543 3767 2118 3842; baseline -0.003 -18"><span class='ocrx_word' id='word_1_355' title='bbox 543 3767 1356 3842; x_wconf 13' lang='lat' dir='ltr'><strong>utdcrusalemtpergeret,inec</strong></span> <span class='ocrx_word' id='word_1_356' title='bbox 1381 3771 1659 3841; x_wconf 86' lang='lat' dir='ltr'><strong>ignorabat</strong></span> <span class='ocrx_word' id='word_1_357' title='bbox 1678 3785 1738 3824; x_wconf 89' lang='lat' dir='ltr'><strong>ea</strong></span> <span class='ocrx_word' id='word_1_358' title='bbox 1769 3783 1887 3838; x_wconf 83' lang='lat' dir='ltr'><strong>quae</strong></span> <span class='ocrx_word' id='word_1_359' title='bbox 1913 3767 1984 3821; x_wconf 92' lang='lat' dir='ltr'><strong>ibi</strong></span> <span class='ocrx_word' id='word_1_360' title='bbox 2010 3767 2118 3836; x_wconf 91' lang='lat' dir='ltr'><strong>pati</strong></span> 
     </span>
    </p>
   </div>
   <div class='ocr_carea' id='block_1_49' title="bbox 543 3838 2120 3902">
    <p class='ocr_par' dir='ltr' id='par_1_49' title="bbox 543 3838 2120 3902">
     <span class='ocr_line' id='line_1_49' title="bbox 543 3838 2120 3902; baseline -0.003 -8"><span class='ocrx_word' id='word_1_361' title='bbox 543 3838 760 3896; x_wconf 90' lang='lat' dir='ltr'><strong>deberet</strong></span> <span class='ocrx_word' id='word_1_362' title='bbox 794 3860 807 3895; x_wconf 89' lang='lat'><strong><em>:</em></strong></span> <span class='ocrx_word' id='word_1_363' title='bbox 839 3838 981 3898; x_wconf 83' lang='lat' dir='ltr'><strong>unde</strong></span> <span class='ocrx_word' id='word_1_364' title='bbox 1023 3838 1144 3898; x_wconf 75' lang='lat' dir='ltr'><strong>cum</strong></span> <span class='ocrx_word' id='word_1_365' title='bbox 1182 3841 1365 3898; x_wconf 86' lang='lat' dir='ltr'><strong>ﬁdeles</strong></span> <span class='ocrx_word' id='word_1_366' title='bbox 1398 3838 1598 3898; x_wconf 80' lang='lat' dir='ltr'><strong>vellent</strong></span> <span class='ocrx_word' id='word_1_367' title='bbox 1621 3855 1742 3895; x_wconf 91' lang='lat' dir='ltr'><strong>cum</strong></span> <span class='ocrx_word' id='word_1_368' title='bbox 1787 3849 1995 3902; x_wconf 88' lang='lat' dir='ltr'><strong>tenere,</strong></span> <span class='ocrx_word' id='word_1_369' title='bbox 2028 3852 2120 3891; x_wconf 78' lang='lat' dir='ltr'><strong>ex-</strong></span> 
     </span>
    </p>
   </div>
   <div class='ocr_carea' id='block_1_50' title="bbox 543 3907 2119 3983">
    <p class='ocr_par' dir='ltr' id='par_1_50' title="bbox 543 3907 2119 3983">
     <span class='ocr_line' id='line_1_50' title="bbox 543 3907 2119 3983; baseline -0.002 -18"><span class='ocrx_word' id='word_1_370' title='bbox 543 3909 821 3978; x_wconf 87' lang='lat' dir='ltr'><strong>clamavit,</strong></span> <span class='ocrx_word' id='word_1_371' title='bbox 857 3909 965 3983; x_wconf 86' lang='lat' dir='ltr'><strong>Ego</strong></span> <span class='ocrx_word' id='word_1_372' title='bbox 991 3922 1156 3965; x_wconf 81' lang='lat' dir='ltr'><strong>autent</strong></span> <span class='ocrx_word' id='word_1_373' title='bbox 1187 3929 1287 3966; x_wconf 87' lang='lat' dir='ltr'><strong>non</strong></span> <span class='ocrx_word' id='word_1_374' title='bbox 1308 3914 1472 3983; x_wconf 82' lang='lat' dir='ltr'><strong>solum</strong></span> <span class='ocrx_word' id='word_1_375' title='bbox 1519 3911 1721 3980; x_wconf 85' lang='lat' dir='ltr'><strong>alligari</strong></span> <span class='ocrx_word' id='word_1_376' title='bbox 1736 3907 1963 3983; x_wconf 74' lang='lat' dir='ltr'><strong>_,_sed_et</strong></span> <span class='ocrx_word' id='word_1_377' title='bbox 1993 3910 2119 3983; x_wconf 68' lang='lat' dir='ltr'><strong>meri</strong></span> 
     </span>
    </p>
   </div>
   <div class='ocr_carea' id='block_1_51' title="bbox 547 3978 2119 4054">
    <p class='ocr_par' dir='ltr' id='par_1_51' title="bbox 547 3978 2119 4054">
     <span class='ocr_line' id='line_1_51' title="bbox 547 3978 2119 4054; baseline -0.001 -19"><span class='ocrx_word' id='word_1_378' title='bbox 547 3991 758 4054; x_wconf 75' lang='lat' dir='ltr'><strong>paratus</strong></span> <span class='ocrx_word' id='word_1_379' title='bbox 782 3978 1012 4052; x_wconf 55' lang='lat' dir='ltr'><strong>sunt&#39;pro</strong></span> <span class='ocrx_word' id='word_1_380' title='bbox 1037 3983 1236 4037; x_wconf 78' lang='lat' dir='ltr'><strong>nomine</strong></span> <span class='ocrx_word' id='word_1_381' title='bbox 1258 3984 1382 4038; x_wconf 83' lang='lat' dir='ltr'><strong>Jesu</strong></span> <span class='ocrx_word' id='word_1_382' title='bbox 1407 3981 1540 4054; x_wconf 79' lang='lat' dir='ltr'><strong>(Act.</strong></span> <span class='ocrx_word' id='word_1_383' title='bbox 1565 3978 1660 4035; x_wconf 69' lang='lat' dir='ltr'><strong>xit</strong></span> <span class='ocrx_word' id='word_1_384' title='bbox 1682 4022 1696 4046; x_wconf 90' lang='lat'><strong>,</strong></span> <span class='ocrx_word' id='word_1_385' title='bbox 1727 3978 1838 4054; x_wconf 57' lang='lat'><strong>1&#39;5).</strong></span> <span class='ocrx_word' id='word_1_386' title='bbox 1867 3978 2006 4034; x_wconf 85' lang='lat' dir='ltr'><strong>Ecce</strong></span> <span class='ocrx_word' id='word_1_387' title='bbox 2031 3978 2119 4034; x_wconf 82' lang='lat' dir='ltr'><strong>Je-</strong></span> 
     </span>
    </p>
   </div>
   <div class='ocr_carea' id='block_1_52' title="bbox 545 4050 2120 4123">
    <p class='ocr_par' dir='ltr' id='par_1_52' title="bbox 545 4050 2120 4123">
     <span class='ocr_line' id='line_1_52' title="bbox 545 4050 2120 4123; baseline -0.001 -18"><span class='ocrx_word' id='word_1_388' title='bbox 545 4051 868 4123; x_wconf 84' lang='lat' dir='ltr'><strong>rosolymam</strong></span> <span class='ocrx_word' id='word_1_389' title='bbox 918 4050 1124 4123; x_wconf 86' lang='lat' dir='ltr'><strong>pergit,</strong></span> <span class='ocrx_word' id='word_1_390' title='bbox 1148 4069 1246 4120; x_wconf 86' lang='lat' dir='ltr'><strong>per</strong></span> <span class='ocrx_word' id='word_1_391' title='bbox 1275 4050 1656 4123; x_wconf 80' lang='lat' dir='ltr'><strong>revelationem</strong></span> <span class='ocrx_word' id='word_1_392' title='bbox 1680 4050 1900 4105; x_wconf 87' lang='lat' dir='ltr'><strong>adversa</strong></span> <span class='ocrx_word' id='word_1_393' title='bbox 1924 4063 2120 4123; x_wconf 45' lang='lat' dir='ltr'><strong>cognof</strong></span> 
     </span>
    </p>
   </div>
   <div class='ocr_carea' id='block_1_53' title="bbox 543 4121 2119 4194">
    <p class='ocr_par' dir='ltr' id='par_1_53' title="bbox 543 4121 2119 4194">
     <span class='ocr_line' id='line_1_53' title="bbox 543 4121 2119 4194; baseline 0 -18"><span class='ocrx_word' id='word_1_394' title='bbox 543 4121 645 4176; x_wconf 87' lang='lat' dir='ltr'><strong>scit</strong></span> <span class='ocrx_word' id='word_1_395' title='bbox 666 4161 680 4184; x_wconf 93' lang='lat'><strong>,</strong></span> <span class='ocrx_word' id='word_1_396' title='bbox 698 4121 762 4176; x_wconf 85' lang='lat' dir='ltr'><strong>et</strong></span> <span class='ocrx_word' id='word_1_397' title='bbox 786 4121 960 4194; x_wconf 75' lang='lat' dir='ltr'><strong>tamen</strong></span> <span class='ocrx_word' id='word_1_398' title='bbox 985 4121 1347 4194; x_wconf 20' lang='lat' dir='ltr'><strong>biectlibenter</strong></span> <span class='ocrx_word' id='word_1_399' title='bbox 1365 4123 1583 4194; x_wconf 88' lang='lat' dir='ltr'><strong>appetit.</strong></span> <span class='ocrx_word' id='word_1_400' title='bbox 1613 4122 1820 4194; x_wconf 81' lang='lat' dir='ltr'><strong>Moyses</strong></span> <span class='ocrx_word' id='word_1_401' title='bbox 1844 4128 2020 4176; x_wconf 86' lang='lat' dir='ltr'><strong>autem</strong></span> <span class='ocrx_word' id='word_1_402' title='bbox 2051 4121 2119 4194; x_wconf 83' lang='lat' dir='ltr'><strong>ad</strong></span> 
     </span>
    </p>
   </div>
   <div class='ocr_carea' id='block_1_54' title="bbox 546 4191 2120 4261">
    <p class='ocr_par' dir='ltr' id='par_1_54' title="bbox 546 4191 2120 4261">
     <span class='ocr_line' id='line_1_54' title="bbox 546 4191 2120 4261; baseline 0.001 -17"><span class='ocrx_word' id='word_1_403' title='bbox 546 4205 802 4260; x_wconf 90' lang='lat' dir='ltr'><strong>prospera</strong></span> <span class='ocrx_word' id='word_1_404' title='bbox 831 4193 898 4246; x_wconf 89' lang='lat' dir='ltr'><strong>de</strong></span> <span class='ocrx_word' id='word_1_405' title='bbox 923 4207 1020 4246; x_wconf 89' lang='lat' dir='ltr'><strong>suo</strong></span> <span class='ocrx_word' id='word_1_406' title='bbox 1049 4192 1179 4245; x_wconf 88' lang='lat' dir='ltr'><strong>nihil</strong></span> <span class='ocrx_word' id='word_1_407' title='bbox 1205 4191 1580 4260; x_wconf 33' lang='lat' dir='ltr'><strong>habuit‘fquia</strong></span> <span class='ocrx_word' id='word_1_408' title='bbox 1621 4191 1870 4261; x_wconf 85' lang='lat' dir='ltr'><strong>precibus</strong></span> <span class='ocrx_word' id='word_1_409' title='bbox 1920 4192 2120 4261; x_wconf 91' lang='lat' dir='ltr'><strong>suppli-</strong></span> 
     </span>
    </p>
   </div>
   <div class='ocr_carea' id='block_1_55' title="bbox 544 4261 2119 4329">
    <p class='ocr_par' dir='ltr' id='par_1_55' title="bbox 544 4261 2119 4329">
     <span class='ocr_line' id='line_1_55' title="bbox 544 4261 2119 4329; baseline 0.002 -16"><span class='ocrx_word' id='word_1_410' title='bbox 544 4261 720 4329; x_wconf 80' lang='lat' dir='ltr'><strong>cavit,</strong></span> <span class='ocrx_word' id='word_1_411' title='bbox 748 4275 815 4313; x_wconf 91' lang='lat' dir='ltr'><strong>ne</strong></span> <span class='ocrx_word' id='word_1_412' title='bbox 845 4262 1040 4329; x_wconf 89' lang='lat' dir='ltr'><strong>populo</strong></span> <span class='ocrx_word' id='word_1_413' title='bbox 1067 4270 1340 4329; x_wconf 61' lang='lat' dir='ltr'><strong>praesset.</strong></span> <span class='ocrx_word' id='word_1_414' title='bbox 1371 4262 1566 4315; x_wconf 84' lang='lat' dir='ltr'><strong>Paulus</strong></span> <span class='ocrx_word' id='word_1_415' title='bbox 1589 4262 1748 4314; x_wconf 85' lang='lat' dir='ltr'><strong>etiam</strong></span> <span class='ocrx_word' id='word_1_416' title='bbox 1778 4275 1845 4313; x_wconf 79' lang='lat' dir='ltr'><strong>ex</strong></span> <span class='ocrx_word' id='word_1_417' title='bbox 1867 4275 1965 4316; x_wconf 91' lang='lat' dir='ltr'><strong>suo</strong></span> <span class='ocrx_word' id='word_1_418' title='bbox 1993 4270 2119 4316; x_wconf 89' lang='lat' dir='ltr'><strong>voto</strong></span> 
     </span>
    </p>
   </div>
   <div class='ocr_carea' id='block_1_56' title="bbox 543 4327 2118 4401">
    <p class='ocr_par' dir='ltr' id='par_1_56' title="bbox 543 4327 2118 4401">
     <span class='ocr_line' id='line_1_56' title="bbox 543 4327 2118 4401; baseline 0 -17"><span class='ocrx_word' id='word_1_419' title='bbox 543 4327 768 4401; x_wconf 77' lang='lat' dir='ltr'><strong>adversa</strong></span> <span class='ocrx_word' id='word_1_420' title='bbox 794 4327 1211 4401; x_wconf 54' lang='lat' dir='ltr'><strong>suscepit,&#39;quia</strong></span> <span class='ocrx_word' id='word_1_421' title='bbox 1232 4331 1368 4384; x_wconf 88' lang='lat' dir='ltr'><strong>mala</strong></span> <span class='ocrx_word' id='word_1_422' title='bbox 1395 4331 1725 4384; x_wconf 89' lang='lat' dir='ltr'><strong>imminentia</strong></span> <span class='ocrx_word' id='word_1_423' title='bbox 1753 4331 2036 4401; x_wconf 83' lang='lat' dir='ltr'><strong>cognovit,</strong></span> <span class='ocrx_word' id='word_1_424' title='bbox 2063 4340 2118 4384; x_wconf 90' lang='lat' dir='ltr'><strong>et</strong></span> 
     </span>
    </p>
   </div>
   <div class='ocr_carea' id='block_1_57' title="bbox 544 4397 2116 4470">
    <p class='ocr_par' dir='ltr' id='par_1_57' title="bbox 544 4397 2116 4470">
     <span class='ocr_line' id='line_1_57' title="bbox 544 4397 2116 4470; baseline 0 -16"><span class='ocrx_word' id='word_1_425' title='bbox 544 4397 613 4454; x_wconf 87' lang='lat' dir='ltr'><strong>ad</strong></span> <span class='ocrx_word' id='word_1_426' title='bbox 637 4399 841 4454; x_wconf 87' lang='lat' dir='ltr'><strong>acriora</strong></span> <span class='ocrx_word' id='word_1_427' title='bbox 867 4415 926 4454; x_wconf 92' lang='lat' dir='ltr'><strong>se</strong></span> <span class='ocrx_word' id='word_1_428' title='bbox 951 4397 1284 4470; x_wconf 76' lang='lat' dir='ltr'><strong>praeparavit.</strong></span> <span class='ocrx_word' id='word_1_429' title='bbox 1315 4401 1524 4469; x_wconf 81' lang='lat' dir='ltr'><strong>Moyses</strong></span> <span class='ocrx_word' id='word_1_430' title='bbox 1545 4409 1720 4470; x_wconf 88' lang='lat' dir='ltr'><strong>autem</strong></span> <span class='ocrx_word' id='word_1_431' title='bbox 1748 4400 1968 4469; x_wconf 78' lang='lat' dir='ltr'><strong>gloriam</strong></span> <span class='ocrx_word' id='word_1_432' title='bbox 2017 4415 2116 4468; x_wconf 87' lang='lat' dir='ltr'><strong>po-</strong></span> 
     </span>
    </p>
   </div>
   <div class='ocr_carea' id='block_1_58' title="bbox 545 4469 2117 4541">
    <p class='ocr_par' dir='ltr' id='par_1_58' title="bbox 545 4469 2117 4541">
     <span class='ocr_line' id='line_1_58' title="bbox 545 4469 2117 4541; baseline 0.002 -17"><span class='ocrx_word' id='word_1_433' title='bbox 545 4470 753 4526; x_wconf 85' lang='lat' dir='ltr'><strong>testatis</strong></span> <span class='ocrx_word' id='word_1_434' title='bbox 785 4469 1275 4538; x_wconf 29' lang='lat' dir='ltr'><strong>voluit’declinare,</strong></span> <span class='ocrx_word' id='word_1_435' title='bbox 1327 4481 1383 4527; x_wconf 90' lang='lat' dir='ltr'><strong>et</strong></span> <span class='ocrx_word' id='word_1_436' title='bbox 1430 4471 1626 4526; x_wconf 86' lang='lat' dir='ltr'><strong>Paulus</strong></span> <span class='ocrx_word' id='word_1_437' title='bbox 1673 4469 1807 4524; x_wconf 85' lang='lat' dir='ltr'><strong>dura</strong></span> <span class='ocrx_word' id='word_1_438' title='bbox 1837 4479 1892 4524; x_wconf 92' lang='lat' dir='ltr'><strong>et</strong></span> <span class='ocrx_word' id='word_1_439' title='bbox 1927 4485 2117 4541; x_wconf 87' lang='lat' dir='ltr'><strong>aspera</strong></span> 
     </span>
    </p>
   </div>
   <div class='ocr_carea' id='block_1_59' title="bbox 545 4541 2118 4612">
    <p class='ocr_par' dir='ltr' id='par_1_59' title="bbox 545 4541 2118 4612">
     <span class='ocr_line' id='line_1_59' title="bbox 545 4541 2118 4612; baseline 0.001 -18"><span class='ocrx_word' id='word_1_440' title='bbox 545 4542 714 4597; x_wconf 89' lang='lat' dir='ltr'><strong>voluit</strong></span> <span class='ocrx_word' id='word_1_441' title='bbox 742 4543 1023 4598; x_wconf 88' lang='lat' dir='ltr'><strong>sustinere.</strong></span> <span class='ocrx_word' id='word_1_442' title='bbox 1057 4541 1195 4612; x_wconf 86' lang='lat' dir='ltr'><strong>Ergo</strong></span> <span class='ocrx_word' id='word_1_443' title='bbox 1223 4551 1568 4611; x_wconf 89' lang='lat' dir='ltr'><strong>utrorumque</strong></span> <span class='ocrx_word' id='word_1_444' title='bbox 1587 4555 1862 4597; x_wconf 90' lang='lat' dir='ltr'><strong>servorum</strong></span> <span class='ocrx_word' id='word_1_445' title='bbox 1891 4541 1983 4596; x_wconf 82' lang='lat' dir='ltr'><strong>Dei</strong></span> <span class='ocrx_word' id='word_1_446' title='bbox 2011 4542 2118 4596; x_wconf 93' lang='lat' dir='ltr'><strong>vir-</strong></span> 
     </span>
    </p>
   </div>
   <div class='ocr_carea' id='block_1_60' title="bbox 544 4611 2119 4682">
    <p class='ocr_par' dir='ltr' id='par_1_60' title="bbox 544 4611 2119 4682">
     <span class='ocr_line' id='line_1_60' title="bbox 544 4611 2119 4682; baseline 0.001 -16"><span class='ocrx_word' id='word_1_447' title='bbox 544 4619 656 4682; x_wconf 86' lang='lat' dir='ltr'><strong>tute</strong></span> <span class='ocrx_word' id='word_1_448' title='bbox 687 4611 997 4668; x_wconf 87' lang='lat' dir='ltr'><strong>instruimur</strong></span> <span class='ocrx_word' id='word_1_449' title='bbox 1018 4655 1033 4681; x_wconf 95' lang='lat'><strong>,</strong></span> <span class='ocrx_word' id='word_1_450' title='bbox 1084 4611 1210 4668; x_wconf 80' lang='lat' dir='ltr'><strong>utsi</strong></span> <span class='ocrx_word' id='word_1_451' title='bbox 1239 4613 1556 4670; x_wconf 83' lang='lat' dir='ltr'><strong>obedientiae</strong></span> <span class='ocrx_word' id='word_1_452' title='bbox 1602 4613 1832 4682; x_wconf 87' lang='lat' dir='ltr'><strong>palmam</strong></span> <span class='ocrx_word' id='word_1_453' title='bbox 1873 4627 2119 4680; x_wconf 85' lang='lat' dir='ltr'><strong>compre-</strong></span> 
     </span>
    </p>
   </div>
   <div class='ocr_carea' id='block_1_61' title="bbox 545 4681 2118 4754">
    <p class='ocr_par' dir='ltr' id='par_1_61' title="bbox 545 4681 2118 4754">
     <span class='ocr_line' id='line_1_61' title="bbox 545 4681 2118 4754; baseline 0.004 -19"><span class='ocrx_word' id='word_1_454' title='bbox 545 4681 778 4754; x_wconf 84' lang='lat' dir='ltr'><strong>hendere</strong></span> <span class='ocrx_word' id='word_1_455' title='bbox 805 4683 1024 4738; x_wconf 90' lang='lat' dir='ltr'><strong>nitimur</strong></span> <span class='ocrx_word' id='word_1_456' title='bbox 1048 4725 1062 4749; x_wconf 90' lang='lat'><strong>,</strong></span> <span class='ocrx_word' id='word_1_457' title='bbox 1096 4698 1348 4754; x_wconf 89' lang='lat' dir='ltr'><strong>prospera</strong></span> <span class='ocrx_word' id='word_1_458' title='bbox 1379 4684 1561 4739; x_wconf 91' lang='lat' dir='ltr'><strong>mundi</strong></span> <span class='ocrx_word' id='word_1_459' title='bbox 1609 4681 1674 4739; x_wconf 82' lang='lat' dir='ltr'><strong>ex</strong></span> <span class='ocrx_word' id='word_1_460' title='bbox 1719 4683 1832 4738; x_wconf 91' lang='lat' dir='ltr'><strong>sola</strong></span> <span class='ocrx_word' id='word_1_461' title='bbox 1879 4683 2118 4752; x_wconf 89' lang='lat' dir='ltr'><strong>jussione</strong></span> 
     </span>
    </p>
   </div>
   <div class='ocr_carea' id='block_1_62' title="bbox 545 4753 2113 4823">
    <p class='ocr_par' dir='ltr' id='par_1_62' title="bbox 545 4753 2113 4823">
     <span class='ocr_line' id='line_1_62' title="bbox 545 4753 2113 4823; baseline -0.001 -14"><span class='ocrx_word' id='word_1_462' title='bbox 545 4753 895 4823; x_wconf 69' lang='lat' dir='ltr'><strong>suscipiamus</strong></span> <span class='ocrx_word' id='word_1_463' title='bbox 912 4794 931 4822; x_wconf 86' lang='lat'><strong>,</strong></span> <span class='ocrx_word' id='word_1_464' title='bbox 953 4763 1006 4810; x_wconf 88' lang='lat' dir='ltr'><strong>et</strong></span> <span class='ocrx_word' id='word_1_465' title='bbox 1035 4754 1252 4810; x_wconf 88' lang='lat' dir='ltr'><strong>adversa</strong></span> <span class='ocrx_word' id='word_1_466' title='bbox 1278 4771 1343 4810; x_wconf 79' lang='lat' dir='ltr'><strong>ex</strong></span> <span class='ocrx_word' id='word_1_467' title='bbox 1371 4755 1654 4811; x_wconf 88' lang='lat' dir='ltr'><strong>devotione</strong></span> <span class='ocrx_word' id='word_1_468' title='bbox 1677 4755 2113 4823; x_wconf 86' lang='lat' dir='ltr'><strong>complectamur.</strong></span> 
     </span>
    </p>
   </div>
   <div class='ocr_carea' id='block_1_63' title="bbox 544 4822 2117 4891">
    <p class='ocr_par' dir='ltr' id='par_1_63' title="bbox 544 4822 2117 4891">
     <span class='ocr_line' id='line_1_63' title="bbox 544 4822 2117 4891; baseline 0.001 -15"><span class='ocrx_word' id='word_1_469' title='bbox 544 4822 658 4890; x_wconf 86' lang='lat' dir='ltr'><strong>Ego</strong></span> <span class='ocrx_word' id='word_1_470' title='bbox 685 4822 858 4877; x_wconf 83' lang='lat' dir='ltr'><strong>autem</strong></span> <span class='ocrx_word' id='word_1_471' title='bbox 879 4865 894 4890; x_wconf 89' lang='lat'><strong>,</strong></span> <span class='ocrx_word' id='word_1_472' title='bbox 923 4824 1227 4880; x_wconf 88' lang='lat' dir='ltr'><strong>sacerdotes</strong></span> <span class='ocrx_word' id='word_1_473' title='bbox 1257 4825 1350 4881; x_wconf 89' lang='lat' dir='ltr'><strong>Dei</strong></span> <span class='ocrx_word' id='word_1_474' title='bbox 1395 4825 1634 4880; x_wconf 88' lang='lat' dir='ltr'><strong>altissimi</strong></span> <span class='ocrx_word' id='word_1_475' title='bbox 1653 4867 1668 4891; x_wconf 95' lang='lat'><strong>,</strong></span> <span class='ocrx_word' id='word_1_476' title='bbox 1710 4833 1769 4880; x_wconf 90' lang='lat' dir='ltr'><strong>ut</strong></span> <span class='ocrx_word' id='word_1_477' title='bbox 1803 4822 1968 4879; x_wconf 85' lang='lat' dir='ltr'><strong>multi</strong></span> <span class='ocrx_word' id='word_1_478' title='bbox 2020 4841 2117 4879; x_wconf 85' lang='lat' dir='ltr'><strong>vc-</strong></span> 
     </span>
    </p>
   </div>
   <div class='ocr_carea' id='block_1_64' title="bbox 545 4893 2119 4966">
    <p class='ocr_par' dir='ltr' id='par_1_64' title="bbox 545 4893 2119 4966">
     <span class='ocr_line' id='line_1_64' title="bbox 545 4893 2119 4966; baseline 0.003 -20"><span class='ocrx_word' id='word_1_479' title='bbox 545 4902 720 4966; x_wconf 84' lang='lat' dir='ltr'><strong>strum</strong></span> <span class='ocrx_word' id='word_1_480' title='bbox 743 4893 986 4966; x_wconf 87' lang='lat' dir='ltr'><strong>viderunt</strong></span> <span class='ocrx_word' id='word_1_481' title='bbox 1014 4905 1067 4949; x_wconf 90' lang='lat' dir='ltr'><strong>et</strong></span> <span class='ocrx_word' id='word_1_482' title='bbox 1090 4895 1272 4951; x_wconf 87' lang='lat' dir='ltr'><strong>audire</strong></span> <span class='ocrx_word' id='word_1_483' title='bbox 1288 4905 1574 4966; x_wconf 90' lang='lat' dir='ltr'><strong>potuerunt</strong></span> <span class='ocrx_word' id='word_1_484' title='bbox 1598 4937 1612 4961; x_wconf 88' lang='lat'><strong>,</strong></span> <span class='ocrx_word' id='word_1_485' title='bbox 1637 4896 1758 4950; x_wconf 85' lang='lat' dir='ltr'><strong>veni</strong></span> <span class='ocrx_word' id='word_1_486' title='bbox 1784 4896 1848 4950; x_wconf 90' lang='lat' dir='ltr'><strong>ad</strong></span> <span class='ocrx_word' id='word_1_487' title='bbox 1878 4895 2014 4950; x_wconf 90' lang='lat' dir='ltr'><strong>hanc</strong></span> <span class='ocrx_word' id='word_1_488' title='bbox 2043 4897 2119 4950; x_wconf 84' lang='lat' dir='ltr'><strong>ci-</strong></span> 
     </span>
    </p>
   </div>
   <div class='ocr_carea' id='block_1_65' title="bbox 543 4963 2116 5031">
    <p class='ocr_par' dir='ltr' id='par_1_65' title="bbox 543 4963 2116 5031">
     <span class='ocr_line' id='line_1_65' title="bbox 543 4963 2116 5031; baseline 0.003 -15"><span class='ocrx_word' id='word_1_489' title='bbox 543 4963 759 5017; x_wconf 81' lang='lat' dir='ltr'><strong>vitatem</strong></span> <span class='ocrx_word' id='word_1_490' title='bbox 785 4979 906 5019; x_wconf 91' lang='lat' dir='ltr'><strong>cum</strong></span> <span class='ocrx_word' id='word_1_491' title='bbox 936 4965 1262 5020; x_wconf 89' lang='lat' dir='ltr'><strong>charissimis</strong></span> <span class='ocrx_word' id='word_1_492' title='bbox 1289 4963 1425 5020; x_wconf 78' lang='lat' dir='ltr'><strong>iueis</strong></span> <span class='ocrx_word' id='word_1_493' title='bbox 1469 4966 1655 5020; x_wconf 88' lang='lat' dir='ltr'><strong>amicis</strong></span> <span class='ocrx_word' id='word_1_494' title='bbox 1709 4967 1942 5031; x_wconf 87' lang='lat' dir='ltr'><strong>Evodio,</strong></span> <span class='ocrx_word' id='word_1_495' title='bbox 1973 4966 2116 5022; x_wconf 89' lang='lat' dir='ltr'><strong>Sim-</strong></span> 
     </span>
    </p>
   </div>
   <div class='ocr_carea' id='block_1_66' title="bbox 543 5032 2118 5106">
    <p class='ocr_par' dir='ltr' id='par_1_66' title="bbox 543 5032 2118 5106">
     <span class='ocr_line' id='line_1_66' title="bbox 543 5032 2118 5106; baseline 0.004 -20"><span class='ocrx_word' id='word_1_496' title='bbox 543 5032 701 5106; x_wconf 83' lang='lat' dir='ltr'><strong>plicio</strong></span> <span class='ocrx_word' id='word_1_497' title='bbox 725 5074 738 5098; x_wconf 97' lang='lat'><strong>,</strong></span> <span class='ocrx_word' id='word_1_498' title='bbox 770 5034 964 5103; x_wconf 82' lang='lat' dir='ltr'><strong>Alipio,</strong></span> <span class='ocrx_word' id='word_1_499' title='bbox 995 5035 1246 5106; x_wconf 86' lang='lat' dir='ltr'><strong>Nebridio</strong></span> <span class='ocrx_word' id='word_1_500' title='bbox 1293 5034 1366 5106; x_wconf 91' lang='lat' dir='ltr'><strong>(a)</strong></span> <span class='ocrx_word' id='word_1_501' title='bbox 1391 5078 1405 5102; x_wconf 95' lang='lat'><strong>,</strong></span> <span class='ocrx_word' id='word_1_502' title='bbox 1453 5044 1506 5091; x_wconf 92' lang='lat' dir='ltr'><strong>et</strong></span> <span class='ocrx_word' id='word_1_503' title='bbox 1555 5036 1852 5091; x_wconf 87' lang='lat' dir='ltr'><strong>Anastasio.</strong></span> <span class='ocrx_word' id='word_1_504' title='bbox 1884 5038 2118 5092; x_wconf 89' lang='lat' dir='ltr'><strong>Securus</strong></span> 
     </span>
    </p>
   </div>
   <div class='ocr_carea' id='block_1_67' title="bbox 543 5102 2117 5176">
    <p class='ocr_par' dir='ltr' id='par_1_67' title="bbox 543 5102 2117 5176">
     <span class='ocr_line' id='line_1_67' title="bbox 543 5102 2117 5176; baseline 0.005 -21"><span class='ocrx_word' id='word_1_505' title='bbox 543 5102 772 5176; x_wconf 70' lang='lat' dir='ltr'><strong>denique</strong></span> <span class='ocrx_word' id='word_1_506' title='bbox 788 5102 905 5176; x_wconf 84' lang='lat' dir='ltr'><strong>veni</strong></span> <span class='ocrx_word' id='word_1_507' title='bbox 932 5121 945 5169; x_wconf 91' lang='lat'>;</span> <span class='ocrx_word' id='word_1_508' title='bbox 971 5107 1090 5174; x_wconf 88' lang='lat' dir='ltr'><strong>quia</strong></span> <span class='ocrx_word' id='word_1_509' title='bbox 1113 5102 1358 5160; x_wconf 82' lang='lat' dir='ltr'><strong>sciebam</strong></span> <span class='ocrx_word' id='word_1_510' title='bbox 1374 5107 1644 5176; x_wconf 71' lang='lat' dir='ltr'><strong>prmsulari</strong></span> <span class='ocrx_word' id='word_1_511' title='bbox 1674 5117 1915 5162; x_wconf 89' lang='lat' dir='ltr'><strong>sanctum</strong></span> <span class='ocrx_word' id='word_1_512' title='bbox 1934 5122 2117 5163; x_wconf 91' lang='lat' dir='ltr'><strong>senem</strong></span> 
     </span>
    </p>
   </div>
   <div class='ocr_carea' id='block_1_68' title="bbox 545 5171 2118 5244">
    <p class='ocr_par' dir='ltr' id='par_1_68' title="bbox 545 5171 2118 5244">
     <span class='ocr_line' id='line_1_68' title="bbox 545 5171 2118 5244; baseline 0.004 -16"><span class='ocrx_word' id='word_1_513' title='bbox 545 5171 831 5244; x_wconf 55' lang='lat' dir='ltr'><strong>Valerium.</strong></span> <span class='ocrx_word' id='word_1_514' title='bbox 856 5171 1141 5244; x_wconf 70' lang='lat' dir='ltr'><strong>Propterea</strong></span> <span class='ocrx_word' id='word_1_515' title='bbox 1171 5171 1390 5231; x_wconf 81' lang='lat' dir='ltr'><strong>securus</strong></span> <span class='ocrx_word' id='word_1_516' title='bbox 1417 5177 1638 5240; x_wconf 87' lang='lat' dir='ltr'><strong>accessi.</strong></span> <span class='ocrx_word' id='word_1_517' title='bbox 1658 5191 1760 5231; x_wconf 89' lang='lat' dir='ltr'><strong>non</strong></span> <span class='ocrx_word' id='word_1_518' title='bbox 1782 5188 1839 5232; x_wconf 91' lang='lat' dir='ltr'><strong>ut</strong></span> <span class='ocrx_word' id='word_1_519' title='bbox 1867 5177 2118 5234; x_wconf 88' lang='lat' dir='ltr'><strong>haberem</strong></span> 
     </span>
    </p>
   </div>
   <div class='ocr_carea' id='block_1_69' title="bbox 545 5242 2120 5315">
    <p class='ocr_par' dir='ltr' id='par_1_69' title="bbox 545 5242 2120 5315">
     <span class='ocr_line' id='line_1_69' title="bbox 545 5242 2120 5315; baseline 0.007 -20"><span class='ocrx_word' id='word_1_520' title='bbox 545 5242 597 5315; x_wconf 83' lang='lat' dir='ltr'><strong>i_n</strong></span> <span class='ocrx_word' id='word_1_521' title='bbox 627 5259 719 5298; x_wconf 89' lang='lat' dir='ltr'><strong>vos</strong></span> <span class='ocrx_word' id='word_1_522' title='bbox 766 5242 1119 5314; x_wconf 80' lang='lat' dir='ltr'><strong>potestatem,</strong></span> <span class='ocrx_word' id='word_1_523' title='bbox 1159 5245 1251 5301; x_wconf 89' lang='lat' dir='ltr'><strong>sed</strong></span> <span class='ocrx_word' id='word_1_524' title='bbox 1297 5255 1353 5302; x_wconf 94' lang='lat' dir='ltr'><strong>ut</strong></span> <span class='ocrx_word' id='word_1_525' title='bbox 1389 5246 1626 5315; x_wconf 76' lang='lat' dir='ltr'><strong>abiectus</strong></span> <span class='ocrx_word' id='word_1_526' title='bbox 1655 5261 1827 5303; x_wconf 90' lang='lat' dir='ltr'><strong>essem</strong></span> <span class='ocrx_word' id='word_1_527' title='bbox 1881 5248 1934 5303; x_wconf 92' lang='lat' dir='ltr'><strong>in</strong></span> <span class='ocrx_word' id='word_1_528' title='bbox 1959 5249 2120 5306; x_wconf 90' lang='lat' dir='ltr'><strong>domo</strong></span> 
     </span>
    </p>
   </div>
   <div class='ocr_carea' id='block_1_70' title="bbox 543 5312 2118 5377">
    <p class='ocr_par' dir='ltr' id='par_1_70' title="bbox 543 5312 2118 5377">
     <span class='ocr_line' id='line_1_70' title="bbox 543 5312 2118 5377; baseline 0.005 -9"><span class='ocrx_word' id='word_1_529' title='bbox 543 5312 1029 5372; x_wconf 44' lang='lat' dir='ltr'><strong>Domini—omnibus</strong></span> <span class='ocrx_word' id='word_1_530' title='bbox 1055 5316 1246 5372; x_wconf 89' lang='lat' dir='ltr'><strong>diebus</strong></span> <span class='ocrx_word' id='word_1_531' title='bbox 1273 5316 1394 5372; x_wconf 72' lang='lat' dir='ltr'><strong>vitae</strong></span> <span class='ocrx_word' id='word_1_532' title='bbox 1424 5312 1575 5371; x_wconf 66' lang='lat' dir='ltr'><strong>mete.</strong></span> <span class='ocrx_word' id='word_1_533' title='bbox 1607 5317 1715 5373; x_wconf 86' lang='lat' dir='ltr'><strong>Nec</strong></span> <span class='ocrx_word' id='word_1_534' title='bbox 1744 5327 1801 5372; x_wconf 91' lang='lat' dir='ltr'><strong>ut</strong></span> <span class='ocrx_word' id='word_1_535' title='bbox 1827 5319 2118 5377; x_wconf 87' lang='lat' dir='ltr'><strong>ministrari</strong></span> 
     </span>
    </p>
   </div>
   <div class='ocr_carea' id='block_1_71' title="bbox 543 5383 2120 5464">
    <p class='ocr_par' dir='ltr' id='par_1_71' title="bbox 543 5383 2120 5464">
     <span class='ocr_line' id='line_1_71' title="bbox 543 5383 2120 5464; baseline 0.005 -26"><span class='ocrx_word' id='word_1_536' title='bbox 543 5383 826 5464; x_wconf 59' lang='lat' dir='ltr'><strong>deberem,</strong></span> <span class='ocrx_word' id='word_1_537' title='bbox 848 5386 940 5442; x_wconf 92' lang='lat' dir='ltr'><strong>sed</strong></span> <span class='ocrx_word' id='word_1_538' title='bbox 965 5387 1279 5464; x_wconf 15' lang='lat' dir='ltr'><strong>ministraret</strong></span> <span class='ocrx_word' id='word_1_539' title='bbox 1297 5398 1395 5464; x_wconf 25' lang='lat' dir='ltr'><strong>:‘et</strong></span> <span class='ocrx_word' id='word_1_540' title='bbox 1418 5389 1632 5457; x_wconf 85' lang='lat' dir='ltr'><strong>paciiice</strong></span> <span class='ocrx_word' id='word_1_541' title='bbox 1663 5389 2120 5464; x_wconf 77' lang='lat' dir='ltr'><strong>Optabam_vivere</strong></span> 
     </span>
    </p>
   </div>
   <div class='ocr_carea' id='block_1_72' title="bbox 545 5457 2120 5530">
    <p class='ocr_par' dir='ltr' id='par_1_72' title="bbox 545 5457 2120 5530">
     <span class='ocr_line' id='line_1_72' title="bbox 545 5457 2120 5530; baseline 0.008 -24"><span class='ocrx_word' id='word_1_542' title='bbox 545 5457 596 5530; x_wconf 85' lang='lat' dir='ltr'><strong>i_n</strong></span> <span class='ocrx_word' id='word_1_543' title='bbox 620 5457 899 5530; x_wconf 78' lang='lat' dir='ltr'><strong>solitudine</strong></span> <span class='ocrx_word' id='word_1_544' title='bbox 923 5499 936 5521; x_wconf 93' lang='lat'><strong>,</strong></span> <span class='ocrx_word' id='word_1_545' title='bbox 966 5458 1200 5530; x_wconf 77' lang='lat' dir='ltr'><strong>nihilque</strong></span> <span class='ocrx_word' id='word_1_546' title='bbox 1228 5458 1529 5514; x_wconf 88' lang='lat' dir='ltr'><strong>divitiarum</strong></span> <span class='ocrx_word' id='word_1_547' title='bbox 1558 5474 1765 5530; x_wconf 82' lang='lat' dir='ltr'><strong>mecum</strong></span> <span class='ocrx_word' id='word_1_548' title='bbox 1809 5460 1992 5525; x_wconf 89' lang='lat' dir='ltr'><strong>attuli,</strong></span> <span class='ocrx_word' id='word_1_549' title='bbox 2024 5463 2120 5518; x_wconf 85' lang='lat' dir='ltr'><strong>sed</strong></span> 
     </span>
    </p>
   </div>
   <div class='ocr_carea' id='block_1_73' title="bbox 543 5522 2121 5597">
    <p class='ocr_par' dir='ltr' id='par_1_73' title="bbox 543 5522 2121 5597">
     <span class='ocr_line' id='line_1_73' title="bbox 543 5522 2121 5597; baseline 0.01 -21"><span class='ocrx_word' id='word_1_550' title='bbox 543 5522 636 5597; x_wconf 82' lang='lat' dir='ltr'><strong>Dei</strong></span> <span class='ocrx_word' id='word_1_551' title='bbox 661 5527 822 5592; x_wconf 70' lang='lat' dir='ltr'><strong>gratia</strong></span> <span class='ocrx_word' id='word_1_552' title='bbox 855 5522 1198 5596; x_wconf 79' lang='lat' dir='ltr'><strong>coadjuvante</strong></span> <span class='ocrx_word' id='word_1_553' title='bbox 1223 5571 1237 5597; x_wconf 94' lang='lat'><strong>,</strong></span> <span class='ocrx_word' id='word_1_554' title='bbox 1266 5530 1530 5585; x_wconf 88' lang='lat' dir='ltr'><strong>favoratus</strong></span> <span class='ocrx_word' id='word_1_555' title='bbox 1552 5522 1710 5585; x_wconf 79' lang='lat' dir='ltr'><strong>etiam</strong></span> <span class='ocrx_word' id='word_1_556' title='bbox 1737 5544 1765 5584; x_wconf 90' lang='lat' dir='ltr'><strong>a</strong></span> <span class='ocrx_word' id='word_1_557' title='bbox 1795 5522 2121 5591; x_wconf 42' lang='lat' dir='ltr'><strong>sancto&#39;sene</strong></span> 
     </span>
    </p>
   </div>
   <div class='ocr_carea' id='block_1_74' title="bbox 542 5594 2118 5674">
    <p class='ocr_par' dir='ltr' id='par_1_74' title="bbox 542 5594 2118 5674">
     <span class='ocr_line' id='line_1_74' title="bbox 542 5594 2118 5674; baseline 0.009 -26"><span class='ocrx_word' id='word_1_558' title='bbox 542 5594 797 5666; x_wconf 81' lang='lat' dir='ltr'><strong>episcopo</strong></span> <span class='ocrx_word' id='word_1_559' title='bbox 824 5594 1036 5655; x_wconf 75' lang='lat' dir='ltr'><strong>Valerio</strong></span> <span class='ocrx_word' id='word_1_560' title='bbox 1055 5643 1070 5668; x_wconf 91' lang='lat'><strong>,</strong></span> <span class='ocrx_word' id='word_1_561' title='bbox 1101 5594 1481 5658; x_wconf 81' lang='lat' dir='ltr'><strong>monasterium</strong></span> <span class='ocrx_word' id='word_1_562' title='bbox 1512 5602 1562 5656; x_wconf 93' lang='lat' dir='ltr'><strong>in</strong></span> <span class='ocrx_word' id='word_1_563' title='bbox 1591 5615 1773 5657; x_wconf 87' lang='lat' dir='ltr'><strong>eremo</strong></span> <span class='ocrx_word' id='word_1_564' title='bbox 1802 5618 1832 5657; x_wconf 89' lang='lat' dir='ltr'><strong>a</strong></span> <span class='ocrx_word' id='word_1_565' title='bbox 1871 5604 2118 5674; x_wconf 80' lang='lat' dir='ltr'><strong>gentibus</strong></span> 
     </span>
    </p>
   </div>
   <div class='ocr_carea' id='block_1_75' title="bbox 541 5723 2120 5838">
    <p class='ocr_par' dir='ltr' id='par_1_75' title="bbox 541 5723 2120 5838">
     <span class='ocr_line' id='line_1_75' title="bbox 541 5723 2120 5838; baseline 0.009 -63"><span class='ocrx_word' id='word_1_566' title='bbox 541 5723 688 5838; x_wconf 53' lang='grc' dir='ltr'><strong>ν</strong></span> <span class='ocrx_word' id='word_1_567' title='bbox 714 5727 796 5778; x_wconf 78' lang='lat' dir='ltr'><strong>uie</strong></span> <span class='ocrx_word' id='word_1_568' title='bbox 821 5735 871 5779; x_wconf 88' lang='lat' dir='ltr'><strong>et</strong></span> <span class='ocrx_word' id='word_1_569' title='bbox 894 5729 1031 5792; x_wconf 87' lang='lat' dir='ltr'><strong>infra,</strong></span> <span class='ocrx_word' id='word_1_570' title='bbox 1061 5744 1256 5807; x_wconf 85' lang='lat' dir='ltr'><strong>errores</strong></span> <span class='ocrx_word' id='word_1_571' title='bbox 1273 5733 1372 5797; x_wconf 87' lang='lat' dir='ltr'><strong>jam</strong></span> <span class='ocrx_word' id='word_1_572' title='bbox 1393 5733 1632 5796; x_wconf 84' lang='lat' dir='ltr'><strong>superiori</strong></span> <span class='ocrx_word' id='word_1_573' title='bbox 1656 5747 1884 5792; x_wconf 80' lang='lat' dir='ltr'><strong>sermone</strong></span> <span class='ocrx_word' id='word_1_574' title='bbox 1907 5736 2120 5792; x_wconf 79' lang='lat' dir='ltr'><strong>animad-</strong></span> 
     </span>
    </p>
   </div>
   <div class='ocr_carea' id='block_1_76' title="bbox 2165 5907 2207 5919">
    <p class='ocr_par' dir='ltr' id='par_1_76' title="bbox 2165 5907 2207 5919">
     <span class='ocr_line' id='line_1_76' title="bbox 2165 5907 2207 5919; baseline 0 0"><span class='ocrx_word' id='word_1_575' title='bbox 2165 5918 2168 5919; x_wconf 44' lang='grc' dir='ltr'><em>ν</em></span> <span class='ocrx_word' id='word_1_576' title='bbox 2178 5907 2207 5919; x_wconf 58' lang='grc' dir='ltr'><strong>-κ</strong></span> 
     </span>
    </p>
   </div>
   <div class='ocr_carea' id='block_1_77' title="bbox 1950 331 2319 393">
    <p class='ocr_par' dir='ltr' id='par_1_77' title="bbox 1950 331 2319 393">
     <span class='ocr_line' id='line_1_77' title="bbox 1950 331 2319 393; baseline -0.005 0"><span class='ocrx_word' id='word_1_577' title='bbox 1950 331 2319 393; x_wconf 80' lang='lat' dir='ltr'><strong>APPENDIX.</strong></span> 
     </span>
    </p>
   </div>
   <div class='ocr_carea' id='block_1_78' title="bbox 2161 2707 2368 2769">
    <p class='ocr_par' dir='ltr' id='par_1_78' title="bbox 2161 2707 2368 2769">
     <span class='ocr_line' id='line_1_78' title="bbox 2161 2707 2368 2769; baseline -0.005 -7"><span class='ocrx_word' id='word_1_578' title='bbox 2161 2711 2177 2769; x_wconf 65' lang='grc' dir='ltr'><strong>’ξ</strong></span> <span class='ocrx_word' id='word_1_579' title='bbox 2221 2707 2368 2762; x_wconf 83' lang='grc' dir='ltr'><strong>ηἰηο.</strong></span> 
     </span>
    </p>
   </div>
   <div class='ocr_carea' id='block_1_79' title="bbox 3667 345 3832 404">
    <p class='ocr_par' dir='ltr' id='par_1_79' title="bbox 3667 345 3832 404">
     <span class='ocr_line' id='line_1_79' title="bbox 3667 345 3832 404; baseline 0.012 -1"><span class='ocrx_word' id='word_1_580' title='bbox 3667 345 3832 404; x_wconf 68' lang='grc' dir='ltr'><strong>ιω</strong></span> 
     </span>
    </p>
   </div>
   <div class='ocr_carea' id='block_1_80' title="bbox 2219 452 3826 540">
    <p class='ocr_par' dir='ltr' id='par_1_80' title="bbox 2219 452 3826 540">
     <span class='ocr_line' id='line_1_80' title="bbox 2219 452 3826 540; baseline 0.003 -34"><span class='ocrx_word' id='word_1_581' title='bbox 2219 460 2592 540; x_wconf 68' lang='lat' dir='ltr'><strong>segregatum,</strong></span> <span class='ocrx_word' id='word_1_582' title='bbox 2645 452 3044 540; x_wconf 67' lang='lat' dir='ltr'><strong>multolabore</strong></span> <span class='ocrx_word' id='word_1_583' title='bbox 3107 453 3356 540; x_wconf 73' lang='lat' dir='ltr'><strong>fatigatus</strong></span> <span class='ocrx_word' id='word_1_584' title='bbox 3403 454 3826 540; x_wconf 66' lang='lat' dir='ltr'><strong>:ediilcavi,_er</strong></span> 
     </span>
    </p>
   </div>
   <div class='ocr_carea' id='block_1_81' title="bbox 2217 525 3822 596">
    <p class='ocr_par' dir='ltr' id='par_1_81' title="bbox 2217 525 3822 596">
     <span class='ocr_line' id='line_1_81' title="bbox 2217 525 3822 596; baseline 0.005 -17"><span class='ocrx_word' id='word_1_585' title='bbox 2217 539 2340 579; x_wconf 90' lang='lat' dir='ltr'><strong>cum</strong></span> <span class='ocrx_word' id='word_1_586' title='bbox 2368 525 2594 596; x_wconf 80' lang='lat' dir='ltr'><strong>longiori</strong></span> <span class='ocrx_word' id='word_1_587' title='bbox 2621 527 2885 581; x_wconf 82' lang='lat' dir='ltr'><strong>anxietate</strong></span> <span class='ocrx_word' id='word_1_588' title='bbox 2928 541 3110 582; x_wconf 90' lang='lat' dir='ltr'><strong>servos</strong></span> <span class='ocrx_word' id='word_1_589' title='bbox 3140 525 3232 580; x_wconf 89' lang='lat' dir='ltr'><strong>Dei</strong></span> <span class='ocrx_word' id='word_1_590' title='bbox 3273 540 3370 596; x_wconf 90' lang='lat' dir='ltr'><strong>per</strong></span> <span class='ocrx_word' id='word_1_591' title='bbox 3398 541 3614 582; x_wconf 88' lang='lat' dir='ltr'><strong>nemora</strong></span> <span class='ocrx_word' id='word_1_592' title='bbox 3653 529 3822 586; x_wconf 80' lang='lat' dir='ltr'><strong>habi-</strong></span> 
     </span>
    </p>
   </div>
   <div class='ocr_carea' id='block_1_82' title="bbox 2217 596 3819 668">
    <p class='ocr_par' dir='ltr' id='par_1_82' title="bbox 2217 596 3819 668">
     <span class='ocr_line' id='line_1_82' title="bbox 2217 596 3819 668; baseline 0.006 -20"><span class='ocrx_word' id='word_1_593' title='bbox 2217 603 2391 668; x_wconf 86' lang='lat' dir='ltr'><strong>tantes</strong></span> <span class='ocrx_word' id='word_1_594' title='bbox 2416 596 2467 650; x_wconf 92' lang='lat' dir='ltr'><strong>in</strong></span> <span class='ocrx_word' id='word_1_595' title='bbox 2485 611 2644 668; x_wconf 86' lang='lat' dir='ltr'><strong>unum</strong></span> <span class='ocrx_word' id='word_1_596' title='bbox 2674 598 2986 668; x_wconf 86' lang='lat' dir='ltr'><strong>congregavi</strong></span> <span class='ocrx_word' id='word_1_597' title='bbox 3007 639 3022 664; x_wconf 91' lang='lat'><strong>,</strong></span> <span class='ocrx_word' id='word_1_598' title='bbox 3053 604 3106 652; x_wconf 91' lang='lat' dir='ltr'><strong>et</strong></span> <span class='ocrx_word' id='word_1_599' title='bbox 3131 611 3252 652; x_wconf 89' lang='lat' dir='ltr'><strong>cum</strong></span> <span class='ocrx_word' id='word_1_600' title='bbox 3278 596 3367 668; x_wconf 78' lang='lat' dir='ltr'><strong>eis</strong></span> <span class='ocrx_word' id='word_1_601' title='bbox 3393 596 3592 668; x_wconf 88' lang='lat' dir='ltr'><strong>pariter</strong></span> <span class='ocrx_word' id='word_1_602' title='bbox 3617 598 3819 658; x_wconf 82' lang='lat' dir='ltr'><strong>vivere</strong></span> 
     </span>
    </p>
   </div>
   <div class='ocr_carea' id='block_1_83' title="bbox 2217 665 3814 736">
    <p class='ocr_par' dir='ltr' id='par_1_83' title="bbox 2217 665 3814 736">
     <span class='ocr_line' id='line_1_83' title="bbox 2217 665 3814 736; baseline 0.004 -16"><span class='ocrx_word' id='word_1_603' title='bbox 2217 666 2394 735; x_wconf 75' lang='lat' dir='ltr'><strong>ccepi,</strong></span> <span class='ocrx_word' id='word_1_604' title='bbox 2439 665 2727 722; x_wconf 89' lang='lat' dir='ltr'><strong>secundum</strong></span> <span class='ocrx_word' id='word_1_605' title='bbox 2781 665 2996 723; x_wconf 81' lang='lat' dir='ltr'><strong>inodum</strong></span> <span class='ocrx_word' id='word_1_606' title='bbox 3045 675 3098 722; x_wconf 93' lang='lat' dir='ltr'><strong>et</strong></span> <span class='ocrx_word' id='word_1_607' title='bbox 3146 665 3407 736; x_wconf 58' lang='lat' dir='ltr'><strong>regulam&#39;</strong></span> <span class='ocrx_word' id='word_1_608' title='bbox 3442 667 3543 723; x_wconf 91' lang='lat' dir='ltr'><strong>sub</strong></span> <span class='ocrx_word' id='word_1_609' title='bbox 3597 673 3814 728; x_wconf 80' lang='lat' dir='ltr'><strong>sanctis</strong></span> 
     </span>
    </p>
   </div>
   <div class='ocr_carea' id='block_1_84' title="bbox 2217 737 3812 808">
    <p class='ocr_par' dir='ltr' id='par_1_84' title="bbox 2217 737 3812 808">
     <span class='ocr_line' id='line_1_84' title="bbox 2217 737 3812 808; baseline 0.005 -18"><span class='ocrx_word' id='word_1_610' title='bbox 2217 737 2487 808; x_wconf 79' lang='lat' dir='ltr'><strong>Apostolis</strong></span> <span class='ocrx_word' id='word_1_611' title='bbox 2508 737 2844 792; x_wconf 88' lang='lat' dir='ltr'><strong>constitutam</strong></span> <span class='ocrx_word' id='word_1_612' title='bbox 2866 780 2882 806; x_wconf 97' lang='lat'><strong>,</strong></span> <span class='ocrx_word' id='word_1_613' title='bbox 2912 738 3088 794; x_wconf 89' lang='lat' dir='ltr'><strong>omnia</strong></span> <span class='ocrx_word' id='word_1_614' title='bbox 3135 738 3490 794; x_wconf 90' lang='lat' dir='ltr'><strong>communiter</strong></span> <span class='ocrx_word' id='word_1_615' title='bbox 3541 738 3812 798; x_wconf 85' lang='lat' dir='ltr'><strong>habentes</strong></span> 
     </span>
    </p>
   </div>
   <div class='ocr_carea' id='block_1_85' title="bbox 2215 807 3802 878">
    <p class='ocr_par' dir='ltr' id='par_1_85' title="bbox 2215 807 3802 878">
     <span class='ocr_line' id='line_1_85' title="bbox 2215 807 3802 878; baseline 0.004 -16"><span class='ocrx_word' id='word_1_616' title='bbox 2215 816 2271 878; x_wconf 90' lang='lat' dir='ltr'><strong>et</strong></span> <span class='ocrx_word' id='word_1_617' title='bbox 2301 807 2649 878; x_wconf 85' lang='lat' dir='ltr'><strong>possidentes,</strong></span> <span class='ocrx_word' id='word_1_618' title='bbox 2672 809 2908 864; x_wconf 82' lang='lat' dir='ltr'><strong>viventes</strong></span> <span class='ocrx_word' id='word_1_619' title='bbox 2931 809 2984 863; x_wconf 94' lang='lat' dir='ltr'><strong>in</strong></span> <span class='ocrx_word' id='word_1_620' title='bbox 3004 807 3195 878; x_wconf 78' lang='lat' dir='ltr'><strong>vigiliis</strong></span> <span class='ocrx_word' id='word_1_621' title='bbox 3220 816 3274 863; x_wconf 90' lang='lat' dir='ltr'><strong>et</strong></span> <span class='ocrx_word' id='word_1_622' title='bbox 3299 808 3630 878; x_wconf 83' lang='lat' dir='ltr'><strong>orationibus</strong></span> <span class='ocrx_word' id='word_1_623' title='bbox 3655 812 3802 869; x_wconf 81' lang='lat' dir='ltr'><strong>ultra</strong></span> 
     </span>
    </p>
   </div>
   <div class='ocr_carea' id='block_1_86' title="bbox 2217 875 3800 948">
    <p class='ocr_par' dir='ltr' id='par_1_86' title="bbox 2217 875 3800 948">
     <span class='ocr_line' id='line_1_86' title="bbox 2217 875 3800 948; baseline 0.004 -16"><span class='ocrx_word' id='word_1_624' title='bbox 2217 875 2270 932; x_wconf 89' lang='lat' dir='ltr'><strong>id</strong></span> <span class='ocrx_word' id='word_1_625' title='bbox 2296 875 2434 948; x_wconf 82' lang='lat' dir='ltr'><strong>quod</strong></span> <span class='ocrx_word' id='word_1_626' title='bbox 2456 877 2720 948; x_wconf 78' lang='lat' dir='ltr'><strong>explicare</strong></span> <span class='ocrx_word' id='word_1_627' title='bbox 2745 875 3317 948; x_wconf 50' lang='lat' dir='ltr'><strong>possumus—Quorum</strong></span> <span class='ocrx_word' id='word_1_628' title='bbox 3347 877 3484 934; x_wconf 89' lang='lat' dir='ltr'><strong>fama</strong></span> <span class='ocrx_word' id='word_1_629' title='bbox 3533 879 3599 935; x_wconf 92' lang='lat' dir='ltr'><strong>ad</strong></span> <span class='ocrx_word' id='word_1_630' title='bbox 3627 893 3800 938; x_wconf 88' lang='lat' dir='ltr'><strong>aures</strong></span> 
     </span>
    </p>
   </div>
   <div class='ocr_carea' id='block_1_87' title="bbox 2217 947 3805 1020">
    <p class='ocr_par' dir='ltr' id='par_1_87' title="bbox 2217 947 3805 1020">
     <span class='ocr_line' id='line_1_87' title="bbox 2217 947 3805 1020; baseline 0.004 -16"><span class='ocrx_word' id='word_1_631' title='bbox 2217 947 2386 1004; x_wconf 79' lang='lat' dir='ltr'><strong>sancti</strong></span> <span class='ocrx_word' id='word_1_632' title='bbox 2415 947 2651 1020; x_wconf 80' lang='lat' dir='ltr'><strong>episcopi</strong></span> <span class='ocrx_word' id='word_1_633' title='bbox 2675 947 2867 1005; x_wconf 83' lang='lat' dir='ltr'><strong>Valerii</strong></span> <span class='ocrx_word' id='word_1_634' title='bbox 2891 951 3163 1020; x_wconf 87' lang='lat' dir='ltr'><strong>pervenit,</strong></span> <span class='ocrx_word' id='word_1_635' title='bbox 3197 957 3251 1006; x_wconf 88' lang='lat' dir='ltr'><strong>et</strong></span> <span class='ocrx_word' id='word_1_636' title='bbox 3275 949 3469 1020; x_wconf 86' lang='lat' dir='ltr'><strong>placuit</strong></span> <span class='ocrx_word' id='word_1_637' title='bbox 3489 949 3589 1006; x_wconf 89' lang='lat' dir='ltr'><strong>sibi</strong></span> <span class='ocrx_word' id='word_1_638' title='bbox 3617 966 3717 1008; x_wconf 91' lang='lat' dir='ltr'><strong>nos</strong></span> <span class='ocrx_word' id='word_1_639' title='bbox 3746 953 3805 1010; x_wconf 92' lang='lat' dir='ltr'><strong>in</strong></span> 
     </span>
    </p>
   </div>
   <div class='ocr_carea' id='block_1_88' title="bbox 2217 1019 3800 1086">
    <p class='ocr_par' dir='ltr' id='par_1_88' title="bbox 2217 1019 3800 1086">
     <span class='ocr_line' id='line_1_88' title="bbox 2217 1019 3800 1086; baseline 0.001 -12"><span class='ocrx_word' id='word_1_640' title='bbox 2217 1033 2399 1074; x_wconf 89' lang='lat' dir='ltr'><strong>eremo</strong></span> <span class='ocrx_word' id='word_1_641' title='bbox 2423 1019 2669 1084; x_wconf 85' lang='lat' dir='ltr'><strong>visitare,</strong></span> <span class='ocrx_word' id='word_1_642' title='bbox 2702 1028 2754 1074; x_wconf 90' lang='lat' dir='ltr'><strong>et</strong></span> <span class='ocrx_word' id='word_1_643' title='bbox 2779 1019 2924 1075; x_wconf 84' lang='lat' dir='ltr'><strong>stetit</strong></span> <span class='ocrx_word' id='word_1_644' title='bbox 2947 1020 3219 1075; x_wconf 89' lang='lat' dir='ltr'><strong>nobiscum</strong></span> <span class='ocrx_word' id='word_1_645' title='bbox 3270 1019 3528 1076; x_wconf 90' lang='lat' dir='ltr'><strong>tredecim</strong></span> <span class='ocrx_word' id='word_1_646' title='bbox 3555 1020 3744 1077; x_wconf 90' lang='lat' dir='ltr'><strong>diebus</strong></span> <span class='ocrx_word' id='word_1_647' title='bbox 3783 1063 3800 1086; x_wconf 87' lang='lat'><strong><em>.</em></strong></span> 
     </span>
    </p>
   </div>
   <div class='ocr_carea' id='block_1_89' title="bbox 2217 1089 3805 1162">
    <p class='ocr_par' dir='ltr' id='par_1_89' title="bbox 2217 1089 3805 1162">
     <span class='ocr_line' id='line_1_89' title="bbox 2217 1089 3805 1162; baseline 0.004 -21"><span class='ocrx_word' id='word_1_648' title='bbox 2217 1089 2423 1162; x_wconf 85' lang='lat' dir='ltr'><strong>donans</strong></span> <span class='ocrx_word' id='word_1_649' title='bbox 2452 1091 2578 1144; x_wconf 92' lang='lat' dir='ltr'><strong>mihi</strong></span> <span class='ocrx_word' id='word_1_650' title='bbox 2596 1089 2819 1162; x_wconf 68' lang='lat' dir='ltr'><strong>hortum</strong></span> <span class='ocrx_word' id='word_1_651' title='bbox 2852 1091 3245 1162; x_wconf 62' lang='lat' dir='ltr'><strong>amoenitatibus</strong></span> <span class='ocrx_word' id='word_1_652' title='bbox 3277 1090 3490 1162; x_wconf 89' lang='lat' dir='ltr'><strong>plenum</strong></span> <span class='ocrx_word' id='word_1_653' title='bbox 3520 1091 3572 1146; x_wconf 89' lang='lat' dir='ltr'><strong>in</strong></span> <span class='ocrx_word' id='word_1_654' title='bbox 3619 1092 3805 1162; x_wconf 88' lang='lat' dir='ltr'><strong>plani-</strong></span> 
     </span>
    </p>
   </div>
   <div class='ocr_carea' id='block_1_90' title="bbox 2217 1160 3796 1232">
    <p class='ocr_par' dir='ltr' id='par_1_90' title="bbox 2217 1160 3796 1232">
     <span class='ocr_line' id='line_1_90' title="bbox 2217 1160 3796 1232; baseline 0.003 -18"><span class='ocrx_word' id='word_1_655' title='bbox 2217 1160 2289 1232; x_wconf 87' lang='lat' dir='ltr'><strong>tie</strong></span> <span class='ocrx_word' id='word_1_656' title='bbox 2309 1161 2562 1232; x_wconf 88' lang='lat' dir='ltr'><strong>positum.</strong></span> <span class='ocrx_word' id='word_1_657' title='bbox 2593 1161 2660 1215; x_wconf 89' lang='lat' dir='ltr'><strong>Et</strong></span> <span class='ocrx_word' id='word_1_658' title='bbox 2683 1162 2801 1231; x_wconf 91' lang='lat' dir='ltr'><strong>quia</strong></span> <span class='ocrx_word' id='word_1_659' title='bbox 2823 1176 2850 1215; x_wconf 92' lang='lat' dir='ltr'><strong>a</strong></span> <span class='ocrx_word' id='word_1_660' title='bbox 2873 1161 3120 1232; x_wconf 79' lang='lat' dir='ltr'><strong>gentibus</strong></span> <span class='ocrx_word' id='word_1_661' title='bbox 3139 1160 3459 1232; x_wconf 16' lang='lat' dir='ltr'><strong>segregatus,</strong></span> <span class='ocrx_word' id='word_1_662' title='bbox 3481 1171 3595 1218; x_wconf 88' lang='lat' dir='ltr'><strong>erat</strong></span> <span class='ocrx_word' id='word_1_663' title='bbox 3617 1160 3796 1231; x_wconf 82' lang='lat' dir='ltr'><strong>locus,</strong></span> 
     </span>
    </p>
   </div>
   <div class='ocr_carea' id='block_1_91' title="bbox 2219 1231 3800 1301">
    <p class='ocr_par' dir='ltr' id='par_1_91' title="bbox 2219 1231 3800 1301">
     <span class='ocr_line' id='line_1_91' title="bbox 2219 1231 3800 1301; baseline 0.003 -17"><span class='ocrx_word' id='word_1_664' title='bbox 2219 1231 2446 1286; x_wconf 90' lang='lat' dir='ltr'><strong>libenter</strong></span> <span class='ocrx_word' id='word_1_665' title='bbox 2470 1231 2618 1301; x_wconf 85' lang='lat' dir='ltr'><strong>illum</strong></span> <span class='ocrx_word' id='word_1_666' title='bbox 2645 1231 2892 1301; x_wconf 86' lang='lat' dir='ltr'><strong>suscepi,</strong></span> <span class='ocrx_word' id='word_1_667' title='bbox 2921 1241 2979 1287; x_wconf 92' lang='lat' dir='ltr'><strong>ut</strong></span> <span class='ocrx_word' id='word_1_668' title='bbox 3021 1231 3340 1287; x_wconf 75' lang='lat' dir='ltr'><strong>:cdificarem</strong></span> <span class='ocrx_word' id='word_1_669' title='bbox 3394 1231 3553 1288; x_wconf 88' lang='lat' dir='ltr'><strong>etiam</strong></span> <span class='ocrx_word' id='word_1_670' title='bbox 3605 1247 3800 1288; x_wconf 85' lang='lat' dir='ltr'><strong>mona-</strong></span> 
     </span>
    </p>
   </div>
   <div class='ocr_carea' id='block_1_92' title="bbox 2219 1299 3803 1385">
    <p class='ocr_par' dir='ltr' id='par_1_92' title="bbox 2219 1299 3803 1385">
     <span class='ocr_line' id='line_1_92' title="bbox 2219 1299 3803 1385; baseline 0.001 -29"><span class='ocrx_word' id='word_1_671' title='bbox 2219 1301 2439 1385; x_wconf 73' lang='lat' dir='ltr'><strong>sterium</strong></span> <span class='ocrx_word' id='word_1_672' title='bbox 2458 1299 2736 1385; x_wconf 36' lang='lat' dir='ltr'><strong>fratrum,</strong></span> <span class='ocrx_word' id='word_1_673' title='bbox 2750 1299 2883 1372; x_wconf 84' lang='lat' dir='ltr'><strong>quos</strong></span> <span class='ocrx_word' id='word_1_674' title='bbox 2905 1303 3042 1385; x_wconf 75' lang='lat' dir='ltr'><strong>tales</strong></span> <span class='ocrx_word' id='word_1_675' title='bbox 3077 1303 3384 1385; x_wconf 74' lang='lat' dir='ltr'><strong>inveneram</strong></span> <span class='ocrx_word' id='word_1_676' title='bbox 3399 1342 3414 1369; x_wconf 95' lang='lat'><strong>,</strong></span> <span class='ocrx_word' id='word_1_677' title='bbox 3442 1303 3627 1385; x_wconf 80' lang='lat' dir='ltr'><strong>quales</strong></span> <span class='ocrx_word' id='word_1_678' title='bbox 3639 1303 3803 1385; x_wconf 71' lang='lat' dir='ltr'><strong>inve-</strong></span> 
     </span>
    </p>
   </div>
   <div class='ocr_carea' id='block_1_93' title="bbox 2219 1371 3802 1442">
    <p class='ocr_par' dir='ltr' id='par_1_93' title="bbox 2219 1371 3802 1442">
     <span class='ocr_line' id='line_1_93' title="bbox 2219 1371 3802 1442; baseline 0.003 -17"><span class='ocrx_word' id='word_1_679' title='bbox 2219 1371 2335 1425; x_wconf 88' lang='lat' dir='ltr'><strong>nire</strong></span> <span class='ocrx_word' id='word_1_680' title='bbox 2359 1371 2813 1440; x_wconf 86' lang='lat' dir='ltr'><strong>dcsideravi.Quo</strong></span> <span class='ocrx_word' id='word_1_681' title='bbox 2839 1373 3136 1437; x_wconf 77' lang='lat' dir='ltr'><strong>aediﬁcato,</strong></span> <span class='ocrx_word' id='word_1_682' title='bbox 3191 1373 3390 1442; x_wconf 91' lang='lat' dir='ltr'><strong>placuit</strong></span> <span class='ocrx_word' id='word_1_683' title='bbox 3433 1371 3518 1438; x_wconf 90' lang='lat' dir='ltr'><strong>ei,</strong></span> <span class='ocrx_word' id='word_1_684' title='bbox 3566 1373 3654 1442; x_wconf 92' lang='lat' dir='ltr'><strong>qui</strong></span> <span class='ocrx_word' id='word_1_685' title='bbox 3707 1388 3802 1430; x_wconf 79' lang='lat' dir='ltr'><strong>me</strong></span> 
     </span>
    </p>
   </div>
   <div class='ocr_carea' id='block_1_94' title="bbox 2219 1442 3796 1514">
    <p class='ocr_par' dir='ltr' id='par_1_94' title="bbox 2219 1442 3796 1514">
     <span class='ocr_line' id='line_1_94' title="bbox 2219 1442 3796 1514; baseline 0.003 -18"><span class='ocrx_word' id='word_1_686' title='bbox 2219 1442 2511 1514; x_wconf 82' lang='lat' dir='ltr'><strong>segregavit</strong></span> <span class='ocrx_word' id='word_1_687' title='bbox 2552 1442 2618 1496; x_wconf 89' lang='lat' dir='ltr'><strong>de</strong></span> <span class='ocrx_word' id='word_1_688' title='bbox 2645 1452 2794 1498; x_wconf 86' lang='lat' dir='ltr'><strong>utero</strong></span> <span class='ocrx_word' id='word_1_689' title='bbox 2825 1444 3007 1514; x_wconf 86' lang='lat' dir='ltr'><strong>matris</strong></span> <span class='ocrx_word' id='word_1_690' title='bbox 3055 1458 3188 1500; x_wconf 72' lang='lat' dir='ltr'><strong>mea:</strong></span> <span class='ocrx_word' id='word_1_691' title='bbox 3233 1452 3287 1500; x_wconf 89' lang='lat' dir='ltr'><strong>et</strong></span> <span class='ocrx_word' id='word_1_692' title='bbox 3306 1443 3514 1514; x_wconf 79' lang='lat' dir='ltr'><strong>vocavit</strong></span> <span class='ocrx_word' id='word_1_693' title='bbox 3557 1458 3643 1514; x_wconf 85' lang='lat' dir='ltr'><strong>me</strong></span> <span class='ocrx_word' id='word_1_694' title='bbox 3696 1458 3796 1514; x_wconf 86' lang='lat' dir='ltr'><strong>per</strong></span> 
     </span>
    </p>
   </div>
   <div class='ocr_carea' id='block_1_95' title="bbox 2218 1511 3801 1582">
    <p class='ocr_par' dir='ltr' id='par_1_95' title="bbox 2218 1511 3801 1582">
     <span class='ocr_line' id='line_1_95' title="bbox 2218 1511 3801 1582; baseline 0.005 -18"><span class='ocrx_word' id='word_1_695' title='bbox 2218 1513 2439 1582; x_wconf 81' lang='lat' dir='ltr'><strong>gratiam</strong></span> <span class='ocrx_word' id='word_1_696' title='bbox 2467 1529 2646 1580; x_wconf 82' lang='lat' dir='ltr'><strong>suam,</strong></span> <span class='ocrx_word' id='word_1_697' title='bbox 2692 1514 2820 1568; x_wconf 91' lang='lat' dir='ltr'><strong>mihi</strong></span> <span class='ocrx_word' id='word_1_698' title='bbox 2859 1513 3068 1577; x_wconf 88' lang='lat' dir='ltr'><strong>dicere,</strong></span> <span class='ocrx_word' id='word_1_699' title='bbox 3126 1511 3367 1568; x_wconf 79' lang='lat' dir='ltr'><strong>Ascende</strong></span> <span class='ocrx_word' id='word_1_700' title='bbox 3411 1513 3653 1582; x_wconf 87' lang='lat' dir='ltr'><strong>superius</strong></span> <span class='ocrx_word' id='word_1_701' title='bbox 3679 1511 3712 1580; x_wconf 73' lang='grc' dir='ltr'><strong>ς’</strong></span> <span class='ocrx_word' id='word_1_702' title='bbox 3738 1523 3801 1572; x_wconf 75' lang='grc' dir='ltr'>ει</span> 
     </span>
    </p>
   </div>
   <div class='ocr_carea' id='block_1_96' title="bbox 2219 1583 3796 1646">
    <p class='ocr_par' dir='ltr' id='par_1_96' title="bbox 2219 1583 3796 1646">
     <span class='ocr_line' id='line_1_96' title="bbox 2219 1583 3796 1646; baseline 0.003 -10"><span class='ocrx_word' id='word_1_703' title='bbox 2219 1583 2296 1637; x_wconf 89' lang='lat' dir='ltr'><strong>sic</strong></span> <span class='ocrx_word' id='word_1_704' title='bbox 2321 1597 2441 1636; x_wconf 89' lang='lat' dir='ltr'><strong>cum</strong></span> <span class='ocrx_word' id='word_1_705' title='bbox 2465 1585 2704 1638; x_wconf 87' lang='lat' dir='ltr'><strong>molestia</strong></span> <span class='ocrx_word' id='word_1_706' title='bbox 2727 1594 2779 1639; x_wconf 87' lang='lat' dir='ltr'><strong>et</strong></span> <span class='ocrx_word' id='word_1_707' title='bbox 2805 1599 2924 1640; x_wconf 91' lang='lat' dir='ltr'><strong>cum</strong></span> <span class='ocrx_word' id='word_1_708' title='bbox 2959 1583 3142 1646; x_wconf 74' lang='lat' dir='ltr'><strong>grandi</strong></span> <span class='ocrx_word' id='word_1_709' title='bbox 3185 1583 3451 1638; x_wconf 66' lang='lat' dir='ltr'><strong>anxietate</strong></span> <span class='ocrx_word' id='word_1_710' title='bbox 3475 1583 3642 1639; x_wconf 83' lang='lat' dir='ltr'><strong>factus</strong></span> <span class='ocrx_word' id='word_1_711' title='bbox 3671 1599 3796 1642; x_wconf 87' lang='lat' dir='ltr'><strong>sum</strong></span> 
     </span>
    </p>
   </div>
   <div class='ocr_carea' id='block_1_97' title="bbox 2219 1641 3798 1776">
    <p class='ocr_par' dir='ltr' id='par_1_97' title="bbox 2219 1641 3798 1776">
     <span class='ocr_line' id='line_1_97' title="bbox 2219 1641 3798 1776; baseline 0.003 -68"><span class='ocrx_word' id='word_1_712' title='bbox 2219 1653 2498 1721; x_wconf 90' lang='lat' dir='ltr'><strong>episcopus</strong></span> <span class='ocrx_word' id='word_1_713' title='bbox 2508 1655 2814 1776; x_wconf 49' lang='lat' dir='ltr'><strong>Presbyter.</strong></span> <span class='ocrx_word' id='word_1_714' title='bbox 2845 1655 2922 1710; x_wconf 73' lang='grc' dir='ltr'><strong>Ε(</strong></span> <span class='ocrx_word' id='word_1_715' title='bbox 2939 1641 3060 1724; x_wconf 72' lang='lat' dir='ltr'><strong>quia</strong></span> <span class='ocrx_word' id='word_1_716' title='bbox 3081 1669 3200 1710; x_wconf 92' lang='lat' dir='ltr'><strong>cum</strong></span> <span class='ocrx_word' id='word_1_717' title='bbox 3238 1652 3488 1709; x_wconf 84' lang='lat' dir='ltr'><strong>fratribus</strong></span> <span class='ocrx_word' id='word_1_718' title='bbox 3514 1653 3644 1710; x_wconf 91' lang='lat' dir='ltr'><strong>meis</strong></span> <span class='ocrx_word' id='word_1_719' title='bbox 3666 1695 3682 1720; x_wconf 83' lang='lat'><strong>,</strong></span> <span class='ocrx_word' id='word_1_720' title='bbox 3735 1641 3798 1712; x_wconf 75' lang='lat' dir='ltr'><strong>ut</strong></span> 
     </span>
     <span class='ocr_line' id='line_1_98' title="bbox 2221 1723 3797 1776; baseline 0 0"><span class='ocrx_word' id='word_1_721' title='bbox 2221 1723 2478 1776; x_wconf 83' lang='lat' dir='ltr'><strong>hactenus</strong></span> <span class='ocrx_word' id='word_1_722' title='bbox 2527 1739 2733 1776; x_wconf 89' lang='lat' dir='ltr'><strong>eccram</strong></span> <span class='ocrx_word' id='word_1_723' title='bbox 2759 1765 2774 1776; x_wconf 87' lang='lat'><strong>.</strong></span> <span class='ocrx_word' id='word_1_724' title='bbox 2803 1740 3014 1776; x_wconf 80' lang='lat' dir='ltr'><strong>semper</strong></span> <span class='ocrx_word' id='word_1_725' title='bbox 3039 1739 3264 1776; x_wconf 80' lang='lat' dir='ltr'><strong>corpore</strong></span> <span class='ocrx_word' id='word_1_726' title='bbox 3295 1724 3534 1776; x_wconf 87' lang='lat' dir='ltr'><strong>habitare</strong></span> <span class='ocrx_word' id='word_1_727' title='bbox 3561 1739 3667 1776; x_wconf 91' lang='lat' dir='ltr'><strong>non</strong></span> <span class='ocrx_word' id='word_1_728' title='bbox 3698 1740 3797 1776; x_wconf 72' lang='lat' dir='ltr'><strong>no-</strong></span> 
     </span>
    </p>
   </div>
   <div class='ocr_carea' id='block_1_98' title="bbox 2221 1723 3797 1794">
    <p class='ocr_par' dir='ltr' id='par_1_98' title="bbox 2221 1723 3797 1794">
     <span class='ocr_line' id='line_1_99' title="bbox 2221 1723 3797 1794; baseline 0.002 -18"><span class='ocrx_word' id='word_1_729' title='bbox 2221 1723 2478 1779; x_wconf 87' lang='lat' dir='ltr'><strong>hactenus</strong></span> <span class='ocrx_word' id='word_1_730' title='bbox 2508 1723 2733 1780; x_wconf 80' lang='lat' dir='ltr'><strong>fecerant</strong></span> <span class='ocrx_word' id='word_1_731' title='bbox 2759 1765 2774 1790; x_wconf 89' lang='lat'><strong>,</strong></span> <span class='ocrx_word' id='word_1_732' title='bbox 2803 1723 3014 1794; x_wconf 83' lang='lat' dir='ltr'><strong>semper</strong></span> <span class='ocrx_word' id='word_1_733' title='bbox 3039 1739 3264 1794; x_wconf 90' lang='lat' dir='ltr'><strong>corpore</strong></span> <span class='ocrx_word' id='word_1_734' title='bbox 3295 1724 3534 1779; x_wconf 90' lang='lat' dir='ltr'><strong>habitare</strong></span> <span class='ocrx_word' id='word_1_735' title='bbox 3561 1739 3667 1779; x_wconf 90' lang='lat' dir='ltr'><strong>non</strong></span> <span class='ocrx_word' id='word_1_736' title='bbox 3698 1740 3797 1794; x_wconf 65' lang='lat' dir='ltr'><strong>po-</strong></span> 
     </span>
    </p>
   </div>
   <div class='ocr_carea' id='block_1_99' title="bbox 2221 1794 3793 1864">
    <p class='ocr_par' dir='ltr' id='par_1_99' title="bbox 2221 1794 3793 1864">
     <span class='ocr_line' id='line_1_100' title="bbox 2221 1794 3793 1864; baseline 0.003 -16"><span class='ocrx_word' id='word_1_737' title='bbox 2221 1802 2386 1864; x_wconf 90' lang='lat' dir='ltr'><strong>teram</strong></span> <span class='ocrx_word' id='word_1_738' title='bbox 2410 1835 2423 1859; x_wconf 94' lang='lat'><strong>,</strong></span> <span class='ocrx_word' id='word_1_739' title='bbox 2452 1804 2729 1863; x_wconf 88' lang='lat' dir='ltr'><strong>propterea</strong></span> <span class='ocrx_word' id='word_1_740' title='bbox 2756 1796 2892 1850; x_wconf 91' lang='lat' dir='ltr'><strong>intra</strong></span> <span class='ocrx_word' id='word_1_741' title='bbox 2921 1795 3136 1850; x_wconf 90' lang='lat' dir='ltr'><strong>domum</strong></span> <span class='ocrx_word' id='word_1_742' title='bbox 3159 1794 3392 1864; x_wconf 87' lang='lat' dir='ltr'><strong>episcopi</strong></span> <span class='ocrx_word' id='word_1_743' title='bbox 3422 1809 3516 1850; x_wconf 90' lang='lat' dir='ltr'><strong>vos</strong></span> <span class='ocrx_word' id='word_1_744' title='bbox 3563 1794 3793 1852; x_wconf 89' lang='lat' dir='ltr'><strong>clericos</strong></span> 
     </span>
    </p>
   </div>
   <div class='ocr_carea' id='block_1_100' title="bbox 2222 1863 3794 1932">
    <p class='ocr_par' dir='ltr' id='par_1_100' title="bbox 2222 1863 3794 1932">
     <span class='ocr_line' id='line_1_101' title="bbox 2222 1863 3794 1932; baseline 0.003 -15"><span class='ocrx_word' id='word_1_745' title='bbox 2222 1863 2417 1918; x_wconf 85' lang='lat' dir='ltr'><strong>habere</strong></span> <span class='ocrx_word' id='word_1_746' title='bbox 2444 1864 2618 1932; x_wconf 89' lang='lat' dir='ltr'><strong>volui,</strong></span> <span class='ocrx_word' id='word_1_747' title='bbox 2661 1875 2714 1920; x_wconf 91' lang='lat' dir='ltr'><strong>ct</strong></span> <span class='ocrx_word' id='word_1_748' title='bbox 2760 1880 2881 1921; x_wconf 81' lang='lat' dir='ltr'><strong>mox</strong></span> <span class='ocrx_word' id='word_1_749' title='bbox 2913 1863 3207 1922; x_wconf 36' lang='lat' dir='ltr'><strong>vobiscum’</strong></span> <span class='ocrx_word' id='word_1_750' title='bbox 3231 1864 3523 1920; x_wconf 90' lang='lat' dir='ltr'><strong>secundum</strong></span> <span class='ocrx_word' id='word_1_751' title='bbox 3567 1864 3794 1922; x_wconf 87' lang='lat' dir='ltr'><strong>formam</strong></span> 
     </span>
    </p>
   </div>
   <div class='ocr_carea' id='block_1_101' title="bbox 2221 1933 3791 2004">
    <p class='ocr_par' dir='ltr' id='par_1_101' title="bbox 2221 1933 3791 2004">
     <span class='ocr_line' id='line_1_102' title="bbox 2221 1933 3791 2004; baseline 0.003 -17"><span class='ocrx_word' id='word_1_752' title='bbox 2221 1935 2564 2004; x_wconf 88' lang='lat' dir='ltr'><strong>apostolicam</strong></span> <span class='ocrx_word' id='word_1_753' title='bbox 2596 1937 2772 1991; x_wconf 89' lang='lat' dir='ltr'><strong>vivere</strong></span> <span class='ocrx_word' id='word_1_754' title='bbox 2798 1938 2955 2004; x_wconf 86' lang='lat' dir='ltr'><strong>coepi.</strong></span> <span class='ocrx_word' id='word_1_755' title='bbox 2985 1936 3186 1993; x_wconf 90' lang='lat' dir='ltr'><strong>Placuit</strong></span> <span class='ocrx_word' id='word_1_756' title='bbox 3216 1944 3391 1991; x_wconf 91' lang='lat' dir='ltr'><strong>autem</strong></span> <span class='ocrx_word' id='word_1_757' title='bbox 3425 1933 3573 1990; x_wconf 87' lang='lat' dir='ltr'><strong>vobis</strong></span> <span class='ocrx_word' id='word_1_758' title='bbox 3613 1937 3791 1992; x_wconf 87' lang='lat' dir='ltr'><strong>omni-</strong></span> 
     </span>
    </p>
   </div>
   <div class='ocr_carea' id='block_1_102' title="bbox 2222 2004 3791 2076">
    <p class='ocr_par' dir='ltr' id='par_1_102' title="bbox 2222 2004 3791 2076">
     <span class='ocr_line' id='line_1_103' title="bbox 2222 2004 3791 2076; baseline 0.003 -19"><span class='ocrx_word' id='word_1_759' title='bbox 2222 2004 2321 2076; x_wconf 78' lang='lat' dir='ltr'><strong>bus</strong></span> <span class='ocrx_word' id='word_1_760' title='bbox 2349 2020 2513 2076; x_wconf 83' lang='lat' dir='ltr'><strong>unum</strong></span> <span class='ocrx_word' id='word_1_761' title='bbox 2542 2006 2592 2060; x_wconf 91' lang='lat' dir='ltr'><strong>in</strong></span> <span class='ocrx_word' id='word_1_762' title='bbox 2623 2007 2730 2061; x_wconf 90' lang='lat' dir='ltr'><strong>Deo</strong></span> <span class='ocrx_word' id='word_1_763' title='bbox 2753 2009 2978 2070; x_wconf 89' lang='lat' dir='ltr'><strong>sentire,</strong></span> <span class='ocrx_word' id='word_1_764' title='bbox 3002 2017 3058 2063; x_wconf 89' lang='lat' dir='ltr'><strong>et</strong></span> <span class='ocrx_word' id='word_1_765' title='bbox 3081 2006 3256 2061; x_wconf 88' lang='lat' dir='ltr'><strong>omnia</strong></span> <span class='ocrx_word' id='word_1_766' title='bbox 3285 2005 3638 2062; x_wconf 87' lang='lat' dir='ltr'><strong>communiter</strong></span> <span class='ocrx_word' id='word_1_767' title='bbox 3667 2020 3791 2076; x_wconf 81' lang='lat' dir='ltr'><strong>pos-</strong></span> 
     </span>
    </p>
   </div>
   <div class='ocr_carea' id='block_1_103' title="bbox 2221 2073 3795 2143">
    <p class='ocr_par' dir='ltr' id='par_1_103' title="bbox 2221 2073 3795 2143">
     <span class='ocr_line' id='line_1_104' title="bbox 2221 2073 3795 2143; baseline 0.003 -15"><span class='ocrx_word' id='word_1_768' title='bbox 2221 2073 2416 2131; x_wconf 88' lang='lat' dir='ltr'><strong>sidere.</strong></span> <span class='ocrx_word' id='word_1_769' title='bbox 2453 2075 2575 2130; x_wconf 83' lang='lat' dir='ltr'><strong>[lace</strong></span> <span class='ocrx_word' id='word_1_770' title='bbox 2603 2086 2776 2132; x_wconf 90' lang='lat' dir='ltr'><strong>autem</strong></span> <span class='ocrx_word' id='word_1_771' title='bbox 2811 2079 2982 2134; x_wconf 90' lang='lat' dir='ltr'><strong>facere</strong></span> <span class='ocrx_word' id='word_1_772' title='bbox 3033 2076 3273 2132; x_wconf 88' lang='lat' dir='ltr'><strong>voluistis</strong></span> <span class='ocrx_word' id='word_1_773' title='bbox 3301 2090 3408 2131; x_wconf 91' lang='lat' dir='ltr'><strong>non</strong></span> <span class='ocrx_word' id='word_1_774' title='bbox 3451 2073 3795 2143; x_wconf 57' lang='lat' dir='ltr'><strong>eoacte,&#39;sed</strong></span> 
     </span>
    </p>
   </div>
   <div class='ocr_carea' id='block_1_104' title="bbox 2221 2146 3795 2218">
    <p class='ocr_par' dir='ltr' id='par_1_104' title="bbox 2221 2146 3795 2218">
     <span class='ocr_line' id='line_1_105' title="bbox 2221 2146 3795 2218; baseline 0.004 -20"><span class='ocrx_word' id='word_1_775' title='bbox 2221 2155 2437 2218; x_wconf 77' lang='lat' dir='ltr'><strong>sponte,</strong></span> <span class='ocrx_word' id='word_1_776' title='bbox 2465 2155 2520 2218; x_wconf 89' lang='lat' dir='ltr'><strong>et</strong></span> <span class='ocrx_word' id='word_1_777' title='bbox 2547 2161 2715 2218; x_wconf 79' lang='lat' dir='ltr'><strong>usque</strong></span> <span class='ocrx_word' id='word_1_778' title='bbox 2736 2147 2802 2203; x_wconf 91' lang='lat' dir='ltr'><strong>ad</strong></span> <span class='ocrx_word' id='word_1_779' title='bbox 2833 2156 3058 2203; x_wconf 91' lang='lat' dir='ltr'><strong>mortem</strong></span> <span class='ocrx_word' id='word_1_780' title='bbox 3082 2147 3260 2202; x_wconf 84' lang='lat' dir='ltr'><strong>vivere</strong></span> <span class='ocrx_word' id='word_1_781' title='bbox 3279 2146 3404 2218; x_wconf 16' lang='lat' dir='ltr'><strong>tsine</strong></span> <span class='ocrx_word' id='word_1_782' title='bbox 3430 2146 3646 2218; x_wconf 91' lang='lat' dir='ltr'><strong>proprio</strong></span> <span class='ocrx_word' id='word_1_783' title='bbox 3671 2162 3795 2217; x_wconf 87' lang='lat' dir='ltr'><strong>pro-</strong></span> 
     </span>
    </p>
   </div>
   <div class='ocr_carea' id='block_1_105' title="bbox 2221 2214 3794 2290">
    <p class='ocr_par' dir='ltr' id='par_1_105' title="bbox 2221 2214 3794 2290">
     <span class='ocr_line' id='line_1_106' title="bbox 2221 2214 3794 2290; baseline 0.004 -23"><span class='ocrx_word' id='word_1_784' title='bbox 2221 2214 2360 2270; x_wconf 77' lang='lat' dir='ltr'><strong>fiteri</strong></span> <span class='ocrx_word' id='word_1_785' title='bbox 2385 2214 2651 2290; x_wconf 58' lang='lat' dir='ltr'><strong>voluistis}</strong></span> <span class='ocrx_word' id='word_1_786' title='bbox 2685 2217 2729 2273; x_wconf 92' lang='grc' dir='ltr'>Ο</span> <span class='ocrx_word' id='word_1_787' title='bbox 2761 2219 3068 2290; x_wconf 86' lang='lat' dir='ltr'><strong>presbyter,</strong></span> <span class='ocrx_word' id='word_1_788' title='bbox 3113 2217 3327 2290; x_wconf 81' lang='lat' dir='ltr'><strong>attende</strong></span> <span class='ocrx_word' id='word_1_789' title='bbox 3353 2258 3367 2284; x_wconf 85' lang='lat'><strong>,</strong></span> <span class='ocrx_word' id='word_1_790' title='bbox 3415 2214 3483 2290; x_wconf 67' lang='lat' dir='ltr'><strong>et</strong></span> <span class='ocrx_word' id='word_1_791' title='bbox 3517 2214 3794 2290; x_wconf 74' lang='lat' dir='ltr'><strong>vigilanter</strong></span> 
     </span>
    </p>
   </div>
   <div class='ocr_carea' id='block_1_106' title="bbox 2220 2286 3793 2357">
    <p class='ocr_par' dir='ltr' id='par_1_106' title="bbox 2220 2286 3793 2357">
     <span class='ocr_line' id='line_1_107' title="bbox 2220 2286 3793 2357; baseline 0.004 -19"><span class='ocrx_word' id='word_1_792' title='bbox 2220 2286 2465 2353; x_wconf 90' lang='lat' dir='ltr'><strong>attende,</strong></span> <span class='ocrx_word' id='word_1_793' title='bbox 2496 2287 2638 2356; x_wconf 90' lang='lat' dir='ltr'><strong>quod</strong></span> <span class='ocrx_word' id='word_1_794' title='bbox 2689 2286 2996 2357; x_wconf 81' lang='lat' dir='ltr'><strong>premittere</strong></span> <span class='ocrx_word' id='word_1_795' title='bbox 3027 2297 3173 2342; x_wconf 93' lang='lat' dir='ltr'><strong>tuum</strong></span> <span class='ocrx_word' id='word_1_796' title='bbox 3205 2288 3304 2344; x_wconf 73' lang='lat' dir='ltr'><strong>fuit</strong></span> <span class='ocrx_word' id='word_1_797' title='bbox 3325 2327 3342 2356; x_wconf 81' lang='lat'><strong>,</strong></span> <span class='ocrx_word' id='word_1_798' title='bbox 3393 2287 3487 2344; x_wconf 90' lang='lat' dir='ltr'><strong>sed</strong></span> <span class='ocrx_word' id='word_1_799' title='bbox 3525 2286 3793 2345; x_wconf 86' lang='lat' dir='ltr'><strong>dimittere</strong></span> 
     </span>
    </p>
   </div>
   <div class='ocr_carea' id='block_1_107' title="bbox 2221 2357 3794 2442">
    <p class='ocr_par' dir='ltr' id='par_1_107' title="bbox 2221 2357 3794 2442">
     <span class='ocr_line' id='line_1_108' title="bbox 2221 2357 3794 2442; baseline 0.004 -32"><span class='ocrx_word' id='word_1_800' title='bbox 2221 2369 2326 2442; x_wconf 65' lang='lat' dir='ltr'><strong>non</strong></span> <span class='ocrx_word' id='word_1_801' title='bbox 2345 2366 2436 2442; x_wconf 71' lang='lat' dir='ltr'><strong>est</strong></span> <span class='ocrx_word' id='word_1_802' title='bbox 2467 2365 2644 2442; x_wconf 78' lang='lat' dir='ltr'><strong>tuum._</strong></span> <span class='ocrx_word' id='word_1_803' title='bbox 2670 2359 2926 2442; x_wconf 72' lang='lat' dir='ltr'><strong>Alligatus</strong></span> <span class='ocrx_word' id='word_1_804' title='bbox 2970 2371 3028 2442; x_wconf 74' lang='lat' dir='ltr'><strong>es</strong></span> <span class='ocrx_word' id='word_1_805' title='bbox 3057 2359 3242 2424; x_wconf 82' lang='lat' dir='ltr'><strong>uxori,</strong></span> <span class='ocrx_word' id='word_1_806' title='bbox 3269 2359 3402 2442; x_wconf 73' lang='lat' dir='ltr'><strong>noli__</strong></span> <span class='ocrx_word' id='word_1_807' title='bbox 3417 2357 3526 2442; x_wconf 65' lang='lat' dir='ltr'><strong>iam</strong></span> <span class='ocrx_word' id='word_1_808' title='bbox 3554 2372 3794 2429; x_wconf 70' lang='lat' dir='ltr'><strong>quaerere</strong></span> 
     </span>
    </p>
   </div>
   <div class='ocr_carea' id='block_1_108' title="bbox 2221 2425 3794 2499">
    <p class='ocr_par' dir='ltr' id='par_1_108' title="bbox 2221 2425 3794 2499">
     <span class='ocr_line' id='line_1_109' title="bbox 2221 2425 3794 2499; baseline 0.003 -18"><span class='ocrx_word' id='word_1_809' title='bbox 2221 2425 2558 2484; x_wconf 88' lang='lat' dir='ltr'><strong>solutionem.</strong></span> <span class='ocrx_word' id='word_1_810' title='bbox 2582 2425 2869 2485; x_wconf 71' lang='lat' dir='ltr'><strong>Absolutus</strong></span> <span class='ocrx_word' id='word_1_811' title='bbox 2897 2445 2955 2484; x_wconf 91' lang='lat' dir='ltr'><strong>es</strong></span> <span class='ocrx_word' id='word_1_812' title='bbox 2981 2428 3046 2484; x_wconf 91' lang='lat' dir='ltr'><strong>ab</strong></span> <span class='ocrx_word' id='word_1_813' title='bbox 3068 2443 3234 2485; x_wconf 83' lang='lat' dir='ltr'><strong>uxore</strong></span> <span class='ocrx_word' id='word_1_814' title='bbox 3255 2470 3270 2494; x_wconf 95' lang='lat'><strong>,</strong></span> <span class='ocrx_word' id='word_1_815' title='bbox 3298 2429 3403 2484; x_wconf 91' lang='lat' dir='ltr'><strong>noli</strong></span> <span class='ocrx_word' id='word_1_816' title='bbox 3420 2425 3529 2498; x_wconf 74' lang='lat' dir='ltr'><strong>iam</strong></span> <span class='ocrx_word' id='word_1_817' title='bbox 3556 2425 3794 2499; x_wconf 78' lang='lat' dir='ltr'><strong>quaerere</strong></span> 
     </span>
    </p>
   </div>
   <div class='ocr_carea' id='block_1_109' title="bbox 2220 2499 3790 2584">
    <p class='ocr_par' dir='ltr' id='par_1_109' title="bbox 2220 2499 3790 2584">
     <span class='ocr_line' id='line_1_110' title="bbox 2220 2499 3790 2584; baseline 0.003 -34"><span class='ocrx_word' id='word_1_818' title='bbox 2220 2511 2476 2584; x_wconf 63' lang='lat' dir='ltr'><strong>uxorem,</strong></span> <span class='ocrx_word' id='word_1_819' title='bbox 2501 2499 2621 2584; x_wconf 84' lang='lat' dir='ltr'><strong>quia</strong></span> <span class='ocrx_word' id='word_1_820' title='bbox 2641 2514 2850 2584; x_wconf 65' lang='lat' dir='ltr'><strong>mecum</strong></span> <span class='ocrx_word' id='word_1_821' title='bbox 2877 2499 3038 2555; x_wconf 90' lang='lat' dir='ltr'><strong>habes</strong></span> <span class='ocrx_word' id='word_1_822' title='bbox 3065 2514 3300 2584; x_wconf 73' lang='lat' dir='ltr'><strong>causam.</strong></span> <span class='ocrx_word' id='word_1_823' title='bbox 3330 2499 3526 2584; x_wconf 62' lang='lat' dir='ltr'><strong>ligasti</strong></span> <span class='ocrx_word' id='word_1_824' title='bbox 3547 2507 3600 2555; x_wconf 90' lang='lat' dir='ltr'><strong>te</strong></span> <span class='ocrx_word' id='word_1_825' title='bbox 3625 2499 3790 2584; x_wconf 58' lang='lat' dir='ltr'><strong>mihi:</strong></span> 
     </span>
    </p>
   </div>
   <div class='ocr_carea' id='block_1_110' title="bbox 2222 2568 3791 2641">
    <p class='ocr_par' dir='ltr' id='par_1_110' title="bbox 2222 2568 3791 2641">
     <span class='ocr_line' id='line_1_111' title="bbox 2222 2568 3791 2641; baseline 0.001 -20"><span class='ocrx_word' id='word_1_826' title='bbox 2222 2569 2477 2641; x_wconf 83' lang='lat' dir='ltr'><strong>numquid</strong></span> <span class='ocrx_word' id='word_1_827' title='bbox 2501 2568 2552 2624; x_wconf 81' lang='lat' dir='ltr'><strong>te</strong></span> <span class='ocrx_word' id='word_1_828' title='bbox 2581 2568 2850 2641; x_wconf 85' lang='lat' dir='ltr'><strong>compuli?</strong></span> <span class='ocrx_word' id='word_1_829' title='bbox 2879 2569 3132 2640; x_wconf 92' lang='lat' dir='ltr'><strong>numquid</strong></span> <span class='ocrx_word' id='word_1_830' title='bbox 3159 2578 3210 2626; x_wconf 85' lang='lat' dir='ltr'><strong>te</strong></span> <span class='ocrx_word' id='word_1_831' title='bbox 3232 2568 3416 2641; x_wconf 85' lang='lat' dir='ltr'><strong>rogavi</strong></span> <span class='ocrx_word' id='word_1_832' title='bbox 3443 2577 3504 2641; x_wconf 84' lang='lat' dir='ltr'><strong>ut</strong></span> <span class='ocrx_word' id='word_1_833' title='bbox 3530 2569 3742 2641; x_wconf 78' lang='lat' dir='ltr'><strong>venires</strong></span> <span class='ocrx_word' id='word_1_834' title='bbox 3767 2569 3791 2623; x_wconf 72' lang='grc' dir='ltr'><strong><em>ἲ</em></strong></span> 
     </span>
    </p>
   </div>
   <div class='ocr_carea' id='block_1_111' title="bbox 2221 2639 3788 2709">
    <p class='ocr_par' dir='ltr' id='par_1_111' title="bbox 2221 2639 3788 2709">
     <span class='ocr_line' id='line_1_112' title="bbox 2221 2639 3788 2709; baseline 0.003 -17"><span class='ocrx_word' id='word_1_835' title='bbox 2221 2639 2476 2709; x_wconf 85' lang='lat' dir='ltr'><strong>numquid</strong></span> <span class='ocrx_word' id='word_1_836' title='bbox 2503 2639 2742 2709; x_wconf 91' lang='lat' dir='ltr'><strong>applausi</strong></span> <span class='ocrx_word' id='word_1_837' title='bbox 2770 2639 3083 2708; x_wconf 80' lang='lat' dir='ltr'><strong>promittens</strong></span> <span class='ocrx_word' id='word_1_838' title='bbox 3109 2641 3225 2696; x_wconf 67' lang='lat' dir='ltr'><strong>hare</strong></span> <span class='ocrx_word' id='word_1_839' title='bbox 3255 2639 3315 2695; x_wconf 61' lang='lat' dir='ltr'><strong>et&#39;</strong></span> <span class='ocrx_word' id='word_1_840' title='bbox 3335 2640 3459 2696; x_wconf 73' lang='lat' dir='ltr'><strong>illa?</strong></span> <span class='ocrx_word' id='word_1_841' title='bbox 3483 2639 3627 2695; x_wconf 81' lang='lat' dir='ltr'><strong>Absit</strong></span> <span class='ocrx_word' id='word_1_842' title='bbox 3668 2654 3788 2696; x_wconf 88' lang='lat' dir='ltr'><strong>om-</strong></span> 
     </span>
    </p>
   </div>
   <div class='ocr_carea' id='block_1_112' title="bbox 2402 2709 3781 2778">
    <p class='ocr_par' dir='ltr' id='par_1_112' title="bbox 2402 2709 3781 2778">
     <span class='ocr_line' id='line_1_113' title="bbox 2402 2709 3781 2778; baseline 0.003 -17"><span class='ocrx_word' id='word_1_843' title='bbox 2402 2709 2563 2778; x_wconf 79' lang='lat' dir='ltr'><strong>lgitur</strong></span> <span class='ocrx_word' id='word_1_844' title='bbox 2582 2718 2697 2766; x_wconf 89' lang='lat' dir='ltr'><strong>esto</strong></span> <span class='ocrx_word' id='word_1_845' title='bbox 2741 2710 2912 2767; x_wconf 80' lang='lat' dir='ltr'><strong>fidelis</strong></span> <span class='ocrx_word' id='word_1_846' title='bbox 2939 2753 2952 2774; x_wconf 93' lang='lat'><strong>,</strong></span> <span class='ocrx_word' id='word_1_847' title='bbox 3011 2721 3062 2766; x_wconf 92' lang='lat' dir='ltr'><strong>et</strong></span> <span class='ocrx_word' id='word_1_848' title='bbox 3086 2709 3224 2765; x_wconf 84' lang='lat' dir='ltr'><strong>dabo</strong></span> <span class='ocrx_word' id='word_1_849' title='bbox 3254 2711 3347 2766; x_wconf 90' lang='lat' dir='ltr'><strong>tibi</strong></span> <span class='ocrx_word' id='word_1_850' title='bbox 3372 2723 3613 2767; x_wconf 89' lang='lat' dir='ltr'><strong>coronam</strong></span> <span class='ocrx_word' id='word_1_851' title='bbox 3637 2710 3781 2765; x_wconf 68' lang='lat' dir='ltr'><strong>vitm.</strong></span> 
     </span>
    </p>
   </div>
   <div class='ocr_carea' id='block_1_113' title="bbox 2219 2777 3790 2851">
    <p class='ocr_par' dir='ltr' id='par_1_113' title="bbox 2219 2777 3790 2851">
     <span class='ocr_line' id='line_1_114' title="bbox 2219 2777 3790 2851; baseline 0.003 -20"><span class='ocrx_word' id='word_1_852' title='bbox 2219 2777 2336 2851; x_wconf 75' lang='lat' dir='ltr'><strong>Non</strong></span> <span class='ocrx_word' id='word_1_853' title='bbox 2366 2780 2493 2851; x_wconf 81' lang='lat' dir='ltr'><strong>mihi</strong></span> <span class='ocrx_word' id='word_1_854' title='bbox 2525 2779 2776 2851; x_wconf 83' lang='lat' dir='ltr'><strong>resistere</strong></span> <span class='ocrx_word' id='word_1_855' title='bbox 2796 2824 2810 2848; x_wconf 88' lang='lat'><strong>,</strong></span> <span class='ocrx_word' id='word_1_856' title='bbox 2843 2784 2935 2836; x_wconf 91' lang='lat' dir='ltr'><strong>sed</strong></span> <span class='ocrx_word' id='word_1_857' title='bbox 2965 2790 3080 2837; x_wconf 89' lang='lat' dir='ltr'><strong>esto</strong></span> <span class='ocrx_word' id='word_1_858' title='bbox 3110 2796 3274 2851; x_wconf 89' lang='lat' dir='ltr'><strong>usque</strong></span> <span class='ocrx_word' id='word_1_859' title='bbox 3310 2781 3376 2836; x_wconf 90' lang='lat' dir='ltr'><strong>ad</strong></span> <span class='ocrx_word' id='word_1_860' title='bbox 3419 2789 3640 2837; x_wconf 87' lang='lat' dir='ltr'><strong>mortem</strong></span> <span class='ocrx_word' id='word_1_861' title='bbox 3660 2779 3790 2851; x_wconf 79' lang='lat' dir='ltr'><strong>obe-</strong></span> 
     </span>
    </p>
   </div>
   <div class='ocr_carea' id='block_1_114' title="bbox 2166 2848 3790 2922">
    <p class='ocr_par' dir='ltr' id='par_1_114' title="bbox 2166 2848 3790 2922">
     <span class='ocr_line' id='line_1_115' title="bbox 2166 2848 3790 2922; baseline 0.002 -20"><span class='ocrx_word' id='word_1_862' title='bbox 2166 2854 2178 2914; x_wconf 65' lang='grc' dir='ltr'>ᾒ</span> <span class='ocrx_word' id='word_1_863' title='bbox 2221 2848 2391 2905; x_wconf 90' lang='lat' dir='ltr'><strong>dicns.</strong></span> <span class='ocrx_word' id='word_1_864' title='bbox 2418 2849 2536 2922; x_wconf 86' lang='lat' dir='ltr'><strong>Noli</strong></span> <span class='ocrx_word' id='word_1_865' title='bbox 2559 2849 2685 2905; x_wconf 89' lang='lat' dir='ltr'><strong>mihi</strong></span> <span class='ocrx_word' id='word_1_866' title='bbox 2715 2855 2963 2907; x_wconf 87' lang='lat' dir='ltr'><strong>resistere</strong></span> <span class='ocrx_word' id='word_1_867' title='bbox 2986 2892 3001 2917; x_wconf 91' lang='lat'><strong>,</strong></span> <span class='ocrx_word' id='word_1_868' title='bbox 3031 2851 3151 2922; x_wconf 90' lang='lat' dir='ltr'><strong>quia</strong></span> <span class='ocrx_word' id='word_1_869' title='bbox 3182 2848 3355 2907; x_wconf 83' lang='lat' dir='ltr'><strong>omnis</strong></span> <span class='ocrx_word' id='word_1_870' title='bbox 3385 2860 3656 2922; x_wconf 81' lang='lat' dir='ltr'><strong>potestasa</strong></span> <span class='ocrx_word' id='word_1_871' title='bbox 3678 2849 3790 2908; x_wconf 87' lang='lat' dir='ltr'><strong>Deo</strong></span> 
     </span>
    </p>
   </div>
   <div class='ocr_carea' id='block_1_115' title="bbox 539 2921 2170 2997">
    <p class='ocr_par' dir='ltr' id='par_1_115' title="bbox 539 2921 2170 2997">
     <span class='ocr_line' id='line_1_116' title="bbox 539 2921 2170 2997; baseline -0.001 -20"><span class='ocrx_word' id='word_1_872' title='bbox 539 2923 720 2997; x_wconf 70' lang='lat' dir='ltr'><strong>mundi</strong></span> <span class='ocrx_word' id='word_1_873' title='bbox 739 2921 1487 2997; x_wconf 53' lang='lat' dir='ltr'><strong>despectus&#39;praecipiturmum</strong></span> <span class='ocrx_word' id='word_1_874' title='bbox 1503 2925 1698 2997; x_wconf 79' lang='lat' dir='ltr'><strong>probra</strong></span> <span class='ocrx_word' id='word_1_875' title='bbox 1714 2932 1766 2982; x_wconf 88' lang='lat' dir='ltr'><strong>et</strong></span> <span class='ocrx_word' id='word_1_876' title='bbox 1785 2921 2118 2976; x_wconf 73' lang='lat' dir='ltr'><strong>contumeliae</strong></span> <span class='ocrx_word' id='word_1_877' title='bbox 2167 2972 2170 2975; x_wconf 89' lang='lat'><strong>.</strong></span> 
     </span>
    </p>
   </div>
   <div class='ocr_carea' id='block_1_116' title="bbox 2155 2991 3789 3116">
    <p class='ocr_par' dir='ltr' id='par_1_116' title="bbox 2155 2991 3789 3116">
     <span class='ocr_line' id='line_1_117' title="bbox 2155 2991 3789 3114; baseline 0.001 -70"><span class='ocrx_word' id='word_1_878' title='bbox 2220 2991 2377 3057; x_wconf 86' lang='lat' dir='ltr'><strong>veni,</strong></span> <span class='ocrx_word' id='word_1_879' title='bbox 2402 3000 2459 3045; x_wconf 92' lang='lat' dir='ltr'><strong>ut</strong></span> <span class='ocrx_word' id='word_1_880' title='bbox 2484 2999 2796 3114; x_wconf 64' lang='lat' dir='ltr'><strong>potestatem</strong></span> <span class='ocrx_word' id='word_1_881' title='bbox 2835 3007 2995 3062; x_wconf 85' lang='lat' dir='ltr'><strong>super</strong></span> <span class='ocrx_word' id='word_1_882' title='bbox 3018 3007 3110 3048; x_wconf 87' lang='lat' dir='ltr'><strong>vos</strong></span> <span class='ocrx_word' id='word_1_883' title='bbox 3136 2991 3387 3048; x_wconf 87' lang='lat' dir='ltr'><strong>haberem</strong></span> <span class='ocrx_word' id='word_1_884' title='bbox 3409 3035 3424 3058; x_wconf 98' lang='lat'><strong>,</strong></span> <span class='ocrx_word' id='word_1_885' title='bbox 3454 2991 3550 3048; x_wconf 89' lang='lat' dir='ltr'><strong>sed</strong></span> <span class='ocrx_word' id='word_1_886' title='bbox 3589 3001 3789 3046; x_wconf 88' lang='lat' dir='ltr'><strong>tantum</strong></span> 
     </span>
     <span class='ocr_line' id='line_1_118' title="bbox 2185 3061 3789 3116; baseline 0.001 -1"><span class='ocrx_word' id='word_1_887' title='bbox 2185 3068 2280 3116; x_wconf 71' lang='lat' dir='ltr'><strong>:ut</strong></span> <span class='ocrx_word' id='word_1_888' title='bbox 2318 3076 2439 3115; x_wconf 92' lang='lat' dir='ltr'><strong>cum</strong></span> <span class='ocrx_word' id='word_1_889' title='bbox 2505 3062 2734 3116; x_wconf 89' lang='lat' dir='ltr'><strong>ratribus</strong></span> <span class='ocrx_word' id='word_1_890' title='bbox 2777 3064 2908 3116; x_wconf 91' lang='lat' dir='ltr'><strong>meis</strong></span> <span class='ocrx_word' id='word_1_891' title='bbox 2933 3062 3166 3116; x_wconf 88' lang='lat' dir='ltr'><strong>viverem</strong></span> <span class='ocrx_word' id='word_1_892' title='bbox 3209 3063 3261 3116; x_wconf 94' lang='lat' dir='ltr'><strong>in</strong></span> <span class='ocrx_word' id='word_1_893' title='bbox 3309 3063 3609 3116; x_wconf 86' lang='lat' dir='ltr'><strong>solitudine.</strong></span> <span class='ocrx_word' id='word_1_894' title='bbox 3659 3061 3789 3116; x_wconf 86' lang='lat' dir='ltr'><strong>Ecce</strong></span> 
     </span>
    </p>
   </div>
   <div class='ocr_carea' id='block_1_117' title="bbox 2185 3076 2439 3115">
    <p class='ocr_par' dir='ltr' id='par_1_117' title="bbox 2185 3076 2439 3115">
     <span class='ocr_line' id='line_1_119' title="bbox 2185 3076 2439 3115; baseline -0.008 1"><span class='ocrx_word' id='word_1_895' title='bbox 2185 3083 2197 3106; x_wconf 82' lang='grc' dir='ltr'><strong><em>ι</em></strong></span> <span class='ocrx_word' id='word_1_896' title='bbox 2220 3076 2280 3115; x_wconf 83' lang='grc' dir='ltr'><strong>ιιι</strong></span> <span class='ocrx_word' id='word_1_897' title='bbox 2318 3076 2439 3115; x_wconf 78' lang='grc' dir='ltr'><strong>ουιη</strong></span> 
     </span>
    </p>
   </div>
   <div class='ocr_carea' id='block_1_118' title="bbox 2221 2920 3792 2990">
    <p class='ocr_par' dir='ltr' id='par_1_118' title="bbox 2221 2920 3792 2990">
     <span class='ocr_line' id='line_1_120' title="bbox 2221 2920 3792 2990; baseline 0.001 -16"><span class='ocrx_word' id='word_1_898' title='bbox 2221 2929 2301 2974; x_wconf 89' lang='lat' dir='ltr'><strong>est</strong></span> <span class='ocrx_word' id='word_1_899' title='bbox 2323 2961 2336 2984; x_wconf 88' lang='lat'><strong>,</strong></span> <span class='ocrx_word' id='word_1_900' title='bbox 2370 2928 2423 2975; x_wconf 91' lang='lat' dir='ltr'><strong>et</strong></span> <span class='ocrx_word' id='word_1_901' title='bbox 2441 2921 2528 2988; x_wconf 88' lang='lat' dir='ltr'><strong>qui</strong></span> <span class='ocrx_word' id='word_1_902' title='bbox 2561 2923 2804 2990; x_wconf 88' lang='lat' dir='ltr'><strong>potestati</strong></span> <span class='ocrx_word' id='word_1_903' title='bbox 2831 2920 3065 2987; x_wconf 71' lang='lat' dir='ltr'><strong>resistit,</strong></span> <span class='ocrx_word' id='word_1_904' title='bbox 3091 2923 3200 2976; x_wconf 89' lang='lat' dir='ltr'><strong>Deo</strong></span> <span class='ocrx_word' id='word_1_905' title='bbox 3229 2922 3446 2978; x_wconf 88' lang='lat' dir='ltr'><strong>resistit.</strong></span> <span class='ocrx_word' id='word_1_906' title='bbox 3472 2920 3590 2977; x_wconf 82' lang='lat' dir='ltr'><strong>Non</strong></span> <span class='ocrx_word' id='word_1_907' title='bbox 3615 2930 3792 2976; x_wconf 88' lang='lat' dir='ltr'><strong>tamen</strong></span> 
     </span>
    </p>
   </div>
   <div class='ocr_carea' id='block_1_119' title="bbox 2505 3061 3792 3120">
    <p class='ocr_par' dir='ltr' id='par_1_119' title="bbox 2505 3061 3792 3120">
     <span class='ocr_line' id='line_1_121' title="bbox 2505 3061 3792 3120; baseline 0.002 -4"><span class='ocrx_word' id='word_1_908' title='bbox 2505 3062 2734 3118; x_wconf 82' lang='lat' dir='ltr'><strong>ratribus</strong></span> <span class='ocrx_word' id='word_1_909' title='bbox 2777 3061 2912 3120; x_wconf 81' lang='lat' dir='ltr'><strong>meis</strong></span> <span class='ocrx_word' id='word_1_910' title='bbox 2933 3062 3166 3118; x_wconf 87' lang='lat' dir='ltr'><strong>viverem</strong></span> <span class='ocrx_word' id='word_1_911' title='bbox 3209 3063 3261 3118; x_wconf 88' lang='lat' dir='ltr'><strong>in</strong></span> <span class='ocrx_word' id='word_1_912' title='bbox 3309 3063 3609 3118; x_wconf 87' lang='lat' dir='ltr'><strong>solitudine.</strong></span> <span class='ocrx_word' id='word_1_913' title='bbox 3659 3061 3792 3118; x_wconf 85' lang='lat' dir='ltr'><strong>Ecce</strong></span> 
     </span>
    </p>
   </div>
   <div class='ocr_carea' id='block_1_120' title="bbox 2222 3132 3790 3204">
    <p class='ocr_par' dir='ltr' id='par_1_120' title="bbox 2222 3132 3790 3204">
     <span class='ocr_line' id='line_1_122' title="bbox 2222 3132 3790 3204; baseline 0.003 -20"><span class='ocrx_word' id='word_1_914' title='bbox 2222 3147 2363 3204; x_wconf 82' lang='lat' dir='ltr'><strong>nunc</strong></span> <span class='ocrx_word' id='word_1_915' title='bbox 2391 3132 2670 3204; x_wconf 85' lang='lat' dir='ltr'><strong>cpiscopus</strong></span> <span class='ocrx_word' id='word_1_916' title='bbox 2698 3148 2850 3200; x_wconf 91' lang='lat' dir='ltr'><strong>sum,</strong></span> <span class='ocrx_word' id='word_1_917' title='bbox 2879 3144 2930 3188; x_wconf 91' lang='lat' dir='ltr'><strong>ct</strong></span> <span class='ocrx_word' id='word_1_918' title='bbox 2960 3148 3245 3204; x_wconf 88' lang='lat' dir='ltr'><strong>pauperem</strong></span> <span class='ocrx_word' id='word_1_919' title='bbox 3277 3145 3363 3189; x_wconf 92' lang='lat' dir='ltr'><strong>me</strong></span> <span class='ocrx_word' id='word_1_920' title='bbox 3389 3148 3508 3189; x_wconf 88' lang='lat' dir='ltr'><strong>esse</strong></span> <span class='ocrx_word' id='word_1_921' title='bbox 3535 3147 3642 3188; x_wconf 92' lang='lat' dir='ltr'><strong>non</strong></span> <span class='ocrx_word' id='word_1_922' title='bbox 3668 3148 3790 3204; x_wconf 87' lang='lat' dir='ltr'><strong>eru-</strong></span> 
     </span>
    </p>
   </div>
   <div class='ocr_carea' id='block_1_121' title="bbox 2223 3201 3789 3274">
    <p class='ocr_par' dir='ltr' id='par_1_121' title="bbox 2223 3201 3789 3274">
     <span class='ocr_line' id='line_1_123' title="bbox 2223 3201 3789 3274; baseline 0.002 -19"><span class='ocrx_word' id='word_1_923' title='bbox 2223 3201 2400 3274; x_wconf 72' lang='lat' dir='ltr'><strong>besco.</strong></span> <span class='ocrx_word' id='word_1_924' title='bbox 2431 3201 2637 3274; x_wconf 79' lang='lat' dir='ltr'><strong>Quare?</strong></span> <span class='ocrx_word' id='word_1_925' title='bbox 2683 3205 2815 3270; x_wconf 87' lang='lat' dir='ltr'><strong>Quia</strong></span> <span class='ocrx_word' id='word_1_926' title='bbox 2866 3201 3230 3274; x_wconf 81' lang='lat' dir='ltr'><strong>paupertatem</strong></span> <span class='ocrx_word' id='word_1_927' title='bbox 3277 3217 3498 3274; x_wconf 84' lang='lat' dir='ltr'><strong>servare</strong></span> <span class='ocrx_word' id='word_1_928' title='bbox 3551 3203 3789 3274; x_wconf 84' lang='lat' dir='ltr'><strong>promisi.</strong></span> 
     </span>
    </p>
   </div>
   <div class='ocr_carea' id='block_1_122' title="bbox 2220 3270 3792 3344">
    <p class='ocr_par' dir='ltr' id='par_1_122' title="bbox 2220 3270 3792 3344">
     <span class='ocr_line' id='line_1_124' title="bbox 2220 3270 3792 3344; baseline 0.001 -20"><span class='ocrx_word' id='word_1_929' title='bbox 2220 3270 2414 3326; x_wconf 87' lang='lat' dir='ltr'><strong>Cavete</strong></span> <span class='ocrx_word' id='word_1_930' title='bbox 2443 3272 2600 3342; x_wconf 85' lang='lat' dir='ltr'><strong>igitur</strong></span> <span class='ocrx_word' id='word_1_931' title='bbox 2630 3289 2696 3329; x_wconf 91' lang='lat' dir='ltr'><strong>ne</strong></span> <span class='ocrx_word' id='word_1_932' title='bbox 2727 3290 2810 3329; x_wconf 86' lang='lat' dir='ltr'><strong>me</strong></span> <span class='ocrx_word' id='word_1_933' title='bbox 2843 3270 3126 3344; x_wconf 73' lang='lat' dir='ltr'><strong>pauperem</strong></span> <span class='ocrx_word' id='word_1_934' title='bbox 3147 3270 3566 3344; x_wconf 44' lang='lat' dir='ltr'><strong>derelinquatisf</strong></span> <span class='ocrx_word' id='word_1_935' title='bbox 3588 3273 3792 3343; x_wconf 82' lang='lat' dir='ltr'><strong>Paupe-</strong></span> 
     </span>
    </p>
   </div>
   <div class='ocr_carea' id='block_1_123' title="bbox 2221 3345 3792 3412">
    <p class='ocr_par' dir='ltr' id='par_1_123' title="bbox 2221 3345 3792 3412">
     <span class='ocr_line' id='line_1_125' title="bbox 2221 3345 3792 3412; baseline 0.002 -17"><span class='ocrx_word' id='word_1_936' title='bbox 2221 3355 2307 3396; x_wconf 91' lang='lat' dir='ltr'><strong>res</strong></span> <span class='ocrx_word' id='word_1_937' title='bbox 2336 3357 2538 3397; x_wconf 83' lang='lat' dir='ltr'><strong>mecum</strong></span> <span class='ocrx_word' id='word_1_938' title='bbox 2571 3358 2688 3400; x_wconf 61' lang='lat' dir='ltr'><strong>es&lt;e</strong></span> <span class='ocrx_word' id='word_1_939' title='bbox 2713 3345 2984 3411; x_wconf 87' lang='lat' dir='ltr'><strong>voluistis;</strong></span> <span class='ocrx_word' id='word_1_940' title='bbox 3015 3354 3200 3400; x_wconf 87' lang='lat' dir='ltr'><strong>cavete</strong></span> <span class='ocrx_word' id='word_1_941' title='bbox 3229 3359 3295 3400; x_wconf 92' lang='lat' dir='ltr'><strong>ne</strong></span> <span class='ocrx_word' id='word_1_942' title='bbox 3323 3359 3350 3396; x_wconf 90' lang='lat' dir='ltr'><strong>a</strong></span> <span class='ocrx_word' id='word_1_943' title='bbox 3379 3345 3579 3401; x_wconf 87' lang='lat' dir='ltr'><strong>divitiis</strong></span> <span class='ocrx_word' id='word_1_944' title='bbox 3620 3345 3792 3412; x_wconf 84' lang='lat' dir='ltr'><strong>capia-</strong></span> 
     </span>
    </p>
   </div>
   <div class='ocr_carea' id='block_1_124' title="bbox 2220 3411 3792 3484">
    <p class='ocr_par' dir='ltr' id='par_1_124' title="bbox 2220 3411 3792 3484">
     <span class='ocr_line' id='line_1_126' title="bbox 2220 3411 3792 3484; baseline 0.003 -19"><span class='ocrx_word' id='word_1_945' title='bbox 2220 3411 2371 3466; x_wconf 90' lang='lat' dir='ltr'><strong>mini.</strong></span> <span class='ocrx_word' id='word_1_946' title='bbox 2399 3413 2654 3468; x_wconf 82' lang='lat' dir='ltr'><strong>Voluntas</strong></span> <span class='ocrx_word' id='word_1_947' title='bbox 2682 3432 2795 3470; x_wconf 90' lang='lat' dir='ltr'><strong>mca</strong></span> <span class='ocrx_word' id='word_1_948' title='bbox 2821 3416 2915 3470; x_wconf 90' lang='lat' dir='ltr'><strong>fuit</strong></span> <span class='ocrx_word' id='word_1_949' title='bbox 2934 3459 2947 3478; x_wconf 89' lang='lat'><strong>,</strong></span> <span class='ocrx_word' id='word_1_950' title='bbox 2980 3424 3035 3470; x_wconf 91' lang='lat' dir='ltr'><strong>ut</strong></span> <span class='ocrx_word' id='word_1_951' title='bbox 3073 3429 3282 3484; x_wconf 88' lang='lat' dir='ltr'><strong>semper</strong></span> <span class='ocrx_word' id='word_1_952' title='bbox 3309 3423 3418 3469; x_wconf 90' lang='lat' dir='ltr'><strong>toto</strong></span> <span class='ocrx_word' id='word_1_953' title='bbox 3448 3415 3636 3470; x_wconf 68' lang='lat' dir='ltr'><strong>affectu</strong></span> <span class='ocrx_word' id='word_1_954' title='bbox 3665 3411 3792 3483; x_wconf 82' lang='lat' dir='ltr'><strong>pau-</strong></span> 
     </span>
    </p>
   </div>
   <div class='ocr_carea' id='block_1_125' title="bbox 2220 3484 3793 3554">
    <p class='ocr_par' dir='ltr' id='par_1_125' title="bbox 2220 3484 3793 3554">
     <span class='ocr_line' id='line_1_127' title="bbox 2220 3484 3793 3554; baseline 0.003 -18"><span class='ocrx_word' id='word_1_955' title='bbox 2220 3496 2379 3550; x_wconf 88' lang='lat' dir='ltr'><strong>percs</strong></span> <span class='ocrx_word' id='word_1_956' title='bbox 2409 3485 2593 3554; x_wconf 84' lang='lat' dir='ltr'><strong>simus.</strong></span> <span class='ocrx_word' id='word_1_957' title='bbox 2623 3484 2772 3552; x_wconf 85' lang='lat' dir='ltr'><strong>Quod</strong></span> <span class='ocrx_word' id='word_1_958' title='bbox 2797 3498 2848 3540; x_wconf 90' lang='lat' dir='ltr'><strong>et</strong></span> <span class='ocrx_word' id='word_1_959' title='bbox 2876 3487 2919 3540; x_wconf 92' lang='lat' dir='ltr'><strong>si</strong></span> <span class='ocrx_word' id='word_1_960' title='bbox 2949 3501 3050 3540; x_wconf 91' lang='lat' dir='ltr'><strong>non</strong></span> <span class='ocrx_word' id='word_1_961' title='bbox 3075 3485 3349 3553; x_wconf 77' lang='lat' dir='ltr'><strong>fuerimus,</strong></span> <span class='ocrx_word' id='word_1_962' title='bbox 3379 3485 3493 3540; x_wconf 64' lang='lat' dir='ltr'><strong>haec</strong></span> <span class='ocrx_word' id='word_1_963' title='bbox 3516 3497 3793 3554; x_wconf 87' lang='lat' dir='ltr'><strong>paupertas</strong></span> 
     </span>
    </p>
   </div>
   <div class='ocr_carea' id='block_1_126' title="bbox 2221 3552 3793 3627">
    <p class='ocr_par' dir='ltr' id='par_1_126' title="bbox 2221 3552 3793 3627">
     <span class='ocr_line' id='line_1_128' title="bbox 2221 3552 3793 3627; baseline 0.004 -23"><span class='ocrx_word' id='word_1_964' title='bbox 2221 3569 2378 3627; x_wconf 82' lang='lat' dir='ltr'><strong>quam</strong></span> <span class='ocrx_word' id='word_1_965' title='bbox 2410 3552 2537 3627; x_wconf 76' lang='lat' dir='ltr'><strong>foris</strong></span> <span class='ocrx_word' id='word_1_966' title='bbox 2552 3556 2794 3627; x_wconf 83' lang='lat' dir='ltr'><strong>gerimus</strong></span> <span class='ocrx_word' id='word_1_967' title='bbox 2817 3598 2830 3622; x_wconf 92' lang='lat'><strong>,</strong></span> <span class='ocrx_word' id='word_1_968' title='bbox 2853 3566 3304 3627; x_wconf 79' lang='lat' dir='ltr'><strong>nonpaupertas,</strong></span> <span class='ocrx_word' id='word_1_969' title='bbox 3333 3552 3427 3627; x_wconf 84' lang='lat' dir='ltr'><strong>sed</strong></span> <span class='ocrx_word' id='word_1_970' title='bbox 3454 3552 3668 3627; x_wconf 84' lang='lat' dir='ltr'><strong>grandis</strong></span> <span class='ocrx_word' id='word_1_971' title='bbox 3693 3557 3793 3610; x_wconf 88' lang='lat' dir='ltr'><strong>mi-</strong></span> 
     </span>
    </p>
   </div>
   <div class='ocr_carea' id='block_1_127' title="bbox 2221 3624 3791 3696">
    <p class='ocr_par' dir='ltr' id='par_1_127' title="bbox 2221 3624 3791 3696">
     <span class='ocr_line' id='line_1_129' title="bbox 2221 3624 3791 3696; baseline 0.003 -20"><span class='ocrx_word' id='word_1_972' title='bbox 2221 3624 2359 3696; x_wconf 79' lang='lat' dir='ltr'><strong>seria</strong></span> <span class='ocrx_word' id='word_1_973' title='bbox 2405 3625 2758 3696; x_wconf 80' lang='lat' dir='ltr'><strong>existimanda</strong></span> <span class='ocrx_word' id='word_1_974' title='bbox 2795 3634 2894 3682; x_wconf 88' lang='lat' dir='ltr'><strong>est.</strong></span> <span class='ocrx_word' id='word_1_975' title='bbox 2933 3624 3108 3682; x_wconf 83' lang='lat' dir='ltr'><strong>Nelite</strong></span> <span class='ocrx_word' id='word_1_976' title='bbox 3150 3641 3274 3696; x_wconf 85' lang='lat' dir='ltr'><strong>ergo</strong></span> <span class='ocrx_word' id='word_1_977' title='bbox 3315 3624 3478 3680; x_wconf 55' lang='lat' dir='ltr'><strong>mihi&#39;</strong></span> <span class='ocrx_word' id='word_1_978' title='bbox 3505 3628 3791 3694; x_wconf 87' lang='lat' dir='ltr'><strong>resistere,</strong></span> 
     </span>
    </p>
   </div>
   <div class='ocr_carea' id='block_1_128' title="bbox 2221 3693 3793 3764">
    <p class='ocr_par' dir='ltr' id='par_1_128' title="bbox 2221 3693 3793 3764">
     <span class='ocr_line' id='line_1_130' title="bbox 2221 3693 3793 3764; baseline 0.003 -18"><span class='ocrx_word' id='word_1_979' title='bbox 2221 3693 2343 3761; x_wconf 90' lang='lat' dir='ltr'><strong>quia</strong></span> <span class='ocrx_word' id='word_1_980' title='bbox 2381 3695 2555 3749; x_wconf 85' lang='lat' dir='ltr'><strong>omnis</strong></span> <span class='ocrx_word' id='word_1_981' title='bbox 2591 3703 2824 3764; x_wconf 87' lang='lat' dir='ltr'><strong>potestas</strong></span> <span class='ocrx_word' id='word_1_982' title='bbox 2886 3711 2915 3749; x_wconf 90' lang='lat' dir='ltr'><strong>a</strong></span> <span class='ocrx_word' id='word_1_983' title='bbox 2973 3697 3083 3751; x_wconf 84' lang='lat' dir='ltr'><strong>Deo</strong></span> <span class='ocrx_word' id='word_1_984' title='bbox 3119 3693 3366 3751; x_wconf 61' lang='lat' dir='ltr'><strong>estINon</strong></span> <span class='ocrx_word' id='word_1_985' title='bbox 3411 3697 3568 3751; x_wconf 88' lang='lat' dir='ltr'><strong>etiam</strong></span> <span class='ocrx_word' id='word_1_986' title='bbox 3608 3693 3793 3752; x_wconf 54' lang='lat' dir='ltr'><strong>conte;</strong></span> 
     </span>
    </p>
   </div>
   <div class='ocr_carea' id='block_1_129' title="bbox 2221 3764 3796 3835">
    <p class='ocr_par' dir='ltr' id='par_1_129' title="bbox 2221 3764 3796 3835">
     <span class='ocr_line' id='line_1_131' title="bbox 2221 3764 3796 3835; baseline 0.004 -18"><span class='ocrx_word' id='word_1_987' title='bbox 2221 3764 2464 3835; x_wconf 63' lang='lat' dir='ltr'><strong>mnendat</strong></span> <span class='ocrx_word' id='word_1_988' title='bbox 2517 3773 2637 3820; x_wconf 88' lang='lat' dir='ltr'><strong>sunt</strong></span> <span class='ocrx_word' id='word_1_989' title='bbox 2677 3775 2964 3835; x_wconf 89' lang='lat' dir='ltr'><strong>potestates</strong></span> <span class='ocrx_word' id='word_1_990' title='bbox 2988 3808 3002 3832; x_wconf 92' lang='lat'><strong>,</strong></span> <span class='ocrx_word' id='word_1_991' title='bbox 3033 3768 3145 3822; x_wconf 91' lang='lat' dir='ltr'><strong>sive</strong></span> <span class='ocrx_word' id='word_1_992' title='bbox 3174 3766 3387 3830; x_wconf 84' lang='lat' dir='ltr'><strong>mundi,</strong></span> <span class='ocrx_word' id='word_1_993' title='bbox 3409 3768 3522 3823; x_wconf 87' lang='lat' dir='ltr'><strong>sive</strong></span> <span class='ocrx_word' id='word_1_994' title='bbox 3542 3767 3796 3824; x_wconf 80' lang='lat' dir='ltr'><strong>Ecclesia:</strong></span> 
     </span>
    </p>
   </div>
   <div class='ocr_carea' id='block_1_130' title="bbox 2221 3834 3795 3904">
    <p class='ocr_par' dir='ltr' id='par_1_130' title="bbox 2221 3834 3795 3904">
     <span class='ocr_line' id='line_1_132' title="bbox 2221 3834 3795 3904; baseline 0.003 -17"><span class='ocrx_word' id='word_1_995' title='bbox 2221 3834 2328 3887; x_wconf 91' lang='lat' dir='ltr'><strong>sint</strong></span> <span class='ocrx_word' id='word_1_996' title='bbox 2361 3853 2373 3888; x_wconf 91' lang='lat'>:</span> <span class='ocrx_word' id='word_1_997' title='bbox 2407 3835 2526 3904; x_wconf 84' lang='lat' dir='ltr'><strong>quia</strong></span> <span class='ocrx_word' id='word_1_998' title='bbox 2552 3834 2736 3894; x_wconf 82' lang='lat' dir='ltr'><strong>omnes</strong></span> <span class='ocrx_word' id='word_1_999' title='bbox 2763 3855 2790 3891; x_wconf 89' lang='lat' dir='ltr'><strong>a</strong></span> <span class='ocrx_word' id='word_1_1000' title='bbox 2814 3839 2922 3892; x_wconf 88' lang='lat' dir='ltr'><strong>Deo</strong></span> <span class='ocrx_word' id='word_1_1001' title='bbox 2947 3837 3201 3892; x_wconf 67' lang='lat' dir='ltr'><strong>ordinatae</strong></span> <span class='ocrx_word' id='word_1_1002' title='bbox 3226 3846 3368 3892; x_wconf 92' lang='lat' dir='ltr'><strong>sunt.</strong></span> <span class='ocrx_word' id='word_1_1003' title='bbox 3386 3837 3519 3892; x_wconf 83' lang='lat' dir='ltr'><strong>Nam</strong></span> <span class='ocrx_word' id='word_1_1004' title='bbox 3545 3838 3795 3894; x_wconf 90' lang='lat' dir='ltr'><strong>Dominus</strong></span> 
     </span>
    </p>
   </div>
   <div class='ocr_carea' id='block_1_131' title="bbox 2223 3906 3793 3976">
    <p class='ocr_par' dir='ltr' id='par_1_131' title="bbox 2223 3906 3793 3976">
     <span class='ocr_line' id='line_1_133' title="bbox 2223 3906 3793 3976; baseline 0.003 -18"><span class='ocrx_word' id='word_1_1005' title='bbox 2223 3919 2342 3976; x_wconf 89' lang='lat' dir='ltr'><strong>cum</strong></span> <span class='ocrx_word' id='word_1_1006' title='bbox 2394 3906 2634 3976; x_wconf 88' lang='lat' dir='ltr'><strong>leprosos</strong></span> <span class='ocrx_word' id='word_1_1007' title='bbox 2673 3917 2949 3976; x_wconf 88' lang='lat' dir='ltr'><strong>curasset,</strong></span> <span class='ocrx_word' id='word_1_1008' title='bbox 2998 3923 3091 3964; x_wconf 91' lang='lat' dir='ltr'><strong>eos</strong></span> <span class='ocrx_word' id='word_1_1009' title='bbox 3128 3907 3192 3961; x_wconf 91' lang='lat' dir='ltr'><strong>ad</strong></span> <span class='ocrx_word' id='word_1_1010' title='bbox 3238 3916 3553 3976; x_wconf 90' lang='lat' dir='ltr'><strong>potestatem</strong></span> <span class='ocrx_word' id='word_1_1011' title='bbox 3605 3910 3793 3975; x_wconf 88' lang='lat' dir='ltr'><strong>misit,</strong></span> 
     </span>
    </p>
   </div>
   <div class='ocr_carea' id='block_1_132' title="bbox 2223 3975 3792 4046">
    <p class='ocr_par' dir='ltr' id='par_1_132' title="bbox 2223 3975 3792 4046">
     <span class='ocr_line' id='line_1_134' title="bbox 2223 3975 3792 4046; baseline 0.003 -17"><span class='ocrx_word' id='word_1_1012' title='bbox 2223 3975 2450 4046; x_wconf 82' lang='lat' dir='ltr'><strong>dicens:</strong></span> <span class='ocrx_word' id='word_1_1013' title='bbox 2497 3976 2614 4044; x_wconf 86' lang='lat' dir='ltr'><strong>Ite,</strong></span> <span class='ocrx_word' id='word_1_1014' title='bbox 2665 3980 2908 4034; x_wconf 82' lang='lat' dir='ltr'><strong>ostendite</strong></span> <span class='ocrx_word' id='word_1_1015' title='bbox 2945 3995 3027 4032; x_wconf 80' lang='lat' dir='ltr'><strong>vos</strong></span> <span class='ocrx_word' id='word_1_1016' title='bbox 3068 3975 3406 4032; x_wconf 76' lang='lat' dir='ltr'><strong>sacerdotibus</strong></span> <span class='ocrx_word' id='word_1_1017' title='bbox 3448 3977 3596 4046; x_wconf 85' lang='lat' dir='ltr'><strong>(Luc.</strong></span> <span class='ocrx_word' id='word_1_1018' title='bbox 3645 3994 3792 4046; x_wconf 80' lang='lat' dir='ltr'><strong>xvn,</strong></span> 
     </span>
    </p>
   </div>
   <div class='ocr_carea' id='block_1_133' title="bbox 2223 4045 3798 4118">
    <p class='ocr_par' dir='ltr' id='par_1_133' title="bbox 2223 4045 3798 4118">
     <span class='ocr_line' id='line_1_135' title="bbox 2223 4045 3798 4118; baseline 0.004 -20"><span class='ocrx_word' id='word_1_1019' title='bbox 2223 4045 2333 4118; x_wconf 66' lang='grc' dir='ltr'><strong>μ).</strong></span> <span class='ocrx_word' id='word_1_1020' title='bbox 2368 4045 2435 4101; x_wconf 86' lang='grc' dir='ltr'><strong>Ει</strong></span> <span class='ocrx_word' id='word_1_1021' title='bbox 2458 4047 2524 4102; x_wconf 89' lang='lat' dir='ltr'><strong>ad</strong></span> <span class='ocrx_word' id='word_1_1022' title='bbox 2552 4047 2882 4118; x_wconf 80' lang='lat' dir='ltr'><strong>Samuelcm,</strong></span> <span class='ocrx_word' id='word_1_1023' title='bbox 2906 4065 3025 4104; x_wconf 91' lang='lat' dir='ltr'><strong>cum</strong></span> <span class='ocrx_word' id='word_1_1024' title='bbox 3054 4058 3395 4118; x_wconf 87' lang='lat' dir='ltr'><strong>sperneretur</strong></span> <span class='ocrx_word' id='word_1_1025' title='bbox 3422 4045 3461 4102; x_wconf 38' lang='lat' dir='ltr'><strong>a&#39;</strong></span> <span class='ocrx_word' id='word_1_1026' title='bbox 3479 4047 3696 4116; x_wconf 68' lang='lat' dir='ltr'><strong>Judteis,</strong></span> <span class='ocrx_word' id='word_1_1027' title='bbox 3725 4045 3798 4106; x_wconf 86' lang='lat' dir='ltr'><strong>ait</strong></span> 
     </span>
    </p>
   </div>
   <div class='ocr_carea' id='block_1_134' title="bbox 2224 4116 3795 4191">
    <p class='ocr_par' dir='ltr' id='par_1_134' title="bbox 2224 4116 3795 4191">
     <span class='ocr_line' id='line_1_136' title="bbox 2224 4116 3795 4191; baseline 0.003 -23"><span class='ocrx_word' id='word_1_1028' title='bbox 2224 4116 2478 4191; x_wconf 62' lang='lat' dir='ltr'><strong>Dominus</strong></span> <span class='ocrx_word' id='word_1_1029' title='bbox 2512 4135 2524 4172; x_wconf 92' lang='lat'><strong>:</strong></span> <span class='ocrx_word' id='word_1_1030' title='bbox 2561 4117 2680 4172; x_wconf 88' lang='lat' dir='ltr'><strong>Non</strong></span> <span class='ocrx_word' id='word_1_1031' title='bbox 2705 4127 2754 4191; x_wconf 62' lang='lat' dir='ltr'><strong>te</strong></span> <span class='ocrx_word' id='word_1_1032' title='bbox 2778 4116 3100 4190; x_wconf 67' lang='lat' dir='ltr'><strong>spreverunt,</strong></span> <span class='ocrx_word' id='word_1_1033' title='bbox 3157 4121 3245 4176; x_wconf 84' lang='lat' dir='ltr'><strong>sed</strong></span> <span class='ocrx_word' id='word_1_1034' title='bbox 3270 4136 3345 4173; x_wconf 88' lang='lat' dir='ltr'><strong>me</strong></span> <span class='ocrx_word' id='word_1_1035' title='bbox 3371 4119 3413 4190; x_wconf 87' lang='grc' dir='ltr'><strong>(Ι</strong></span> <span class='ocrx_word' id='word_1_1036' title='bbox 3448 4119 3571 4191; x_wconf 80' lang='lat' dir='ltr'><strong>Reg.</strong></span> <span class='ocrx_word' id='word_1_1037' title='bbox 3591 4121 3795 4188; x_wconf 87' lang='lat' dir='ltr'><strong>vnt,7).</strong></span> 
     </span>
    </p>
   </div>
   <div class='ocr_carea' id='block_1_135' title="bbox 2224 4186 3799 4260">
    <p class='ocr_par' dir='ltr' id='par_1_135' title="bbox 2224 4186 3799 4260">
     <span class='ocr_line' id='line_1_137' title="bbox 2224 4186 3799 4260; baseline 0.005 -23"><span class='ocrx_word' id='word_1_1038' title='bbox 2224 4186 2288 4239; x_wconf 84' lang='lat' dir='ltr'><strong>Et</strong></span> <span class='ocrx_word' id='word_1_1039' title='bbox 2317 4187 2621 4260; x_wconf 81' lang='lat' dir='ltr'><strong>adMoysen</strong></span> <span class='ocrx_word' id='word_1_1040' title='bbox 2658 4205 2673 4243; x_wconf 89' lang='lat'><strong>:</strong></span> <span class='ocrx_word' id='word_1_1041' title='bbox 2709 4186 2873 4244; x_wconf 72' lang='lat' dir='ltr'><strong>&quot;orno</strong></span> <span class='ocrx_word' id='word_1_1042' title='bbox 2893 4191 3188 4260; x_wconf 82' lang='lat' dir='ltr'><strong>quicumque</strong></span> <span class='ocrx_word' id='word_1_1043' title='bbox 3218 4186 3391 4260; x_wconf 61' lang='lat' dir='ltr'><strong>fecerit</strong></span> <span class='ocrx_word' id='word_1_1044' title='bbox 3433 4186 3716 4260; x_wconf 65' lang='lat' dir='ltr'><strong>superbiam</strong></span> <span class='ocrx_word' id='word_1_1045' title='bbox 3746 4186 3799 4245; x_wconf 84' lang='lat' dir='ltr'><strong>in</strong></span> 
     </span>
    </p>
   </div>
   <div class='ocr_carea' id='block_1_136' title="bbox 2223 4256 3795 4332">
    <p class='ocr_par' dir='ltr' id='par_1_136' title="bbox 2223 4256 3795 4332">
     <span class='ocr_line' id='line_1_138' title="bbox 2223 4256 3795 4332; baseline 0.004 -24"><span class='ocrx_word' id='word_1_1046' title='bbox 2223 4256 2550 4332; x_wconf 57' lang='lat' dir='ltr'><strong>sacerdotem,</strong></span> <span class='ocrx_word' id='word_1_1047' title='bbox 2579 4268 2666 4313; x_wconf 90' lang='lat' dir='ltr'><strong>aut</strong></span> <span class='ocrx_word' id='word_1_1048' title='bbox 2688 4261 2738 4313; x_wconf 90' lang='lat' dir='ltr'><strong>in</strong></span> <span class='ocrx_word' id='word_1_1049' title='bbox 2760 4256 3008 4332; x_wconf 78' lang='lat' dir='ltr'><strong>judicent,</strong></span> <span class='ocrx_word' id='word_1_1050' title='bbox 3047 4256 3284 4332; x_wconf 79' lang='lat' dir='ltr'><strong>morietur</strong></span> <span class='ocrx_word' id='word_1_1051' title='bbox 3315 4256 3507 4330; x_wconf 52' lang='lat' dir='ltr'><strong>(Deutf</strong></span> <span class='ocrx_word' id='word_1_1052' title='bbox 3526 4277 3659 4326; x_wconf 77' lang='lat' dir='ltr'><strong>xvn,</strong></span> <span class='ocrx_word' id='word_1_1053' title='bbox 3682 4262 3795 4332; x_wconf 67' lang='lat'><strong>12).</strong></span> 
     </span>
    </p>
   </div>
   <div class='ocr_carea' id='block_1_137' title="bbox 2222 4326 3797 4400">
    <p class='ocr_par' dir='ltr' id='par_1_137' title="bbox 2222 4326 3797 4400">
     <span class='ocr_line' id='line_1_139' title="bbox 2222 4326 3797 4400; baseline 0.004 -21"><span class='ocrx_word' id='word_1_1054' title='bbox 2222 4326 2419 4400; x_wconf 73' lang='lat' dir='ltr'><strong>Cavete</strong></span> <span class='ocrx_word' id='word_1_1055' title='bbox 2447 4343 2572 4398; x_wconf 83' lang='lat' dir='ltr'><strong>ergo</strong></span> <span class='ocrx_word' id='word_1_1056' title='bbox 2594 4371 2608 4393; x_wconf 88' lang='lat'><strong>,</strong></span> <span class='ocrx_word' id='word_1_1057' title='bbox 2638 4326 2944 4386; x_wconf 72' lang='lat' dir='ltr'><strong>sacerdotes</strong></span> <span class='ocrx_word' id='word_1_1058' title='bbox 2967 4326 3000 4397; x_wconf 50' lang='grc'><strong>,⁷</strong></span> <span class='ocrx_word' id='word_1_1059' title='bbox 3023 4347 3091 4386; x_wconf 85' lang='lat' dir='ltr'><strong>ne</strong></span> <span class='ocrx_word' id='word_1_1060' title='bbox 3117 4326 3579 4400; x_wconf 53' lang='lat' dir='ltr'><strong>aliquis&#39;vestrum</strong></span> <span class='ocrx_word' id='word_1_1061' title='bbox 3605 4326 3797 4387; x_wconf 79' lang='lat' dir='ltr'><strong>audeat</strong></span> 
     </span>
    </p>
   </div>
   <div class='ocr_carea' id='block_1_138' title="bbox 2223 4397 3794 4472">
    <p class='ocr_par' dir='ltr' id='par_1_138' title="bbox 2223 4397 3794 4472">
     <span class='ocr_line' id='line_1_140' title="bbox 2223 4397 3794 4472; baseline 0.004 -22"><span class='ocrx_word' id='word_1_1062' title='bbox 2223 4397 2499 4472; x_wconf 76' lang='lat' dir='ltr'><strong>insurgere</strong></span> <span class='ocrx_word' id='word_1_1063' title='bbox 2518 4397 2706 4455; x_wconf 82' lang='lat' dir='ltr'><strong>contra</strong></span> <span class='ocrx_word' id='word_1_1064' title='bbox 2731 4402 3072 4472; x_wconf 67' lang='lat' dir='ltr'><strong>praepositum</strong></span> <span class='ocrx_word' id='word_1_1065' title='bbox 3119 4397 3217 4472; x_wconf 50' lang='lat' dir='ltr'><strong>vel&#39;</strong></span> <span class='ocrx_word' id='word_1_1066' title='bbox 3248 4401 3610 4472; x_wconf 82' lang='lat' dir='ltr'><strong>presbyterum</strong></span> <span class='ocrx_word' id='word_1_1067' title='bbox 3633 4444 3647 4465; x_wconf 97' lang='lat'><strong>,</strong></span> <span class='ocrx_word' id='word_1_1068' title='bbox 3701 4403 3794 4470; x_wconf 91' lang='lat' dir='ltr'><strong>qui</strong></span> 
     </span>
    </p>
   </div>
   <div class='ocr_carea' id='block_1_139' title="bbox 2222 4469 3796 4542">
    <p class='ocr_par' dir='ltr' id='par_1_139' title="bbox 2222 4469 3796 4542">
     <span class='ocr_line' id='line_1_141' title="bbox 2222 4469 3796 4542; baseline 0.003 -22"><span class='ocrx_word' id='word_1_1069' title='bbox 2222 4469 2457 4542; x_wconf 59' lang='lat' dir='ltr'><strong>omnium</strong></span> <span class='ocrx_word' id='word_1_1070' title='bbox 2487 4481 2716 4526; x_wconf 90' lang='lat' dir='ltr'><strong>vestrum</strong></span> <span class='ocrx_word' id='word_1_1071' title='bbox 2736 4469 2922 4528; x_wconf 84' lang='lat' dir='ltr'><strong>curam</strong></span> <span class='ocrx_word' id='word_1_1072' title='bbox 2953 4473 3106 4542; x_wconf 87' lang='lat' dir='ltr'><strong>gerit.</strong></span> <span class='ocrx_word' id='word_1_1073' title='bbox 3165 4469 3266 4542; x_wconf 88' lang='lat' dir='ltr'><strong>Ipsi</strong></span> <span class='ocrx_word' id='word_1_1074' title='bbox 3297 4469 3436 4528; x_wconf 80' lang='lat' dir='ltr'><strong>enim</strong></span> <span class='ocrx_word' id='word_1_1075' title='bbox 3468 4471 3616 4541; x_wconf 85' lang='lat' dir='ltr'><strong>positi</strong></span> <span class='ocrx_word' id='word_1_1076' title='bbox 3647 4469 3796 4542; x_wconf 74' lang='lat' dir='ltr'><strong>sunt</strong></span> 
     </span>
    </p>
   </div>
   <div class='ocr_carea' id='block_1_140' title="bbox 2222 4539 3796 4611">
    <p class='ocr_par' dir='ltr' id='par_1_140' title="bbox 2222 4539 3796 4611">
     <span class='ocr_line' id='line_1_142' title="bbox 2222 4539 3796 4611; baseline 0.001 -18"><span class='ocrx_word' id='word_1_1077' title='bbox 2222 4540 2276 4593; x_wconf 91' lang='lat' dir='ltr'><strong>in</strong></span> <span class='ocrx_word' id='word_1_1078' title='bbox 2302 4539 2562 4611; x_wconf 61' lang='lat' dir='ltr'><strong>Ecclesia</strong></span> <span class='ocrx_word' id='word_1_1079' title='bbox 2615 4542 2681 4596; x_wconf 92' lang='lat' dir='ltr'><strong>ad</strong></span> <span class='ocrx_word' id='word_1_1080' title='bbox 2729 4539 2977 4598; x_wconf 73' lang='lat' dir='ltr'><strong>nostranf</strong></span> <span class='ocrx_word' id='word_1_1081' title='bbox 3017 4539 3296 4596; x_wconf 78' lang='lat' dir='ltr'><strong>utilitatem</strong></span> <span class='ocrx_word' id='word_1_1082' title='bbox 3321 4583 3336 4608; x_wconf 95' lang='lat'><strong>,</strong></span> <span class='ocrx_word' id='word_1_1083' title='bbox 3383 4551 3440 4597; x_wconf 91' lang='lat' dir='ltr'><strong>ut</strong></span> <span class='ocrx_word' id='word_1_1084' title='bbox 3474 4539 3796 4611; x_wconf 81' lang='lat' dir='ltr'><strong>provideant</strong></span> 
     </span>
    </p>
   </div>
   <div class='ocr_carea' id='block_1_141' title="bbox 2223 4609 3797 4682">
    <p class='ocr_par' dir='ltr' id='par_1_141' title="bbox 2223 4609 3797 4682">
     <span class='ocr_line' id='line_1_143' title="bbox 2223 4609 3797 4682; baseline 0.004 -20"><span class='ocrx_word' id='word_1_1085' title='bbox 2223 4609 2348 4682; x_wconf 81' lang='lat' dir='ltr'><strong>gttid</strong></span> <span class='ocrx_word' id='word_1_1086' title='bbox 2375 4625 2532 4682; x_wconf 84' lang='lat' dir='ltr'><strong>agerc</strong></span> <span class='ocrx_word' id='word_1_1087' title='bbox 2572 4611 2860 4668; x_wconf 89' lang='lat' dir='ltr'><strong>debeamus</strong></span> <span class='ocrx_word' id='word_1_1088' title='bbox 2881 4655 2895 4677; x_wconf 95' lang='lat'><strong>,</strong></span> <span class='ocrx_word' id='word_1_1089' title='bbox 2930 4622 2985 4666; x_wconf 91' lang='lat' dir='ltr'><strong>ut</strong></span> <span class='ocrx_word' id='word_1_1090' title='bbox 3025 4614 3182 4666; x_wconf 88' lang='lat' dir='ltr'><strong>etiam</strong></span> <span class='ocrx_word' id='word_1_1091' title='bbox 3227 4628 3324 4682; x_wconf 87' lang='lat' dir='ltr'><strong>pro</strong></span> <span class='ocrx_word' id='word_1_1092' title='bbox 3356 4609 3506 4667; x_wconf 81' lang='lat' dir='ltr'><strong>nobis</strong></span> <span class='ocrx_word' id='word_1_1093' title='bbox 3531 4612 3797 4682; x_wconf 84' lang='lat' dir='ltr'><strong>rationem</strong></span> 
     </span>
    </p>
   </div>
   <div class='ocr_carea' id='block_1_142' title="bbox 2224 4680 3796 4752">
    <p class='ocr_par' dir='ltr' id='par_1_142' title="bbox 2224 4680 3796 4752">
     <span class='ocr_line' id='line_1_144' title="bbox 2224 4680 3796 4752; baseline 0.002 -19"><span class='ocrx_word' id='word_1_1094' title='bbox 2224 4681 2333 4752; x_wconf 87' lang='lat' dir='ltr'><strong>Deo</strong></span> <span class='ocrx_word' id='word_1_1095' title='bbox 2360 4681 2615 4744; x_wconf 89' lang='lat' dir='ltr'><strong>reddant,</strong></span> <span class='ocrx_word' id='word_1_1096' title='bbox 2649 4691 2702 4737; x_wconf 91' lang='lat' dir='ltr'><strong>ct</strong></span> <span class='ocrx_word' id='word_1_1097' title='bbox 2730 4685 2982 4737; x_wconf 86' lang='lat' dir='ltr'><strong>unitatem</strong></span> <span class='ocrx_word' id='word_1_1098' title='bbox 3014 4680 3267 4738; x_wconf 69' lang='lat' dir='ltr'><strong>Ecclesia:</strong></span> <span class='ocrx_word' id='word_1_1099' title='bbox 3307 4683 3607 4740; x_wconf 88' lang='lat' dir='ltr'><strong>custodiant</strong></span> <span class='ocrx_word' id='word_1_1100' title='bbox 3653 4680 3726 4752; x_wconf 86' lang='lat' dir='ltr'><strong>(a)</strong></span> <span class='ocrx_word' id='word_1_1101' title='bbox 3781 4701 3796 4736; x_wconf 88' lang='lat'><strong>:</strong></span> 
     </span>
    </p>
   </div>
   <div class='ocr_carea' id='block_1_143' title="bbox 2223 4750 3802 4820">
    <p class='ocr_par' dir='ltr' id='par_1_143' title="bbox 2223 4750 3802 4820">
     <span class='ocr_line' id='line_1_145' title="bbox 2223 4750 3802 4820; baseline 0.003 -16"><span class='ocrx_word' id='word_1_1102' title='bbox 2223 4750 2289 4804; x_wconf 90' lang='lat' dir='ltr'><strong>de</strong></span> <span class='ocrx_word' id='word_1_1103' title='bbox 2313 4765 2415 4820; x_wconf 88' lang='lat' dir='ltr'><strong>qua</strong></span> <span class='ocrx_word' id='word_1_1104' title='bbox 2449 4752 2704 4807; x_wconf 91' lang='lat' dir='ltr'><strong>Dominus</strong></span> <span class='ocrx_word' id='word_1_1105' title='bbox 2743 4768 2840 4807; x_wconf 91' lang='lat' dir='ltr'><strong>nos</strong></span> <span class='ocrx_word' id='word_1_1106' title='bbox 2890 4753 3055 4807; x_wconf 82' lang='lat' dir='ltr'><strong>voluit</strong></span> <span class='ocrx_word' id='word_1_1107' title='bbox 3084 4767 3201 4808; x_wconf 88' lang='lat' dir='ltr'><strong>esse</strong></span> <span class='ocrx_word' id='word_1_1108' title='bbox 3241 4751 3497 4810; x_wconf 89' lang='lat' dir='ltr'><strong>sollicitos</strong></span> <span class='ocrx_word' id='word_1_1109' title='bbox 3521 4793 3535 4818; x_wconf 84' lang='lat'><strong>,</strong></span> <span class='ocrx_word' id='word_1_1110' title='bbox 3568 4767 3636 4807; x_wconf 90' lang='lat' dir='ltr'><strong>ne</strong></span> <span class='ocrx_word' id='word_1_1111' title='bbox 3665 4750 3802 4808; x_wconf 84' lang='lat' dir='ltr'><strong>tan-</strong></span> 
     </span>
    </p>
   </div>
   <div class='ocr_carea' id='block_1_144' title="bbox 2223 4821 3801 4895">
    <p class='ocr_par' dir='ltr' id='par_1_144' title="bbox 2223 4821 3801 4895">
     <span class='ocr_line' id='line_1_146' title="bbox 2223 4821 3801 4895; baseline 0.002 -22"><span class='ocrx_word' id='word_1_1112' title='bbox 2223 4835 2386 4895; x_wconf 76' lang='lat' dir='ltr'><strong>quant</strong></span> <span class='ocrx_word' id='word_1_1113' title='bbox 2407 4836 2534 4895; x_wconf 82' lang='lat' dir='ltr'><strong>oves</strong></span> <span class='ocrx_word' id='word_1_1114' title='bbox 2556 4821 2949 4895; x_wconf 76' lang='lat' dir='ltr'><strong>non_h_abcntes</strong></span> <span class='ocrx_word' id='word_1_1115' title='bbox 2981 4831 3222 4894; x_wconf 89' lang='lat' dir='ltr'><strong>pastores</strong></span> <span class='ocrx_word' id='word_1_1116' title='bbox 3252 4838 3350 4895; x_wconf 82' lang='lat' dir='ltr'><strong>per</strong></span> <span class='ocrx_word' id='word_1_1117' title='bbox 3373 4823 3612 4878; x_wconf 83' lang='lat' dir='ltr'><strong>diversos</strong></span> <span class='ocrx_word' id='word_1_1118' title='bbox 3652 4837 3801 4878; x_wconf 81' lang='lat' dir='ltr'><strong>erro-</strong></span> 
     </span>
    </p>
   </div>
   <div class='ocr_carea' id='block_1_145' title="bbox 2223 4891 3803 4950">
    <p class='ocr_par' dir='ltr' id='par_1_145' title="bbox 2223 4891 3803 4950">
     <span class='ocr_line' id='line_1_147' title="bbox 2223 4891 3803 4950; baseline 0.002 -5"><span class='ocrx_word' id='word_1_1119' title='bbox 2223 4905 2310 4945; x_wconf 87' lang='lat' dir='ltr'><strong>res</strong></span> <span class='ocrx_word' id='word_1_1120' title='bbox 2340 4891 2407 4947; x_wconf 92' lang='lat' dir='ltr'><strong>ab</strong></span> <span class='ocrx_word' id='word_1_1121' title='bbox 2434 4891 2636 4947; x_wconf 81' lang='lat' dir='ltr'><strong>unitate</strong></span> <span class='ocrx_word' id='word_1_1122' title='bbox 2661 4891 2784 4949; x_wconf 80' lang='lat' dir='ltr'><strong>fidei</strong></span> <span class='ocrx_word' id='word_1_1123' title='bbox 2814 4895 2965 4950; x_wconf 86' lang='lat' dir='ltr'><strong>divisi</strong></span> <span class='ocrx_word' id='word_1_1124' title='bbox 2982 4891 3271 4950; x_wconf 50' lang='lat' dir='ltr'><strong>essemus:</strong></span> <span class='ocrx_word' id='word_1_1125' title='bbox 3300 4893 3448 4950; x_wconf 92' lang='lat' dir='ltr'><strong>Sicut</strong></span> <span class='ocrx_word' id='word_1_1126' title='bbox 3491 4896 3638 4949; x_wconf 88' lang='lat' dir='ltr'><strong>enim</strong></span> <span class='ocrx_word' id='word_1_1127' title='bbox 3668 4909 3803 4948; x_wconf 90' lang='lat' dir='ltr'><strong>unus</strong></span> 
     </span>
    </p>
   </div>
   <div class='ocr_carea' id='block_1_146' title="bbox 2226 4961 3802 5034">
    <p class='ocr_par' dir='ltr' id='par_1_146' title="bbox 2226 4961 3802 5034">
     <span class='ocr_line' id='line_1_148' title="bbox 2226 4961 3802 5034; baseline 0.002 -17"><span class='ocrx_word' id='word_1_1128' title='bbox 2226 4969 2307 5034; x_wconf 85' lang='lat' dir='ltr'><strong>est</strong></span> <span class='ocrx_word' id='word_1_1129' title='bbox 2333 4961 2590 5034; x_wconf 82' lang='lat' dir='ltr'><strong>Dominus</strong></span> <span class='ocrx_word' id='word_1_1130' title='bbox 2613 4972 2666 5019; x_wconf 92' lang='lat' dir='ltr'><strong>ct</strong></span> <span class='ocrx_word' id='word_1_1131' title='bbox 2691 4980 2825 5018; x_wconf 89' lang='lat' dir='ltr'><strong>unus</strong></span> <span class='ocrx_word' id='word_1_1132' title='bbox 2857 4975 3068 5034; x_wconf 88' lang='lat' dir='ltr'><strong>pastor,</strong></span> <span class='ocrx_word' id='word_1_1133' title='bbox 3112 4966 3189 5020; x_wconf 89' lang='lat' dir='ltr'><strong>sic</strong></span> <span class='ocrx_word' id='word_1_1134' title='bbox 3217 4975 3271 5020; x_wconf 89' lang='lat' dir='ltr'><strong>et</strong></span> <span class='ocrx_word' id='word_1_1135' title='bbox 3296 4980 3459 5019; x_wconf 87' lang='lat' dir='ltr'><strong>unum</strong></span> <span class='ocrx_word' id='word_1_1136' title='bbox 3499 4965 3639 5019; x_wconf 88' lang='lat' dir='ltr'><strong>ovile</strong></span> <span class='ocrx_word' id='word_1_1137' title='bbox 3682 4978 3802 5020; x_wconf 86' lang='lat' dir='ltr'><strong>esse</strong></span> 
     </span>
    </p>
   </div>
   <div class='ocr_carea' id='block_1_147' title="bbox 2224 5031 3800 5103">
    <p class='ocr_par' dir='ltr' id='par_1_147' title="bbox 2224 5031 3800 5103">
     <span class='ocr_line' id='line_1_149' title="bbox 2224 5031 3800 5103; baseline 0.001 -17"><span class='ocrx_word' id='word_1_1138' title='bbox 2224 5032 2410 5087; x_wconf 91' lang='lat' dir='ltr'><strong>voluit.</strong></span> <span class='ocrx_word' id='word_1_1139' title='bbox 2442 5031 2728 5103; x_wconf 89' lang='lat' dir='ltr'><strong>Propterea</strong></span> <span class='ocrx_word' id='word_1_1140' title='bbox 2758 5031 2924 5090; x_wconf 84' lang='lat' dir='ltr'><strong>noluit</strong></span> <span class='ocrx_word' id='word_1_1141' title='bbox 2960 5031 3214 5090; x_wconf 88' lang='lat' dir='ltr'><strong>Dominus</strong></span> <span class='ocrx_word' id='word_1_1142' title='bbox 3242 5034 3408 5092; x_wconf 91' lang='lat' dir='ltr'><strong>scindi</strong></span> <span class='ocrx_word' id='word_1_1143' title='bbox 3442 5037 3673 5092; x_wconf 88' lang='lat' dir='ltr'><strong>tunicam</strong></span> <span class='ocrx_word' id='word_1_1144' title='bbox 3725 5034 3800 5088; x_wconf 84' lang='lat' dir='ltr'><strong>in-</strong></span> 
     </span>
    </p>
   </div>
   <div class='ocr_carea' id='block_1_148' title="bbox 2224 5104 3809 5177">
    <p class='ocr_par' dir='ltr' id='par_1_148' title="bbox 2224 5104 3809 5177">
     <span class='ocr_line' id='line_1_150' title="bbox 2224 5104 3809 5177; baseline 0.001 -19"><span class='ocrx_word' id='word_1_1145' title='bbox 2224 5104 2538 5177; x_wconf 77' lang='lat' dir='ltr'><strong>c_onsu_tilcm</strong></span> <span class='ocrx_word' id='word_1_1146' title='bbox 2563 5120 2679 5174; x_wconf 75' lang='lat' dir='ltr'><strong>qncc</strong></span> <span class='ocrx_word' id='word_1_1147' title='bbox 2710 5107 2910 5177; x_wconf 75' lang='lat' dir='ltr'><strong>integra</strong></span> <span class='ocrx_word' id='word_1_1148' title='bbox 2933 5115 3046 5160; x_wconf 88' lang='lat' dir='ltr'><strong>erat</strong></span> <span class='ocrx_word' id='word_1_1149' title='bbox 3071 5148 3083 5164; x_wconf 92' lang='lat'><strong>.</strong></span> <span class='ocrx_word' id='word_1_1150' title='bbox 3116 5107 3238 5176; x_wconf 90' lang='lat' dir='ltr'><strong>quia</strong></span> <span class='ocrx_word' id='word_1_1151' title='bbox 3265 5121 3368 5160; x_wconf 90' lang='lat' dir='ltr'><strong>non</strong></span> <span class='ocrx_word' id='word_1_1152' title='bbox 3399 5105 3596 5177; x_wconf 73' lang='lat' dir='ltr'><strong>patitur</strong></span> <span class='ocrx_word' id='word_1_1153' title='bbox 3621 5105 3809 5162; x_wconf 88' lang='lat' dir='ltr'><strong>Eccle-</strong></span> 
     </span>
    </p>
   </div>
   <div class='ocr_carea' id='block_1_149' title="bbox 2224 5175 3804 5247">
    <p class='ocr_par' dir='ltr' id='par_1_149' title="bbox 2224 5175 3804 5247">
     <span class='ocr_line' id='line_1_151' title="bbox 2224 5175 3804 5247; baseline 0.009 -19"><span class='ocrx_word' id='word_1_1154' title='bbox 2224 5175 2318 5228; x_wconf 68' lang='lat' dir='ltr'><strong>siae</strong></span> <span class='ocrx_word' id='word_1_1155' title='bbox 2345 5175 2531 5229; x_wconf 85' lang='lat' dir='ltr'><strong>violari</strong></span> <span class='ocrx_word' id='word_1_1156' title='bbox 2555 5175 2837 5247; x_wconf 48' lang='lat' dir='ltr'><strong>unitatem;</strong></span> <span class='ocrx_word' id='word_1_1157' title='bbox 2862 5176 2985 5247; x_wconf 84' lang='lat' dir='ltr'><strong>Ideo</strong></span> <span class='ocrx_word' id='word_1_1158' title='bbox 3031 5175 3226 5232; x_wconf 80' lang='lat' dir='ltr'><strong>Paulus</strong></span> <span class='ocrx_word' id='word_1_1159' title='bbox 3270 5177 3372 5240; x_wconf 77' lang='lat' dir='ltr'><strong>ait;</strong></span> <span class='ocrx_word' id='word_1_1160' title='bbox 3405 5175 3623 5230; x_wconf 71' lang='grc' dir='ltr'><strong>Οὒδεσνο</strong></span> <span class='ocrx_word' id='word_1_1161' title='bbox 3647 5217 3659 5238; x_wconf 77' lang='grc' dir='ltr'>ι</span> <span class='ocrx_word' id='word_1_1162' title='bbox 3695 5179 3804 5247; x_wconf 62' lang='grc' dir='ltr'><strong>[Ψ-</strong></span> 
     </span>
    </p>
   </div>
   <div class='ocr_carea' id='block_1_150' title="bbox 2227 5245 3812 5315">
    <p class='ocr_par' dir='ltr' id='par_1_150' title="bbox 2227 5245 3812 5315">
     <span class='ocr_line' id='line_1_152' title="bbox 2227 5245 3812 5315; baseline 0.001 -17"><span class='ocrx_word' id='word_1_1163' title='bbox 2227 5255 2344 5309; x_wconf 84' lang='lat' dir='ltr'><strong>tres,</strong></span> <span class='ocrx_word' id='word_1_1164' title='bbox 2370 5262 2457 5315; x_wconf 89' lang='lat' dir='ltr'><strong>per</strong></span> <span class='ocrx_word' id='word_1_1165' title='bbox 2481 5262 2658 5300; x_wconf 84' lang='lat' dir='ltr'><strong>nomen</strong></span> <span class='ocrx_word' id='word_1_1166' title='bbox 2677 5245 2882 5301; x_wconf 83' lang='lat' dir='ltr'><strong>Domini</strong></span> <span class='ocrx_word' id='word_1_1167' title='bbox 2906 5246 3031 5301; x_wconf 77' lang='lat' dir='ltr'><strong>Iesu</strong></span> <span class='ocrx_word' id='word_1_1168' title='bbox 3055 5247 3258 5312; x_wconf 80' lang='lat' dir='ltr'><strong>Christi,</strong></span> <span class='ocrx_word' id='word_1_1169' title='bbox 3278 5256 3329 5301; x_wconf 89' lang='lat' dir='ltr'><strong>ut</strong></span> <span class='ocrx_word' id='word_1_1170' title='bbox 3357 5263 3456 5300; x_wconf 87' lang='lat' dir='ltr'><strong>non</strong></span> <span class='ocrx_word' id='word_1_1171' title='bbox 3483 5247 3580 5300; x_wconf 79' lang='lat' dir='ltr'><strong>sint</strong></span> <span class='ocrx_word' id='word_1_1172' title='bbox 3598 5247 3649 5300; x_wconf 88' lang='lat' dir='ltr'><strong>in</strong></span> <span class='ocrx_word' id='word_1_1173' title='bbox 3674 5245 3812 5300; x_wconf 66' lang='lat' dir='ltr'><strong>nobis</strong></span> 
     </span>
    </p>
   </div>
   <div class='ocr_carea' id='block_1_151' title="bbox 2225 5315 3812 5386">
    <p class='ocr_par' dir='ltr' id='par_1_151' title="bbox 2225 5315 3812 5386">
     <span class='ocr_line' id='line_1_153' title="bbox 2225 5315 3812 5386; baseline 0 -17"><span class='ocrx_word' id='word_1_1174' title='bbox 2225 5315 2531 5386; x_wconf 70' lang='lat' dir='ltr'><strong>schismata;</strong></span> <span class='ocrx_word' id='word_1_1175' title='bbox 2557 5317 2644 5371; x_wconf 86' lang='lat' dir='ltr'><strong>sed</strong></span> <span class='ocrx_word' id='word_1_1176' title='bbox 2660 5326 2848 5372; x_wconf 81' lang='lat' dir='ltr'><strong>servate</strong></span> <span class='ocrx_word' id='word_1_1177' title='bbox 2866 5319 3102 5372; x_wconf 88' lang='lat' dir='ltr'><strong>unitatem</strong></span> <span class='ocrx_word' id='word_1_1178' title='bbox 3131 5318 3337 5386; x_wconf 82' lang='lat' dir='ltr'><strong>spiritus</strong></span> <span class='ocrx_word' id='word_1_1179' title='bbox 3372 5317 3423 5371; x_wconf 88' lang='lat' dir='ltr'><strong>in</strong></span> <span class='ocrx_word' id='word_1_1180' title='bbox 3448 5315 3647 5371; x_wconf 82' lang='lat' dir='ltr'><strong>vinculo</strong></span> <span class='ocrx_word' id='word_1_1181' title='bbox 3669 5317 3812 5386; x_wconf 82' lang='lat' dir='ltr'><strong>pacis</strong></span> 
     </span>
    </p>
   </div>
   <div class='ocr_carea' id='block_1_152' title="bbox 2227 5384 3810 5457">
    <p class='ocr_par' dir='ltr' id='par_1_152' title="bbox 2227 5384 3810 5457">
     <span class='ocr_line' id='line_1_154' title="bbox 2227 5384 3810 5457; baseline 0.001 -18"><span class='ocrx_word' id='word_1_1182' title='bbox 2227 5384 2411 5454; x_wconf 69' lang='lat' dir='ltr'><strong>(l&#39;Cor.</strong></span> <span class='ocrx_word' id='word_1_1183' title='bbox 2447 5403 2503 5454; x_wconf 85' lang='grc' dir='ltr'><strong>ι,</strong></span> <span class='ocrx_word' id='word_1_1184' title='bbox 2549 5387 2664 5457; x_wconf 76' lang='grc'><strong>10).</strong></span> <span class='ocrx_word' id='word_1_1185' title='bbox 2707 5388 2836 5442; x_wconf 86' lang='lat' dir='ltr'><strong>Nam</strong></span> <span class='ocrx_word' id='word_1_1186' title='bbox 2876 5389 3011 5444; x_wconf 91' lang='lat' dir='ltr'><strong>sicut</strong></span> <span class='ocrx_word' id='word_1_1187' title='bbox 3051 5384 3200 5443; x_wconf 82' lang='lat' dir='ltr'><strong>multi</strong></span> <span class='ocrx_word' id='word_1_1188' title='bbox 3234 5386 3365 5442; x_wconf 89' lang='lat' dir='ltr'><strong>radii</strong></span> <span class='ocrx_word' id='word_1_1189' title='bbox 3397 5384 3694 5456; x_wconf 85' lang='lat' dir='ltr'><strong>procedunt</strong></span> <span class='ocrx_word' id='word_1_1190' title='bbox 3740 5385 3810 5457; x_wconf 78' lang='lat' dir='ltr'><strong>ab</strong></span> 
     </span>
    </p>
   </div>
   <div class='ocr_carea' id='block_1_153' title="bbox 2228 5455 3809 5524">
    <p class='ocr_par' dir='ltr' id='par_1_153' title="bbox 2228 5455 3809 5524">
     <span class='ocr_line' id='line_1_155' title="bbox 2228 5455 3809 5524; baseline 0.001 -15"><span class='ocrx_word' id='word_1_1191' title='bbox 2228 5471 2333 5511; x_wconf 92' lang='lat' dir='ltr'><strong>uno</strong></span> <span class='ocrx_word' id='word_1_1192' title='bbox 2363 5459 2473 5512; x_wconf 89' lang='lat' dir='ltr'><strong>sole</strong></span> <span class='ocrx_word' id='word_1_1193' title='bbox 2493 5498 2506 5524; x_wconf 88' lang='lat'><strong>,</strong></span> <span class='ocrx_word' id='word_1_1194' title='bbox 2534 5467 2586 5512; x_wconf 91' lang='lat' dir='ltr'><strong>et</strong></span> <span class='ocrx_word' id='word_1_1195' title='bbox 2618 5455 2790 5513; x_wconf 85' lang='lat' dir='ltr'><strong>tamen</strong></span> <span class='ocrx_word' id='word_1_1196' title='bbox 2820 5459 3174 5513; x_wconf 87' lang='lat' dir='ltr'><strong>unumlumen</strong></span> <span class='ocrx_word' id='word_1_1197' title='bbox 3205 5467 3314 5524; x_wconf 90' lang='lat' dir='ltr'><strong>est;</strong></span> <span class='ocrx_word' id='word_1_1198' title='bbox 3343 5455 3413 5513; x_wconf 86' lang='lat' dir='ltr'><strong>ita</strong></span> <span class='ocrx_word' id='word_1_1199' title='bbox 3443 5467 3498 5512; x_wconf 89' lang='lat' dir='ltr'><strong>et</strong></span> <span class='ocrx_word' id='word_1_1200' title='bbox 3527 5473 3626 5513; x_wconf 91' lang='lat' dir='ltr'><strong>nos</strong></span> <span class='ocrx_word' id='word_1_1201' title='bbox 3656 5455 3809 5511; x_wconf 84' lang='lat' dir='ltr'><strong>multi</strong></span> 
     </span>
    </p>
   </div>
   <div class='ocr_carea' id='block_1_154' title="bbox 2293 5615 3814 5682">
    <p class='ocr_par' dir='ltr' id='par_1_154' title="bbox 2293 5615 3814 5682">
     <span class='ocr_line' id='line_1_156' title="bbox 2293 5615 3814 5682; baseline 0.001 -18"><span class='ocrx_word' id='word_1_1202' title='bbox 2293 5615 2365 5678; x_wconf 82' lang='grc' dir='ltr'><strong>(α)</strong></span> <span class='ocrx_word' id='word_1_1203' title='bbox 2401 5622 2588 5682; x_wconf 80' lang='lat' dir='ltr'><strong>Ignotas</strong></span> <span class='ocrx_word' id='word_1_1204' title='bbox 2610 5617 2685 5666; x_wconf 91' lang='lat' dir='ltr'><strong>his</strong></span> <span class='ocrx_word' id='word_1_1205' title='bbox 2707 5617 3004 5679; x_wconf 90' lang='lat' dir='ltr'><strong>temporibus</strong></span> <span class='ocrx_word' id='word_1_1206' title='bbox 3041 5617 3275 5682; x_wconf 80' lang='lat' dir='ltr'><strong>ejusmodi</strong></span> <span class='ocrx_word' id='word_1_1207' title='bbox 3297 5617 3608 5682; x_wconf 82' lang='lat' dir='ltr'><strong>subsidiarias</strong></span> <span class='ocrx_word' id='word_1_1208' title='bbox 3630 5615 3814 5682; x_wconf 66' lang='lat' dir='ltr'><strong>prtere-</strong></span> 
     </span>
    </p>
   </div>
   <div class='ocr_carea' id='block_1_155' title="bbox 2229 5679 3814 5742">
    <p class='ocr_par' dir='ltr' id='par_1_155' title="bbox 2229 5679 3814 5742">
     <span class='ocr_line' id='line_1_157' title="bbox 2229 5679 3814 5742; baseline 0.001 -16"><span class='ocrx_word' id='word_1_1209' title='bbox 2229 5684 2389 5742; x_wconf 81' lang='lat' dir='ltr'><strong>cturas</strong></span> <span class='ocrx_word' id='word_1_1210' title='bbox 2410 5679 2634 5742; x_wconf 69' lang='lat' dir='ltr'><strong>observat</strong></span> <span class='ocrx_word' id='word_1_1211' title='bbox 2656 5687 2842 5742; x_wconf 84' lang='lat' dir='ltr'><strong>Lupus;</strong></span> <span class='ocrx_word' id='word_1_1212' title='bbox 2881 5679 3191 5742; x_wconf 61' lang='lat' dir='ltr'><strong>augustiuum</strong></span> <span class='ocrx_word' id='word_1_1213' title='bbox 3215 5694 3334 5730; x_wconf 77' lang='lat' dir='ltr'><strong>vero</strong></span> <span class='ocrx_word' id='word_1_1214' title='bbox 3355 5680 3546 5732; x_wconf 86' lang='lat' dir='ltr'><strong>clericis</strong></span> <span class='ocrx_word' id='word_1_1215' title='bbox 3560 5679 3683 5742; x_wconf 24' lang='lat' dir='ltr'><strong>,suis</strong></span> <span class='ocrx_word' id='word_1_1216' title='bbox 3719 5680 3814 5728; x_wconf 77' lang='lat' dir='ltr'><strong>int-</strong></span> 
     </span>
    </p>
   </div>
   <div class='ocr_carea' id='block_1_156' title="bbox 2230 5738 3816 5810">
    <p class='ocr_par' dir='ltr' id='par_1_156' title="bbox 2230 5738 3816 5810">
     <span class='ocr_line' id='line_1_158' title="bbox 2230 5738 3816 5810; baseline 0.005 -26"><span class='ocrx_word' id='word_1_1217' title='bbox 2230 5738 2440 5810; x_wconf 74' lang='lat' dir='ltr'><strong>mediate</strong></span> <span class='ocrx_word' id='word_1_1218' title='bbox 2462 5738 2735 5810; x_wconf 55' lang='lat' dir='ltr'><strong>praefuisse,</strong></span> <span class='ocrx_word' id='word_1_1219' title='bbox 2755 5738 3070 5810; x_wconf 68' lang='lat' dir='ltr'><strong>ttt_coll_i_gttur</strong></span> <span class='ocrx_word' id='word_1_1220' title='bbox 3092 5754 3156 5810; x_wconf 62' lang='lat' dir='ltr'><strong>ex</strong></span> <span class='ocrx_word' id='word_1_1221' title='bbox 3181 5741 3531 5810; x_wconf 80' lang='lat' dir='ltr'><strong>Possidio_,_cap.</strong></span> <span class='ocrx_word' id='word_1_1222' title='bbox 3557 5741 3633 5806; x_wconf 64' lang='grc' dir='ltr'><strong>Ἦ,</strong></span> <span class='ocrx_word' id='word_1_1223' title='bbox 3661 5747 3711 5792; x_wconf 82' lang='lat' dir='ltr'><strong>et</strong></span> <span class='ocrx_word' id='word_1_1224' title='bbox 3744 5751 3816 5792; x_wconf 71' lang='lat' dir='ltr'><strong>ex</strong></span> 
     </span>
    </p>
   </div>
   <div class='ocr_carea' id='block_1_157' title="bbox 2233 5801 3449 5868">
    <p class='ocr_par' dir='ltr' id='par_1_157' title="bbox 2233 5801 3449 5868">
     <span class='ocr_line' id='line_1_159' title="bbox 2233 5801 3449 5868; baseline 0.004 -16"><span class='ocrx_word' id='word_1_1225' title='bbox 2233 5801 2356 5854; x_wconf 78' lang='lat' dir='ltr'><strong>Actis</strong></span> <span class='ocrx_word' id='word_1_1226' title='bbox 2377 5801 2428 5855; x_wconf 86' lang='lat' dir='ltr'><strong>in</strong></span> <span class='ocrx_word' id='word_1_1227' title='bbox 2449 5801 2783 5865; x_wconf 80' lang='lat' dir='ltr'><strong>designatione</strong></span> <span class='ocrx_word' id='word_1_1228' title='bbox 2806 5801 2988 5866; x_wconf 77' lang='lat' dir='ltr'><strong>Brachi,</strong></span> <span class='ocrx_word' id='word_1_1229' title='bbox 3026 5804 3168 5868; x_wconf 79' lang='lat' dir='ltr'><strong>epist.</strong></span> <span class='ocrx_word' id='word_1_1230' title='bbox 3193 5816 3322 5860; x_wconf 85' lang='lat' dir='ltr'><strong>nunc</strong></span> <span class='ocrx_word' id='word_1_1231' title='bbox 3347 5803 3449 5859; x_wconf 74' lang='lat'><strong>113.</strong></span> 
     </span>
    </p>
   </div>
  </div>
