  <div class='ocr_page' id='page_1' title='image "/cluster/home/n/w/nwhite01/storage/ocr_20150623/40/hvd.32044096580626/631.png"; bbox 0 0 4120 6196; ppageno 0'>
   <div class='ocr_carea' id='block_1_1' title="bbox 166 5549 492 5685">
    <p class='ocr_par' dir='ltr' id='par_1_1' title="bbox 166 5549 492 5685">
     <span class='ocr_line' id='line_1_1' title="bbox 166 5549 492 5685; baseline 0 -16"><span class='ocrx_word' id='word_1_1' title='bbox 166 5549 492 5685; x_wconf 58' lang='lat' dir='ltr'><strong>f1</strong></span> 
     </span>
    </p>
   </div>
   <div class='ocr_carea' id='block_1_2' title="bbox 507 244 645 302">
    <p class='ocr_par' dir='ltr' id='par_1_2' title="bbox 507 244 645 302">
     <span class='ocr_line' id='line_1_2' title="bbox 507 244 645 302; baseline -0.014 0"><span class='ocrx_word' id='word_1_2' title='bbox 507 244 645 302; x_wconf 72' lang='grc'><strong>1247</strong></span> 
     </span>
    </p>
   </div>
   <div class='ocr_carea' id='block_1_3' title="bbox 505 346 2074 443">
    <p class='ocr_par' dir='ltr' id='par_1_3' title="bbox 505 346 2074 443">
     <span class='ocr_line' id='line_1_3' title="bbox 505 346 2074 443; baseline -0.014 -24"><span class='ocrx_word' id='word_1_3' title='bbox 505 375 731 434; x_wconf 78' lang='lat' dir='ltr'><strong>regnum</strong></span> <span class='ocrx_word' id='word_1_4' title='bbox 759 360 985 443; x_wconf 54' lang='lat' dir='ltr'><strong>erigere:</strong></span> <span class='ocrx_word' id='word_1_5' title='bbox 1007 357 1061 443; x_wconf 82' lang='lat'><strong>_0</strong></span> <span class='ocrx_word' id='word_1_6' title='bbox 1091 368 1336 437; x_wconf 85' lang='lat' dir='ltr'><strong>magnum</strong></span> <span class='ocrx_word' id='word_1_7' title='bbox 1364 348 1743 443; x_wconf 68' lang='lat' dir='ltr'><strong>misericordiae</strong></span> <span class='ocrx_word' id='word_1_8' title='bbox 1761 346 2074 443; x_wconf 48' lang='lat' dir='ltr'><strong>‘vineuluiIi&#39;,</strong></span> 
     </span>
    </p>
   </div>
   <div class='ocr_carea' id='block_1_4' title="bbox 545 419 2082 498">
    <p class='ocr_par' dir='ltr' id='par_1_4' title="bbox 545 419 2082 498">
     <span class='ocr_line' id='line_1_4' title="bbox 545 419 2082 498; baseline -0.011 -10"><span class='ocrx_word' id='word_1_9' title='bbox 545 419 617 488; x_wconf 55' lang='lat' dir='ltr'><strong>uuo</strong></span> <span class='ocrx_word' id='word_1_10' title='bbox 646 433 787 487; x_wconf 87' lang='lat' dir='ltr'><strong>Deus</strong></span> <span class='ocrx_word' id='word_1_11' title='bbox 829 419 980 496; x_wconf 70' lang='lat' dir='ltr'><strong>ligari</strong></span> <span class='ocrx_word' id='word_1_12' title='bbox 1007 431 1023 460; x_wconf 71' lang='grc'>⁸</span> <span class='ocrx_word' id='word_1_13' title='bbox 1063 436 1121 498; x_wconf 87' lang='lat' dir='ltr'><strong>et</strong></span> <span class='ocrx_word' id='word_1_14' title='bbox 1144 419 1334 498; x_wconf 74' lang='lat' dir='ltr'><strong>potuit,</strong></span> <span class='ocrx_word' id='word_1_15' title='bbox 1381 432 1436 478; x_wconf 92' lang='lat' dir='ltr'><strong>et</strong></span> <span class='ocrx_word' id='word_1_16' title='bbox 1465 421 1624 476; x_wconf 85' lang='lat' dir='ltr'><strong>homo</strong></span> <span class='ocrx_word' id='word_1_17' title='bbox 1643 420 1844 498; x_wconf 79' lang='lat' dir='ltr'><strong>_ligatus</strong></span> <span class='ocrx_word' id='word_1_18' title='bbox 1872 419 2082 498; x_wconf 81' lang='lat' dir='ltr'><strong>vincula</strong></span> 
     </span>
    </p>
   </div>
   <div class='ocr_carea' id='block_1_5' title="bbox 507 449 2084 570">
    <p class='ocr_par' dir='ltr' id='par_1_5' title="bbox 507 449 2084 570">
     <span class='ocr_line' id='line_1_5' title="bbox 545 449 2082 498; baseline -0.013 -9"><span class='ocrx_word' id='word_1_19' title='bbox 545 449 617 488; x_wconf 83' lang='grc' dir='ltr'>ιιο</span> <span class='ocrx_word' id='word_1_20' title='bbox 648 449 787 487; x_wconf 85' lang='lat' dir='ltr'><strong>ueus</strong></span> <span class='ocrx_word' id='word_1_21' title='bbox 833 449 980 496; x_wconf 65' lang='lat' dir='ltr'><strong>ligat!</strong></span> <span class='ocrx_word' id='word_1_22' title='bbox 1008 449 1023 460; x_wconf 84' lang='grc'><strong>⁸</strong></span> <span class='ocrx_word' id='word_1_23' title='bbox 1063 449 1115 482; x_wconf 63' lang='grc' dir='ltr'>(ιι</span> <span class='ocrx_word' id='word_1_24' title='bbox 1145 449 1334 495; x_wconf 77' lang='grc' dir='ltr'>ρυιυιι,</span> <span class='ocrx_word' id='word_1_25' title='bbox 1381 449 1436 478; x_wconf 65' lang='grc' dir='ltr'>τι</span> <span class='ocrx_word' id='word_1_26' title='bbox 1466 449 1624 476; x_wconf 82' lang='grc' dir='ltr'>υυιιιυ</span> <span class='ocrx_word' id='word_1_27' title='bbox 1655 449 1844 488; x_wconf 62' lang='lat' dir='ltr'><strong>lignum</strong></span> <span class='ocrx_word' id='word_1_28' title='bbox 1879 449 2082 498; x_wconf 58' lang='grc' dir='ltr'>νιιιγυιιι</span> 
     </span>
     <span class='ocr_line' id='line_1_6' title="bbox 507 449 2084 570; baseline -0.011 -11"><span class='ocrx_word' id='word_1_29' title='bbox 507 449 824 570; x_wconf 64' lang='lat' dir='ltr'><strong>gisrumpit!</strong></span> <span class='ocrx_word' id='word_1_30' title='bbox 853 499 896 556; x_wconf 94' lang='lat'>0</span> <span class='ocrx_word' id='word_1_31' title='bbox 921 497 1178 570; x_wconf 84' lang='lat' dir='ltr'><strong>monaebe</strong></span> <span class='ocrx_word' id='word_1_32' title='bbox 1203 537 1218 560; x_wconf 92' lang='lat'><strong>,</strong></span> <span class='ocrx_word' id='word_1_33' title='bbox 1251 495 1294 549; x_wconf 90' lang='lat' dir='ltr'><strong>si</strong></span> <span class='ocrx_word' id='word_1_34' title='bbox 1339 505 1478 548; x_wconf 83' lang='lat' dir='ltr'><strong>luam</strong></span> <span class='ocrx_word' id='word_1_35' title='bbox 1501 489 1887 570; x_wconf 75' lang='lat' dir='ltr'><strong>considerares</strong></span> <span class='ocrx_word' id='word_1_36' title='bbox 1919 502 2084 568; x_wconf 72' lang='lat' dir='ltr'><strong>[mse-</strong></span> 
     </span>
    </p>
   </div>
   <div class='ocr_carea' id='block_1_6' title="bbox 506 563 2082 639">
    <p class='ocr_par' dir='ltr' id='par_1_6' title="bbox 506 563 2082 639">
     <span class='ocr_line' id='line_1_7' title="bbox 506 563 2082 639; baseline -0.011 -11"><span class='ocrx_word' id='word_1_37' title='bbox 506 574 639 629; x_wconf 91' lang='lat' dir='ltr'><strong>riam</strong></span> <span class='ocrx_word' id='word_1_38' title='bbox 661 615 674 635; x_wconf 90' lang='lat'><strong>,</strong></span> <span class='ocrx_word' id='word_1_39' title='bbox 708 563 760 626; x_wconf 82' lang='lat' dir='ltr'><strong>in</strong></span> <span class='ocrx_word' id='word_1_40' title='bbox 795 585 956 639; x_wconf 88' lang='lat' dir='ltr'><strong>opere</strong></span> <span class='ocrx_word' id='word_1_41' title='bbox 984 569 1075 622; x_wconf 89' lang='lat' dir='ltr'><strong>Dei</strong></span> <span class='ocrx_word' id='word_1_42' title='bbox 1111 581 1233 639; x_wconf 83' lang='lat' dir='ltr'><strong>erga</strong></span> <span class='ocrx_word' id='word_1_43' title='bbox 1274 574 1324 620; x_wconf 91' lang='lat' dir='ltr'><strong>te</strong></span> <span class='ocrx_word' id='word_1_44' title='bbox 1354 563 1766 639; x_wconf 80' lang='lat' dir='ltr'><strong>non_inve_nires</strong></span> <span class='ocrx_word' id='word_1_45' title='bbox 1790 563 1890 611; x_wconf 86' lang='lat' dir='ltr'><strong>nisi</strong></span> <span class='ocrx_word' id='word_1_46' title='bbox 1920 563 2082 639; x_wconf 69' lang='lat' dir='ltr'><strong>mise-</strong></span> 
     </span>
    </p>
   </div>
   <div class='ocr_carea' id='block_1_7' title="bbox 506 627 2078 710">
    <p class='ocr_par' dir='ltr' id='par_1_7' title="bbox 506 627 2078 710">
     <span class='ocr_line' id='line_1_8' title="bbox 506 627 2078 710; baseline -0.011 -12"><span class='ocrx_word' id='word_1_47' title='bbox 506 627 807 710; x_wconf 79' lang='lat' dir='ltr'><strong>ricordiam.</strong></span> <span class='ocrx_word' id='word_1_48' title='bbox 833 627 1208 710; x_wconf 64' lang='lat' dir='ltr'><strong>Misericordia</strong></span> <span class='ocrx_word' id='word_1_49' title='bbox 1236 644 1338 710; x_wconf 83' lang='lat' dir='ltr'><strong>_est</strong></span> <span class='ocrx_word' id='word_1_50' title='bbox 1381 633 1423 688; x_wconf 90' lang='lat' dir='ltr'><strong>si</strong></span> <span class='ocrx_word' id='word_1_51' title='bbox 1446 631 1680 710; x_wconf 54' lang='lat' dir='ltr'><strong>ﬂagellat</strong></span> <span class='ocrx_word' id='word_1_52' title='bbox 1712 627 2078 710; x_wconf 82' lang='lat' dir='ltr'><strong>ut_emendet,</strong></span> 
     </span>
    </p>
   </div>
   <div class='ocr_carea' id='block_1_8' title="bbox 507 697 2084 780">
    <p class='ocr_par' dir='ltr' id='par_1_8' title="bbox 507 697 2084 780">
     <span class='ocr_line' id='line_1_9' title="bbox 507 697 2084 780; baseline -0.01 -13"><span class='ocrx_word' id='word_1_53' title='bbox 507 697 552 767; x_wconf 82' lang='lat' dir='ltr'><strong>si</strong></span> <span class='ocrx_word' id='word_1_54' title='bbox 582 705 612 765; x_wconf 69' lang='grc' dir='ltr'>ει</span> <span class='ocrx_word' id='word_1_55' title='bbox 650 717 864 780; x_wconf 85' lang='lat' dir='ltr'><strong>peccato</strong></span> <span class='ocrx_word' id='word_1_56' title='bbox 895 723 989 778; x_wconf 91' lang='lat' dir='ltr'><strong>per</strong></span> <span class='ocrx_word' id='word_1_57' title='bbox 1019 697 1671 780; x_wconf 39' lang='lat' dir='ltr'><strong>tribulationem_l_ibérat.,</strong></span> <span class='ocrx_word' id='word_1_58' title='bbox 1704 699 1749 752; x_wconf 90' lang='lat' dir='ltr'><strong>si</strong></span> <span class='ocrx_word' id='word_1_59' title='bbox 1779 697 2084 780; x_wconf 64' lang='lat' dir='ltr'><strong>liypncritas</strong></span> 
     </span>
    </p>
   </div>
   <div class='ocr_carea' id='block_1_9' title="bbox 506 768 2084 851">
    <p class='ocr_par' dir='ltr' id='par_1_9' title="bbox 506 768 2084 851">
     <span class='ocr_line' id='line_1_10' title="bbox 506 768 2084 851; baseline -0.009 -15"><span class='ocrx_word' id='word_1_60' title='bbox 506 791 561 836; x_wconf 89' lang='lat' dir='ltr'><strong>et</strong></span> <span class='ocrx_word' id='word_1_61' title='bbox 594 768 846 851; x_wconf 69' lang='lat' dir='ltr'><strong>tyrannos</strong></span> <span class='ocrx_word' id='word_1_62' title='bbox 869 768 1091 851; x_wconf 73' lang='lat' dir='ltr'><strong>regnare</strong></span> <span class='ocrx_word' id='word_1_63' title='bbox 1118 776 1392 851; x_wconf 86' lang='lat' dir='ltr'><strong>permittit.</strong></span> <span class='ocrx_word' id='word_1_64' title='bbox 1425 772 1549 851; x_wconf 69' lang='lat' dir='ltr'><strong>llaec</strong></span> <span class='ocrx_word' id='word_1_65' title='bbox 1569 771 1708 851; x_wconf 80' lang='lat' dir='ltr'><strong>enim</strong></span> <span class='ocrx_word' id='word_1_66' title='bbox 1737 768 1912 851; x_wconf 84' lang='lat' dir='ltr'><strong>omnia</strong></span> <span class='ocrx_word' id='word_1_67' title='bbox 1946 768 2084 822; x_wconf 88' lang='lat' dir='ltr'><strong>Deus</strong></span> 
     </span>
    </p>
   </div>
   <div class='ocr_carea' id='block_1_10' title="bbox 506 842 2082 920">
    <p class='ocr_par' dir='ltr' id='par_1_10' title="bbox 506 842 2082 920">
     <span class='ocr_line' id='line_1_11' title="bbox 506 842 2082 920; baseline -0.01 -15"><span class='ocrx_word' id='word_1_68' title='bbox 506 842 632 905; x_wconf 65' lang='lat' dir='ltr'><strong>cum&#39;</strong></span> <span class='ocrx_word' id='word_1_69' title='bbox 656 842 1014 920; x_wconf 73' lang='lat' dir='ltr'><strong>misericordia</strong></span> <span class='ocrx_word' id='word_1_70' title='bbox 1047 842 1190 911; x_wconf 81' lang='lat' dir='ltr'><strong>facit,</strong></span> <span class='ocrx_word' id='word_1_71' title='bbox 1221 845 1438 920; x_wconf 87' lang='lat' dir='ltr'><strong>cupiens</strong></span> <span class='ocrx_word' id='word_1_72' title='bbox 1463 842 1616 897; x_wconf 89' lang='lat' dir='ltr'><strong>nobis</strong></span> <span class='ocrx_word' id='word_1_73' title='bbox 1645 842 1802 920; x_wconf 69' lang='lat' dir='ltr'><strong>vitam</strong></span> <span class='ocrx_word' id='word_1_74' title='bbox 1829 847 2082 920; x_wconf 64' lang='lat' dir='ltr'><strong>atternarn</strong></span> 
     </span>
    </p>
   </div>
   <div class='ocr_carea' id='block_1_11' title="bbox 505 910 2082 992">
    <p class='ocr_par' dir='ltr' id='par_1_11' title="bbox 505 910 2082 992">
     <span class='ocr_line' id='line_1_12' title="bbox 505 910 2082 992; baseline -0.009 -16"><span class='ocrx_word' id='word_1_75' title='bbox 505 921 726 976; x_wconf 88' lang='lat' dir='ltr'><strong>donare.</strong></span> <span class='ocrx_word' id='word_1_76' title='bbox 769 919 1042 992; x_wconf 78' lang='lat' dir='ltr'><strong>Attendite</strong></span> <span class='ocrx_word' id='word_1_77' title='bbox 1079 933 1240 992; x_wconf 80' lang='lat' dir='ltr'><strong>ergo,</strong></span> <span class='ocrx_word' id='word_1_78' title='bbox 1283 910 1508 992; x_wconf 79' lang='lat' dir='ltr'><strong>fratres,</strong></span> <span class='ocrx_word' id='word_1_79' title='bbox 1554 910 1814 992; x_wconf 72' lang='lat' dir='ltr'><strong>attendite</strong></span> <span class='ocrx_word' id='word_1_80' title='bbox 1841 928 1852 962; x_wconf 93' lang='lat'>:</span> <span class='ocrx_word' id='word_1_81' title='bbox 1879 924 1999 992; x_wconf 71' lang='lat' dir='ltr'><strong>nam</strong></span> <span class='ocrx_word' id='word_1_82' title='bbox 2031 910 2082 992; x_wconf 86' lang='lat' dir='ltr'><strong>iu</strong></span> 
     </span>
    </p>
   </div>
   <div class='ocr_carea' id='block_1_12' title="bbox 505 977 2085 1074">
    <p class='ocr_par' dir='ltr' id='par_1_12' title="bbox 505 977 2085 1074">
     <span class='ocr_line' id='line_1_13' title="bbox 505 977 2085 1074; baseline -0.009 -29"><span class='ocrx_word' id='word_1_83' title='bbox 505 1000 720 1074; x_wconf 74' lang='lat' dir='ltr'><strong>pastore</strong></span> <span class='ocrx_word' id='word_1_84' title='bbox 747 990 827 1074; x_wconf 65' lang='lat' dir='ltr'><strong>vel</strong></span> <span class='ocrx_word' id='word_1_85' title='bbox 864 977 1266 1074; x_wconf 48' lang='lat' dir='ltr'><strong>judice‘debcnt</strong></span> <span class='ocrx_word' id='word_1_86' title='bbox 1293 1000 1410 1066; x_wconf 80' lang='lat' dir='ltr'><strong>esse</strong></span> <span class='ocrx_word' id='word_1_87' title='bbox 1443 977 2002 1074; x_wconf 35' lang='lat' dir='ltr'><strong>simulnmijseuicordia</strong></span> 
     </span>
    </p>
   </div>
   <div class='ocr_carea' id='block_1_13' title="bbox 504 1049 2086 1132">
    <p class='ocr_par' dir='ltr' id='par_1_13' title="bbox 504 1049 2086 1132">
     <span class='ocr_line' id='line_1_14' title="bbox 504 1049 2086 1132; baseline -0.006 -19"><span class='ocrx_word' id='word_1_88' title='bbox 504 1049 728 1132; x_wconf 79' lang='lat' dir='ltr'><strong>justitia.</strong></span> <span class='ocrx_word' id='word_1_89' title='bbox 759 1049 1114 1132; x_wconf 66' lang='lat' dir='ltr'><strong>Misericordia</strong></span> <span class='ocrx_word' id='word_1_90' title='bbox 1145 1057 1284 1132; x_wconf 85' lang='lat' dir='ltr'><strong>enim</strong></span> <span class='ocrx_word' id='word_1_91' title='bbox 1314 1056 1431 1132; x_wconf 69' lang='lat' dir='ltr'><strong>sine</strong></span> <span class='ocrx_word' id='word_1_92' title='bbox 1457 1051 1659 1132; x_wconf 80' lang='lat' dir='ltr'><strong>justitia</strong></span> <span class='ocrx_word' id='word_1_93' title='bbox 1689 1049 1999 1131; x_wconf 77' lang='lat' dir='ltr'><strong>destruitur,</strong></span> <span class='ocrx_word' id='word_1_94' title='bbox 2031 1058 2086 1131; x_wconf 82' lang='lat' dir='ltr'><strong>et</strong></span> 
     </span>
    </p>
   </div>
   <div class='ocr_carea' id='block_1_14' title="bbox 507 1125 2082 1201">
    <p class='ocr_par' dir='ltr' id='par_1_14' title="bbox 507 1125 2082 1201">
     <span class='ocr_line' id='line_1_15' title="bbox 507 1125 2082 1201; baseline -0.008 -16"><span class='ocrx_word' id='word_1_95' title='bbox 507 1125 561 1185; x_wconf 87' lang='lat' dir='ltr'><strong>in</strong></span> <span class='ocrx_word' id='word_1_96' title='bbox 593 1130 962 1201; x_wconf 73' lang='lat' dir='ltr'><strong>crudelitatem</strong></span> <span class='ocrx_word' id='word_1_97' title='bbox 990 1128 1335 1183; x_wconf 73' lang='lat' dir='ltr'><strong>convertitur.</strong></span> <span class='ocrx_word' id='word_1_98' title='bbox 1386 1125 1694 1201; x_wconf 58' lang='lat' dir='ltr'><strong>Et_jitstitia</strong></span> <span class='ocrx_word' id='word_1_99' title='bbox 1727 1125 2082 1201; x_wconf 60' lang='lat' dir='ltr'><strong>summiseri-</strong></span> 
     </span>
    </p>
   </div>
   <div class='ocr_carea' id='block_1_15' title="bbox 507 1189 2084 1272">
    <p class='ocr_par' dir='ltr' id='par_1_15' title="bbox 507 1189 2084 1272">
     <span class='ocr_line' id='line_1_16' title="bbox 507 1189 2084 1272; baseline -0.007 -17"><span class='ocrx_word' id='word_1_100' title='bbox 507 1201 689 1272; x_wconf 85' lang='lat' dir='ltr'><strong>cordia</strong></span> <span class='ocrx_word' id='word_1_101' title='bbox 714 1199 967 1272; x_wconf 86' lang='lat' dir='ltr'><strong>numquid</strong></span> <span class='ocrx_word' id='word_1_102' title='bbox 989 1206 1202 1272; x_wconf 80' lang='lat' dir='ltr'><strong>accepta</strong></span> <span class='ocrx_word' id='word_1_103' title='bbox 1229 1205 1312 1252; x_wconf 91' lang='lat' dir='ltr'><strong>est</strong></span> <span class='ocrx_word' id='word_1_104' title='bbox 1334 1194 1474 1272; x_wconf 88' lang='lat' dir='ltr'><strong>apud</strong></span> <span class='ocrx_word' id='word_1_105' title='bbox 1490 1189 1695 1272; x_wconf 90' lang='lat' dir='ltr'><strong>Deum?</strong></span> <span class='ocrx_word' id='word_1_106' title='bbox 1721 1191 1895 1272; x_wconf 81' lang='lat' dir='ltr'><strong>_Absit.</strong></span> <span class='ocrx_word' id='word_1_107' title='bbox 1918 1189 2084 1272; x_wconf 72' lang='lat' dir='ltr'><strong>Justis</strong></span> 
     </span>
    </p>
   </div>
   <div class='ocr_carea' id='block_1_16' title="bbox 505 1258 2080 1342">
    <p class='ocr_par' dir='ltr' id='par_1_16' title="bbox 505 1258 2080 1342">
     <span class='ocr_line' id='line_1_17' title="bbox 505 1258 2080 1342; baseline -0.01 -17"><span class='ocrx_word' id='word_1_108' title='bbox 505 1271 740 1342; x_wconf 83' lang='lat' dir='ltr'><strong>enimet</strong></span> <span class='ocrx_word' id='word_1_109' title='bbox 770 1258 1018 1342; x_wconf 78' lang='lat' dir='ltr'><strong>injustis,</strong></span> <span class='ocrx_word' id='word_1_110' title='bbox 1067 1258 1235 1342; x_wconf 78' lang='lat' dir='ltr'><strong>beatis</strong></span> <span class='ocrx_word' id='word_1_111' title='bbox 1257 1275 1330 1342; x_wconf 88' lang='lat' dir='ltr'><strong>_et</strong></span> <span class='ocrx_word' id='word_1_112' title='bbox 1368 1258 1634 1342; x_wconf 73' lang='lat' dir='ltr'><strong>damnatis</strong></span> <span class='ocrx_word' id='word_1_113' title='bbox 1664 1258 2080 1342; x_wconf 68' lang='lat' dir='ltr'><strong>misericordiam</strong></span> 
     </span>
    </p>
   </div>
   <div class='ocr_carea' id='block_1_17' title="bbox 509 1327 2083 1410">
    <p class='ocr_par' dir='ltr' id='par_1_17' title="bbox 509 1327 2083 1410">
     <span class='ocr_line' id='line_1_18' title="bbox 509 1327 2083 1410; baseline -0.008 -14"><span class='ocrx_word' id='word_1_114' title='bbox 509 1355 631 1396; x_wconf 91' lang='lat' dir='ltr'><strong>cum</strong></span> <span class='ocrx_word' id='word_1_115' title='bbox 654 1327 853 1410; x_wconf 74' lang='lat' dir='ltr'><strong>justitia</strong></span> <span class='ocrx_word' id='word_1_116' title='bbox 880 1327 1091 1408; x_wconf 82' lang='lat' dir='ltr'><strong>semper</strong></span> <span class='ocrx_word' id='word_1_117' title='bbox 1114 1339 1222 1409; x_wconf 87' lang='lat' dir='ltr'><strong>agit</strong></span> <span class='ocrx_word' id='word_1_118' title='bbox 1249 1336 1596 1410; x_wconf 72' lang='lat' dir='ltr'><strong>Omnipotens</strong></span> <span class='ocrx_word' id='word_1_119' title='bbox 1621 1349 1632 1384; x_wconf 92' lang='lat'><strong>:</strong></span> <span class='ocrx_word' id='word_1_120' title='bbox 1656 1331 1778 1410; x_wconf 76' lang='lat' dir='ltr'><strong>quia</strong></span> <span class='ocrx_word' id='word_1_121' title='bbox 1804 1329 1972 1386; x_wconf 87' lang='lat' dir='ltr'><strong>beatis</strong></span> <span class='ocrx_word' id='word_1_122' title='bbox 1992 1327 2083 1384; x_wconf 91' lang='lat' dir='ltr'><strong>dat</strong></span> 
     </span>
    </p>
   </div>
   <div class='ocr_carea' id='block_1_18' title="bbox 505 1401 2084 1482">
    <p class='ocr_par' dir='ltr' id='par_1_18' title="bbox 505 1401 2084 1482">
     <span class='ocr_line' id='line_1_19' title="bbox 505 1401 2084 1482; baseline -0.007 -18"><span class='ocrx_word' id='word_1_123' title='bbox 505 1401 727 1482; x_wconf 76' lang='lat' dir='ltr'><strong>gloriam</strong></span> <span class='ocrx_word' id='word_1_124' title='bbox 747 1453 763 1477; x_wconf 91' lang='lat'><strong>,</strong></span> <span class='ocrx_word' id='word_1_125' title='bbox 808 1425 966 1482; x_wconf 84' lang='lat' dir='ltr'><strong>quam</strong></span> <span class='ocrx_word' id='word_1_126' title='bbox 995 1401 1098 1464; x_wconf 79' lang='lat' dir='ltr'><strong>non</strong></span> <span class='ocrx_word' id='word_1_127' title='bbox 1129 1401 1626 1482; x_wconf 55' lang='lat' dir='ltr'><strong>merentur&#39;babere</strong></span> <span class='ocrx_word' id='word_1_128' title='bbox 1663 1401 2084 1482; x_wconf 85' lang='lat' dir='ltr'><strong>quibuscumque</strong></span> 
     </span>
    </p>
   </div>
   <div class='ocr_carea' id='block_1_19' title="bbox 503 1477 2080 1553">
    <p class='ocr_par' dir='ltr' id='par_1_19' title="bbox 503 1477 2080 1553">
     <span class='ocr_line' id='line_1_20' title="bbox 503 1477 2080 1553; baseline -0.009 -17"><span class='ocrx_word' id='word_1_129' title='bbox 503 1480 659 1536; x_wconf 86' lang='lat' dir='ltr'><strong>bonis</strong></span> <span class='ocrx_word' id='word_1_130' title='bbox 685 1477 1012 1553; x_wconf 68' lang='lat' dir='ltr'><strong>commissis;</strong></span> <span class='ocrx_word' id='word_1_131' title='bbox 1045 1487 1097 1553; x_wconf 87' lang='lat' dir='ltr'><strong>et</strong></span> <span class='ocrx_word' id='word_1_132' title='bbox 1123 1477 1277 1553; x_wconf 76' lang='lat' dir='ltr'><strong>malis</strong></span> <span class='ocrx_word' id='word_1_133' title='bbox 1303 1477 1394 1532; x_wconf 91' lang='lat' dir='ltr'><strong>dat</strong></span> <span class='ocrx_word' id='word_1_134' title='bbox 1423 1489 1633 1553; x_wconf 79' lang='lat' dir='ltr'><strong>poenam</strong></span> <span class='ocrx_word' id='word_1_135' title='bbox 1657 1512 1673 1539; x_wconf 88' lang='lat'><strong>,</strong></span> <span class='ocrx_word' id='word_1_136' title='bbox 1711 1485 1878 1553; x_wconf 74' lang='lat' dir='ltr'><strong>quam</strong></span> <span class='ocrx_word' id='word_1_137' title='bbox 1899 1477 2080 1553; x_wconf 50' lang='lat' dir='ltr'><strong>&#39;majo-</strong></span> 
     </span>
    </p>
   </div>
   <div class='ocr_carea' id='block_1_20' title="bbox 504 1540 2081 1606">
    <p class='ocr_par' dir='ltr' id='par_1_20' title="bbox 504 1540 2081 1606">
     <span class='ocr_line' id='line_1_21' title="bbox 504 1540 2081 1606; baseline -0.006 -1"><span class='ocrx_word' id='word_1_138' title='bbox 504 1565 620 1605; x_wconf 88' lang='lat' dir='ltr'><strong>rem</strong></span> <span class='ocrx_word' id='word_1_139' title='bbox 666 1560 939 1606; x_wconf 87' lang='lat' dir='ltr'><strong>merentur</strong></span> <span class='ocrx_word' id='word_1_140' title='bbox 984 1540 1182 1604; x_wconf 80' lang='lat' dir='ltr'><strong>habere</strong></span> <span class='ocrx_word' id='word_1_141' title='bbox 1224 1547 1292 1604; x_wconf 91' lang='lat' dir='ltr'><strong>de</strong></span> <span class='ocrx_word' id='word_1_142' title='bbox 1337 1540 1491 1601; x_wconf 84' lang='lat' dir='ltr'><strong>malis</strong></span> <span class='ocrx_word' id='word_1_143' title='bbox 1532 1540 1849 1599; x_wconf 83' lang='lat' dir='ltr'><strong>commissis.</strong></span> <span class='ocrx_word' id='word_1_144' title='bbox 1898 1540 2081 1595; x_wconf 76' lang='lat' dir='ltr'><strong>Estote</strong></span> 
     </span>
    </p>
   </div>
   <div class='ocr_carea' id='block_1_21' title="bbox 505 1611 2085 1691">
    <p class='ocr_par' dir='ltr' id='par_1_21' title="bbox 505 1611 2085 1691">
     <span class='ocr_line' id='line_1_22' title="bbox 505 1611 2085 1691; baseline -0.006 -16"><span class='ocrx_word' id='word_1_145' title='bbox 505 1635 634 1691; x_wconf 88' lang='lat' dir='ltr'><strong>ergo</strong></span> <span class='ocrx_word' id='word_1_146' title='bbox 655 1662 668 1684; x_wconf 90' lang='lat'><strong>,</strong></span> <span class='ocrx_word' id='word_1_147' title='bbox 717 1619 908 1674; x_wconf 85' lang='lat' dir='ltr'><strong>fratres</strong></span> <span class='ocrx_word' id='word_1_148' title='bbox 935 1619 1068 1691; x_wconf 87' lang='lat' dir='ltr'><strong>mei,</strong></span> <span class='ocrx_word' id='word_1_149' title='bbox 1111 1616 1513 1691; x_wconf 73' lang='lat' dir='ltr'><strong>misericordes,</strong></span> <span class='ocrx_word' id='word_1_150' title='bbox 1547 1613 1681 1668; x_wconf 87' lang='lat' dir='ltr'><strong>sicut</strong></span> <span class='ocrx_word' id='word_1_151' title='bbox 1716 1611 1871 1691; x_wconf 82' lang='lat' dir='ltr'><strong>Pater</strong></span> <span class='ocrx_word' id='word_1_152' title='bbox 1907 1619 2085 1666; x_wconf 81' lang='lat' dir='ltr'><strong>vester</strong></span> 
     </span>
    </p>
   </div>
   <div class='ocr_carea' id='block_1_22' title="bbox 505 1685 2084 1752">
    <p class='ocr_par' dir='ltr' id='par_1_22' title="bbox 505 1685 2084 1752">
     <span class='ocr_line' id='line_1_23' title="bbox 505 1685 2084 1752; baseline -0.008 -7"><span class='ocrx_word' id='word_1_153' title='bbox 505 1685 812 1746; x_wconf 71' lang='lat' dir='ltr'><strong>misericors</strong></span> <span class='ocrx_word' id='word_1_154' title='bbox 842 1698 942 1746; x_wconf 90' lang='lat' dir='ltr'><strong>est.</strong></span> <span class='ocrx_word' id='word_1_155' title='bbox 974 1690 1158 1745; x_wconf 90' lang='lat' dir='ltr'><strong>Estote</strong></span> <span class='ocrx_word' id='word_1_156' title='bbox 1187 1685 1578 1748; x_wconf 89' lang='lat' dir='ltr'><strong>misericordes,</strong></span> <span class='ocrx_word' id='word_1_157' title='bbox 1607 1689 1893 1752; x_wconf 87' lang='lat' dir='ltr'><strong>pensantes</strong></span> <span class='ocrx_word' id='word_1_158' title='bbox 1918 1695 2084 1752; x_wconf 83' lang='lat' dir='ltr'><strong>quan-</strong></span> 
     </span>
    </p>
   </div>
   <div class='ocr_carea' id='block_1_23' title="bbox 506 1751 2079 1834">
    <p class='ocr_par' dir='ltr' id='par_1_23' title="bbox 506 1751 2079 1834">
     <span class='ocr_line' id='line_1_24' title="bbox 506 1751 2079 1834; baseline -0.008 -20"><span class='ocrx_word' id='word_1_159' title='bbox 506 1767 619 1814; x_wconf 89' lang='lat' dir='ltr'><strong>tum</strong></span> <span class='ocrx_word' id='word_1_160' title='bbox 648 1761 855 1834; x_wconf 84' lang='lat' dir='ltr'><strong>Moyses</strong></span> <span class='ocrx_word' id='word_1_161' title='bbox 870 1761 934 1834; x_wconf 88' lang='lat' dir='ltr'><strong>in</strong></span> <span class='ocrx_word' id='word_1_162' title='bbox 962 1758 1334 1834; x_wconf 34' lang='lat' dir='ltr'><strong>misericurdia.</strong></span> <span class='ocrx_word' id='word_1_163' title='bbox 1356 1756 1533 1834; x_wconf 76' lang='lat' dir='ltr'><strong>floruit</strong></span> <span class='ocrx_word' id='word_1_164' title='bbox 1562 1751 1777 1834; x_wconf 77' lang='lat' dir='ltr'><strong>propter</strong></span> <span class='ocrx_word' id='word_1_165' title='bbox 1803 1751 2079 1834; x_wconf 84' lang='lat' dir='ltr'><strong>populum,</strong></span> 
     </span>
    </p>
   </div>
   <div class='ocr_carea' id='block_1_24' title="bbox 504 1825 2083 1912">
    <p class='ocr_par' dir='ltr' id='par_1_24' title="bbox 504 1825 2083 1912">
     <span class='ocr_line' id='line_1_25' title="bbox 504 1825 2083 1912; baseline -0.007 -27"><span class='ocrx_word' id='word_1_166' title='bbox 504 1845 604 1912; x_wconf 88' lang='lat' dir='ltr'><strong>pro</strong></span> <span class='ocrx_word' id='word_1_167' title='bbox 628 1825 981 1912; x_wconf 80' lang='lat' dir='ltr'><strong>cujus_salute</strong></span> <span class='ocrx_word' id='word_1_168' title='bbox 991 1830 1148 1912; x_wconf 77' lang='lat' dir='ltr'><strong>petiit</strong></span> <span class='ocrx_word' id='word_1_169' title='bbox 1161 1828 1338 1911; x_wconf 40' lang='lat' dir='ltr'><strong>.deleri</strong></span> <span class='ocrx_word' id='word_1_170' title='bbox 1357 1827 1426 1912; x_wconf 84' lang='lat' dir='ltr'><strong>de</strong></span> <span class='ocrx_word' id='word_1_171' title='bbox 1440 1825 1602 1912; x_wconf 33' lang='lat' dir='ltr'><strong>llibro’</strong></span> <span class='ocrx_word' id='word_1_172' title='bbox 1748 1830 2083 1912; x_wconf 39' lang='lat' dir='ltr'><strong>ietzquautp</strong></span> 
     </span>
    </p>
   </div>
   <div class='ocr_carea' id='block_1_25' title="bbox 502 1896 2083 1966">
    <p class='ocr_par' dir='ltr' id='par_1_25' title="bbox 502 1896 2083 1966">
     <span class='ocr_line' id='line_1_26' title="bbox 502 1896 2083 1966; baseline -0.006 -12"><span class='ocrx_word' id='word_1_173' title='bbox 502 1896 707 1955; x_wconf 59' lang='lat' dir='ltr'><strong>iterum&#39;</strong></span> <span class='ocrx_word' id='word_1_174' title='bbox 727 1902 840 1956; x_wconf 84' lang='lat' dir='ltr'><strong>zelo</strong></span> <span class='ocrx_word' id='word_1_175' title='bbox 871 1896 1228 1966; x_wconf 84' lang='lat' dir='ltr'><strong>rectitudinis,</strong></span> <span class='ocrx_word' id='word_1_176' title='bbox 1257 1913 1376 1953; x_wconf 93' lang='lat' dir='ltr'><strong>cum</strong></span> <span class='ocrx_word' id='word_1_177' title='bbox 1403 1896 1719 1951; x_wconf 91' lang='lat' dir='ltr'><strong>obtinuisset</strong></span> <span class='ocrx_word' id='word_1_178' title='bbox 1748 1896 1978 1956; x_wconf 84' lang='lat' dir='ltr'><strong>veniam,</strong></span> <span class='ocrx_word' id='word_1_179' title='bbox 2009 1896 2083 1945; x_wconf 90' lang='lat' dir='ltr'><strong>ait</strong></span> 
     </span>
    </p>
   </div>
   <div class='ocr_carea' id='block_1_26' title="bbox 503 1966 2084 2043">
    <p class='ocr_par' dir='ltr' id='par_1_26' title="bbox 503 1966 2084 2043">
     <span class='ocr_line' id='line_1_27' title="bbox 503 1966 2084 2043; baseline -0.009 -16"><span class='ocrx_word' id='word_1_180' title='bbox 503 1970 579 2043; x_wconf 60' lang='lat' dir='ltr'><strong>uti</strong></span> <span class='ocrx_word' id='word_1_181' title='bbox 617 1972 887 2043; x_wconf 84' lang='lat' dir='ltr'><strong>populum,</strong></span> <span class='ocrx_word' id='word_1_182' title='bbox 936 1970 1222 2043; x_wconf 57' lang='lat' dir='ltr'><strong>PonaLvir</strong></span> <span class='ocrx_word' id='word_1_183' title='bbox 1265 1968 1491 2043; x_wconf 71' lang='lat' dir='ltr'><strong>glqdium</strong></span> <span class='ocrx_word' id='word_1_184' title='bbox 1533 1966 1888 2043; x_wconf 41' lang='lat' dir='ltr'><strong>super-femur</strong></span> <span class='ocrx_word' id='word_1_185' title='bbox 1933 1977 2084 2014; x_wconf 84' lang='lat' dir='ltr'><strong>suum</strong></span> 
     </span>
    </p>
   </div>
   <div class='ocr_carea' id='block_1_27' title="bbox 504 2038 2082 2112">
    <p class='ocr_par' dir='ltr' id='par_1_27' title="bbox 504 2038 2082 2112">
     <span class='ocr_line' id='line_1_28' title="bbox 504 2038 2082 2112; baseline -0.006 -19"><span class='ocrx_word' id='word_1_186' title='bbox 504 2038 703 2109; x_wconf 75' lang='lat' dir='ltr'><strong>(Ea:de</strong></span> <span class='ocrx_word' id='word_1_187' title='bbox 743 2041 1062 2112; x_wconf 44' lang='lat'><strong>“311927).</strong></span> <span class='ocrx_word' id='word_1_188' title='bbox 1091 2039 1231 2093; x_wconf 87' lang='lat' dir='ltr'><strong>Ecce</strong></span> <span class='ocrx_word' id='word_1_189' title='bbox 1256 2039 1344 2112; x_wconf 86' lang='lat' dir='ltr'><strong>qui</strong></span> <span class='ocrx_word' id='word_1_190' title='bbox 1371 2038 1808 2112; x_wconf 79' lang='lat' dir='ltr'><strong>vitam__omnium</strong></span> <span class='ocrx_word' id='word_1_191' title='bbox 1839 2045 1961 2112; x_wconf 79' lang='lat' dir='ltr'><strong>eum</strong></span> <span class='ocrx_word' id='word_1_192' title='bbox 1986 2044 2082 2112; x_wconf 87' lang='lat' dir='ltr'><strong>sua</strong></span> 
     </span>
    </p>
   </div>
   <div class='ocr_carea' id='block_1_28' title="bbox 504 2103 2082 2183">
    <p class='ocr_par' dir='ltr' id='par_1_28' title="bbox 504 2103 2082 2183">
     <span class='ocr_line' id='line_1_29' title="bbox 504 2103 2082 2183; baseline -0.006 -18"><span class='ocrx_word' id='word_1_193' title='bbox 504 2103 678 2183; x_wconf 68' lang='lat' dir='ltr'><strong>rnorte</strong></span> <span class='ocrx_word' id='word_1_194' title='bbox 711 2103 904 2183; x_wconf 71' lang='lat' dir='ltr'><strong>petiit,</strong></span> <span class='ocrx_word' id='word_1_195' title='bbox 926 2103 1216 2183; x_wconf 78' lang='lat' dir='ltr'><strong>paucorum</strong></span> <span class='ocrx_word' id='word_1_196' title='bbox 1244 2103 1404 2162; x_wconf 87' lang='lat' dir='ltr'><strong>vitam</strong></span> <span class='ocrx_word' id='word_1_197' title='bbox 1425 2104 1602 2183; x_wconf 75' lang='lat' dir='ltr'><strong>gladio</strong></span> <span class='ocrx_word' id='word_1_198' title='bbox 1631 2103 1906 2183; x_wconf 71' lang='lat' dir='ltr'><strong>destruxit,</strong></span> <span class='ocrx_word' id='word_1_199' title='bbox 1940 2103 2082 2182; x_wconf 89' lang='lat' dir='ltr'><strong>intus</strong></span> 
     </span>
    </p>
   </div>
   <div class='ocr_carea' id='block_1_29' title="bbox 503 2175 2081 2251">
    <p class='ocr_par' dir='ltr' id='par_1_29' title="bbox 503 2175 2081 2251">
     <span class='ocr_line' id='line_1_30' title="bbox 503 2175 2081 2251; baseline -0.006 -18"><span class='ocrx_word' id='word_1_200' title='bbox 503 2179 628 2248; x_wconf 85' lang='lat' dir='ltr'><strong>igne</strong></span> <span class='ocrx_word' id='word_1_201' title='bbox 657 2175 870 2243; x_wconf 82' lang='lat' dir='ltr'><strong>amoris,</strong></span> <span class='ocrx_word' id='word_1_202' title='bbox 901 2175 956 2236; x_wconf 56' lang='lat' dir='ltr'><strong>e&#39;t</strong></span> <span class='ocrx_word' id='word_1_203' title='bbox 982 2179 1114 2251; x_wconf 86' lang='lat' dir='ltr'><strong>foris</strong></span> <span class='ocrx_word' id='word_1_204' title='bbox 1141 2193 1396 2251; x_wconf 87' lang='lat' dir='ltr'><strong>accensus</strong></span> <span class='ocrx_word' id='word_1_205' title='bbox 1422 2175 1536 2230; x_wconf 79' lang='lat' dir='ltr'><strong>zelo</strong></span> <span class='ocrx_word' id='word_1_206' title='bbox 1555 2175 1772 2244; x_wconf 80' lang='lat' dir='ltr'><strong>justitia:</strong></span> <span class='ocrx_word' id='word_1_207' title='bbox 1798 2175 2081 2251; x_wconf 58' lang='lat' dir='ltr'><strong>et__severi-:</strong></span> 
     </span>
    </p>
   </div>
   <div class='ocr_carea' id='block_1_30' title="bbox 505 2239 2082 2320">
    <p class='ocr_par' dir='ltr' id='par_1_30' title="bbox 505 2239 2082 2320">
     <span class='ocr_line' id='line_1_31' title="bbox 505 2239 2082 2320; baseline -0.006 -18"><span class='ocrx_word' id='word_1_208' title='bbox 505 2239 665 2320; x_wconf 65' lang='lat' dir='ltr'><strong>tatis,</strong></span> <span class='ocrx_word' id='word_1_209' title='bbox 709 2239 990 2318; x_wconf 86' lang='lat' dir='ltr'><strong>utrobique</strong></span> <span class='ocrx_word' id='word_1_210' title='bbox 1040 2250 1227 2304; x_wconf 90' lang='lat' dir='ltr'><strong>fortis:</strong></span> <span class='ocrx_word' id='word_1_211' title='bbox 1256 2249 1455 2320; x_wconf 79' lang='lat' dir='ltr'><strong>legatus</strong></span> <span class='ocrx_word' id='word_1_212' title='bbox 1507 2239 1680 2320; x_wconf 75' lang='lat' dir='ltr'><strong>tamen</strong></span> <span class='ocrx_word' id='word_1_213' title='bbox 1718 2240 1894 2320; x_wconf 77' lang='lat' dir='ltr'><strong>populi</strong></span> <span class='ocrx_word' id='word_1_214' title='bbox 1927 2239 2082 2320; x_wconf 63' lang='lat' dir='ltr'><strong>apud</strong></span> 
     </span>
    </p>
   </div>
   <div class='ocr_carea' id='block_1_31' title="bbox 504 2309 2082 2393">
    <p class='ocr_par' dir='ltr' id='par_1_31' title="bbox 504 2309 2082 2393">
     <span class='ocr_line' id='line_1_32' title="bbox 504 2309 2082 2393; baseline -0.006 -19"><span class='ocrx_word' id='word_1_215' title='bbox 504 2309 672 2393; x_wconf 82' lang='lat' dir='ltr'><strong>Deum</strong></span> <span class='ocrx_word' id='word_1_216' title='bbox 711 2309 1076 2393; x_wconf 80' lang='lat' dir='ltr'><strong>precibus,_et</strong></span> <span class='ocrx_word' id='word_1_217' title='bbox 1101 2309 1434 2393; x_wconf 56' lang='lat' dir='ltr'><strong>causam&#39;Dei</strong></span> <span class='ocrx_word' id='word_1_218' title='bbox 1460 2313 1598 2384; x_wconf 90' lang='lat' dir='ltr'><strong>apud</strong></span> <span class='ocrx_word' id='word_1_219' title='bbox 1625 2311 1867 2393; x_wconf 75' lang='lat' dir='ltr'><strong>homines</strong></span> <span class='ocrx_word' id='word_1_220' title='bbox 1894 2309 2082 2393; x_wconf 76' lang='lat' dir='ltr'><strong>gladiis</strong></span> 
     </span>
    </p>
   </div>
   <div class='ocr_carea' id='block_1_32' title="bbox 505 2387 2082 2460">
    <p class='ocr_par' dir='ltr' id='par_1_32' title="bbox 505 2387 2082 2460">
     <span class='ocr_line' id='line_1_33' title="bbox 505 2387 2082 2460; baseline -0.004 -18"><span class='ocrx_word' id='word_1_221' title='bbox 505 2387 892 2444; x_wconf 81' lang='lat' dir='ltr'><strong>admonéndam</strong></span> <span class='ocrx_word' id='word_1_222' title='bbox 946 2390 1210 2460; x_wconf 78' lang='lat' dir='ltr'><strong>allegavit.</strong></span> <span class='ocrx_word' id='word_1_223' title='bbox 1266 2387 1582 2460; x_wconf 81' lang='lat' dir='ltr'><strong>Studeamus</strong></span> <span class='ocrx_word' id='word_1_224' title='bbox 1642 2387 2082 2460; x_wconf 47' lang='lat' dir='ltr'><strong>igiturAnfratrcs</strong></span> 
     </span>
    </p>
   </div>
   <div class='ocr_carea' id='block_1_33' title="bbox 503 2447 2079 2532">
    <p class='ocr_par' dir='ltr' id='par_1_33' title="bbox 503 2447 2079 2532">
     <span class='ocr_line' id='line_1_34' title="bbox 503 2447 2079 2532; baseline -0.005 -20"><span class='ocrx_word' id='word_1_225' title='bbox 503 2460 629 2532; x_wconf 80' lang='lat' dir='ltr'><strong>mei,</strong></span> <span class='ocrx_word' id='word_1_226' title='bbox 659 2447 1095 2532; x_wconf 67' lang='lat' dir='ltr'><strong>misericordiam,</strong></span> <span class='ocrx_word' id='word_1_227' title='bbox 1116 2459 1252 2532; x_wconf 6' lang='lat' dir='ltr'><strong>udum</strong></span> <span class='ocrx_word' id='word_1_228' title='bbox 1291 2457 1537 2532; x_wconf 82' lang='lat' dir='ltr'><strong>vivimus,</strong></span> <span class='ocrx_word' id='word_1_229' title='bbox 1566 2447 1771 2532; x_wconf 75' lang='lat' dir='ltr'><strong>rapere.</strong></span> <span class='ocrx_word' id='word_1_230' title='bbox 1804 2447 2020 2532; x_wconf 69' lang='lat' dir='ltr'><strong>Qibetur</strong></span> <span class='ocrx_word' id='word_1_231' title='bbox 2048 2464 2079 2504; x_wconf 89' lang='lat' dir='ltr'><strong>a</strong></span> 
     </span>
    </p>
   </div>
   <div class='ocr_carea' id='block_1_34' title="bbox 503 2523 2082 2601">
    <p class='ocr_par' dir='ltr' id='par_1_34' title="bbox 503 2523 2082 2601">
     <span class='ocr_line' id='line_1_35' title="bbox 503 2523 2082 2601; baseline -0.005 -19"><span class='ocrx_word' id='word_1_232' title='bbox 503 2529 658 2601; x_wconf 83' lang='lat' dir='ltr'><strong>nobis</strong></span> <span class='ocrx_word' id='word_1_233' title='bbox 687 2531 928 2585; x_wconf 90' lang='lat' dir='ltr'><strong>esuriens</strong></span> <span class='ocrx_word' id='word_1_234' title='bbox 949 2570 962 2593; x_wconf 90' lang='lat'><strong>,</strong></span> <span class='ocrx_word' id='word_1_235' title='bbox 995 2529 1303 2601; x_wconf 15' lang='lat' dir='ltr'><strong>vestiaturra</strong></span> <span class='ocrx_word' id='word_1_236' title='bbox 1333 2527 1486 2581; x_wconf 91' lang='lat' dir='ltr'><strong>nobis</strong></span> <span class='ocrx_word' id='word_1_237' title='bbox 1515 2523 1707 2585; x_wconf 91' lang='lat' dir='ltr'><strong>nudus,</strong></span> <span class='ocrx_word' id='word_1_238' title='bbox 1740 2523 2082 2601; x_wconf 80' lang='lat' dir='ltr'><strong>re_c_ipiatur_a</strong></span> 
     </span>
    </p>
   </div>
   <div class='ocr_carea' id='block_1_35' title="bbox 504 2591 2080 2672">
    <p class='ocr_par' dir='ltr' id='par_1_35' title="bbox 504 2591 2080 2672">
     <span class='ocr_line' id='line_1_36' title="bbox 504 2591 2080 2672; baseline -0.007 -20"><span class='ocrx_word' id='word_1_239' title='bbox 504 2599 657 2653; x_wconf 90' lang='lat' dir='ltr'><strong>nobis</strong></span> <span class='ocrx_word' id='word_1_240' title='bbox 683 2591 1026 2672; x_wconf 79' lang='lat' dir='ltr'><strong>peregrinus,</strong></span> <span class='ocrx_word' id='word_1_241' title='bbox 1076 2599 1382 2672; x_wconf 81' lang='lat' dir='ltr'><strong>consoletur</strong></span> <span class='ocrx_word' id='word_1_242' title='bbox 1422 2611 1515 2664; x_wconf 90' lang='lat' dir='ltr'><strong>per</strong></span> <span class='ocrx_word' id='word_1_243' title='bbox 1545 2607 1641 2647; x_wconf 92' lang='lat' dir='ltr'><strong>nos</strong></span> <span class='ocrx_word' id='word_1_244' title='bbox 1667 2591 1918 2672; x_wconf 72' lang='lat' dir='ltr'><strong>pupillus,</strong></span> <span class='ocrx_word' id='word_1_245' title='bbox 1949 2591 2080 2672; x_wconf 84' lang='lat' dir='ltr'><strong>visi-</strong></span> 
     </span>
    </p>
   </div>
   <div class='ocr_carea' id='block_1_36' title="bbox 487 2659 2078 2742">
    <p class='ocr_par' dir='ltr' id='par_1_36' title="bbox 487 2659 2078 2742">
     <span class='ocr_line' id='line_1_37' title="bbox 487 2659 2078 2742; baseline -0.007 -20"><span class='ocrx_word' id='word_1_246' title='bbox 487 2676 647 2742; x_wconf 64' lang='lat' dir='ltr'><strong>,tetur</strong></span> <span class='ocrx_word' id='word_1_247' title='bbox 668 2659 879 2742; x_wconf 15' lang='lat' dir='ltr'><strong>ainoblis</strong></span> <span class='ocrx_word' id='word_1_248' title='bbox 910 2659 1149 2725; x_wconf 77' lang='lat' dir='ltr'><strong>infirmus</strong></span> <span class='ocrx_word' id='word_1_249' title='bbox 1169 2711 1196 2742; x_wconf 78' lang='lat'><strong>,_</strong></span> <span class='ocrx_word' id='word_1_250' title='bbox 1211 2659 1494 2742; x_wconf 73' lang='lat' dir='ltr'><strong>sepeliatur</strong></span> <span class='ocrx_word' id='word_1_251' title='bbox 1535 2679 1581 2742; x_wconf 41' lang='lat' dir='ltr'><strong>a.</strong></span> <span class='ocrx_word' id='word_1_252' title='bbox 1602 2659 1755 2742; x_wconf 74' lang='lat' dir='ltr'><strong>nobis</strong></span> <span class='ocrx_word' id='word_1_253' title='bbox 1779 2659 2078 2742; x_wconf 74' lang='lat' dir='ltr'><strong>defunctus.</strong></span> 
     </span>
    </p>
   </div>
   <div class='ocr_carea' id='block_1_37' title="bbox 502 2731 2082 2812">
    <p class='ocr_par' dir='ltr' id='par_1_37' title="bbox 502 2731 2082 2812">
     <span class='ocr_line' id='line_1_38' title="bbox 502 2731 2082 2812; baseline -0.007 -20"><span class='ocrx_word' id='word_1_254' title='bbox 502 2736 614 2812; x_wconf 76' lang='lat' dir='ltr'><strong>ista</strong></span> <span class='ocrx_word' id='word_1_255' title='bbox 633 2741 773 2812; x_wconf 81' lang='lat' dir='ltr'><strong>enirn</strong></span> <span class='ocrx_word' id='word_1_256' title='bbox 795 2749 918 2794; x_wconf 91' lang='lat' dir='ltr'><strong>sunt</strong></span> <span class='ocrx_word' id='word_1_257' title='bbox 938 2755 1107 2812; x_wconf 74' lang='lat' dir='ltr'><strong>opera</strong></span> <span class='ocrx_word' id='word_1_258' title='bbox 1130 2731 1526 2812; x_wconf 67' lang='lat' dir='ltr'><strong>misericordiae,</strong></span> <span class='ocrx_word' id='word_1_259' title='bbox 1544 2732 1615 2812; x_wconf 69' lang='lat' dir='ltr'><strong>de</strong></span> <span class='ocrx_word' id='word_1_260' title='bbox 1631 2731 1830 2812; x_wconf 78' lang='lat' dir='ltr'><strong>_quibus</strong></span> <span class='ocrx_word' id='word_1_261' title='bbox 1851 2731 2082 2812; x_wconf 76' lang='lat' dir='ltr'><strong>interro-</strong></span> 
     </span>
    </p>
   </div>
   <div class='ocr_carea' id='block_1_38' title="bbox 503 2799 2083 2888">
    <p class='ocr_par' dir='ltr' id='par_1_38' title="bbox 503 2799 2083 2888">
     <span class='ocr_line' id='line_1_39' title="bbox 503 2799 2083 2888; baseline -0.006 -27"><span class='ocrx_word' id='word_1_262' title='bbox 503 2809 616 2888; x_wconf 87' lang='lat' dir='ltr'><strong>gari</strong></span> <span class='ocrx_word' id='word_1_263' title='bbox 660 2808 912 2863; x_wconf 87' lang='lat' dir='ltr'><strong>debemus</strong></span> <span class='ocrx_word' id='word_1_264' title='bbox 965 2799 1016 2862; x_wconf 57' lang='lat' dir='ltr'><strong>i&#39;n</strong></span> <span class='ocrx_word' id='word_1_265' title='bbox 1059 2808 1144 2862; x_wconf 90' lang='lat' dir='ltr'><strong>die</strong></span> <span class='ocrx_word' id='word_1_266' title='bbox 1190 2807 1499 2888; x_wconf 79' lang='lat' dir='ltr'><strong>novissimo.</strong></span> <span class='ocrx_word' id='word_1_267' title='bbox 1543 2799 2083 2888; x_wconf 13' lang='lat' dir='ltr'><strong>sedr&#39;dicetispEcce</strong></span> 
     </span>
    </p>
   </div>
   <div class='ocr_carea' id='block_1_39' title="bbox 503 2873 2084 2951">
    <p class='ocr_par' dir='ltr' id='par_1_39' title="bbox 503 2873 2084 2951">
     <span class='ocr_line' id='line_1_40' title="bbox 503 2873 2084 2951; baseline -0.004 -21"><span class='ocrx_word' id='word_1_268' title='bbox 503 2873 559 2930; x_wconf 78' lang='lat' dir='ltr'><strong>in</strong></span> <span class='ocrx_word' id='word_1_269' title='bbox 587 2893 768 2951; x_wconf 85' lang='lat' dir='ltr'><strong>eremo</strong></span> <span class='ocrx_word' id='word_1_270' title='bbox 796 2893 1012 2951; x_wconf 67' lang='lat' dir='ltr'><strong>sumus,</strong></span> <span class='ocrx_word' id='word_1_271' title='bbox 1057 2892 1314 2951; x_wconf 75' lang='lat' dir='ltr'><strong>pauperes</strong></span> <span class='ocrx_word' id='word_1_272' title='bbox 1346 2873 1527 2930; x_wconf 89' lang='lat' dir='ltr'><strong>videre</strong></span> <span class='ocrx_word' id='word_1_273' title='bbox 1555 2886 1660 2951; x_wconf 82' lang='lat' dir='ltr'><strong>n_on</strong></span> <span class='ocrx_word' id='word_1_274' title='bbox 1702 2884 1985 2951; x_wconf 70' lang='lat' dir='ltr'><strong>possumus</strong></span> <span class='ocrx_word' id='word_1_275' title='bbox 2008 2878 2084 2951; x_wconf 82' lang='lat' dir='ltr'><strong>_et</strong></span> 
     </span>
    </p>
   </div>
   <div class='ocr_carea' id='block_1_40' title="bbox 503 2939 2084 3017">
    <p class='ocr_par' dir='ltr' id='par_1_40' title="bbox 503 2939 2084 3017">
     <span class='ocr_line' id='line_1_41' title="bbox 503 2939 2084 3017; baseline -0.004 -17"><span class='ocrx_word' id='word_1_276' title='bbox 503 2947 804 3016; x_wconf 88' lang='lat' dir='ltr'><strong>orphanos;</strong></span> <span class='ocrx_word' id='word_1_277' title='bbox 834 2939 1139 3017; x_wconf 63' lang='lat' dir='ltr'><strong>pupillos&#39;et</strong></span> <span class='ocrx_word' id='word_1_278' title='bbox 1161 2939 1346 3000; x_wconf 79' lang='lat' dir='ltr'><strong>viduas</strong></span> <span class='ocrx_word' id='word_1_279' title='bbox 1365 2941 1631 3017; x_wconf 86' lang='lat' dir='ltr'><strong>quomodo</strong></span> <span class='ocrx_word' id='word_1_280' title='bbox 1656 2939 1916 3017; x_wconf 69' lang='lat' dir='ltr'><strong>consolari</strong></span> <span class='ocrx_word' id='word_1_281' title='bbox 1941 2940 2084 2995; x_wconf 89' lang='lat' dir='ltr'><strong>vale-</strong></span> 
     </span>
    </p>
   </div>
   <div class='ocr_carea' id='block_1_41' title="bbox 505 3009 2082 3086">
    <p class='ocr_par' dir='ltr' id='par_1_41' title="bbox 505 3009 2082 3086">
     <span class='ocr_line' id='line_1_42' title="bbox 505 3009 2082 3086; baseline -0.005 -14"><span class='ocrx_word' id='word_1_282' title='bbox 505 3009 657 3083; x_wconf 84' lang='lat' dir='ltr'><strong>mus;</strong></span> <span class='ocrx_word' id='word_1_283' title='bbox 689 3009 926 3072; x_wconf 75' lang='lat' dir='ltr'><strong>mortuos</strong></span> <span class='ocrx_word' id='word_1_284' title='bbox 946 3017 1173 3086; x_wconf 80' lang='lat' dir='ltr'><strong>sepelire</strong></span> <span class='ocrx_word' id='word_1_285' title='bbox 1198 3009 1459 3086; x_wconf 83' lang='lat' dir='ltr'><strong>quomodo</strong></span> <span class='ocrx_word' id='word_1_286' title='bbox 1488 3010 1803 3082; x_wconf 86' lang='lat' dir='ltr'><strong>possumus?</strong></span> <span class='ocrx_word' id='word_1_287' title='bbox 1830 3009 1874 3064; x_wconf 98' lang='lat'><strong>0</strong></span> <span class='ocrx_word' id='word_1_288' title='bbox 1892 3009 2082 3064; x_wconf 82' lang='lat' dir='ltr'><strong>fratres</strong></span> 
     </span>
    </p>
   </div>
   <div class='ocr_carea' id='block_1_42' title="bbox 503 3087 2082 3162">
    <p class='ocr_par' dir='ltr' id='par_1_42' title="bbox 503 3087 2082 3162">
     <span class='ocr_line' id='line_1_43' title="bbox 503 3087 2082 3162; baseline -0.004 -21"><span class='ocrx_word' id='word_1_289' title='bbox 503 3088 640 3162; x_wconf 80' lang='lat' dir='ltr'><strong>mei,</strong></span> <span class='ocrx_word' id='word_1_290' title='bbox 675 3087 806 3143; x_wconf 89' lang='lat' dir='ltr'><strong>bene</strong></span> <span class='ocrx_word' id='word_1_291' title='bbox 831 3089 947 3162; x_wconf 90' lang='lat' dir='ltr'><strong>_scio</strong></span> <span class='ocrx_word' id='word_1_292' title='bbox 987 3103 1081 3142; x_wconf 89' lang='lat' dir='ltr'><strong>vos</strong></span> <span class='ocrx_word' id='word_1_293' title='bbox 1109 3087 1160 3141; x_wconf 94' lang='lat' dir='ltr'><strong>in</strong></span> <span class='ocrx_word' id='word_1_294' title='bbox 1187 3101 1368 3142; x_wconf 87' lang='lat' dir='ltr'><strong>eremo</strong></span> <span class='ocrx_word' id='word_1_295' title='bbox 1395 3099 1544 3162; x_wconf 78' lang='lat' dir='ltr'><strong>esse,</strong></span> <span class='ocrx_word' id='word_1_296' title='bbox 1578 3097 1676 3136; x_wconf 90' lang='lat' dir='ltr'><strong>nec</strong></span> <span class='ocrx_word' id='word_1_297' title='bbox 1703 3094 1960 3162; x_wconf 82' lang='lat' dir='ltr'><strong>pauperes</strong></span> <span class='ocrx_word' id='word_1_298' title='bbox 1986 3094 2082 3162; x_wconf 83' lang='lat' dir='ltr'><strong>vos</strong></span> 
     </span>
    </p>
   </div>
   <div class='ocr_carea' id='block_1_43' title="bbox 504 3155 2082 3222">
    <p class='ocr_par' dir='ltr' id='par_1_43' title="bbox 504 3155 2082 3222">
     <span class='ocr_line' id='line_1_44' title="bbox 504 3155 2082 3222; baseline -0.005 -11"><span class='ocrx_word' id='word_1_299' title='bbox 504 3157 685 3212; x_wconf 88' lang='lat' dir='ltr'><strong>videre</strong></span> <span class='ocrx_word' id='word_1_300' title='bbox 722 3158 918 3222; x_wconf 85' lang='lat' dir='ltr'><strong>credo,</strong></span> <span class='ocrx_word' id='word_1_301' title='bbox 960 3172 1058 3212; x_wconf 90' lang='lat' dir='ltr'><strong>nec</strong></span> <span class='ocrx_word' id='word_1_302' title='bbox 1086 3172 1180 3211; x_wconf 94' lang='lat' dir='ltr'><strong>vos</strong></span> <span class='ocrx_word' id='word_1_303' title='bbox 1209 3155 1590 3211; x_wconf 81' lang='lat' dir='ltr'><strong>monasterium</strong></span> <span class='ocrx_word' id='word_1_304' title='bbox 1635 3155 1787 3222; x_wconf 80' lang='lat' dir='ltr'><strong>exire</strong></span> <span class='ocrx_word' id='word_1_305' title='bbox 1813 3155 1989 3222; x_wconf 85' lang='lat' dir='ltr'><strong>cupio,</strong></span> <span class='ocrx_word' id='word_1_306' title='bbox 2025 3157 2082 3203; x_wconf 88' lang='lat' dir='ltr'><strong>ut</strong></span> 
     </span>
    </p>
   </div>
   <div class='ocr_carea' id='block_1_44' title="bbox 504 3220 2080 3303">
    <p class='ocr_par' dir='ltr' id='par_1_44' title="bbox 504 3220 2080 3303">
     <span class='ocr_line' id='line_1_45' title="bbox 504 3220 2080 3303; baseline -0.005 -21"><span class='ocrx_word' id='word_1_307' title='bbox 504 3238 700 3303; x_wconf 83' lang='lat' dir='ltr'><strong>matres</strong></span> <span class='ocrx_word' id='word_1_308' title='bbox 747 3228 828 3282; x_wconf 87' lang='lat' dir='ltr'><strong>vel</strong></span> <span class='ocrx_word' id='word_1_309' title='bbox 860 3220 1128 3303; x_wconf 76' lang='lat' dir='ltr'><strong>proximos</strong></span> <span class='ocrx_word' id='word_1_310' title='bbox 1157 3227 1420 3283; x_wconf 90' lang='lat' dir='ltr'><strong>consolari</strong></span> <span class='ocrx_word' id='word_1_311' title='bbox 1448 3223 1682 3303; x_wconf 51' lang='lat' dir='ltr'><strong>possitis:</strong></span> <span class='ocrx_word' id='word_1_312' title='bbox 1704 3221 1873 3287; x_wconf 88' lang='lat' dir='ltr'><strong>Quam</strong></span> <span class='ocrx_word' id='word_1_313' title='bbox 1897 3220 2080 3300; x_wconf 78' lang='lat' dir='ltr'><strong>plures</strong></span> 
     </span>
    </p>
   </div>
   <div class='ocr_carea' id='block_1_45' title="bbox 503 3298 2073 3370">
    <p class='ocr_par' dir='ltr' id='par_1_45' title="bbox 503 3298 2073 3370">
     <span class='ocr_line' id='line_1_46' title="bbox 503 3298 2073 3370; baseline -0.007 -18"><span class='ocrx_word' id='word_1_314' title='bbox 503 3299 644 3370; x_wconf 84' lang='lat' dir='ltr'><strong>enim</strong></span> <span class='ocrx_word' id='word_1_315' title='bbox 688 3299 908 3370; x_wconf 82' lang='lat' dir='ltr'><strong>cognovi</strong></span> <span class='ocrx_word' id='word_1_316' title='bbox 953 3298 1172 3367; x_wconf 88' lang='lat' dir='ltr'><strong>probae</strong></span> <span class='ocrx_word' id='word_1_317' title='bbox 1200 3313 1356 3370; x_wconf 84' lang='lat' dir='ltr'><strong>causa</strong></span> <span class='ocrx_word' id='word_1_318' title='bbox 1398 3298 1778 3349; x_wconf 88' lang='lat' dir='ltr'><strong>monasterium</strong></span> <span class='ocrx_word' id='word_1_319' title='bbox 1826 3298 2073 3370; x_wconf 53' lang='lat' dir='ltr'><strong>erivisse,</strong></span> 
     </span>
    </p>
   </div>
   <div class='ocr_carea' id='block_1_46' title="bbox 505 3360 2078 3439">
    <p class='ocr_par' dir='ltr' id='par_1_46' title="bbox 505 3360 2078 3439">
     <span class='ocr_line' id='line_1_47' title="bbox 505 3360 2078 3439; baseline -0.007 -17"><span class='ocrx_word' id='word_1_320' title='bbox 505 3369 594 3439; x_wconf 84' lang='lat' dir='ltr'><strong>qui</strong></span> <span class='ocrx_word' id='word_1_321' title='bbox 622 3360 794 3423; x_wconf 66' lang='lat' dir='ltr'><strong>tamen</strong></span> <span class='ocrx_word' id='word_1_322' title='bbox 841 3367 906 3422; x_wconf 90' lang='lat' dir='ltr'><strong>ad</strong></span> <span class='ocrx_word' id='word_1_323' title='bbox 947 3360 1327 3439; x_wconf 81' lang='lat' dir='ltr'><strong>monasterium</strong></span> <span class='ocrx_word' id='word_1_324' title='bbox 1368 3378 1634 3439; x_wconf 79' lang='lat' dir='ltr'><strong>nunquam</strong></span> <span class='ocrx_word' id='word_1_325' title='bbox 1673 3360 1872 3439; x_wconf 67' lang='lat' dir='ltr'><strong>reversi</strong></span> <span class='ocrx_word' id='word_1_326' title='bbox 1917 3360 2078 3439; x_wconf 77' lang='lat' dir='ltr'><strong>sunt?</strong></span> 
     </span>
    </p>
   </div>
   <div class='ocr_carea' id='block_1_47' title="bbox 503 3430 2076 3502">
    <p class='ocr_par' dir='ltr' id='par_1_47' title="bbox 503 3430 2076 3502">
     <span class='ocr_line' id='line_1_48' title="bbox 503 3430 2076 3502; baseline -0.004 -11"><span class='ocrx_word' id='word_1_327' title='bbox 503 3430 615 3491; x_wconf 88' lang='lat' dir='ltr'><strong>Sub</strong></span> <span class='ocrx_word' id='word_1_328' title='bbox 644 3439 820 3502; x_wconf 88' lang='lat' dir='ltr'><strong>specie</strong></span> <span class='ocrx_word' id='word_1_329' title='bbox 849 3439 989 3494; x_wconf 92' lang='lat' dir='ltr'><strong>enim</strong></span> <span class='ocrx_word' id='word_1_330' title='bbox 1037 3438 1158 3492; x_wconf 90' lang='lat' dir='ltr'><strong>boni</strong></span> <span class='ocrx_word' id='word_1_331' title='bbox 1202 3437 1366 3492; x_wconf 89' lang='lat' dir='ltr'><strong>multa</strong></span> <span class='ocrx_word' id='word_1_332' title='bbox 1407 3430 1544 3490; x_wconf 87' lang='lat' dir='ltr'><strong>mala</strong></span> <span class='ocrx_word' id='word_1_333' title='bbox 1584 3431 1734 3485; x_wconf 86' lang='lat' dir='ltr'><strong>fiunt.</strong></span> <span class='ocrx_word' id='word_1_334' title='bbox 1767 3430 1902 3484; x_wconf 87' lang='lat' dir='ltr'><strong>Ecce</strong></span> <span class='ocrx_word' id='word_1_335' title='bbox 1934 3430 2076 3484; x_wconf 90' lang='lat' dir='ltr'><strong>enim</strong></span> 
     </span>
    </p>
   </div>
   <div class='ocr_carea' id='block_1_48' title="bbox 504 3505 2076 3586">
    <p class='ocr_par' dir='ltr' id='par_1_48' title="bbox 504 3505 2076 3586">
     <span class='ocr_line' id='line_1_49' title="bbox 504 3505 2076 3586; baseline -0.006 -26"><span class='ocrx_word' id='word_1_336' title='bbox 504 3507 742 3586; x_wconf 76' lang='lat' dir='ltr'><strong>diabolus</strong></span> <span class='ocrx_word' id='word_1_337' title='bbox 756 3508 891 3586; x_wconf 78' lang='lat' dir='ltr'><strong>_dicit</strong></span> <span class='ocrx_word' id='word_1_338' title='bbox 915 3525 928 3560; x_wconf 84' lang='lat'><strong>:</strong></span> <span class='ocrx_word' id='word_1_339' title='bbox 953 3507 996 3562; x_wconf 93' lang='grc' dir='ltr'><strong>Ο</strong></span> <span class='ocrx_word' id='word_1_340' title='bbox 1025 3508 1314 3586; x_wconf 80' lang='lat' dir='ltr'><strong>monacbe,</strong></span> <span class='ocrx_word' id='word_1_341' title='bbox 1352 3521 1418 3560; x_wconf 89' lang='lat' dir='ltr'><strong>an</strong></span> <span class='ocrx_word' id='word_1_342' title='bbox 1445 3505 2076 3586; x_wconf 28' lang='lat' dir='ltr'><strong>ignorastuam‘ma‘trern</strong></span> 
     </span>
    </p>
   </div>
   <div class='ocr_carea' id='block_1_49' title="bbox 504 3569 2071 3647">
    <p class='ocr_par' dir='ltr' id='par_1_49' title="bbox 504 3569 2071 3647">
     <span class='ocr_line' id='line_1_50' title="bbox 504 3569 2071 3647; baseline -0.005 -16"><span class='ocrx_word' id='word_1_343' title='bbox 504 3577 727 3631; x_wconf 85' lang='lat' dir='ltr'><strong>dolere?</strong></span> <span class='ocrx_word' id='word_1_344' title='bbox 753 3578 886 3633; x_wconf 86' lang='lat' dir='ltr'><strong>Ecce</strong></span> <span class='ocrx_word' id='word_1_345' title='bbox 913 3594 1079 3647; x_wconf 89' lang='lat' dir='ltr'><strong>nuper</strong></span> <span class='ocrx_word' id='word_1_346' title='bbox 1109 3569 1352 3632; x_wconf 87' lang='lat' dir='ltr'><strong>maritum</strong></span> <span class='ocrx_word' id='word_1_347' title='bbox 1377 3569 1572 3647; x_wconf 80' lang='lat' dir='ltr'><strong>amisit,</strong></span> <span class='ocrx_word' id='word_1_348' title='bbox 1603 3571 1766 3624; x_wconf 89' lang='lat' dir='ltr'><strong>filium</strong></span> <span class='ocrx_word' id='word_1_349' title='bbox 1797 3569 2071 3647; x_wconf 90' lang='lat' dir='ltr'><strong>sepelivit_,</strong></span> 
     </span>
    </p>
   </div>
   <div class='ocr_carea' id='block_1_50' title="bbox 504 3641 2078 3722">
    <p class='ocr_par' dir='ltr' id='par_1_50' title="bbox 504 3641 2078 3722">
     <span class='ocr_line' id='line_1_51' title="bbox 504 3641 2078 3722; baseline -0.006 -20"><span class='ocrx_word' id='word_1_350' title='bbox 504 3648 890 3722; x_wconf 83' lang='lat' dir='ltr'><strong>possessionem</strong></span> <span class='ocrx_word' id='word_1_351' title='bbox 921 3641 1179 3722; x_wconf 56' lang='lat' dir='ltr'><strong>perdidit,</strong></span> <span class='ocrx_word' id='word_1_352' title='bbox 1194 3647 1488 3722; x_wconf 83' lang='lat' dir='ltr'><strong>infirmatur</strong></span> <span class='ocrx_word' id='word_1_353' title='bbox 1511 3644 1584 3722; x_wconf 85' lang='lat' dir='ltr'><strong>ad_</strong></span> <span class='ocrx_word' id='word_1_354' title='bbox 1599 3649 1823 3722; x_wconf 78' lang='lat' dir='ltr'><strong>mortem</strong></span> <span class='ocrx_word' id='word_1_355' title='bbox 1847 3641 2078 3722; x_wconf 64' lang='lat' dir='ltr'><strong>nec_vult</strong></span> 
     </span>
    </p>
   </div>
   <div class='ocr_carea' id='block_1_51' title="bbox 505 3709 2074 3792">
    <p class='ocr_par' dir='ltr' id='par_1_51' title="bbox 505 3709 2074 3792">
     <span class='ocr_line' id='line_1_52' title="bbox 505 3709 2074 3792; baseline -0.004 -21"><span class='ocrx_word' id='word_1_356' title='bbox 505 3709 725 3792; x_wconf 58' lang='lat' dir='ltr'><strong>forsitan</strong></span> <span class='ocrx_word' id='word_1_357' title='bbox 756 3709 1016 3792; x_wconf 80' lang='lat' dir='ltr'><strong>confiteri.</strong></span> <span class='ocrx_word' id='word_1_358' title='bbox 1048 3709 1181 3787; x_wconf 84' lang='lat' dir='ltr'><strong>Quid</strong></span> <span class='ocrx_word' id='word_1_359' title='bbox 1197 3719 1266 3792; x_wconf 93' lang='lat' dir='ltr'><strong>_in</strong></span> <span class='ocrx_word' id='word_1_360' title='bbox 1295 3732 1477 3773; x_wconf 91' lang='lat' dir='ltr'><strong>eremo</strong></span> <span class='ocrx_word' id='word_1_361' title='bbox 1505 3713 1652 3792; x_wconf 72' lang='lat' dir='ltr'><strong>agis?</strong></span> <span class='ocrx_word' id='word_1_362' title='bbox 1677 3709 1809 3792; x_wconf 43' lang='lat' dir='ltr'><strong>quid.</strong></span> <span class='ocrx_word' id='word_1_363' title='bbox 1843 3711 2074 3792; x_wconf 63' lang='lat' dir='ltr'><strong>cogiras?</strong></span> 
     </span>
    </p>
   </div>
   <div class='ocr_carea' id='block_1_52' title="bbox 505 3778 2074 3862">
    <p class='ocr_par' dir='ltr' id='par_1_52' title="bbox 505 3778 2074 3862">
     <span class='ocr_line' id='line_1_53' title="bbox 505 3778 2074 3862; baseline -0.007 -20"><span class='ocrx_word' id='word_1_364' title='bbox 505 3786 674 3862; x_wconf 78' lang='lat' dir='ltr'><strong>Surge</strong></span> <span class='ocrx_word' id='word_1_365' title='bbox 712 3790 964 3845; x_wconf 86' lang='lat' dir='ltr'><strong>velociter</strong></span> <span class='ocrx_word' id='word_1_366' title='bbox 987 3832 1001 3854; x_wconf 93' lang='lat'><strong>,</strong></span> <span class='ocrx_word' id='word_1_367' title='bbox 1051 3778 1308 3862; x_wconf 59' lang='lat' dir='ltr'><strong>Egredere</strong></span> <span class='ocrx_word' id='word_1_368' title='bbox 1349 3778 1728 3842; x_wconf 69' lang='lat' dir='ltr'><strong>monasterium</strong></span> <span class='ocrx_word' id='word_1_369' title='bbox 1749 3823 1763 3845; x_wconf 90' lang='lat'><strong>,</strong></span> <span class='ocrx_word' id='word_1_370' title='bbox 1796 3778 2074 3862; x_wconf 73' lang='lat' dir='ltr'><strong>ingredere</strong></span> 
     </span>
    </p>
   </div>
   <div class='ocr_carea' id='block_1_53' title="bbox 505 3857 2073 3933">
    <p class='ocr_par' dir='ltr' id='par_1_53' title="bbox 505 3857 2073 3933">
     <span class='ocr_line' id='line_1_54' title="bbox 505 3857 2073 3933; baseline -0.005 -21"><span class='ocrx_word' id='word_1_371' title='bbox 505 3857 795 3933; x_wconf 88' lang='lat' dir='ltr'><strong>civitatem,</strong></span> <span class='ocrx_word' id='word_1_372' title='bbox 843 3868 1058 3933; x_wconf 72' lang='lat' dir='ltr'><strong>penetra</strong></span> <span class='ocrx_word' id='word_1_373' title='bbox 1090 3857 1288 3933; x_wconf 37' lang='lat' dir='ltr'><strong>’domos</strong></span> <span class='ocrx_word' id='word_1_374' title='bbox 1330 3866 1629 3933; x_wconf 72' lang='lat' dir='ltr'><strong>parentum,</strong></span> <span class='ocrx_word' id='word_1_375' title='bbox 1673 3866 1862 3933; x_wconf 61' lang='lat' dir='ltr'><strong>creree</strong></span> <span class='ocrx_word' id='word_1_376' title='bbox 1900 3857 2073 3933; x_wconf 52' lang='lat' dir='ltr'><strong>inneis</strong></span> 
     </span>
    </p>
   </div>
   <div class='ocr_carea' id='block_1_54' title="bbox 505 3921 2072 4002">
    <p class='ocr_par' dir='ltr' id='par_1_54' title="bbox 505 3921 2072 4002">
     <span class='ocr_line' id='line_1_55' title="bbox 505 3921 2072 4002; baseline -0.005 -21"><span class='ocrx_word' id='word_1_377' title='bbox 505 3942 665 4002; x_wconf 73' lang='lat' dir='ltr'><strong>opem</strong></span> <span class='ocrx_word' id='word_1_378' title='bbox 705 3921 1080 4002; x_wconf 69' lang='lat' dir='ltr'><strong>misericordia:</strong></span> <span class='ocrx_word' id='word_1_379' title='bbox 1105 3946 1118 3982; x_wconf 73' lang='grc' dir='ltr'>ε</span> <span class='ocrx_word' id='word_1_380' title='bbox 1141 3928 1240 3982; x_wconf 92' lang='lat' dir='ltr'><strong>hoc</strong></span> <span class='ocrx_word' id='word_1_381' title='bbox 1272 3921 1433 4002; x_wconf 70' lang='lat' dir='ltr'><strong>enim</strong></span> <span class='ocrx_word' id='word_1_382' title='bbox 1457 3927 1599 3981; x_wconf 89' lang='lat' dir='ltr'><strong>Deus</strong></span> <span class='ocrx_word' id='word_1_383' title='bbox 1637 3922 1776 4002; x_wconf 76' lang='lat' dir='ltr'><strong>vult,</strong></span> <span class='ocrx_word' id='word_1_384' title='bbox 1822 3921 1923 4002; x_wconf 66' lang='lat' dir='ltr'><strong>hoc</strong></span> <span class='ocrx_word' id='word_1_385' title='bbox 1957 3921 2072 4002; x_wconf 78' lang='lat' dir='ltr'><strong>fieri</strong></span> 
     </span>
    </p>
   </div>
   <div class='ocr_carea' id='block_1_55' title="bbox 505 3991 2072 4067">
    <p class='ocr_par' dir='ltr' id='par_1_55' title="bbox 505 3991 2072 4067">
     <span class='ocr_line' id='line_1_56' title="bbox 505 3991 2072 4067; baseline -0.004 -15"><span class='ocrx_word' id='word_1_386' title='bbox 505 3991 761 4067; x_wconf 71' lang='lat' dir='ltr'><strong>praecipit.</strong></span> <span class='ocrx_word' id='word_1_387' title='bbox 788 3999 918 4053; x_wconf 90' lang='lat' dir='ltr'><strong>Dum</strong></span> <span class='ocrx_word' id='word_1_388' title='bbox 941 4001 1084 4054; x_wconf 92' lang='lat' dir='ltr'><strong>enim</strong></span> <span class='ocrx_word' id='word_1_389' title='bbox 1105 4013 1288 4054; x_wconf 90' lang='lat' dir='ltr'><strong>servus</strong></span> <span class='ocrx_word' id='word_1_390' title='bbox 1308 3998 1397 4052; x_wconf 89' lang='lat' dir='ltr'><strong>Dei</strong></span> <span class='ocrx_word' id='word_1_391' title='bbox 1421 3997 1521 4051; x_wconf 91' lang='lat' dir='ltr'><strong>hoc</strong></span> <span class='ocrx_word' id='word_1_392' title='bbox 1546 3995 1760 4067; x_wconf 55' lang='lat' dir='ltr'><strong>cogiuu,</strong></span> <span class='ocrx_word' id='word_1_393' title='bbox 1789 3991 2072 4067; x_wconf 75' lang='lat' dir='ltr'><strong>aliquando</strong></span> 
     </span>
    </p>
   </div>
   <div class='ocr_carea' id='block_1_56' title="bbox 506 4061 2071 4141">
    <p class='ocr_par' dir='ltr' id='par_1_56' title="bbox 506 4061 2071 4141">
     <span class='ocr_line' id='line_1_57' title="bbox 506 4061 2071 4141; baseline -0.005 -20"><span class='ocrx_word' id='word_1_394' title='bbox 506 4061 614 4122; x_wconf 79' lang='lat' dir='ltr'><strong>exit</strong></span> <span class='ocrx_word' id='word_1_395' title='bbox 643 4061 1020 4141; x_wconf 88' lang='lat' dir='ltr'><strong>monasterium</strong></span> <span class='ocrx_word' id='word_1_396' title='bbox 1061 4068 1284 4141; x_wconf 78' lang='lat' dir='ltr'><strong>credens</strong></span> <span class='ocrx_word' id='word_1_397' title='bbox 1310 4067 1446 4141; x_wconf 85' lang='lat' dir='ltr'><strong>bene</strong></span> <span class='ocrx_word' id='word_1_398' title='bbox 1474 4061 1670 4121; x_wconf 77' lang='lat' dir='ltr'><strong>facere.</strong></span> <span class='ocrx_word' id='word_1_399' title='bbox 1701 4062 1768 4116; x_wconf 87' lang='lat' dir='ltr'><strong>Et</strong></span> <span class='ocrx_word' id='word_1_400' title='bbox 1796 4061 2071 4141; x_wconf 83' lang='lat' dir='ltr'><strong>ecce_dum</strong></span> 
     </span>
    </p>
   </div>
   <div class='ocr_carea' id='block_1_57' title="bbox 507 4131 2071 4212">
    <p class='ocr_par' dir='ltr' id='par_1_57' title="bbox 507 4131 2071 4212">
     <span class='ocr_line' id='line_1_58' title="bbox 507 4131 2071 4212; baseline -0.004 -22"><span class='ocrx_word' id='word_1_401' title='bbox 507 4139 910 4212; x_wconf 80' lang='lat' dir='ltr'><strong>appropinquat,</strong></span> <span class='ocrx_word' id='word_1_402' title='bbox 935 4149 1102 4212; x_wconf 76' lang='lat' dir='ltr'><strong>mater</strong></span> <span class='ocrx_word' id='word_1_403' title='bbox 1121 4137 1283 4191; x_wconf 85' lang='lat' dir='ltr'><strong>filium</strong></span> <span class='ocrx_word' id='word_1_404' title='bbox 1301 4137 1769 4212; x_wconf 81' lang='lat' dir='ltr'><strong>_osculatur,__pa_ter</strong></span> <span class='ocrx_word' id='word_1_405' title='bbox 1792 4131 2071 4212; x_wconf 71' lang='lat' dir='ltr'><strong>amplecti-</strong></span> 
     </span>
    </p>
   </div>
   <div class='ocr_carea' id='block_1_58' title="bbox 510 4201 2070 4275">
    <p class='ocr_par' dir='ltr' id='par_1_58' title="bbox 510 4201 2070 4275">
     <span class='ocr_line' id='line_1_59' title="bbox 510 4201 2070 4275; baseline -0.004 -15"><span class='ocrx_word' id='word_1_406' title='bbox 510 4201 626 4271; x_wconf 78' lang='lat' dir='ltr'><strong>tur,</strong></span> <span class='ocrx_word' id='word_1_407' title='bbox 666 4201 854 4275; x_wconf 76' lang='lat' dir='ltr'><strong>fratres</strong></span> <span class='ocrx_word' id='word_1_408' title='bbox 878 4207 1232 4275; x_wconf 87' lang='lat' dir='ltr'><strong>applaudunt,</strong></span> <span class='ocrx_word' id='word_1_409' title='bbox 1280 4207 1550 4270; x_wconf 86' lang='lat' dir='ltr'><strong>dicentes,</strong></span> <span class='ocrx_word' id='word_1_410' title='bbox 1579 4203 1694 4258; x_wconf 89' lang='lat' dir='ltr'><strong>Noli</strong></span> <span class='ocrx_word' id='word_1_411' title='bbox 1720 4215 1817 4275; x_wconf 82' lang='lat' dir='ltr'><strong>nos</strong></span> <span class='ocrx_word' id='word_1_412' title='bbox 1841 4201 2070 4254; x_wconf 89' lang='lat' dir='ltr'><strong>derelin-</strong></span> 
     </span>
    </p>
   </div>
   <div class='ocr_carea' id='block_1_59' title="bbox 507 4270 2067 4349">
    <p class='ocr_par' dir='ltr' id='par_1_59' title="bbox 507 4270 2067 4349">
     <span class='ocr_line' id='line_1_60' title="bbox 507 4270 2067 4349; baseline -0.003 -22"><span class='ocrx_word' id='word_1_413' title='bbox 507 4270 669 4349; x_wconf 82' lang='lat' dir='ltr'><strong>quere</strong></span> <span class='ocrx_word' id='word_1_414' title='bbox 695 4293 707 4328; x_wconf 95' lang='lat'>:</span> <span class='ocrx_word' id='word_1_415' title='bbox 735 4270 1078 4349; x_wconf 35' lang='lat' dir='ltr'><strong>fragres‘euim</strong></span> <span class='ocrx_word' id='word_1_416' title='bbox 1102 4270 1303 4337; x_wconf 91' lang='lat' dir='ltr'><strong>sumus,</strong></span> <span class='ocrx_word' id='word_1_417' title='bbox 1327 4283 1475 4342; x_wconf 90' lang='lat' dir='ltr'><strong>pater</strong></span> <span class='ocrx_word' id='word_1_418' title='bbox 1497 4282 1679 4349; x_wconf 67' lang='lat' dir='ltr'><strong>noster</strong></span> <span class='ocrx_word' id='word_1_419' title='bbox 1699 4270 1944 4349; x_wconf 79' lang='lat' dir='ltr'><strong>antiquus</strong></span> <span class='ocrx_word' id='word_1_420' title='bbox 1966 4279 2067 4349; x_wconf 72' lang='lat' dir='ltr'><strong>est,</strong></span> 
     </span>
    </p>
   </div>
   <div class='ocr_carea' id='block_1_60' title="bbox 507 4339 2070 4421">
    <p class='ocr_par' dir='ltr' id='par_1_60' title="bbox 507 4339 2070 4421">
     <span class='ocr_line' id='line_1_61' title="bbox 507 4339 2070 4421; baseline -0.003 -23"><span class='ocrx_word' id='word_1_421' title='bbox 507 4339 600 4400; x_wconf 83' lang='lat' dir='ltr'><strong>tibi</strong></span> <span class='ocrx_word' id='word_1_422' title='bbox 633 4345 886 4421; x_wconf 82' lang='lat' dir='ltr'><strong>incumbit</strong></span> <span class='ocrx_word' id='word_1_423' title='bbox 913 4344 1162 4421; x_wconf 80' lang='lat' dir='ltr'><strong>familiam</strong></span> <span class='ocrx_word' id='word_1_424' title='bbox 1195 4339 1422 4421; x_wconf 55' lang='grc' dir='ltr'><strong>τοῖςεὲρί</strong></span> <span class='ocrx_word' id='word_1_425' title='bbox 1450 4339 1975 4421; x_wconf 44' lang='lat' dir='ltr'><strong>quidergo‘amplius</strong></span> <span class='ocrx_word' id='word_1_426' title='bbox 2002 4339 2070 4394; x_wconf 89' lang='lat' dir='ltr'><strong>ad</strong></span> 
     </span>
    </p>
   </div>
   <div class='ocr_carea' id='block_1_61' title="bbox 506 4408 2071 4492">
    <p class='ocr_par' dir='ltr' id='par_1_61' title="bbox 506 4408 2071 4492">
     <span class='ocr_line' id='line_1_62' title="bbox 506 4408 2071 4492; baseline -0.004 -24"><span class='ocrx_word' id='word_1_427' title='bbox 506 4414 885 4492; x_wconf 79' lang='lat' dir='ltr'><strong>monasterium</strong></span> <span class='ocrx_word' id='word_1_428' title='bbox 912 4415 1083 4492; x_wconf 81' lang='lat' dir='ltr'><strong>redire</strong></span> <span class='ocrx_word' id='word_1_429' title='bbox 1112 4408 1424 4492; x_wconf 64' lang='lat' dir='ltr'><strong>prmsumis?</strong></span> <span class='ocrx_word' id='word_1_430' title='bbox 1450 4408 1517 4468; x_wconf 85' lang='lat' dir='ltr'><strong>Et</strong></span> <span class='ocrx_word' id='word_1_431' title='bbox 1544 4414 1622 4468; x_wconf 90' lang='lat' dir='ltr'><strong>sic</strong></span> <span class='ocrx_word' id='word_1_432' title='bbox 1649 4408 1910 4492; x_wconf 76' lang='lat' dir='ltr'><strong>audiendo</strong></span> <span class='ocrx_word' id='word_1_433' title='bbox 1938 4425 2071 4492; x_wconf 79' lang='lat' dir='ltr'><strong>con-</strong></span> 
     </span>
    </p>
   </div>
   <div class='ocr_carea' id='block_1_62' title="bbox 506 4479 2068 4550">
    <p class='ocr_par' dir='ltr' id='par_1_62' title="bbox 506 4479 2068 4550">
     <span class='ocr_line' id='line_1_63' title="bbox 506 4479 2068 4550; baseline -0.003 -12"><span class='ocrx_word' id='word_1_434' title='bbox 506 4485 688 4550; x_wconf 88' lang='lat' dir='ltr'><strong>sentit,</strong></span> <span class='ocrx_word' id='word_1_435' title='bbox 712 4494 765 4539; x_wconf 90' lang='lat' dir='ltr'><strong>et</strong></span> <span class='ocrx_word' id='word_1_436' title='bbox 788 4479 1168 4540; x_wconf 90' lang='lat' dir='ltr'><strong>consentiendo</strong></span> <span class='ocrx_word' id='word_1_437' title='bbox 1189 4493 1446 4550; x_wconf 88' lang='lat' dir='ltr'><strong>remanet,</strong></span> <span class='ocrx_word' id='word_1_438' title='bbox 1470 4493 1522 4538; x_wconf 92' lang='lat' dir='ltr'><strong>ct</strong></span> <span class='ocrx_word' id='word_1_439' title='bbox 1546 4479 1869 4538; x_wconf 89' lang='lat' dir='ltr'><strong>remanendo</strong></span> <span class='ocrx_word' id='word_1_440' title='bbox 1893 4480 2068 4534; x_wconf 91' lang='lat' dir='ltr'><strong>omni-</strong></span> 
     </span>
    </p>
   </div>
   <div class='ocr_carea' id='block_1_63' title="bbox 505 4551 2068 4634">
    <p class='ocr_par' dir='ltr' id='par_1_63' title="bbox 505 4551 2068 4634">
     <span class='ocr_line' id='line_1_64' title="bbox 505 4551 2068 4634; baseline -0.003 -25"><span class='ocrx_word' id='word_1_441' title='bbox 505 4555 604 4634; x_wconf 67' lang='lat' dir='ltr'><strong>bus</strong></span> <span class='ocrx_word' id='word_1_442' title='bbox 643 4555 791 4634; x_wconf 76' lang='lat' dir='ltr'><strong>pejor</strong></span> <span class='ocrx_word' id='word_1_443' title='bbox 816 4556 1063 4634; x_wconf 66' lang='lat' dir='ltr'><strong>efﬁcirur,</strong></span> <span class='ocrx_word' id='word_1_444' title='bbox 1112 4565 1165 4611; x_wconf 91' lang='lat' dir='ltr'><strong>et</strong></span> <span class='ocrx_word' id='word_1_445' title='bbox 1200 4555 1450 4634; x_wconf 88' lang='lat' dir='ltr'><strong>quidquid</strong></span> <span class='ocrx_word' id='word_1_446' title='bbox 1497 4554 1619 4609; x_wconf 92' lang='lat' dir='ltr'><strong>boni</strong></span> <span class='ocrx_word' id='word_1_447' title='bbox 1660 4552 1812 4634; x_wconf 73' lang='lat' dir='ltr'><strong>fecit,</strong></span> <span class='ocrx_word' id='word_1_448' title='bbox 1853 4551 2068 4634; x_wconf 73' lang='lat' dir='ltr'><strong>amittit.</strong></span> 
     </span>
    </p>
   </div>
   <div class='ocr_carea' id='block_1_64' title="bbox 504 4620 2066 4704">
    <p class='ocr_par' dir='ltr' id='par_1_64' title="bbox 504 4620 2066 4704">
     <span class='ocr_line' id='line_1_65' title="bbox 504 4620 2066 4704; baseline -0.003 -24"><span class='ocrx_word' id='word_1_449' title='bbox 504 4620 909 4696; x_wconf 56' lang='lat' dir='ltr'><strong>Cave&#39;te&#39;igitur,</strong></span> <span class='ocrx_word' id='word_1_450' title='bbox 957 4620 1146 4681; x_wconf 84' lang='lat' dir='ltr'><strong>fratres</strong></span> <span class='ocrx_word' id='word_1_451' title='bbox 1173 4620 1276 4704; x_wconf 72' lang='grc' dir='ltr'><strong>ιη’θί</strong></span> <span class='ocrx_word' id='word_1_452' title='bbox 1301 4668 1315 4692; x_wconf 84' lang='grc'><em>,</em></span> <span class='ocrx_word' id='word_1_453' title='bbox 1345 4620 1530 4704; x_wconf 77' lang='lat' dir='ltr'><strong>cavete</strong></span> <span class='ocrx_word' id='word_1_454' title='bbox 1553 4641 1581 4677; x_wconf 91' lang='lat' dir='ltr'><strong>a</strong></span> <span class='ocrx_word' id='word_1_455' title='bbox 1611 4622 1811 4704; x_wconf 72' lang='lat' dir='ltr'><strong>malitia</strong></span> <span class='ocrx_word' id='word_1_456' title='bbox 1839 4620 2030 4704; x_wconf 70' lang='lat' dir='ltr'><strong>diaboli</strong></span> <span class='ocrx_word' id='word_1_457' title='bbox 2054 4640 2066 4676; x_wconf 91' lang='lat'><strong>:</strong></span> 
     </span>
    </p>
   </div>
   <div class='ocr_carea' id='block_1_65' title="bbox 504 4692 2069 4766">
    <p class='ocr_par' dir='ltr' id='par_1_65' title="bbox 504 4692 2069 4766">
     <span class='ocr_line' id='line_1_66' title="bbox 504 4692 2069 4766; baseline -0.001 -18"><span class='ocrx_word' id='word_1_458' title='bbox 504 4692 766 4751; x_wconf 72' lang='lat' dir='ltr'><strong>exercere</strong></span> <span class='ocrx_word' id='word_1_459' title='bbox 786 4706 958 4751; x_wconf 90' lang='lat' dir='ltr'><strong>tamen</strong></span> <span class='ocrx_word' id='word_1_460' title='bbox 995 4713 1087 4752; x_wconf 88' lang='lat' dir='ltr'><strong>vos</strong></span> <span class='ocrx_word' id='word_1_461' title='bbox 1112 4698 1232 4750; x_wconf 85' lang='lat' dir='ltr'><strong>volo</strong></span> <span class='ocrx_word' id='word_1_462' title='bbox 1262 4712 1423 4766; x_wconf 91' lang='lat' dir='ltr'><strong>opera</strong></span> <span class='ocrx_word' id='word_1_463' title='bbox 1454 4693 1849 4750; x_wconf 71' lang='lat' dir='ltr'><strong>miscricordize.</strong></span> <span class='ocrx_word' id='word_1_464' title='bbox 1878 4692 1988 4746; x_wconf 89' lang='lat' dir='ltr'><strong>Etsi</strong></span> <span class='ocrx_word' id='word_1_465' title='bbox 2016 4692 2069 4746; x_wconf 90' lang='lat' dir='ltr'><strong>in</strong></span> 
     </span>
    </p>
   </div>
   <div class='ocr_carea' id='block_1_66' title="bbox 504 4767 2071 4835">
    <p class='ocr_par' dir='ltr' id='par_1_66' title="bbox 504 4767 2071 4835">
     <span class='ocr_line' id='line_1_67' title="bbox 504 4767 2071 4835; baseline -0.001 -17"><span class='ocrx_word' id='word_1_466' title='bbox 504 4768 698 4819; x_wconf 75' lang='lat' dir='ltr'><strong>saeculo</strong></span> <span class='ocrx_word' id='word_1_467' title='bbox 742 4781 845 4819; x_wconf 91' lang='lat' dir='ltr'><strong>non</strong></span> <span class='ocrx_word' id='word_1_468' title='bbox 893 4768 1140 4820; x_wconf 89' lang='lat' dir='ltr'><strong>habitatis</strong></span> <span class='ocrx_word' id='word_1_469' title='bbox 1179 4783 1349 4834; x_wconf 87' lang='lat' dir='ltr'><strong>neque</strong></span> <span class='ocrx_word' id='word_1_470' title='bbox 1396 4767 1532 4820; x_wconf 81' lang='lat' dir='ltr'><strong>inter</strong></span> <span class='ocrx_word' id='word_1_471' title='bbox 1569 4775 1772 4835; x_wconf 86' lang='lat' dir='ltr'><strong>gentes,</strong></span> <span class='ocrx_word' id='word_1_472' title='bbox 1819 4776 2071 4835; x_wconf 82' lang='lat' dir='ltr'><strong>exercere</strong></span> 
     </span>
    </p>
   </div>
   <div class='ocr_carea' id='block_1_67' title="bbox 505 4831 2066 4904">
    <p class='ocr_par' dir='ltr' id='par_1_67' title="bbox 505 4831 2066 4904">
     <span class='ocr_line' id='line_1_68' title="bbox 505 4831 2066 4904; baseline -0.002 -17"><span class='ocrx_word' id='word_1_473' title='bbox 505 4843 678 4888; x_wconf 88' lang='lat' dir='ltr'><strong>tamen</strong></span> <span class='ocrx_word' id='word_1_474' title='bbox 728 4851 885 4904; x_wconf 83' lang='lat' dir='ltr'><strong>Opera</strong></span> <span class='ocrx_word' id='word_1_475' title='bbox 930 4831 1305 4892; x_wconf 72' lang='lat' dir='ltr'><strong>misericordia:</strong></span> <span class='ocrx_word' id='word_1_476' title='bbox 1361 4837 1496 4891; x_wconf 91' lang='lat' dir='ltr'><strong>bene</strong></span> <span class='ocrx_word' id='word_1_477' title='bbox 1546 4831 1798 4903; x_wconf 79' lang='lat' dir='ltr'><strong>potestis,</strong></span> <span class='ocrx_word' id='word_1_478' title='bbox 1845 4831 2066 4904; x_wconf 84' lang='lat' dir='ltr'><strong>orando,</strong></span> 
     </span>
    </p>
   </div>
   <div class='ocr_carea' id='block_1_68' title="bbox 503 4902 2067 4976">
    <p class='ocr_par' dir='ltr' id='par_1_68' title="bbox 503 4902 2067 4976">
     <span class='ocr_line' id='line_1_69' title="bbox 503 4902 2067 4976; baseline -0.002 -18"><span class='ocrx_word' id='word_1_479' title='bbox 503 4902 832 4976; x_wconf 82' lang='lat' dir='ltr'><strong>obsecrando</strong></span> <span class='ocrx_word' id='word_1_480' title='bbox 870 4916 923 4961; x_wconf 91' lang='lat' dir='ltr'><strong>et</strong></span> <span class='ocrx_word' id='word_1_481' title='bbox 961 4907 1296 4976; x_wconf 88' lang='lat' dir='ltr'><strong>deprecando</strong></span> <span class='ocrx_word' id='word_1_482' title='bbox 1336 4921 1431 4975; x_wconf 92' lang='lat' dir='ltr'><strong>pro</strong></span> <span class='ocrx_word' id='word_1_483' title='bbox 1470 4902 1722 4973; x_wconf 87' lang='lat' dir='ltr'><strong>orphanis</strong></span> <span class='ocrx_word' id='word_1_484' title='bbox 1751 4913 1804 4957; x_wconf 93' lang='lat' dir='ltr'><strong>et</strong></span> <span class='ocrx_word' id='word_1_485' title='bbox 1833 4902 2067 4976; x_wconf 82' lang='lat' dir='ltr'><strong>pupillis.</strong></span> 
     </span>
    </p>
   </div>
   <div class='ocr_carea' id='block_1_69' title="bbox 503 4973 2070 5043">
    <p class='ocr_par' dir='ltr' id='par_1_69' title="bbox 503 4973 2070 5043">
     <span class='ocr_line' id='line_1_70' title="bbox 503 4973 2070 5043; baseline -0.002 -15"><span class='ocrx_word' id='word_1_486' title='bbox 503 4974 557 5028; x_wconf 89' lang='lat' dir='ltr'><strong>Si</strong></span> <span class='ocrx_word' id='word_1_487' title='bbox 588 4975 688 5030; x_wconf 91' lang='lat' dir='ltr'><strong>hoc</strong></span> <span class='ocrx_word' id='word_1_488' title='bbox 716 4992 818 5029; x_wconf 80' lang='lat' dir='ltr'><strong>non</strong></span> <span class='ocrx_word' id='word_1_489' title='bbox 860 4973 1066 5030; x_wconf 76' lang='lat' dir='ltr'><strong>videtur</strong></span> <span class='ocrx_word' id='word_1_490' title='bbox 1095 4978 1243 5030; x_wconf 79' lang='lat' dir='ltr'><strong>vobis</strong></span> <span class='ocrx_word' id='word_1_491' title='bbox 1285 4973 1558 5038; x_wconf 84' lang='lat' dir='ltr'><strong>sufficere,</strong></span> <span class='ocrx_word' id='word_1_492' title='bbox 1609 4988 1828 5043; x_wconf 89' lang='lat' dir='ltr'><strong>pensare</strong></span> <span class='ocrx_word' id='word_1_493' title='bbox 1865 4973 2070 5043; x_wconf 91' lang='lat' dir='ltr'><strong>debetis</strong></span> 
     </span>
    </p>
   </div>
   <div class='ocr_carea' id='block_1_70' title="bbox 501 5042 2071 5116">
    <p class='ocr_par' dir='ltr' id='par_1_70' title="bbox 501 5042 2071 5116">
     <span class='ocr_line' id='line_1_71' title="bbox 501 5042 2071 5116; baseline -0.002 -19"><span class='ocrx_word' id='word_1_494' title='bbox 501 5046 768 5116; x_wconf 78' lang='lat' dir='ltr'><strong>quomodo</strong></span> <span class='ocrx_word' id='word_1_495' title='bbox 797 5058 1010 5100; x_wconf 86' lang='lat' dir='ltr'><strong>centum</strong></span> <span class='ocrx_word' id='word_1_496' title='bbox 1053 5056 1104 5100; x_wconf 89' lang='lat' dir='ltr'><strong>et</strong></span> <span class='ocrx_word' id='word_1_497' title='bbox 1141 5047 1318 5116; x_wconf 91' lang='lat' dir='ltr'><strong>plures</strong></span> <span class='ocrx_word' id='word_1_498' title='bbox 1357 5047 1408 5100; x_wconf 92' lang='lat' dir='ltr'><strong>in</strong></span> <span class='ocrx_word' id='word_1_499' title='bbox 1441 5042 1763 5116; x_wconf 77' lang='lat' dir='ltr'><strong>monaSterio</strong></span> <span class='ocrx_word' id='word_1_500' title='bbox 1791 5042 2071 5116; x_wconf 57' lang='lat' dir='ltr'><strong>similibu-</strong></span> 
     </span>
    </p>
   </div>
   <div class='ocr_carea' id='block_1_71' title="bbox 500 5113 2070 5185">
    <p class='ocr_par' dir='ltr' id='par_1_71' title="bbox 500 5113 2070 5185">
     <span class='ocr_line' id='line_1_72' title="bbox 500 5113 2070 5185; baseline -0.003 -16"><span class='ocrx_word' id='word_1_501' title='bbox 500 5114 698 5185; x_wconf 84' lang='lat' dir='ltr'><strong>bitatis,</strong></span> <span class='ocrx_word' id='word_1_502' title='bbox 725 5125 778 5169; x_wconf 90' lang='lat' dir='ltr'><strong>et</strong></span> <span class='ocrx_word' id='word_1_503' title='bbox 803 5131 943 5184; x_wconf 72' lang='lat' dir='ltr'><strong>smpe</strong></span> <span class='ocrx_word' id='word_1_504' title='bbox 967 5113 1324 5181; x_wconf 81' lang='lat' dir='ltr'><strong>infirmamini,</strong></span> <span class='ocrx_word' id='word_1_505' title='bbox 1352 5124 1404 5170; x_wconf 90' lang='lat' dir='ltr'><strong>et</strong></span> <span class='ocrx_word' id='word_1_506' title='bbox 1427 5131 1570 5185; x_wconf 74' lang='lat' dir='ltr'><strong>szepe</strong></span> <span class='ocrx_word' id='word_1_507' title='bbox 1596 5131 1625 5168; x_wconf 93' lang='lat' dir='ltr'><strong>a</strong></span> <span class='ocrx_word' id='word_1_508' title='bbox 1651 5113 1862 5168; x_wconf 89' lang='lat' dir='ltr'><strong>diabolo</strong></span> <span class='ocrx_word' id='word_1_509' title='bbox 1883 5113 2070 5185; x_wconf 54' lang='lat' dir='ltr'><strong>affligig</strong></span> 
     </span>
    </p>
   </div>
   <div class='ocr_carea' id='block_1_72' title="bbox 501 5183 2070 5255">
    <p class='ocr_par' dir='ltr' id='par_1_72' title="bbox 501 5183 2070 5255">
     <span class='ocr_line' id='line_1_73' title="bbox 501 5183 2070 5255; baseline -0.002 -17"><span class='ocrx_word' id='word_1_510' title='bbox 501 5183 627 5255; x_wconf 64' lang='lat' dir='ltr'><strong>mini</strong></span> <span class='ocrx_word' id='word_1_511' title='bbox 649 5227 662 5248; x_wconf 88' lang='lat'><strong>,</strong></span> <span class='ocrx_word' id='word_1_512' title='bbox 711 5201 852 5254; x_wconf 65' lang='lat' dir='ltr'><strong>saepe</strong></span> <span class='ocrx_word' id='word_1_513' title='bbox 884 5183 1170 5255; x_wconf 91' lang='lat' dir='ltr'><strong>patimini,</strong></span> <span class='ocrx_word' id='word_1_514' title='bbox 1218 5186 1472 5254; x_wconf 90' lang='lat' dir='ltr'><strong>numquid</strong></span> <span class='ocrx_word' id='word_1_515' title='bbox 1506 5183 1564 5240; x_wconf 80' lang='lat' dir='ltr'><strong>et</strong></span> <span class='ocrx_word' id='word_1_516' title='bbox 1593 5199 1733 5254; x_wconf 74' lang='lat' dir='ltr'><strong>szepe</strong></span> <span class='ocrx_word' id='word_1_517' title='bbox 1764 5183 2070 5255; x_wconf 88' lang='lat' dir='ltr'><strong>morimini?</strong></span> 
     </span>
    </p>
   </div>
   <div class='ocr_carea' id='block_1_73' title="bbox 501 5253 2068 5326">
    <p class='ocr_par' dir='ltr' id='par_1_73' title="bbox 501 5253 2068 5326">
     <span class='ocr_line' id='line_1_74' title="bbox 501 5253 2068 5326; baseline 0.001 -19"><span class='ocrx_word' id='word_1_518' title='bbox 501 5253 766 5326; x_wconf 78' lang='lat' dir='ltr'><strong>Exercere</strong></span> <span class='ocrx_word' id='word_1_519' title='bbox 786 5253 914 5326; x_wconf 77' lang='lat' dir='ltr'><strong>ergo</strong></span> <span class='ocrx_word' id='word_1_520' title='bbox 939 5257 1156 5326; x_wconf 84' lang='lat' dir='ltr'><strong>potestis</strong></span> <span class='ocrx_word' id='word_1_521' title='bbox 1185 5258 1341 5310; x_wconf 88' lang='lat' dir='ltr'><strong>etiam</strong></span> <span class='ocrx_word' id='word_1_522' title='bbox 1368 5253 1505 5310; x_wconf 86' lang='lat' dir='ltr'><strong>inter</strong></span> <span class='ocrx_word' id='word_1_523' title='bbox 1532 5271 1629 5311; x_wconf 93' lang='lat' dir='ltr'><strong>vos</strong></span> <span class='ocrx_word' id='word_1_524' title='bbox 1648 5269 1805 5326; x_wconf 84' lang='lat' dir='ltr'><strong>opera</strong></span> <span class='ocrx_word' id='word_1_525' title='bbox 1836 5253 2068 5326; x_wconf 86' lang='lat' dir='ltr'><strong>pietatis.</strong></span> 
     </span>
    </p>
   </div>
   <div class='ocr_carea' id='block_1_74' title="bbox 501 5323 2069 5394">
    <p class='ocr_par' dir='ltr' id='par_1_74' title="bbox 501 5323 2069 5394">
     <span class='ocr_line' id='line_1_75' title="bbox 501 5323 2069 5394; baseline -0.002 -17"><span class='ocrx_word' id='word_1_526' title='bbox 501 5324 607 5378; x_wconf 89' lang='lat' dir='ltr'><strong>Sed</strong></span> <span class='ocrx_word' id='word_1_527' title='bbox 637 5325 776 5379; x_wconf 89' lang='lat' dir='ltr'><strong>dicet</strong></span> <span class='ocrx_word' id='word_1_528' title='bbox 802 5323 919 5394; x_wconf 80' lang='lat' dir='ltr'><strong>quis</strong></span> <span class='ocrx_word' id='word_1_529' title='bbox 939 5323 1007 5379; x_wconf 66' lang='lat' dir='ltr'><strong>ex</strong></span> <span class='ocrx_word' id='word_1_530' title='bbox 1037 5328 1186 5381; x_wconf 91' lang='lat' dir='ltr'><strong>vobis</strong></span> <span class='ocrx_word' id='word_1_531' title='bbox 1211 5370 1224 5392; x_wconf 92' lang='lat'><strong>,</strong></span> <span class='ocrx_word' id='word_1_532' title='bbox 1273 5328 1478 5380; x_wconf 82' lang='lat' dir='ltr'><strong>Patrem</strong></span> <span class='ocrx_word' id='word_1_533' title='bbox 1529 5326 1580 5379; x_wconf 88' lang='lat' dir='ltr'><strong>in</strong></span> <span class='ocrx_word' id='word_1_534' title='bbox 1625 5324 1819 5379; x_wconf 78' lang='lat' dir='ltr'><strong>szeculo</strong></span> <span class='ocrx_word' id='word_1_535' title='bbox 1866 5323 2069 5386; x_wconf 87' lang='lat' dir='ltr'><strong>habeo;</strong></span> 
     </span>
    </p>
   </div>
   <div class='ocr_carea' id='block_1_75' title="bbox 500 5394 2072 5466">
    <p class='ocr_par' dir='ltr' id='par_1_75' title="bbox 500 5394 2072 5466">
     <span class='ocr_line' id='line_1_76' title="bbox 500 5394 2072 5466; baseline 0.002 -20"><span class='ocrx_word' id='word_1_536' title='bbox 500 5402 554 5446; x_wconf 89' lang='lat' dir='ltr'><strong>et</strong></span> <span class='ocrx_word' id='word_1_537' title='bbox 598 5410 694 5464; x_wconf 82' lang='lat' dir='ltr'><strong>ego</strong></span> <span class='ocrx_word' id='word_1_538' title='bbox 740 5412 904 5466; x_wconf 89' lang='lat' dir='ltr'><strong>usque</strong></span> <span class='ocrx_word' id='word_1_539' title='bbox 935 5396 998 5450; x_wconf 86' lang='lat' dir='ltr'><strong>ad</strong></span> <span class='ocrx_word' id='word_1_540' title='bbox 1031 5408 1254 5451; x_wconf 88' lang='lat' dir='ltr'><strong>mortem</strong></span> <span class='ocrx_word' id='word_1_541' title='bbox 1287 5398 1335 5450; x_wconf 91' lang='lat' dir='ltr'><strong>in</strong></span> <span class='ocrx_word' id='word_1_542' title='bbox 1383 5397 1702 5451; x_wconf 75' lang='lat' dir='ltr'><strong>monasterio</strong></span> <span class='ocrx_word' id='word_1_543' title='bbox 1748 5395 1930 5448; x_wconf 88' lang='lat' dir='ltr'><strong>vivere</strong></span> <span class='ocrx_word' id='word_1_544' title='bbox 1961 5394 2072 5466; x_wconf 85' lang='lat' dir='ltr'><strong>Deo</strong></span> 
     </span>
    </p>
   </div>
   <div class='ocr_carea' id='block_1_76' title="bbox 499 5465 2072 5537">
    <p class='ocr_par' dir='ltr' id='par_1_76' title="bbox 499 5465 2072 5537">
     <span class='ocr_line' id='line_1_77' title="bbox 499 5465 2072 5537; baseline 0.002 -20"><span class='ocrx_word' id='word_1_545' title='bbox 499 5466 738 5537; x_wconf 81' lang='lat' dir='ltr'><strong>promisi.</strong></span> <span class='ocrx_word' id='word_1_546' title='bbox 771 5465 909 5521; x_wconf 77' lang='lat' dir='ltr'><strong>Eece</strong></span> <span class='ocrx_word' id='word_1_547' title='bbox 934 5468 1074 5522; x_wconf 91' lang='lat' dir='ltr'><strong>enim</strong></span> <span class='ocrx_word' id='word_1_548' title='bbox 1105 5477 1250 5537; x_wconf 85' lang='lat' dir='ltr'><strong>pater</strong></span> <span class='ocrx_word' id='word_1_549' title='bbox 1279 5468 1589 5531; x_wconf 89' lang='lat' dir='ltr'><strong>infirmatur,</strong></span> <span class='ocrx_word' id='word_1_550' title='bbox 1621 5473 1931 5537; x_wconf 14' lang='lat' dir='ltr'><strong>nourpotest</strong></span> <span class='ocrx_word' id='word_1_551' title='bbox 1956 5465 2072 5520; x_wconf 85' lang='lat' dir='ltr'><strong>sine</strong></span> 
     </span>
    </p>
   </div>
   <div class='ocr_carea' id='block_1_77' title="bbox 495 5534 2070 5618">
    <p class='ocr_par' dir='ltr' id='par_1_77' title="bbox 495 5534 2070 5618">
     <span class='ocr_line' id='line_1_78' title="bbox 495 5534 2070 5618; baseline 0.002 -30"><span class='ocrx_word' id='word_1_552' title='bbox 495 5543 588 5588; x_wconf 83' lang='lat' dir='ltr'><strong>me</strong></span> <span class='ocrx_word' id='word_1_553' title='bbox 627 5534 824 5590; x_wconf 86' lang='lat' dir='ltr'><strong>vivere.</strong></span> <span class='ocrx_word' id='word_1_554' title='bbox 857 5537 993 5605; x_wconf 83' lang='lat' dir='ltr'><strong>Quid</strong></span> <span class='ocrx_word' id='word_1_555' title='bbox 1037 5534 1167 5609; x_wconf 86' lang='lat' dir='ltr'><strong>ago?</strong></span> <span class='ocrx_word' id='word_1_556' title='bbox 1208 5538 1332 5609; x_wconf 90' lang='lat' dir='ltr'><strong>quid</strong></span> <span class='ocrx_word' id='word_1_557' title='bbox 1357 5539 1533 5618; x_wconf 84' lang='lat' dir='ltr'><strong>eligo?</strong></span> <span class='ocrx_word' id='word_1_558' title='bbox 1573 5537 1628 5597; x_wconf 89' lang='lat' dir='ltr'><strong>Si</strong></span> <span class='ocrx_word' id='word_1_559' title='bbox 1669 5534 1846 5610; x_wconf 76' lang='lat' dir='ltr'><strong>exire,</strong></span> <span class='ocrx_word' id='word_1_560' title='bbox 1888 5542 2070 5618; x_wconf 86' lang='lat' dir='ltr'><strong>votum</strong></span> 
     </span>
    </p>
   </div>
   <div class='ocr_carea' id='block_1_78' title="bbox 563 5627 1124 5746">
    <p class='ocr_par' dir='ltr' id='par_1_78' title="bbox 563 5627 1124 5746">
     <span class='ocr_line' id='line_1_79' title="bbox 563 5627 1124 5746; baseline 0.007 -32"><span class='ocrx_word' id='word_1_561' title='bbox 563 5659 584 5746; x_wconf 59' lang='grc' dir='ltr'>τι</span> <span class='ocrx_word' id='word_1_562' title='bbox 605 5663 724 5715; x_wconf 75' lang='lat' dir='ltr'><strong>wn</strong></span> <span class='ocrx_word' id='word_1_563' title='bbox 743 5627 953 5730; x_wconf 52' lang='lat' dir='ltr'><strong>addunt?</strong></span> <span class='ocrx_word' id='word_1_564' title='bbox 962 5666 1124 5719; x_wconf 78' lang='lat' dir='ltr'><strong>voluit.</strong></span> 
     </span>
    </p>
   </div>
   <div class='ocr_carea' id='block_1_79' title="bbox 1948 181 2310 288">
    <p class='ocr_par' dir='ltr' id='par_1_79' title="bbox 1948 181 2310 288">
     <span class='ocr_line' id='line_1_80' title="bbox 1948 181 2310 288; baseline -0.008 -1"><span class='ocrx_word' id='word_1_565' title='bbox 1948 181 2310 288; x_wconf 68' lang='lat' dir='ltr'><strong>APPENDIX.</strong></span> 
     </span>
    </p>
   </div>
   <div class='ocr_carea' id='block_1_80' title="bbox 3634 231 3789 291">
    <p class='ocr_par' dir='ltr' id='par_1_80' title="bbox 3634 231 3789 291">
     <span class='ocr_line' id='line_1_81' title="bbox 3634 231 3789 291; baseline 0.026 -3"><span class='ocrx_word' id='word_1_566' title='bbox 3634 231 3789 291; x_wconf 59' lang='lat'><strong>1248</strong></span> 
     </span>
    </p>
   </div>
   <div class='ocr_carea' id='block_1_81' title="bbox 2196 345 3787 419">
    <p class='ocr_par' dir='ltr' id='par_1_81' title="bbox 2196 345 3787 419">
     <span class='ocr_line' id='line_1_82' title="bbox 2196 345 3787 419; baseline 0.003 -20"><span class='ocrx_word' id='word_1_567' title='bbox 2196 346 2409 419; x_wconf 74' lang='lat' dir='ltr'><strong>frango;</strong></span> <span class='ocrx_word' id='word_1_568' title='bbox 2454 345 2498 401; x_wconf 89' lang='lat' dir='ltr'><strong>si</strong></span> <span class='ocrx_word' id='word_1_569' title='bbox 2529 353 2671 402; x_wconf 90' lang='lat' dir='ltr'><strong>stare</strong></span> <span class='ocrx_word' id='word_1_570' title='bbox 2691 353 2936 419; x_wconf 87' lang='lat' dir='ltr'><strong>,_patrem</strong></span> <span class='ocrx_word' id='word_1_571' title='bbox 2963 348 3097 402; x_wconf 90' lang='lat' dir='ltr'><strong>mori</strong></span> <span class='ocrx_word' id='word_1_572' title='bbox 3125 345 3396 419; x_wconf 84' lang='lat' dir='ltr'><strong>permitto.</strong></span> <span class='ocrx_word' id='word_1_573' title='bbox 3443 345 3582 419; x_wconf 84' lang='lat' dir='ltr'><strong>Quid</strong></span> <span class='ocrx_word' id='word_1_574' title='bbox 3611 349 3787 419; x_wconf 79' lang='lat' dir='ltr'><strong>ergo?</strong></span> 
     </span>
    </p>
   </div>
   <div class='ocr_carea' id='block_1_82' title="bbox 2191 416 3770 488">
    <p class='ocr_par' dir='ltr' id='par_1_82' title="bbox 2191 416 3770 488">
     <span class='ocr_line' id='line_1_83' title="bbox 2191 416 3770 488; baseline 0.003 -17"><span class='ocrx_word' id='word_1_575' title='bbox 2191 416 2235 471; x_wconf 97' lang='lat'><strong>0</strong></span> <span class='ocrx_word' id='word_1_576' title='bbox 2277 417 2470 488; x_wconf 86' lang='lat' dir='ltr'><strong>fratres</strong></span> <span class='ocrx_word' id='word_1_577' title='bbox 2490 457 2505 481; x_wconf 88' lang='lat'><strong>,</strong></span> <span class='ocrx_word' id='word_1_578' title='bbox 2550 417 2805 473; x_wconf 85' lang='lat' dir='ltr'><strong>attendite</strong></span> <span class='ocrx_word' id='word_1_579' title='bbox 2834 419 2957 484; x_wconf 89' lang='lat' dir='ltr'><strong>quid</strong></span> <span class='ocrx_word' id='word_1_580' title='bbox 2988 416 3144 488; x_wconf 83' lang='lat' dir='ltr'><strong>agere</strong></span> <span class='ocrx_word' id='word_1_581' title='bbox 3173 418 3412 472; x_wconf 77' lang='lat' dir='ltr'><strong>debeatis</strong></span> <span class='ocrx_word' id='word_1_582' title='bbox 3434 459 3449 484; x_wconf 93' lang='lat'><strong>,</strong></span> <span class='ocrx_word' id='word_1_583' title='bbox 3495 418 3632 472; x_wconf 90' lang='lat' dir='ltr'><strong>sicut</strong></span> <span class='ocrx_word' id='word_1_584' title='bbox 3659 416 3770 488; x_wconf 79' lang='lat' dir='ltr'><strong>pro</strong></span> 
     </span>
    </p>
   </div>
   <div class='ocr_carea' id='block_1_83' title="bbox 2192 487 3781 556">
    <p class='ocr_par' dir='ltr' id='par_1_83' title="bbox 2192 487 3781 556">
     <span class='ocr_line' id='line_1_84' title="bbox 2192 487 3781 556; baseline 0.004 -16"><span class='ocrx_word' id='word_1_585' title='bbox 2192 503 2331 542; x_wconf 90' lang='lat' dir='ltr'><strong>nunc</strong></span> <span class='ocrx_word' id='word_1_586' title='bbox 2365 487 2492 542; x_wconf 87' lang='lat' dir='ltr'><strong>mihi</strong></span> <span class='ocrx_word' id='word_1_587' title='bbox 2524 488 2774 543; x_wconf 91' lang='lat' dir='ltr'><strong>occurrit.</strong></span> <span class='ocrx_word' id='word_1_588' title='bbox 2820 488 2949 542; x_wconf 86' lang='lat' dir='ltr'><strong>Nam</strong></span> <span class='ocrx_word' id='word_1_589' title='bbox 2980 487 3203 556; x_wconf 83' lang='lat' dir='ltr'><strong>sipater</strong></span> <span class='ocrx_word' id='word_1_590' title='bbox 3230 488 3454 556; x_wconf 85' lang='lat' dir='ltr'><strong>alicujus</strong></span> <span class='ocrx_word' id='word_1_591' title='bbox 3495 489 3610 544; x_wconf 88' lang='lat' dir='ltr'><strong>sine</strong></span> <span class='ocrx_word' id='word_1_592' title='bbox 3659 487 3781 546; x_wconf 81' lang='lat' dir='ltr'><strong>filio</strong></span> 
     </span>
    </p>
   </div>
   <div class='ocr_carea' id='block_1_84' title="bbox 2190 558 3780 628">
    <p class='ocr_par' dir='ltr' id='par_1_84' title="bbox 2190 558 3780 628">
     <span class='ocr_line' id='line_1_85' title="bbox 2190 558 3780 628; baseline 0.003 -18"><span class='ocrx_word' id='word_1_593' title='bbox 2190 559 2450 612; x_wconf 89' lang='lat' dir='ltr'><strong>monacho</strong></span> <span class='ocrx_word' id='word_1_594' title='bbox 2475 558 2654 612; x_wconf 91' lang='lat' dir='ltr'><strong>vivere</strong></span> <span class='ocrx_word' id='word_1_595' title='bbox 2695 558 2994 612; x_wconf 88' lang='lat' dir='ltr'><strong>nullatenus</strong></span> <span class='ocrx_word' id='word_1_596' title='bbox 3022 568 3229 626; x_wconf 89' lang='lat' dir='ltr'><strong>potest,</strong></span> <span class='ocrx_word' id='word_1_597' title='bbox 3278 573 3569 628; x_wconf 89' lang='lat' dir='ltr'><strong>procurare</strong></span> <span class='ocrx_word' id='word_1_598' title='bbox 3611 560 3780 615; x_wconf 86' lang='lat' dir='ltr'><strong>debet</strong></span> 
     </span>
    </p>
   </div>
   <div class='ocr_carea' id='block_1_85' title="bbox 2193 627 3768 698">
    <p class='ocr_par' dir='ltr' id='par_1_85' title="bbox 2193 627 3768 698">
     <span class='ocr_line' id='line_1_86' title="bbox 2193 627 3768 698; baseline 0.004 -19"><span class='ocrx_word' id='word_1_599' title='bbox 2193 627 2328 698; x_wconf 70' lang='lat' dir='ltr'><strong>iilius</strong></span> <span class='ocrx_word' id='word_1_600' title='bbox 2356 629 2622 698; x_wconf 88' lang='lat' dir='ltr'><strong>quomodo</strong></span> <span class='ocrx_word' id='word_1_601' title='bbox 2642 628 2708 684; x_wconf 90' lang='lat' dir='ltr'><strong>de</strong></span> <span class='ocrx_word' id='word_1_602' title='bbox 2730 629 2883 683; x_wconf 90' lang='lat' dir='ltr'><strong>bonis</strong></span> <span class='ocrx_word' id='word_1_603' title='bbox 2906 629 3209 683; x_wconf 89' lang='lat' dir='ltr'><strong>monasterii</strong></span> <span class='ocrx_word' id='word_1_604' title='bbox 3234 627 3370 698; x_wconf 85' lang='lat' dir='ltr'><strong>patri</strong></span> <span class='ocrx_word' id='word_1_605' title='bbox 3398 629 3768 686; x_wconf 87' lang='lat' dir='ltr'><strong>subveniatur.</strong></span> 
     </span>
    </p>
   </div>
   <div class='ocr_carea' id='block_1_86' title="bbox 2190 697 3776 768">
    <p class='ocr_par' dir='ltr' id='par_1_86' title="bbox 2190 697 3776 768">
     <span class='ocr_line' id='line_1_87' title="bbox 2190 697 3776 768; baseline 0.003 -17"><span class='ocrx_word' id='word_1_606' title='bbox 2190 697 2258 751; x_wconf 84' lang='lat' dir='ltr'><strong>Et</strong></span> <span class='ocrx_word' id='word_1_607' title='bbox 2279 698 2322 752; x_wconf 89' lang='lat' dir='ltr'><strong>si</strong></span> <span class='ocrx_word' id='word_1_608' title='bbox 2347 697 2720 753; x_wconf 85' lang='lat' dir='ltr'><strong>monasterium</strong></span> <span class='ocrx_word' id='word_1_609' title='bbox 2754 701 3018 768; x_wconf 83' lang='lat' dir='ltr'><strong>impotens</strong></span> <span class='ocrx_word' id='word_1_610' title='bbox 3049 699 3233 766; x_wconf 86' lang='lat' dir='ltr'><strong>fuerit,</strong></span> <span class='ocrx_word' id='word_1_611' title='bbox 3266 699 3406 753; x_wconf 87' lang='lat' dir='ltr'><strong>filius</strong></span> <span class='ocrx_word' id='word_1_612' title='bbox 3437 708 3550 753; x_wconf 90' lang='lat' dir='ltr'><strong>toto</strong></span> <span class='ocrx_word' id='word_1_613' title='bbox 3574 701 3776 756; x_wconf 79' lang='lat' dir='ltr'><strong>affectu</strong></span> 
     </span>
    </p>
   </div>
   <div class='ocr_carea' id='block_1_87' title="bbox 2191 768 3772 838">
    <p class='ocr_par' dir='ltr' id='par_1_87' title="bbox 2191 768 3772 838">
     <span class='ocr_line' id='line_1_88' title="bbox 2191 768 3772 838; baseline 0.004 -19"><span class='ocrx_word' id='word_1_614' title='bbox 2191 768 2366 822; x_wconf 86' lang='lat' dir='ltr'><strong>videat</strong></span> <span class='ocrx_word' id='word_1_615' title='bbox 2391 769 2654 836; x_wconf 91' lang='lat' dir='ltr'><strong>quomodo</strong></span> <span class='ocrx_word' id='word_1_616' title='bbox 2683 771 2816 838; x_wconf 91' lang='lat' dir='ltr'><strong>patri</strong></span> <span class='ocrx_word' id='word_1_617' title='bbox 2847 785 2950 824; x_wconf 91' lang='lat' dir='ltr'><strong>non</strong></span> <span class='ocrx_word' id='word_1_618' title='bbox 2979 771 3206 824; x_wconf 90' lang='lat' dir='ltr'><strong>deficiat.</strong></span> <span class='ocrx_word' id='word_1_619' title='bbox 3239 770 3308 823; x_wconf 91' lang='lat' dir='ltr'><strong>Et</strong></span> <span class='ocrx_word' id='word_1_620' title='bbox 3331 771 3376 823; x_wconf 92' lang='lat' dir='ltr'><strong>si</strong></span> <span class='ocrx_word' id='word_1_621' title='bbox 3409 786 3512 823; x_wconf 93' lang='lat' dir='ltr'><strong>non</strong></span> <span class='ocrx_word' id='word_1_622' title='bbox 3539 771 3772 838; x_wconf 89' lang='lat' dir='ltr'><strong>viderit,</strong></span> 
     </span>
    </p>
   </div>
   <div class='ocr_carea' id='block_1_88' title="bbox 2189 839 3775 896">
    <p class='ocr_par' dir='ltr' id='par_1_88' title="bbox 2189 839 3775 896">
     <span class='ocr_line' id='line_1_89' title="bbox 2189 839 3775 896; baseline 0.003 -4"><span class='ocrx_word' id='word_1_623' title='bbox 2189 853 2308 892; x_wconf 91' lang='lat' dir='ltr'><strong>cum</strong></span> <span class='ocrx_word' id='word_1_624' title='bbox 2339 839 2430 893; x_wconf 90' lang='lat' dir='ltr'><strong>Dei</strong></span> <span class='ocrx_word' id='word_1_625' title='bbox 2463 839 2824 894; x_wconf 88' lang='lat' dir='ltr'><strong>benedictione</strong></span> <span class='ocrx_word' id='word_1_626' title='bbox 2863 843 3241 894; x_wconf 89' lang='lat' dir='ltr'><strong>monasterium</strong></span> <span class='ocrx_word' id='word_1_627' title='bbox 3297 840 3363 894; x_wconf 92' lang='lat' dir='ltr'><strong>de</strong></span> <span class='ocrx_word' id='word_1_628' title='bbox 3404 840 3615 895; x_wconf 89' lang='lat' dir='ltr'><strong>licentia</strong></span> <span class='ocrx_word' id='word_1_629' title='bbox 3653 857 3775 896; x_wconf 83' lang='lat' dir='ltr'><strong>ma-</strong></span> 
     </span>
    </p>
   </div>
   <div class='ocr_carea' id='block_1_89' title="bbox 2185 909 3768 980">
    <p class='ocr_par' dir='ltr' id='par_1_89' title="bbox 2185 909 3768 980">
     <span class='ocr_line' id='line_1_90' title="bbox 2185 909 3768 980; baseline 0.003 -18"><span class='ocrx_word' id='word_1_630' title='bbox 2185 909 2318 980; x_wconf 86' lang='lat' dir='ltr'><strong>joris</strong></span> <span class='ocrx_word' id='word_1_631' title='bbox 2342 917 2514 973; x_wconf 77' lang='lat' dir='ltr'><strong>exeat,</strong></span> <span class='ocrx_word' id='word_1_632' title='bbox 2543 919 2596 963; x_wconf 91' lang='lat' dir='ltr'><strong>et</strong></span> <span class='ocrx_word' id='word_1_633' title='bbox 2621 910 2782 964; x_wconf 90' lang='lat' dir='ltr'><strong>verbo</strong></span> <span class='ocrx_word' id='word_1_634' title='bbox 2809 920 2862 964; x_wconf 91' lang='lat' dir='ltr'><strong>et</strong></span> <span class='ocrx_word' id='word_1_635' title='bbox 2891 926 3052 980; x_wconf 89' lang='lat' dir='ltr'><strong>opere</strong></span> <span class='ocrx_word' id='word_1_636' title='bbox 3079 911 3215 979; x_wconf 91' lang='lat' dir='ltr'><strong>patri</strong></span> <span class='ocrx_word' id='word_1_637' title='bbox 3245 911 3543 976; x_wconf 87' lang='lat' dir='ltr'><strong>subveniat,</strong></span> <span class='ocrx_word' id='word_1_638' title='bbox 3570 919 3626 965; x_wconf 86' lang='lat' dir='ltr'><strong>ut</strong></span> <span class='ocrx_word' id='word_1_639' title='bbox 3654 928 3768 968; x_wconf 86' lang='lat' dir='ltr'><strong>non</strong></span> 
     </span>
    </p>
   </div>
   <div class='ocr_carea' id='block_1_90' title="bbox 2189 979 3762 1050">
    <p class='ocr_par' dir='ltr' id='par_1_90' title="bbox 2189 979 3762 1050">
     <span class='ocr_line' id='line_1_91' title="bbox 2189 979 3762 1050; baseline 0.003 -17"><span class='ocrx_word' id='word_1_640' title='bbox 2189 979 2398 1034; x_wconf 89' lang='lat' dir='ltr'><strong>deficiat</strong></span> <span class='ocrx_word' id='word_1_641' title='bbox 2441 995 2505 1033; x_wconf 83' lang='lat' dir='ltr'><strong>ex</strong></span> <span class='ocrx_word' id='word_1_642' title='bbox 2545 979 2860 1049; x_wconf 79' lang='lat' dir='ltr'><strong>negligentia</strong></span> <span class='ocrx_word' id='word_1_643' title='bbox 2883 1022 2897 1044; x_wconf 93' lang='lat'><strong>,</strong></span> <span class='ocrx_word' id='word_1_644' title='bbox 2930 979 3031 1035; x_wconf 88' lang='lat' dir='ltr'><strong>nec</strong></span> <span class='ocrx_word' id='word_1_645' title='bbox 3059 990 3237 1034; x_wconf 93' lang='lat' dir='ltr'><strong>votum</strong></span> <span class='ocrx_word' id='word_1_646' title='bbox 3266 981 3509 1050; x_wconf 80' lang='lat' dir='ltr'><strong>frangere</strong></span> <span class='ocrx_word' id='word_1_647' title='bbox 3538 983 3723 1037; x_wconf 87' lang='lat' dir='ltr'><strong>credat</strong></span> <span class='ocrx_word' id='word_1_648' title='bbox 3747 1001 3762 1036; x_wconf 91' lang='lat'><strong>:</strong></span> 
     </span>
    </p>
   </div>
   <div class='ocr_carea' id='block_1_91' title="bbox 2189 1049 3768 1119">
    <p class='ocr_par' dir='ltr' id='par_1_91' title="bbox 2189 1049 3768 1119">
     <span class='ocr_line' id='line_1_92' title="bbox 2189 1049 3768 1119; baseline 0.004 -18"><span class='ocrx_word' id='word_1_649' title='bbox 2189 1049 2306 1118; x_wconf 88' lang='lat' dir='ltr'><strong>quia</strong></span> <span class='ocrx_word' id='word_1_650' title='bbox 2337 1051 2381 1104; x_wconf 92' lang='lat' dir='ltr'><strong>si</strong></span> <span class='ocrx_word' id='word_1_651' title='bbox 2411 1058 2531 1119; x_wconf 90' lang='lat' dir='ltr'><strong>post</strong></span> <span class='ocrx_word' id='word_1_652' title='bbox 2570 1061 2771 1119; x_wconf 88' lang='lat' dir='ltr'><strong>patrem</strong></span> <span class='ocrx_word' id='word_1_653' title='bbox 2813 1051 3039 1106; x_wconf 88' lang='lat' dir='ltr'><strong>vivendo</strong></span> <span class='ocrx_word' id='word_1_654' title='bbox 3084 1049 3432 1118; x_wconf 76' lang='lat' dir='ltr'><strong>remanserit,</strong></span> <span class='ocrx_word' id='word_1_655' title='bbox 3474 1051 3650 1105; x_wconf 83' lang='lat' dir='ltr'><strong>statim</strong></span> <span class='ocrx_word' id='word_1_656' title='bbox 3692 1053 3768 1108; x_wconf 86' lang='lat' dir='ltr'><strong>ad</strong></span> 
     </span>
    </p>
   </div>
   <div class='ocr_carea' id='block_1_92' title="bbox 2188 1120 3766 1191">
    <p class='ocr_par' dir='ltr' id='par_1_92' title="bbox 2188 1120 3766 1191">
     <span class='ocr_line' id='line_1_93' title="bbox 2188 1120 3766 1191; baseline 0.004 -18"><span class='ocrx_word' id='word_1_657' title='bbox 2188 1121 2461 1191; x_wconf 83' lang='lat' dir='ltr'><strong>pristinam</strong></span> <span class='ocrx_word' id='word_1_658' title='bbox 2504 1120 2663 1174; x_wconf 89' lang='lat' dir='ltr'><strong>vitam</strong></span> <span class='ocrx_word' id='word_1_659' title='bbox 2698 1121 2874 1176; x_wconf 90' lang='lat' dir='ltr'><strong>redire</strong></span> <span class='ocrx_word' id='word_1_660' title='bbox 2917 1137 3019 1176; x_wconf 93' lang='lat' dir='ltr'><strong>non</strong></span> <span class='ocrx_word' id='word_1_661' title='bbox 3061 1122 3268 1191; x_wconf 82' lang='lat' dir='ltr'><strong>pigeat,</strong></span> <span class='ocrx_word' id='word_1_662' title='bbox 3310 1131 3492 1176; x_wconf 88' lang='lat' dir='ltr'><strong>sancte</strong></span> <span class='ocrx_word' id='word_1_663' title='bbox 3528 1133 3582 1176; x_wconf 90' lang='lat' dir='ltr'><strong>et</strong></span> <span class='ocrx_word' id='word_1_664' title='bbox 3619 1123 3766 1191; x_wconf 82' lang='lat' dir='ltr'><strong>juste</strong></span> 
     </span>
    </p>
   </div>
   <div class='ocr_carea' id='block_1_93' title="bbox 2188 1189 3762 1262">
    <p class='ocr_par' dir='ltr' id='par_1_93' title="bbox 2188 1189 3762 1262">
     <span class='ocr_line' id='line_1_94' title="bbox 2188 1189 3762 1262; baseline 0.003 -19"><span class='ocrx_word' id='word_1_665' title='bbox 2188 1189 2434 1262; x_wconf 85' lang='lat' dir='ltr'><strong>vivendo,</strong></span> <span class='ocrx_word' id='word_1_666' title='bbox 2480 1191 2616 1262; x_wconf 90' lang='lat' dir='ltr'><strong>sicut</strong></span> <span class='ocrx_word' id='word_1_667' title='bbox 2663 1191 2965 1260; x_wconf 87' lang='lat' dir='ltr'><strong>inceperat,</strong></span> <span class='ocrx_word' id='word_1_668' title='bbox 3011 1189 3075 1247; x_wconf 88' lang='lat' dir='ltr'><strong>et</strong></span> <span class='ocrx_word' id='word_1_669' title='bbox 3108 1189 3254 1245; x_wconf 85' lang='lat' dir='ltr'><strong>tanto</strong></span> <span class='ocrx_word' id='word_1_670' title='bbox 3303 1191 3512 1262; x_wconf 86' lang='lat' dir='ltr'><strong>fortius,</strong></span> <span class='ocrx_word' id='word_1_671' title='bbox 3557 1189 3762 1262; x_wconf 84' lang='lat' dir='ltr'><strong>quanto</strong></span> 
     </span>
    </p>
   </div>
   <div class='ocr_carea' id='block_1_94' title="bbox 2186 1260 3762 1329">
    <p class='ocr_par' dir='ltr' id='par_1_94' title="bbox 2186 1260 3762 1329">
     <span class='ocr_line' id='line_1_95' title="bbox 2186 1260 3762 1329; baseline 0.003 -15"><span class='ocrx_word' id='word_1_672' title='bbox 2186 1260 2410 1314; x_wconf 86' lang='lat' dir='ltr'><strong>senserit</strong></span> <span class='ocrx_word' id='word_1_673' title='bbox 2435 1275 2493 1314; x_wconf 92' lang='lat' dir='ltr'><strong>se</strong></span> <span class='ocrx_word' id='word_1_674' title='bbox 2518 1261 2636 1329; x_wconf 90' lang='lat' dir='ltr'><strong>plus</strong></span> <span class='ocrx_word' id='word_1_675' title='bbox 2664 1261 2714 1316; x_wconf 92' lang='lat' dir='ltr'><strong>in</strong></span> <span class='ocrx_word' id='word_1_676' title='bbox 2742 1271 2964 1328; x_wconf 89' lang='lat' dir='ltr'><strong>paterno</strong></span> <span class='ocrx_word' id='word_1_677' title='bbox 2989 1262 3286 1317; x_wconf 92' lang='lat' dir='ltr'><strong>ministerio</strong></span> <span class='ocrx_word' id='word_1_678' title='bbox 3307 1261 3441 1316; x_wconf 90' lang='lat' dir='ltr'><strong>ultra</strong></span> <span class='ocrx_word' id='word_1_679' title='bbox 3469 1260 3762 1319; x_wconf 78' lang='lat' dir='ltr'><strong>necessita-</strong></span> 
     </span>
    </p>
   </div>
   <div class='ocr_carea' id='block_1_95' title="bbox 2186 1332 3760 1414">
    <p class='ocr_par' dir='ltr' id='par_1_95' title="bbox 2186 1332 3760 1414">
     <span class='ocr_line' id='line_1_96' title="bbox 2186 1332 3760 1414; baseline 0.004 -31"><span class='ocrx_word' id='word_1_680' title='bbox 2186 1336 2295 1414; x_wconf 67' lang='lat' dir='ltr'><strong>tem</strong></span> <span class='ocrx_word' id='word_1_681' title='bbox 2320 1340 2610 1400; x_wconf 89' lang='lat' dir='ltr'><strong>gravatum.</strong></span> <span class='ocrx_word' id='word_1_682' title='bbox 2642 1332 2824 1414; x_wconf 77' lang='lat' dir='ltr'><strong>Nullus</strong></span> <span class='ocrx_word' id='word_1_683' title='bbox 2855 1332 3014 1414; x_wconf 73' lang='lat' dir='ltr'><strong>igitur</strong></span> <span class='ocrx_word' id='word_1_684' title='bbox 3041 1333 3162 1398; x_wconf 84' lang='lat' dir='ltr'><strong>erit,</strong></span> <span class='ocrx_word' id='word_1_685' title='bbox 3193 1332 3370 1414; x_wconf 63' lang='lat' dir='ltr'><strong>quise</strong></span> <span class='ocrx_word' id='word_1_686' title='bbox 3394 1333 3760 1414; x_wconf 77' lang='lat' dir='ltr'><strong>amiserieor-</strong></span> 
     </span>
    </p>
   </div>
   <div class='ocr_carea' id='block_1_96' title="bbox 2187 1399 3758 1474">
    <p class='ocr_par' dir='ltr' id='par_1_96' title="bbox 2187 1399 3758 1474">
     <span class='ocr_line' id='line_1_97' title="bbox 2187 1399 3758 1474; baseline 0.003 -20"><span class='ocrx_word' id='word_1_687' title='bbox 2187 1399 2272 1454; x_wconf 89' lang='lat' dir='ltr'><strong>dia</strong></span> <span class='ocrx_word' id='word_1_688' title='bbox 2307 1399 2754 1474; x_wconf 34' lang='lat' dir='ltr'><strong>excusareupossit</strong></span> <span class='ocrx_word' id='word_1_689' title='bbox 2776 1399 3101 1474; x_wconf 14' lang='lat' dir='ltr'><strong>:‘neerdiyes,</strong></span> <span class='ocrx_word' id='word_1_690' title='bbox 3137 1399 3257 1472; x_wconf 89' lang='lat' dir='ltr'><strong>quia</strong></span> <span class='ocrx_word' id='word_1_691' title='bbox 3285 1402 3472 1468; x_wconf 87' lang='lat' dir='ltr'><strong>habet;</strong></span> <span class='ocrx_word' id='word_1_692' title='bbox 3499 1417 3599 1457; x_wconf 87' lang='lat' dir='ltr'><strong>nec</strong></span> <span class='ocrx_word' id='word_1_693' title='bbox 3622 1419 3758 1474; x_wconf 81' lang='lat' dir='ltr'><strong>pau-</strong></span> 
     </span>
    </p>
   </div>
   <div class='ocr_carea' id='block_1_97' title="bbox 2189 1469 3756 1542">
    <p class='ocr_par' dir='ltr' id='par_1_97' title="bbox 2189 1469 3756 1542">
     <span class='ocr_line' id='line_1_98' title="bbox 2189 1469 3756 1542; baseline 0.003 -18"><span class='ocrx_word' id='word_1_694' title='bbox 2189 1485 2282 1542; x_wconf 83' lang='lat' dir='ltr'><strong>per</strong></span> <span class='ocrx_word' id='word_1_695' title='bbox 2299 1512 2314 1536; x_wconf 97' lang='lat'><strong>,</strong></span> <span class='ocrx_word' id='word_1_696' title='bbox 2345 1471 2466 1540; x_wconf 91' lang='lat' dir='ltr'><strong>quia</strong></span> <span class='ocrx_word' id='word_1_697' title='bbox 2492 1469 2654 1542; x_wconf 82' lang='lat' dir='ltr'><strong>calice</strong></span> <span class='ocrx_word' id='word_1_698' title='bbox 2681 1487 2830 1542; x_wconf 66' lang='lat' dir='ltr'><strong>aquae</strong></span> <span class='ocrx_word' id='word_1_699' title='bbox 2861 1471 3061 1542; x_wconf 69' lang='lat' dir='ltr'><strong>frigida:</strong></span> <span class='ocrx_word' id='word_1_700' title='bbox 3088 1469 3193 1527; x_wconf 82' lang='lat' dir='ltr'><strong>non</strong></span> <span class='ocrx_word' id='word_1_701' title='bbox 3222 1481 3404 1538; x_wconf 90' lang='lat' dir='ltr'><strong>caret;</strong></span> <span class='ocrx_word' id='word_1_702' title='bbox 3436 1487 3539 1528; x_wconf 90' lang='lat' dir='ltr'><strong>nec</strong></span> <span class='ocrx_word' id='word_1_703' title='bbox 3562 1469 3756 1529; x_wconf 82' lang='lat' dir='ltr'><strong>mona-</strong></span> 
     </span>
    </p>
   </div>
   <div class='ocr_carea' id='block_1_98' title="bbox 2187 1539 3758 1614">
    <p class='ocr_par' dir='ltr' id='par_1_98' title="bbox 2187 1539 3758 1614">
     <span class='ocr_line' id='line_1_99' title="bbox 2187 1539 3758 1614; baseline 0.004 -20"><span class='ocrx_word' id='word_1_704' title='bbox 2187 1539 2318 1614; x_wconf 89' lang='lat' dir='ltr'><strong>chus</strong></span> <span class='ocrx_word' id='word_1_705' title='bbox 2339 1539 2505 1614; x_wconf 55' lang='lat' dir='ltr'><strong>{quia</strong></span> <span class='ocrx_word' id='word_1_706' title='bbox 2551 1539 3129 1614; x_wconf 56' lang='lat' dir='ltr'><strong>saltem&#39;orare&#39;debet.</strong></span> <span class='ocrx_word' id='word_1_707' title='bbox 3157 1543 3201 1597; x_wconf 90' lang='lat'><strong>0</strong></span> <span class='ocrx_word' id='word_1_708' title='bbox 3225 1544 3385 1614; x_wconf 80' lang='lat' dir='ltr'><strong>homo</strong></span> <span class='ocrx_word' id='word_1_709' title='bbox 3411 1543 3501 1614; x_wconf 89' lang='lat' dir='ltr'><strong>qui</strong></span> <span class='ocrx_word' id='word_1_710' title='bbox 3525 1543 3758 1600; x_wconf 90' lang='lat' dir='ltr'><strong>crudelis</strong></span> 
     </span>
    </p>
   </div>
   <div class='ocr_carea' id='block_1_99' title="bbox 2185 1611 3755 1682">
    <p class='ocr_par' dir='ltr' id='par_1_99' title="bbox 2185 1611 3755 1682">
     <span class='ocr_line' id='line_1_100' title="bbox 2185 1611 3755 1682; baseline 0.002 -16"><span class='ocrx_word' id='word_1_711' title='bbox 2185 1625 2244 1682; x_wconf 84' lang='lat' dir='ltr'><strong>es</strong></span> <span class='ocrx_word' id='word_1_712' title='bbox 2273 1612 2325 1666; x_wconf 91' lang='lat' dir='ltr'><strong>in</strong></span> <span class='ocrx_word' id='word_1_713' title='bbox 2351 1611 2568 1666; x_wconf 89' lang='lat' dir='ltr'><strong>alterius</strong></span> <span class='ocrx_word' id='word_1_714' title='bbox 2588 1611 2788 1680; x_wconf 89' lang='lat' dir='ltr'><strong>justitia</strong></span> <span class='ocrx_word' id='word_1_715' title='bbox 2809 1654 2822 1675; x_wconf 92' lang='lat'><strong>,</strong></span> <span class='ocrx_word' id='word_1_716' title='bbox 2866 1621 2918 1682; x_wconf 88' lang='lat' dir='ltr'><strong>te</strong></span> <span class='ocrx_word' id='word_1_717' title='bbox 2957 1613 3128 1682; x_wconf 89' lang='lat' dir='ltr'><strong>ipsum</strong></span> <span class='ocrx_word' id='word_1_718' title='bbox 3161 1611 3306 1682; x_wconf 91' lang='lat' dir='ltr'><strong>prius</strong></span> <span class='ocrx_word' id='word_1_719' title='bbox 3342 1611 3591 1682; x_wconf 82' lang='lat' dir='ltr'><strong>agnosce.</strong></span> <span class='ocrx_word' id='word_1_720' title='bbox 3623 1614 3755 1669; x_wconf 77' lang='lat' dir='ltr'><strong>Nam</strong></span> 
     </span>
    </p>
   </div>
   <div class='ocr_carea' id='block_1_100' title="bbox 2186 1681 3750 1752">
    <p class='ocr_par' dir='ltr' id='par_1_100' title="bbox 2186 1681 3750 1752">
     <span class='ocr_line' id='line_1_101' title="bbox 2186 1681 3750 1752; baseline 0.003 -17"><span class='ocrx_word' id='word_1_721' title='bbox 2186 1681 2231 1752; x_wconf 88' lang='lat' dir='ltr'><strong>si</strong></span> <span class='ocrx_word' id='word_1_722' title='bbox 2259 1682 2429 1736; x_wconf 89' lang='lat' dir='ltr'><strong>bonus</strong></span> <span class='ocrx_word' id='word_1_723' title='bbox 2463 1695 2554 1752; x_wconf 84' lang='lat' dir='ltr'><strong>es,</strong></span> <span class='ocrx_word' id='word_1_724' title='bbox 2593 1697 2627 1736; x_wconf 94' lang='lat' dir='ltr'><strong>o</strong></span> <span class='ocrx_word' id='word_1_725' title='bbox 2668 1681 3192 1748; x_wconf 35' lang='lat' dir='ltr'><strong>monaebe,’eadere</strong></span> <span class='ocrx_word' id='word_1_726' title='bbox 3231 1681 3454 1738; x_wconf 83' lang='lat' dir='ltr'><strong>faciliter</strong></span> <span class='ocrx_word' id='word_1_727' title='bbox 3487 1693 3639 1752; x_wconf 91' lang='lat' dir='ltr'><strong>potes</strong></span> <span class='ocrx_word' id='word_1_728' title='bbox 3663 1703 3674 1736; x_wconf 93' lang='lat'><strong>:</strong></span> <span class='ocrx_word' id='word_1_729' title='bbox 3697 1686 3750 1740; x_wconf 90' lang='lat' dir='ltr'><strong>si</strong></span> 
     </span>
    </p>
   </div>
   <div class='ocr_carea' id='block_1_101' title="bbox 2187 1751 3756 1818">
    <p class='ocr_par' dir='ltr' id='par_1_101' title="bbox 2187 1751 3756 1818">
     <span class='ocr_line' id='line_1_102' title="bbox 2187 1751 3756 1818; baseline 0.003 -14"><span class='ocrx_word' id='word_1_730' title='bbox 2187 1751 2336 1807; x_wconf 88' lang='lat' dir='ltr'><strong>dives</strong></span> <span class='ocrx_word' id='word_1_731' title='bbox 2376 1767 2462 1817; x_wconf 91' lang='lat' dir='ltr'><strong>es,</strong></span> <span class='ocrx_word' id='word_1_732' title='bbox 2507 1751 2706 1806; x_wconf 83' lang='lat' dir='ltr'><strong>donum</strong></span> <span class='ocrx_word' id='word_1_733' title='bbox 2732 1753 2957 1807; x_wconf 72' lang='lat' dir='ltr'><strong>fortuna:</strong></span> <span class='ocrx_word' id='word_1_734' title='bbox 2982 1762 3094 1818; x_wconf 89' lang='lat' dir='ltr'><strong>est,</strong></span> <span class='ocrx_word' id='word_1_735' title='bbox 3125 1767 3229 1807; x_wconf 90' lang='lat' dir='ltr'><strong>non</strong></span> <span class='ocrx_word' id='word_1_736' title='bbox 3259 1761 3464 1807; x_wconf 71' lang='lat' dir='ltr'><strong>natura:</strong></span> <span class='ocrx_word' id='word_1_737' title='bbox 3485 1751 3502 1806; x_wconf 76' lang='grc' dir='ltr'>ξ</span> <span class='ocrx_word' id='word_1_738' title='bbox 3525 1755 3567 1807; x_wconf 92' lang='lat' dir='ltr'><strong>si</strong></span> <span class='ocrx_word' id='word_1_739' title='bbox 3595 1769 3756 1810; x_wconf 83' lang='lat' dir='ltr'><strong>sanus</strong></span> 
     </span>
    </p>
   </div>
   <div class='ocr_carea' id='block_1_102' title="bbox 2187 1821 3758 1893">
    <p class='ocr_par' dir='ltr' id='par_1_102' title="bbox 2187 1821 3758 1893">
     <span class='ocr_line' id='line_1_103' title="bbox 2187 1821 3758 1893; baseline 0.003 -18"><span class='ocrx_word' id='word_1_740' title='bbox 2187 1835 2246 1875; x_wconf 90' lang='lat' dir='ltr'><strong>es</strong></span> <span class='ocrx_word' id='word_1_741' title='bbox 2269 1863 2282 1885; x_wconf 87' lang='lat'><strong>,</strong></span> <span class='ocrx_word' id='word_1_742' title='bbox 2313 1837 2438 1877; x_wconf 87' lang='lat' dir='ltr'><strong>ecce</strong></span> <span class='ocrx_word' id='word_1_743' title='bbox 2468 1821 2750 1877; x_wconf 90' lang='lat' dir='ltr'><strong>infirmitas</strong></span> <span class='ocrx_word' id='word_1_744' title='bbox 2781 1824 2943 1879; x_wconf 87' lang='lat' dir='ltr'><strong>instat</strong></span> <span class='ocrx_word' id='word_1_745' title='bbox 2966 1840 2978 1876; x_wconf 90' lang='lat'><strong>:</strong></span> <span class='ocrx_word' id='word_1_746' title='bbox 3000 1824 3044 1878; x_wconf 89' lang='lat' dir='ltr'><strong>si</strong></span> <span class='ocrx_word' id='word_1_747' title='bbox 3087 1822 3298 1893; x_wconf 86' lang='lat' dir='ltr'><strong>sapiens</strong></span> <span class='ocrx_word' id='word_1_748' title='bbox 3339 1839 3427 1888; x_wconf 89' lang='lat' dir='ltr'><strong>es,</strong></span> <span class='ocrx_word' id='word_1_749' title='bbox 3456 1838 3562 1877; x_wconf 92' lang='lat' dir='ltr'><strong>non</strong></span> <span class='ocrx_word' id='word_1_750' title='bbox 3591 1823 3758 1881; x_wconf 90' lang='lat' dir='ltr'><strong>babes</strong></span> 
     </span>
    </p>
   </div>
   <div class='ocr_carea' id='block_1_103' title="bbox 2185 1893 3756 1962">
    <p class='ocr_par' dir='ltr' id='par_1_103' title="bbox 2185 1893 3756 1962">
     <span class='ocr_line' id='line_1_104' title="bbox 2185 1893 3756 1962; baseline 0.003 -18"><span class='ocrx_word' id='word_1_751' title='bbox 2185 1893 2558 1945; x_wconf 92' lang='lat' dir='ltr'><strong>constantiam.</strong></span> <span class='ocrx_word' id='word_1_752' title='bbox 2588 1893 2751 1961; x_wconf 85' lang='lat' dir='ltr'><strong>Igitur</strong></span> <span class='ocrx_word' id='word_1_753' title='bbox 2776 1895 2914 1948; x_wconf 90' lang='lat' dir='ltr'><strong>circa</strong></span> <span class='ocrx_word' id='word_1_754' title='bbox 2955 1908 3161 1956; x_wconf 92' lang='lat' dir='ltr'><strong>omnes,</strong></span> <span class='ocrx_word' id='word_1_755' title='bbox 3191 1902 3297 1946; x_wconf 91' lang='lat' dir='ltr'><strong>tam</strong></span> <span class='ocrx_word' id='word_1_756' title='bbox 3325 1893 3464 1947; x_wconf 91' lang='lat' dir='ltr'><strong>circa</strong></span> <span class='ocrx_word' id='word_1_757' title='bbox 3491 1895 3756 1962; x_wconf 89' lang='lat' dir='ltr'><strong>sapientes</strong></span> 
     </span>
    </p>
   </div>
   <div class='ocr_carea' id='block_1_104' title="bbox 2186 1962 3753 2032">
    <p class='ocr_par' dir='ltr' id='par_1_104' title="bbox 2186 1962 3753 2032">
     <span class='ocr_line' id='line_1_105' title="bbox 2186 1962 3753 2032; baseline 0.004 -20"><span class='ocrx_word' id='word_1_758' title='bbox 2186 1975 2342 2032; x_wconf 87' lang='lat' dir='ltr'><strong>quam</strong></span> <span class='ocrx_word' id='word_1_759' title='bbox 2372 1962 2698 2032; x_wconf 87' lang='lat' dir='ltr'><strong>insipientes,</strong></span> <span class='ocrx_word' id='word_1_760' title='bbox 2718 1972 2823 2016; x_wconf 91' lang='lat' dir='ltr'><strong>tam</strong></span> <span class='ocrx_word' id='word_1_761' title='bbox 2842 1963 2980 2017; x_wconf 89' lang='lat' dir='ltr'><strong>circa</strong></span> <span class='ocrx_word' id='word_1_762' title='bbox 3007 1978 3164 2016; x_wconf 89' lang='lat' dir='ltr'><strong>sanos</strong></span> <span class='ocrx_word' id='word_1_763' title='bbox 3186 1977 3342 2032; x_wconf 91' lang='lat' dir='ltr'><strong>quam</strong></span> <span class='ocrx_word' id='word_1_764' title='bbox 3367 1963 3622 2026; x_wconf 86' lang='lat' dir='ltr'><strong>infirmos,</strong></span> <span class='ocrx_word' id='word_1_765' title='bbox 3648 1975 3753 2018; x_wconf 91' lang='lat' dir='ltr'><strong>tam</strong></span> 
     </span>
    </p>
   </div>
   <div class='ocr_carea' id='block_1_105' title="bbox 2186 2031 3755 2102">
    <p class='ocr_par' dir='ltr' id='par_1_105' title="bbox 2186 2031 3755 2102">
     <span class='ocr_line' id='line_1_106' title="bbox 2186 2031 3755 2102; baseline 0.005 -19"><span class='ocrx_word' id='word_1_766' title='bbox 2186 2031 2326 2102; x_wconf 86' lang='lat' dir='ltr'><strong>circa</strong></span> <span class='ocrx_word' id='word_1_767' title='bbox 2364 2031 2570 2087; x_wconf 89' lang='lat' dir='ltr'><strong>nobiles</strong></span> <span class='ocrx_word' id='word_1_768' title='bbox 2600 2048 2757 2102; x_wconf 91' lang='lat' dir='ltr'><strong>quam</strong></span> <span class='ocrx_word' id='word_1_769' title='bbox 2787 2033 3044 2101; x_wconf 74' lang='lat' dir='ltr'><strong>ignobiles</strong></span> <span class='ocrx_word' id='word_1_770' title='bbox 3082 2033 3502 2087; x_wconf 90' lang='lat' dir='ltr'><strong>misericordiam</strong></span> <span class='ocrx_word' id='word_1_771' title='bbox 3529 2033 3680 2089; x_wconf 85' lang='lat' dir='ltr'><strong>habe.</strong></span> <span class='ocrx_word' id='word_1_772' title='bbox 3707 2035 3755 2091; x_wconf 91' lang='grc' dir='ltr'><strong>Ο</strong></span> 
     </span>
    </p>
   </div>
   <div class='ocr_carea' id='block_1_106' title="bbox 2187 2100 3756 2172">
    <p class='ocr_par' dir='ltr' id='par_1_106' title="bbox 2187 2100 3756 2172">
     <span class='ocr_line' id='line_1_107' title="bbox 2187 2100 3756 2172; baseline 0.004 -19"><span class='ocrx_word' id='word_1_773' title='bbox 2187 2100 2367 2172; x_wconf 90' lang='lat' dir='ltr'><strong>homo,</strong></span> <span class='ocrx_word' id='word_1_774' title='bbox 2414 2103 2538 2172; x_wconf 90' lang='lat' dir='ltr'><strong>quid</strong></span> <span class='ocrx_word' id='word_1_775' title='bbox 2567 2100 2634 2157; x_wconf 79' lang='lat' dir='ltr'><strong>de</strong></span> <span class='ocrx_word' id='word_1_776' title='bbox 2664 2113 2715 2158; x_wconf 91' lang='lat' dir='ltr'><strong>te</strong></span> <span class='ocrx_word' id='word_1_777' title='bbox 2739 2100 2868 2165; x_wconf 77' lang='lat' dir='ltr'><strong>erit,</strong></span> <span class='ocrx_word' id='word_1_778' title='bbox 2916 2105 2959 2158; x_wconf 91' lang='lat' dir='ltr'><strong>si</strong></span> <span class='ocrx_word' id='word_1_779' title='bbox 2999 2105 3240 2157; x_wconf 88' lang='lat' dir='ltr'><strong>Salvator</strong></span> <span class='ocrx_word' id='word_1_780' title='bbox 3285 2112 3402 2157; x_wconf 91' lang='lat' dir='ltr'><strong>tuus</strong></span> <span class='ocrx_word' id='word_1_781' title='bbox 3440 2105 3674 2160; x_wconf 91' lang='lat' dir='ltr'><strong>clemens</strong></span> <span class='ocrx_word' id='word_1_782' title='bbox 3697 2115 3756 2160; x_wconf 91' lang='lat' dir='ltr'><strong>et</strong></span> 
     </span>
    </p>
   </div>
   <div class='ocr_carea' id='block_1_107' title="bbox 2186 2171 3751 2242">
    <p class='ocr_par' dir='ltr' id='par_1_107' title="bbox 2186 2171 3751 2242">
     <span class='ocr_line' id='line_1_108' title="bbox 2186 2171 3751 2242; baseline 0.004 -18"><span class='ocrx_word' id='word_1_783' title='bbox 2186 2171 2305 2240; x_wconf 91' lang='lat' dir='ltr'><strong>pius</strong></span> <span class='ocrx_word' id='word_1_784' title='bbox 2343 2171 2518 2237; x_wconf 83' lang='lat' dir='ltr'><strong>fuerit,</strong></span> <span class='ocrx_word' id='word_1_785' title='bbox 2550 2181 2604 2226; x_wconf 90' lang='lat' dir='ltr'><strong>et</strong></span> <span class='ocrx_word' id='word_1_786' title='bbox 2631 2184 2684 2227; x_wconf 93' lang='lat' dir='ltr'><strong>tu</strong></span> <span class='ocrx_word' id='word_1_787' title='bbox 2725 2174 3142 2228; x_wconf 89' lang='lat' dir='ltr'><strong>misericordiam</strong></span> <span class='ocrx_word' id='word_1_788' title='bbox 3175 2174 3538 2242; x_wconf 81' lang='lat' dir='ltr'><strong>ignoraveris?</strong></span> <span class='ocrx_word' id='word_1_789' title='bbox 3561 2175 3751 2230; x_wconf 89' lang='lat' dir='ltr'><strong>Pasca-</strong></span> 
     </span>
    </p>
   </div>
   <div class='ocr_carea' id='block_1_108' title="bbox 2187 2242 3746 2308">
    <p class='ocr_par' dir='ltr' id='par_1_108' title="bbox 2187 2242 3746 2308">
     <span class='ocr_line' id='line_1_109' title="bbox 2187 2242 3746 2308; baseline 0.004 -14"><span class='ocrx_word' id='word_1_790' title='bbox 2187 2251 2300 2306; x_wconf 82' lang='lat' dir='ltr'><strong>tur,</strong></span> <span class='ocrx_word' id='word_1_791' title='bbox 2343 2242 2533 2296; x_wconf 86' lang='lat' dir='ltr'><strong>fratres</strong></span> <span class='ocrx_word' id='word_1_792' title='bbox 2563 2243 2699 2306; x_wconf 91' lang='lat' dir='ltr'><strong>mei,</strong></span> <span class='ocrx_word' id='word_1_793' title='bbox 2731 2244 3088 2298; x_wconf 84' lang='lat' dir='ltr'><strong>misericordia</strong></span> <span class='ocrx_word' id='word_1_794' title='bbox 3117 2245 3254 2298; x_wconf 89' lang='lat' dir='ltr'><strong>inter</strong></span> <span class='ocrx_word' id='word_1_795' title='bbox 3283 2260 3396 2308; x_wconf 91' lang='lat' dir='ltr'><strong>vos,</strong></span> <span class='ocrx_word' id='word_1_796' title='bbox 3439 2260 3543 2298; x_wconf 92' lang='lat' dir='ltr'><strong>non</strong></span> <span class='ocrx_word' id='word_1_797' title='bbox 3575 2255 3746 2301; x_wconf 87' lang='lat' dir='ltr'><strong>tamen</strong></span> 
     </span>
    </p>
   </div>
   <div class='ocr_carea' id='block_1_109' title="bbox 2186 2313 3751 2382">
    <p class='ocr_par' dir='ltr' id='par_1_109' title="bbox 2186 2313 3751 2382">
     <span class='ocr_line' id='line_1_110' title="bbox 2186 2313 3751 2382; baseline 0.004 -18"><span class='ocrx_word' id='word_1_798' title='bbox 2186 2313 2615 2382; x_wconf 81' lang='lat' dir='ltr'><strong>exnegligentia,</strong></span> <span class='ocrx_word' id='word_1_799' title='bbox 2646 2329 2749 2368; x_wconf 90' lang='lat' dir='ltr'><strong>non</strong></span> <span class='ocrx_word' id='word_1_800' title='bbox 2782 2324 2956 2368; x_wconf 87' lang='lat' dir='ltr'><strong>tamen</strong></span> <span class='ocrx_word' id='word_1_801' title='bbox 2983 2330 3051 2369; x_wconf 79' lang='lat' dir='ltr'><strong>ex</strong></span> <span class='ocrx_word' id='word_1_802' title='bbox 3080 2314 3528 2382; x_wconf 86' lang='lat' dir='ltr'><strong>pusillanimitatc,</strong></span> <span class='ocrx_word' id='word_1_803' title='bbox 3559 2332 3658 2369; x_wconf 92' lang='lat' dir='ltr'><strong>non</strong></span> <span class='ocrx_word' id='word_1_804' title='bbox 3683 2332 3751 2371; x_wconf 75' lang='lat' dir='ltr'><strong>ex</strong></span> 
     </span>
    </p>
   </div>
   <div class='ocr_carea' id='block_1_110' title="bbox 2187 2381 3753 2445">
    <p class='ocr_par' dir='ltr' id='par_1_110' title="bbox 2187 2381 3753 2445">
     <span class='ocr_line' id='line_1_111' title="bbox 2187 2381 3753 2445; baseline 0.004 -12"><span class='ocrx_word' id='word_1_805' title='bbox 2187 2381 2582 2445; x_wconf 84' lang='lat' dir='ltr'><strong>indiscretione,</strong></span> <span class='ocrx_word' id='word_1_806' title='bbox 2616 2400 2722 2438; x_wconf 91' lang='lat' dir='ltr'><strong>non</strong></span> <span class='ocrx_word' id='word_1_807' title='bbox 2751 2400 2814 2439; x_wconf 80' lang='lat' dir='ltr'><strong>ex</strong></span> <span class='ocrx_word' id='word_1_808' title='bbox 2845 2385 3007 2438; x_wconf 92' lang='lat' dir='ltr'><strong>animi</strong></span> <span class='ocrx_word' id='word_1_809' title='bbox 3037 2381 3367 2444; x_wconf 83' lang='lat' dir='ltr'><strong>infirmitate;</strong></span> <span class='ocrx_word' id='word_1_810' title='bbox 3396 2385 3490 2438; x_wconf 88' lang='lat' dir='ltr'><strong>sed</strong></span> <span class='ocrx_word' id='word_1_811' title='bbox 3511 2387 3753 2441; x_wconf 82' lang='lat' dir='ltr'><strong>omnibus</strong></span> 
     </span>
    </p>
   </div>
   <div class='ocr_carea' id='block_1_111' title="bbox 2186 2453 3750 2524">
    <p class='ocr_par' dir='ltr' id='par_1_111' title="bbox 2186 2453 3750 2524">
     <span class='ocr_line' id='line_1_112' title="bbox 2186 2453 3750 2524; baseline 0.004 -20"><span class='ocrx_word' id='word_1_812' title='bbox 2186 2453 2358 2524; x_wconf 90' lang='lat' dir='ltr'><strong>modis</strong></span> <span class='ocrx_word' id='word_1_813' title='bbox 2383 2453 2450 2507; x_wconf 92' lang='lat' dir='ltr'><strong>sit</strong></span> <span class='ocrx_word' id='word_1_814' title='bbox 2480 2454 2895 2520; x_wconf 71' lang='lat' dir='ltr'><strong>circumsliecta,</strong></span> <span class='ocrx_word' id='word_1_815' title='bbox 2949 2463 3005 2508; x_wconf 94' lang='lat' dir='ltr'><strong>ut</strong></span> <span class='ocrx_word' id='word_1_816' title='bbox 3050 2455 3128 2508; x_wconf 90' lang='lat' dir='ltr'><strong>sic</strong></span> <span class='ocrx_word' id='word_1_817' title='bbox 3170 2471 3321 2508; x_wconf 92' lang='lat' dir='ltr'><strong>suum</strong></span> <span class='ocrx_word' id='word_1_818' title='bbox 3362 2456 3587 2510; x_wconf 90' lang='lat' dir='ltr'><strong>retineat</strong></span> <span class='ocrx_word' id='word_1_819' title='bbox 3625 2471 3750 2524; x_wconf 80' lang='lat' dir='ltr'><strong>pro-</strong></span> 
     </span>
    </p>
   </div>
   <div class='ocr_carea' id='block_1_112' title="bbox 2187 2523 3748 2592">
    <p class='ocr_par' dir='ltr' id='par_1_112' title="bbox 2187 2523 3748 2592">
     <span class='ocr_line' id='line_1_113' title="bbox 2187 2523 3748 2592; baseline 0.003 -17"><span class='ocrx_word' id='word_1_820' title='bbox 2187 2523 2357 2592; x_wconf 85' lang='lat' dir='ltr'><strong>prium</strong></span> <span class='ocrx_word' id='word_1_821' title='bbox 2383 2565 2398 2586; x_wconf 90' lang='lat'><strong>,</strong></span> <span class='ocrx_word' id='word_1_822' title='bbox 2441 2524 2579 2592; x_wconf 89' lang='lat' dir='ltr'><strong>quod</strong></span> <span class='ocrx_word' id='word_1_823' title='bbox 2615 2525 2833 2592; x_wconf 74' lang='lat' dir='ltr'><strong>justitia:</strong></span> <span class='ocrx_word' id='word_1_824' title='bbox 2863 2540 2966 2578; x_wconf 91' lang='lat' dir='ltr'><strong>nou</strong></span> <span class='ocrx_word' id='word_1_825' title='bbox 2997 2525 3198 2578; x_wconf 83' lang='lat' dir='ltr'><strong>auferat</strong></span> <span class='ocrx_word' id='word_1_826' title='bbox 3220 2525 3470 2579; x_wconf 91' lang='lat' dir='ltr'><strong>debitum.</strong></span> <span class='ocrx_word' id='word_1_827' title='bbox 3497 2524 3542 2579; x_wconf 92' lang='grc' dir='ltr'>Ο</span> <span class='ocrx_word' id='word_1_828' title='bbox 3562 2523 3748 2580; x_wconf 87' lang='lat' dir='ltr'><strong>mona-</strong></span> 
     </span>
    </p>
   </div>
   <div class='ocr_carea' id='block_1_113' title="bbox 2185 2591 3744 2664">
    <p class='ocr_par' dir='ltr' id='par_1_113' title="bbox 2185 2591 3744 2664">
     <span class='ocr_line' id='line_1_114' title="bbox 2185 2591 3744 2664; baseline 0.002 -18"><span class='ocrx_word' id='word_1_829' title='bbox 2185 2591 2306 2658; x_wconf 79' lang='lat' dir='ltr'><strong>clie,</strong></span> <span class='ocrx_word' id='word_1_830' title='bbox 2338 2591 2471 2647; x_wconf 15' lang='lat' dir='ltr'><strong>videi</strong></span> <span class='ocrx_word' id='word_1_831' title='bbox 2487 2591 2654 2648; x_wconf 89' lang='lat' dir='ltr'><strong>sancti</strong></span> <span class='ocrx_word' id='word_1_832' title='bbox 2682 2593 2876 2662; x_wconf 83' lang='lat' dir='ltr'><strong>Joseph</strong></span> <span class='ocrx_word' id='word_1_833' title='bbox 2905 2595 3320 2649; x_wconf 91' lang='lat' dir='ltr'><strong>misericordiam</strong></span> <span class='ocrx_word' id='word_1_834' title='bbox 3341 2636 3357 2660; x_wconf 92' lang='lat'><strong>,</strong></span> <span class='ocrx_word' id='word_1_835' title='bbox 3388 2610 3498 2664; x_wconf 75' lang='lat' dir='ltr'><strong>qua:</strong></span> <span class='ocrx_word' id='word_1_836' title='bbox 3526 2595 3744 2649; x_wconf 88' lang='lat' dir='ltr'><strong>fratrum</strong></span> 
     </span>
    </p>
   </div>
   <div class='ocr_carea' id='block_1_114' title="bbox 2187 2663 3742 2734">
    <p class='ocr_par' dir='ltr' id='par_1_114' title="bbox 2187 2663 3742 2734">
     <span class='ocr_line' id='line_1_115' title="bbox 2187 2663 3742 2734; baseline 0.003 -19"><span class='ocrx_word' id='word_1_837' title='bbox 2187 2676 2400 2734; x_wconf 85' lang='lat' dir='ltr'><strong>suorum</strong></span> <span class='ocrx_word' id='word_1_838' title='bbox 2423 2673 2506 2718; x_wconf 91' lang='lat' dir='ltr'><strong>est</strong></span> <span class='ocrx_word' id='word_1_839' title='bbox 2523 2663 2682 2718; x_wconf 90' lang='lat' dir='ltr'><strong>oblita</strong></span> <span class='ocrx_word' id='word_1_840' title='bbox 2712 2665 2978 2732; x_wconf 75' lang='lat' dir='ltr'><strong>iniuriam.</strong></span> <span class='ocrx_word' id='word_1_841' title='bbox 2999 2665 3209 2734; x_wconf 84' lang='lat' dir='ltr'><strong>Eligite,</strong></span> <span class='ocrx_word' id='word_1_842' title='bbox 3232 2663 3420 2718; x_wconf 88' lang='lat' dir='ltr'><strong>fratres</strong></span> <span class='ocrx_word' id='word_1_843' title='bbox 3442 2665 3562 2728; x_wconf 87' lang='lat' dir='ltr'><strong>mei,</strong></span> <span class='ocrx_word' id='word_1_844' title='bbox 3580 2665 3742 2720; x_wconf 86' lang='lat' dir='ltr'><strong>David</strong></span> 
     </span>
    </p>
   </div>
   <div class='ocr_carea' id='block_1_115' title="bbox 2186 2732 3748 2804">
    <p class='ocr_par' dir='ltr' id='par_1_115' title="bbox 2186 2732 3748 2804">
     <span class='ocr_line' id='line_1_116' title="bbox 2186 2732 3748 2804; baseline 0.004 -20"><span class='ocrx_word' id='word_1_845' title='bbox 2186 2732 2542 2804; x_wconf 72' lang='lat' dir='ltr'><strong>clementiam,</strong></span> <span class='ocrx_word' id='word_1_846' title='bbox 2590 2735 2677 2803; x_wconf 92' lang='lat' dir='ltr'><strong>qui</strong></span> <span class='ocrx_word' id='word_1_847' title='bbox 2726 2735 2816 2788; x_wconf 88' lang='lat' dir='ltr'><strong>filii</strong></span> <span class='ocrx_word' id='word_1_848' title='bbox 2865 2732 3227 2804; x_wconf 78' lang='lat' dir='ltr'><strong>persequentis</strong></span> <span class='ocrx_word' id='word_1_849' title='bbox 3264 2733 3490 2789; x_wconf 83' lang='lat' dir='ltr'><strong>deﬂebat</strong></span> <span class='ocrx_word' id='word_1_850' title='bbox 3530 2735 3748 2790; x_wconf 87' lang='lat' dir='ltr'><strong>demen-</strong></span> 
     </span>
    </p>
   </div>
   <div class='ocr_carea' id='block_1_116' title="bbox 2187 2801 3746 2869">
    <p class='ocr_par' dir='ltr' id='par_1_116' title="bbox 2187 2801 3746 2869">
     <span class='ocr_line' id='line_1_117' title="bbox 2187 2801 3746 2869; baseline 0.004 -15"><span class='ocrx_word' id='word_1_851' title='bbox 2187 2801 2330 2856; x_wconf 89' lang='lat' dir='ltr'><strong>tiam.</strong></span> <span class='ocrx_word' id='word_1_852' title='bbox 2367 2802 2410 2857; x_wconf 96' lang='grc' dir='ltr'><strong>Ο</strong></span> <span class='ocrx_word' id='word_1_853' title='bbox 2439 2801 2726 2869; x_wconf 80' lang='lat' dir='ltr'><strong>monache,</strong></span> <span class='ocrx_word' id='word_1_854' title='bbox 2774 2805 2819 2858; x_wconf 90' lang='lat' dir='ltr'><strong>si</strong></span> <span class='ocrx_word' id='word_1_855' title='bbox 2863 2801 3115 2860; x_wconf 83' lang='lat' dir='ltr'><strong>elauseris</strong></span> <span class='ocrx_word' id='word_1_856' title='bbox 3145 2805 3346 2859; x_wconf 90' lang='lat' dir='ltr'><strong>viscera</strong></span> <span class='ocrx_word' id='word_1_857' title='bbox 3373 2805 3746 2860; x_wconf 62' lang='lat' dir='ltr'><strong>misericordia</strong></span> 
     </span>
    </p>
   </div>
   <div class='ocr_carea' id='block_1_117' title="bbox 2186 2871 3749 2943">
    <p class='ocr_par' dir='ltr' id='par_1_117' title="bbox 2186 2871 3749 2943">
     <span class='ocr_line' id='line_1_118' title="bbox 2186 2871 3749 2943; baseline 0.004 -19"><span class='ocrx_word' id='word_1_858' title='bbox 2186 2871 2459 2942; x_wconf 78' lang='lat' dir='ltr'><strong>indigenti,</strong></span> <span class='ocrx_word' id='word_1_859' title='bbox 2501 2875 2717 2928; x_wconf 91' lang='lat' dir='ltr'><strong>omnino</strong></span> <span class='ocrx_word' id='word_1_860' title='bbox 2745 2875 3021 2930; x_wconf 90' lang='lat' dir='ltr'><strong>claudetur</strong></span> <span class='ocrx_word' id='word_1_861' title='bbox 3059 2875 3150 2929; x_wconf 93' lang='lat' dir='ltr'><strong>tibi</strong></span> <span class='ocrx_word' id='word_1_862' title='bbox 3188 2875 3348 2943; x_wconf 89' lang='lat' dir='ltr'><strong>janua</strong></span> <span class='ocrx_word' id='word_1_863' title='bbox 3375 2875 3596 2930; x_wconf 90' lang='lat' dir='ltr'><strong>Christi.</strong></span> <span class='ocrx_word' id='word_1_864' title='bbox 3626 2875 3749 2930; x_wconf 66' lang='lat' dir='ltr'><strong>111cc</strong></span> 
     </span>
    </p>
   </div>
   <div class='ocr_carea' id='block_1_118' title="bbox 2185 2944 3746 3014">
    <p class='ocr_par' dir='ltr' id='par_1_118' title="bbox 2185 2944 3746 3014">
     <span class='ocr_line' id='line_1_119' title="bbox 2185 2944 3746 3014; baseline 0.004 -20"><span class='ocrx_word' id='word_1_865' title='bbox 2185 2950 2266 3014; x_wconf 58' lang='lat' dir='ltr'><strong>est</strong></span> <span class='ocrx_word' id='word_1_866' title='bbox 2312 2945 2451 3014; x_wconf 82' lang='lat' dir='ltr'><strong>enim</strong></span> <span class='ocrx_word' id='word_1_867' title='bbox 2498 2955 2648 3014; x_wconf 89' lang='lat' dir='ltr'><strong>porta</strong></span> <span class='ocrx_word' id='word_1_868' title='bbox 2686 2944 2916 3009; x_wconf 89' lang='lat' dir='ltr'><strong>Domini,</strong></span> <span class='ocrx_word' id='word_1_869' title='bbox 2963 2954 3016 3000; x_wconf 92' lang='lat' dir='ltr'><strong>et</strong></span> <span class='ocrx_word' id='word_1_870' title='bbox 3057 2946 3184 3014; x_wconf 88' lang='lat' dir='ltr'><strong>justi</strong></span> <span class='ocrx_word' id='word_1_871' title='bbox 3233 2945 3502 2999; x_wconf 90' lang='lat' dir='ltr'><strong>intrabunt</strong></span> <span class='ocrx_word' id='word_1_872' title='bbox 3531 2946 3582 2999; x_wconf 90' lang='lat' dir='ltr'><strong>in</strong></span> <span class='ocrx_word' id='word_1_873' title='bbox 3610 2960 3746 3000; x_wconf 89' lang='lat' dir='ltr'><strong>eam.</strong></span> 
     </span>
    </p>
   </div>
   <div class='ocr_carea' id='block_1_119' title="bbox 2186 3011 3748 3086">
    <p class='ocr_par' dir='ltr' id='par_1_119' title="bbox 2186 3011 3748 3086">
     <span class='ocr_line' id='line_1_120' title="bbox 2186 3011 3748 3086; baseline 0.004 -22"><span class='ocrx_word' id='word_1_874' title='bbox 2186 3011 2311 3066; x_wconf 75' lang='lat' dir='ltr'><strong>Haec</strong></span> <span class='ocrx_word' id='word_1_875' title='bbox 2330 3011 2538 3086; x_wconf 81' lang='lat' dir='ltr'><strong>Novum</strong></span> <span class='ocrx_word' id='word_1_876' title='bbox 2561 3014 2958 3086; x_wconf 80' lang='lat' dir='ltr'><strong>Testamentum</strong></span> <span class='ocrx_word' id='word_1_877' title='bbox 2990 3011 3268 3081; x_wconf 85' lang='lat' dir='ltr'><strong>illuminat,</strong></span> <span class='ocrx_word' id='word_1_878' title='bbox 3296 3025 3350 3070; x_wconf 89' lang='lat' dir='ltr'><strong>et</strong></span> <span class='ocrx_word' id='word_1_879' title='bbox 3378 3015 3588 3070; x_wconf 82' lang='lat' dir='ltr'><strong>Veteris</strong></span> <span class='ocrx_word' id='word_1_880' title='bbox 3608 3016 3748 3086; x_wconf 81' lang='lat' dir='ltr'><strong>rigo-</strong></span> 
     </span>
    </p>
   </div>
   <div class='ocr_carea' id='block_1_120' title="bbox 2184 3085 3749 3156">
    <p class='ocr_par' dir='ltr' id='par_1_120' title="bbox 2184 3085 3749 3156">
     <span class='ocr_line' id='line_1_121' title="bbox 2184 3085 3749 3156; baseline 0.004 -21"><span class='ocrx_word' id='word_1_881' title='bbox 2184 3097 2300 3156; x_wconf 72' lang='lat' dir='ltr'><strong>rem</strong></span> <span class='ocrx_word' id='word_1_882' title='bbox 2323 3085 2656 3156; x_wconf 76' lang='lat' dir='ltr'><strong>exterminat.</strong></span> <span class='ocrx_word' id='word_1_883' title='bbox 2705 3085 2827 3156; x_wconf 88' lang='lat' dir='ltr'><strong>Hoc</strong></span> <span class='ocrx_word' id='word_1_884' title='bbox 2857 3095 2942 3141; x_wconf 90' lang='lat' dir='ltr'><strong>est</strong></span> <span class='ocrx_word' id='word_1_885' title='bbox 2981 3086 3179 3155; x_wconf 90' lang='lat' dir='ltr'><strong>lignum</strong></span> <span class='ocrx_word' id='word_1_886' title='bbox 3223 3101 3326 3156; x_wconf 90' lang='lat' dir='ltr'><strong>quo</strong></span> <span class='ocrx_word' id='word_1_887' title='bbox 3359 3086 3566 3156; x_wconf 83' lang='lat' dir='ltr'><strong>Moyses</strong></span> <span class='ocrx_word' id='word_1_888' title='bbox 3589 3100 3749 3154; x_wconf 90' lang='lat' dir='ltr'><strong>aquas</strong></span> 
     </span>
    </p>
   </div>
   <div class='ocr_carea' id='block_1_121' title="bbox 2183 3151 3750 3226">
    <p class='ocr_par' dir='ltr' id='par_1_121' title="bbox 2183 3151 3750 3226">
     <span class='ocr_line' id='line_1_122' title="bbox 2183 3151 3750 3226; baseline 0.004 -22"><span class='ocrx_word' id='word_1_889' title='bbox 2183 3151 2512 3226; x_wconf 78' lang='lat' dir='ltr'><strong>dulcoravit:</strong></span> <span class='ocrx_word' id='word_1_890' title='bbox 2537 3156 2638 3208; x_wconf 83' lang='lat' dir='ltr'><strong>hoc</strong></span> <span class='ocrx_word' id='word_1_891' title='bbox 2653 3164 2734 3210; x_wconf 89' lang='lat' dir='ltr'><strong>est</strong></span> <span class='ocrx_word' id='word_1_892' title='bbox 2757 3155 2835 3210; x_wconf 89' lang='lat' dir='ltr'><strong>sal</strong></span> <span class='ocrx_word' id='word_1_893' title='bbox 2857 3156 2908 3209; x_wconf 92' lang='lat' dir='ltr'><strong>in</strong></span> <span class='ocrx_word' id='word_1_894' title='bbox 2935 3151 3044 3224; x_wconf 79' lang='lat' dir='ltr'><strong>quo</strong></span> <span class='ocrx_word' id='word_1_895' title='bbox 3060 3151 3284 3226; x_wconf 70' lang='lat' dir='ltr'><strong>Elisanis</strong></span> <span class='ocrx_word' id='word_1_896' title='bbox 3311 3151 3566 3226; x_wconf 77' lang='lat' dir='ltr'><strong>aquarum</strong></span> <span class='ocrx_word' id='word_1_897' title='bbox 3595 3151 3750 3210; x_wconf 58' lang='lat' dir='ltr'><strong>steriv</strong></span> 
     </span>
    </p>
   </div>
   <div class='ocr_carea' id='block_1_122' title="bbox 2184 3221 3749 3296">
    <p class='ocr_par' dir='ltr' id='par_1_122' title="bbox 2184 3221 3749 3296">
     <span class='ocr_line' id='line_1_123' title="bbox 2184 3221 3749 3296; baseline 0.004 -21"><span class='ocrx_word' id='word_1_898' title='bbox 2184 3221 2383 3277; x_wconf 91' lang='lat' dir='ltr'><strong>litatem</strong></span> <span class='ocrx_word' id='word_1_899' title='bbox 2424 3225 2833 3279; x_wconf 86' lang='lat' dir='ltr'><strong>exterminavit:</strong></span> <span class='ocrx_word' id='word_1_900' title='bbox 2863 3221 2978 3281; x_wconf 65' lang='lat' dir='ltr'><strong>luce</strong></span> <span class='ocrx_word' id='word_1_901' title='bbox 3015 3235 3096 3280; x_wconf 89' lang='lat' dir='ltr'><strong>est</strong></span> <span class='ocrx_word' id='word_1_902' title='bbox 3135 3225 3304 3280; x_wconf 88' lang='lat' dir='ltr'><strong>farina</strong></span> <span class='ocrx_word' id='word_1_903' title='bbox 3329 3221 3490 3296; x_wconf 42' lang='lat' dir='ltr'><strong>[qua</strong></span> <span class='ocrx_word' id='word_1_904' title='bbox 3530 3226 3749 3282; x_wconf 70' lang='lat' dir='ltr'><strong>Elisaeus</strong></span> 
     </span>
    </p>
   </div>
   <div class='ocr_carea' id='block_1_123' title="bbox 2183 3296 3746 3366">
    <p class='ocr_par' dir='ltr' id='par_1_123' title="bbox 2183 3296 3746 3366">
     <span class='ocr_line' id='line_1_124' title="bbox 2183 3296 3746 3366; baseline 0.004 -22"><span class='ocrx_word' id='word_1_905' title='bbox 2183 3303 2408 3366; x_wconf 83' lang='lat' dir='ltr'><strong>mortem</strong></span> <span class='ocrx_word' id='word_1_906' title='bbox 2437 3310 2563 3366; x_wconf 12' lang='lat' dir='ltr'><strong>qum,</strong></span> <span class='ocrx_word' id='word_1_907' title='bbox 2599 3296 2651 3348; x_wconf 91' lang='lat' dir='ltr'><strong>in</strong></span> <span class='ocrx_word' id='word_1_908' title='bbox 2678 3296 2781 3350; x_wconf 93' lang='lat' dir='ltr'><strong>olla</strong></span> <span class='ocrx_word' id='word_1_909' title='bbox 2806 3306 2921 3350; x_wconf 87' lang='lat' dir='ltr'><strong>erat</strong></span> <span class='ocrx_word' id='word_1_910' title='bbox 2942 3297 3270 3366; x_wconf 81' lang='lat' dir='ltr'><strong>exstirpavit.</strong></span> <span class='ocrx_word' id='word_1_911' title='bbox 3303 3297 3412 3350; x_wconf 92' lang='lat' dir='ltr'><strong>lloc</strong></span> <span class='ocrx_word' id='word_1_912' title='bbox 3429 3305 3514 3350; x_wconf 90' lang='lat' dir='ltr'><strong>est</strong></span> <span class='ocrx_word' id='word_1_913' title='bbox 3535 3296 3706 3366; x_wconf 86' lang='lat' dir='ltr'><strong>oleum</strong></span> <span class='ocrx_word' id='word_1_914' title='bbox 3728 3336 3746 3361; x_wconf 89' lang='lat'><strong>,</strong></span> 
     </span>
    </p>
   </div>
   <div class='ocr_carea' id='block_1_124' title="bbox 2183 3364 3750 3431">
    <p class='ocr_par' dir='ltr' id='par_1_124' title="bbox 2183 3364 3750 3431">
     <span class='ocr_line' id='line_1_125' title="bbox 2183 3364 3750 3431; baseline 0.003 -14"><span class='ocrx_word' id='word_1_915' title='bbox 2183 3364 2324 3431; x_wconf 88' lang='lat' dir='ltr'><strong>quod</strong></span> <span class='ocrx_word' id='word_1_916' title='bbox 2363 3365 2728 3420; x_wconf 89' lang='lat' dir='ltr'><strong>Samaritanus</strong></span> <span class='ocrx_word' id='word_1_917' title='bbox 2756 3365 2948 3422; x_wconf 86' lang='lat' dir='ltr'><strong>infudit</strong></span> <span class='ocrx_word' id='word_1_918' title='bbox 2987 3364 3286 3421; x_wconf 86' lang='lat' dir='ltr'><strong>vulnerato.</strong></span> <span class='ocrx_word' id='word_1_919' title='bbox 3315 3366 3426 3420; x_wconf 84' lang='lat' dir='ltr'><strong>Hoc</strong></span> <span class='ocrx_word' id='word_1_920' title='bbox 3457 3375 3541 3421; x_wconf 90' lang='lat' dir='ltr'><strong>est</strong></span> <span class='ocrx_word' id='word_1_921' title='bbox 3564 3365 3750 3421; x_wconf 77' lang='lat' dir='ltr'><strong>Jorda-</strong></span> 
     </span>
    </p>
   </div>
   <div class='ocr_carea' id='block_1_125' title="bbox 2183 3433 3749 3507">
    <p class='ocr_par' dir='ltr' id='par_1_125' title="bbox 2183 3433 3749 3507">
     <span class='ocr_line' id='line_1_126' title="bbox 2183 3433 3749 3507; baseline 0.004 -22"><span class='ocrx_word' id='word_1_922' title='bbox 2183 3433 2286 3499; x_wconf 89' lang='lat' dir='ltr'><strong>nis,</strong></span> <span class='ocrx_word' id='word_1_923' title='bbox 2317 3451 2422 3504; x_wconf 91' lang='lat' dir='ltr'><strong>quo</strong></span> <span class='ocrx_word' id='word_1_924' title='bbox 2447 3444 2660 3507; x_wconf 83' lang='lat' dir='ltr'><strong>curatur</strong></span> <span class='ocrx_word' id='word_1_925' title='bbox 2687 3437 2835 3507; x_wconf 87' lang='lat' dir='ltr'><strong>lepra</strong></span> <span class='ocrx_word' id='word_1_926' title='bbox 2865 3436 3096 3507; x_wconf 87' lang='lat' dir='ltr'><strong>Naaman</strong></span> <span class='ocrx_word' id='word_1_927' title='bbox 3117 3436 3260 3507; x_wconf 86' lang='lat' dir='ltr'><strong>Syri.</strong></span> <span class='ocrx_word' id='word_1_928' title='bbox 3287 3436 3413 3491; x_wconf 68' lang='grc' dir='ltr'><strong>Ησιο</strong></span> <span class='ocrx_word' id='word_1_929' title='bbox 3445 3437 3558 3491; x_wconf 89' lang='lat' dir='ltr'><strong>sola</strong></span> <span class='ocrx_word' id='word_1_930' title='bbox 3585 3437 3749 3491; x_wconf 88' lang='lat' dir='ltr'><strong>virtus</strong></span> 
     </span>
    </p>
   </div>
   <div class='ocr_carea' id='block_1_126' title="bbox 2181 3505 3751 3576">
    <p class='ocr_par' dir='ltr' id='par_1_126' title="bbox 2181 3505 3751 3576">
     <span class='ocr_line' id='line_1_127' title="bbox 2181 3505 3751 3576; baseline 0.003 -20"><span class='ocrx_word' id='word_1_931' title='bbox 2181 3511 2296 3570; x_wconf 88' lang='lat' dir='ltr'><strong>est,</strong></span> <span class='ocrx_word' id='word_1_932' title='bbox 2343 3522 2461 3575; x_wconf 83' lang='lat' dir='ltr'><strong>quae</strong></span> <span class='ocrx_word' id='word_1_933' title='bbox 2488 3505 2677 3576; x_wconf 87' lang='lat' dir='ltr'><strong>dividit</strong></span> <span class='ocrx_word' id='word_1_934' title='bbox 2703 3506 2844 3560; x_wconf 91' lang='lat' dir='ltr'><strong>inter</strong></span> <span class='ocrx_word' id='word_1_935' title='bbox 2883 3505 3232 3562; x_wconf 34' lang='lat' dir='ltr'><strong>crudelem’et</strong></span> <span class='ocrx_word' id='word_1_936' title='bbox 3259 3508 3436 3576; x_wconf 87' lang='lat' dir='ltr'><strong>pium.</strong></span> <span class='ocrx_word' id='word_1_937' title='bbox 3479 3521 3656 3576; x_wconf 84' lang='lat' dir='ltr'><strong>regem</strong></span> <span class='ocrx_word' id='word_1_938' title='bbox 3695 3515 3751 3561; x_wconf 90' lang='lat' dir='ltr'><strong>et</strong></span> 
     </span>
    </p>
   </div>
   <div class='ocr_carea' id='block_1_127' title="bbox 2181 3575 3750 3643">
    <p class='ocr_par' dir='ltr' id='par_1_127' title="bbox 2181 3575 3750 3643">
     <span class='ocr_line' id='line_1_128' title="bbox 2181 3575 3750 3643; baseline 0.004 -18"><span class='ocrx_word' id='word_1_939' title='bbox 2181 3580 2485 3643; x_wconf 86' lang='lat' dir='ltr'><strong>tyrannum.</strong></span> <span class='ocrx_word' id='word_1_940' title='bbox 2513 3575 2558 3630; x_wconf 94' lang='grc' dir='ltr'>Ο</span> <span class='ocrx_word' id='word_1_941' title='bbox 2584 3578 2862 3641; x_wconf 87' lang='lat' dir='ltr'><strong>monacbe,</strong></span> <span class='ocrx_word' id='word_1_942' title='bbox 2910 3578 2996 3632; x_wconf 92' lang='lat' dir='ltr'><strong>ubi</strong></span> <span class='ocrx_word' id='word_1_943' title='bbox 3023 3591 3202 3643; x_wconf 90' lang='lat' dir='ltr'><strong>esses,</strong></span> <span class='ocrx_word' id='word_1_944' title='bbox 3231 3575 3275 3630; x_wconf 91' lang='lat' dir='ltr'><strong>si</strong></span> <span class='ocrx_word' id='word_1_945' title='bbox 3303 3577 3396 3631; x_wconf 90' lang='lat' dir='ltr'><strong>tibi</strong></span> <span class='ocrx_word' id='word_1_946' title='bbox 3425 3577 3521 3631; x_wconf 90' lang='lat' dir='ltr'><strong>Dei</strong></span> <span class='ocrx_word' id='word_1_947' title='bbox 3547 3575 3750 3632; x_wconf 84' lang='lat' dir='ltr'><strong>iniseri-</strong></span> 
     </span>
    </p>
   </div>
   <div class='ocr_carea' id='block_1_128' title="bbox 2179 3645 3751 3716">
    <p class='ocr_par' dir='ltr' id='par_1_128' title="bbox 2179 3645 3751 3716">
     <span class='ocr_line' id='line_1_129' title="bbox 2179 3645 3751 3716; baseline 0.002 -18"><span class='ocrx_word' id='word_1_948' title='bbox 2179 3645 2362 3716; x_wconf 84' lang='lat' dir='ltr'><strong>cordia</strong></span> <span class='ocrx_word' id='word_1_949' title='bbox 2405 3662 2510 3700; x_wconf 91' lang='lat' dir='ltr'><strong>non</strong></span> <span class='ocrx_word' id='word_1_950' title='bbox 2539 3645 2910 3701; x_wconf 88' lang='lat' dir='ltr'><strong>subvenisset?</strong></span> <span class='ocrx_word' id='word_1_951' title='bbox 2936 3648 2992 3701; x_wconf 90' lang='lat' dir='ltr'><strong>Si</strong></span> <span class='ocrx_word' id='word_1_952' title='bbox 3023 3647 3164 3702; x_wconf 90' lang='lat' dir='ltr'><strong>enim</strong></span> <span class='ocrx_word' id='word_1_953' title='bbox 3204 3648 3346 3702; x_wconf 91' lang='lat' dir='ltr'><strong>Deus</strong></span> <span class='ocrx_word' id='word_1_954' title='bbox 3374 3657 3542 3703; x_wconf 91' lang='lat' dir='ltr'><strong>tecum</strong></span> <span class='ocrx_word' id='word_1_955' title='bbox 3573 3656 3751 3716; x_wconf 86' lang='lat' dir='ltr'><strong>ageret</strong></span> 
     </span>
    </p>
   </div>
   <div class='ocr_carea' id='block_1_129' title="bbox 2179 3713 3748 3787">
    <p class='ocr_par' dir='ltr' id='par_1_129' title="bbox 2179 3713 3748 3787">
     <span class='ocr_line' id='line_1_130' title="bbox 2179 3713 3748 3787; baseline 0.003 -20"><span class='ocrx_word' id='word_1_956' title='bbox 2179 3713 2419 3787; x_wconf 86' lang='lat' dir='ltr'><strong>districta</strong></span> <span class='ocrx_word' id='word_1_957' title='bbox 2446 3720 2729 3787; x_wconf 81' lang='lat' dir='ltr'><strong>sententia,</strong></span> <span class='ocrx_word' id='word_1_958' title='bbox 2760 3731 2868 3770; x_wconf 93' lang='lat' dir='ltr'><strong>non</strong></span> <span class='ocrx_word' id='word_1_959' title='bbox 2896 3732 3080 3787; x_wconf 90' lang='lat' dir='ltr'><strong>posses</strong></span> <span class='ocrx_word' id='word_1_960' title='bbox 3107 3718 3340 3786; x_wconf 88' lang='lat' dir='ltr'><strong>cogitare</strong></span> <span class='ocrx_word' id='word_1_961' title='bbox 3370 3713 3748 3787; x_wconf 51' lang='lat' dir='ltr'><strong>pmnaquuae</strong></span> 
     </span>
    </p>
   </div>
   <div class='ocr_carea' id='block_1_130' title="bbox 2179 3785 3748 3857">
    <p class='ocr_par' dir='ltr' id='par_1_130' title="bbox 2179 3785 3748 3857">
     <span class='ocr_line' id='line_1_131' title="bbox 2179 3785 3748 3857; baseline 0.003 -19"><span class='ocrx_word' id='word_1_962' title='bbox 2179 3786 2530 3857; x_wconf 89' lang='lat' dir='ltr'><strong>responderet</strong></span> <span class='ocrx_word' id='word_1_963' title='bbox 2571 3787 2674 3840; x_wconf 92' lang='lat' dir='ltr'><strong>tuis</strong></span> <span class='ocrx_word' id='word_1_964' title='bbox 2699 3785 2991 3842; x_wconf 35' lang='lat' dir='ltr'><strong>demeri’tis.</strong></span> <span class='ocrx_word' id='word_1_965' title='bbox 3020 3785 3209 3842; x_wconf 87' lang='lat' dir='ltr'><strong>Omnia</strong></span> <span class='ocrx_word' id='word_1_966' title='bbox 3239 3785 3385 3857; x_wconf 85' lang='lat' dir='ltr'><strong>ergo</strong></span> <span class='ocrx_word' id='word_1_967' title='bbox 3404 3786 3631 3857; x_wconf 90' lang='lat' dir='ltr'><strong>attribue</strong></span> <span class='ocrx_word' id='word_1_968' title='bbox 3652 3785 3748 3842; x_wconf 90' lang='lat' dir='ltr'><strong>Dei</strong></span> 
     </span>
    </p>
   </div>
   <div class='ocr_carea' id='block_1_131' title="bbox 2176 3856 3750 3928">
    <p class='ocr_par' dir='ltr' id='par_1_131' title="bbox 2176 3856 3750 3928">
     <span class='ocr_line' id='line_1_132' title="bbox 2176 3856 3750 3928; baseline 0.004 -21"><span class='ocrx_word' id='word_1_969' title='bbox 2176 3856 2557 3912; x_wconf 65' lang='lat' dir='ltr'><strong>misericordia:</strong></span> <span class='ocrx_word' id='word_1_970' title='bbox 2576 3897 2592 3928; x_wconf 85' lang='lat'><strong>,</strong></span> <span class='ocrx_word' id='word_1_971' title='bbox 2625 3864 2678 3910; x_wconf 92' lang='lat' dir='ltr'><strong>ct</strong></span> <span class='ocrx_word' id='word_1_972' title='bbox 2701 3871 2732 3910; x_wconf 91' lang='lat' dir='ltr'><strong>a</strong></span> <span class='ocrx_word' id='word_1_973' title='bbox 2761 3857 2920 3910; x_wconf 90' lang='lat' dir='ltr'><strong>simili</strong></span> <span class='ocrx_word' id='word_1_974' title='bbox 2946 3856 3372 3913; x_wconf 82' lang='lat' dir='ltr'><strong>misericordiam</strong></span> <span class='ocrx_word' id='word_1_975' title='bbox 3401 3856 3668 3928; x_wconf 79' lang='lat' dir='ltr'><strong>expendas</strong></span> <span class='ocrx_word' id='word_1_976' title='bbox 3693 3857 3750 3913; x_wconf 87' lang='lat' dir='ltr'><strong>in</strong></span> 
     </span>
    </p>
   </div>
   <div class='ocr_carea' id='block_1_132' title="bbox 2177 3926 3750 3996">
    <p class='ocr_par' dir='ltr' id='par_1_132' title="bbox 2177 3926 3750 3996">
     <span class='ocr_line' id='line_1_133' title="bbox 2177 3926 3750 3996; baseline 0.001 -16"><span class='ocrx_word' id='word_1_977' title='bbox 2177 3941 2331 3980; x_wconf 92' lang='lat' dir='ltr'><strong>usum</strong></span> <span class='ocrx_word' id='word_1_978' title='bbox 2363 3927 2623 3996; x_wconf 84' lang='lat' dir='ltr'><strong>proximi;</strong></span> <span class='ocrx_word' id='word_1_979' title='bbox 2653 3937 2710 3980; x_wconf 93' lang='lat' dir='ltr'><strong>ut</strong></span> <span class='ocrx_word' id='word_1_980' title='bbox 2739 3942 2847 3981; x_wconf 91' lang='lat' dir='ltr'><strong>non</strong></span> <span class='ocrx_word' id='word_1_981' title='bbox 2877 3929 2950 3982; x_wconf 89' lang='lat' dir='ltr'><strong>sis</strong></span> <span class='ocrx_word' id='word_1_982' title='bbox 2982 3943 3173 3982; x_wconf 91' lang='lat' dir='ltr'><strong>avarus</strong></span> <span class='ocrx_word' id='word_1_983' title='bbox 3203 3929 3254 3982; x_wconf 92' lang='lat' dir='ltr'><strong>in</strong></span> <span class='ocrx_word' id='word_1_984' title='bbox 3283 3926 3601 3991; x_wconf 84' lang='lat' dir='ltr'><strong>miserando,</strong></span> <span class='ocrx_word' id='word_1_985' title='bbox 3629 3941 3750 3982; x_wconf 87' lang='lat' dir='ltr'><strong>cum</strong></span> 
     </span>
    </p>
   </div>
   <div class='ocr_carea' id='block_1_133' title="bbox 2177 3996 3750 4066">
    <p class='ocr_par' dir='ltr' id='par_1_133' title="bbox 2177 3996 3750 4066">
     <span class='ocr_line' id='line_1_134' title="bbox 2177 3996 3750 4066; baseline 0.002 -17"><span class='ocrx_word' id='word_1_986' title='bbox 2177 3996 2250 4050; x_wconf 89' lang='lat' dir='ltr'><strong>sis</strong></span> <span class='ocrx_word' id='word_1_987' title='bbox 2275 4007 2524 4065; x_wconf 85' lang='lat' dir='ltr'><strong>expertus</strong></span> <span class='ocrx_word' id='word_1_988' title='bbox 2561 3997 2857 4066; x_wconf 84' lang='lat' dir='ltr'><strong>largitatem</strong></span> <span class='ocrx_word' id='word_1_989' title='bbox 2898 3999 2952 4051; x_wconf 91' lang='lat' dir='ltr'><strong>in</strong></span> <span class='ocrx_word' id='word_1_990' title='bbox 2994 3998 3121 4052; x_wconf 90' lang='lat' dir='ltr'><strong>Deo.</strong></span> <span class='ocrx_word' id='word_1_991' title='bbox 3155 3999 3344 4054; x_wconf 84' lang='lat' dir='ltr'><strong>Amate</strong></span> <span class='ocrx_word' id='word_1_992' title='bbox 3370 4012 3530 4066; x_wconf 88' lang='lat' dir='ltr'><strong>ergo,</strong></span> <span class='ocrx_word' id='word_1_993' title='bbox 3561 3996 3750 4052; x_wconf 86' lang='lat' dir='ltr'><strong>fratres</strong></span> 
     </span>
    </p>
   </div>
   <div class='ocr_carea' id='block_1_134' title="bbox 2176 4066 3750 4137">
    <p class='ocr_par' dir='ltr' id='par_1_134' title="bbox 2176 4066 3750 4137">
     <span class='ocr_line' id='line_1_135' title="bbox 2176 4066 3750 4137; baseline 0.001 -18"><span class='ocrx_word' id='word_1_994' title='bbox 2176 4066 2303 4131; x_wconf 91' lang='lat' dir='ltr'><strong>mei,</strong></span> <span class='ocrx_word' id='word_1_995' title='bbox 2345 4067 2786 4129; x_wconf 86' lang='lat' dir='ltr'><strong>misericordiam,</strong></span> <span class='ocrx_word' id='word_1_996' title='bbox 2818 4068 2938 4136; x_wconf 91' lang='lat' dir='ltr'><strong>quia</strong></span> <span class='ocrx_word' id='word_1_997' title='bbox 2978 4083 3243 4137; x_wconf 88' lang='lat' dir='ltr'><strong>nunquam</strong></span> <span class='ocrx_word' id='word_1_998' title='bbox 3274 4068 3378 4122; x_wconf 92' lang='lat' dir='ltr'><strong>vidi</strong></span> <span class='ocrx_word' id='word_1_999' title='bbox 3407 4069 3550 4136; x_wconf 88' lang='lat' dir='ltr'><strong>pium</strong></span> <span class='ocrx_word' id='word_1_1000' title='bbox 3581 4067 3750 4122; x_wconf 88' lang='lat' dir='ltr'><strong>homi-</strong></span> 
     </span>
    </p>
   </div>
   <div class='ocr_carea' id='block_1_135' title="bbox 2177 4137 3748 4208">
    <p class='ocr_par' dir='ltr' id='par_1_135' title="bbox 2177 4137 3748 4208">
     <span class='ocr_line' id='line_1_136' title="bbox 2177 4137 3748 4208; baseline 0.002 -19"><span class='ocrx_word' id='word_1_1001' title='bbox 2177 4151 2297 4208; x_wconf 82' lang='lat' dir='ltr'><strong>nem</strong></span> <span class='ocrx_word' id='word_1_1002' title='bbox 2336 4137 2687 4208; x_wconf 21' lang='lat' dir='ltr'><strong>malaimorte</strong></span> <span class='ocrx_word' id='word_1_1003' title='bbox 2734 4138 3092 4208; x_wconf 89' lang='lat' dir='ltr'><strong>finiri:quam</strong></span> <span class='ocrx_word' id='word_1_1004' title='bbox 3132 4138 3548 4194; x_wconf 85' lang='lat' dir='ltr'><strong>misericordiam</strong></span> <span class='ocrx_word' id='word_1_1005' title='bbox 3594 4137 3748 4193; x_wconf 87' lang='lat' dir='ltr'><strong>faciat</strong></span> 
     </span>
    </p>
   </div>
   <div class='ocr_carea' id='block_1_136' title="bbox 2176 4205 2859 4264">
    <p class='ocr_par' dir='ltr' id='par_1_136' title="bbox 2176 4205 2859 4264">
     <span class='ocr_line' id='line_1_137' title="bbox 2176 4205 2859 4264; baseline 0.006 -5"><span class='ocrx_word' id='word_1_1006' title='bbox 2176 4205 2448 4262; x_wconf 86' lang='lat' dir='ltr'><strong>vobiscum</strong></span> <span class='ocrx_word' id='word_1_1007' title='bbox 2480 4207 2639 4264; x_wconf 89' lang='lat' dir='ltr'><strong>Deus.</strong></span> <span class='ocrx_word' id='word_1_1008' title='bbox 2667 4208 2859 4264; x_wconf 86' lang='lat' dir='ltr'><strong>Amen.</strong></span> 
     </span>
    </p>
   </div>
   <div class='ocr_carea' id='block_1_137' title="bbox 2775 4301 3154 4359">
    <p class='ocr_par' dir='ltr' id='par_1_137' title="bbox 2775 4301 3154 4359">
     <span class='ocr_line' id='line_1_138' title="bbox 2775 4301 3154 4359; baseline -0.005 -1"><span class='ocrx_word' id='word_1_1009' title='bbox 2775 4301 3005 4359; x_wconf 79' lang='lat' dir='ltr'><strong>SERMO</strong></span> <span class='ocrx_word' id='word_1_1010' title='bbox 3041 4303 3154 4358; x_wconf 82' lang='lat' dir='ltr'><strong>Vll.</strong></span> 
     </span>
    </p>
   </div>
   <div class='ocr_carea' id='block_1_138' title="bbox 2723 4397 3200 4451">
    <p class='ocr_par' dir='ltr' id='par_1_138' title="bbox 2723 4397 3200 4451">
     <span class='ocr_line' id='line_1_139' title="bbox 2723 4397 3200 4451; baseline -0.004 -1"><span class='ocrx_word' id='word_1_1011' title='bbox 2723 4410 2790 4450; x_wconf 80' lang='lat' dir='ltr'><strong>ns</strong></span> <span class='ocrx_word' id='word_1_1012' title='bbox 2829 4411 3143 4451; x_wconf 74' lang='lat' dir='ltr'><strong>OBEDIENTJA</strong></span> <span class='ocrx_word' id='word_1_1013' title='bbox 3162 4397 3200 4448; x_wconf 76' lang='grc' dir='ltr'><strong>ί.</strong></span> 
     </span>
    </p>
   </div>
   <div class='ocr_carea' id='block_1_139' title="bbox 2247 4483 3735 4559">
    <p class='ocr_par' dir='ltr' id='par_1_139' title="bbox 2247 4483 3735 4559">
     <span class='ocr_line' id='line_1_140' title="bbox 2247 4483 3735 4559; baseline 0.004 -21"><span class='ocrx_word' id='word_1_1014' title='bbox 2247 4483 2463 4559; x_wconf 79' lang='lat' dir='ltr'><strong>Fratres</strong></span> <span class='ocrx_word' id='word_1_1015' title='bbox 2505 4485 2624 4559; x_wconf 90' lang='lat' dir='ltr'><strong>_mei_</strong></span> <span class='ocrx_word' id='word_1_1016' title='bbox 2653 4485 3002 4559; x_wconf 79' lang='lat' dir='ltr'><strong>dilectissimi,</strong></span> <span class='ocrx_word' id='word_1_1017' title='bbox 3035 4487 3254 4559; x_wconf 88' lang='lat' dir='ltr'><strong>obedire</strong></span> <span class='ocrx_word' id='word_1_1018' title='bbox 3294 4497 3507 4559; x_wconf 90' lang='lat' dir='ltr'><strong>oportet</strong></span> <span class='ocrx_word' id='word_1_1019' title='bbox 3535 4489 3638 4559; x_wconf 89' lang='lat' dir='ltr'><strong>Deo</strong></span> <span class='ocrx_word' id='word_1_1020' title='bbox 3678 4489 3735 4544; x_wconf 90' lang='lat' dir='ltr'><strong>in</strong></span> 
     </span>
    </p>
   </div>
   <div class='ocr_carea' id='block_1_140' title="bbox 2176 4555 3746 4624">
    <p class='ocr_par' dir='ltr' id='par_1_140' title="bbox 2176 4555 3746 4624">
     <span class='ocr_line' id='line_1_141' title="bbox 2176 4555 3746 4624; baseline 0.004 -15"><span class='ocrx_word' id='word_1_1021' title='bbox 2176 4555 2445 4618; x_wconf 90' lang='lat' dir='ltr'><strong>omnibus,</strong></span> <span class='ocrx_word' id='word_1_1022' title='bbox 2473 4557 2517 4610; x_wconf 92' lang='lat' dir='ltr'><strong>si</strong></span> <span class='ocrx_word' id='word_1_1023' title='bbox 2550 4556 2743 4610; x_wconf 89' lang='lat' dir='ltr'><strong>salvari</strong></span> <span class='ocrx_word' id='word_1_1024' title='bbox 2769 4557 3010 4624; x_wconf 90' lang='lat' dir='ltr'><strong>cupimus</strong></span> <span class='ocrx_word' id='word_1_1025' title='bbox 3041 4558 3094 4612; x_wconf 92' lang='lat' dir='ltr'><strong>in</strong></span> <span class='ocrx_word' id='word_1_1026' title='bbox 3123 4555 3421 4614; x_wconf 57' lang='lat' dir='ltr'><strong>eremofEt</strong></span> <span class='ocrx_word' id='word_1_1027' title='bbox 3464 4560 3509 4614; x_wconf 92' lang='lat' dir='ltr'><strong>si</strong></span> <span class='ocrx_word' id='word_1_1028' title='bbox 3531 4558 3746 4615; x_wconf 84' lang='lat' dir='ltr'><strong>difficile</strong></span> 
     </span>
    </p>
   </div>
   <div class='ocr_carea' id='block_1_141' title="bbox 2177 4625 3745 4691">
    <p class='ocr_par' dir='ltr' id='par_1_141' title="bbox 2177 4625 3745 4691">
     <span class='ocr_line' id='line_1_142' title="bbox 2177 4625 3745 4691; baseline 0.004 -13"><span class='ocrx_word' id='word_1_1029' title='bbox 2177 4625 2332 4680; x_wconf 90' lang='lat' dir='ltr'><strong>nobis</strong></span> <span class='ocrx_word' id='word_1_1030' title='bbox 2359 4625 2582 4691; x_wconf 89' lang='lat' dir='ltr'><strong>videtur,</strong></span> <span class='ocrx_word' id='word_1_1031' title='bbox 2601 4626 2940 4681; x_wconf 89' lang='lat' dir='ltr'><strong>considerare</strong></span> <span class='ocrx_word' id='word_1_1032' title='bbox 2961 4626 3220 4682; x_wconf 88' lang='lat' dir='ltr'><strong>debemus</strong></span> <span class='ocrx_word' id='word_1_1033' title='bbox 3239 4628 3598 4686; x_wconf 88' lang='lat' dir='ltr'><strong>obedientiam</strong></span> <span class='ocrx_word' id='word_1_1034' title='bbox 3624 4630 3745 4686; x_wconf 86' lang='lat' dir='ltr'><strong>Filii</strong></span> 
     </span>
    </p>
   </div>
   <div class='ocr_carea' id='block_1_142' title="bbox 2177 4695 3751 4764">
    <p class='ocr_par' dir='ltr' id='par_1_142' title="bbox 2177 4695 3751 4764">
     <span class='ocr_line' id='line_1_143' title="bbox 2177 4695 3751 4764; baseline 0.004 -15"><span class='ocrx_word' id='word_1_1035' title='bbox 2177 4695 2295 4763; x_wconf 91' lang='lat' dir='ltr'><strong>Dei,</strong></span> <span class='ocrx_word' id='word_1_1036' title='bbox 2325 4704 2379 4750; x_wconf 90' lang='lat' dir='ltr'><strong>et</strong></span> <span class='ocrx_word' id='word_1_1037' title='bbox 2419 4705 2654 4763; x_wconf 88' lang='lat' dir='ltr'><strong>nostram</strong></span> <span class='ocrx_word' id='word_1_1038' title='bbox 2681 4695 2951 4764; x_wconf 89' lang='lat' dir='ltr'><strong>deponere</strong></span> <span class='ocrx_word' id='word_1_1039' title='bbox 2975 4699 3363 4754; x_wconf 90' lang='lat' dir='ltr'><strong>contumaciam</strong></span> <span class='ocrx_word' id='word_1_1040' title='bbox 3403 4714 3511 4756; x_wconf 90' lang='lat' dir='ltr'><strong>non</strong></span> <span class='ocrx_word' id='word_1_1041' title='bbox 3538 4699 3751 4756; x_wconf 77' lang='lat' dir='ltr'><strong>differa-</strong></span> 
     </span>
    </p>
   </div>
   <div class='ocr_carea' id='block_1_143' title="bbox 2176 4764 3752 4840">
    <p class='ocr_par' dir='ltr' id='par_1_143' title="bbox 2176 4764 3752 4840">
     <span class='ocr_line' id='line_1_144' title="bbox 2176 4764 3752 4840; baseline 0.004 -21"><span class='ocrx_word' id='word_1_1042' title='bbox 2176 4780 2316 4820; x_wconf 90' lang='lat' dir='ltr'><strong>mus.</strong></span> <span class='ocrx_word' id='word_1_1043' title='bbox 2361 4765 2477 4834; x_wconf 91' lang='lat' dir='ltr'><strong>Ipse</strong></span> <span class='ocrx_word' id='word_1_1044' title='bbox 2527 4764 2667 4840; x_wconf 79' lang='lat' dir='ltr'><strong>enim</strong></span> <span class='ocrx_word' id='word_1_1045' title='bbox 2718 4766 2811 4820; x_wconf 88' lang='lat' dir='ltr'><strong>Dei</strong></span> <span class='ocrx_word' id='word_1_1046' title='bbox 2846 4765 3012 4822; x_wconf 84' lang='lat' dir='ltr'><strong>Filius</strong></span> <span class='ocrx_word' id='word_1_1047' title='bbox 3046 4767 3302 4840; x_wconf 89' lang='lat' dir='ltr'><strong>obediens</strong></span> <span class='ocrx_word' id='word_1_1048' title='bbox 3345 4769 3442 4824; x_wconf 90' lang='lat' dir='ltr'><strong>fuit</strong></span> <span class='ocrx_word' id='word_1_1049' title='bbox 3492 4786 3658 4840; x_wconf 88' lang='lat' dir='ltr'><strong>usque</strong></span> <span class='ocrx_word' id='word_1_1050' title='bbox 3684 4771 3752 4826; x_wconf 88' lang='lat' dir='ltr'><strong>ad</strong></span> 
     </span>
    </p>
   </div>
   <div class='ocr_carea' id='block_1_144' title="bbox 2177 4835 3755 4910">
    <p class='ocr_par' dir='ltr' id='par_1_144' title="bbox 2177 4835 3755 4910">
     <span class='ocr_line' id='line_1_145' title="bbox 2177 4835 3755 4910; baseline 0.004 -21"><span class='ocrx_word' id='word_1_1051' title='bbox 2177 4845 2425 4910; x_wconf 78' lang='lat' dir='ltr'><strong>mortem</strong></span> <span class='ocrx_word' id='word_1_1052' title='bbox 2450 4835 2661 4910; x_wconf 77' lang='lat' dir='ltr'><strong>crucis;</strong></span> <span class='ocrx_word' id='word_1_1053' title='bbox 2706 4843 2761 4892; x_wconf 87' lang='lat' dir='ltr'><strong>et</strong></span> <span class='ocrx_word' id='word_1_1054' title='bbox 2803 4851 2902 4910; x_wconf 88' lang='lat' dir='ltr'><strong>nos</strong></span> <span class='ocrx_word' id='word_1_1055' title='bbox 2945 4839 3336 4910; x_wconf 81' lang='lat' dir='ltr'><strong>contemnimus</strong></span> <span class='ocrx_word' id='word_1_1056' title='bbox 3380 4841 3498 4910; x_wconf 89' lang='lat' dir='ltr'><strong>ejus</strong></span> <span class='ocrx_word' id='word_1_1057' title='bbox 3536 4835 3755 4898; x_wconf 85' lang='lat' dir='ltr'><strong>obedire</strong></span> 
     </span>
    </p>
   </div>
   <div class='ocr_carea' id='block_1_145' title="bbox 2178 4903 3756 4980">
    <p class='ocr_par' dir='ltr' id='par_1_145' title="bbox 2178 4903 3756 4980">
     <span class='ocr_line' id='line_1_146' title="bbox 2178 4903 3756 4980; baseline 0.005 -21"><span class='ocrx_word' id='word_1_1058' title='bbox 2178 4905 2490 4976; x_wconf 75' lang='lat' dir='ltr'><strong>praeceptis?</strong></span> <span class='ocrx_word' id='word_1_1059' title='bbox 2513 4903 2753 4962; x_wconf 86' lang='lat' dir='ltr'><strong>Christus</strong></span> <span class='ocrx_word' id='word_1_1060' title='bbox 2774 4908 2916 4980; x_wconf 77' lang='lat' dir='ltr'><strong>enim</strong></span> <span class='ocrx_word' id='word_1_1061' title='bbox 2937 4907 3195 4964; x_wconf 87' lang='lat' dir='ltr'><strong>obediens</strong></span> <span class='ocrx_word' id='word_1_1062' title='bbox 3220 4910 3318 4965; x_wconf 90' lang='lat' dir='ltr'><strong>fuit</strong></span> <span class='ocrx_word' id='word_1_1063' title='bbox 3333 4903 3501 4980; x_wconf 76' lang='lat' dir='ltr'><strong>usque</strong></span> <span class='ocrx_word' id='word_1_1064' title='bbox 3526 4911 3593 4966; x_wconf 92' lang='lat' dir='ltr'><strong>ad</strong></span> <span class='ocrx_word' id='word_1_1065' title='bbox 3613 4927 3756 4966; x_wconf 91' lang='lat' dir='ltr'><strong>mor-</strong></span> 
     </span>
    </p>
   </div>
   <div class='ocr_carea' id='block_1_146' title="bbox 2179 4977 3750 5048">
    <p class='ocr_par' dir='ltr' id='par_1_146' title="bbox 2179 4977 3750 5048">
     <span class='ocr_line' id='line_1_147' title="bbox 2179 4977 3750 5048; baseline 0.004 -18"><span class='ocrx_word' id='word_1_1066' title='bbox 2179 4985 2303 5042; x_wconf 89' lang='lat' dir='ltr'><strong>tem,</strong></span> <span class='ocrx_word' id='word_1_1067' title='bbox 2348 4991 2455 5030; x_wconf 88' lang='lat' dir='ltr'><strong>non</strong></span> <span class='ocrx_word' id='word_1_1068' title='bbox 2498 4991 2593 5045; x_wconf 92' lang='lat' dir='ltr'><strong>pro</strong></span> <span class='ocrx_word' id='word_1_1069' title='bbox 2639 4992 2754 5043; x_wconf 87' lang='lat' dir='ltr'><strong>sua,</strong></span> <span class='ocrx_word' id='word_1_1070' title='bbox 2785 4977 2878 5032; x_wconf 86' lang='lat' dir='ltr'><strong>sed</strong></span> <span class='ocrx_word' id='word_1_1071' title='bbox 2921 4993 3018 5048; x_wconf 89' lang='lat' dir='ltr'><strong>pro</strong></span> <span class='ocrx_word' id='word_1_1072' title='bbox 3061 4987 3242 5036; x_wconf 89' lang='lat' dir='ltr'><strong>nostra</strong></span> <span class='ocrx_word' id='word_1_1073' title='bbox 3289 4977 3531 5038; x_wconf 78' lang='lat' dir='ltr'><strong>utilitate.</strong></span> <span class='ocrx_word' id='word_1_1074' title='bbox 3566 4981 3750 5038; x_wconf 86' lang='lat' dir='ltr'><strong>Estote</strong></span> 
     </span>
    </p>
   </div>
   <div class='ocr_carea' id='block_1_147' title="bbox 2178 5048 3753 5118">
    <p class='ocr_par' dir='ltr' id='par_1_147' title="bbox 2178 5048 3753 5118">
     <span class='ocr_line' id='line_1_148' title="bbox 2178 5048 3753 5118; baseline 0.006 -19"><span class='ocrx_word' id='word_1_1075' title='bbox 2178 5061 2304 5118; x_wconf 83' lang='lat' dir='ltr'><strong>ergo</strong></span> <span class='ocrx_word' id='word_1_1076' title='bbox 2333 5061 2436 5101; x_wconf 90' lang='lat' dir='ltr'><strong>non</strong></span> <span class='ocrx_word' id='word_1_1077' title='bbox 2464 5062 2560 5116; x_wconf 89' lang='lat' dir='ltr'><strong>pro</strong></span> <span class='ocrx_word' id='word_1_1078' title='bbox 2585 5063 2700 5113; x_wconf 91' lang='lat' dir='ltr'><strong>sua,</strong></span> <span class='ocrx_word' id='word_1_1079' title='bbox 2742 5048 2836 5118; x_wconf 84' lang='lat' dir='ltr'><strong>sed</strong></span> <span class='ocrx_word' id='word_1_1080' title='bbox 2861 5063 2959 5118; x_wconf 91' lang='lat' dir='ltr'><strong>pro</strong></span> <span class='ocrx_word' id='word_1_1081' title='bbox 2997 5058 3171 5105; x_wconf 88' lang='lat' dir='ltr'><strong>vestra</strong></span> <span class='ocrx_word' id='word_1_1082' title='bbox 3214 5051 3440 5106; x_wconf 86' lang='lat' dir='ltr'><strong>utilitate</strong></span> <span class='ocrx_word' id='word_1_1083' title='bbox 3479 5052 3582 5108; x_wconf 92' lang='lat' dir='ltr'><strong>sibi</strong></span> <span class='ocrx_word' id='word_1_1084' title='bbox 3622 5053 3753 5108; x_wconf 82' lang='lat' dir='ltr'><strong>obe-</strong></span> 
     </span>
    </p>
   </div>
   <div class='ocr_carea' id='block_1_148' title="bbox 2177 5117 3754 5190">
    <p class='ocr_par' dir='ltr' id='par_1_148' title="bbox 2177 5117 3754 5190">
     <span class='ocr_line' id='line_1_149' title="bbox 2177 5117 3754 5190; baseline 0.004 -19"><span class='ocrx_word' id='word_1_1085' title='bbox 2177 5117 2404 5190; x_wconf 78' lang='lat' dir='ltr'><strong>dieutes.</strong></span> <span class='ocrx_word' id='word_1_1086' title='bbox 2431 5118 2567 5172; x_wconf 89' lang='lat' dir='ltr'><strong>Ecce</strong></span> <span class='ocrx_word' id='word_1_1087' title='bbox 2594 5120 2759 5190; x_wconf 87' lang='lat' dir='ltr'><strong>enim,</strong></span> <span class='ocrx_word' id='word_1_1088' title='bbox 2789 5117 2999 5184; x_wconf 89' lang='lat' dir='ltr'><strong>fratres,</strong></span> <span class='ocrx_word' id='word_1_1089' title='bbox 3022 5121 3242 5190; x_wconf 86' lang='lat' dir='ltr'><strong>angelus</strong></span> <span class='ocrx_word' id='word_1_1090' title='bbox 3272 5123 3323 5176; x_wconf 91' lang='lat' dir='ltr'><strong>in</strong></span> <span class='ocrx_word' id='word_1_1091' title='bbox 3354 5123 3603 5179; x_wconf 87' lang='lat' dir='ltr'><strong>omnibus</strong></span> <span class='ocrx_word' id='word_1_1092' title='bbox 3627 5123 3754 5178; x_wconf 86' lang='lat' dir='ltr'><strong>obe-</strong></span> 
     </span>
    </p>
   </div>
   <div class='ocr_carea' id='block_1_149' title="bbox 2179 5187 3753 5257">
    <p class='ocr_par' dir='ltr' id='par_1_149' title="bbox 2179 5187 3753 5257">
     <span class='ocr_line' id='line_1_150' title="bbox 2179 5187 3753 5257; baseline 0.004 -17"><span class='ocrx_word' id='word_1_1093' title='bbox 2179 5187 2256 5257; x_wconf 89' lang='lat' dir='ltr'><strong>dit</strong></span> <span class='ocrx_word' id='word_1_1094' title='bbox 2277 5188 2418 5252; x_wconf 90' lang='lat' dir='ltr'><strong>Deo;</strong></span> <span class='ocrx_word' id='word_1_1095' title='bbox 2445 5196 2498 5242; x_wconf 93' lang='lat' dir='ltr'><strong>et</strong></span> <span class='ocrx_word' id='word_1_1096' title='bbox 2525 5197 2579 5242; x_wconf 92' lang='lat' dir='ltr'><strong>tu</strong></span> <span class='ocrx_word' id='word_1_1097' title='bbox 2616 5188 2706 5257; x_wconf 90' lang='lat' dir='ltr'><strong>qui</strong></span> <span class='ocrx_word' id='word_1_1098' title='bbox 2735 5190 2867 5244; x_wconf 88' lang='lat' dir='ltr'><strong>cinis</strong></span> <span class='ocrx_word' id='word_1_1099' title='bbox 2881 5203 2962 5256; x_wconf 92' lang='lat' dir='ltr'><strong>es,</strong></span> <span class='ocrx_word' id='word_1_1100' title='bbox 2989 5187 3310 5247; x_wconf 86' lang='lat' dir='ltr'><strong>eontradicis</strong></span> <span class='ocrx_word' id='word_1_1101' title='bbox 3339 5193 3447 5247; x_wconf 91' lang='lat' dir='ltr'><strong>Deo</strong></span> <span class='ocrx_word' id='word_1_1102' title='bbox 3463 5194 3490 5247; x_wconf 73' lang='grc'><strong><em>2</em></strong></span> <span class='ocrx_word' id='word_1_1103' title='bbox 3521 5192 3753 5249; x_wconf 89' lang='lat' dir='ltr'><strong>lnsensi-</strong></span> 
     </span>
    </p>
   </div>
   <div class='ocr_carea' id='block_1_150' title="bbox 2179 5256 3748 5321">
    <p class='ocr_par' dir='ltr' id='par_1_150' title="bbox 2179 5256 3748 5321">
     <span class='ocr_line' id='line_1_151' title="bbox 2179 5256 3748 5321; baseline 0.005 -10"><span class='ocrx_word' id='word_1_1104' title='bbox 2179 5256 2303 5311; x_wconf 90' lang='lat' dir='ltr'><strong>bilia</strong></span> <span class='ocrx_word' id='word_1_1105' title='bbox 2329 5257 2584 5312; x_wconf 89' lang='lat' dir='ltr'><strong>obediunt</strong></span> <span class='ocrx_word' id='word_1_1106' title='bbox 2613 5256 2743 5321; x_wconf 90' lang='lat' dir='ltr'><strong>Deo,</strong></span> <span class='ocrx_word' id='word_1_1107' title='bbox 2784 5269 2839 5314; x_wconf 93' lang='lat' dir='ltr'><strong>et</strong></span> <span class='ocrx_word' id='word_1_1108' title='bbox 2865 5269 2917 5314; x_wconf 95' lang='lat' dir='ltr'><strong>tu</strong></span> <span class='ocrx_word' id='word_1_1109' title='bbox 2956 5260 3228 5316; x_wconf 88' lang='lat' dir='ltr'><strong>rationalis</strong></span> <span class='ocrx_word' id='word_1_1110' title='bbox 3253 5263 3460 5318; x_wconf 83' lang='lat' dir='ltr'><strong>resistis</strong></span> <span class='ocrx_word' id='word_1_1111' title='bbox 3492 5264 3638 5319; x_wconf 88' lang='lat' dir='ltr'><strong>Deo?</strong></span> <span class='ocrx_word' id='word_1_1112' title='bbox 3661 5263 3748 5318; x_wconf 89' lang='lat' dir='ltr'><strong>Sol</strong></span> 
     </span>
    </p>
   </div>
   <div class='ocr_carea' id='block_1_151' title="bbox 2179 5329 3752 5398">
    <p class='ocr_par' dir='ltr' id='par_1_151' title="bbox 2179 5329 3752 5398">
     <span class='ocr_line' id='line_1_152' title="bbox 2179 5329 3752 5398; baseline 0.005 -18"><span class='ocrx_word' id='word_1_1113' title='bbox 2179 5342 2208 5380; x_wconf 93' lang='lat' dir='ltr'><strong>a</strong></span> <span class='ocrx_word' id='word_1_1114' title='bbox 2239 5343 2331 5381; x_wconf 91' lang='lat' dir='ltr'><strong>sua</strong></span> <span class='ocrx_word' id='word_1_1115' title='bbox 2353 5329 2538 5381; x_wconf 88' lang='lat' dir='ltr'><strong>semita</strong></span> <span class='ocrx_word' id='word_1_1116' title='bbox 2566 5345 2671 5382; x_wconf 92' lang='lat' dir='ltr'><strong>non</strong></span> <span class='ocrx_word' id='word_1_1117' title='bbox 2702 5329 2896 5393; x_wconf 88' lang='lat' dir='ltr'><strong>deviat,</strong></span> <span class='ocrx_word' id='word_1_1118' title='bbox 2921 5346 3018 5384; x_wconf 90' lang='lat' dir='ltr'><strong>nec</strong></span> <span class='ocrx_word' id='word_1_1119' title='bbox 3046 5333 3191 5396; x_wconf 88' lang='lat' dir='ltr'><strong>luna,</strong></span> <span class='ocrx_word' id='word_1_1120' title='bbox 3226 5347 3324 5388; x_wconf 93' lang='lat' dir='ltr'><strong>nec</strong></span> <span class='ocrx_word' id='word_1_1121' title='bbox 3347 5333 3548 5398; x_wconf 60' lang='lat' dir='ltr'><strong>stella;</strong></span> <span class='ocrx_word' id='word_1_1122' title='bbox 3575 5335 3752 5389; x_wconf 89' lang='lat' dir='ltr'><strong>omnia</strong></span> 
     </span>
    </p>
   </div>
   <div class='ocr_carea' id='block_1_152' title="bbox 2179 5399 3753 5470">
    <p class='ocr_par' dir='ltr' id='par_1_152' title="bbox 2179 5399 3753 5470">
     <span class='ocr_line' id='line_1_153' title="bbox 2179 5399 3753 5470; baseline 0.003 -17"><span class='ocrx_word' id='word_1_1123' title='bbox 2179 5399 2319 5453; x_wconf 90' lang='lat' dir='ltr'><strong>enim</strong></span> <span class='ocrx_word' id='word_1_1124' title='bbox 2362 5399 2547 5470; x_wconf 61' lang='lat' dir='ltr'><strong>cadica</strong></span> <span class='ocrx_word' id='word_1_1125' title='bbox 2597 5400 2706 5454; x_wconf 87' lang='lat' dir='ltr'><strong>suis</strong></span> <span class='ocrx_word' id='word_1_1126' title='bbox 2748 5400 3022 5470; x_wconf 86' lang='lat' dir='ltr'><strong>indulgent</strong></span> <span class='ocrx_word' id='word_1_1127' title='bbox 3049 5404 3069 5433; x_wconf 84' lang='grc'>¹</span> <span class='ocrx_word' id='word_1_1128' title='bbox 3107 5403 3330 5470; x_wconf 86' lang='lat' dir='ltr'><strong>officiis;</strong></span> <span class='ocrx_word' id='word_1_1129' title='bbox 3377 5413 3434 5459; x_wconf 90' lang='lat' dir='ltr'><strong>tu</strong></span> <span class='ocrx_word' id='word_1_1130' title='bbox 3481 5419 3610 5460; x_wconf 82' lang='lat' dir='ltr'><strong>vero</strong></span> <span class='ocrx_word' id='word_1_1131' title='bbox 3659 5404 3753 5460; x_wconf 89' lang='lat' dir='ltr'><strong>Dei</strong></span> 
     </span>
    </p>
   </div>
   <div class='ocr_carea' id='block_1_153' title="bbox 2180 5469 3754 5540">
    <p class='ocr_par' dir='ltr' id='par_1_153' title="bbox 2180 5469 3754 5540">
     <span class='ocr_line' id='line_1_154' title="bbox 2180 5469 3754 5540; baseline 0.004 -15"><span class='ocrx_word' id='word_1_1132' title='bbox 2180 5469 2437 5525; x_wconf 90' lang='lat' dir='ltr'><strong>voluntati</strong></span> <span class='ocrx_word' id='word_1_1133' title='bbox 2471 5470 2620 5540; x_wconf 92' lang='lat' dir='ltr'><strong>quasi</strong></span> <span class='ocrx_word' id='word_1_1134' title='bbox 2661 5471 2712 5524; x_wconf 91' lang='lat' dir='ltr'><strong>in</strong></span> <span class='ocrx_word' id='word_1_1135' title='bbox 2750 5471 2996 5526; x_wconf 89' lang='lat' dir='ltr'><strong>omnibus</strong></span> <span class='ocrx_word' id='word_1_1136' title='bbox 3036 5473 3259 5532; x_wconf 84' lang='lat' dir='ltr'><strong>resistis.</strong></span> <span class='ocrx_word' id='word_1_1137' title='bbox 3308 5469 3392 5532; x_wconf 74' lang='lat' dir='ltr'><strong>Ad</strong></span> <span class='ocrx_word' id='word_1_1138' title='bbox 3433 5483 3620 5534; x_wconf 89' lang='lat' dir='ltr'><strong>nutum</strong></span> <span class='ocrx_word' id='word_1_1139' title='bbox 3657 5474 3754 5533; x_wconf 82' lang='lat' dir='ltr'><strong>Dei</strong></span> 
     </span>
    </p>
   </div>
   <div class='ocr_carea' id='block_1_154' title="bbox 2245 5603 3127 5676">
    <p class='ocr_par' dir='ltr' id='par_1_154' title="bbox 2245 5603 3127 5676">
     <span class='ocr_line' id='line_1_155' title="bbox 2245 5603 3127 5676; baseline 0.011 -27"><span class='ocrx_word' id='word_1_1140' title='bbox 2245 5607 2266 5676; x_wconf 62' lang='grc' dir='ltr'><strong>ξ</strong></span> <span class='ocrx_word' id='word_1_1141' title='bbox 2418 5603 2613 5676; x_wconf 74' lang='lat' dir='ltr'><strong>addunt,</strong></span> <span class='ocrx_word' id='word_1_1142' title='bbox 2633 5611 2683 5676; x_wconf 23' lang='lat' dir='ltr'><strong>Aet</strong></span> <span class='ocrx_word' id='word_1_1143' title='bbox 2703 5605 2808 5670; x_wconf 73' lang='lat' dir='ltr'><strong>ejus</strong></span> <span class='ocrx_word' id='word_1_1144' title='bbox 2827 5605 3127 5662; x_wconf 70' lang='lat' dir='ltr'><strong>discretim.</strong></span> 
     </span>
    </p>
   </div>
   <div class='ocr_carea' id='block_1_155' title="bbox 2225 5667 2658 5743">
    <p class='ocr_par' dir='ltr' id='par_1_155' title="bbox 2225 5667 2658 5743">
     <span class='ocr_line' id='line_1_156' title="bbox 2225 5667 2658 5743; baseline 0 -25"><span class='ocrx_word' id='word_1_1145' title='bbox 2225 5667 2267 5743; x_wconf 40' lang='grc' dir='ltr'>αι</span> <span class='ocrx_word' id='word_1_1146' title='bbox 2288 5674 2415 5730; x_wconf 69' lang='lat' dir='ltr'><strong>Mss,</strong></span> <span class='ocrx_word' id='word_1_1147' title='bbox 2432 5667 2658 5734; x_wconf 77' lang='lat' dir='ltr'><strong>indigem.</strong></span> 
     </span>
    </p>
   </div>
  </div>
