4072 6196
306 179 445 244 1249

302 303 474 375 campi
511 301 729 375 floribus
758 300 1286 375 decoranturtterra
1323 302 1581 358 imbribus
1622 301 1874 375 fecunda-

302 371 724 441 tur,'frondibus
763 372 1026 442 crispatur
1065 371 1218 438 silva,
1255 372 1308 427 in
1353 388 1572 427 nemore
1599 372 1875 427 citharizat

301 446 540 510 avicula;
582 444 758 498 omnia
784 444 892 497 Deo
919 443 1192 507 obediunt,
1221 450 1274 498 et
1302 444 1446 496 solus
1475 443 1634 497 homo
1659 443 1748 496 Dei
1776 457 1873 495 vo-

302 515 491 569 luntati
535 515 754 568 resistit.
787 513 832 567 0
869 513 1151 578 monache,
1186 513 1302 582 lege
1331 511 1484 582 Aquod
1515 512 1726 582 dicitur,
1759 511 1873 566 Me-

304 585 402 639 lior
428 593 499 639 est
528 584 806 664 obedientia
832 600 989 664 quani
1021 584 1220 664 victima
1243 580 1291 664 '(l
1317 580 1444 664 Reg.
1478 599 1584 661 xv,
1602 581 1713 654 22).
1739 583 1874 664 ρῃτε

303 670 463 711 causa
506 663 607 720 est,
660 655 760 708 nisi
807 653 928 724 quia
977 654 1029 707 in
1076 653 1304 724 victimis
1351 654 1524 707 aliena
1572 653 1874 708 immolatur

301 739 450 792 caro,
491 725 584 780 sed
612 725 663 778 in
689 724 988 779 obedientia
1013 723 1260 777 voluntas
1283 723 1497 793 propria
1527 732 1581 777 et
1603 738 1731 777 caro
1756 739 1872 777 ma-

301 795 508 852 ctatur?
559 794 742 850 Estote
791 809 951 865 ergo,
1001 793 1189 865 fratres
1240 794 1364 865 mei,
1412 793 1758 865 obedientes_,
1815 801 1873 847 ut

301 867 468 948 Deum
497 865 707 948 placare
751 863 962 948 possitis
996 863 1316 948 deupeccatis
1354 863 1672 948 commissis.
1698 863 1874 948 rTanto

301 938 444 1015 enirn
471 933 627 1015 citius
653 935 826 1015 placat
862 934 1025 1015 homo
1052 933 1238 999 Deum,
1264 943 1464 1015 quanto
1503 947 1746 1015 repressa
1782 949 1872 988 ar-

301 1007 444 1061 bitrii
470 1007 551 1060 sui
576 1004 821 1074 superbia
848 1004 1023 1074 gladio
1048 1004 1298 1073 prtecepti
1325 1018 1384 1058 se
1409 1004 1666 1057 immolat.

370 1076 564 1132 Cavete
593 1072 769 1129 tamen
797 1072 1200 1138 in‘obedientia,
1227 1072 1422 1128 fratres
1449 1075 1588 1140 mei;
1634 1073 1733 1128 sub
1761 1074 1872 1143 ipsa

299 1147 441 1202 enim
486 1147 873 1216 potestolatere
915 1143 1270 1216 felodraconis
1317 1144 1416 1216 sub
1451 1145 1631 1216 specie
1675 1144 1870 1210 mellis,

300 1218 459 1286 lupus
487 1214 586 1272 sub
612 1215 749 1284 pelle
776 1215 930 1286 ovina
961 1232 973 1267 :
1003 1214 1052 1267 in
1094 1223 1222 1283 potu
1265 1214 1405 1269 enim
1434 1214 1574 1286 dulci
1608 1229 1872 1286 venenum

301 1284 444 1356 saépe
469 1286 658 1350 latitat,
699 1293 755 1356 et
770 1286 834 1356 in
864 1284 967 1338 olla
995 1298 1135 1356 saepe
1167 1297 1318 1356 mors
1357 1285 1590 1356 ponitur.
1620 1284 1875 1356 Attendat

300 1354 544 1436 ergo-qui
568 1355 910 1436 praicipit,et
934 1355 1022 1436 qui
1047 1354 1267 1436 obedire
1276 1355 1540 1436 ointendit,
1585 1354 1724 1436 quod
1748 1355 1874 1436 obe-

299 1423 497 1480 dientia
542 1423 612 1480 sit
658 1423 901 1491 honesta,
952 1433 1007 1478 et
1053 1425 1193 1479 omni
1237 1423 1559 1479 discretione
1600 1423 1868 1478 decorata.

298 1496 430 1552 Nam
481 1497 524 1550 si
554 1497 783 1550 discreta
827 1509 931 1548 non
975 1493 1148 1559 fuerit,
1198 1495 1485 1548 crudelitas
1524 1493 1872 1548 existimanda

299 1577 382 1622 est
407 1584 421 1621 :
451 1567 496 1620 si
526 1565 748 1620 honesta
781 1580 887 1618 non
915 1563 1094 1628 fuerit,
1127 1565 1431 1618 nullatenus
1457 1565 1674 1619 obedire
1704 1564 1870 1618 debe-

301 1651 442 1692 mus.
477 1635 638 1691 Verbi
667 1635 856 1705 gratia,
899 1634 942 1688 si
982 1635 1134 1705 nobis
1178 1635 1499 1705 prmocripitur,
1533 1634 1676 1704 quod
1706 1634 1871 1688 Deum

297 1723 405 1762 non
423 1704 726 1776 diligamus,
754 1704 839 1776 vel
864 1704 1004 1776 quod
1036 1704 1200 1757 Deum
1226 1704 1349 1776 odio
1378 1704 1687 1776 habeamus,
1718 1719 1872 1776 nom-

296 1778 422 1847 quid
455 1773 672 1831 obedire
700 1774 992 1847 debemus?
1022 1773 1277 1847 numquid
1317 1774 1556 1847 vel_ipse
1590 1774 1873 1847 Dens_hoc

296 1843 585 1917 praecipere
633 1845 842 1914 potest?
891 1844 1119 1917 Honesta
1175 1843 1368 1917 igitur,
1406 1843 1621 1909 fratres,
1657 1843 1870 1917 rdebent

297 1911 515 1987 praecipi
551 1924 605 1970 et
625 1911 808 1987 iusta:
840 1914 962 1987 et_si
989 1911 1214 1968 honesta
1236 1913 1319 1987 vel
1349 1914 1489 1987 justa
1517 1929 1625 1987 non
1651 1911 1864 1987 fuerint,

295 1983 596 2041 nullatenus
623 1983 840 2038 ebedire
877 1983 1153 2045 debemus,
1191 1983 1397 2038 etiamsi
1424 1983 1691 2052 apostolus
1719 1986 1870 2039 nobis

298 2056 401 2111 hoc
431 2054 762 2110 indicaverit.
791 2053 991 2108 Tenete
1021 2054 1196 2122 igitur,
1227 2053 1417 2108 fratres
1446 2055 1571 2120 mei,
1600 2063 1654 2108 et
1679 2054 1731 2108 in
1753 2069 1870 2108 cor-

296 2126 452 2182 dibus
480 2126 670 2180 vestris
717 2124 944 2193 alligate,
987 2123 1126 2193 quod
1171 2123 1471 2177 obedientia
1513 2124 1626 2178 sine
1667 2124 1870 2179 discre-

296 2197 442 2252 tione
471 2211 616 2250 cassa
648 2204 748 2260 est,
775 2204 828 2248 et
853 2194 1016 2258 venit,
1045 2208 1150 2247 non
1171 2209 1233 2247 ex
1260 2203 1405 2262 parte
1431 2193 1747 2260 obedientis,
1776 2195 1871 2249 sed

295 2265 651 2336 prmcipientis
679 2283 691 2318 :
724 2273 778 2318 et
825 2264 1125 2336 obedientia
1170 2263 1448 2319 honestate
1505 2264 1728 2333 privata,
1783 2279 1873 2336 su-

293 2334 481 2407 perbia
507 2344 608 2407 est,
639 2344 692 2390 et
709 2335 861 2407 venit
890 2350 953 2407 ex
984 2334 1257 2407 utriusque
1285 2345 1454 2407 parte,
1488 2334 1872 2407 consentientis

294 2404 352 2462 et
391 2405 771 2476 praecipientis,
815 2413 869 2458 et
913 2406 965 2458 in
992 2404 1082 2476 die
1120 2405 1408 2476 novissimo
1451 2405 1560 2474 pari
1591 2419 1743 2473 pmna
1771 2419 1870 2473 pu-

293 2474 528 2532 nientur.
559 2474 853 2531 'Custodite
881 2474 1007 2544 quid
1048 2475 1394 2544 fpr:ecipitis,
1430 2483 1612 2528 cavete
1656 2485 1709 2530 et
1735 2490 1871 2543 pon-

292 2547 480 2603 derate
521 2545 646 2616 quid
689 2543 977 2614 imponitis.
1022 2543 1214 2616 Verum
1259 2546 1693 2616 quotiescumque
1740 2545 1870 2599 obe-

293 2617 493 2672 dientia
524 2613 746 2670 honesta
790 2625 843 2668 et
863 2618 1005 2683 justa
1034 2629 1138 2667 non
1167 2613 1342 2678 fuerit,
1376 2615 1533 2668 toties
1574 2615 1637 2668 ad
1669 2615 1873 2684 irregu-

293 2687 560 2742 laritatem
579 2701 636 2740 se
653 2686 932 2740 devenisse
951 2692 1186 2753 pastores
1207 2686 1538 2752 agnoverint.
1563 2684 1870 2738 Obcdientia

293 2758 479 2840 igitur,
512 2755 705 2810 fratres
730 2757 853 2840 mei,
883 2765 1009 2840 tunc
1036 2769 1180 2820 vera,
1214 2762 1336 2840 iunc
1363 2762 1722 2840 sanctantunc
1744 2770 1870 2840 me-

293 2823 480 2882 ritoria
509 2833 611 2889 est,
650 2824 861 2893 quando
887 2824 1049 2877 ditata
1079 2834 1161 2877 est
1199 2823 1539 2889 discretione,
1570 2823 1868 2889 honestate,

291 2896 498 2968 iustitia
542 2903 596 2968 et
630 2893 945 2968 humilitaie.
978 2893 1093 2946 Ista:
1139 2893 1278 2968 enim
1323 2901 1446 2968 sunt
1475 2893 1635 2968 sociae
1675 2903 1872 2947 sanctae

293 2960 636 3025 obedientia,
666 2963 782 3016 sine
802 2963 993 3032 quibus
1022 2962 1194 3032 omnis
1221 2960 1521 3015 obedientia
1548 2976 1679 3032 vana
1710 2971 1791 3015 est
1815 2972 1869 3017 et

294 3033 666 3111 inutilis._ll:ec
684 3030 879 3111 est_il‘la
904 3030 1209 3111 obedientia
1231 3045 1348 3111 quae
1377 3031 1714 3111 concordiam
1740 3046 1872 3086 con-

295 3115 477 3162 servat
519 3106 572 3159 in
613 3103 850 3173 Angelis,
895 3116 1099 3173 pacem”
1124 3099 1289 3173 nutrit
1318 3099 1370 3152 in
1398 3099 1690 3173 monachis,
1723 3110 1871 3173 tran-

296 3176 614 3258 quillitatem
657 3170 876 3258 κέπφε
895 3170 1205 3258 naves
1235 3170 1360 3258 “es
1388 3179 1470 3258 est.
1488 3171 1593 3258 illa
1621 3171 1872 3258 φρθάίεηῖ

297 3242 558 3325 ῇθ,ηξίηθ
580 3258 688 3325 qua
731 3242 1029 3324 respublica
1071 3248 1228 3325 stare
1251 3255 1355 3325 non
1388 3248 1574 3309 potest,
1624 3243 1736 3296 sine
1769 3257 1873 3322 qua

298 3315 498 3370 familia
545 3311 719 3382 aliqua
766 3313 875 3381 regi
917 3327 1021 3365 non
1059 3318 1254 3382 potest.
1279 3311 1330 3382 0
1361 3325 1516 3382 quam
1547 3311 1872 3382 enormeo’vi-

298 3386 456 3451 tium,
507 3379 1011 3455 quodoobedieniiae
1058 3379 1385 3455 contrarium
1434 3379 1563 3434 fuit!
1616 3381 1873 3455 Perihoc

297 3450 542 3512 diabOlus
588 3454 789 3522 coelum,
814 3451 1059 3522 perdidit,
1104 3466 1196 3520 per
1236 3452 1337 3522 hoc
1374 3453 1534 3522 horno
1571 3450 1870 3521 paradisum

298 3527 497 3588 amisit,
523 3541 617 3593 per
638 3525 740 3578 hoc
772 3519 898 3593 sam
925 3519 1166 3593 regnum,
1200 3535 1294 3590 per
1320 3520 1420 3575 hoc
1446 3519 1692 3593 Salomon
1722 3537 1873 3576 amo-

298 3611 417 3652 rem
457 3590 714 3649 divinum.
765 3591 810 3648 0
856 3601 1035 3645 sancta
1067 3592 1158 3644 Dei
1202 3605 1395 3659 sponsa
1442 3590 1769 3648 obedientia!
1819 3603 1873 3646 tu

299 3667 533 3736 perfecta
559 3663 701 3717 scala
731 3678 790 3719 es
815 3677 918 3731 qua
938 3661 1139 3736 coelum
1161 3661 1494 3736 ascenditur,
1530 3671 1585 3715 tu
1620 3663 1872 3736 quadriga

339 3750 405 3789 ua
433 3735 572 3789 Elias
597 3740 781 3788 vectus
820 3730 900 3786 est
937 3732 990 3785 in
1019 3730 1338 3801 paradisum,
1371 3741 1422 3785 tu
1466 3742 1617 3801 porta
1638 3730 1873 3800 paradisi

339 3751 405 3789 ua
433 3751 572 3789 lanas
597 3751 781 3788 VBClUS
820 3751 900 3786 εει
938 3751 990 3785 Ill
1019 3751 1338 3801 paraunsum,
1371 3751 1422 3785 lu
1466 3751 1617 3801 porta
1646 3751 1870 3800 paratus:

299 3751 568 3868 Iidelibus,
600 3813 654 3858 et
686 3802 928 3857 clausura
961 3803 1227 3857 reorum”.
1261 3801 1305 3856 0
1344 3811 1527 3856 sancta
1553 3803 1870 3866 obedientia,

303 3885 357 3929 tu
380 3874 733 3951 humilitatem
759 3872 948 3951 nutris,
980 3873 1372 3951 tu_patientiam
1399 3871 1607 3951 probas,
1643 3879 1698 3924 tu
1728 3885 1876 3923 man-

300 3944 982 4020 suetudinem_ei§aminas.
1038 3943 1220 4020 E_s_tote
1276 3954 1422 4009 ergo,
1479 3942 1701 4020 fratres“,
1754 3955 1874 4020 cum

301 4016 573 4070 Abraham
617 4013 947 4078 obedientes,
997 4011 1281 4064 reddentcs
1324 4025 1442 4078 qua:
1483 4019 1606 4062 sunt
1649 4009 1876 4064 Czesaris

301 4085 521 4148 Caesari,
550 4091 750 4152 etquae
793 4091 917 4136 sunt
959 4080 1050 4134 Dei
1076 4080 1213 4152 Deo._
1253 4080 1401 4152 Tune
1442 4094 1568 4132 vero
1607 4080 1877 4152 reddimus

302 4154 501 4209 Caesari
543 4149 779 4208 debitum
824 4166 1000 4216 suum,
1042 4149 1254 4219 quando
1279 4149 1474 4203 duliam
1506 4149 1739 4218 praelatis
1781 4165 1879 4204 no-

304 4224 429 4278 stris
453 4222 746 4277 reddimus.
776 4221 902 4275 Ilmc
931 4221 1072 4275 enim
1100 4219 1239 4273 dulia
1265 4220 1506 4274 consistit
1546 4220 1596 4273 in
1627 4236 1878 4276 reveren-

308 4294 394 4348 tiae
415 4292 741 4349 exhibitione
766 4300 820 4346 et
843 4291 1147 4345 dilectione.
1180 4289 1291 4344 Hoc
1315 4299 1491 4344 autem
1513 4289 1687 4345 facere
1713 4291 1876 4346 debe-

304 4379 426 4418 mus
467 4378 571 4417 non
614 4362 786 4417 solum
819 4360 1138 4431 pastoribus,
1186 4359 1279 4415 sed
1323 4368 1376 4414 et
1420 4361 1616 4414 sanctis
1658 4363 1785 4431 Dei;
1825 4368 1880 4414 et

307 4444 432 4488 tunc
480 4432 752 4488 reddimus
790 4430 883 4502 per
919 4430 1273 4502 obedientiam
1321 4446 1438 4500 qua:
1480 4439 1603 4502 suni
1654 4430 1878 4486 Caesaris

304 4503 522 4559 Cmsari.
579 4503 684 4558 Sed
739 4500 864 4556 tunc
911 4500 1184 4554 reddimus
1232 4515 1349 4570 quae
1401 4510 1525 4554 sunt
1579 4501 1671 4556 Dei
1730 4503 1874 4565 Deo,

305 4577 516 4642 quando
562 4574 613 4627 in
655 4573 808 4627 latria
851 4569 1287 4641 perseveramus:
1319 4569 1417 4624 hoc
1446 4572 1588 4624 cnim
1631 4572 1730 4626 soli
1771 4573 1880 4625 Deo

304 4645 564 4712 congruit.
600 4644 723 4696 Haec
756 4642 898 4697 enim
938 4642 1178 4696 consistit
1220 4642 1273 4694 in
1301 4642 1560 4712 oratione,
1602 4649 1656 4696 et
1682 4643 1879 4711 gratia-

305 4711 425 4775 rum
454 4713 683 4776 actione,
710 4720 768 4766 et
804 4712 976 4766 cultus
1005 4712 1284 4766 exterioris
1326 4711 1666 4777 exhibitione,
1713 4722 1767 4767 et
1794 4713 1879 4766 in-

306 4782 520 4836 terioris
562 4781 756 4852 mentis
785 4780 1085 4852 devotione.
1118 4782 1267 4848 Quod
1313 4783 1485 4837 facere
1515 4797 1614 4836 nos
1659 4791 1714 4837 et
1755 4797 1880 4852 per-

309 4865 557 4906 severare
595 4850 749 4904 nobis
791 4850 930 4904 Deus
969 4860 1222 4918 praestare
1247 4851 1491 4920 dignetur
1527 4855 1581 4908 in
1623 4850 1881 4910 mteritum

305 4921 642 4977 benedictus.
673 4921 865 4976 Amen.

895 5010 1124 5067 SERMO
1159 5010 1296 5066 VIII.

819 5119 888 5160 DE
924 5118 1370 5159 PERSEVERANTIA.

379 5197 596 5254 Fratres
633 5197 760 5263 mei,
801 5195 938 5250 sicut
965 5195 1039 5249 ait
1066 5194 1378 5265 Apostolus,
1406 5192 1526 5248 Non
1557 5201 1715 5264 potest
1744 5210 1886 5249 coro-

311 5268 445 5338 nari,
473 5269 571 5338 nisi
597 5269 681 5337 qui
708 5267 924 5338 legitime
955 5263 1312 5338 certati—uiti”
1339 5263 1471 5318 Tim.
1504 5263 1563 5329 II,
1591 5265 1666 5336 5).
1701 5265 1885 5338 Nullus

309 5337 451 5392 enim
483 5336 718 5405 legitime
744 5336 932 5400 certat,
968 5337 1069 5390 nisi
1109 5337 1196 5406 qui
1225 5336 1278 5389 in
1315 5351 1503 5405 campo
1531 5351 1698 5406 usque
1735 5337 1801 5390 ad
1828 5336 1887 5388 fi-

308 5422 434 5463 nem
474 5416 642 5462 certat
685 5425 698 5460 :
731 5417 783 5463 et
826 5409 868 5463 si
908 5413 1079 5463 certat
1125 5420 1295 5477 usque
1335 5407 1401 5461 ad
1442 5408 1622 5476 finem,
1655 5407 1885 5477 legitime

371 5607 392 5678 ξ
414 5611 557 5678 forte
575 5641 591 5668 ,
750 5604 887 5669 mliti,
909 5604 1076 5678 quod“

369 5669 395 5703 ⁸
414 5668 552 5737 aditi,
574 5667 858 5724 et'clauaura
1056 5667 1247 5735 inferni.

1325 181 1414 238 AD
1448 179 1771 240 FRATRES
1806 177 1874 237 IN
1908 175 2145 235 EREMO
2181 177 2412 238 SERMO
2449 177 2584 237 VIII.

3425 188 3565 251 1250

1982 300 2228 375 certat‘_:
2263 299 2384 356 ideo
2418 299 2611 375 merito
2649 306 2950 375 coronatur.
2978 298 3094 358 Non
3125 310 3206 359 est
3248 303 3407 375 igitur
3435 323 3557 365 ma-

1980 383 2141 438 gnum
2177 369 2394 441 bonum,
2443 369 2695 426 inchoare
2737 372 2878 441 quod
2903 372 3101 428 bonum
3131 383 3245 440 est;
3269 369 3388 431 'sed
3428 393 3559 433 con-

1980 454 2286 512 summare,
2347 440 2447 512 hoc
2497 442 2668 495 solum
2712 440 3004 512 perfectum
3059 451 3161 500 est.
3210 443 3356 500 Multi
3411 450 3556 504 enim

1985 509 2148 563 multa
2200 510 2610 581 aggrediuntur,
2665 509 2758 565 sed
2811 512 3062 567 deficiunt
3110 514 3161 568 in
3213 515 3296 569 via
3345 533 3357 568 :
3402 519 3558 574 multi

1979 588 2175 634 exeunt
2208 581 2260 634 in
2290 581 2582 651 desertum,
2623 581 2721 637 sed
2750 583 2898 651 pauci
2927 585 3240 651 perveniunt
3265 586 3327 640 ad
3358 595 3556 644 terram

1980 651 2369 728 promissionis:
2416 650 2698 728 O___fratres
2750 650 2875 728 mei,
2920 650 3032 728 ῥιοη
3084 654 3277 728 tardent
3321 657 3557 728 incipere

1978 734 2189 789 magna,
2220 720 2574 796 nec_fastidiat
2604 730 2798 796 tenere
2830 722 3110 796 inchoata;
3157 725 3386 796 scientes
3415 720 3556 796 quod

1980 790 2373 867 perseverantia
2401 791 2650 846 informat
2671 793 2940 858 meritum,
2971 794 3177 849 colorat
3206 795 3328 849 boni
3357 790 3554 867 propo-

1979 859 2162 935 situm,
2195 871 2516 935 remunerat
2563 871 2885 935 currentem,
2939 874 3159 918 coronat
3210 859 3550 935 pugnantem,

1978 929 2122 984 ducit
2145 930 2209 1003 ad
2242 931 2501 1003 bravium,
2533 932 2781 1003 conducit
2811 943 3032 988 cunctos
3069 935 3133 988 ad
3165 929 3394 1003 portum.
3430 929 3555 994 llaec

1977 1008 2060 1074 est
2085 1001 2469 1074 tunica__talaris
2498 1002 2666 1074 sancti
2693 1001 2914 1074 Joseph,
2944 1019 3112 1074 usque
3140 1001 3206 1059 ad
3235 1008 3391 1061 linem
3423 1023 3556 1064 con-

1978 1069 2205 1147 tingens.
2249 1070 2484 1147 Hzeo_est
2510 1072 2688 1126 tunica
2728 1069 3074 1147 sacerdotalis
3101 1090 3267 1144 usque
3296 1077 3361 1131 ad
3390 1079 3554 1147 pedes

2015 1140 2312 1216 erveniens.
2354 1140 2478 1195 llaec
2518 1151 2597 1216 est
2643 1142 2808 1216 cauda
2856 1143 3065 1210 hostire,
3118 1140 3275 1216 quam
3313 1140 3556 1204 tenemur

2023 1224 2088 1264 eo
2134 1211 2357 1265 reddere
2402 1220 2456 1265 et
2493 1211 2704 1267 offerre.
2755 1213 2880 1268 Haec
2925 1224 3008 1269 est
3053 1211 3357 1272 calcaneum
3403 1219 3555 1274 bona:

1977 1281 2338 1352 operationis,
2348 1282 2492 1352 quod
2523 1291 2704 1337 contra
2743 1286 3006 1352 serpentis
3034 1301 3272 1340 morsum
3299 1287 3554 1343 debemus

1977 1350 2279 1405 observare.
2322 1351 2446 1426 [iam
2474 1354 2770 1426 est_vi_rtus,
2803 1350 2922 1426 qua;
2951 1356 3115 1410 Deum
3147 1357 3291 1426 ligat.
3323 1357 3446 1413 llaec
3473 1368 3554 1414 est

1978 1434 2296 1496 qua:_omne
2340 1421 2536 1474 bonum
2568 1421 2835 1478 informat.
2872 1425 2995 1479 llaec
3022 1435 3104 1480 est
3130 1421 3544 1496 perseverantia,

1976 1504 2076 1558 qua
2108 1489 2414 1566 laureantur
2456 1501 2737 1566 martyres,
2791 1509 2893 1563 qua
2923 1489 3153 1566 virgines
3199 1489 3547 1566 coronantur,

1975 1572 2080 1628 qua
2109 1561 2413 1615 sacerdotes
2452 1561 2821 1616 sublimantur‘
2848 1573 2902 1618 et
2934 1561 3286 1621 confessores.
3319 1568 3442 1623 llrcc
3471 1561 3554 1624 est

1974 1630 2141 1702 vestis
2188 1631 2304 1702 sine
2347 1645 2499 1700 ruga,
2545 1632 2718 1686 tunica
2765 1633 2880 1688 sine
2927 1638 3150 1702 macula,
3189 1637 3396 1692 bonitas
3436 1639 3553 1694 sine

1975 1699 2197 1772 malitia.
2229 1699 2274 1753 0
2297 1699 2574 1772 monache,
2608 1703 2696 1771 qui
2725 1702 2860 1758 bene
2897 1699 3164 1772 incmpisti
3193 1708 3389 1772 vivere,
3420 1723 3570 1766 cave
3597 1709 3601 1714 ’

1975 1783 2044 1823 ne
2086 1769 2152 1846 ad
2197 1779 2405 1840 tempus
2436 1769 2699 1846 virescas;
2748 1788 2876 1846 eave
2925 1791 2994 1831 ne
3034 1769 3156 1831 feno
3198 1769 3547 1846 compareris,

1974 1839 2115 1908 quod
2145 1855 2285 1894 nunc
2308 1839 2576 1905 ’nascitur,
2616 1850 2670 1896 et
2697 1844 2873 1897 statim
2900 1848 3199 1901 marcescit.
3227 1839 3552 1904 Laboremus

1974 1923 2123 1978 ergo,
2167 1909 2380 1976 fratres,
2424 1918 2477 1964 et
2516 1911 2818 1983 laborantes
2860 1929 3304 1983 perseveremus:
3338 1918 3551 1973 labore-

1975 1994 2110 2048 mus,
2161 1989 2216 2032 nt
2243 1982 2689 2048 perseverantiam
2718 1982 3024 2039 habeamus.
3059 1986 3324 2041 Laborent
3368 2001 3553 2043 mona-

1974 2047 2059 2102 chi
2091 2047 2295 2125 omnes,
2329 2059 2384 2103 ut
2426 2052 2688 2125 retineant
2713 2069 2726 2104 :
2748 2051 2991 2125 laborent
3015 2054 3269 2125 virgines,
3299 2067 3356 2111 ut
3383 2057 3552 2113 infor-
3651 2103 3655 2107 .

1973 2129 2160 2194 ment:
2189 2119 2430 2174 laborent
2472 2120 2664 2194 vidum,
2711 2130 2771 2176 ut
2809 2122 2862 2176 in
2911 2125 3022 2193 ipsa
3053 2119 3413 2194 porseverent.
3456 2129 3553 2182 At-

1977 2188 2174 2244 tendite
2193 2198 2437 2267 “tamen,
2490 2188 2726 2267 fratres;
2755 2207 2874 2246 nam
2928 2188 3171 2267 diabolus
3226 2197 3545 2267 quandoque

1975 2271 2161 2328 servos
2191 2259 2282 2312 Dei
2308 2260 2372 2314 ad
2400 2261 2596 2313 bonum
2623 2260 2809 2315 invitat
2850 2271 2904 2316 et
2927 2264 3193 2328 conducit,
3227 2259 3282 2319 tit
3310 2265 3376 2320 de
3405 2259 3546 2322 bono

1975 2327 2185 2397 gravius
2212 2329 2386 2382 eliciat
2424 2330 2642 2382 malum.
2675 2331 2869 2386 Contra
2895 2331 3036 2387 hunc
3069 2327 3266 2389 diaboli
3293 2335 3550 2393 insultum

1975 2397 2086 2451 sola
2115 2397 2254 2451 valet
2297 2400 2709 2467 perseverantia,
2748 2409 2808 2454 ut
2844 2401 2984 2457 bono
3013 2401 3117 2458 fine
3158 2405 3295 2460 bona
3332 2407 3550 2462 conclu-

1974 2467 2166 2521 dantur
2208 2468 2350 2522 initia
2379 2486 2391 2522 :
2425 2479 2482 2539 ut
2503 2469 2811 2539 principium
2845 2473 3038 2537 medio,
3070 2474 3301 2528 medium
3346 2492 3412 2530 ne
3441 2476 3551 2530 dis-

1975 2547 2157 2606 crepet
2194 2538 2404 2592 ultimo.
2450 2538 2844 2594 Bonum'enim
2894 2542 3200 2598 inchoatum
3244 2559 3363 2600 cum
3407 2547 3552 2600 malo

1975 2607 2082 2662 fine
2125 2609 2623 2682 concludere,__quid
2661 2609 2809 2682 aliud
2853 2621 2935 2666 est
2975 2628 3132 2682 quam
3176 2624 3551 2670 monstruosas

1974 2691 2063 2731 res
2107 2678 2538 2752 coniicere?_llla
2589 2679 2730 2752 enim
2778 2682 2917 2735 actio
2961 2678 3111 2752 quasi
3154 2685 3403 2739 chimmra
3445 2694 3548 2750 est,

1974 2761 2092 2832 qua:
2123 2747 2559 2832 initiumhabeta
2585 2751 2809 2832 raiione,
2839 2753 2930 2806 sed
2953 2747 3112 2832 finem
3139 2768 3167 2807 a
3185 2747 3549 2832 sensualitate.

1973 2817 2104 2895 Cum
2135 2817 2280 2895 enim
2309 2818 2392 2895 sie_
2413 2819 2617 2887 agitur,
2649 2819 2883 2895 humano
2906 2823 3064 2895 capiti
3095 2825 3355 2878 cervicem
3382 2826 3554 2895 pictor

1975 2887 2219 2964 equinam
2245 2887 2440 2957 jungit,
2469 2897 2521 2942 et
2550 2890 2912 2964 snperinducit
2939 2887 3292 2951 infructuosas
3322 2887 3548 2964 plumas.

1974 2955 2307 3035 Cave-ergo,
2332 2955 2374 3035 ,ὁ
2402 2955 2686 3035 monaclie,
2715 2975 2781 3035 ne
2808 2962 2946 3014 actio
2986 2970 3089 3035 tua
3113 2955 3409 3035 monstrum
3453 2980 3550 3035 pa-

1976 3025 2094 3076 riat.
2126 3025 2381 3104 Enorrnis
2417 3028 2561 3104 enirn
2609 3028 2722 3104 erit
2745 3028 2894 3104 fetus
2923 3033 3143 3104 ventris,
3174 3034 3223 3104 si
3255 3036 3410 3104 capiti
3445 3025 3552 3090 non

1975 3093 2389 3162 correspondeat
2435 3094 2574 3148 linis.
2625 3094 2848 3160 Quidam
2896 3101 3038 3153 enim
3103 3093 3552 3159 habent'initium

1975 3163 2195 3242 bonum,
2241 3178 2468 3242 quorum
2523 3165 2626 3218 vita
2668 3175 2966 3242 monstrum
3009 3179 3090 3242 est
3130 3170 3371 3242 mirabile
3399 3172 3552 3242 quasi

1977 3233 2206 3304 hominis
2236 3232 2571 3302 prmtendens
2599 3243 2791 3304 caput;
2823 3236 2917 3292 sed
2944 3237 3176 3294 medium
3206 3240 3256 3295 in
3283 3232 3550 3298 luxuriam

1976 3301 2270 3375 descendit,
2300 3313 2646 3375 ventremque
2666 3301 2883 3361 ovinum
2911 3307 3089 3374 habet,
3119 3318 3171 3365 et
3202 3311 3268 3366 ad
3305 3313 3551 3368 ultimum

1976 3374 2031 3454 in
2056 3375 2400 3454 rapacitatem
2425 3375 2534 3445 lupi
2564 3374 2730 3454 pedes
2760 3378 3011 3434 ostendit.
3043 3379 3087 3435 Ο
3117 3383 3394 3454 monache,
3419 3383 3549 3454 quid

1980 3444 2067 3497 tibi
2099 3444 2316 3512 prodest
2338 3444 2533 3500 bonum
2562 3445 2845 3513 inchoare,
2887 3457 2942 3503 et
2982 3465 3089 3505 non
3121 3452 3278 3506 linem
3309 3444 3550 3509 inelude-

1976 3513 2073 3568 re?
2099 3514 2151 3587 Si
2185 3515 2389 3587 bonum
2408 3517 2617 3587 virtutis
2644 3518 2881 3584 amittis,
2922 3519 3174 3576 damnum
3205 3524 3431 3578 incurris
3451 3565 3465 3587 ,
3498 3531 3554 3579 et

1977 3584 2175 3706 grande
2221 3585 2536 3666 snpplicium
2583 3590 2924 3666 promereris.
2961 3589 3006 3644 0
3043 3606 3200 3660 quam
3241 3594 3432 3648 melius
3455 3584 3552 3648 tibi

1998 3663 2183 3706 uisset.
2230 3669 2367 3706 Viam
2417 3664 2654 3706 veritatis
2708 3671 2811 3706 non
2865 3673 3169 3706 agnoscere-
3220 3677 3375 3706 rinam
3430 3669 3552 3706 nmt

1998 3654 2183 3731 'uisset,
2230 3654 2367 3707 viam
2407 3655 2654 3731 _veritatis
2707 3671 2811 3710 non
2865 3654 3171 3731 agnoscere,
3220 3677 3376 3729 quam
3430 3669 3553 3731 post

1977 3726 2206 3792 agnitam
2235 3732 2380 3776 retro
2405 3723 2482 3778 ire
2511 3738 2606 3792 per
2633 3723 3069 3781 inconstantiam!
3103 3723 3447 3794 O'monache,
3476 3731 3551 3784 le-

1979 3795 2056 3846 vis
2084 3793 2353 3864 reputaris
2370 3807 2464 3864 per
2493 3803 2634 3846 tuam
2663 3796 3002 3864 apostasiam.
3029 3813 3148 3852 cum
3169 3799 3303 3853 Juda
3326 3793 3552 3855 incurris

1979 3863 2173 3915 mentis
2201 3861 2597 3934 instabilitatem
2615 3880 2641 3934 ;ﬁ
2664 3861 2939 3934 postponis
2966 3867 3160 3930 Deum,
3189 3869 3384 3924 amittis
3414 3870 3551 3923 ami-

1979 3945 2289 4008 cos,__spem
2325 3932 2532 4008 perdis,
2580 3933 2705 3989 odio
2751 3932 2802 3988 a‘
2829 3937 3034 4008 cunctis
3073 3938 3301 4004 haberis,
3329 3948 3382 3994 et
3411 3941 3554 4008 velut

1981 4002 2226 4074 omnibus
2255 4003 2404 4074 pejor
2445 4010 2688 4072 apostata
2730 4007 3089 4074 comprobaris
3118 4008 3169 4061 in
3198 4002 3322 4064 vita.
3354 4010 3398 4064 0
3440 4002 3553 4064 mo-

1982 4072 2432 4144 n_ache,_attende
2471 4074 2590 4142 quia
2626 4073 2726 4128 nisi
2757 4072 3202 4144 perseveraveris,
3236 4089 3406 4135 morte
3433 4095 3552 4134 mo-

1981 4141 2348 4216 rierisnlg‘itur
2394 4143 2440 4216 si
2489 4141 3073 4216 inempisti'mdiﬁcare,
3109 4141 3339 4216 perfice;
3370 4151 3414 4204 si
3442 4165 3548 4205 non

1983 4212 2269 4289 inempisti,
2302 4213 2504 4289 incipe.
2554 4215 2607 4268 Si
2631 4212 2880 4269 ’obtulisti
2915 4212 3124 4289 liorem
3131 4212 3424 4289 juventutis
3451 4230 3554 4275 luce

1982 4281 2212 4346 diabolo,
2237 4281 2433 4337 saltem
2455 4283 2638 4339 faecem
2667 4287 2956 4340 senectutis
2997 4296 3098 4343 tute
3131 4281 3418 4346 immolare
3447 4306 3554 4346 non

1983 4352 2195 4430 differas
2217 4351 2450 4430 Christo.
2480 4354 3104 4430 ipseuenimmisericors
3125 4367 3225 4426 est,
3253 4369 3307 4414 et
3337 4361 3558 4430 recipiet

1983 4431 2036 4494 te
2063 4423 2306 4487 libenter,
2331 4432 2386 4476 et
2407 4423 2554 4477 dabit
2573 4425 2664 4478 tibi
2691 4426 2880 4479 stolam
2904 4423 3284 4494 candidam,et
3303 4423 3555 4485 annulum

1985 4493 2036 4546 in
2083 4507 2244 4566 manu
2292 4500 2400 4557 tua,
2443 4502 2498 4546 et
2540 4495 2952 4566 calceamentum
2995 4499 3046 4550 in
3073 4493 3294 4566 pedibus
3320 4502 3422 4553 tuis
3454 4519 3467 4555 :
3499 4508 3554 4554 et

1987 4570 2128 4622 tunc,
2178 4563 2466 4614 inveterate
2503 4563 2628 4614 olim
2671 4563 2859 4617 diebus
2901 4563 3091 4630 malis;
3119 4570 3464 4623 renovabitur
3500 4578 3559 4623 ut

1985 4632 2174 4701 aquila:
2192 4631 2470 4708 “juventus
2510 4641 2608 4708 _tua
2653 4630 2848 4688 durans
2905 4635 2960 4687 in
3002 4646 3278 4708 aeternum.
3333 4639 3558 4708 Incipite

1985 4699 2134 4770 ergo,
2186 4699 2376 4771 fratres
2421 4700 2544 4764 mei,
2574 4709 2630 4755 et
2670 4713 3030 4771 perseverate,
3060 4707 3374 4764 reducentes
3404 4699 3558 4764 vobis

1987 4771 2054 4825 ad
2080 4770 2389 4850 memoriam
2415 4785 2442 4822 a
2469 4783 2668 4850 quanto
2695 4773 2832 4826 bono
2872 4770 3097 4850 recessit
3123 4777 3306 4850 .lndas,
3348 4789 3402 4834 et
3425 4795 3559 4850 quo-

1988 4839 2148 4897 modo
2179 4840 2446 4918 ferventer
2468 4840 2603 4895 bene
2621 4856 2780 4910 agere
2799 4844 2991 4918 coepit,
3013 4845 3185 4916 lingua
3216 4839 3365 4903 vobis
3385 4839 3562 4918 ex‘pri-

1988 4925 2136 4987 mere
2158 4909 2462 4987 nullatenus
2491 4909 2700 4987 possem
2724 4931 2739 4978 ;
2762 4909 3030 4987 quomodo
3057 4909 3231 4971 tamen
3258 4909 3562 4987 persevera-

1988 4983 2144 5045 verit,
2174 4981 2336 5053 scitis.
2359 4980 2496 5053 Ecce
2523 4981 2768 5053 Salomon
2781 4980 3306 5053 'perinconstantiain
3327 4989 3558 5043 corruit:

1991 5053 2067 5127 sic
2090 5059 2144 5106 et
2167 5051 2312 5127 Statil,
2346 5052 2424 5104 sic
2447 5060 2501 5104 et
2526 5052 2677 5127 mnlti
2703 5051 2826 5107 alii:
2859 5056 2980 5123 quia
3010 5057 3296 5112 multorum
3326 5059 3560 5127 incipere

1993 5121 2108 5184 fuit,
2135 5121 2228 5174 sed
2257 5123 2706 5189 perseverantium
2731 5121 2922 5191 parvus
2958 5135 3040 5180 est
3059 5143 3329 5183 numerus.
3370 5121 3564 5183 Cavete

1992 5207 2120 5268 ergo
2153 5192 2420 5268 quomodo
2455 5201 2607 5246 caute
2628 5191 2940 5268 ambuietis,
2982 5197 3378 5268 considerantes
3422 5197 3565 5268 quod

1991 5263 2079 5331 qui
2109 5277 2168 5316 se
2212 5263 2481 5338 existimat
2511 5271 2674 5338 stare,
2717 5263 2894 5338 videat
2942 5280 3008 5320 ne
3047 5266 3222 5322 cadat.
3265 5268 3410 5322 Felix
3439 5263 3567 5338 ergo

1993 5343 2105 5408 ost,
2129 5331 2241 5408 _qu_i
2309 5342 2613 5400 perseverat
2659 5334 2798 5408 bene
2823 5333 3028 5408 facere
3077 5351 3245 5408 usque
3283 5339 3337 5392 in
3382 5331 3565 5393 ﬁnem.

1992 5401 2142 5479 Quod
2198 5402 2409 5479 donum
2446 5410 2663 5471 praestet
2712 5403 2865 5460 nobis
2905 5405 2991 5462 ille
3018 5409 3106 5478 qui
3127 5401 3224 5479 pro
3252 5408 3406 5466 nobis
3432 5408 3571 5466 mori

1993 5473 2234 5543 dignatus
2253 5482 2352 5528 est.
2384 5474 2578 5528 Amen.

1998 5606 2209 5720 us;ch
2243 5605 2411 5670 verba,
2434 5610 2483 5658 et
2519 5603 2564 5659 si
2592 5611 2800 5665 certat...
2827 5607 3032 5677 legium
3069 5617 3236 5683 certat,
3261 5621 3358 5675 non
3393 5611 3577 5685 habent.
