4120 6196
517 263 660 321 1505

468 400 475 403 τ
512 376 645 433 ideo
666 375 1135 447 reprehendendus
1177 380 1279 447 est,
1306 372 1428 442 quia
1446 378 1688 447 ementes
1713 376 1766 425 et
1791 368 2085 447 vendentes

512 440 774 504 Dominus
798 447 941 515 ejicit
990 446 1058 499 de
1108 444 1305 515 templo
1325 440 1339 495 ἑ
1361 441 1696 515 repellendus
1724 448 1826 505 est,
1858 440 1979 515 quia
2008 440 2087 515 le-

512 518 797 586 prosiejici
820 508 1092 586 iubentur.
1122 508 1235 569 Non
1276 508 1440 567 intrat
1461 527 1555 586 per
1589 510 1781 586 ostium
1823 508 2087 586 ad_ece_le_-

512 579 675 650 Siam,
698 579 786 653 qui
818 579 911 652 per
934 583 1173 638 laicalem
1194 592 1420 653 portam
1460 582 1646 653 intrat:
1671 580 1784 653 Non
1812 579 1951 653 enim
1992 579 2086 653 lai—

511 656 598 723 cis
620 649 907 723 spirituaiia
936 653 1073 706 dona
1093 649 1281 709 tradita
1311 659 1454 715 sunt,
1477 651 1587 723 sed
1620 649 1828 723 Domini
1855 649 2086 703 vicariis.

512 720 712 792 Yicarii
733 723 939 777 Domini
965 730 1110 785 sunt,
1132 724 1225 792 qui
1246 723 1439 792 vicem
1460 720 1838 792 Apostolorum
1881 728 2083 792 tenent.

508 790 753 846 Castella
780 800 957 846 autem
986 802 1039 845 et
1069 788 1220 846 vil'as
1264 805 1390 846 suas
1426 790 1546 844 laici
1573 790 1883 858 dispensent
1908 804 1921 840 :
1952 788 2089 841 bona

510 870 694 917 autem
724 861 1081 984 Higponensis
1108 860 1357 915 Ecclesiae
1387 857 1671 928 vigilanter
1706 857 1985 911 attendant
2018 873 2086 912 ne

510 938 756 984 tangant.
828 931 1139 984 ivitesenim
1171 945 1292 984 raro
1324 930 1407 984 vel
1452 943 1718 984 nunquam
1771 927 2086 984 pauperibus

509 938 756 999 tangant.
783 927 978 985 Divites
994 932 1139 986 enim
1171 945 1292 985 raro
1324 930 1407 984 vel
1447 927 1718 997 nunquam
1744 927 2091 999 pauperibus

511 998 883 1055 sacerdotibus
905 1000 1214 1069 prmbendas
1256 1007 1543 1069 procurant
1574 1018 1586 1050 :
1619 1007 1676 1052 et
1711 998 1753 1050 si
1785 1007 2087 1069 procurant,

516 1070 749 1140 netrDei
770 1065 953 1124 amore
980 1065 1293 1140 procurant,
1315 1069 1410 1123 sed
1444 1077 1645 1140 utcum
1679 1076 1918 1140 uxoreet
1938 1065 2092 1140 fami-

517 1138 588 1192 lia
616 1139 684 1193 de
707 1140 857 1194 bouis
883 1136 1137 1194 Ecclesia:
1166 1139 1395 1208 gaudere
1441 1139 1675 1208 valeant.
1703 1136 1766 1208 Et
1813 1136 2091 1208 ideoﬁsciat

509 1209 790 1279 sacerdos,
821 1211 912 1279 qui
943 1210 1135 1265 timore
1158 1206 1241 1262 vel
1260 1223 1445 1262 amore
1464 1206 1758 1279 defraudari
1787 1220 1817 1259 a
1847 1206 2009 1279 divite
2034 1221 2093 1261 se

512 1278 796 1358 permittit,
815 1276 973 1361 quod
986 1280 1281 1361 impunitus
1318 1292 1423 1359 non
1468 1276 1762 1361 remanebit
1789 1292 1805 1361 ς
1827 1276 1951 1361 etsi

514 1344 573 1400 in
599 1344 867 1415 prmsenti,
900 1344 1086 1403 saltem
1103 1350 1155 1401 in
1171 1350 1343 1402 futuro
1370 1348 1489 1414 igne
1514 1354 1715 1415 aeterno
1740 1358 1844 1399 non
1871 1344 2090 1399 carebit.

513 1414 819 1472 Redeamus
850 1419 1007 1487 igitur
1043 1417 1109 1471 ad
1154 1417 1504 1487 propositum,
1537 1414 2093 1487 fratres,_et_sciamus

519 1487 787 1568 quomodo
808 1484 1099 1568 poterimus
1120 1484 1218 1568 nos
1234 1486 1493 1565 exhibere
1513 1484 1762 1568 sicut‘Dei
1785 1484 2063 1568 ministres
2075 1501 2089 1537 :

519 1553 713 1625 cupitis
739 1553 880 1610 enim
933 1557 1089 1611 seire.
1149 1557 1289 1609 Ecce
1338 1555 1383 1608 si
1431 1553 2088 1625 persecutiones_veniunt,

516 1622 627 1679 non
651 1626 982 1691 deﬁciamus,
1011 1626 1104 1680 sed
1138 1622 1443 1694 patientiam
1471 1624 1778 1694 habeamus.
1823 1622 1880 1674 Si
1908 1637 2093 1694 neces-

516 1696 651 1763 sitas
709 1697 1029 1763 paupertatis
1059 1692 1351 1761 contingat,
1400 1708 1504 1746 non
1534 1692 1896 1760 desperemus,
1925 1692 2016 1744 sed
2039 1692 2091 1746 in

516 1762 750 1817 Domino
793 1766 1141 1819 conﬁdamus.
1171 1764 1227 1818 Si
1256 1762 1702 1830 biaspliemantur,
1743 1776 1847 1814 non
1873 1775 2094 1827 reSpon-

514 1832 762 1895 deamus,
804 1835 895 1886 scd
938 1849 1235 1902 parcamus.
1281 1832 1337 1886 Si
1362 1830 1620 1902 colaphis,
1651 1830 1735 1882 vel
1777 1831 1943 1902 alapis
1993 1846 2097 1902 caa-

517 1902 719 1964 dimur,
744 1905 900 1957 altam
934 1898 1134 1971 partem
1159 1918 1345 1969 parare
1371 1916 1475 1955 non
1493 1898 1821 1971 differamus.
1850 1901 1905 1953 Si
1932 1900 2095 1953 verbo

516 1970 605 2023 vel
653 1970 943 2027 murmure
969 1973 1325 2039 percutimur,
1364 1981 1649 2039 taceamus.
1702 1970 1757 2022 Si
1785 1970 2092 2035 occidimur,

520 2042 818 2108 gaudenter
840 2042 907 2095 ad
934 2038 1160 2093 mortem
1180 2054 1482 2108 pergamus.
1498 2038 1718 2104 Quare?
1747 2039 1879 2105 Quia
1908 2049 2097 2092 nonest

520 2125 693 2164 servus
738 2113 901 2181 major
929 2110 1283 2181 domin_o_suo.
1314 2108 1384 2181 Si
1403 2109 1544 2181 opim
1570 2123 1650 2181 me
1685 2110 1929 2181 persecuti
1959 2119 2096 2181 sunt,

524 2188 571 2231 et
594 2194 678 2232 vos
712 2175 1283 2250 periequenlur(1oau.
1314 2175 1405 2250 xvi,
1425 2176 1494 2231 20
1525 2176 1567 2244 ),
1592 2178 1671 2250 ait
1694 2178 1977 2250 Dominus.
2016 2179 2097 2250 Alta

526 2250 666 2302 enim
710 2245 958 2316 patientia
1013 2245 1190 2301 ornari
1246 2247 1520 2310 debemus,
1559 2245 1608 2316 si
1636 2247 1862 2316 ministri
1904 2246 2099 2302 Christi

518 2315 926 2386 esseoptamus.
957 2316 1062 2371 Sed
1108 2317 1232 2385 quid
1275 2315 1438 2379 aliud,
1471 2315 1572 2386 nisi
1597 2315 1739 2384 quod
1764 2318 1817 2370 in
1862 2319 2102 2372 castitate

520 2385 879 2457 nosmetipsos
902 2386 1156 2457 exhibere
1180 2386 1435 2457 debemus
1459 2386 1482 2437 ?
1518 2385 1646 2439 Haec
1683 2385 1872 2457 es_t_illa
1910 2387 2097 2452 virtus,

514 2457 639 2510 sine
668 2454 771 2527 qua
799 2459 917 2526 quis
964 2466 1047 2527 est
1071 2454 1242 2508 factus
1266 2455 1505 2527 omnium
1544 2469 1686 2509 reus.
1734 2455 1861 2510 Haec
1898 2465 1981 2511 est
2010 2457 2099 2527 illa

517 2524 712 2591 virtus,
732 2524 849 2594 qua:
881 2540 976 2580 nos
1000 2526 1108 2579 Deo
1133 2524 1493 2595 commendat,
1512 2540 1632 2595 qua:
1660 2539 1759 2579 nos
1778 2528 1994 2595 angelos
2019 2525 2098 2579 fa-

522 2595 617 2659 cit,
647 2593 766 2664 qurc
810 2611 906 2650 nos
934 2610 1094 2661 super
1141 2594 1340 2648 mtltera
1398 2593 1625 2648 volando
1674 2593 1943 2650 conducit.
1971 2596 2099 2651 Hzec

522 2672 605 2717 est
625 2666 710 2718 illa
735 2667 919 2731 virtus,
953 2666 1069 2719 sine
1110 2679 1212 2732 qua
1259 2678 1384 2718 vasa
1415 2664 1625 2717 Domini
1673 2664 1814 2720 ferre
1842 2682 1946 2719 non
1979 2680 2102 2734 pos-

522 2748 725 2788 sumus.
762 2736 884 2789 llam
907 2743 985 2789 est
1043 2734 1129 2787 illa
1160 2743 1343 2803 sancta
1371 2734 1561 2799 virtus,
1605 2750 1766 2802 quam
1809 2735 2103 2803 astringere

519 2818 624 2858 nos
642 2804 796 2859 docet
851 2805 1157 2873 Apostolus,
1201 2802 1494 2873 Fornicatio
1519 2815 1565 2857 et
1595 2806 1755 2873 omnis
1786 2802 2105 2859 immunditia

519 2887 623 2927 non
656 2871 937 2927 nominetur
966 2875 1019 2926 iu
1064 2872 1199 2925 vobis
1226 2874 1243 2940 (
1277 2872 1467 2942 Ephes.
1497 2888 1553 2938 v,
1601 2873 1635 2926 5
1658 2871 1699 2943 ),
1735 2889 1800 2926 ne
1828 2889 1979 2943 mens
2013 2889 2105 2930 ve-

519 2952 632 2996 stra
662 2944 939 3011 colloquiis
969 2943 1120 2996 malis
1167 2944 1336 3013 possit
1385 2942 1674 3013 corrumpi.
1709 2943 1849 3007 Ideo,
1892 2942 2102 3011 fratres,

524 3014 803 3082 attendite,
834 3012 975 3082 quod
1018 3027 1127 3066 non
1172 3011 1351 3068 solum
1380 3028 1411 3065 a
1459 3011 1609 3066 vobis
1643 3012 1969 3082 removenda
2023 3024 2107 3069 est

522 3079 828 3147 fornicatio,
852 3079 950 3137 sed
981 3084 1143 3137 etiam
1169 3084 1342 3137 omnis
1371 3082 1602 3150 suspicio
1631 3081 1782 3136 falsa.
1812 3082 1925 3136 Non
1952 3083 2105 3138 decet

523 3152 773 3207 clericum
820 3170 943 3208 eum
982 3154 1298 3209 mulieribus
1345 3152 1555 3216 sedere,
1606 3152 1686 3219 vel
1738 3152 1975 3216 fabulari,
2024 3154 2106 3207 vel

522 3221 745 3294 domum
775 3222 888 3291 ejus
915 3224 1288 3294 frequentare;
1322 3238 1390 3276 ne
1409 3222 1639 3294 suspicio
1661 3223 1794 3275 mala
1828 3222 1962 3294 inde
1980 3237 2106 3291 pro-

522 3291 815 3362 grediatur.
850 3294 894 3345 0
919 3291 1078 3362 quam
1121 3295 1264 3357 vilis,
1295 3311 1328 3346 ο
1376 3307 1534 3360 quam
1564 3292 1724 3346 miser
1750 3303 1805 3345 et
1834 3292 2106 3360 pusillani-

528 3360 631 3432 rnis
658 3360 949 3428 reputatur
977 3365 1224 3425 clericus,
1258 3364 1345 3432 qtti
1389 3364 1690 3427 frequenter
1713 3377 1833 3432 cum
1874 3361 2109 3417 mulieri-

524 3428 629 3500 bus
667 3442 1014 3487 conversatur
1042 3433 1055 3485 !
1088 3428 1348 3500 lnsipic'us
1392 3431 1543 3485 valde
1581 3441 1663 3485 est
1692 3440 1746 3484 et
1774 3431 2098 3499 inexpertus,

522 3499 626 3572 qui
655 3500 916 3572 amicitias
964 3499 1241 3556 mulierum
1293 3511 1558 3572 procurat.
1592 3499 1660 3553 Et
1688 3500 1831 3572 rideo
1878 3516 1972 3572 vos
2017 3502 2106 3572 qui

525 3568 658 3620 estis
685 3568 777 3622 lux
799 3572 1004 3637 mundi,
1036 3581 1091 3625 et
1129 3568 1314 3625 civitas
1350 3571 1404 3622 in
1451 3578 1629 3623 monte
1654 3569 1866 3630 situata,
1919 3571 1996 3625 sic
2025 3568 2104 3626 fa-

523 3650 675 3705 mam
724 3649 955 3694 vestram
995 3641 1263 3696 custodire
1289 3639 1513 3705 debetis,
1543 3647 1603 3692 ut
1654 3654 1758 3692 non
1792 3640 2108 3695 erubescant

530 3704 600 3760 de
624 3707 1010 3765 detractoribus
1040 3711 1362 3766 laudatores.
1396 3704 1859 3771 Attenditeetiam,
1889 3709 2098 3773 fratres,

528 3780 790 3849 attendite
827 3781 965 3848 quod
994 3781 1119 3834 dicit
1143 3780 1448 3849 Apostolus,
1485 3777 1769 3849 lf‘ornicatio
1807 3789 1854 3831 et
1882 3780 2105 3833 immun-

533 3847 679 3900 ditia.
708 3847 1008 3903 Fornicatio
1027 3851 1167 3904 enim
1185 3847 1269 3905 est
1317 3847 1572 3902 naturalis
1601 3849 1878 3901 mulierum
1905 3863 2104 3904 concu-

531 3917 697 3982 bitus,
727 3918 818 3972 sed
849 3920 1081 3984 illicitus,
1132 3919 1428 3974 Fornicatio
1455 3928 1555 3979 eSt,
1582 3933 1700 3971 cum
1743 3919 2105 3973 meretricibus

529 4000 714 4056 agere.
762 3988 949 4043 Mulier
990 3991 1101 4044 sive
1129 3989 1387 4049 adultera,
1417 3989 1527 4041 sive
1573 3987 1863 4040 concubina
1883 4028 1898 4051 ,
1927 4003 2101 4042 mere-

532 4056 640 4109 trix
685 4067 924 4112 vocatur.
983 4059 1280 4112 Fornieatio
1328 4058 1468 4110 enim
1501 4056 1618 4109 ideo
1645 4057 1852 4109 clericis
1882 4057 2103 4110 interdi-

528 4124 713 4192 citur,
768 4128 891 4196 quia
944 4144 1064 4182 cum
1108 4129 1273 4181 simus
1311 4127 1536 4196 ministri
1585 4126 1812 4189 Domini,
1867 4126 2102 4180 membra

532 4194 833 4250 meretricis
882 4211 990 4250 non
1039 4197 1346 4251 efﬁciamur.
1376 4194 1429 4264 Ο,
1453 4210 1607 4263 quam
1641 4205 1791 4263 turpe
1820 4205 1919 4259 est,
1947 4197 2103 4250 cleri-

528 4277 657 4316 cum
688 4279 716 4315 a
769 4267 1046 4319 meretrice
1072 4267 1192 4318 duci
1222 4265 1518 4332 captivum!
1550 4264 1646 4330 Qui
1691 4265 1832 4316 enim
1860 4264 2097 4319 adhzeret

530 4332 824 4395 meretrici,
856 4350 1015 4387 unum
1047 4349 1238 4403 corpus
1259 4331 1501 4389 efﬁcitur.
1537 4334 1602 4403 Et
1621 4331 1912 4403 ideoscire
1941 4331 2102 4403 debe-

530 4415 672 4465 mus,
703 4403 844 4471 quod
874 4405 1070 4457 malum
1097 4400 1178 4458 est
1224 4403 1493 4459 fornicari.
1538 4401 1679 4471 Nam
1710 4400 1754 4453 si
1797 4400 2099 4471 conjugium

528 4469 897 4543 sacerdOtibus
938 4473 1264 4543 prohibetur,
1315 4482 1513 4543 quanto
1521 4469 1714 4543 _magis
1763 4471 1963 4543 crimen
1996 4470 2101 4524 for-

525 4539 813 4597 nicationis
844 4543 895 4596 in
924 4539 1078 4597 nobis
1104 4539 1491 4598 aestimabitur?
1521 4539 1659 4595 Ecce
1697 4540 1859 4605 enim,
1892 4539 2096 4607 fratres,

520 4608 683 4666 'laicis
708 4612 1000 4681 conjugatis
1044 4613 1109 4667 ad
1138 4622 1345 4680 tempus
1382 4611 1647 4666 abstinere
1688 4609 2099 4681 prmcipitur,iut

527 4689 721 4738 vacent
767 4680 1027 4746 orationi;
1069 4692 1124 4736 et
1163 4681 1464 4736 sacerdotes
1488 4692 1620 4748 quos
1668 4694 1860 4748 corpus
1890 4680 2098 4733 Domini

530 4764 849 4805 consecrare
897 4752 1040 4805 omni
1087 4751 1173 4805 die
1215 4759 1442 4818 oportet,
1493 4748 1814 4818 concubinas
1845 4750 1897 4802 in
1935 4748 2096 4804 domo

532 4827 717 4873 tenere
742 4834 846 4872 non
874 4820 1214 4875 erubescunt.
1253 4816 1403 4873 Ecce
1436 4816 1701 4887 quomodo
1746 4833 1870 4871 vasa
1919 4828 2095 4873 vestra

527 4888 875 4956 possiderein
900 4890 1316 4943 sanctiﬁcatione
1362 4886 1560 4942 sciatis.
1605 4886 1764 4941 Scitis
1804 4887 1969 4953 enim,
1995 4886 2099 4941 τιτι·

527 4955 658 5019 ires,
692 4957 832 5039 quod
862 4958 957 5039 die
995 4959 1221 5039 quadam
1243 4956 1590 5039 David_venit
1619 4955 1701 5039 3d
1758 4956 2097 5039 Achimelech

522 5025 878 5094 sacerdotem,
911 5025 1049 5082 etait
1093 5026 1259 5081 David
1302 5026 1583 5081 esuriens:
1618 5026 1690 5080 Da
1728 5025 1856 5079 mihi
1900 5026 2096 5095 aliquid

525 5094 653 5150 cibi.
688 5096 755 5151 Et
780 5096 1089 5165 respondit:
1119 5096 1233 5151 Non
1264 5096 1437 5150 habeo
1464 5109 1624 5164 panes
1650 5095 1861 5165 laicales
1892 5095 1956 5148 ad
1983 5094 2096 5149 ma—

522 5180 649 5229 nus,
683 5166 777 5220 sed
808 5164 1008 5221 tantum
1036 5180 1225 5235 panem
1267 5174 1527 5229 sanctum,
1560 5175 1613 5217 ct
1668 5164 1785 5235 ideo
1815 5164 1899 5218 die
1942 5165 2092 5232 mihi,

522 5246 560 5306 ρ
587 5236 775 5306 David,
801 5244 923 5290 sunt
951 5234 1131 5306 muudi
1183 5236 1328 5306 pueri
1358 5236 1430 5288 tui
1461 5250 1499 5306 ἓ
1516 5234 1861 5306 mulieribus?
1890 5234 1957 5287 Et
1999 5236 2092 5302 ait,

525 5302 742 5358 Suntah
768 5305 881 5359 heri
909 5314 965 5361 et
1008 5302 1409 5363 nudiustertius.
1459 5303 1527 5359 Et
1556 5304 1632 5357 sic
1677 5303 1817 5357 dedit
1845 5306 2096 5359 sacerdos

524 5373 605 5444 eis
653 5374 1036 5444 sanctiﬁcatum
1074 5390 1265 5444 panem
1291 5375 1307 5444 (
1332 5375 1348 5427 l
1371 5373 1496 5444 Reg.
1546 5389 1653 5444 xxi,
1688 5373 1780 5444 5-6
1807 5373 1847 5443 ).
1878 5373 2094 5444 δίει-ευ

520 5441 870 5513 interrogavit
913 5441 1182 5507 sacerdos,
1212 5441 1385 5498 utrum
1436 5441 1573 5497 servi
1602 5442 1763 5497 David
1804 5441 1983 5513 mundi
2009 5441 2096 5497 es-

526 5522 647 5585 sent
692 5511 905 5585 piopter
926 5530 1116 5585 panes
1152 5514 1549 5585 propositionis
1574 5511 1906 5582 accipiendos
1931 5530 1944 5577 ;
1967 5512 2091 5582 quid

516 5579 821 5652 facere'no's
858 5579 1319 5643 debemus,miséri
1369 5579 1933 5652 sacerdotes'propter
1971 5579 2090 5638 cor-

524 5663 626 5721 pus
674 5650 881 5708 Domini
919 5653 1317 5729 accipiendum?
1342 5653 1387 5711 0
1416 5652 1605 5712 fratres
1652 5650 1777 5723 mei,
1803 5650 1881 5710 sic
1921 5660 1976 5711 et
2007 5667 2093 5710 sa-

1961 250 2323 327 APPENDIX.

3624 254 3776 314 1508

2198 369 2441 426 cerdotes
2464 385 2784 441 paganorum
2811 371 2936 427 dum
2963 369 3156 426 offerre
3184 368 3381 441 debent
3408 368 3655 441 dilsdsuis
3683 372 3779 427 in-

2193 455 2383 512 censa,
2404 438 2477 496 ah‘
2499 438 2641 496 omni
2672 443 2813 497 malo
2848 453 2903 495 ut
2934 448 3152 512 possunt
3186 438 3471 495 abstinent.
3498 438 3641 512 Ecce
3667 456 3774 512 ego

2190 510 2297 579 jam
2319 513 2598 579 episcopus
2630 511 2981 581 Hipponensis
3010 525 3177 575 eram,
3209 519 3408 581 etcum
3447 510 3771 581 quibusdam

2195 580 2362 635 servis
2384 581 2593 651 ,Cltristi
2634 581 2698 635 ad
2725 580 3049 650 Ethiopiam
3084 580 3289 651 perrexi
3318 579 3415 651 (a).
3442 579 3500 634 ut
3521 581 3600 635 eis
3643 596 3773 637 san-

2194 657 2336 722 ctum
2366 650 2559 722 Christi
2586 652 2926 722 Evangelium
2956 650 3415 722 pradicarem,_et
3443 651 3671 722 vidimus
3688 652 3767 722 (ό)

2195 719 2267 773 ibi
2298 721 2491 791 multos
2518 717 2759 776 homines
2786 737 2846 776 ac
2868 717 3116 791 mulieres
3144 717 3216 791 (c)
3232 719 3405 789 capita
3423 734 3527 774 non
3560 717 3766 776 haben-'-

2196 797 2297 860 tes,
2319 790 2413 845 sed
2434 792 2614 845 oculos
2639 807 2849 858 grossos
2873 791 3004 846 ﬁxos
3030 790 3081 844 in
3109 790 3344 860 pectore,
3374 799 3565 844 caetera
3596 806 3771 845 mem~

2196 859 2289 913 bra
2331 861 2551 928 aequalia
2603 861 2756 915 nobis
2792 860 3046 914 habentes
3079 864 3253 914 :inter
3283 873 3417 928 quos
3463 859 3770 917 sacerdotes

2190 942 2380 983 eorum
2401 928 2628 985 vidimus
2676 940 2963 994 uxoratos;
2994 935 3152 983 tautae
3200 937 3375 983 tamen
3426 928 3761 985 abstinentia:

2196 1008 2364 1061 erant,
2395 1000 2533 1069 quod
2552 1001 2675 1054 licet
2703 1014 2892 1054 uxores
2919 998 3222 1053 sacerdotes
3248 1012 3436 1053 omnes
3483 997 3761 1067 haberent,

2198 1068 2460 1138 nunquam
2490 1078 2664 1124 tamen
2694 1070 2793 1123 nisi
2820 1068 3067 1138 semeliu
3106 1083 3246 1123 anno
3269 1083 3361 1121 eas
3381 1069 3769 1138 tangere-vole-

2196 1137 2343 1201 bant,
2373 1154 2473 1201 qua
2505 1139 2590 1193 die
2619 1139 2685 1192 ab
2705 1141 2847 1193 omni
2868 1137 3135 1192 sacriﬁcio
3154 1137 3505 1192 abstinebant.
3530 1137 3770 1194 Vidimus

2194 1217 2249 1277 et
2266 1208 2317 1261 in
2330 1206 2663 1263 inferioribus
2676 1208 2906 1277 partibus
2922 1206 3204 1276 AEthiopim
3217 1206 3460 1261 homines
3475 1222 3634 1261 unum
3650 1223 3773 1263 ocu-

2195 1276 2303 1331 lum
2336 1287 2537 1333 tantum
2559 1280 2609 1332 in
2647 1276 2821 1333 fronte
2847 1277 3123 1340 habentes,
3150 1289 3377 1346 quorum
3416 1278 3772 1333 sacerdotesa

2195 1348 2685 1403 conversationibns
2711 1348 2980 1402 hominum
2999 1345 3282 1416 fugiebant,
3299 1345 3367 1401 ab
3381 1347 3526 1401 omni
3550 1346 3774 1403 libidine

2195 1418 2372 1471 carnis
2412 1432 2471 1472 se
2496 1417 2850 1481 abstinebant,
2877 1427 2932 1471 et
2958 1416 3009 1469 in
3028 1415 3319 1484 septimana
3338 1415 3388 1469 in
3407 1431 3511 1483 qua
3532 1416 3632 1471 diis
3658 1418 3773 1473 suis

2198 1485 2351 1539 thura
2376 1487 2570 1541 offerre
2593 1487 2874 1550 debebant,
2899 1485 2967 1539 ab
2989 1486 3133 1541 omni
3162 1485 3279 1540 labe
3321 1487 3501 1540 carnis
3524 1486 3765 1542 abstine—

2196 1554 2392 1610 bantse
2415 1573 2429 1609 :
2450 1556 2577 1610 nihil
2597 1556 2876 1610 sumebant
2896 1555 2996 1609 nisi
3013 1563 3292 1609 metretam
3313 1569 3463 1623 aqum
3485 1569 3580 1623 per
3592 1555 3768 1620 diem;

2196 1632 2251 1678 et
2275 1626 2352 1678 sic
2385 1626 2617 1680 contenti
2672 1633 2944 1680 manentes
2993 1624 3153 1693 digne
3188 1624 3506 1680 sacriﬁcium
3528 1624 3632 1680 diis
3653 1627 3768 1679 suis

2196 1693 2508 1766 offerebant.
2537 1695 2581 1750 0
2627 1695 2840 1766 grandis
2869 1694 3286 1766 Christianorum
3346 1694 3595 1748 miseria!
3628 1695 3772 1750 Ecce

2198 1766 2385 1832 pagani
2409 1763 2655 1819 doctores
2685 1765 2914 1819 ﬁdelium
2944 1763 3066 1818 facti
3120 1771 3261 1828 sunt,
3289 1772 3344 1818 et
3383 1774 3692 1834 peccatores
3718 1774 3772 1819 et

2199 1834 2508 1905 meretrices
2557 1844 2944 1905 praecesserunt
2991 1834 3178 1888 ﬁdeles
3223 1835 3273 1905 in
3320 1833 3487 1903 regno
3535 1833 3626 1887 Dei
3665 1834 3766 1905 (ἀ).

2198 1901 2313 1973 Non
2336 1918 2462 1973 ergo
2484 1901 2579 1969 sic,
2606 1904 2815 1970 fratres,
2846 1920 2951 1960 non
2977 1905 3070 1968 sic,
3117 1901 3402 1973 Dominum
3436 1918 3540 1957 non
3568 1901 3766 1973 tantum

2198 1971 2480 2044 diligamus
2499 1989 2615 2039 ore,
2672 1974 2765 2029 sed
2819 1988 2980 2044 Opere
3003 1982 3063 2044 et
3084 1973 3324 2044 veritate.
3350 1971 3503 2044 Tunc
3528 1972 3638 2044 veri
3655 1973 3769 2044 ejus

2200 2041 2430 2096 ministri
2459 2045 2676 2110 erimus,
2722 2045 2764 2097 si
2800 2041 2995 2108 sobrie,
3026 2043 3070 2097 si
3113 2043 3276 2111 juste,
3318 2042 3365 2096 si
3411 2050 3558 2097 caste
3581 2041 3770 2097 vixeri-

2201 2125 2320 2165 mus
2350 2129 2363 2166 :
2397 2114 2487 2182 qui
2508 2122 2590 2168 est
2615 2113 2925 2169 benedictus
2945 2113 2996 2166 in
3020 2112 3236 2166 saecula.
3265 2113 3457 2166 Amen.

2711 2203 2938 2259 SERMO
2978 2200 3260 2258 XXXVIII.

2203 2308 2271 2347 DE
2298 2308 2478 2350 εΑοιιΑς
2516 2310 2819 2351 εριιιρτυιιβ
2850 2310 3157 2351 lNGENTIBUS
3203 2308 3510 2360 PBECONIIS,
3537 2310 3642 2351 ουκ
3669 2311 3768 2352 ει-

2299 2378 2644 2420 BORTATIONE
2673 2382 2740 2420 ΔΙ)
2769 2375 3085 2421 υιιιοεκτειι
3116 2378 3280 2420 IPSIUS
3306 2379 3608 2422 LECTIONBI
3634 2367 3674 2422 ί.

2276 2455 2548 2537 Scriptum
2593 2464 2677 2511 est
2701 2497 2716 2521 ,
2766 2455 2955 2537 fratres
3009 2455 3329 2518 charissimi,
3377 2455 3521 2537 quod
3565 2457 3770 2537 Moyses

2206 2526 2382 2592 posuit
2407 2527 2457 2579 in
2481 2525 2819 2581 tabernaculo
2872 2525 3077 2581 labrum
3123 2539 3352 2595 mneum,
3398 2525 3450 2579 in
3491 2539 3598 2595 quo
3626 2525 3768 2580 lava-

2206 2604 2390 2648 rentur
2410 2596 2583 2649 Aaron
2609 2603 2666 2648 et
2714 2596 2805 2649 ﬁlii
2833 2594 2966 2664 ejus,
3012 2609 3132 2650 cum
3165 2594 3561 2663 ingrederentur
3586 2605 3768 2650 sancta

2206 2672 2508 2735 sanctorum
2540 2663 2748 2735 (Εαεοιι.
2789 2663 2878 2727 xL,
2912 2663 3062 2735 28).
3114 2663 3273 2731 ideo,
3318 2664 3585 2735 attendite,
3639 2666 3762 2733 quia

2206 2733 2457 2802 quidquid
2514 2733 2613 2787 sub
2640 2734 2779 2803 Lege
2814 2733 3030 2803 antiqua
3077 2734 3130 2788 in
3162 2735 3362 2803 templo
3388 2733 3479 2788 Dei
3504 2734 3766 2789 efﬁcieba-

2209 2812 2312 2886 tur,
2326 2803 2523 2886 aliquid
2548 2804 2776 2886 futurum
2798 2803 3167 2886 prtesignahat,
3188 2803 3401 2886 quodin
3428 2804 3660 2886 Ecclesia
3676 2818 3771 2859 no-

2207 2881 2316 2926 stra
2332 2873 2431 2926 sub
2446 2874 2609 2942 ﬁgura
2627 2874 2920 2943 tegebatur,
2938 2873 3075 2928 sicut
3090 2873 3164 2927 ait
3181 2873 3462 2942 Apostolus
3484 2891 3499 2927 :
3519 2875 3771 2939 Quacum

2207 2958 2302 3014 que
2321 2943 2686 3014 scriptasuut,
2713 2944 2781 2996 ad
2828 2953 3051 2998 nostram
3103 2944 3382 2997 doctrinam
3430 2945 3619 3014 scripta
3654 2954 3770 2997 sunt

2209 3010 2386 3080 (Rom.
2405 3013 2585 3081 xv,4).
2609 3012 2724 3067 Non
2751 3014 2893 3067 enim
2932 3015 3102 3067 sancti
3129 3024 3306 3082 patres
3324 3010 3600 3068 curassent
3629 3022 3702 3068 tot
3717 3022 3774 3068 et

2211 3088 2355 3135 tanta
2394 3085 2589 3149 scripta
2615 3083 2887 3138 memoriae
2911 3081 3306 3149 commendare,
3335 3083 3434 3138 nisi
3461 3092 3521 3138 ut
3539 3083 3671 3138 alios
3696 3084 3772 3138 le-

2208 3159 2422 3223 gentes,
2455 3152 2618 3223 alios_
2644 3168 2738 3221 per
2777 3152 3016 3222 exempla
3058 3152 3398 3223 aediﬁcarent.
3424 3152 3604 3223 Legite
3626 3168 3768 3223 ergo.

2208 3221 2399 3292 fratres
2443 3222 2567 3292 mei,
2598 3221 2923 3290 Scripturam
2972 3236 3199 3282 sacram.
3222 3222 3378 3292 legite
3405 3221 3543 3288 eam,
3586 3238 3653 3278 ne
3670 3221 3772 3277 ca:-

2209 3290 2258 3343 ci
2282 3290 2489 3362 sitisget
2538 3291 2700 3346 duces
2731 3306 3013 3362 caecorum.
3047 3292 3245 3362 Legite
3280 3290 3491 3362 “sacram
3543 3292 3777 3362 Scriptu-

2209 3375 2362 3432 ram,
2397 3360 2464 3432 _in
2526 3376 2637 3432 qua
2689 3361 2815 3432 quid
2866 3360 3157 3416 tenendum
3181 3402 3197 3429 ,
3221 3361 3358 3432 quid
3420 3360 3725 3432 fugiendum
3754 3402 3771 3429 ,

2209 3429 2366 3501 plane
2396 3429 2690 3485 invenietis.
2711 3429 2909 3501 Legite
2932 3446 3049 3486 eam
3078 3473 3093 3498 ,
3145 3429 3266 3500 quia
3303 3433 3447 3485 omni
3478 3429 3631 3487 melle
3661 3432 3778 3486 dul-

2209 3499 2326 3570 cior
2354 3538 2367 3563 ,
2403 3502 2546 3552 omni
2591 3515 2729 3570 pane
2770 3499 2985 3555 suavior
3012 3542 3027 3565 ,
3068 3499 3211 3555 omni
3260 3501 3385 3555 vino
3429 3501 3647 3557 hilarior
3696 3502 3783 3555 in.

2208 3569 2436 3641 venitur.
2489 3569 2883 3641 Apprehendite
2921 3585 3070 3641 eam,
3099 3580 3155 3626 et
3204 3570 3484 3626 invenietis
3513 3570 3780 3641 quomodo

2211 3637 2350 3692 Deus
2402 3637 2633 3710 deorum
2670 3640 2740 3710 sit
2789 3640 3064 3710 longitudo
3116 3650 3334 3710 prepter
3382 3637 3731 3710 mternitatem
3754 3681 3772 3706 ,

2207 3708 2472 3780 quomodo
2496 3708 2589 3780 Asit
2620 3708 2840 3760 latitudo
2882 3715 3096 3780 propter
3120 3708 3448 3765 ’cltaritatem
3470 3752 3485 3776 ,
3508 3709 3779 3780 quomodo

2208 3778 2277 3849 sit
2302 3778 2593 3849 sublimitas
2617 3787 2834 3849 propter
2871 3778 3219 3849 majestatem,
3253 3778 3616 3849 quomodo‘sit
3647 3795 3780 3849 pro-

2209 3845 2428 3916 fundum
2467 3845 2682 3916 propter
2715 3845 2984 3915 sapientiae
3022 3845 3435 3916 itnmensitatetu
3475 3850 3516 3901 ³.
3543 3845 3788 3915 Quaerite

2209 3915 2538 3985 Scripturam
2567 3915 2795 3981 Sacram,
2818 3925 2872 3969 et
2895 3915 3174 3970 invenietis
3199 3915 3465 3984 quomodo
3490 3917 3591 3971 iste
3632 3918 3786 3973 Deus

2206 3984 2426 4039 deorum
2453 3996 2611 4041 natus
2638 4001 2702 4041 ex
2741 3986 2902 4041 Maria
2938 3985 3141 4055 virgine
3167 3993 3222 4039 et
3257 3984 3417 4040 homo
3443 3985 3640 4049 factus,
3673 4002 3788 4042 nos

2205 4064 2351 4126 amat
2371 4063 2430 4126 ut
2452 4055 2703 4120 eharitas,
2732 4055 2997 4126 quomodo
3010 4054 3164 4126 novit
3192 4063 3248 4126 ut
3272 4055 3492 4119 veritas,
3509 4056 3788 4123 quomodo

2206 4124 2357 4195 sedet
2386 4124 2408 4155 ³
2429 4135 2485 4178 ιιι
2513 4124 2767 4195 aequitas,
2792 4124 3062 4195 quomodo
3085 4125 3386 4179 dominatur
3410 4136 3469 4195 ut
3501 4125 3772 4192 maiestas.

2206 4192 2390 4262 Legite
2416 4192 2744 4260 Scripturam
2789 4192 3031 4258 sacram,
3084 4204 3139 4249 et
3192 4194 3469 4250 invenietis
3514 4196 3783 4262 quomodo

2204 4261 2508 4317 Nazarenus
2535 4264 2623 4334 ille
2652 4263 2808 4319 Jesus
2847 4267 2984 4332 regit
3022 4272 3081 4318 ut
3126 4264 3465 4334 principium,
3510 4261 3775 4332 quomodo

2207 4342 2385 4388 tuetur
2424 4342 2483 4387 ut
2518 4333 2695 4398 salus,
2724 4334 2990 4403 quomodo
3036 4333 3380 4403 operatur’ut
3410 4334 3576 4389 virtus
3597 4374 3613 4402 ,
3647 4348 3778 4404 quo-

2270 4444 2286 4473 ι
2310 4449 2393 4492 Ms.
2417 4457 2430 4491 :
2456 4452 2526 4493 De
2546 4456 2688 4507 sacra
2701 4444 2948 4507 scriptura
2967 4441 3185 4507 legenda.

2268 4507 2288 4538 ³
2311 4511 2435 4568 Mss,
2454 4504 2842 4568 profunditatem.

2267 4568 2289 4599 ³
2310 4564 2636 4624 Alias,'caadit.

2268 4625 2341 4688 (a)
2496 4628 2724 4689 observat
2746 4632 2942 4689 -Lupus,
2985 4625 3301 4687 Augustinum
3317 4688 3325 4689 ί
3342 4626 3615 4689 profectum
3651 4645 3774 4682 nun-

2203 4684 2347 4748 quam
2371 4685 2522 4737 fuisse
2542 4688 2590 4735 in
2613 4684 2938 4748 Mauritaniam
2959 4684 3212 4748 paginam,
3242 4684 3559 4741 sed'tantum
3588 4692 3638 4742 in
3658 4693 3782 4744 clui-

2200 4745 2439 4816 suanam;
2478 4758 2575 4795 non
2594 4745 2945 4816 praedicationis
2962 4745 3140 4816 gratia
3157 4780 3173 4806 ,
3200 4745 3305 4798 'sed
3349 4750 3412 4799 ad
3455 4755 3784 4815 componenda

2201 4807 2421 4876 quaedam
2460 4807 2658 4876 negotia
2678 4820 2725 4876 _a
2758 4812 2950 4876 maxine
2993 4807 3227 4876 legatum.
3268 4817 3399 4859 nunc
3434 4807 3577 4876 vere?
3596 4824 3784 4876 aposto-

2202 4866 2350 4938 lamm
2383 4866 2820 4938 maniljestissimam
2843 4866 3167 4938 'imposturam
3184 4882 3311 4938 _esse
3326 4905 3341 4930 ,
3389 4878 3443 4921 ut
3478 4866 3652 4938 indicat
3682 4878 3784 4938 epi-

2200 4927 2485 5007 S‘Q‘EPBPP.
2498 4927 3052 5007 19923:.49180.°°ili“8
3071 4930 3200 5007 (ξιμοίι
3221 4927 3394 5007 asses
3406 4936 3680 5007 ροιξεαῑριξ
3697 4927 3783 5007 sit.

2265 4987 2338 5061 (ὁ)
2370 4994 2520 5061 Ecce,
2533 4990 2692 5061 inquit
2725 4987 2895 5061 Lupus,
2932 4987 3234 5061 Augustinus
3255 4990 3340 5061 lib.
3376 4992 3549 5061 l6__de_
3579 4987 3781 5061 diritate

2200 5052 2305 5107 Dei,
2338 5062 2445 5112 cap.
2466 5110 2478 5113 _
2488 5052 2546 5113 8,
2590 5052 2642 5100 in
2675 5058 2933 5101 senectute
2978 5063 3009 5099 a
3044 5063 3102 5101 se
3144 5054 3347 5113 scripto,
3383 5052 3497 5102 talia
3536 5055 3784 5109 hominum

2200 5110 2417 5179 monstra
2450 5110 2567 5179 dicit
2604 5124 2634 5179 ει
2672 5124 2731 5162 se
2760 5113 2883 5179 visa,
2924 5110 3375 5179 non_in‘.£thiopia,
3415 5114 3524 5179 sed
3546 5116 3594 5164 in
3627 5129 3783 5179 opere

2202 5172 2390 5221 musivo
2409 5172 2791 5236 Carthaginensi.
2822 5172 2994 5236 Neque
3015 5172 3131 5236 dicit
3174 5186 3233 5223 ea
3275 5172 3415 5236 esse;
3439 5176 3529 5224 sed
3573 5194 3593 5222 σ
3618 5172 3783 5228 ferunt

2200 5233 2560 5343 iaecsisseéczm
2576 5233 2601 5280 ε
2611 5236 2834 5284 Gentium
2849 5233 3015 5284 narrat
3034 5234 3274 5295 historia,»
3291 5233 3431 5285 solita
3451 5237 3622 5299 utique
3644 5252 3784 5288 men-

2232 5306 2348 5343 acus
2369 5306 2579 5344 scatere.

2266 5354 2338 5416 (c)
2371 5362 2483 5422 Iﬁota
2520 5356 2690 5422 verba,
2728 5372 2753 5402 α
2774 5355 2996 5406 homines
3014 5367 3074 5422 ac
3091 5354 3342 5422 mulieres.
3360 5374 3384 5402 ι
3422 5364 3489 5422 Eg
3521 5359 3579 5408 iis
3596 5361 3782 5422 quippe

2200 5414 2435 5480 poemate
2450 5418 2562 5480 quis
2580 5416 2775 5480 colligat
2795 5425 3041 5471 auctorem
3061 5417 3205 5480 istum
3222 5416 3374 5467 fuisse
3389 5418 3572 5469 Gallum
3591 5414 3784 5473 a'ut'\’a-

2199 5472 2364 5542 lenem
2383 5490 2395 5524 :
2415 5472 2852 5542 hi:nat_nque'viros
2875 5482 3045 5542 vocant
3064 5476 3302 5527 homines.
3327 5486 3495 5542 Lupus

2265 5536 2342 5598 (ά)
2377 5543 2439 5587 Ex
2469 5537 2603 5588 libris
2617 5536 2690 5604 de
2702 5541 2838 5604 civit.
2865 5539 2950 5588 Dei
2974 5543 3192 5604 οροηιιει
3210 5545 3363 5601 patet,
3383 5536 3528 5602 (tuam
3555 5545 3782 5604 Augusti-

2199 5596 2599 5709 P52833101
2620 5601 2863 5662 habuerit,
2885 5596 3125 5663 εωϋθω
3152 5596 3299 5653 nam
3329 5596 3484 5657 enim
3502 5604 3555 5656 in
3576 5596 3786 5659 ιιιίιωιρ

2314 5670 2328 5707 3
2349 5671 2548 5711 versari.
