  <div class='ocr_page' id='page_1' title='image "/cluster/home/n/w/nwhite01/storage/ocr_20150623/40/hvd.32044096580626/660.png"; bbox 0 0 4072 6196; ppageno 0'>
   <div class='ocr_carea' id='block_1_1' title="bbox 241 355 388 417">
    <p class='ocr_par' dir='ltr' id='par_1_1' title="bbox 241 355 388 417">
     <span class='ocr_line' id='line_1_1' title="bbox 241 355 388 417; baseline -0.014 0"><span class='ocrx_word' id='word_1_1' title='bbox 241 355 388 417; x_wconf 62' lang='lat'><strong>£505</strong></span> 
     </span>
    </p>
   </div>
   <div class='ocr_carea' id='block_1_2' title="bbox 237 468 1803 541">
    <p class='ocr_par' dir='ltr' id='par_1_2' title="bbox 237 468 1803 541">
     <span class='ocr_line' id='line_1_2' title="bbox 237 468 1803 541; baseline 0.001 -15"><span class='ocrx_word' id='word_1_2' title='bbox 237 468 405 541; x_wconf 84' lang='lat' dir='ltr'><strong>modo</strong></span> <span class='ocrx_word' id='word_1_3' title='bbox 429 469 693 541; x_wconf 80' lang='lat' dir='ltr'><strong>revelatur</strong></span> <span class='ocrx_word' id='word_1_4' title='bbox 712 476 771 541; x_wconf 87' lang='lat' dir='ltr'><strong>ut</strong></span> <span class='ocrx_word' id='word_1_5' title='bbox 786 468 904 536; x_wconf 87' lang='lat' dir='ltr'><strong>lux,</strong></span> <span class='ocrx_word' id='word_1_6' title='bbox 932 469 1209 541; x_wconf 16' lang='lat' dir='ltr'><strong>quomodo,</strong></span> <span class='ocrx_word' id='word_1_7' title='bbox 1221 470 1423 541; x_wconf 84' lang='lat' dir='ltr'><strong>assistit</strong></span> <span class='ocrx_word' id='word_1_8' title='bbox 1445 477 1504 524; x_wconf 90' lang='lat' dir='ltr'><strong>ut</strong></span> <span class='ocrx_word' id='word_1_9' title='bbox 1528 472 1716 540; x_wconf 89' lang='lat' dir='ltr'><strong>pietas.</strong></span> <span class='ocrx_word' id='word_1_10' title='bbox 1736 469 1803 527; x_wconf 90' lang='lat' dir='ltr'><strong>Et</strong></span> 
     </span>
    </p>
   </div>
   <div class='ocr_carea' id='block_1_3' title="bbox 236 538 1806 609">
    <p class='ocr_par' dir='ltr' id='par_1_3' title="bbox 236 538 1806 609">
     <span class='ocr_line' id='line_1_3' title="bbox 236 538 1806 609; baseline 0.001 -14"><span class='ocrx_word' id='word_1_11' title='bbox 236 540 395 603; x_wconf 83' lang='lat' dir='ltr'><strong>ideo,</strong></span> <span class='ocrx_word' id='word_1_12' title='bbox 425 538 615 594; x_wconf 89' lang='lat' dir='ltr'><strong>fratres</strong></span> <span class='ocrx_word' id='word_1_13' title='bbox 656 540 792 606; x_wconf 90' lang='lat' dir='ltr'><strong>mei,</strong></span> <span class='ocrx_word' id='word_1_14' title='bbox 824 538 1072 609; x_wconf 84' lang='lat' dir='ltr'><strong>quamdiu</strong></span> <span class='ocrx_word' id='word_1_15' title='bbox 1103 541 1155 595; x_wconf 92' lang='lat' dir='ltr'><strong>in</strong></span> <span class='ocrx_word' id='word_1_16' title='bbox 1199 540 1296 594; x_wconf 91' lang='lat' dir='ltr'><strong>hac</strong></span> <span class='ocrx_word' id='word_1_17' title='bbox 1343 538 1550 593; x_wconf 84' lang='lat' dir='ltr'><strong>inﬁrma</strong></span> <span class='ocrx_word' id='word_1_18' title='bbox 1582 549 1633 595; x_wconf 93' lang='lat' dir='ltr'><strong>et</strong></span> <span class='ocrx_word' id='word_1_19' title='bbox 1671 556 1806 596; x_wconf 88' lang='lat' dir='ltr'><strong>vana</strong></span> 
     </span>
    </p>
   </div>
   <div class='ocr_carea' id='block_1_4' title="bbox 236 608 1807 678">
    <p class='ocr_par' dir='ltr' id='par_1_4' title="bbox 236 608 1807 678">
     <span class='ocr_line' id='line_1_4' title="bbox 236 608 1807 678; baseline 0.001 -15"><span class='ocrx_word' id='word_1_20' title='bbox 236 611 354 665; x_wconf 82' lang='lat' dir='ltr'><strong>vita</strong></span> <span class='ocrx_word' id='word_1_21' title='bbox 383 609 653 670; x_wconf 90' lang='lat' dir='ltr'><strong>fuerimus,</strong></span> <span class='ocrx_word' id='word_1_22' title='bbox 671 608 807 663; x_wconf 90' lang='lat' dir='ltr'><strong>hanc</strong></span> <span class='ocrx_word' id='word_1_23' title='bbox 832 608 1141 677; x_wconf 87' lang='lat' dir='ltr'><strong>sapientiam</strong></span> <span class='ocrx_word' id='word_1_24' title='bbox 1180 610 1385 665; x_wconf 83' lang='lat' dir='ltr'><strong>discere</strong></span> <span class='ocrx_word' id='word_1_25' title='bbox 1406 620 1456 663; x_wconf 93' lang='lat' dir='ltr'><strong>et</strong></span> <span class='ocrx_word' id='word_1_26' title='bbox 1484 624 1671 678; x_wconf 80' lang='lat' dir='ltr'><strong>sapere</strong></span> <span class='ocrx_word' id='word_1_27' title='bbox 1700 621 1807 665; x_wconf 89' lang='lat' dir='ltr'><strong>tota</strong></span> 
     </span>
    </p>
   </div>
   <div class='ocr_carea' id='block_1_5' title="bbox 236 680 1806 747">
    <p class='ocr_par' dir='ltr' id='par_1_5' title="bbox 236 680 1806 747">
     <span class='ocr_line' id='line_1_5' title="bbox 236 680 1806 747; baseline -0.001 -11"><span class='ocrx_word' id='word_1_28' title='bbox 236 687 423 736; x_wconf 84' lang='lat' dir='ltr'><strong>mente</strong></span> <span class='ocrx_word' id='word_1_29' title='bbox 456 694 723 735; x_wconf 66' lang='lat' dir='ltr'><strong>curemus.</strong></span> <span class='ocrx_word' id='word_1_30' title='bbox 753 680 889 747; x_wconf 85' lang='lat' dir='ltr'><strong>Quid</strong></span> <span class='ocrx_word' id='word_1_31' title='bbox 922 681 1063 733; x_wconf 89' lang='lat' dir='ltr'><strong>enim</strong></span> <span class='ocrx_word' id='word_1_32' title='bbox 1095 680 1254 733; x_wconf 90' lang='lat' dir='ltr'><strong>homo</strong></span> <span class='ocrx_word' id='word_1_33' title='bbox 1278 681 1393 734; x_wconf 83' lang='lat' dir='ltr'><strong>sine</strong></span> <span class='ocrx_word' id='word_1_34' title='bbox 1420 680 1610 734; x_wconf 76' lang='lat' dir='ltr'><strong>litteris</strong></span> <span class='ocrx_word' id='word_1_35' title='bbox 1645 696 1806 747; x_wconf 90' lang='lat' dir='ltr'><strong>repu-</strong></span> 
     </span>
    </p>
   </div>
   <div class='ocr_carea' id='block_1_6' title="bbox 241 749 1811 818">
    <p class='ocr_par' dir='ltr' id='par_1_6' title="bbox 241 749 1811 818">
     <span class='ocr_line' id='line_1_6' title="bbox 241 749 1811 818; baseline 0.001 -15"><span class='ocrx_word' id='word_1_36' title='bbox 241 750 432 805; x_wconf 84' lang='lat' dir='ltr'><strong>tatur?</strong></span> <span class='ocrx_word' id='word_1_37' title='bbox 459 749 592 817; x_wconf 94' lang='lat' dir='ltr'><strong>Quid</strong></span> <span class='ocrx_word' id='word_1_38' title='bbox 619 751 760 804; x_wconf 89' lang='lat' dir='ltr'><strong>enim</strong></span> <span class='ocrx_word' id='word_1_39' title='bbox 788 751 900 803; x_wconf 85' lang='lat' dir='ltr'><strong>est?</strong></span> <span class='ocrx_word' id='word_1_40' title='bbox 927 749 1185 818; x_wconf 85' lang='lat' dir='ltr'><strong>Numquid</strong></span> <span class='ocrx_word' id='word_1_41' title='bbox 1232 764 1336 803; x_wconf 90' lang='lat' dir='ltr'><strong>non</strong></span> <span class='ocrx_word' id='word_1_42' title='bbox 1366 764 1530 817; x_wconf 90' lang='lat' dir='ltr'><strong>pecus</strong></span> <span class='ocrx_word' id='word_1_43' title='bbox 1570 750 1656 805; x_wconf 91' lang='lat' dir='ltr'><strong>vel</strong></span> <span class='ocrx_word' id='word_1_44' title='bbox 1702 750 1811 805; x_wconf 80' lang='lat' dir='ltr'><strong>hae—</strong></span> 
     </span>
    </p>
   </div>
   <div class='ocr_carea' id='block_1_7' title="bbox 236 819 1807 889">
    <p class='ocr_par' dir='ltr' id='par_1_7' title="bbox 236 819 1807 889">
     <span class='ocr_line' id='line_1_7' title="bbox 236 819 1807 889; baseline 0.001 -15"><span class='ocrx_word' id='word_1_45' title='bbox 236 819 386 874; x_wconf 82' lang='lat' dir='ltr'><strong>dus?</strong></span> <span class='ocrx_word' id='word_1_46' title='bbox 412 819 676 889; x_wconf 86' lang='lat' dir='ltr'><strong>Numquid</strong></span> <span class='ocrx_word' id='word_1_47' title='bbox 718 833 821 874; x_wconf 92' lang='lat' dir='ltr'><strong>non</strong></span> <span class='ocrx_word' id='word_1_48' title='bbox 870 819 967 874; x_wconf 90' lang='lat' dir='ltr'><strong>hos</strong></span> <span class='ocrx_word' id='word_1_49' title='bbox 1003 819 1085 873; x_wconf 85' lang='lat' dir='ltr'><strong>vel</strong></span> <span class='ocrx_word' id='word_1_50' title='bbox 1132 819 1351 873; x_wconf 78' lang='lat' dir='ltr'><strong>asinus?</strong></span> <span class='ocrx_word' id='word_1_51' title='bbox 1396 819 1655 888; x_wconf 81' lang='lat' dir='ltr'><strong>Numquid</strong></span> <span class='ocrx_word' id='word_1_52' title='bbox 1701 836 1807 876; x_wconf 89' lang='lat' dir='ltr'><strong>non</strong></span> 
     </span>
    </p>
   </div>
   <div class='ocr_carea' id='block_1_8' title="bbox 237 889 1808 960">
    <p class='ocr_par' dir='ltr' id='par_1_8' title="bbox 237 889 1808 960">
     <span class='ocr_line' id='line_1_8' title="bbox 237 889 1808 960; baseline 0.001 -16"><span class='ocrx_word' id='word_1_53' title='bbox 237 903 416 960; x_wconf 80' lang='lat' dir='ltr'><strong>equus</strong></span> <span class='ocrx_word' id='word_1_54' title='bbox 441 890 521 944; x_wconf 86' lang='lat' dir='ltr'><strong>vel</strong></span> <span class='ocrx_word' id='word_1_55' title='bbox 546 891 740 960; x_wconf 89' lang='lat' dir='ltr'><strong>mulus,</strong></span> <span class='ocrx_word' id='word_1_56' title='bbox 766 889 955 960; x_wconf 86' lang='lat' dir='ltr'><strong>quibus</strong></span> <span class='ocrx_word' id='word_1_57' title='bbox 984 903 1088 943; x_wconf 89' lang='lat' dir='ltr'><strong>non</strong></span> <span class='ocrx_word' id='word_1_58' title='bbox 1117 897 1198 944; x_wconf 88' lang='lat' dir='ltr'><strong>est</strong></span> <span class='ocrx_word' id='word_1_59' title='bbox 1225 890 1559 944; x_wconf 82' lang='lat' dir='ltr'><strong>intellectus?</strong></span> <span class='ocrx_word' id='word_1_60' title='bbox 1590 891 1685 944; x_wconf 88' lang='lat' dir='ltr'><strong>Eia</strong></span> <span class='ocrx_word' id='word_1_61' title='bbox 1708 891 1808 960; x_wconf 87' lang='lat' dir='ltr'><strong>igi-</strong></span> 
     </span>
    </p>
   </div>
   <div class='ocr_carea' id='block_1_9' title="bbox 210 958 1813 1033">
    <p class='ocr_par' dir='ltr' id='par_1_9' title="bbox 210 958 1813 1033">
     <span class='ocr_line' id='line_1_9' title="bbox 210 958 1813 1033; baseline 0.001 -20"><span class='ocrx_word' id='word_1_62' title='bbox 210 969 353 1033; x_wconf 41' lang='lat' dir='ltr'><strong>.tur,</strong></span> <span class='ocrx_word' id='word_1_63' title='bbox 374 958 721 1033; x_wconf 29' lang='lat' dir='ltr'><strong>_fr_atr_es,.qui</strong></span> <span class='ocrx_word' id='word_1_64' title='bbox 766 958 1004 1028; x_wconf 86' lang='lat' dir='ltr'><strong>pastores</strong></span> <span class='ocrx_word' id='word_1_65' title='bbox 1033 960 1366 1033; x_wconf 81' lang='lat' dir='ltr'><strong>rationalium</strong></span> <span class='ocrx_word' id='word_1_66' title='bbox 1397 961 1573 1033; x_wconf 69' lang='lat' dir='ltr'><strong>ovium</strong></span> <span class='ocrx_word' id='word_1_67' title='bbox 1606 958 1813 1015; x_wconf 77' lang='lat' dir='ltr'><strong>nuncu-</strong></span> 
     </span>
    </p>
   </div>
   <div class='ocr_carea' id='block_1_10' title="bbox 239 1027 1805 1099">
    <p class='ocr_par' dir='ltr' id='par_1_10' title="bbox 239 1027 1805 1099">
     <span class='ocr_line' id='line_1_10' title="bbox 239 1027 1805 1099; baseline 0.003 -19"><span class='ocrx_word' id='word_1_68' title='bbox 239 1029 472 1097; x_wconf 81' lang='lat' dir='ltr'><strong>pamini,</strong></span> <span class='ocrx_word' id='word_1_69' title='bbox 501 1027 744 1099; x_wconf 72' lang='lat' dir='ltr'><strong>festinate</strong></span> <span class='ocrx_word' id='word_1_70' title='bbox 767 1027 956 1097; x_wconf 83' lang='lat' dir='ltr'><strong>rapere</strong></span> <span class='ocrx_word' id='word_1_71' title='bbox 975 1043 1079 1084; x_wconf 93' lang='lat' dir='ltr'><strong>non</strong></span> <span class='ocrx_word' id='word_1_72' title='bbox 1100 1029 1427 1099; x_wconf 84' lang='lat' dir='ltr'><strong>sophismata</strong></span> <span class='ocrx_word' id='word_1_73' title='bbox 1457 1029 1805 1099; x_wconf 88' lang='lat' dir='ltr'><strong>Paganorum,</strong></span> 
     </span>
    </p>
   </div>
   <div class='ocr_carea' id='block_1_11' title="bbox 240 1097 1806 1169">
    <p class='ocr_par' dir='ltr' id='par_1_11' title="bbox 240 1097 1806 1169">
     <span class='ocr_line' id='line_1_11' title="bbox 240 1097 1806 1169; baseline 0.003 -18"><span class='ocrx_word' id='word_1_74' title='bbox 240 1112 353 1169; x_wconf 75' lang='lat' dir='ltr'><strong>non</strong></span> <span class='ocrx_word' id='word_1_75' title='bbox 374 1098 604 1169; x_wconf 81' lang='lat' dir='ltr'><strong>carmina</strong></span> <span class='ocrx_word' id='word_1_76' title='bbox 631 1107 899 1167; x_wconf 86' lang='lat' dir='ltr'><strong>poetarum</strong></span> <span class='ocrx_word' id='word_1_77' title='bbox 921 1140 936 1162; x_wconf 95' lang='lat'><strong>,</strong></span> <span class='ocrx_word' id='word_1_78' title='bbox 958 1114 1064 1152; x_wconf 92' lang='lat' dir='ltr'><strong>non</strong></span> <span class='ocrx_word' id='word_1_79' title='bbox 1092 1097 1327 1169; x_wconf 73' lang='lat' dir='ltr'><strong>fallacias</strong></span> <span class='ocrx_word' id='word_1_80' title='bbox 1352 1097 1806 1169; x_wconf 76' lang='lat' dir='ltr'><strong>philosophorum,</strong></span> 
     </span>
    </p>
   </div>
   <div class='ocr_carea' id='block_1_12' title="bbox 239 1166 1809 1236">
    <p class='ocr_par' dir='ltr' id='par_1_12' title="bbox 239 1166 1809 1236">
     <span class='ocr_line' id='line_1_12' title="bbox 239 1166 1809 1236; baseline 0.003 -16"><span class='ocrx_word' id='word_1_81' title='bbox 239 1166 317 1221; x_wconf 89' lang='lat' dir='ltr'><strong>de</strong></span> <span class='ocrx_word' id='word_1_82' title='bbox 341 1167 532 1236; x_wconf 84' lang='lat' dir='ltr'><strong>quibus</strong></span> <span class='ocrx_word' id='word_1_83' title='bbox 558 1166 805 1222; x_wconf 86' lang='lat' dir='ltr'><strong>doctores</strong></span> <span class='ocrx_word' id='word_1_84' title='bbox 829 1177 882 1223; x_wconf 90' lang='lat' dir='ltr'><strong>et</strong></span> <span class='ocrx_word' id='word_1_85' title='bbox 906 1168 1178 1223; x_wconf 84' lang='lat' dir='ltr'><strong>auditores</strong></span> <span class='ocrx_word' id='word_1_86' title='bbox 1207 1168 1464 1224; x_wconf 88' lang='lat' dir='ltr'><strong>reddituri</strong></span> <span class='ocrx_word' id='word_1_87' title='bbox 1494 1166 1622 1224; x_wconf 87' lang='lat' dir='ltr'><strong>sunt</strong></span> <span class='ocrx_word' id='word_1_88' title='bbox 1647 1166 1809 1226; x_wconf 51' lang='lat' dir='ltr'><strong>ratio;</strong></span> 
     </span>
    </p>
   </div>
   <div class='ocr_carea' id='block_1_13' title="bbox 238 1236 1810 1309">
    <p class='ocr_par' dir='ltr' id='par_1_13' title="bbox 238 1236 1810 1309">
     <span class='ocr_line' id='line_1_13' title="bbox 238 1236 1810 1309; baseline 0.003 -19"><span class='ocrx_word' id='word_1_89' title='bbox 238 1251 401 1301; x_wconf 87' lang='lat' dir='ltr'><strong>nem;</strong></span> <span class='ocrx_word' id='word_1_90' title='bbox 429 1236 525 1291; x_wconf 91' lang='lat' dir='ltr'><strong>sed</strong></span> <span class='ocrx_word' id='word_1_91' title='bbox 556 1237 699 1309; x_wconf 84' lang='lat' dir='ltr'><strong>illam</strong></span> <span class='ocrx_word' id='word_1_92' title='bbox 716 1237 1121 1309; x_wconf 18' lang='lat' dir='ltr'><strong>“dulcissimam,</strong></span> <span class='ocrx_word' id='word_1_93' title='bbox 1138 1239 1466 1309; x_wconf 78' lang='lat' dir='ltr'><strong>sapientiam</strong></span> <span class='ocrx_word' id='word_1_94' title='bbox 1525 1241 1810 1309; x_wconf 88' lang='lat' dir='ltr'><strong>sapientia-</strong></span> 
     </span>
    </p>
   </div>
   <div class='ocr_carea' id='block_1_14' title="bbox 236 1306 1810 1379">
    <p class='ocr_par' dir='ltr' id='par_1_14' title="bbox 236 1306 1810 1379">
     <span class='ocr_line' id='line_1_14' title="bbox 236 1306 1810 1379; baseline 0.003 -20"><span class='ocrx_word' id='word_1_95' title='bbox 236 1320 387 1379; x_wconf 76' lang='lat' dir='ltr'><strong>rum,</strong></span> <span class='ocrx_word' id='word_1_96' title='bbox 412 1321 531 1375; x_wconf 70' lang='lat' dir='ltr'><strong>quae</strong></span> <span class='ocrx_word' id='word_1_97' title='bbox 556 1306 862 1379; x_wconf 68' lang='lat' dir='ltr'><strong>haeredng</strong></span> <span class='ocrx_word' id='word_1_98' title='bbox 868 1308 980 1372; x_wconf 90' lang='lat' dir='ltr'><strong>Dei,</strong></span> <span class='ocrx_word' id='word_1_99' title='bbox 1024 1317 1078 1363; x_wconf 92' lang='lat' dir='ltr'><strong>et</strong></span> <span class='ocrx_word' id='word_1_100' title='bbox 1097 1306 1324 1363; x_wconf 81' lang='lat' dir='ltr'><strong>ﬁliorum</strong></span> <span class='ocrx_word' id='word_1_101' title='bbox 1356 1309 1471 1379; x_wconf 84' lang='lat' dir='ltr'><strong>ejus</strong></span> <span class='ocrx_word' id='word_1_102' title='bbox 1493 1306 1653 1363; x_wconf 83' lang='lat' dir='ltr'><strong>chara</strong></span> <span class='ocrx_word' id='word_1_103' title='bbox 1688 1324 1810 1379; x_wconf 79' lang='lat' dir='ltr'><strong>pos-</strong></span> 
     </span>
    </p>
   </div>
   <div class='ocr_carea' id='block_1_15' title="bbox 239 1372 1809 1447">
    <p class='ocr_par' dir='ltr' id='par_1_15' title="bbox 239 1372 1809 1447">
     <span class='ocr_line' id='line_1_15' title="bbox 239 1372 1809 1447; baseline 0.004 -18"><span class='ocrx_word' id='word_1_104' title='bbox 239 1376 418 1447; x_wconf 74' lang='lat' dir='ltr'><strong>sessio</strong></span> <span class='ocrx_word' id='word_1_105' title='bbox 429 1372 793 1447; x_wconf 54' lang='lat' dir='ltr'><strong>&#39;nuuchpatur,</strong></span> <span class='ocrx_word' id='word_1_106' title='bbox 819 1376 944 1432; x_wconf 66' lang='lat' dir='ltr'><strong>Haec</strong></span> <span class='ocrx_word' id='word_1_107' title='bbox 965 1385 1047 1432; x_wconf 91' lang='lat' dir='ltr'><strong>est</strong></span> <span class='ocrx_word' id='word_1_108' title='bbox 1070 1378 1157 1433; x_wconf 91' lang='lat' dir='ltr'><strong>illa</strong></span> <span class='ocrx_word' id='word_1_109' title='bbox 1184 1372 1425 1433; x_wconf 73' lang='lat' dir='ltr'><strong>doctrina</strong></span> <span class='ocrx_word' id='word_1_110' title='bbox 1450 1394 1611 1447; x_wconf 87' lang='lat' dir='ltr'><strong>super</strong></span> <span class='ocrx_word' id='word_1_111' title='bbox 1632 1372 1809 1435; x_wconf 80' lang='lat' dir='ltr'><strong>omnia</strong></span> 
     </span>
    </p>
   </div>
   <div class='ocr_carea' id='block_1_16' title="bbox 238 1444 1809 1518">
    <p class='ocr_par' dir='ltr' id='par_1_16' title="bbox 238 1444 1809 1518">
     <span class='ocr_line' id='line_1_16' title="bbox 238 1444 1809 1518; baseline 0.003 -19"><span class='ocrx_word' id='word_1_112' title='bbox 238 1444 731 1518; x_wconf 12' lang='lat' dir='ltr'><strong>diligenda,_iquam</strong></span> <span class='ocrx_word' id='word_1_113' title='bbox 773 1446 1051 1518; x_wconf 76' lang='lat' dir='ltr'><strong>Propheta:</strong></span> <span class='ocrx_word' id='word_1_114' title='bbox 1085 1448 1478 1518; x_wconf 10' lang='lat' dir='ltr'><strong>praedixerunt;</strong></span> <span class='ocrx_word' id='word_1_115' title='bbox 1507 1444 1664 1516; x_wconf 79' lang='lat' dir='ltr'><strong>quam</strong></span> <span class='ocrx_word' id='word_1_116' title='bbox 1704 1449 1809 1503; x_wconf 90' lang='lat' dir='ltr'><strong>Pa-</strong></span> 
     </span>
    </p>
   </div>
   <div class='ocr_carea' id='block_1_17' title="bbox 239 1514 1809 1587">
    <p class='ocr_par' dir='ltr' id='par_1_17' title="bbox 239 1514 1809 1587">
     <span class='ocr_line' id='line_1_17' title="bbox 239 1514 1809 1587; baseline 0.003 -19"><span class='ocrx_word' id='word_1_117' title='bbox 239 1514 490 1587; x_wconf 71' lang='lat' dir='ltr'><strong>triai&#39;chre</strong></span> <span class='ocrx_word' id='word_1_118' title='bbox 516 1514 769 1570; x_wconf 86' lang='lat' dir='ltr'><strong>divinitus</strong></span> <span class='ocrx_word' id='word_1_119' title='bbox 797 1514 1104 1583; x_wconf 76' lang='lat' dir='ltr'><strong>hauserunt,</strong></span> <span class='ocrx_word' id='word_1_120' title='bbox 1125 1532 1291 1587; x_wconf 84' lang='lat' dir='ltr'><strong>quam</strong></span> <span class='ocrx_word' id='word_1_121' title='bbox 1314 1517 1412 1587; x_wconf 84' lang='lat' dir='ltr'><strong>Dei</strong></span> <span class='ocrx_word' id='word_1_122' title='bbox 1443 1514 1628 1581; x_wconf 87' lang='lat' dir='ltr'><strong>Filius,</strong></span> <span class='ocrx_word' id='word_1_123' title='bbox 1659 1527 1809 1587; x_wconf 87' lang='lat' dir='ltr'><strong>post-</strong></span> 
     </span>
    </p>
   </div>
   <div class='ocr_carea' id='block_1_18' title="bbox 235 1585 1809 1655">
    <p class='ocr_par' dir='ltr' id='par_1_18' title="bbox 235 1585 1809 1655">
     <span class='ocr_line' id='line_1_18' title="bbox 235 1585 1809 1655; baseline 0.001 -15"><span class='ocrx_word' id='word_1_124' title='bbox 235 1599 404 1655; x_wconf 86' lang='lat' dir='ltr'><strong>quam</strong></span> <span class='ocrx_word' id='word_1_125' title='bbox 430 1586 483 1639; x_wconf 91' lang='lat' dir='ltr'><strong>in</strong></span> <span class='ocrx_word' id='word_1_126' title='bbox 511 1587 666 1640; x_wconf 90' lang='lat' dir='ltr'><strong>terris</strong></span> <span class='ocrx_word' id='word_1_127' title='bbox 700 1587 846 1655; x_wconf 85' lang='lat' dir='ltr'><strong>visus</strong></span> <span class='ocrx_word' id='word_1_128' title='bbox 884 1595 940 1641; x_wconf 93' lang='lat' dir='ltr'><strong>et</strong></span> <span class='ocrx_word' id='word_1_129' title='bbox 974 1602 1094 1642; x_wconf 89' lang='lat' dir='ltr'><strong>cum</strong></span> <span class='ocrx_word' id='word_1_130' title='bbox 1122 1585 1425 1641; x_wconf 81' lang='lat' dir='ltr'><strong>hominibus</strong></span> <span class='ocrx_word' id='word_1_131' title='bbox 1467 1585 1809 1641; x_wconf 82' lang='lat' dir='ltr'><strong>conversatus</strong></span> 
     </span>
    </p>
   </div>
   <div class='ocr_carea' id='block_1_19' title="bbox 236 1654 1807 1725">
    <p class='ocr_par' dir='ltr' id='par_1_19' title="bbox 236 1654 1807 1725">
     <span class='ocr_line' id='line_1_19' title="bbox 236 1654 1807 1725; baseline 0.001 -16"><span class='ocrx_word' id='word_1_132' title='bbox 236 1654 329 1709; x_wconf 81' lang='lat' dir='ltr'><strong>est</strong></span> <span class='ocrx_word' id='word_1_133' title='bbox 348 1697 364 1721; x_wconf 97' lang='lat'><strong>,</strong></span> <span class='ocrx_word' id='word_1_134' title='bbox 391 1656 599 1724; x_wconf 86' lang='lat' dir='ltr'><strong>aperuit</strong></span> <span class='ocrx_word' id='word_1_135' title='bbox 620 1664 675 1710; x_wconf 95' lang='lat' dir='ltr'><strong>et</strong></span> <span class='ocrx_word' id='word_1_136' title='bbox 697 1654 1017 1718; x_wconf 84' lang='lat' dir='ltr'><strong>declaravit,</strong></span> <span class='ocrx_word' id='word_1_137' title='bbox 1045 1664 1101 1710; x_wconf 91' lang='lat' dir='ltr'><strong>et</strong></span> <span class='ocrx_word' id='word_1_138' title='bbox 1127 1656 1253 1724; x_wconf 79' lang='lat' dir='ltr'><strong>quid</strong></span> <span class='ocrx_word' id='word_1_139' title='bbox 1279 1656 1562 1710; x_wconf 88' lang='lat' dir='ltr'><strong>tenendum</strong></span> <span class='ocrx_word' id='word_1_140' title='bbox 1599 1665 1653 1711; x_wconf 88' lang='lat' dir='ltr'><strong>et</strong></span> <span class='ocrx_word' id='word_1_141' title='bbox 1682 1658 1807 1725; x_wconf 89' lang='lat' dir='ltr'><strong>quid</strong></span> 
     </span>
    </p>
   </div>
   <div class='ocr_carea' id='block_1_20' title="bbox 235 1725 1810 1795">
    <p class='ocr_par' dir='ltr' id='par_1_20' title="bbox 235 1725 1810 1795">
     <span class='ocr_line' id='line_1_20' title="bbox 235 1725 1810 1795; baseline 0.003 -19"><span class='ocrx_word' id='word_1_142' title='bbox 235 1725 517 1779; x_wconf 85' lang='lat' dir='ltr'><strong>vitandum</strong></span> <span class='ocrx_word' id='word_1_143' title='bbox 533 1725 863 1795; x_wconf 87' lang='lat' dir='ltr'><strong>apertissime</strong></span> <span class='ocrx_word' id='word_1_144' title='bbox 886 1725 1286 1791; x_wconf 80' lang='lat' dir='ltr'><strong>demonstravit,</strong></span> <span class='ocrx_word' id='word_1_145' title='bbox 1319 1734 1373 1779; x_wconf 92' lang='lat' dir='ltr'><strong>et</strong></span> <span class='ocrx_word' id='word_1_146' title='bbox 1396 1740 1494 1795; x_wconf 84' lang='lat' dir='ltr'><strong>per</strong></span> <span class='ocrx_word' id='word_1_147' title='bbox 1522 1739 1647 1779; x_wconf 91' lang='lat' dir='ltr'><strong>suos</strong></span> <span class='ocrx_word' id='word_1_148' title='bbox 1667 1728 1810 1795; x_wconf 85' lang='lat' dir='ltr'><strong>Apo-</strong></span> 
     </span>
    </p>
   </div>
   <div class='ocr_carea' id='block_1_21' title="bbox 235 1794 1808 1863">
    <p class='ocr_par' dir='ltr' id='par_1_21' title="bbox 235 1794 1808 1863">
     <span class='ocr_line' id='line_1_21' title="bbox 235 1794 1808 1863; baseline 0.002 -16"><span class='ocrx_word' id='word_1_149' title='bbox 235 1795 410 1848; x_wconf 83' lang='lat' dir='ltr'><strong>stolas</strong></span> <span class='ocrx_word' id='word_1_150' title='bbox 437 1807 533 1848; x_wconf 89' lang='lat' dir='ltr'><strong>nos</strong></span> <span class='ocrx_word' id='word_1_151' title='bbox 564 1794 729 1863; x_wconf 88' lang='lat' dir='ltr'><strong>ipsam</strong></span> <span class='ocrx_word' id='word_1_152' title='bbox 756 1794 996 1849; x_wconf 90' lang='lat' dir='ltr'><strong>docendo</strong></span> <span class='ocrx_word' id='word_1_153' title='bbox 1044 1796 1374 1849; x_wconf 78' lang='lat' dir='ltr'><strong>illuminavit.</strong></span> <span class='ocrx_word' id='word_1_154' title='bbox 1419 1794 1544 1849; x_wconf 83' lang='lat' dir='ltr'><strong>Haec</strong></span> <span class='ocrx_word' id='word_1_155' title='bbox 1583 1805 1666 1849; x_wconf 90' lang='lat' dir='ltr'><strong>est</strong></span> <span class='ocrx_word' id='word_1_156' title='bbox 1690 1794 1808 1861; x_wconf 78' lang='lat' dir='ltr'><strong>qua:</strong></span> 
     </span>
    </p>
   </div>
   <div class='ocr_carea' id='block_1_22' title="bbox 236 1863 1809 1933">
    <p class='ocr_par' dir='ltr' id='par_1_22' title="bbox 236 1863 1809 1933">
     <span class='ocr_line' id='line_1_22' title="bbox 236 1863 1809 1933; baseline 0.003 -17"><span class='ocrx_word' id='word_1_157' title='bbox 236 1877 344 1917; x_wconf 87' lang='lat' dir='ltr'><strong>nos</strong></span> <span class='ocrx_word' id='word_1_158' title='bbox 377 1863 536 1918; x_wconf 89' lang='lat' dir='ltr'><strong>docet</strong></span> <span class='ocrx_word' id='word_1_159' title='bbox 556 1878 737 1917; x_wconf 88' lang='lat' dir='ltr'><strong>amare</strong></span> <span class='ocrx_word' id='word_1_160' title='bbox 759 1864 1016 1929; x_wconf 77' lang='lat' dir='ltr'><strong>ctelestia,</strong></span> <span class='ocrx_word' id='word_1_161' title='bbox 1047 1873 1103 1919; x_wconf 90' lang='lat' dir='ltr'><strong>et</strong></span> <span class='ocrx_word' id='word_1_162' title='bbox 1126 1876 1331 1918; x_wconf 90' lang='lat' dir='ltr'><strong>terrena</strong></span> <span class='ocrx_word' id='word_1_163' title='bbox 1356 1864 1650 1933; x_wconf 70' lang='lat' dir='ltr'><strong>despicere.</strong></span> <span class='ocrx_word' id='word_1_164' title='bbox 1686 1864 1809 1921; x_wconf 81' lang='lat' dir='ltr'><strong>Haec</strong></span> 
     </span>
    </p>
   </div>
   <div class='ocr_carea' id='block_1_23' title="bbox 234 1932 1808 2003">
    <p class='ocr_par' dir='ltr' id='par_1_23' title="bbox 234 1932 1808 2003">
     <span class='ocr_line' id='line_1_23' title="bbox 234 1932 1808 2003; baseline 0.001 -16"><span class='ocrx_word' id='word_1_165' title='bbox 234 1943 327 1988; x_wconf 87' lang='lat' dir='ltr'><strong>est</strong></span> <span class='ocrx_word' id='word_1_166' title='bbox 351 1940 521 2003; x_wconf 83' lang='lat' dir='ltr'><strong>mater</strong></span> <span class='ocrx_word' id='word_1_167' title='bbox 548 1932 803 1998; x_wconf 89' lang='lat' dir='ltr'><strong>ﬁdelium,</strong></span> <span class='ocrx_word' id='word_1_168' title='bbox 830 1949 948 2003; x_wconf 82' lang='lat' dir='ltr'><strong>quae</strong></span> <span class='ocrx_word' id='word_1_169' title='bbox 971 1934 1204 2003; x_wconf 83' lang='lat' dir='ltr'><strong>quotidie</strong></span> <span class='ocrx_word' id='word_1_170' title='bbox 1228 1934 1385 1989; x_wconf 87' lang='lat' dir='ltr'><strong>docet</strong></span> <span class='ocrx_word' id='word_1_171' title='bbox 1410 1932 1507 1988; x_wconf 90' lang='lat' dir='ltr'><strong>nos</strong></span> <span class='ocrx_word' id='word_1_172' title='bbox 1545 1935 1808 2001; x_wconf 86' lang='lat' dir='ltr'><strong>quomodo</strong></span> 
     </span>
    </p>
   </div>
   <div class='ocr_carea' id='block_1_24' title="bbox 233 2002 1805 2074">
    <p class='ocr_par' dir='ltr' id='par_1_24' title="bbox 233 2002 1805 2074">
     <span class='ocr_line' id='line_1_24' title="bbox 233 2002 1805 2074; baseline 0.001 -17"><span class='ocrx_word' id='word_1_173' title='bbox 233 2002 521 2074; x_wconf 76' lang='lat' dir='ltr'><strong>credamus</strong></span> <span class='ocrx_word' id='word_1_174' title='bbox 543 2003 707 2074; x_wconf 84' lang='lat' dir='ltr'><strong>Deum</strong></span> <span class='ocrx_word' id='word_1_175' title='bbox 732 2002 855 2074; x_wconf 82' lang='lat' dir='ltr'><strong>esse</strong></span> <span class='ocrx_word' id='word_1_176' title='bbox 875 2002 1317 2072; x_wconf 86' lang='lat' dir='ltr'><strong>omnipotentem,</strong></span> <span class='ocrx_word' id='word_1_177' title='bbox 1350 2003 1613 2072; x_wconf 91' lang='lat' dir='ltr'><strong>quomodo</strong></span> <span class='ocrx_word' id='word_1_178' title='bbox 1636 2004 1805 2074; x_wconf 91' lang='lat' dir='ltr'><strong>ipsum</strong></span> 
     </span>
    </p>
   </div>
   <div class='ocr_carea' id='block_1_25' title="bbox 236 2072 1807 2143">
    <p class='ocr_par' dir='ltr' id='par_1_25' title="bbox 236 2072 1807 2143">
     <span class='ocr_line' id='line_1_25' title="bbox 236 2072 1807 2143; baseline 0.001 -18"><span class='ocrx_word' id='word_1_179' title='bbox 236 2073 542 2143; x_wconf 72' lang='lat' dir='ltr'><strong>videbimus</strong></span> <span class='ocrx_word' id='word_1_180' title='bbox 570 2073 623 2127; x_wconf 92' lang='lat' dir='ltr'><strong>in</strong></span> <span class='ocrx_word' id='word_1_181' title='bbox 664 2072 792 2143; x_wconf 85' lang='lat' dir='ltr'><strong>sede</strong></span> <span class='ocrx_word' id='word_1_182' title='bbox 829 2075 1119 2143; x_wconf 73' lang='lat' dir='ltr'><strong>maiestatis</strong></span> <span class='ocrx_word' id='word_1_183' title='bbox 1164 2074 1492 2143; x_wconf 84' lang='lat' dir='ltr'><strong>venientem,</strong></span> <span class='ocrx_word' id='word_1_184' title='bbox 1542 2072 1807 2143; x_wconf 81' lang='lat' dir='ltr'><strong>quomodo</strong></span> 
     </span>
    </p>
   </div>
   <div class='ocr_carea' id='block_1_26' title="bbox 233 2142 1808 2199">
    <p class='ocr_par' dir='ltr' id='par_1_26' title="bbox 233 2142 1808 2199">
     <span class='ocr_line' id='line_1_26' title="bbox 233 2142 1808 2199; baseline 0.002 -3"><span class='ocrx_word' id='word_1_185' title='bbox 233 2142 397 2196; x_wconf 86' lang='lat' dir='ltr'><strong>bonis</strong></span> <span class='ocrx_word' id='word_1_186' title='bbox 425 2143 562 2197; x_wconf 89' lang='lat' dir='ltr'><strong>bona</strong></span> <span class='ocrx_word' id='word_1_187' title='bbox 590 2152 646 2198; x_wconf 90' lang='lat' dir='ltr'><strong>et</strong></span> <span class='ocrx_word' id='word_1_188' title='bbox 665 2142 819 2198; x_wconf 90' lang='lat' dir='ltr'><strong>malis</strong></span> <span class='ocrx_word' id='word_1_189' title='bbox 839 2142 979 2197; x_wconf 90' lang='lat' dir='ltr'><strong>mala</strong></span> <span class='ocrx_word' id='word_1_190' title='bbox 1003 2143 1322 2199; x_wconf 88' lang='lat' dir='ltr'><strong>tribuentem</strong></span> <span class='ocrx_word' id='word_1_191' title='bbox 1346 2142 1659 2197; x_wconf 89' lang='lat' dir='ltr'><strong>videbimus.</strong></span> <span class='ocrx_word' id='word_1_192' title='bbox 1682 2143 1808 2199; x_wconf 74' lang='lat' dir='ltr'><strong>Haec</strong></span> 
     </span>
    </p>
   </div>
   <div class='ocr_carea' id='block_1_27' title="bbox 233 2211 1801 2282">
    <p class='ocr_par' dir='ltr' id='par_1_27' title="bbox 233 2211 1801 2282">
     <span class='ocr_line' id='line_1_27' title="bbox 233 2211 1801 2282; baseline 0.001 -16"><span class='ocrx_word' id='word_1_193' title='bbox 233 2221 326 2282; x_wconf 88' lang='lat' dir='ltr'><strong>est</strong></span> <span class='ocrx_word' id='word_1_194' title='bbox 348 2212 563 2266; x_wconf 89' lang='lat' dir='ltr'><strong>lucerna</strong></span> <span class='ocrx_word' id='word_1_195' title='bbox 604 2211 795 2282; x_wconf 88' lang='lat' dir='ltr'><strong>pedum</strong></span> <span class='ocrx_word' id='word_1_196' title='bbox 822 2222 1146 2279; x_wconf 91' lang='lat' dir='ltr'><strong>nostrorum,</strong></span> <span class='ocrx_word' id='word_1_197' title='bbox 1171 2220 1225 2269; x_wconf 92' lang='lat' dir='ltr'><strong>et</strong></span> <span class='ocrx_word' id='word_1_198' title='bbox 1253 2214 1339 2267; x_wconf 88' lang='lat' dir='ltr'><strong>via</strong></span> <span class='ocrx_word' id='word_1_199' title='bbox 1367 2212 1553 2267; x_wconf 89' lang='lat' dir='ltr'><strong>salutis</strong></span> <span class='ocrx_word' id='word_1_200' title='bbox 1573 2222 1767 2268; x_wconf 75' lang='lat' dir='ltr'><strong>nostra:</strong></span> <span class='ocrx_word' id='word_1_201' title='bbox 1787 2254 1801 2279; x_wconf 94' lang='lat'><strong>,</strong></span> 
     </span>
    </p>
   </div>
   <div class='ocr_carea' id='block_1_28' title="bbox 234 2281 1803 2354">
    <p class='ocr_par' dir='ltr' id='par_1_28' title="bbox 234 2281 1803 2354">
     <span class='ocr_line' id='line_1_28' title="bbox 234 2281 1803 2354; baseline 0.001 -19"><span class='ocrx_word' id='word_1_202' title='bbox 234 2281 310 2354; x_wconf 65' lang='lat' dir='ltr'><strong>in</strong></span> <span class='ocrx_word' id='word_1_203' title='bbox 320 2297 428 2354; x_wconf 87' lang='lat' dir='ltr'><strong>qua</strong></span> <span class='ocrx_word' id='word_1_204' title='bbox 460 2281 767 2337; x_wconf 89' lang='lat' dir='ltr'><strong>instruimur</strong></span> <span class='ocrx_word' id='word_1_205' title='bbox 785 2283 1051 2354; x_wconf 90' lang='lat' dir='ltr'><strong>quomodo</strong></span> <span class='ocrx_word' id='word_1_206' title='bbox 1065 2284 1240 2354; x_wconf 86' lang='lat' dir='ltr'><strong>primo</strong></span> <span class='ocrx_word' id='word_1_207' title='bbox 1260 2283 1424 2337; x_wconf 91' lang='lat' dir='ltr'><strong>Deum</strong></span> <span class='ocrx_word' id='word_1_208' title='bbox 1453 2298 1613 2352; x_wconf 89' lang='lat' dir='ltr'><strong>super</strong></span> <span class='ocrx_word' id='word_1_209' title='bbox 1630 2284 1803 2354; x_wconf 84' lang='lat' dir='ltr'><strong>omnia</strong></span> 
     </span>
    </p>
   </div>
   <div class='ocr_carea' id='block_1_29' title="bbox 231 2351 1805 2424">
    <p class='ocr_par' dir='ltr' id='par_1_29' title="bbox 231 2351 1805 2424">
     <span class='ocr_line' id='line_1_29' title="bbox 231 2351 1805 2424; baseline 0.001 -19"><span class='ocrx_word' id='word_1_210' title='bbox 231 2351 553 2424; x_wconf 81' lang='lat' dir='ltr'><strong>diligamus,</strong></span> <span class='ocrx_word' id='word_1_211' title='bbox 605 2351 871 2424; x_wconf 82' lang='lat' dir='ltr'><strong>quomodo</strong></span> <span class='ocrx_word' id='word_1_212' title='bbox 912 2351 1144 2407; x_wconf 79' lang='lat' dir='ltr'><strong>animam</strong></span> <span class='ocrx_word' id='word_1_213' title='bbox 1189 2359 1424 2407; x_wconf 90' lang='lat' dir='ltr'><strong>nostram</strong></span> <span class='ocrx_word' id='word_1_214' title='bbox 1468 2351 1805 2424; x_wconf 83' lang='lat' dir='ltr'><strong>postmodum</strong></span> 
     </span>
    </p>
   </div>
   <div class='ocr_carea' id='block_1_30' title="bbox 231 2422 1805 2493">
    <p class='ocr_par' dir='ltr' id='par_1_30' title="bbox 231 2422 1805 2493">
     <span class='ocr_line' id='line_1_30' title="bbox 231 2422 1805 2493; baseline 0.001 -18"><span class='ocrx_word' id='word_1_215' title='bbox 231 2422 378 2476; x_wconf 87' lang='lat' dir='ltr'><strong>sicut</strong></span> <span class='ocrx_word' id='word_1_216' title='bbox 403 2422 527 2491; x_wconf 89' lang='lat' dir='ltr'><strong>quid</strong></span> <span class='ocrx_word' id='word_1_217' title='bbox 580 2422 956 2493; x_wconf 79' lang='lat' dir='ltr'><strong>propinquius,</strong></span> <span class='ocrx_word' id='word_1_218' title='bbox 1007 2424 1294 2493; x_wconf 14' lang='lat' dir='ltr'><strong>quomodo,</strong></span> <span class='ocrx_word' id='word_1_219' title='bbox 1327 2423 1661 2489; x_wconf 90' lang='lat' dir='ltr'><strong>postmodum</strong></span> <span class='ocrx_word' id='word_1_220' title='bbox 1691 2424 1805 2477; x_wconf 89' lang='lat' dir='ltr'><strong>ani-</strong></span> 
     </span>
    </p>
   </div>
   <div class='ocr_carea' id='block_1_31' title="bbox 232 2492 1806 2562">
    <p class='ocr_par' dir='ltr' id='par_1_31' title="bbox 232 2492 1806 2562">
     <span class='ocr_line' id='line_1_31' title="bbox 232 2492 1806 2562; baseline 0.001 -17"><span class='ocrx_word' id='word_1_221' title='bbox 232 2507 380 2545; x_wconf 89' lang='lat' dir='ltr'><strong>mam</strong></span> <span class='ocrx_word' id='word_1_222' title='bbox 433 2492 692 2560; x_wconf 76' lang='lat' dir='ltr'><strong>proximi,</strong></span> <span class='ocrx_word' id='word_1_223' title='bbox 745 2493 1012 2562; x_wconf 90' lang='lat' dir='ltr'><strong>quomodo</strong></span> <span class='ocrx_word' id='word_1_224' title='bbox 1060 2492 1394 2561; x_wconf 88' lang='lat' dir='ltr'><strong>postmodum</strong></span> <span class='ocrx_word' id='word_1_225' title='bbox 1439 2507 1631 2559; x_wconf 89' lang='lat' dir='ltr'><strong>corpus</strong></span> <span class='ocrx_word' id='word_1_226' title='bbox 1685 2509 1806 2560; x_wconf 87' lang='lat' dir='ltr'><strong>pro-</strong></span> 
     </span>
    </p>
   </div>
   <div class='ocr_carea' id='block_1_32' title="bbox 231 2562 1808 2632">
    <p class='ocr_par' dir='ltr' id='par_1_32' title="bbox 231 2562 1808 2632">
     <span class='ocr_line' id='line_1_32' title="bbox 231 2562 1808 2632; baseline 0.001 -17"><span class='ocrx_word' id='word_1_227' title='bbox 231 2562 445 2631; x_wconf 85' lang='lat' dir='ltr'><strong>prium,</strong></span> <span class='ocrx_word' id='word_1_228' title='bbox 476 2562 742 2631; x_wconf 90' lang='lat' dir='ltr'><strong>quomodo</strong></span> <span class='ocrx_word' id='word_1_229' title='bbox 793 2562 1127 2632; x_wconf 87' lang='lat' dir='ltr'><strong>postmodum</strong></span> <span class='ocrx_word' id='word_1_230' title='bbox 1178 2576 1371 2630; x_wconf 91' lang='lat' dir='ltr'><strong>corpus</strong></span> <span class='ocrx_word' id='word_1_231' title='bbox 1397 2563 1623 2632; x_wconf 79' lang='lat' dir='ltr'><strong>proximi</strong></span> <span class='ocrx_word' id='word_1_232' title='bbox 1663 2563 1808 2617; x_wconf 81' lang='lat' dir='ltr'><strong>velut</strong></span> 
     </span>
    </p>
   </div>
   <div class='ocr_carea' id='block_1_33' title="bbox 232 2629 1802 2701">
    <p class='ocr_par' dir='ltr' id='par_1_33' title="bbox 232 2629 1802 2701">
     <span class='ocr_line' id='line_1_33' title="bbox 232 2629 1802 2701; baseline -0.001 -16"><span class='ocrx_word' id='word_1_233' title='bbox 232 2629 817 2701; x_wconf 29' lang='lat' dir='ltr'><strong>nostrum‘diligamus&#39;.</strong></span> <span class='ocrx_word' id='word_1_234' title='bbox 862 2632 964 2687; x_wconf 84' lang='lat' dir='ltr'><strong>iste</strong></span> <span class='ocrx_word' id='word_1_235' title='bbox 987 2641 1069 2687; x_wconf 88' lang='lat' dir='ltr'><strong>est</strong></span> <span class='ocrx_word' id='word_1_236' title='bbox 1108 2633 1248 2688; x_wconf 91' lang='lat' dir='ltr'><strong>enim</strong></span> <span class='ocrx_word' id='word_1_237' title='bbox 1279 2629 1558 2701; x_wconf 78' lang='lat' dir='ltr'><strong>perfectus</strong></span> <span class='ocrx_word' id='word_1_238' title='bbox 1593 2632 1802 2698; x_wconf 86' lang='lat' dir='ltr'><strong>modus,</strong></span> 
     </span>
    </p>
   </div>
   <div class='ocr_carea' id='block_1_34' title="bbox 230 2701 1804 2772">
    <p class='ocr_par' dir='ltr' id='par_1_34' title="bbox 230 2701 1804 2772">
     <span class='ocr_line' id='line_1_34' title="bbox 230 2701 1804 2772; baseline -0.002 -16"><span class='ocrx_word' id='word_1_239' title='bbox 230 2701 430 2766; x_wconf 87' lang='lat' dir='ltr'><strong>Deum,</strong></span> <span class='ocrx_word' id='word_1_240' title='bbox 457 2717 557 2757; x_wconf 90' lang='lat' dir='ltr'><strong>nos</strong></span> <span class='ocrx_word' id='word_1_241' title='bbox 582 2712 637 2756; x_wconf 91' lang='lat' dir='ltr'><strong>et</strong></span> <span class='ocrx_word' id='word_1_242' title='bbox 663 2704 957 2772; x_wconf 81' lang='lat' dir='ltr'><strong>proximum</strong></span> <span class='ocrx_word' id='word_1_243' title='bbox 986 2702 1259 2772; x_wconf 77' lang='lat' dir='ltr'><strong>diligendi.</strong></span> <span class='ocrx_word' id='word_1_244' title='bbox 1284 2701 1409 2757; x_wconf 62' lang='lat' dir='ltr'><strong>Haec</strong></span> <span class='ocrx_word' id='word_1_245' title='bbox 1430 2710 1511 2772; x_wconf 83' lang='lat' dir='ltr'><strong>est</strong></span> <span class='ocrx_word' id='word_1_246' title='bbox 1538 2701 1625 2772; x_wconf 87' lang='lat' dir='ltr'><strong>illa</strong></span> <span class='ocrx_word' id='word_1_247' title='bbox 1656 2716 1804 2772; x_wconf 87' lang='lat' dir='ltr'><strong>sacra</strong></span> 
     </span>
    </p>
   </div>
   <div class='ocr_carea' id='block_1_35' title="bbox 231 2770 1801 2842">
    <p class='ocr_par' dir='ltr' id='par_1_35' title="bbox 231 2770 1801 2842">
     <span class='ocr_line' id='line_1_35' title="bbox 231 2770 1801 2842; baseline 0 -17"><span class='ocrx_word' id='word_1_248' title='bbox 231 2771 521 2842; x_wconf 80' lang='lat' dir='ltr'><strong>sapientia,</strong></span> <span class='ocrx_word' id='word_1_249' title='bbox 549 2770 761 2840; x_wconf 77' lang='lat' dir='ltr'><strong>quaeex</strong></span> <span class='ocrx_word' id='word_1_250' title='bbox 785 2787 881 2827; x_wconf 90' lang='lat' dir='ltr'><strong>ore</strong></span> <span class='ocrx_word' id='word_1_251' title='bbox 905 2770 1159 2827; x_wconf 84' lang='lat' dir='ltr'><strong>Altissiini</strong></span> <span class='ocrx_word' id='word_1_252' title='bbox 1191 2772 1409 2842; x_wconf 92' lang='lat' dir='ltr'><strong>prodiit,</strong></span> <span class='ocrx_word' id='word_1_253' title='bbox 1442 2770 1801 2839; x_wconf 84' lang='lat' dir='ltr'><strong>philosophis,</strong></span> 
     </span>
    </p>
   </div>
   <div class='ocr_carea' id='block_1_36' title="bbox 194 2840 1806 2910">
    <p class='ocr_par' dir='ltr' id='par_1_36' title="bbox 194 2840 1806 2910">
     <span class='ocr_line' id='line_1_36' title="bbox 194 2840 1806 2910; baseline -0.001 -16"><span class='ocrx_word' id='word_1_254' title='bbox 194 2868 201 2871; x_wconf 93' lang='lat'><strong>-</strong></span> <span class='ocrx_word' id='word_1_255' title='bbox 231 2840 559 2908; x_wconf 87' lang='lat' dir='ltr'><strong>sophisticis,</strong></span> <span class='ocrx_word' id='word_1_256' title='bbox 596 2842 896 2910; x_wconf 77' lang='lat' dir='ltr'><strong>astrologis,</strong></span> <span class='ocrx_word' id='word_1_257' title='bbox 918 2843 1142 2897; x_wconf 90' lang='lat' dir='ltr'><strong>curiosis</strong></span> <span class='ocrx_word' id='word_1_258' title='bbox 1173 2840 1237 2896; x_wconf 81' lang='lat' dir='ltr'><strong>ac</strong></span> <span class='ocrx_word' id='word_1_259' title='bbox 1262 2842 1552 2897; x_wconf 89' lang='lat' dir='ltr'><strong>dialecticis</strong></span> <span class='ocrx_word' id='word_1_260' title='bbox 1581 2841 1806 2894; x_wconf 82' lang='lat' dir='ltr'><strong>abscon-</strong></span> 
     </span>
    </p>
   </div>
   <div class='ocr_carea' id='block_1_37' title="bbox 230 2910 1801 2979">
    <p class='ocr_par' dir='ltr' id='par_1_37' title="bbox 230 2910 1801 2979">
     <span class='ocr_line' id='line_1_37' title="bbox 230 2910 1801 2979; baseline -0.001 -15"><span class='ocrx_word' id='word_1_261' title='bbox 230 2910 381 2974; x_wconf 79' lang='lat' dir='ltr'><strong>dita;</strong></span> <span class='ocrx_word' id='word_1_262' title='bbox 426 2910 518 2964; x_wconf 89' lang='lat' dir='ltr'><strong>sed</strong></span> <span class='ocrx_word' id='word_1_263' title='bbox 547 2910 769 2978; x_wconf 86' lang='lat' dir='ltr'><strong>gressis,</strong></span> <span class='ocrx_word' id='word_1_264' title='bbox 812 2919 867 2963; x_wconf 91' lang='lat' dir='ltr'><strong>et</strong></span> <span class='ocrx_word' id='word_1_265' title='bbox 914 2912 1130 2964; x_wconf 91' lang='lat' dir='ltr'><strong>rudibus</strong></span> <span class='ocrx_word' id='word_1_266' title='bbox 1169 2912 1518 2979; x_wconf 89' lang='lat' dir='ltr'><strong>piscatoribus</strong></span> <span class='ocrx_word' id='word_1_267' title='bbox 1548 2910 1801 2979; x_wconf 86' lang='lat' dir='ltr'><strong>revelata.</strong></span> 
     </span>
    </p>
   </div>
   <div class='ocr_carea' id='block_1_38' title="bbox 233 2978 1805 3047">
    <p class='ocr_par' dir='ltr' id='par_1_38' title="bbox 233 2978 1805 3047">
     <span class='ocr_line' id='line_1_38' title="bbox 233 2978 1805 3047; baseline -0.003 -13"><span class='ocrx_word' id='word_1_268' title='bbox 233 2979 505 3047; x_wconf 84' lang='lat' dir='ltr'><strong>Numquid</strong></span> <span class='ocrx_word' id='word_1_269' title='bbox 533 2995 638 3032; x_wconf 88' lang='lat' dir='ltr'><strong>non</strong></span> <span class='ocrx_word' id='word_1_270' title='bbox 667 2988 723 3034; x_wconf 89' lang='lat' dir='ltr'><strong>et</strong></span> <span class='ocrx_word' id='word_1_271' title='bbox 750 2979 906 3033; x_wconf 89' lang='lat' dir='ltr'><strong>hodie</strong></span> <span class='ocrx_word' id='word_1_272' title='bbox 933 2980 1091 3033; x_wconf 88' lang='lat' dir='ltr'><strong>etiam</strong></span> <span class='ocrx_word' id='word_1_273' title='bbox 1128 2978 1300 3033; x_wconf 84' lang='lat' dir='ltr'><strong>selum</strong></span> <span class='ocrx_word' id='word_1_274' title='bbox 1341 2978 1572 3047; x_wconf 86' lang='lat' dir='ltr'><strong>parvulis</strong></span> <span class='ocrx_word' id='word_1_275' title='bbox 1600 2978 1805 3047; x_wconf 89' lang='lat' dir='ltr'><strong>revela-</strong></span> 
     </span>
    </p>
   </div>
   <div class='ocr_carea' id='block_1_39' title="bbox 233 3046 1802 3117">
    <p class='ocr_par' dir='ltr' id='par_1_39' title="bbox 233 3046 1802 3117">
     <span class='ocr_line' id='line_1_39' title="bbox 233 3046 1802 3117; baseline -0.003 -14"><span class='ocrx_word' id='word_1_276' title='bbox 233 3050 360 3103; x_wconf 82' lang='lat' dir='ltr'><strong>tur?</strong></span> <span class='ocrx_word' id='word_1_277' title='bbox 397 3046 520 3103; x_wconf 66' lang='lat' dir='ltr'><strong>llaec</strong></span> <span class='ocrx_word' id='word_1_278' title='bbox 563 3058 643 3102; x_wconf 91' lang='lat' dir='ltr'><strong>est</strong></span> <span class='ocrx_word' id='word_1_279' title='bbox 689 3049 921 3102; x_wconf 89' lang='lat' dir='ltr'><strong>omnium</strong></span> <span class='ocrx_word' id='word_1_280' title='bbox 952 3048 1326 3117; x_wconf 87' lang='lat' dir='ltr'><strong>sapientiarum</strong></span> <span class='ocrx_word' id='word_1_281' title='bbox 1344 3046 1406 3101; x_wconf 84' lang='lat' dir='ltr'><strong>et</strong></span> <span class='ocrx_word' id='word_1_282' title='bbox 1441 3046 1802 3117; x_wconf 83' lang='lat' dir='ltr'><strong>doctrinarum</strong></span> 
     </span>
    </p>
   </div>
   <div class='ocr_carea' id='block_1_40' title="bbox 231 3114 1805 3187">
    <p class='ocr_par' dir='ltr' id='par_1_40' title="bbox 231 3114 1805 3187">
     <span class='ocr_line' id='line_1_40' title="bbox 231 3114 1805 3187; baseline -0.003 -14"><span class='ocrx_word' id='word_1_283' title='bbox 231 3118 489 3187; x_wconf 89' lang='lat' dir='ltr'><strong>magistra</strong></span> <span class='ocrx_word' id='word_1_284' title='bbox 514 3128 567 3173; x_wconf 93' lang='lat' dir='ltr'><strong>et</strong></span> <span class='ocrx_word' id='word_1_285' title='bbox 609 3119 821 3172; x_wconf 88' lang='lat' dir='ltr'><strong>domina</strong></span> <span class='ocrx_word' id='word_1_286' title='bbox 839 3159 854 3180; x_wconf 92' lang='lat'><strong>,</strong></span> <span class='ocrx_word' id='word_1_287' title='bbox 895 3114 1027 3186; x_wconf 62' lang='lat' dir='ltr'><strong>qtth</strong></span> <span class='ocrx_word' id='word_1_288' title='bbox 1040 3119 1199 3171; x_wconf 86' lang='lat' dir='ltr'><strong>etiam</strong></span> <span class='ocrx_word' id='word_1_289' title='bbox 1225 3131 1323 3171; x_wconf 91' lang='lat' dir='ltr'><strong>nos</strong></span> <span class='ocrx_word' id='word_1_290' title='bbox 1351 3116 1506 3170; x_wconf 86' lang='lat' dir='ltr'><strong>docet</strong></span> <span class='ocrx_word' id='word_1_291' title='bbox 1525 3156 1541 3180; x_wconf 89' lang='lat'><strong>,</strong></span> <span class='ocrx_word' id='word_1_292' title='bbox 1569 3114 1805 3187; x_wconf 78' lang='lat' dir='ltr'><strong>exterius</strong></span> 
     </span>
    </p>
   </div>
   <div class='ocr_carea' id='block_1_41' title="bbox 230 3184 1805 3256">
    <p class='ocr_par' dir='ltr' id='par_1_41' title="bbox 230 3184 1805 3256">
     <span class='ocr_line' id='line_1_41' title="bbox 230 3184 1805 3256; baseline -0.003 -13"><span class='ocrx_word' id='word_1_293' title='bbox 230 3184 483 3253; x_wconf 78' lang='lat' dir='ltr'><strong>blandos,</strong></span> <span class='ocrx_word' id='word_1_294' title='bbox 515 3196 567 3241; x_wconf 88' lang='lat' dir='ltr'><strong>et</strong></span> <span class='ocrx_word' id='word_1_295' title='bbox 584 3188 805 3243; x_wconf 89' lang='lat' dir='ltr'><strong>interius</strong></span> <span class='ocrx_word' id='word_1_296' title='bbox 835 3184 1197 3242; x_wconf 78' lang='lat' dir='ltr'><strong>fraudulentos</strong></span> <span class='ocrx_word' id='word_1_297' title='bbox 1211 3200 1549 3256; x_wconf 91' lang='lat' dir='ltr'><strong>cognoscere.</strong></span> <span class='ocrx_word' id='word_1_298' title='bbox 1577 3184 1707 3256; x_wconf 70' lang='lat' dir='ltr'><strong>Haec</strong></span> <span class='ocrx_word' id='word_1_299' title='bbox 1723 3193 1805 3239; x_wconf 91' lang='lat' dir='ltr'><strong>est</strong></span> 
     </span>
    </p>
   </div>
   <div class='ocr_carea' id='block_1_42' title="bbox 231 3254 1800 3326">
    <p class='ocr_par' dir='ltr' id='par_1_42' title="bbox 231 3254 1800 3326">
     <span class='ocr_line' id='line_1_42' title="bbox 231 3254 1800 3326; baseline -0.004 -13"><span class='ocrx_word' id='word_1_300' title='bbox 231 3257 459 3313; x_wconf 89' lang='lat' dir='ltr'><strong>scientia</strong></span> <span class='ocrx_word' id='word_1_301' title='bbox 497 3258 865 3322; x_wconf 89' lang='lat' dir='ltr'><strong>scientiarum,</strong></span> <span class='ocrx_word' id='word_1_302' title='bbox 896 3258 1215 3326; x_wconf 86' lang='lat' dir='ltr'><strong>Angelorum</strong></span> <span class='ocrx_word' id='word_1_303' title='bbox 1245 3254 1530 3321; x_wconf 80' lang='lat' dir='ltr'><strong>ferculum,</strong></span> <span class='ocrx_word' id='word_1_304' title='bbox 1558 3254 1800 3326; x_wconf 57' lang='lat' dir='ltr'><strong>Arciten—</strong></span> 
     </span>
    </p>
   </div>
   <div class='ocr_carea' id='block_1_43' title="bbox 231 3324 1801 3397">
    <p class='ocr_par' dir='ltr' id='par_1_43' title="bbox 231 3324 1801 3397">
     <span class='ocr_line' id='line_1_43' title="bbox 231 3324 1801 3397; baseline -0.004 -13"><span class='ocrx_word' id='word_1_305' title='bbox 231 3329 474 3397; x_wconf 76' lang='lat' dir='ltr'><strong>gelorum</strong></span> <span class='ocrx_word' id='word_1_306' title='bbox 503 3328 831 3396; x_wconf 86' lang='lat' dir='ltr'><strong>pulmentum</strong></span> <span class='ocrx_word' id='word_1_307' title='bbox 857 3368 872 3390; x_wconf 96' lang='lat'><strong>,</strong></span> <span class='ocrx_word' id='word_1_308' title='bbox 906 3324 1279 3396; x_wconf 80' lang='lat' dir='ltr'><strong>Apostolorum</strong></span> <span class='ocrx_word' id='word_1_309' title='bbox 1330 3326 1524 3395; x_wconf 80' lang='lat' dir='ltr'><strong>gloria,</strong></span> <span class='ocrx_word' id='word_1_310' title='bbox 1567 3324 1801 3378; x_wconf 87' lang='lat' dir='ltr'><strong>Patriar-</strong></span> 
     </span>
    </p>
   </div>
   <div class='ocr_carea' id='block_1_44' title="bbox 230 3397 1799 3467">
    <p class='ocr_par' dir='ltr' id='par_1_44' title="bbox 230 3397 1799 3467">
     <span class='ocr_line' id='line_1_44' title="bbox 230 3397 1799 3467; baseline -0.003 -15"><span class='ocrx_word' id='word_1_311' title='bbox 230 3398 458 3453; x_wconf 88' lang='lat' dir='ltr'><strong>charum</strong></span> <span class='ocrx_word' id='word_1_312' title='bbox 478 3397 686 3467; x_wconf 91' lang='lat' dir='ltr'><strong>ﬁducia,</strong></span> <span class='ocrx_word' id='word_1_313' title='bbox 708 3398 1087 3467; x_wconf 84' lang='lat' dir='ltr'><strong>Prophetarum</strong></span> <span class='ocrx_word' id='word_1_314' title='bbox 1107 3413 1252 3467; x_wconf 90' lang='lat' dir='ltr'><strong>spes,</strong></span> <span class='ocrx_word' id='word_1_315' title='bbox 1273 3404 1563 3467; x_wconf 81' lang='lat' dir='ltr'><strong>martyrum</strong></span> <span class='ocrx_word' id='word_1_316' title='bbox 1582 3409 1799 3467; x_wconf 81' lang='lat' dir='ltr'><strong>corona,</strong></span> 
     </span>
    </p>
   </div>
   <div class='ocr_carea' id='block_1_45' title="bbox 235 3465 1803 3537">
    <p class='ocr_par' dir='ltr' id='par_1_45' title="bbox 235 3465 1803 3537">
     <span class='ocr_line' id='line_1_45' title="bbox 235 3465 1803 3537; baseline -0.003 -16"><span class='ocrx_word' id='word_1_317' title='bbox 235 3468 505 3537; x_wconf 78' lang='lat' dir='ltr'><strong>virginum</strong></span> <span class='ocrx_word' id='word_1_318' title='bbox 534 3465 825 3529; x_wconf 50' lang='lat' dir='ltr'><strong>fortitudo,</strong></span> <span class='ocrx_word' id='word_1_319' title='bbox 851 3465 1229 3521; x_wconf 79' lang='lat' dir='ltr'><strong>monachorum</strong></span> <span class='ocrx_word' id='word_1_320' title='bbox 1258 3465 1500 3529; x_wconf 80' lang='lat' dir='ltr'><strong>refectio,</strong></span> <span class='ocrx_word' id='word_1_321' title='bbox 1528 3465 1803 3537; x_wconf 80' lang='lat' dir='ltr'><strong>episcopo-</strong></span> 
     </span>
    </p>
   </div>
   <div class='ocr_carea' id='block_1_46' title="bbox 232 3534 1801 3605">
    <p class='ocr_par' dir='ltr' id='par_1_46' title="bbox 232 3534 1801 3605">
     <span class='ocr_line' id='line_1_46' title="bbox 232 3534 1801 3605; baseline -0.004 -13"><span class='ocrx_word' id='word_1_322' title='bbox 232 3534 357 3592; x_wconf 82' lang='lat' dir='ltr'><strong>rum</strong></span> <span class='ocrx_word' id='word_1_323' title='bbox 387 3539 610 3602; x_wconf 87' lang='lat' dir='ltr'><strong>vacatio,</strong></span> <span class='ocrx_word' id='word_1_324' title='bbox 641 3537 974 3592; x_wconf 88' lang='lat' dir='ltr'><strong>sacerdotum</strong></span> <span class='ocrx_word' id='word_1_325' title='bbox 1002 3537 1300 3602; x_wconf 86' lang='lat' dir='ltr'><strong>cellarium,</strong></span> <span class='ocrx_word' id='word_1_326' title='bbox 1340 3549 1624 3605; x_wconf 88' lang='lat' dir='ltr'><strong>puerorum</strong></span> <span class='ocrx_word' id='word_1_327' title='bbox 1658 3534 1801 3605; x_wconf 81' lang='lat' dir='ltr'><strong>prin-</strong></span> 
     </span>
    </p>
   </div>
   <div class='ocr_carea' id='block_1_47' title="bbox 231 3603 1803 3676">
    <p class='ocr_par' dir='ltr' id='par_1_47' title="bbox 231 3603 1803 3676">
     <span class='ocr_line' id='line_1_47' title="bbox 231 3603 1803 3676; baseline -0.002 -15"><span class='ocrx_word' id='word_1_328' title='bbox 231 3607 469 3676; x_wconf 89' lang='lat' dir='ltr'><strong>cipium,</strong></span> <span class='ocrx_word' id='word_1_329' title='bbox 511 3608 784 3660; x_wconf 85' lang='lat' dir='ltr'><strong>viduarum</strong></span> <span class='ocrx_word' id='word_1_330' title='bbox 815 3607 1052 3661; x_wconf 88' lang='lat' dir='ltr'><strong>doctrina</strong></span> <span class='ocrx_word' id='word_1_331' title='bbox 1078 3646 1093 3669; x_wconf 95' lang='lat'><strong>,</strong></span> <span class='ocrx_word' id='word_1_332' title='bbox 1138 3603 1543 3675; x_wconf 84' lang='lat' dir='ltr'><strong>eonjugatorutn</strong></span> <span class='ocrx_word' id='word_1_333' title='bbox 1570 3603 1803 3676; x_wconf 85' lang='lat' dir='ltr'><strong>pulchri-</strong></span> 
     </span>
    </p>
   </div>
   <div class='ocr_carea' id='block_1_48' title="bbox 234 3675 1800 3743">
    <p class='ocr_par' dir='ltr' id='par_1_48' title="bbox 234 3675 1800 3743">
     <span class='ocr_line' id='line_1_48' title="bbox 234 3675 1800 3743; baseline -0.003 -12"><span class='ocrx_word' id='word_1_334' title='bbox 234 3675 387 3741; x_wconf 87' lang='lat' dir='ltr'><strong>tudo,</strong></span> <span class='ocrx_word' id='word_1_335' title='bbox 416 3683 742 3731; x_wconf 88' lang='lat' dir='ltr'><strong>mortuorum</strong></span> <span class='ocrx_word' id='word_1_336' title='bbox 783 3676 1103 3731; x_wconf 87' lang='lat' dir='ltr'><strong>resurrectio</strong></span> <span class='ocrx_word' id='word_1_337' title='bbox 1121 3716 1136 3741; x_wconf 92' lang='lat'><strong>,</strong></span> <span class='ocrx_word' id='word_1_338' title='bbox 1164 3678 1450 3731; x_wconf 88' lang='lat' dir='ltr'><strong>viventium</strong></span> <span class='ocrx_word' id='word_1_339' title='bbox 1482 3675 1800 3743; x_wconf 89' lang='lat' dir='ltr'><strong>sempiterna</strong></span> 
     </span>
    </p>
   </div>
   <div class='ocr_carea' id='block_1_49' title="bbox 233 3745 1799 3815">
    <p class='ocr_par' dir='ltr' id='par_1_49' title="bbox 233 3745 1799 3815">
     <span class='ocr_line' id='line_1_49' title="bbox 233 3745 1799 3815; baseline -0.003 -15"><span class='ocrx_word' id='word_1_340' title='bbox 233 3747 518 3815; x_wconf 87' lang='lat' dir='ltr'><strong>protectio.</strong></span> <span class='ocrx_word' id='word_1_341' title='bbox 547 3745 673 3802; x_wconf 79' lang='lat' dir='ltr'><strong>11th</strong></span> <span class='ocrx_word' id='word_1_342' title='bbox 691 3756 773 3799; x_wconf 90' lang='lat' dir='ltr'><strong>est</strong></span> <span class='ocrx_word' id='word_1_343' title='bbox 801 3762 893 3814; x_wconf 88' lang='lat' dir='ltr'><strong>per</strong></span> <span class='ocrx_word' id='word_1_344' title='bbox 920 3762 1078 3814; x_wconf 85' lang='lat' dir='ltr'><strong>quam</strong></span> <span class='ocrx_word' id='word_1_345' title='bbox 1106 3747 1208 3802; x_wconf 90' lang='lat' dir='ltr'><strong>lide</strong></span> <span class='ocrx_word' id='word_1_346' title='bbox 1230 3761 1504 3807; x_wconf 89' lang='lat' dir='ltr'><strong>ornamur,</strong></span> <span class='ocrx_word' id='word_1_347' title='bbox 1534 3759 1628 3812; x_wconf 89' lang='lat' dir='ltr'><strong>spe</strong></span> <span class='ocrx_word' id='word_1_348' title='bbox 1670 3758 1799 3815; x_wconf 41' lang='lat' dir='ltr'><strong>conf</strong></span> 
     </span>
    </p>
   </div>
   <div class='ocr_carea' id='block_1_50' title="bbox 234 3813 1799 3882">
    <p class='ocr_par' dir='ltr' id='par_1_50' title="bbox 234 3813 1799 3882">
     <span class='ocr_line' id='line_1_50' title="bbox 234 3813 1799 3882; baseline -0.003 -12"><span class='ocrx_word' id='word_1_349' title='bbox 234 3813 531 3881; x_wconf 79' lang='lat' dir='ltr'><strong>firmamur,</strong></span> <span class='ocrx_word' id='word_1_350' title='bbox 561 3826 615 3870; x_wconf 90' lang='lat' dir='ltr'><strong>et</strong></span> <span class='ocrx_word' id='word_1_351' title='bbox 636 3813 896 3870; x_wconf 87' lang='lat' dir='ltr'><strong>charitate</strong></span> <span class='ocrx_word' id='word_1_352' title='bbox 925 3813 1255 3871; x_wconf 76' lang='lat' dir='ltr'><strong>roborantur.</strong></span> <span class='ocrx_word' id='word_1_353' title='bbox 1281 3816 1403 3869; x_wconf 75' lang='lat' dir='ltr'><strong>Haec</strong></span> <span class='ocrx_word' id='word_1_354' title='bbox 1428 3824 1511 3868; x_wconf 90' lang='lat' dir='ltr'><strong>est</strong></span> <span class='ocrx_word' id='word_1_355' title='bbox 1537 3828 1692 3882; x_wconf 84' lang='lat' dir='ltr'><strong>quam</strong></span> <span class='ocrx_word' id='word_1_356' title='bbox 1709 3813 1799 3881; x_wconf 90' lang='lat' dir='ltr'><strong>qui</strong></span> 
     </span>
    </p>
   </div>
   <div class='ocr_carea' id='block_1_51' title="bbox 233 3882 1798 3949">
    <p class='ocr_par' dir='ltr' id='par_1_51' title="bbox 233 3882 1798 3949">
     <span class='ocr_line' id='line_1_51' title="bbox 233 3882 1798 3949; baseline -0.003 -9"><span class='ocrx_word' id='word_1_357' title='bbox 233 3886 533 3949; x_wconf 88' lang='lat' dir='ltr'><strong>invenerit,</strong></span> <span class='ocrx_word' id='word_1_358' title='bbox 566 3885 795 3940; x_wconf 77' lang='lat' dir='ltr'><strong>inveniet</strong></span> <span class='ocrx_word' id='word_1_359' title='bbox 838 3886 1017 3949; x_wconf 88' lang='lat' dir='ltr'><strong>vitam,</strong></span> <span class='ocrx_word' id='word_1_360' title='bbox 1045 3900 1099 3942; x_wconf 90' lang='lat' dir='ltr'><strong>et</strong></span> <span class='ocrx_word' id='word_1_361' title='bbox 1131 3885 1339 3940; x_wconf 85' lang='lat' dir='ltr'><strong>hauriet</strong></span> <span class='ocrx_word' id='word_1_362' title='bbox 1375 3885 1596 3939; x_wconf 87' lang='lat' dir='ltr'><strong>salutem</strong></span> <span class='ocrx_word' id='word_1_363' title='bbox 1627 3897 1657 3934; x_wconf 91' lang='lat' dir='ltr'><strong>a</strong></span> <span class='ocrx_word' id='word_1_364' title='bbox 1692 3882 1798 3935; x_wconf 89' lang='lat' dir='ltr'><strong>Do-</strong></span> 
     </span>
    </p>
   </div>
   <div class='ocr_carea' id='block_1_52' title="bbox 233 3950 1800 4024">
    <p class='ocr_par' dir='ltr' id='par_1_52' title="bbox 233 3950 1800 4024">
     <span class='ocr_line' id='line_1_52' title="bbox 233 3950 1800 4024; baseline -0.003 -15"><span class='ocrx_word' id='word_1_365' title='bbox 233 3955 401 4009; x_wconf 86' lang='lat' dir='ltr'><strong>mino.</strong></span> <span class='ocrx_word' id='word_1_366' title='bbox 439 3956 563 4009; x_wconf 74' lang='lat' dir='ltr'><strong>llam</strong></span> <span class='ocrx_word' id='word_1_367' title='bbox 599 3964 681 4010; x_wconf 90' lang='lat' dir='ltr'><strong>est</strong></span> <span class='ocrx_word' id='word_1_368' title='bbox 707 3955 910 4011; x_wconf 87' lang='lat' dir='ltr'><strong>labrum</strong></span> <span class='ocrx_word' id='word_1_369' title='bbox 941 3957 1108 4024; x_wconf 86' lang='lat' dir='ltr'><strong>pelvis</strong></span> <span class='ocrx_word' id='word_1_370' title='bbox 1135 3970 1292 4023; x_wconf 89' lang='lat' dir='ltr'><strong>quam</strong></span> <span class='ocrx_word' id='word_1_371' title='bbox 1319 3954 1528 4023; x_wconf 81' lang='lat' dir='ltr'><strong>Moyses</strong></span> <span class='ocrx_word' id='word_1_372' title='bbox 1548 3951 1718 4024; x_wconf 79' lang='lat' dir='ltr'><strong>posuit</strong></span> <span class='ocrx_word' id='word_1_373' title='bbox 1746 3950 1800 4005; x_wconf 88' lang='lat' dir='ltr'><strong>in</strong></span> 
     </span>
    </p>
   </div>
   <div class='ocr_carea' id='block_1_53' title="bbox 237 4020 1796 4094">
    <p class='ocr_par' dir='ltr' id='par_1_53' title="bbox 237 4020 1796 4094">
     <span class='ocr_line' id='line_1_53' title="bbox 237 4020 1796 4094; baseline -0.004 -15"><span class='ocrx_word' id='word_1_374' title='bbox 237 4025 610 4088; x_wconf 84' lang='lat' dir='ltr'><strong>tabernaculo,</strong></span> <span class='ocrx_word' id='word_1_375' title='bbox 646 4026 698 4079; x_wconf 93' lang='lat' dir='ltr'><strong>in</strong></span> <span class='ocrx_word' id='word_1_376' title='bbox 724 4042 827 4094; x_wconf 93' lang='lat' dir='ltr'><strong>quo</strong></span> <span class='ocrx_word' id='word_1_377' title='bbox 865 4020 1169 4079; x_wconf 68' lang='lat' dir='ltr'><strong>lavarentur</strong></span> <span class='ocrx_word' id='word_1_378' title='bbox 1196 4027 1374 4076; x_wconf 77' lang='lat' dir='ltr'><strong>Aaron</strong></span> <span class='ocrx_word' id='word_1_379' title='bbox 1407 4020 1482 4094; x_wconf 69' lang='lat' dir='ltr'><strong>et</strong></span> <span class='ocrx_word' id='word_1_380' title='bbox 1509 4022 1598 4094; x_wconf 81' lang='lat' dir='ltr'><strong>lilii</strong></span> <span class='ocrx_word' id='word_1_381' title='bbox 1626 4020 1796 4094; x_wconf 88' lang='lat' dir='ltr'><strong>_ejus,</strong></span> 
     </span>
    </p>
   </div>
   <div class='ocr_carea' id='block_1_54' title="bbox 233 4089 1797 4163">
    <p class='ocr_par' dir='ltr' id='par_1_54' title="bbox 233 4089 1797 4163">
     <span class='ocr_line' id='line_1_54' title="bbox 233 4089 1797 4163; baseline -0.003 -15"><span class='ocrx_word' id='word_1_382' title='bbox 233 4110 360 4148; x_wconf 90' lang='lat' dir='ltr'><strong>cum</strong></span> <span class='ocrx_word' id='word_1_383' title='bbox 414 4089 815 4163; x_wconf 70' lang='lat' dir='ltr'><strong>ingrederentur</strong></span> <span class='ocrx_word' id='word_1_384' title='bbox 848 4100 1043 4148; x_wconf 71' lang='lat' dir='ltr'><strong>sancta</strong></span> <span class='ocrx_word' id='word_1_385' title='bbox 1084 4102 1411 4147; x_wconf 86' lang='lat' dir='ltr'><strong>sanctorum.</strong></span> <span class='ocrx_word' id='word_1_386' title='bbox 1451 4090 1557 4163; x_wconf 79' lang='lat' dir='ltr'><strong>sed</strong></span> <span class='ocrx_word' id='word_1_387' title='bbox 1607 4089 1797 4163; x_wconf 80' lang='lat' dir='ltr'><strong>dices:</strong></span> 
     </span>
    </p>
   </div>
   <div class='ocr_carea' id='block_1_55' title="bbox 233 4159 1798 4232">
    <p class='ocr_par' dir='ltr' id='par_1_55' title="bbox 233 4159 1798 4232">
     <span class='ocr_line' id='line_1_55' title="bbox 233 4159 1798 4232; baseline -0.003 -15"><span class='ocrx_word' id='word_1_388' title='bbox 233 4163 374 4230; x_wconf 84' lang='lat' dir='ltr'><strong>Quid</strong></span> <span class='ocrx_word' id='word_1_389' title='bbox 400 4159 495 4232; x_wconf 71' lang='lat' dir='ltr'><strong>per</strong></span> <span class='ocrx_word' id='word_1_390' title='bbox 517 4179 761 4229; x_wconf 79' lang='lat' dir='ltr'><strong>magnum</strong></span> <span class='ocrx_word' id='word_1_391' title='bbox 801 4163 1129 4217; x_wconf 84' lang='lat' dir='ltr'><strong>sacerdotem</strong></span> <span class='ocrx_word' id='word_1_392' title='bbox 1162 4163 1336 4216; x_wconf 83' lang='lat' dir='ltr'><strong>Aaron</strong></span> <span class='ocrx_word' id='word_1_393' title='bbox 1380 4161 1673 4232; x_wconf 79' lang='lat' dir='ltr'><strong>intelligere</strong></span> <span class='ocrx_word' id='word_1_394' title='bbox 1701 4159 1798 4214; x_wconf 89' lang='lat' dir='ltr'><strong>de-</strong></span> 
     </span>
    </p>
   </div>
   <div class='ocr_carea' id='block_1_56' title="bbox 233 4230 1798 4301">
    <p class='ocr_par' dir='ltr' id='par_1_56' title="bbox 233 4230 1798 4301">
     <span class='ocr_line' id='line_1_56' title="bbox 233 4230 1798 4301; baseline -0.003 -13"><span class='ocrx_word' id='word_1_395' title='bbox 233 4230 461 4288; x_wconf 80' lang='lat' dir='ltr'><strong>bemus?</strong></span> <span class='ocrx_word' id='word_1_396' title='bbox 490 4233 616 4288; x_wconf 92' lang='lat' dir='ltr'><strong>Dico</strong></span> <span class='ocrx_word' id='word_1_397' title='bbox 646 4234 786 4286; x_wconf 88' lang='lat' dir='ltr'><strong>enim</strong></span> <span class='ocrx_word' id='word_1_398' title='bbox 836 4233 1014 4296; x_wconf 90' lang='lat' dir='ltr'><strong>vobis,</strong></span> <span class='ocrx_word' id='word_1_399' title='bbox 1050 4232 1270 4295; x_wconf 82' lang='lat' dir='ltr'><strong>fratres,</strong></span> <span class='ocrx_word' id='word_1_400' title='bbox 1298 4231 1437 4301; x_wconf 92' lang='lat' dir='ltr'><strong>quod</strong></span> <span class='ocrx_word' id='word_1_401' title='bbox 1487 4245 1579 4298; x_wconf 87' lang='lat' dir='ltr'><strong>per</strong></span> <span class='ocrx_word' id='word_1_402' title='bbox 1618 4230 1798 4284; x_wconf 84' lang='lat' dir='ltr'><strong>Aaron</strong></span> 
     </span>
    </p>
   </div>
   <div class='ocr_carea' id='block_1_57' title="bbox 231 4301 1800 4370">
    <p class='ocr_par' dir='ltr' id='par_1_57' title="bbox 231 4301 1800 4370">
     <span class='ocr_line' id='line_1_57' title="bbox 231 4301 1800 4370; baseline -0.003 -14"><span class='ocrx_word' id='word_1_403' title='bbox 231 4316 502 4357; x_wconf 86' lang='lat' dir='ltr'><strong>summum</strong></span> <span class='ocrx_word' id='word_1_404' title='bbox 549 4302 878 4357; x_wconf 86' lang='lat' dir='ltr'><strong>sacerdotem</strong></span> <span class='ocrx_word' id='word_1_405' title='bbox 928 4303 1221 4370; x_wconf 80' lang='lat' dir='ltr'><strong>intelligere</strong></span> <span class='ocrx_word' id='word_1_406' title='bbox 1266 4301 1557 4365; x_wconf 85' lang='lat' dir='ltr'><strong>debemus,</strong></span> <span class='ocrx_word' id='word_1_407' title='bbox 1594 4308 1665 4370; x_wconf 12' lang='lat' dir='ltr'><strong>iet</strong></span> <span class='ocrx_word' id='word_1_408' title='bbox 1707 4313 1800 4367; x_wconf 87' lang='lat' dir='ltr'><strong>per</strong></span> 
     </span>
    </p>
   </div>
   <div class='ocr_carea' id='block_1_58' title="bbox 234 4369 1797 4442">
    <p class='ocr_par' dir='ltr' id='par_1_58' title="bbox 234 4369 1797 4442">
     <span class='ocr_line' id='line_1_58' title="bbox 234 4369 1797 4442; baseline -0.004 -15"><span class='ocrx_word' id='word_1_409' title='bbox 234 4373 376 4427; x_wconf 89' lang='lat' dir='ltr'><strong>ﬁlios</strong></span> <span class='ocrx_word' id='word_1_410' title='bbox 421 4373 535 4442; x_wconf 85' lang='lat' dir='ltr'><strong>ejus</strong></span> <span class='ocrx_word' id='word_1_411' title='bbox 583 4372 716 4425; x_wconf 90' lang='lat' dir='ltr'><strong>alios</strong></span> <span class='ocrx_word' id='word_1_412' title='bbox 759 4369 1346 4442; x_wconf 73' lang='lat' dir='ltr'><strong>sacerdotesininores</strong></span> <span class='ocrx_word' id='word_1_413' title='bbox 1387 4387 1400 4422; x_wconf 76' lang='grc' dir='ltr'>ε</span> <span class='ocrx_word' id='word_1_414' title='bbox 1446 4386 1542 4440; x_wconf 91' lang='lat' dir='ltr'><strong>per</strong></span> <span class='ocrx_word' id='word_1_415' title='bbox 1591 4369 1797 4422; x_wconf 86' lang='lat' dir='ltr'><strong>labrum</strong></span> 
     </span>
    </p>
   </div>
   <div class='ocr_carea' id='block_1_59' title="bbox 234 4440 1796 4511">
    <p class='ocr_par' dir='ltr' id='par_1_59' title="bbox 234 4440 1796 4511">
     <span class='ocr_line' id='line_1_59' title="bbox 234 4440 1796 4511; baseline -0.003 -14"><span class='ocrx_word' id='word_1_416' title='bbox 234 4440 460 4497; x_wconf 64' lang='lat' dir='ltr'><strong>aeneum</strong></span> <span class='ocrx_word' id='word_1_417' title='bbox 494 4444 660 4511; x_wconf 78' lang='lat' dir='ltr'><strong>legero</strong></span> <span class='ocrx_word' id='word_1_418' title='bbox 711 4442 913 4495; x_wconf 89' lang='lat' dir='ltr'><strong>Domini</strong></span> <span class='ocrx_word' id='word_1_419' title='bbox 947 4441 1208 4510; x_wconf 88' lang='lat' dir='ltr'><strong>intelligo,</strong></span> <span class='ocrx_word' id='word_1_420' title='bbox 1242 4440 1293 4494; x_wconf 91' lang='lat' dir='ltr'><strong>in</strong></span> <span class='ocrx_word' id='word_1_421' title='bbox 1333 4454 1441 4511; x_wconf 85' lang='lat' dir='ltr'><strong>qua</strong></span> <span class='ocrx_word' id='word_1_422' title='bbox 1475 4454 1660 4511; x_wconf 89' lang='lat' dir='ltr'><strong>omnes</strong></span> <span class='ocrx_word' id='word_1_423' title='bbox 1689 4447 1796 4511; x_wconf 82' lang='lat' dir='ltr'><strong>tam</strong></span> 
     </span>
    </p>
   </div>
   <div class='ocr_carea' id='block_1_60' title="bbox 231 4508 1800 4582">
    <p class='ocr_par' dir='ltr' id='par_1_60' title="bbox 231 4508 1800 4582">
     <span class='ocr_line' id='line_1_60' title="bbox 231 4508 1800 4582; baseline -0.003 -15"><span class='ocrx_word' id='word_1_424' title='bbox 231 4513 409 4582; x_wconf 86' lang='lat' dir='ltr'><strong>magni</strong></span> <span class='ocrx_word' id='word_1_425' title='bbox 435 4508 742 4568; x_wconf 71' lang='lat' dir='ltr'><strong>sacerdotes</strong></span> <span class='ocrx_word' id='word_1_426' title='bbox 767 4526 924 4580; x_wconf 89' lang='lat' dir='ltr'><strong>quam</strong></span> <span class='ocrx_word' id='word_1_427' title='bbox 966 4508 1383 4582; x_wconf 29' lang='lat' dir='ltr'><strong>parviistudere</strong></span> <span class='ocrx_word' id='word_1_428' title='bbox 1413 4509 1607 4564; x_wconf 87' lang='lat' dir='ltr'><strong>debent</strong></span> <span class='ocrx_word' id='word_1_429' title='bbox 1640 4518 1695 4563; x_wconf 91' lang='lat' dir='ltr'><strong>et</strong></span> <span class='ocrx_word' id='word_1_430' title='bbox 1721 4508 1800 4563; x_wconf 89' lang='lat' dir='ltr'><strong>le-</strong></span> 
     </span>
    </p>
   </div>
   <div class='ocr_carea' id='block_1_61' title="bbox 233 4579 1797 4650">
    <p class='ocr_par' dir='ltr' id='par_1_61' title="bbox 233 4579 1797 4650">
     <span class='ocr_line' id='line_1_61' title="bbox 233 4579 1797 4650; baseline -0.003 -13"><span class='ocrx_word' id='word_1_431' title='bbox 233 4579 409 4650; x_wconf 77' lang='lat' dir='ltr'><strong>gendo</strong></span> <span class='ocrx_word' id='word_1_432' title='bbox 433 4594 486 4636; x_wconf 86' lang='lat' dir='ltr'><strong>et</strong></span> <span class='ocrx_word' id='word_1_433' title='bbox 529 4579 864 4636; x_wconf 29' lang='lat' dir='ltr'><strong>docendo’et</strong></span> <span class='ocrx_word' id='word_1_434' title='bbox 891 4579 1054 4649; x_wconf 83' lang='lat' dir='ltr'><strong>opere</strong></span> <span class='ocrx_word' id='word_1_435' title='bbox 1084 4579 1423 4649; x_wconf 87' lang='lat' dir='ltr'><strong>adimplendo</strong></span> <span class='ocrx_word' id='word_1_436' title='bbox 1457 4597 1469 4633; x_wconf 88' lang='lat'><strong>:</strong></span> <span class='ocrx_word' id='word_1_437' title='bbox 1503 4595 1597 4648; x_wconf 90' lang='lat' dir='ltr'><strong>per</strong></span> <span class='ocrx_word' id='word_1_438' title='bbox 1638 4594 1797 4632; x_wconf 88' lang='lat' dir='ltr'><strong>mun-</strong></span> 
     </span>
    </p>
   </div>
   <div class='ocr_carea' id='block_1_62' title="bbox 235 4649 1797 4719">
    <p class='ocr_par' dir='ltr' id='par_1_62' title="bbox 235 4649 1797 4719">
     <span class='ocr_line' id='line_1_62' title="bbox 235 4649 1797 4719; baseline -0.002 -14"><span class='ocrx_word' id='word_1_439' title='bbox 235 4649 418 4706; x_wconf 82' lang='lat' dir='ltr'><strong>ditiam</strong></span> <span class='ocrx_word' id='word_1_440' title='bbox 446 4654 704 4719; x_wconf 87' lang='lat' dir='ltr'><strong>corporis,</strong></span> <span class='ocrx_word' id='word_1_441' title='bbox 759 4653 1220 4719; x_wconf 90' lang='lat' dir='ltr'><strong>compunctionem</strong></span> <span class='ocrx_word' id='word_1_442' title='bbox 1273 4649 1648 4719; x_wconf 66' lang='lat' dir='ltr'><strong>intelligamus,</strong></span> <span class='ocrx_word' id='word_1_443' title='bbox 1696 4663 1797 4716; x_wconf 86' lang='lat' dir='ltr'><strong>qua</strong></span> 
     </span>
    </p>
   </div>
   <div class='ocr_carea' id='block_1_63' title="bbox 235 4716 1794 4782">
    <p class='ocr_par' dir='ltr' id='par_1_63' title="bbox 235 4716 1794 4782">
     <span class='ocr_line' id='line_1_63' title="bbox 235 4716 1794 4782; baseline -0.002 -8"><span class='ocrx_word' id='word_1_444' title='bbox 235 4722 474 4774; x_wconf 85' lang='lat' dir='ltr'><strong>mandari</strong></span> <span class='ocrx_word' id='word_1_445' title='bbox 505 4716 778 4782; x_wconf 80' lang='lat' dir='ltr'><strong>debemus,</strong></span> <span class='ocrx_word' id='word_1_446' title='bbox 822 4716 969 4774; x_wconf 60' lang='lat' dir='ltr'><strong>ut&#39;ad</strong></span> <span class='ocrx_word' id='word_1_447' title='bbox 1013 4730 1195 4776; x_wconf 88' lang='lat' dir='ltr'><strong>sancta</strong></span> <span class='ocrx_word' id='word_1_448' title='bbox 1231 4716 1565 4782; x_wconf 89' lang='lat' dir='ltr'><strong>sanctorum,</strong></span> <span class='ocrx_word' id='word_1_449' title='bbox 1601 4716 1650 4770; x_wconf 88' lang='lat' dir='ltr'><strong>id</strong></span> <span class='ocrx_word' id='word_1_450' title='bbox 1680 4726 1794 4782; x_wconf 91' lang='lat' dir='ltr'><strong>est,</strong></span> 
     </span>
    </p>
   </div>
   <div class='ocr_carea' id='block_1_64' title="bbox 236 4788 1800 4858">
    <p class='ocr_par' dir='ltr' id='par_1_64' title="bbox 236 4788 1800 4858">
     <span class='ocr_line' id='line_1_64' title="bbox 236 4788 1800 4858; baseline -0.003 -14"><span class='ocrx_word' id='word_1_451' title='bbox 236 4790 305 4844; x_wconf 89' lang='lat' dir='ltr'><strong>ad</strong></span> <span class='ocrx_word' id='word_1_452' title='bbox 335 4799 533 4844; x_wconf 85' lang='lat' dir='ltr'><strong>secreta</strong></span> <span class='ocrx_word' id='word_1_453' title='bbox 567 4791 654 4858; x_wconf 76' lang='lat' dir='ltr'><strong>ltei</strong></span> <span class='ocrx_word' id='word_1_454' title='bbox 682 4799 734 4842; x_wconf 91' lang='lat' dir='ltr'><strong>et</strong></span> <span class='ocrx_word' id='word_1_455' title='bbox 771 4791 1146 4856; x_wconf 86' lang='lat' dir='ltr'><strong>scripturarum</strong></span> <span class='ocrx_word' id='word_1_456' title='bbox 1177 4788 1497 4858; x_wconf 89' lang='lat' dir='ltr'><strong>penetranda</strong></span> <span class='ocrx_word' id='word_1_457' title='bbox 1528 4802 1622 4855; x_wconf 93' lang='lat' dir='ltr'><strong>per</strong></span> <span class='ocrx_word' id='word_1_458' title='bbox 1654 4788 1800 4856; x_wconf 90' lang='lat' dir='ltr'><strong>puri-</strong></span> 
     </span>
    </p>
   </div>
   <div class='ocr_carea' id='block_1_65' title="bbox 235 4857 1795 4925">
    <p class='ocr_par' dir='ltr' id='par_1_65' title="bbox 235 4857 1795 4925">
     <span class='ocr_line' id='line_1_65' title="bbox 235 4857 1795 4925; baseline -0.002 -12"><span class='ocrx_word' id='word_1_459' title='bbox 235 4860 533 4913; x_wconf 83' lang='lat' dir='ltr'><strong>ficationem</strong></span> <span class='ocrx_word' id='word_1_460' title='bbox 580 4857 719 4925; x_wconf 79' lang='lat' dir='ltr'><strong>digni</strong></span> <span class='ocrx_word' id='word_1_461' title='bbox 763 4859 1109 4911; x_wconf 82' lang='lat' dir='ltr'><strong>inveniamur.</strong></span> <span class='ocrx_word' id='word_1_462' title='bbox 1140 4857 1207 4912; x_wconf 90' lang='lat' dir='ltr'><strong>Et</strong></span> <span class='ocrx_word' id='word_1_463' title='bbox 1235 4861 1387 4924; x_wconf 85' lang='lat' dir='ltr'><strong>ideo,</strong></span> <span class='ocrx_word' id='word_1_464' title='bbox 1423 4858 1611 4912; x_wconf 80' lang='lat' dir='ltr'><strong>fratres</strong></span> <span class='ocrx_word' id='word_1_465' title='bbox 1658 4857 1795 4920; x_wconf 87' lang='lat' dir='ltr'><strong>mei,</strong></span> 
     </span>
    </p>
   </div>
   <div class='ocr_carea' id='block_1_66' title="bbox 233 4927 1804 4996">
    <p class='ocr_par' dir='ltr' id='par_1_66' title="bbox 233 4927 1804 4996">
     <span class='ocr_line' id='line_1_66' title="bbox 233 4927 1804 4996; baseline -0.002 -15"><span class='ocrx_word' id='word_1_466' title='bbox 233 4929 493 4983; x_wconf 87' lang='lat' dir='ltr'><strong>attendite</strong></span> <span class='ocrx_word' id='word_1_467' title='bbox 531 4938 586 4982; x_wconf 91' lang='lat' dir='ltr'><strong>et</strong></span> <span class='ocrx_word' id='word_1_468' title='bbox 611 4927 943 4980; x_wconf 82' lang='lat' dir='ltr'><strong>considerate</strong></span> <span class='ocrx_word' id='word_1_469' title='bbox 985 4928 1124 4993; x_wconf 83' lang='lat' dir='ltr'><strong>quod</strong></span> <span class='ocrx_word' id='word_1_470' title='bbox 1150 4942 1242 4980; x_wconf 89' lang='lat' dir='ltr'><strong>vas</strong></span> <span class='ocrx_word' id='word_1_471' title='bbox 1272 4937 1510 4996; x_wconf 90' lang='lat' dir='ltr'><strong>paratum</strong></span> <span class='ocrx_word' id='word_1_472' title='bbox 1543 4927 1804 4996; x_wconf 88' lang='lat' dir='ltr'><strong>habemus</strong></span> 
     </span>
    </p>
   </div>
   <div class='ocr_carea' id='block_1_67' title="bbox 237 4995 1800 5066">
    <p class='ocr_par' dir='ltr' id='par_1_67' title="bbox 237 4995 1800 5066">
     <span class='ocr_line' id='line_1_67' title="bbox 237 4995 1800 5066; baseline -0.002 -14"><span class='ocrx_word' id='word_1_473' title='bbox 237 4998 291 5052; x_wconf 90' lang='lat' dir='ltr'><strong>in</strong></span> <span class='ocrx_word' id='word_1_474' title='bbox 318 5014 422 5066; x_wconf 82' lang='lat' dir='ltr'><strong>quo</strong></span> <span class='ocrx_word' id='word_1_475' title='bbox 458 5005 669 5066; x_wconf 83' lang='lat' dir='ltr'><strong>Oportet</strong></span> <span class='ocrx_word' id='word_1_476' title='bbox 692 4997 882 5049; x_wconf 65' lang='lat' dir='ltr'><strong>mentis</strong></span> <span class='ocrx_word' id='word_1_477' title='bbox 910 4996 1196 5066; x_wconf 72' lang='lat' dir='ltr'><strong>fmditatem</strong></span> <span class='ocrx_word' id='word_1_478' title='bbox 1225 4995 1437 5066; x_wconf 87' lang='lat' dir='ltr'><strong>abluere</strong></span> <span class='ocrx_word' id='word_1_479' title='bbox 1456 5037 1471 5058; x_wconf 91' lang='lat'><strong>,</strong></span> <span class='ocrx_word' id='word_1_480' title='bbox 1503 5006 1557 5050; x_wconf 87' lang='lat' dir='ltr'><strong>et</strong></span> <span class='ocrx_word' id='word_1_481' title='bbox 1589 4995 1800 5049; x_wconf 80' lang='lat' dir='ltr'><strong>mundi-</strong></span> 
     </span>
    </p>
   </div>
   <div class='ocr_carea' id='block_1_68' title="bbox 237 5064 1802 5132">
    <p class='ocr_par' dir='ltr' id='par_1_68' title="bbox 237 5064 1802 5132">
     <span class='ocr_line' id='line_1_68' title="bbox 237 5064 1802 5132; baseline -0.001 -12"><span class='ocrx_word' id='word_1_482' title='bbox 237 5064 362 5122; x_wconf 71' lang='lat' dir='ltr'><strong>tiam</strong></span> <span class='ocrx_word' id='word_1_483' title='bbox 392 5064 649 5122; x_wconf 75' lang='lat' dir='ltr'><strong>menisin</strong></span> <span class='ocrx_word' id='word_1_484' title='bbox 671 5081 736 5119; x_wconf 91' lang='lat' dir='ltr'><strong>eo</strong></span> <span class='ocrx_word' id='word_1_485' title='bbox 754 5079 1071 5132; x_wconf 83' lang='lat' dir='ltr'><strong>praeparare.</strong></span> <span class='ocrx_word' id='word_1_486' title='bbox 1103 5064 1241 5118; x_wconf 86' lang='lat' dir='ltr'><strong>Ecce</strong></span> <span class='ocrx_word' id='word_1_487' title='bbox 1257 5065 1397 5118; x_wconf 88' lang='lat' dir='ltr'><strong>enim</strong></span> <span class='ocrx_word' id='word_1_488' title='bbox 1428 5065 1510 5118; x_wconf 86' lang='lat' dir='ltr'><strong>lex</strong></span> <span class='ocrx_word' id='word_1_489' title='bbox 1538 5074 1717 5118; x_wconf 83' lang='lat' dir='ltr'><strong>sancta</strong></span> <span class='ocrx_word' id='word_1_490' title='bbox 1745 5073 1802 5119; x_wconf 89' lang='lat' dir='ltr'><strong>et</strong></span> 
     </span>
    </p>
   </div>
   <div class='ocr_carea' id='block_1_69' title="bbox 234 5132 1796 5206">
    <p class='ocr_par' dir='ltr' id='par_1_69' title="bbox 234 5132 1796 5206">
     <span class='ocr_line' id='line_1_69' title="bbox 234 5132 1796 5206; baseline -0.004 -14"><span class='ocrx_word' id='word_1_491' title='bbox 234 5137 507 5206; x_wconf 81' lang='lat' dir='ltr'><strong>Scriptura</strong></span> <span class='ocrx_word' id='word_1_492' title='bbox 536 5136 867 5206; x_wconf 81' lang='lat' dir='ltr'><strong>immaculata</strong></span> <span class='ocrx_word' id='word_1_493' title='bbox 900 5144 1207 5206; x_wconf 78' lang='lat' dir='ltr'><strong>parataest,</strong></span> <span class='ocrx_word' id='word_1_494' title='bbox 1230 5143 1287 5186; x_wconf 91' lang='lat' dir='ltr'><strong>ut</strong></span> <span class='ocrx_word' id='word_1_495' title='bbox 1312 5134 1592 5188; x_wconf 88' lang='lat' dir='ltr'><strong>virtutibus</strong></span> <span class='ocrx_word' id='word_1_496' title='bbox 1617 5132 1796 5206; x_wconf 86' lang='lat' dir='ltr'><strong>de_co-</strong></span> 
     </span>
    </p>
   </div>
   <div class='ocr_carea' id='block_1_70' title="bbox 236 5202 1797 5272">
    <p class='ocr_par' dir='ltr' id='par_1_70' title="bbox 236 5202 1797 5272">
     <span class='ocr_line' id='line_1_70' title="bbox 236 5202 1797 5272; baseline -0.003 -13"><span class='ocrx_word' id='word_1_497' title='bbox 236 5202 433 5261; x_wconf 86' lang='lat' dir='ltr'><strong>remur.</strong></span> <span class='ocrx_word' id='word_1_498' title='bbox 466 5208 569 5263; x_wconf 89' lang='lat' dir='ltr'><strong>Sed</strong></span> <span class='ocrx_word' id='word_1_499' title='bbox 619 5223 695 5260; x_wconf 83' lang='lat' dir='ltr'><strong>vae</strong></span> <span class='ocrx_word' id='word_1_500' title='bbox 726 5202 916 5263; x_wconf 82' lang='lat' dir='ltr'><strong>nobis,</strong></span> <span class='ocrx_word' id='word_1_501' title='bbox 953 5204 1041 5272; x_wconf 87' lang='lat' dir='ltr'><strong>qui</strong></span> <span class='ocrx_word' id='word_1_502' title='bbox 1069 5203 1324 5257; x_wconf 89' lang='lat' dir='ltr'><strong>debemus</strong></span> <span class='ocrx_word' id='word_1_503' title='bbox 1349 5218 1467 5257; x_wconf 86' lang='lat' dir='ltr'><strong>esse</strong></span> <span class='ocrx_word' id='word_1_504' title='bbox 1497 5202 1797 5272; x_wconf 81' lang='lat' dir='ltr'><strong>exemplum</strong></span> 
     </span>
    </p>
   </div>
   <div class='ocr_carea' id='block_1_71' title="bbox 235 5270 1802 5340">
    <p class='ocr_par' dir='ltr' id='par_1_71' title="bbox 235 5270 1802 5340">
     <span class='ocr_line' id='line_1_71' title="bbox 235 5270 1802 5340; baseline -0.003 -10"><span class='ocrx_word' id='word_1_505' title='bbox 235 5279 575 5331; x_wconf 73' lang='lat' dir='ltr'><strong>correctionis</strong></span> <span class='ocrx_word' id='word_1_506' title='bbox 593 5319 606 5340; x_wconf 92' lang='lat'><strong>,</strong></span> <span class='ocrx_word' id='word_1_507' title='bbox 639 5285 692 5331; x_wconf 91' lang='lat' dir='ltr'><strong>et</strong></span> <span class='ocrx_word' id='word_1_508' title='bbox 716 5289 840 5329; x_wconf 89' lang='lat' dir='ltr'><strong>ecce</strong></span> <span class='ocrx_word' id='word_1_509' title='bbox 862 5270 1045 5327; x_wconf 76' lang='lat' dir='ltr'><strong>sumus</strong></span> <span class='ocrx_word' id='word_1_510' title='bbox 1079 5273 1384 5340; x_wconf 88' lang='lat' dir='ltr'><strong>exemplum</strong></span> <span class='ocrx_word' id='word_1_511' title='bbox 1413 5272 1628 5326; x_wconf 89' lang='lat' dir='ltr'><strong>erroris.</strong></span> <span class='ocrx_word' id='word_1_512' title='bbox 1653 5270 1802 5328; x_wconf 85' lang='lat' dir='ltr'><strong>Unde</strong></span> 
     </span>
    </p>
   </div>
   <div class='ocr_carea' id='block_1_72' title="bbox 236 5341 1801 5414">
    <p class='ocr_par' dir='ltr' id='par_1_72' title="bbox 236 5341 1801 5414">
     <span class='ocr_line' id='line_1_72' title="bbox 236 5341 1801 5414; baseline -0.002 -16"><span class='ocrx_word' id='word_1_513' title='bbox 236 5346 358 5407; x_wconf 86' lang='lat' dir='ltr'><strong>hoc,</strong></span> <span class='ocrx_word' id='word_1_514' title='bbox 389 5347 485 5400; x_wconf 84' lang='lat' dir='ltr'><strong>nisi</strong></span> <span class='ocrx_word' id='word_1_515' title='bbox 516 5346 633 5414; x_wconf 88' lang='lat' dir='ltr'><strong>quia</strong></span> <span class='ocrx_word' id='word_1_516' title='bbox 673 5345 800 5400; x_wconf 69' lang='lat' dir='ltr'><strong>caeci</strong></span> <span class='ocrx_word' id='word_1_517' title='bbox 847 5359 1051 5405; x_wconf 84' lang='lat' dir='ltr'><strong>smnus,</strong></span> <span class='ocrx_word' id='word_1_518' title='bbox 1098 5352 1150 5397; x_wconf 89' lang='lat' dir='ltr'><strong>et</strong></span> <span class='ocrx_word' id='word_1_519' title='bbox 1180 5342 1355 5395; x_wconf 75' lang='lat' dir='ltr'><strong>idiota:</strong></span> <span class='ocrx_word' id='word_1_520' title='bbox 1386 5341 1689 5414; x_wconf 80' lang='lat' dir='ltr'><strong>ignorantes</strong></span> <span class='ocrx_word' id='word_1_521' title='bbox 1721 5342 1801 5396; x_wconf 90' lang='lat' dir='ltr'><strong>le-</strong></span> 
     </span>
    </p>
   </div>
   <div class='ocr_carea' id='block_1_73' title="bbox 234 5410 1798 5484">
    <p class='ocr_par' dir='ltr' id='par_1_73' title="bbox 234 5410 1798 5484">
     <span class='ocr_line' id='line_1_73' title="bbox 234 5410 1798 5484; baseline -0.004 -15"><span class='ocrx_word' id='word_1_522' title='bbox 234 5430 375 5484; x_wconf 86' lang='lat' dir='ltr'><strong>gem,</strong></span> <span class='ocrx_word' id='word_1_523' title='bbox 404 5425 458 5471; x_wconf 87' lang='lat' dir='ltr'><strong>et</strong></span> <span class='ocrx_word' id='word_1_524' title='bbox 481 5410 597 5468; x_wconf 78' lang='lat' dir='ltr'><strong>eam</strong></span> <span class='ocrx_word' id='word_1_525' title='bbox 632 5416 805 5484; x_wconf 84' lang='lat' dir='ltr'><strong>legere</strong></span> <span class='ocrx_word' id='word_1_526' title='bbox 834 5413 1163 5476; x_wconf 79' lang='lat' dir='ltr'><strong>fastidimus;</strong></span> <span class='ocrx_word' id='word_1_527' title='bbox 1195 5420 1248 5466; x_wconf 94' lang='lat' dir='ltr'><strong>et</strong></span> <span class='ocrx_word' id='word_1_528' title='bbox 1276 5410 1798 5484; x_wconf 40' lang='lat' dir='ltr'><strong>tamenucathedram</strong></span> 
     </span>
    </p>
   </div>
   <div class='ocr_carea' id='block_1_74' title="bbox 238 5480 1799 5551">
    <p class='ocr_par' dir='ltr' id='par_1_74' title="bbox 238 5480 1799 5551">
     <span class='ocr_line' id='line_1_74' title="bbox 238 5480 1799 5551; baseline -0.003 -13"><span class='ocrx_word' id='word_1_529' title='bbox 238 5480 438 5549; x_wconf 75' lang='lat' dir='ltr'><strong>icnere,</strong></span> <span class='ocrx_word' id='word_1_530' title='bbox 470 5492 525 5538; x_wconf 91' lang='lat' dir='ltr'><strong>et</strong></span> <span class='ocrx_word' id='word_1_531' title='bbox 551 5480 842 5537; x_wconf 71' lang='lat' dir='ltr'><strong>animarum</strong></span> <span class='ocrx_word' id='word_1_532' title='bbox 873 5499 1053 5539; x_wconf 90' lang='lat' dir='ltr'><strong>curam</strong></span> <span class='ocrx_word' id='word_1_533' title='bbox 1078 5497 1268 5551; x_wconf 88' lang='lat' dir='ltr'><strong>gerere</strong></span> <span class='ocrx_word' id='word_1_534' title='bbox 1288 5480 1523 5549; x_wconf 87' lang='lat' dir='ltr'><strong>quotidie</strong></span> <span class='ocrx_word' id='word_1_535' title='bbox 1546 5494 1799 5551; x_wconf 84' lang='lat' dir='ltr'><strong>procura-</strong></span> 
     </span>
    </p>
   </div>
   <div class='ocr_carea' id='block_1_75' title="bbox 239 5495 1801 5623">
    <p class='ocr_par' dir='ltr' id='par_1_75' title="bbox 239 5495 1801 5623">
     <span class='ocr_line' id='line_1_75' title="bbox 239 5495 1799 5551; baseline -0.003 -13"><span class='ocrx_word' id='word_1_536' title='bbox 239 5495 438 5549; x_wconf 88' lang='lat' dir='ltr'><strong>tcnere,</strong></span> <span class='ocrx_word' id='word_1_537' title='bbox 470 5495 525 5538; x_wconf 89' lang='lat' dir='ltr'><strong>et</strong></span> <span class='ocrx_word' id='word_1_538' title='bbox 551 5500 842 5537; x_wconf 88' lang='lat' dir='ltr'><strong>ammarum</strong></span> <span class='ocrx_word' id='word_1_539' title='bbox 873 5499 1053 5539; x_wconf 89' lang='lat' dir='ltr'><strong>curam</strong></span> <span class='ocrx_word' id='word_1_540' title='bbox 1078 5497 1268 5551; x_wconf 88' lang='lat' dir='ltr'><strong>gerere</strong></span> <span class='ocrx_word' id='word_1_541' title='bbox 1288 5495 1523 5549; x_wconf 75' lang='lat' dir='ltr'><strong>quonone</strong></span> <span class='ocrx_word' id='word_1_542' title='bbox 1583 5495 1799 5534; x_wconf 86' lang='lat' dir='ltr'><strong>recura-</strong></span> 
     </span>
     <span class='ocr_line' id='line_1_76' title="bbox 239 5495 1801 5623; baseline -0.003 -17"><span class='ocrx_word' id='word_1_543' title='bbox 239 5555 394 5607; x_wconf 84' lang='lat' dir='ltr'><strong>mus?</strong></span> <span class='ocrx_word' id='word_1_544' title='bbox 432 5554 566 5619; x_wconf 85' lang='lat' dir='ltr'><strong>Quid</strong></span> <span class='ocrx_word' id='word_1_545' title='bbox 591 5569 720 5623; x_wconf 90' lang='lat' dir='ltr'><strong>ergo</strong></span> <span class='ocrx_word' id='word_1_546' title='bbox 748 5555 962 5619; x_wconf 91' lang='lat' dir='ltr'><strong>mirum,</strong></span> <span class='ocrx_word' id='word_1_547' title='bbox 992 5554 1034 5607; x_wconf 93' lang='lat' dir='ltr'><strong>si</strong></span> <span class='ocrx_word' id='word_1_548' title='bbox 1058 5552 1197 5606; x_wconf 88' lang='lat' dir='ltr'><strong>cadit</strong></span> <span class='ocrx_word' id='word_1_549' title='bbox 1225 5550 1513 5623; x_wconf 73' lang='lat' dir='ltr'><strong>sacerdos?</strong></span> <span class='ocrx_word' id='word_1_550' title='bbox 1538 5495 1674 5617; x_wconf 58' lang='lat' dir='ltr'><strong>auiti</strong></span> <span class='ocrx_word' id='word_1_551' title='bbox 1696 5550 1801 5623; x_wconf 45' lang='lat' dir='ltr'><strong>mi-f</strong></span> 
     </span>
    </p>
   </div>
   <div class='ocr_carea' id='block_1_76' title="bbox 236 5619 1803 5692">
    <p class='ocr_par' dir='ltr' id='par_1_76' title="bbox 236 5619 1803 5692">
     <span class='ocr_line' id='line_1_77' title="bbox 236 5619 1803 5692; baseline -0.001 -15"><span class='ocrx_word' id='word_1_552' title='bbox 236 5638 352 5677; x_wconf 88' lang='lat' dir='ltr'><strong>rum</strong></span> <span class='ocrx_word' id='word_1_553' title='bbox 374 5665 387 5688; x_wconf 92' lang='lat'><strong>,</strong></span> <span class='ocrx_word' id='word_1_554' title='bbox 419 5624 464 5678; x_wconf 90' lang='lat' dir='ltr'><strong>si</strong></span> <span class='ocrx_word' id='word_1_555' title='bbox 495 5639 598 5677; x_wconf 91' lang='lat' dir='ltr'><strong>non</strong></span> <span class='ocrx_word' id='word_1_556' title='bbox 642 5619 881 5677; x_wconf 79' lang='lat' dir='ltr'><strong>sublevat</strong></span> <span class='ocrx_word' id='word_1_557' title='bbox 907 5621 1306 5692; x_wconf 82' lang='lat' dir='ltr'><strong>delinquentes?</strong></span> <span class='ocrx_word' id='word_1_558' title='bbox 1332 5619 1469 5692; x_wconf 85' lang='lat' dir='ltr'><strong>Quid</strong></span> <span class='ocrx_word' id='word_1_559' title='bbox 1498 5622 1688 5692; x_wconf 84' lang='lat' dir='ltr'><strong>mirum</strong></span> <span class='ocrx_word' id='word_1_560' title='bbox 1708 5620 1803 5692; x_wconf 89' lang='lat' dir='ltr'><strong>,_si</strong></span> 
     </span>
    </p>
   </div>
   <div class='ocr_carea' id='block_1_77' title="bbox 235 5689 1796 5763">
    <p class='ocr_par' dir='ltr' id='par_1_77' title="bbox 235 5689 1796 5763">
     <span class='ocr_line' id='line_1_78' title="bbox 235 5689 1796 5763; baseline -0.001 -18"><span class='ocrx_word' id='word_1_561' title='bbox 235 5693 341 5747; x_wconf 86' lang='lat' dir='ltr'><strong>dux</strong></span> <span class='ocrx_word' id='word_1_562' title='bbox 379 5708 648 5749; x_wconf 80' lang='lat' dir='ltr'><strong>caecorum</strong></span> <span class='ocrx_word' id='word_1_563' title='bbox 679 5693 796 5747; x_wconf 88' lang='lat' dir='ltr'><strong>est?</strong></span> <span class='ocrx_word' id='word_1_564' title='bbox 824 5692 958 5747; x_wconf 81' lang='lat' dir='ltr'><strong>Ecce</strong></span> <span class='ocrx_word' id='word_1_565' title='bbox 1002 5689 1169 5763; x_wconf 77' lang='lat' dir='ltr'><strong>legem</strong></span> <span class='ocrx_word' id='word_1_566' title='bbox 1200 5691 1427 5763; x_wconf 82' lang='lat' dir='ltr'><strong>Domini</strong></span> <span class='ocrx_word' id='word_1_567' title='bbox 1448 5689 1796 5763; x_wconf 85' lang='lat' dir='ltr'><strong>conculcavit,</strong></span> 
     </span>
    </p>
   </div>
   <div class='ocr_carea' id='block_1_78' title="bbox 237 5760 1793 5836">
    <p class='ocr_par' dir='ltr' id='par_1_78' title="bbox 237 5760 1793 5836">
     <span class='ocr_line' id='line_1_79' title="bbox 237 5760 1793 5836; baseline 0.001 -20"><span class='ocrx_word' id='word_1_568' title='bbox 237 5764 475 5836; x_wconf 74' lang='lat' dir='ltr'><strong>despexit</strong></span> <span class='ocrx_word' id='word_1_569' title='bbox 502 5781 619 5821; x_wconf 88' lang='lat' dir='ltr'><strong>eam</strong></span> <span class='ocrx_word' id='word_1_570' title='bbox 645 5776 700 5819; x_wconf 89' lang='lat' dir='ltr'><strong>ut</strong></span> <span class='ocrx_word' id='word_1_571' title='bbox 725 5771 970 5819; x_wconf 86' lang='lat' dir='ltr'><strong>mortem.</strong></span> <span class='ocrx_word' id='word_1_572' title='bbox 994 5760 1097 5820; x_wconf 75' lang='lat' dir='ltr'><strong>Sed</strong></span> <span class='ocrx_word' id='word_1_573' title='bbox 1123 5761 1250 5834; x_wconf 88' lang='lat' dir='ltr'><strong>quid</strong></span> <span class='ocrx_word' id='word_1_574' title='bbox 1273 5761 1495 5819; x_wconf 82' lang='lat' dir='ltr'><strong>dilexit?</strong></span> <span class='ocrx_word' id='word_1_575' title='bbox 1519 5760 1644 5832; x_wconf 87' lang='lat' dir='ltr'><strong>quid</strong></span> <span class='ocrx_word' id='word_1_576' title='bbox 1671 5774 1793 5831; x_wconf 88' lang='lat' dir='ltr'><strong>pro-</strong></span> 
     </span>
    </p>
   </div>
   <div class='ocr_carea' id='block_1_79' title="bbox 1152 352 2502 423">
    <p class='ocr_par' dir='ltr' id='par_1_79' title="bbox 1152 352 2502 423">
     <span class='ocr_line' id='line_1_80' title="bbox 1152 352 2502 423; baseline 0.007 -12"><span class='ocrx_word' id='word_1_577' title='bbox 1152 353 1246 411; x_wconf 79' lang='lat' dir='ltr'><strong>AD</strong></span> <span class='ocrx_word' id='word_1_578' title='bbox 1281 353 1598 411; x_wconf 80' lang='lat' dir='ltr'><strong>FRATRES</strong></span> <span class='ocrx_word' id='word_1_579' title='bbox 1633 352 1702 410; x_wconf 84' lang='lat' dir='ltr'><strong>1N</strong></span> <span class='ocrx_word' id='word_1_580' title='bbox 1728 355 1963 418; x_wconf 80' lang='lat' dir='ltr'><strong>EREMO</strong></span> <span class='ocrx_word' id='word_1_581' title='bbox 1998 360 2225 423; x_wconf 80' lang='lat' dir='ltr'><strong>SERMO</strong></span> <span class='ocrx_word' id='word_1_582' title='bbox 2260 364 2502 422; x_wconf 83' lang='lat' dir='ltr'><strong>XXXIX.</strong></span> 
     </span>
    </p>
   </div>
   <div class='ocr_carea' id='block_1_80' title="bbox 3363 375 3499 434">
    <p class='ocr_par' dir='ltr' id='par_1_80' title="bbox 3363 375 3499 434">
     <span class='ocr_line' id='line_1_81' title="bbox 3363 375 3499 434; baseline 0 0"><span class='ocrx_word' id='word_1_583' title='bbox 3363 375 3499 434; x_wconf 73' lang='grc'><strong>1306</strong></span> 
     </span>
    </p>
   </div>
   <div class='ocr_carea' id='block_1_81' title="bbox 1919 479 3496 552">
    <p class='ocr_par' dir='ltr' id='par_1_81' title="bbox 1919 479 3496 552">
     <span class='ocr_line' id='line_1_82' title="bbox 1919 479 3496 552; baseline 0.013 -22"><span class='ocrx_word' id='word_1_584' title='bbox 1919 479 2157 552; x_wconf 71' lang='lat' dir='ltr'><strong>curavit?</strong></span> <span class='ocrx_word' id='word_1_585' title='bbox 2204 480 2329 550; x_wconf 89' lang='lat' dir='ltr'><strong>quid</strong></span> <span class='ocrx_word' id='word_1_586' title='bbox 2377 489 2489 536; x_wconf 90' lang='lat' dir='ltr'><strong>toto</strong></span> <span class='ocrx_word' id='word_1_587' title='bbox 2516 481 2705 539; x_wconf 83' lang='lat' dir='ltr'><strong>affectu</strong></span> <span class='ocrx_word' id='word_1_588' title='bbox 2752 487 3093 552; x_wconf 70' lang='lat' dir='ltr'><strong>concupivit?</strong></span> <span class='ocrx_word' id='word_1_589' title='bbox 3139 489 3372 548; x_wconf 85' lang='lat' dir='ltr'><strong>Uxorem</strong></span> <span class='ocrx_word' id='word_1_590' title='bbox 3411 495 3496 550; x_wconf 89' lang='lat' dir='ltr'><strong>vel</strong></span> 
     </span>
    </p>
   </div>
   <div class='ocr_carea' id='block_1_82' title="bbox 1913 548 3497 629">
    <p class='ocr_par' dir='ltr' id='par_1_82' title="bbox 1913 548 3497 629">
     <span class='ocr_line' id='line_1_83' title="bbox 1913 548 3497 629; baseline 0.011 -29"><span class='ocrx_word' id='word_1_591' title='bbox 1913 548 2265 629; x_wconf 75' lang='lat' dir='ltr'><strong>concubinam</strong></span> <span class='ocrx_word' id='word_1_592' title='bbox 2285 561 2438 605; x_wconf 88' lang='lat' dir='ltr'><strong>caute</strong></span> <span class='ocrx_word' id='word_1_593' title='bbox 2462 561 2661 617; x_wconf 89' lang='lat' dir='ltr'><strong>tenere,</strong></span> <span class='ocrx_word' id='word_1_594' title='bbox 2684 569 2850 629; x_wconf 84' lang='lat' dir='ltr'><strong>equos</strong></span> <span class='ocrx_word' id='word_1_595' title='bbox 2873 548 3015 612; x_wconf 81' lang='lat' dir='ltr'><strong>velut</strong></span> <span class='ocrx_word' id='word_1_596' title='bbox 3042 561 3193 614; x_wconf 88' lang='lat' dir='ltr'><strong>miles</strong></span> <span class='ocrx_word' id='word_1_597' title='bbox 3214 564 3265 616; x_wconf 90' lang='lat' dir='ltr'><strong>in</strong></span> <span class='ocrx_word' id='word_1_598' title='bbox 3292 548 3497 617; x_wconf 81' lang='lat' dir='ltr'><strong>stabulo</strong></span> 
     </span>
    </p>
   </div>
   <div class='ocr_carea' id='block_1_83' title="bbox 1918 619 3495 699">
    <p class='ocr_par' dir='ltr' id='par_1_83' title="bbox 1918 619 3495 699">
     <span class='ocr_line' id='line_1_84' title="bbox 1918 619 3495 699; baseline 0.013 -32"><span class='ocrx_word' id='word_1_599' title='bbox 1918 619 2220 699; x_wconf 82' lang='lat' dir='ltr'><strong>possidere,</strong></span> <span class='ocrx_word' id='word_1_600' title='bbox 2274 635 2433 676; x_wconf 89' lang='lat' dir='ltr'><strong>canes</strong></span> <span class='ocrx_word' id='word_1_601' title='bbox 2477 637 2574 691; x_wconf 90' lang='lat' dir='ltr'><strong>pro</strong></span> <span class='ocrx_word' id='word_1_602' title='bbox 2612 619 2900 699; x_wconf 71' lang='lat' dir='ltr'><strong>venatione</strong></span> <span class='ocrx_word' id='word_1_603' title='bbox 2945 630 3164 691; x_wconf 88' lang='lat' dir='ltr'><strong>tnttrire,</strong></span> <span class='ocrx_word' id='word_1_604' title='bbox 3212 633 3495 699; x_wconf 76' lang='lat' dir='ltr'><strong>accipitres</strong></span> 
     </span>
    </p>
   </div>
   <div class='ocr_carea' id='block_1_84' title="bbox 1915 688 3493 768">
    <p class='ocr_par' dir='ltr' id='par_1_84' title="bbox 1915 688 3493 768">
     <span class='ocr_line' id='line_1_85' title="bbox 1915 688 3493 768; baseline 0.01 -28"><span class='ocrx_word' id='word_1_605' title='bbox 1915 688 2185 768; x_wconf 76' lang='lat' dir='ltr'><strong>custodire</strong></span> <span class='ocrx_word' id='word_1_606' title='bbox 2219 708 2232 743; x_wconf 88' lang='lat'><strong>:</strong></span> <span class='ocrx_word' id='word_1_607' title='bbox 2265 699 2318 743; x_wconf 91' lang='lat' dir='ltr'><strong>et</strong></span> <span class='ocrx_word' id='word_1_608' title='bbox 2345 688 2518 768; x_wconf 81' lang='lat' dir='ltr'><strong>tamen</strong></span> <span class='ocrx_word' id='word_1_609' title='bbox 2545 694 2687 768; x_wconf 67' lang='lat' dir='ltr'><strong>velut</strong></span> <span class='ocrx_word' id='word_1_610' title='bbox 2712 711 2880 768; x_wconf 84' lang='lat' dir='ltr'><strong>equus</strong></span> <span class='ocrx_word' id='word_1_611' title='bbox 2907 707 2959 749; x_wconf 90' lang='lat' dir='ltr'><strong>et</strong></span> <span class='ocrx_word' id='word_1_612' title='bbox 2979 688 3366 767; x_wconf 40' lang='lat' dir='ltr'><strong>mulus&#39;quibu&#39;s</strong></span> <span class='ocrx_word' id='word_1_613' title='bbox 3388 717 3493 756; x_wconf 92' lang='lat' dir='ltr'><strong>non</strong></span> 
     </span>
    </p>
   </div>
   <div class='ocr_carea' id='block_1_85' title="bbox 1915 759 3495 836">
    <p class='ocr_par' dir='ltr' id='par_1_85' title="bbox 1915 759 3495 836">
     <span class='ocr_line' id='line_1_86' title="bbox 1915 759 3495 836; baseline 0.011 -27"><span class='ocrx_word' id='word_1_614' title='bbox 1915 765 1999 836; x_wconf 75' lang='lat' dir='ltr'><strong>est</strong></span> <span class='ocrx_word' id='word_1_615' title='bbox 2027 759 2341 836; x_wconf 64' lang='lat' dir='ltr'><strong>intellectus.</strong></span> <span class='ocrx_word' id='word_1_616' title='bbox 2369 762 2514 836; x_wconf 82' lang='lat' dir='ltr'><strong>cupit</strong></span> <span class='ocrx_word' id='word_1_617' title='bbox 2544 759 2789 836; x_wconf 69' lang='lat' dir='ltr'><strong>honorari</strong></span> <span class='ocrx_word' id='word_1_618' title='bbox 2834 766 2887 818; x_wconf 92' lang='lat' dir='ltr'><strong>in</strong></span> <span class='ocrx_word' id='word_1_619' title='bbox 2914 768 3082 821; x_wconf 75' lang='lat' dir='ltr'><strong>cmnis</strong></span> <span class='ocrx_word' id='word_1_620' title='bbox 3102 809 3117 831; x_wconf 87' lang='lat'><strong>,</strong></span> <span class='ocrx_word' id='word_1_621' title='bbox 3151 759 3207 821; x_wconf 76' lang='lat' dir='ltr'><strong>et</strong></span> <span class='ocrx_word' id='word_1_622' title='bbox 3230 771 3296 823; x_wconf 89' lang='lat' dir='ltr'><strong>ab</strong></span> <span class='ocrx_word' id='word_1_623' title='bbox 3322 771 3495 825; x_wconf 89' lang='lat' dir='ltr'><strong>homi-</strong></span> 
     </span>
    </p>
   </div>
   <div class='ocr_carea' id='block_1_86' title="bbox 1915 825 3490 905">
    <p class='ocr_par' dir='ltr' id='par_1_86' title="bbox 1915 825 3490 905">
     <span class='ocr_line' id='line_1_87' title="bbox 1915 825 3490 905; baseline 0.011 -27"><span class='ocrx_word' id='word_1_624' title='bbox 1915 825 2072 880; x_wconf 88' lang='lat' dir='ltr'><strong>nibus</strong></span> <span class='ocrx_word' id='word_1_625' title='bbox 2096 825 2488 905; x_wconf 81' lang='lat' dir='ltr'><strong>vocari_Rahb_i.</strong></span> <span class='ocrx_word' id='word_1_626' title='bbox 2541 832 2677 905; x_wconf 65' lang='lat' dir='ltr'><strong>Ecce</strong></span> <span class='ocrx_word' id='word_1_627' title='bbox 2711 835 2979 902; x_wconf 88' lang='lat' dir='ltr'><strong>quomodo</strong></span> <span class='ocrx_word' id='word_1_628' title='bbox 3019 825 3163 890; x_wconf 88' lang='lat' dir='ltr'><strong>cadit</strong></span> <span class='ocrx_word' id='word_1_629' title='bbox 3208 838 3455 895; x_wconf 85' lang='lat' dir='ltr'><strong>sacerdos</strong></span> <span class='ocrx_word' id='word_1_630' title='bbox 3476 882 3490 905; x_wconf 93' lang='lat'><strong>,</strong></span> 
     </span>
    </p>
   </div>
   <div class='ocr_carea' id='block_1_87' title="bbox 1915 899 3493 977">
    <p class='ocr_par' dir='ltr' id='par_1_87' title="bbox 1915 899 3493 977">
     <span class='ocr_line' id='line_1_88' title="bbox 1915 899 3493 977; baseline 0.01 -27"><span class='ocrx_word' id='word_1_631' title='bbox 1915 899 2331 977; x_wconf 74' lang='lat' dir='ltr'><strong>eccequomodo</strong></span> <span class='ocrx_word' id='word_1_632' title='bbox 2358 901 2505 977; x_wconf 83' lang='lat' dir='ltr'><strong>vivit.</strong></span> <span class='ocrx_word' id='word_1_633' title='bbox 2535 901 2640 956; x_wconf 91' lang='lat' dir='ltr'><strong>Sed</strong></span> <span class='ocrx_word' id='word_1_634' title='bbox 2667 899 2744 958; x_wconf 57' lang='lat' dir='ltr'><strong>et&#39;</strong></span> <span class='ocrx_word' id='word_1_635' title='bbox 2762 905 2806 957; x_wconf 88' lang='lat' dir='ltr'><strong>si</strong></span> <span class='ocrx_word' id='word_1_636' title='bbox 2831 904 2970 977; x_wconf 89' lang='lat' dir='ltr'><strong>cadit</strong></span> <span class='ocrx_word' id='word_1_637' title='bbox 2997 910 3084 975; x_wconf 92' lang='lat' dir='ltr'><strong>qui</strong></span> <span class='ocrx_word' id='word_1_638' title='bbox 3115 908 3213 977; x_wconf 87' lang='lat' dir='ltr'><strong>sibi</strong></span> <span class='ocrx_word' id='word_1_639' title='bbox 3247 899 3493 965; x_wconf 73' lang='lat' dir='ltr'><strong>columna</strong></span> 
     </span>
    </p>
   </div>
   <div class='ocr_carea' id='block_1_88' title="bbox 1916 965 3491 1046">
    <p class='ocr_par' dir='ltr' id='par_1_88' title="bbox 1916 965 3491 1046">
     <span class='ocr_line' id='line_1_89' title="bbox 1916 965 3491 1046; baseline 0.01 -28"><span class='ocrx_word' id='word_1_640' title='bbox 1916 965 2269 1046; x_wconf 61' lang='lat' dir='ltr'><strong>videbaturin</strong></span> <span class='ocrx_word' id='word_1_641' title='bbox 2291 971 2516 1046; x_wconf 71' lang='lat' dir='ltr'><strong>templo,</strong></span> <span class='ocrx_word' id='word_1_642' title='bbox 2564 982 2761 1046; x_wconf 81' lang='lat' dir='ltr'><strong>quanto</strong></span> <span class='ocrx_word' id='word_1_643' title='bbox 2798 975 2965 1046; x_wconf 86' lang='lat' dir='ltr'><strong>magis</strong></span> <span class='ocrx_word' id='word_1_644' title='bbox 2995 965 3216 1045; x_wconf 56' lang='lat' dir='ltr'><strong>o&#39;opulus</strong></span> <span class='ocrx_word' id='word_1_645' title='bbox 3256 978 3491 1046; x_wconf 83' lang='lat' dir='ltr'><strong>peribit?</strong></span> 
     </span>
    </p>
   </div>
   <div class='ocr_carea' id='block_1_89' title="bbox 1914 1033 3492 1115">
    <p class='ocr_par' dir='ltr' id='par_1_89' title="bbox 1914 1033 3492 1115">
     <span class='ocr_line' id='line_1_90' title="bbox 1914 1033 3492 1115; baseline 0.01 -28"><span class='ocrx_word' id='word_1_646' title='bbox 1914 1033 1969 1088; x_wconf 89' lang='lat' dir='ltr'><strong>Si</strong></span> <span class='ocrx_word' id='word_1_647' title='bbox 2010 1036 2146 1115; x_wconf 74' lang='lat' dir='ltr'><strong>Deus</strong></span> <span class='ocrx_word' id='word_1_648' title='bbox 2193 1033 2640 1115; x_wconf 47' lang='lat' dir='ltr'><strong>i_n_Ang_él_is&#39;_su&#39;is</strong></span> <span class='ocrx_word' id='word_1_649' title='bbox 2679 1033 3228 1115; x_wconf 47' lang='lat' dir='ltr'><strong>reperitvpi-avi&#39;tatem</strong></span> <span class='ocrx_word' id='word_1_650' title='bbox 3253 1033 3272 1109; x_wconf 74' lang='grc' dir='ltr'>ξ</span> <span class='ocrx_word' id='word_1_651' title='bbox 3296 1059 3492 1115; x_wconf 85' lang='lat' dir='ltr'><strong>quanto</strong></span> 
     </span>
    </p>
   </div>
   <div class='ocr_carea' id='block_1_90' title="bbox 1916 1106 3487 1185">
    <p class='ocr_par' dir='ltr' id='par_1_90' title="bbox 1916 1106 3487 1185">
     <span class='ocr_line' id='line_1_91' title="bbox 1916 1106 3487 1185; baseline 0.01 -29"><span class='ocrx_word' id='word_1_652' title='bbox 1916 1106 2083 1185; x_wconf 79' lang='lat' dir='ltr'><strong>magis</strong></span> <span class='ocrx_word' id='word_1_653' title='bbox 2108 1106 2161 1185; x_wconf 80' lang='lat' dir='ltr'><strong>in</strong></span> <span class='ocrx_word' id='word_1_654' title='bbox 2205 1106 2412 1185; x_wconf 80' lang='lat' dir='ltr'><strong>his_qui_</strong></span> <span class='ocrx_word' id='word_1_655' title='bbox 2438 1108 2675 1165; x_wconf 84' lang='lat' dir='ltr'><strong>habitant</strong></span> <span class='ocrx_word' id='word_1_656' title='bbox 2692 1106 2879 1185; x_wconf 74' lang='lat' dir='ltr'><strong>domos</strong></span> <span class='ocrx_word' id='word_1_657' title='bbox 2908 1106 3097 1178; x_wconf 80' lang='lat' dir='ltr'><strong>luteas,</strong></span> <span class='ocrx_word' id='word_1_658' title='bbox 3124 1126 3178 1169; x_wconf 89' lang='lat' dir='ltr'><strong>et</strong></span> <span class='ocrx_word' id='word_1_659' title='bbox 3201 1106 3290 1185; x_wconf 88' lang='lat' dir='ltr'><strong>qui</strong></span> <span class='ocrx_word' id='word_1_660' title='bbox 3316 1106 3487 1173; x_wconf 76' lang='lat' dir='ltr'><strong>terre-</strong></span> 
     </span>
    </p>
   </div>
   <div class='ocr_carea' id='block_1_91' title="bbox 1914 1175 3490 1255">
    <p class='ocr_par' dir='ltr' id='par_1_91' title="bbox 1914 1175 3490 1255">
     <span class='ocr_line' id='line_1_92' title="bbox 1914 1175 3490 1255; baseline 0.009 -28"><span class='ocrx_word' id='word_1_661' title='bbox 1914 1188 2042 1255; x_wconf 75' lang='lat' dir='ltr'><strong>num</strong></span> <span class='ocrx_word' id='word_1_662' title='bbox 2070 1175 2266 1231; x_wconf 88' lang='lat' dir='ltr'><strong>habent</strong></span> <span class='ocrx_word' id='word_1_663' title='bbox 2288 1175 2720 1255; x_wconf 63' lang='lat' dir='ltr'><strong>ftindamentum‘.’</strong></span> <span class='ocrx_word' id='word_1_664' title='bbox 2737 1182 2928 1255; x_wconf 66' lang='lat' dir='ltr'><strong>Discite</strong></span> <span class='ocrx_word' id='word_1_665' title='bbox 2953 1175 3286 1254; x_wconf 43' lang='lat' dir='ltr'><strong>ergo&#39;leger&#39;n,</strong></span> <span class='ocrx_word' id='word_1_666' title='bbox 3314 1201 3490 1241; x_wconf 86' lang='lat' dir='ltr'><strong>sacer-</strong></span> 
     </span>
    </p>
   </div>
   <div class='ocr_carea' id='block_1_92' title="bbox 1914 1243 3485 1323">
    <p class='ocr_par' dir='ltr' id='par_1_92' title="bbox 1914 1243 3485 1323">
     <span class='ocr_line' id='line_1_93' title="bbox 1914 1243 3485 1323; baseline 0.009 -27"><span class='ocrx_word' id='word_1_667' title='bbox 1914 1243 2087 1323; x_wconf 60' lang='lat' dir='ltr'><strong>dotes,</strong></span> <span class='ocrx_word' id='word_1_668' title='bbox 2124 1261 2191 1301; x_wconf 91' lang='lat' dir='ltr'><strong>ne</strong></span> <span class='ocrx_word' id='word_1_669' title='bbox 2218 1247 2380 1323; x_wconf 73' lang='lat' dir='ltr'><strong>su_r_t_lo</strong></span> <span class='ocrx_word' id='word_1_670' title='bbox 2412 1245 2760 1323; x_wconf 76' lang='lat' dir='ltr'><strong>malédicatis.</strong></span> <span class='ocrx_word' id='word_1_671' title='bbox 2793 1252 2943 1306; x_wconf 87' lang='lat' dir='ltr'><strong>Tunc</strong></span> <span class='ocrx_word' id='word_1_672' title='bbox 2966 1243 3133 1323; x_wconf 75' lang='lat' dir='ltr'><strong>surdo</strong></span> <span class='ocrx_word' id='word_1_673' title='bbox 3147 1243 3485 1323; x_wconf 54' lang='lat' dir='ltr'><strong>inalédicitis,</strong></span> 
     </span>
    </p>
   </div>
   <div class='ocr_carea' id='block_1_93' title="bbox 1915 1315 3485 1436">
    <p class='ocr_par' dir='ltr' id='par_1_93' title="bbox 1915 1315 3485 1436">
     <span class='ocr_line' id='line_1_94' title="bbox 1915 1315 3485 1436; baseline 0.007 -69"><span class='ocrx_word' id='word_1_674' title='bbox 1915 1315 2124 1436; x_wconf 48' lang='lat' dir='ltr'><strong>quando</strong></span> <span class='ocrx_word' id='word_1_675' title='bbox 2152 1317 2427 1371; x_wconf 89' lang='lat' dir='ltr'><strong>consilium</strong></span> <span class='ocrx_word' id='word_1_676' title='bbox 2475 1329 2690 1387; x_wconf 84' lang='lat' dir='ltr'><strong>propter</strong></span> <span class='ocrx_word' id='word_1_677' title='bbox 2716 1321 3064 1390; x_wconf 85' lang='lat' dir='ltr'><strong>ignorantiam</strong></span> <span class='ocrx_word' id='word_1_678' title='bbox 3094 1324 3224 1379; x_wconf 87' lang='lat' dir='ltr'><strong>dare</strong></span> <span class='ocrx_word' id='word_1_679' title='bbox 3249 1315 3485 1380; x_wconf 57' lang='lat' dir='ltr'><strong>nescitis:</strong></span> 
     </span>
     <span class='ocr_line' id='line_1_95' title="bbox 1963 1385 3485 1436; baseline 0 0"><span class='ocrx_word' id='word_1_680' title='bbox 1963 1398 2063 1436; x_wconf 89' lang='lat' dir='ltr'><strong>unc</strong></span> <span class='ocrx_word' id='word_1_681' title='bbox 2087 1398 2230 1436; x_wconf 65' lang='lat'><strong>0:800</strong></span> <span class='ocrx_word' id='word_1_682' title='bbox 2275 1385 2649 1436; x_wconf 70' lang='lat' dir='ltr'><strong>oﬂ&#39;endiculum</strong></span> <span class='ocrx_word' id='word_1_683' title='bbox 2697 1392 2921 1436; x_wconf 68' lang='lat' dir='ltr'><strong>nnnilis-</strong></span> <span class='ocrx_word' id='word_1_684' title='bbox 2963 1393 3172 1436; x_wconf 80' lang='lat' dir='ltr'><strong>ntlnndn</strong></span> <span class='ocrx_word' id='word_1_685' title='bbox 3215 1394 3341 1436; x_wconf 60' lang='lat' dir='ltr'><strong>falsa</strong></span> <span class='ocrx_word' id='word_1_686' title='bbox 3392 1410 3485 1436; x_wconf 84' lang='lat' dir='ltr'><strong>nm</strong></span> 
     </span>
    </p>
   </div>
   <div class='ocr_carea' id='block_1_94' title="bbox 1963 1385 3490 1462">
    <p class='ocr_par' dir='ltr' id='par_1_94' title="bbox 1963 1385 3490 1462">
     <span class='ocr_line' id='line_1_96' title="bbox 1963 1385 3490 1462; baseline 0.009 -26"><span class='ocrx_word' id='word_1_687' title='bbox 1963 1398 2063 1462; x_wconf 75' lang='lat' dir='ltr'><strong>unc</strong></span> <span class='ocrx_word' id='word_1_688' title='bbox 2087 1398 2230 1441; x_wconf 67' lang='lat' dir='ltr'><strong>caeco</strong></span> <span class='ocrx_word' id='word_1_689' title='bbox 2257 1385 2649 1462; x_wconf 27' lang='lat' dir='ltr'><strong>‘oifemliculum</strong></span> <span class='ocrx_word' id='word_1_690' title='bbox 2697 1385 2922 1457; x_wconf 81' lang='lat' dir='ltr'><strong>ponitis,</strong></span> <span class='ocrx_word' id='word_1_691' title='bbox 2963 1393 3172 1461; x_wconf 88' lang='lat' dir='ltr'><strong>quando</strong></span> <span class='ocrx_word' id='word_1_692' title='bbox 3215 1394 3342 1450; x_wconf 83' lang='lat' dir='ltr'><strong>falsa</strong></span> <span class='ocrx_word' id='word_1_693' title='bbox 3392 1410 3490 1462; x_wconf 89' lang='lat' dir='ltr'><strong>pro</strong></span> 
     </span>
    </p>
   </div>
   <div class='ocr_carea' id='block_1_95' title="bbox 1914 1453 3483 1532">
    <p class='ocr_par' dir='ltr' id='par_1_95' title="bbox 1914 1453 3483 1532">
     <span class='ocr_line' id='line_1_97' title="bbox 1914 1453 3483 1532; baseline 0.008 -27"><span class='ocrx_word' id='word_1_694' title='bbox 1914 1453 2055 1532; x_wconf 72' lang='lat' dir='ltr'><strong>veris</strong></span> <span class='ocrx_word' id='word_1_695' title='bbox 2083 1455 2384 1532; x_wconf 56' lang='lat' dir='ltr'><strong>ostenditis.</strong></span> <span class='ocrx_word' id='word_1_696' title='bbox 2404 1453 2834 1532; x_wconf 38' lang='lat' dir='ltr'><strong>ltaque,_fra‘t_res,</strong></span> <span class='ocrx_word' id='word_1_697' title='bbox 2856 1453 3017 1532; x_wconf 75' lang='lat' dir='ltr'><strong>nolite</strong></span> <span class='ocrx_word' id='word_1_698' title='bbox 3037 1462 3144 1528; x_wconf 88' lang='lat' dir='ltr'><strong>jam</strong></span> <span class='ocrx_word' id='word_1_699' title='bbox 3169 1453 3483 1532; x_wconf 76' lang='lat' dir='ltr'><strong>pigrescere,</strong></span> 
     </span>
    </p>
   </div>
   <div class='ocr_carea' id='block_1_96' title="bbox 1914 1521 3486 1603">
    <p class='ocr_par' dir='ltr' id='par_1_96' title="bbox 1914 1521 3486 1603">
     <span class='ocr_line' id='line_1_98' title="bbox 1914 1521 3486 1603; baseline 0.007 -27"><span class='ocrx_word' id='word_1_700' title='bbox 1914 1521 2014 1603; x_wconf 74' lang='lat' dir='ltr'><strong>sed</strong></span> <span class='ocrx_word' id='word_1_701' title='bbox 2032 1523 2190 1594; x_wconf 85' lang='lat' dir='ltr'><strong>legite</strong></span> <span class='ocrx_word' id='word_1_702' title='bbox 2208 1521 2564 1603; x_wconf 34' lang='lat' dir='ltr'><strong>_Sc‘rip_turar&#39;n.</strong></span> <span class='ocrx_word' id='word_1_703' title='bbox 2597 1528 2793 1603; x_wconf 79' lang='lat' dir='ltr'><strong>Discite</strong></span> <span class='ocrx_word' id='word_1_704' title='bbox 2816 1521 2955 1603; x_wconf 82' lang='lat' dir='ltr'><strong>eam,</strong></span> <span class='ocrx_word' id='word_1_705' title='bbox 2985 1521 3131 1585; x_wconf 80' lang='lat' dir='ltr'><strong>ﬁlioli</strong></span> <span class='ocrx_word' id='word_1_706' title='bbox 3153 1521 3181 1595; x_wconf 85' lang='grc'><strong>,’</strong></span> <span class='ocrx_word' id='word_1_707' title='bbox 3199 1521 3342 1600; x_wconf 68' lang='lat' dir='ltr'><strong>saepe</strong></span> <span class='ocrx_word' id='word_1_708' title='bbox 3368 1521 3486 1587; x_wconf 82' lang='lat' dir='ltr'><strong>eam</strong></span> 
     </span>
    </p>
   </div>
   <div class='ocr_carea' id='block_1_97' title="bbox 1915 1590 3479 1671">
    <p class='ocr_par' dir='ltr' id='par_1_97' title="bbox 1915 1590 3479 1671">
     <span class='ocr_line' id='line_1_99' title="bbox 1915 1590 3479 1671; baseline 0.008 -28"><span class='ocrx_word' id='word_1_709' title='bbox 1915 1590 2072 1671; x_wconf 82' lang='lat' dir='ltr'><strong>legite</strong></span> <span class='ocrx_word' id='word_1_710' title='bbox 2087 1590 2254 1671; x_wconf 65' lang='lat' dir='ltr'><strong>§__quia</strong></span> <span class='ocrx_word' id='word_1_711' title='bbox 2283 1590 2451 1649; x_wconf 85' lang='lat' dir='ltr'><strong>lenior</strong></span> <span class='ocrx_word' id='word_1_712' title='bbox 2476 1596 2618 1662; x_wconf 91' lang='lat' dir='ltr'><strong>oleo,</strong></span> <span class='ocrx_word' id='word_1_713' title='bbox 2650 1590 3105 1671; x_wconf 45' lang='lat' dir='ltr'><strong>sublimioc&#39;auro,</strong></span> <span class='ocrx_word' id='word_1_714' title='bbox 3133 1590 3349 1669; x_wconf 77' lang='lat' dir='ltr'><strong>argento</strong></span> <span class='ocrx_word' id='word_1_715' title='bbox 3382 1618 3479 1670; x_wconf 85' lang='lat' dir='ltr'><strong>pu-</strong></span> 
     </span>
    </p>
   </div>
   <div class='ocr_carea' id='block_1_98' title="bbox 1914 1662 3488 1738">
    <p class='ocr_par' dir='ltr' id='par_1_98' title="bbox 1914 1662 3488 1738">
     <span class='ocr_line' id='line_1_100' title="bbox 1914 1662 3488 1738; baseline 0.008 -25"><span class='ocrx_word' id='word_1_716' title='bbox 1914 1662 2041 1738; x_wconf 66' lang='grc' dir='ltr'><strong>[ἰοτ.</strong></span> <span class='ocrx_word' id='word_1_717' title='bbox 2092 1662 2217 1738; x_wconf 62' lang='lat' dir='ltr'><strong>[hcc</strong></span> <span class='ocrx_word' id='word_1_718' title='bbox 2255 1672 2337 1719; x_wconf 89' lang='lat' dir='ltr'><strong>est</strong></span> <span class='ocrx_word' id='word_1_719' title='bbox 2359 1681 2477 1738; x_wconf 73' lang='lat' dir='ltr'><strong>qute</strong></span> <span class='ocrx_word' id='word_1_720' title='bbox 2506 1666 2777 1738; x_wconf 59' lang='lat' dir='ltr'><strong>pracipue</strong></span> <span class='ocrx_word' id='word_1_721' title='bbox 2819 1668 2869 1721; x_wconf 92' lang='lat' dir='ltr'><strong>in</strong></span> <span class='ocrx_word' id='word_1_722' title='bbox 2908 1669 3070 1723; x_wconf 89' lang='lat' dir='ltr'><strong>Deum</strong></span> <span class='ocrx_word' id='word_1_723' title='bbox 3093 1662 3395 1738; x_wconf 60' lang='lat' dir='ltr'><strong>provocat,</strong></span> <span class='ocrx_word' id='word_1_724' title='bbox 3435 1682 3488 1726; x_wconf 89' lang='lat' dir='ltr'><strong>et</strong></span> 
     </span>
    </p>
   </div>
   <div class='ocr_carea' id='block_1_99' title="bbox 1917 1730 3488 1808">
    <p class='ocr_par' dir='ltr' id='par_1_99' title="bbox 1917 1730 3488 1808">
     <span class='ocr_line' id='line_1_101' title="bbox 1917 1730 3488 1808; baseline 0.006 -22"><span class='ocrx_word' id='word_1_725' title='bbox 1917 1730 2078 1808; x_wconf 67' lang='lat' dir='ltr'><strong>[lcum</strong></span> <span class='ocrx_word' id='word_1_726' title='bbox 2107 1732 2329 1808; x_wconf 84' lang='lat' dir='ltr'><strong>diligere</strong></span> <span class='ocrx_word' id='word_1_727' title='bbox 2358 1730 2559 1808; x_wconf 73' lang='lat' dir='ltr'><strong>invitat,</strong></span> <span class='ocrx_word' id='word_1_728' title='bbox 2587 1730 2745 1808; x_wconf 78' lang='lat' dir='ltr'><strong>corda</strong></span> <span class='ocrx_word' id='word_1_729' title='bbox 2768 1737 3050 1808; x_wconf 85' lang='lat' dir='ltr'><strong>illuminat,</strong></span> <span class='ocrx_word' id='word_1_730' title='bbox 3084 1730 3313 1808; x_wconf 76' lang='lat' dir='ltr'><strong>linguam</strong></span> <span class='ocrx_word' id='word_1_731' title='bbox 3341 1730 3488 1808; x_wconf 76' lang='lat' dir='ltr'><strong>puri-</strong></span> 
     </span>
    </p>
   </div>
   <div class='ocr_carea' id='block_1_100' title="bbox 1916 1800 3487 1873">
    <p class='ocr_par' dir='ltr' id='par_1_100' title="bbox 1916 1800 3487 1873">
     <span class='ocr_line' id='line_1_102' title="bbox 1916 1800 3487 1873; baseline 0.008 -22"><span class='ocrx_word' id='word_1_732' title='bbox 1916 1800 2055 1864; x_wconf 86' lang='lat' dir='ltr'><strong>ﬁcat,</strong></span> <span class='ocrx_word' id='word_1_733' title='bbox 2085 1800 2462 1858; x_wconf 85' lang='lat' dir='ltr'><strong>conscientiam</strong></span> <span class='ocrx_word' id='word_1_734' title='bbox 2489 1806 2676 1872; x_wconf 88' lang='lat' dir='ltr'><strong>probat</strong></span> <span class='ocrx_word' id='word_1_735' title='bbox 2694 1847 2709 1871; x_wconf 90' lang='lat'><strong>,</strong></span> <span class='ocrx_word' id='word_1_736' title='bbox 2736 1807 2965 1861; x_wconf 87' lang='lat' dir='ltr'><strong>animam</strong></span> <span class='ocrx_word' id='word_1_737' title='bbox 2988 1800 3302 1873; x_wconf 76' lang='lat' dir='ltr'><strong>sanctificat,</strong></span> <span class='ocrx_word' id='word_1_738' title='bbox 3326 1800 3487 1864; x_wconf 84' lang='lat' dir='ltr'><strong>fidem</strong></span> 
     </span>
    </p>
   </div>
   <div class='ocr_carea' id='block_1_101' title="bbox 1912 1873 3487 1946">
    <p class='ocr_par' dir='ltr' id='par_1_101' title="bbox 1912 1873 3487 1946">
     <span class='ocr_line' id='line_1_103' title="bbox 1912 1873 3487 1946; baseline 0.007 -24"><span class='ocrx_word' id='word_1_739' title='bbox 1912 1873 2754 1946; x_wconf 78' lang='lat' dir='ltr'><strong>conlir_mat,_diabolum_rejicit,</strong></span> <span class='ocrx_word' id='word_1_740' title='bbox 2788 1887 3056 1945; x_wconf 90' lang='lat' dir='ltr'><strong>peccatum</strong></span> <span class='ocrx_word' id='word_1_741' title='bbox 3103 1880 3326 1946; x_wconf 87' lang='lat' dir='ltr'><strong>spernit,</strong></span> <span class='ocrx_word' id='word_1_742' title='bbox 3368 1880 3487 1933; x_wconf 91' lang='lat' dir='ltr'><strong>ani-</strong></span> 
     </span>
    </p>
   </div>
   <div class='ocr_carea' id='block_1_102' title="bbox 1913 1940 3485 2011">
    <p class='ocr_par' dir='ltr' id='par_1_102' title="bbox 1913 1940 3485 2011">
     <span class='ocr_line' id='line_1_104' title="bbox 1913 1940 3485 2011; baseline 0.008 -20"><span class='ocrx_word' id='word_1_743' title='bbox 1913 1953 2027 2011; x_wconf 82' lang='lat' dir='ltr'><strong>mas</strong></span> <span class='ocrx_word' id='word_1_744' title='bbox 2071 1940 2284 2005; x_wconf 75' lang='lat' dir='ltr'><strong>frigidas</strong></span> <span class='ocrx_word' id='word_1_745' title='bbox 2316 1942 2554 1997; x_wconf 86' lang='lat' dir='ltr'><strong>calefacit</strong></span> <span class='ocrx_word' id='word_1_746' title='bbox 2577 1940 2800 2009; x_wconf 24' lang='lat' dir='ltr'><strong>,Vlumen&#39;</strong></span> <span class='ocrx_word' id='word_1_747' title='bbox 2848 1947 3083 2001; x_wconf 76' lang='lat' dir='ltr'><strong>scientiae</strong></span> <span class='ocrx_word' id='word_1_748' title='bbox 3108 1940 3369 2011; x_wconf 77' lang='lat' dir='ltr'><strong>ostendit,</strong></span> <span class='ocrx_word' id='word_1_749' title='bbox 3403 1957 3485 2003; x_wconf 86' lang='lat' dir='ltr'><strong>te-</strong></span> 
     </span>
    </p>
   </div>
   <div class='ocr_carea' id='block_1_103' title="bbox 1912 2008 3486 2088">
    <p class='ocr_par' dir='ltr' id='par_1_103' title="bbox 1912 2008 3486 2088">
     <span class='ocr_line' id='line_1_105' title="bbox 1912 2008 3486 2088; baseline 0.006 -27"><span class='ocrx_word' id='word_1_750' title='bbox 1912 2008 2103 2088; x_wconf 77' lang='lat' dir='ltr'><strong>nebras</strong></span> <span class='ocrx_word' id='word_1_751' title='bbox 2132 2011 2437 2088; x_wconf 55' lang='lat' dir='ltr'><strong>ignomrrtize</strong></span> <span class='ocrx_word' id='word_1_752' title='bbox 2457 2008 2685 2088; x_wconf 78' lang='lat' dir='ltr'><strong>expemt</strong></span> <span class='ocrx_word' id='word_1_753' title='bbox 2707 2014 3027 2088; x_wconf 83' lang='lat' dir='ltr'><strong>,_tristitiam</strong></span> <span class='ocrx_word' id='word_1_754' title='bbox 3056 2017 3238 2088; x_wconf 65' lang='lat' dir='ltr'><strong>saeculi</strong></span> <span class='ocrx_word' id='word_1_755' title='bbox 3281 2008 3486 2071; x_wconf 80' lang='lat' dir='ltr'><strong>exstin-</strong></span> 
     </span>
    </p>
   </div>
   <div class='ocr_carea' id='block_1_104' title="bbox 1910 2079 3487 2156">
    <p class='ocr_par' dir='ltr' id='par_1_104' title="bbox 1910 2079 3487 2156">
     <span class='ocr_line' id='line_1_106' title="bbox 1910 2079 3487 2156; baseline 0.008 -27"><span class='ocrx_word' id='word_1_756' title='bbox 1910 2079 2038 2156; x_wconf 81' lang='lat' dir='ltr'><strong>guit,</strong></span> <span class='ocrx_word' id='word_1_757' title='bbox 2057 2079 2310 2156; x_wconf 69' lang='lat' dir='ltr'><strong>laetitiam</strong></span> <span class='ocrx_word' id='word_1_758' title='bbox 2331 2079 2558 2156; x_wconf 68' lang='lat' dir='ltr'><strong>Spiritus</strong></span> <span class='ocrx_word' id='word_1_759' title='bbox 2583 2084 2749 2138; x_wconf 90' lang='lat' dir='ltr'><strong>sancti</strong></span> <span class='ocrx_word' id='word_1_760' title='bbox 2774 2085 3053 2156; x_wconf 82' lang='lat' dir='ltr'><strong>accendit,</strong></span> <span class='ocrx_word' id='word_1_761' title='bbox 3078 2085 3276 2141; x_wconf 89' lang='lat' dir='ltr'><strong>sitienti</strong></span> <span class='ocrx_word' id='word_1_762' title='bbox 3304 2095 3487 2156; x_wconf 90' lang='lat' dir='ltr'><strong>potum</strong></span> 
     </span>
    </p>
   </div>
   <div class='ocr_carea' id='block_1_105' title="bbox 1914 2147 3485 2220">
    <p class='ocr_par' dir='ltr' id='par_1_105' title="bbox 1914 2147 3485 2220">
     <span class='ocr_line' id='line_1_107' title="bbox 1914 2147 3485 2220; baseline 0.006 -21"><span class='ocrx_word' id='word_1_763' title='bbox 1914 2147 2112 2220; x_wconf 78' lang='lat' dir='ltr'><strong>tribuit.</strong></span> <span class='ocrx_word' id='word_1_764' title='bbox 2140 2149 2266 2204; x_wconf 70' lang='lat' dir='ltr'><strong>ch</strong></span> <span class='ocrx_word' id='word_1_765' title='bbox 2290 2147 2384 2204; x_wconf 83' lang='lat' dir='ltr'><strong>est</strong></span> <span class='ocrx_word' id='word_1_766' title='bbox 2397 2150 2666 2220; x_wconf 88' lang='lat' dir='ltr'><strong>Scriptura</strong></span> <span class='ocrx_word' id='word_1_767' title='bbox 2693 2162 2874 2208; x_wconf 88' lang='lat' dir='ltr'><strong>sancta</strong></span> <span class='ocrx_word' id='word_1_768' title='bbox 2904 2155 2985 2208; x_wconf 90' lang='lat' dir='ltr'><strong>lex</strong></span> <span class='ocrx_word' id='word_1_769' title='bbox 3015 2147 3193 2209; x_wconf 85' lang='lat' dir='ltr'><strong>nostra</strong></span> <span class='ocrx_word' id='word_1_770' title='bbox 3227 2147 3485 2210; x_wconf 76' lang='lat' dir='ltr'><strong>immacu-</strong></span> 
     </span>
    </p>
   </div>
   <div class='ocr_carea' id='block_1_106' title="bbox 1912 2216 3487 2292">
    <p class='ocr_par' dir='ltr' id='par_1_106' title="bbox 1912 2216 3487 2292">
     <span class='ocr_line' id='line_1_108' title="bbox 1912 2216 3487 2292; baseline 0.006 -21"><span class='ocrx_word' id='word_1_771' title='bbox 1912 2216 2039 2292; x_wconf 84' lang='lat' dir='ltr'><strong>lata,</strong></span> <span class='ocrx_word' id='word_1_772' title='bbox 2067 2234 2185 2292; x_wconf 60' lang='lat' dir='ltr'><strong>quas</strong></span> <span class='ocrx_word' id='word_1_773' title='bbox 2214 2220 2281 2274; x_wconf 92' lang='lat' dir='ltr'><strong>de</strong></span> <span class='ocrx_word' id='word_1_774' title='bbox 2328 2216 2697 2289; x_wconf 79' lang='lat' dir='ltr'><strong>insipientibus</strong></span> <span class='ocrx_word' id='word_1_775' title='bbox 2725 2224 2990 2292; x_wconf 88' lang='lat' dir='ltr'><strong>sapientes</strong></span> <span class='ocrx_word' id='word_1_776' title='bbox 3015 2224 3157 2288; x_wconf 89' lang='lat' dir='ltr'><strong>facit,</strong></span> <span class='ocrx_word' id='word_1_777' title='bbox 3191 2226 3389 2292; x_wconf 87' lang='lat' dir='ltr'><strong>primos</strong></span> <span class='ocrx_word' id='word_1_778' title='bbox 3416 2226 3487 2280; x_wconf 90' lang='lat' dir='ltr'><strong>de</strong></span> 
     </span>
    </p>
   </div>
   <div class='ocr_carea' id='block_1_107' title="bbox 1911 2289 3487 2359">
    <p class='ocr_par' dir='ltr' id='par_1_107' title="bbox 1911 2289 3487 2359">
     <span class='ocr_line' id='line_1_109' title="bbox 1911 2289 3487 2359; baseline 0.004 -17"><span class='ocrx_word' id='word_1_779' title='bbox 1911 2289 2212 2359; x_wconf 79' lang='lat' dir='ltr'><strong>novissimis</strong></span> <span class='ocrx_word' id='word_1_780' title='bbox 2244 2292 2416 2359; x_wconf 90' lang='lat' dir='ltr'><strong>ponit,</strong></span> <span class='ocrx_word' id='word_1_781' title='bbox 2452 2306 2668 2359; x_wconf 85' lang='lat' dir='ltr'><strong>magnos</strong></span> <span class='ocrx_word' id='word_1_782' title='bbox 2700 2292 2768 2346; x_wconf 88' lang='lat' dir='ltr'><strong>de</strong></span> <span class='ocrx_word' id='word_1_783' title='bbox 2790 2289 3025 2346; x_wconf 81' lang='lat' dir='ltr'><strong>minimis</strong></span> <span class='ocrx_word' id='word_1_784' title='bbox 3063 2289 3247 2359; x_wconf 83' lang='lat' dir='ltr'><strong>efficit,</strong></span> <span class='ocrx_word' id='word_1_785' title='bbox 3280 2293 3487 2348; x_wconf 87' lang='lat' dir='ltr'><strong>nobiles</strong></span> 
     </span>
    </p>
   </div>
   <div class='ocr_carea' id='block_1_108' title="bbox 1910 2356 3484 2431">
    <p class='ocr_par' dir='ltr' id='par_1_108' title="bbox 1910 2356 3484 2431">
     <span class='ocr_line' id='line_1_110' title="bbox 1910 2356 3484 2431; baseline 0.005 -21"><span class='ocrx_word' id='word_1_786' title='bbox 1910 2356 1978 2431; x_wconf 84' lang='lat' dir='ltr'><strong>de</strong></span> <span class='ocrx_word' id='word_1_787' title='bbox 2000 2356 2331 2431; x_wconf 77' lang='lat' dir='ltr'><strong>ignobilibus</strong></span> <span class='ocrx_word' id='word_1_788' title='bbox 2366 2356 2686 2431; x_wconf 82' lang='lat' dir='ltr'><strong>commutat,</strong></span> <span class='ocrx_word' id='word_1_789' title='bbox 2719 2371 2958 2415; x_wconf 88' lang='lat' dir='ltr'><strong>naturam</strong></span> <span class='ocrx_word' id='word_1_790' title='bbox 3004 2363 3207 2428; x_wconf 83' lang='lat' dir='ltr'><strong>frenat,</strong></span> <span class='ocrx_word' id='word_1_791' title='bbox 3234 2356 3484 2431; x_wconf 78' lang='lat' dir='ltr'><strong>prohibet</strong></span> 
     </span>
    </p>
   </div>
   <div class='ocr_carea' id='block_1_109' title="bbox 1913 2426 3488 2501">
    <p class='ocr_par' dir='ltr' id='par_1_109' title="bbox 1913 2426 3488 2501">
     <span class='ocr_line' id='line_1_111' title="bbox 1913 2426 3488 2501; baseline 0.004 -22"><span class='ocrx_word' id='word_1_792' title='bbox 1913 2426 2208 2501; x_wconf 85' lang='lat' dir='ltr'><strong>levitatem,</strong></span> <span class='ocrx_word' id='word_1_793' title='bbox 2239 2436 2495 2499; x_wconf 87' lang='lat' dir='ltr'><strong>temperat</strong></span> <span class='ocrx_word' id='word_1_794' title='bbox 2523 2429 2758 2484; x_wconf 89' lang='lat' dir='ltr'><strong>dolorem</strong></span> <span class='ocrx_word' id='word_1_795' title='bbox 2779 2472 2795 2497; x_wconf 94' lang='lat'><strong>,</strong></span> <span class='ocrx_word' id='word_1_796' title='bbox 2822 2430 3028 2486; x_wconf 89' lang='lat' dir='ltr'><strong>confert</strong></span> <span class='ocrx_word' id='word_1_797' title='bbox 3055 2426 3201 2501; x_wconf 85' lang='lat' dir='ltr'><strong>spem</strong></span> <span class='ocrx_word' id='word_1_798' title='bbox 3224 2426 3251 2496; x_wconf 59' lang='grc'>,⁷</span> <span class='ocrx_word' id='word_1_799' title='bbox 3266 2441 3488 2487; x_wconf 89' lang='lat' dir='ltr'><strong>coronat</strong></span> 
     </span>
    </p>
   </div>
   <div class='ocr_carea' id='block_1_110' title="bbox 1912 2497 3486 2570">
    <p class='ocr_par' dir='ltr' id='par_1_110' title="bbox 1912 2497 3486 2570">
     <span class='ocr_line' id='line_1_112' title="bbox 1912 2497 3486 2570; baseline 0.005 -22"><span class='ocrx_word' id='word_1_800' title='bbox 1912 2510 2114 2561; x_wconf 83' lang='lat' dir='ltr'><strong>senem,</strong></span> <span class='ocrx_word' id='word_1_801' title='bbox 2144 2497 2296 2551; x_wconf 86' lang='lat' dir='ltr'><strong>docet</strong></span> <span class='ocrx_word' id='word_1_802' title='bbox 2320 2502 2608 2565; x_wconf 87' lang='lat' dir='ltr'><strong>juvenem,</strong></span> <span class='ocrx_word' id='word_1_803' title='bbox 2642 2501 2847 2570; x_wconf 89' lang='lat' dir='ltr'><strong>mitigat</strong></span> <span class='ocrx_word' id='word_1_804' title='bbox 2873 2497 3240 2570; x_wconf 78' lang='lat' dir='ltr'><strong>dedignantes,</strong></span> <span class='ocrx_word' id='word_1_805' title='bbox 3273 2502 3486 2556; x_wconf 90' lang='lat' dir='ltr'><strong>instruit</strong></span> 
     </span>
    </p>
   </div>
   <div class='ocr_carea' id='block_1_111' title="bbox 1912 2569 3488 2645">
    <p class='ocr_par' dir='ltr' id='par_1_111' title="bbox 1912 2569 3488 2645">
     <span class='ocr_line' id='line_1_113' title="bbox 1912 2569 3488 2645; baseline 0.004 -27"><span class='ocrx_word' id='word_1_806' title='bbox 1912 2577 2170 2645; x_wconf 68' lang='lat' dir='ltr'><strong>errantes,</strong></span> <span class='ocrx_word' id='word_1_807' title='bbox 2203 2581 2355 2621; x_wconf 90' lang='lat' dir='ltr'><strong>sanat</strong></span> <span class='ocrx_word' id='word_1_808' title='bbox 2382 2569 2885 2645; x_wconf 40' lang='lat' dir='ltr'><strong>:egrotos_,nrob0rat</strong></span> <span class='ocrx_word' id='word_1_809' title='bbox 2910 2569 3164 2645; x_wconf 82' lang='lat' dir='ltr'><strong>inﬁrmos,</strong></span> <span class='ocrx_word' id='word_1_810' title='bbox 3194 2571 3377 2645; x_wconf 84' lang='lat' dir='ltr'><strong>brutos</strong></span> <span class='ocrx_word' id='word_1_811' title='bbox 3408 2571 3488 2625; x_wconf 60' lang='lat' dir='ltr'><strong>fac</strong></span> 
     </span>
    </p>
   </div>
   <div class='ocr_carea' id='block_1_112' title="bbox 1911 2639 3487 2703">
    <p class='ocr_par' dir='ltr' id='par_1_112' title="bbox 1911 2639 3487 2703">
     <span class='ocr_line' id='line_1_114' title="bbox 1911 2639 3487 2703; baseline 0.006 -17"><span class='ocrx_word' id='word_1_812' title='bbox 1911 2639 1982 2688; x_wconf 90' lang='lat' dir='ltr'><strong>cit</strong></span> <span class='ocrx_word' id='word_1_813' title='bbox 2007 2645 2269 2699; x_wconf 85' lang='lat' dir='ltr'><strong>seusatos,</strong></span> <span class='ocrx_word' id='word_1_814' title='bbox 2301 2640 2492 2692; x_wconf 88' lang='lat' dir='ltr'><strong>mentis</strong></span> <span class='ocrx_word' id='word_1_815' title='bbox 2517 2639 2859 2695; x_wconf 89' lang='lat' dir='ltr'><strong>stabilitatem</strong></span> <span class='ocrx_word' id='word_1_816' title='bbox 2901 2640 3083 2703; x_wconf 91' lang='lat' dir='ltr'><strong>donat,</strong></span> <span class='ocrx_word' id='word_1_817' title='bbox 3119 2642 3313 2701; x_wconf 82' lang='lat' dir='ltr'><strong>excitat</strong></span> <span class='ocrx_word' id='word_1_818' title='bbox 3338 2656 3487 2695; x_wconf 80' lang='lat' dir='ltr'><strong>som-</strong></span> 
     </span>
    </p>
   </div>
   <div class='ocr_carea' id='block_1_113' title="bbox 1909 2706 3488 2779">
    <p class='ocr_par' dir='ltr' id='par_1_113' title="bbox 1909 2706 3488 2779">
     <span class='ocr_line' id='line_1_115' title="bbox 1909 2706 3488 2779; baseline 0.008 -24"><span class='ocrx_word' id='word_1_819' title='bbox 1909 2706 2172 2779; x_wconf 87' lang='lat' dir='ltr'><strong>nole_ntos,</strong></span> <span class='ocrx_word' id='word_1_820' title='bbox 2193 2708 2398 2779; x_wconf 79' lang='lat' dir='ltr'><strong>etiosos</strong></span> <span class='ocrx_word' id='word_1_821' title='bbox 2418 2707 2674 2779; x_wconf 89' lang='lat' dir='ltr'><strong>increpat,</strong></span> <span class='ocrx_word' id='word_1_822' title='bbox 2702 2710 2877 2779; x_wconf 89' lang='lat' dir='ltr'><strong>pigros</strong></span> <span class='ocrx_word' id='word_1_823' title='bbox 2906 2711 3117 2774; x_wconf 91' lang='lat' dir='ltr'><strong>incitat,</strong></span> <span class='ocrx_word' id='word_1_824' title='bbox 3145 2710 3488 2767; x_wconf 86' lang='lat' dir='ltr'><strong>credentibus</strong></span> 
     </span>
    </p>
   </div>
   <div class='ocr_carea' id='block_1_114' title="bbox 1909 2775 3487 2852">
    <p class='ocr_par' dir='ltr' id='par_1_114' title="bbox 1909 2775 3487 2852">
     <span class='ocr_line' id='line_1_116' title="bbox 1909 2775 3487 2852; baseline 0.006 -28"><span class='ocrx_word' id='word_1_825' title='bbox 1909 2775 2151 2852; x_wconf 58' lang='grc' dir='ltr'><strong>ειπιιίίιιιιΔ</strong></span> <span class='ocrx_word' id='word_1_826' title='bbox 2173 2775 2263 2830; x_wconf 88' lang='lat' dir='ltr'><strong>dat</strong></span> <span class='ocrx_word' id='word_1_827' title='bbox 2286 2817 2301 2841; x_wconf 95' lang='lat'><strong>,</strong></span> <span class='ocrx_word' id='word_1_828' title='bbox 2332 2792 2485 2852; x_wconf 79' lang='lat' dir='ltr'><strong>reges</strong></span> <span class='ocrx_word' id='word_1_829' title='bbox 2508 2775 2786 2852; x_wconf 58' lang='lat' dir='ltr'><strong>huiniliat&#39;,</strong></span> <span class='ocrx_word' id='word_1_830' title='bbox 2815 2780 3049 2852; x_wconf 79' lang='lat' dir='ltr'><strong>humiles</strong></span> <span class='ocrx_word' id='word_1_831' title='bbox 3071 2780 3285 2842; x_wconf 87' lang='lat' dir='ltr'><strong>exaltat,</strong></span> <span class='ocrx_word' id='word_1_832' title='bbox 3312 2788 3487 2852; x_wconf 77' lang='lat' dir='ltr'><strong>rectas</strong></span> 
     </span>
    </p>
   </div>
   <div class='ocr_carea' id='block_1_115' title="bbox 1909 2844 3486 2918">
    <p class='ocr_par' dir='ltr' id='par_1_115' title="bbox 1909 2844 3486 2918">
     <span class='ocr_line' id='line_1_117' title="bbox 1909 2844 3486 2918; baseline 0.007 -24"><span class='ocrx_word' id='word_1_833' title='bbox 1909 2845 2020 2918; x_wconf 83' lang='lat' dir='ltr'><strong>vias</strong></span> <span class='ocrx_word' id='word_1_834' title='bbox 2047 2844 2269 2918; x_wconf 84' lang='lat' dir='ltr'><strong>indicat,</strong></span> <span class='ocrx_word' id='word_1_835' title='bbox 2298 2844 2689 2917; x_wconf 80' lang='lat' dir='ltr'><strong>cleemosynam</strong></span> <span class='ocrx_word' id='word_1_836' title='bbox 2734 2850 2974 2918; x_wconf 89' lang='lat' dir='ltr'><strong>imperat.</strong></span> <span class='ocrx_word' id='word_1_837' title='bbox 3006 2849 3130 2904; x_wconf 73' lang='lat' dir='ltr'><strong>Hzec</strong></span> <span class='ocrx_word' id='word_1_838' title='bbox 3157 2861 3241 2904; x_wconf 90' lang='lat' dir='ltr'><strong>est</strong></span> <span class='ocrx_word' id='word_1_839' title='bbox 3264 2849 3486 2905; x_wconf 81' lang='lat' dir='ltr'><strong>scientia</strong></span> 
     </span>
    </p>
   </div>
   <div class='ocr_carea' id='block_1_116' title="bbox 1908 2914 3484 2988">
    <p class='ocr_par' dir='ltr' id='par_1_116' title="bbox 1908 2914 3484 2988">
     <span class='ocr_line' id='line_1_118' title="bbox 1908 2914 3484 2988; baseline 0.005 -24"><span class='ocrx_word' id='word_1_840' title='bbox 1908 2914 2245 2988; x_wconf 79' lang='lat' dir='ltr'><strong>scientiarum</strong></span> <span class='ocrx_word' id='word_1_841' title='bbox 2269 2956 2282 2979; x_wconf 94' lang='lat'><strong>,</strong></span> <span class='ocrx_word' id='word_1_842' title='bbox 2308 2931 2430 2988; x_wconf 68' lang='lat' dir='ltr'><strong>qua;</strong></span> <span class='ocrx_word' id='word_1_843' title='bbox 2478 2914 2958 2988; x_wconf 53' lang='lat' dir='ltr'><strong>sapientiam&#39;dat,</strong></span> <span class='ocrx_word' id='word_1_844' title='bbox 3004 2920 3223 2988; x_wconf 82' lang='lat' dir='ltr'><strong>gloriam</strong></span> <span class='ocrx_word' id='word_1_845' title='bbox 3253 2920 3484 2986; x_wconf 82' lang='lat' dir='ltr'><strong>exaltat,</strong></span> 
     </span>
    </p>
   </div>
   <div class='ocr_carea' id='block_1_117' title="bbox 1909 2980 3488 3054">
    <p class='ocr_par' dir='ltr' id='par_1_117' title="bbox 1909 2980 3488 3054">
     <span class='ocr_line' id='line_1_119' title="bbox 1909 2980 3488 3054; baseline 0.007 -21"><span class='ocrx_word' id='word_1_846' title='bbox 1909 2980 2166 3054; x_wconf 82' lang='lat' dir='ltr'><strong>honorem</strong></span> <span class='ocrx_word' id='word_1_847' title='bbox 2210 2980 2555 3053; x_wconf 62' lang='lat' dir='ltr'><strong>multiplicat,</strong></span> <span class='ocrx_word' id='word_1_848' title='bbox 2592 2980 2977 3054; x_wconf 81' lang='lat' dir='ltr'><strong>humilitatem,</strong></span> <span class='ocrx_word' id='word_1_849' title='bbox 3004 2980 3329 3043; x_wconf 38' lang='lat' dir='ltr'><strong>’charitatem</strong></span> <span class='ocrx_word' id='word_1_850' title='bbox 3355 3030 3371 3054; x_wconf 95' lang='lat'><strong>,</strong></span> <span class='ocrx_word' id='word_1_851' title='bbox 3411 2980 3488 3044; x_wconf 51' lang='lat' dir='ltr'><strong>le;</strong></span> 
     </span>
    </p>
   </div>
   <div class='ocr_carea' id='block_1_118' title="bbox 1911 3051 3488 3120">
    <p class='ocr_par' dir='ltr' id='par_1_118' title="bbox 1911 3051 3488 3120">
     <span class='ocr_line' id='line_1_120' title="bbox 1911 3051 3488 3120; baseline 0.006 -18"><span class='ocrx_word' id='word_1_852' title='bbox 1911 3051 2148 3115; x_wconf 86' lang='lat' dir='ltr'><strong>nitatem,</strong></span> <span class='ocrx_word' id='word_1_853' title='bbox 2175 3051 2527 3108; x_wconf 75' lang='lat' dir='ltr'><strong>obedientiam</strong></span> <span class='ocrx_word' id='word_1_854' title='bbox 2555 3067 2608 3109; x_wconf 90' lang='lat' dir='ltr'><strong>et</strong></span> <span class='ocrx_word' id='word_1_855' title='bbox 2629 3051 3083 3111; x_wconf 86' lang='lat' dir='ltr'><strong>mansuetudinem</strong></span> <span class='ocrx_word' id='word_1_856' title='bbox 3105 3059 3295 3120; x_wconf 86' lang='lat' dir='ltr'><strong>docet,</strong></span> <span class='ocrx_word' id='word_1_857' title='bbox 3326 3051 3382 3111; x_wconf 84' lang='lat' dir='ltr'><strong>et</strong></span> <span class='ocrx_word' id='word_1_858' title='bbox 3406 3058 3488 3112; x_wconf 88' lang='lat' dir='ltr'><strong>in-</strong></span> 
     </span>
    </p>
   </div>
   <div class='ocr_carea' id='block_1_119' title="bbox 1912 3119 3487 3181">
    <p class='ocr_par' dir='ltr' id='par_1_119' title="bbox 1912 3119 3487 3181">
     <span class='ocr_line' id='line_1_121' title="bbox 1912 3119 3487 3181; baseline 0.006 -9"><span class='ocrx_word' id='word_1_859' title='bbox 1912 3119 2151 3174; x_wconf 88' lang='lat' dir='ltr'><strong>tellectus</strong></span> <span class='ocrx_word' id='word_1_860' title='bbox 2178 3120 2346 3175; x_wconf 90' lang='lat' dir='ltr'><strong>bonus</strong></span> <span class='ocrx_word' id='word_1_861' title='bbox 2383 3132 2466 3174; x_wconf 89' lang='lat' dir='ltr'><strong>est</strong></span> <span class='ocrx_word' id='word_1_862' title='bbox 2512 3123 2759 3178; x_wconf 88' lang='lat' dir='ltr'><strong>omnibus</strong></span> <span class='ocrx_word' id='word_1_863' title='bbox 2787 3126 2922 3180; x_wconf 87' lang='lat' dir='ltr'><strong>bene</strong></span> <span class='ocrx_word' id='word_1_864' title='bbox 2952 3128 3264 3181; x_wconf 77' lang='lat' dir='ltr'><strong>facientibus</strong></span> <span class='ocrx_word' id='word_1_865' title='bbox 3282 3119 3338 3180; x_wconf 88' lang='lat' dir='ltr'><strong>et</strong></span> <span class='ocrx_word' id='word_1_866' title='bbox 3365 3126 3487 3181; x_wconf 90' lang='lat' dir='ltr'><strong>dili-</strong></span> 
     </span>
    </p>
   </div>
   <div class='ocr_carea' id='block_1_120' title="bbox 1908 3189 3485 3262">
    <p class='ocr_par' dir='ltr' id='par_1_120' title="bbox 1908 3189 3485 3262">
     <span class='ocr_line' id='line_1_122' title="bbox 1908 3189 3485 3262; baseline 0.006 -21"><span class='ocrx_word' id='word_1_867' title='bbox 1908 3189 2151 3262; x_wconf 81' lang='lat' dir='ltr'><strong>gentibus</strong></span> <span class='ocrx_word' id='word_1_868' title='bbox 2170 3189 2367 3262; x_wconf 76' lang='lat' dir='ltr'><strong>Deum.</strong></span> <span class='ocrx_word' id='word_1_869' title='bbox 2403 3191 2523 3262; x_wconf 73' lang='lat' dir='ltr'><strong>llrcc</strong></span> <span class='ocrx_word' id='word_1_870' title='bbox 2552 3202 2635 3245; x_wconf 89' lang='lat' dir='ltr'><strong>est</strong></span> <span class='ocrx_word' id='word_1_871' title='bbox 2675 3210 2793 3262; x_wconf 73' lang='lat' dir='ltr'><strong>qua:</strong></span> <span class='ocrx_word' id='word_1_872' title='bbox 2832 3195 3222 3257; x_wconf 80' lang='lat' dir='ltr'><strong>abstinentiam,</strong></span> <span class='ocrx_word' id='word_1_873' title='bbox 3267 3196 3485 3250; x_wconf 83' lang='lat' dir='ltr'><strong>castita-</strong></span> 
     </span>
    </p>
   </div>
   <div class='ocr_carea' id='block_1_121' title="bbox 1912 3258 3482 3332">
    <p class='ocr_par' dir='ltr' id='par_1_121' title="bbox 1912 3258 3482 3332">
     <span class='ocr_line' id='line_1_123' title="bbox 1912 3258 3482 3332; baseline 0.004 -20"><span class='ocrx_word' id='word_1_874' title='bbox 1912 3266 2039 3332; x_wconf 84' lang='lat' dir='ltr'><strong>t_cm,</strong></span> <span class='ocrx_word' id='word_1_875' title='bbox 2054 3258 2347 3332; x_wconf 77' lang='lat' dir='ltr'><strong>largitatem</strong></span> <span class='ocrx_word' id='word_1_876' title='bbox 2365 3269 2418 3332; x_wconf 85' lang='lat' dir='ltr'><strong>et</strong></span> <span class='ocrx_word' id='word_1_877' title='bbox 2434 3258 2784 3315; x_wconf 79' lang='lat' dir='ltr'><strong>voluntariam</strong></span> <span class='ocrx_word' id='word_1_878' title='bbox 2803 3272 3161 3332; x_wconf 87' lang='lat' dir='ltr'><strong>paupertatem</strong></span> <span class='ocrx_word' id='word_1_879' title='bbox 3179 3272 3482 3318; x_wconf 83' lang='lat' dir='ltr'><strong>conservat.</strong></span> 
     </span>
    </p>
   </div>
   <div class='ocr_carea' id='block_1_122' title="bbox 1909 3327 3485 3397">
    <p class='ocr_par' dir='ltr' id='par_1_122' title="bbox 1909 3327 3485 3397">
     <span class='ocr_line' id='line_1_124' title="bbox 1909 3327 3485 3397; baseline 0.004 -15"><span class='ocrx_word' id='word_1_880' title='bbox 1909 3327 2187 3382; x_wconf 84' lang='lat' dir='ltr'><strong>Postremo</strong></span> <span class='ocrx_word' id='word_1_881' title='bbox 2214 3328 2509 3383; x_wconf 90' lang='lat' dir='ltr'><strong>doctrinam</strong></span> <span class='ocrx_word' id='word_1_882' title='bbox 2539 3327 2821 3397; x_wconf 71' lang='lat' dir='ltr'><strong>omnibus,</strong></span> <span class='ocrx_word' id='word_1_883' title='bbox 2861 3327 3163 3386; x_wconf 82' lang='lat' dir='ltr'><strong>felicitatem</strong></span> <span class='ocrx_word' id='word_1_884' title='bbox 3185 3373 3201 3396; x_wconf 96' lang='lat'><strong>,</strong></span> <span class='ocrx_word' id='word_1_885' title='bbox 3251 3332 3485 3388; x_wconf 72' lang='lat' dir='ltr'><strong>suavita—</strong></span> 
     </span>
    </p>
   </div>
   <div class='ocr_carea' id='block_1_123' title="bbox 1910 3398 3483 3469">
    <p class='ocr_par' dir='ltr' id='par_1_123' title="bbox 1910 3398 3483 3469">
     <span class='ocr_line' id='line_1_125' title="bbox 1910 3398 3483 3469; baseline 0.003 -16"><span class='ocrx_word' id='word_1_886' title='bbox 1910 3409 2040 3464; x_wconf 91' lang='lat' dir='ltr'><strong>tem,</strong></span> <span class='ocrx_word' id='word_1_887' title='bbox 2066 3398 2277 3468; x_wconf 89' lang='lat' dir='ltr'><strong>gaudia,</strong></span> <span class='ocrx_word' id='word_1_888' title='bbox 2310 3400 2650 3455; x_wconf 88' lang='lat' dir='ltr'><strong>stabilitatem</strong></span> <span class='ocrx_word' id='word_1_889' title='bbox 2681 3401 2860 3456; x_wconf 92' lang='lat' dir='ltr'><strong>cordis</strong></span> <span class='ocrx_word' id='word_1_890' title='bbox 2880 3443 2895 3466; x_wconf 97' lang='lat'><strong>,</strong></span> <span class='ocrx_word' id='word_1_891' title='bbox 2924 3402 3264 3457; x_wconf 88' lang='lat' dir='ltr'><strong>sobrietatem</strong></span> <span class='ocrx_word' id='word_1_892' title='bbox 3293 3417 3483 3469; x_wconf 89' lang='lat' dir='ltr'><strong>corpo-</strong></span> 
     </span>
    </p>
   </div>
   <div class='ocr_carea' id='block_1_124' title="bbox 1906 3469 3485 3538">
    <p class='ocr_par' dir='ltr' id='par_1_124' title="bbox 1906 3469 3485 3538">
     <span class='ocr_line' id='line_1_126' title="bbox 1906 3469 3485 3538; baseline 0.003 -15"><span class='ocrx_word' id='word_1_893' title='bbox 1906 3469 2014 3533; x_wconf 88' lang='lat' dir='ltr'><strong>ris,</strong></span> <span class='ocrx_word' id='word_1_894' title='bbox 2044 3471 2503 3538; x_wconf 88' lang='lat' dir='ltr'><strong>compunctionem</strong></span> <span class='ocrx_word' id='word_1_895' title='bbox 2546 3471 2755 3536; x_wconf 88' lang='lat' dir='ltr'><strong>mentis,</strong></span> <span class='ocrx_word' id='word_1_896' title='bbox 2789 3487 2966 3526; x_wconf 84' lang='lat' dir='ltr'><strong>veram</strong></span> <span class='ocrx_word' id='word_1_897' title='bbox 2998 3471 3345 3526; x_wconf 86' lang='lat' dir='ltr'><strong>lnnnilitatem</strong></span> <span class='ocrx_word' id='word_1_898' title='bbox 3382 3470 3485 3527; x_wconf 83' lang='lat' dir='ltr'><strong>do-</strong></span> 
     </span>
    </p>
   </div>
   <div class='ocr_carea' id='block_1_125' title="bbox 1909 3539 3485 3609">
    <p class='ocr_par' dir='ltr' id='par_1_125' title="bbox 1909 3539 3485 3609">
     <span class='ocr_line' id='line_1_127' title="bbox 1909 3539 3485 3609; baseline 0.003 -17"><span class='ocrx_word' id='word_1_899' title='bbox 1909 3551 2017 3602; x_wconf 89' lang='lat' dir='ltr'><strong>nat,</strong></span> <span class='ocrx_word' id='word_1_900' title='bbox 2036 3539 2348 3594; x_wconf 87' lang='lat' dir='ltr'><strong>charitatem</strong></span> <span class='ocrx_word' id='word_1_901' title='bbox 2379 3540 2665 3595; x_wconf 88' lang='lat' dir='ltr'><strong>fraternam</strong></span> <span class='ocrx_word' id='word_1_902' title='bbox 2698 3542 2896 3609; x_wconf 89' lang='lat' dir='ltr'><strong>implet,</strong></span> <span class='ocrx_word' id='word_1_903' title='bbox 2930 3552 2984 3596; x_wconf 90' lang='lat' dir='ltr'><strong>et</strong></span> <span class='ocrx_word' id='word_1_904' title='bbox 3007 3542 3246 3597; x_wconf 89' lang='lat' dir='ltr'><strong>timorem</strong></span> <span class='ocrx_word' id='word_1_905' title='bbox 3276 3541 3485 3597; x_wconf 88' lang='lat' dir='ltr'><strong>Domini</strong></span> 
     </span>
    </p>
   </div>
   <div class='ocr_carea' id='block_1_126' title="bbox 1907 3610 3484 3680">
    <p class='ocr_par' dir='ltr' id='par_1_126' title="bbox 1907 3610 3484 3680">
     <span class='ocr_line' id='line_1_128' title="bbox 1907 3610 3484 3680; baseline 0.003 -19"><span class='ocrx_word' id='word_1_906' title='bbox 1907 3610 2166 3680; x_wconf 85' lang='lat' dir='ltr'><strong>accendit.</strong></span> <span class='ocrx_word' id='word_1_907' title='bbox 2192 3610 2547 3677; x_wconf 85' lang='lat' dir='ltr'><strong>Quamobrem</strong></span> <span class='ocrx_word' id='word_1_908' title='bbox 2565 3652 2580 3675; x_wconf 93' lang='lat'><strong>,</strong></span> <span class='ocrx_word' id='word_1_909' title='bbox 2608 3611 2796 3665; x_wconf 87' lang='lat' dir='ltr'><strong>fratres</strong></span> <span class='ocrx_word' id='word_1_910' title='bbox 2824 3611 2949 3672; x_wconf 88' lang='lat' dir='ltr'><strong>mei,</strong></span> <span class='ocrx_word' id='word_1_911' title='bbox 2992 3613 3079 3677; x_wconf 83' lang='lat' dir='ltr'><strong>qui</strong></span> <span class='ocrx_word' id='word_1_912' title='bbox 3111 3612 3242 3665; x_wconf 87' lang='lat' dir='ltr'><strong>hanc</strong></span> <span class='ocrx_word' id='word_1_913' title='bbox 3272 3612 3484 3680; x_wconf 82' lang='lat' dir='ltr'><strong>sapien-</strong></span> 
     </span>
    </p>
   </div>
   <div class='ocr_carea' id='block_1_127' title="bbox 1907 3678 3483 3759">
    <p class='ocr_par' dir='ltr' id='par_1_127' title="bbox 1907 3678 3483 3759">
     <span class='ocr_line' id='line_1_129' title="bbox 1907 3678 3483 3759; baseline 0.001 -28"><span class='ocrx_word' id='word_1_914' title='bbox 1907 3679 2038 3759; x_wconf 72' lang='lat' dir='ltr'><strong>tiam</strong></span> <span class='ocrx_word' id='word_1_915' title='bbox 2056 3678 2245 3759; x_wconf 83' lang='lat' dir='ltr'><strong>diligit,</strong></span> <span class='ocrx_word' id='word_1_916' title='bbox 2277 3688 2332 3733; x_wconf 91' lang='lat' dir='ltr'><strong>et</strong></span> <span class='ocrx_word' id='word_1_917' title='bbox 2367 3681 2645 3759; x_wconf 81' lang='lat' dir='ltr'><strong>diligenter</strong></span> <span class='ocrx_word' id='word_1_918' title='bbox 2666 3681 2834 3759; x_wconf 87' lang='lat' dir='ltr'><strong>legem</strong></span> <span class='ocrx_word' id='word_1_919' title='bbox 2866 3680 3066 3759; x_wconf 79' lang='lat' dir='ltr'><strong>implet,</strong></span> <span class='ocrx_word' id='word_1_920' title='bbox 3097 3678 3364 3759; x_wconf 60' lang='lat' dir='ltr'><strong>maxiriiiis</strong></span> <span class='ocrx_word' id='word_1_921' title='bbox 3386 3696 3483 3759; x_wconf 79' lang='lat' dir='ltr'><strong>vo-</strong></span> 
     </span>
    </p>
   </div>
   <div class='ocr_carea' id='block_1_128' title="bbox 1906 3748 3483 3817">
    <p class='ocr_par' dir='ltr' id='par_1_128' title="bbox 1906 3748 3483 3817">
     <span class='ocr_line' id='line_1_130' title="bbox 1906 3748 3483 3817; baseline 0.002 -16"><span class='ocrx_word' id='word_1_922' title='bbox 1906 3748 2109 3801; x_wconf 90' lang='lat' dir='ltr'><strong>cabitur</strong></span> <span class='ocrx_word' id='word_1_923' title='bbox 2129 3816 2137 3817; x_wconf 14' lang='lat'><em>7</em></span> <span class='ocrx_word' id='word_1_924' title='bbox 2160 3748 2212 3800; x_wconf 90' lang='lat' dir='ltr'><strong>in</strong></span> <span class='ocrx_word' id='word_1_925' title='bbox 2240 3763 2403 3817; x_wconf 87' lang='lat' dir='ltr'><strong>regno</strong></span> <span class='ocrx_word' id='word_1_926' title='bbox 2451 3748 2707 3802; x_wconf 65' lang='lat' dir='ltr'><strong>caelorum</strong></span> <span class='ocrx_word' id='word_1_927' title='bbox 2729 3790 2743 3814; x_wconf 95' lang='lat'><strong>,</strong></span> <span class='ocrx_word' id='word_1_928' title='bbox 2774 3757 2826 3802; x_wconf 91' lang='lat' dir='ltr'><strong>et</strong></span> <span class='ocrx_word' id='word_1_929' title='bbox 2858 3748 3202 3816; x_wconf 83' lang='lat' dir='ltr'><strong>principatum</strong></span> <span class='ocrx_word' id='word_1_930' title='bbox 3230 3748 3483 3804; x_wconf 76' lang='lat' dir='ltr'><strong>Ecclesia:</strong></span> 
     </span>
    </p>
   </div>
   <div class='ocr_carea' id='block_1_129' title="bbox 1910 3816 3482 3888">
    <p class='ocr_par' dir='ltr' id='par_1_129' title="bbox 1910 3816 3482 3888">
     <span class='ocr_line' id='line_1_131' title="bbox 1910 3816 3482 3888; baseline 0.003 -19"><span class='ocrx_word' id='word_1_931' title='bbox 1910 3816 2235 3888; x_wconf 79' lang='lat' dir='ltr'><strong>possidebit,</strong></span> <span class='ocrx_word' id='word_1_932' title='bbox 2261 3816 2317 3871; x_wconf 86' lang='lat' dir='ltr'><strong>et</strong></span> <span class='ocrx_word' id='word_1_933' title='bbox 2352 3817 2564 3888; x_wconf 84' lang='lat' dir='ltr'><strong>praemia</strong></span> <span class='ocrx_word' id='word_1_934' title='bbox 2589 3828 2642 3871; x_wconf 88' lang='lat' dir='ltr'><strong>et</strong></span> <span class='ocrx_word' id='word_1_935' title='bbox 2688 3833 2907 3872; x_wconf 90' lang='lat' dir='ltr'><strong>munera</strong></span> <span class='ocrx_word' id='word_1_936' title='bbox 2937 3817 3152 3886; x_wconf 85' lang='lat' dir='ltr'><strong>cepiosa</strong></span> <span class='ocrx_word' id='word_1_937' title='bbox 3181 3818 3402 3888; x_wconf 89' lang='lat' dir='ltr'><strong>recipiet</strong></span> <span class='ocrx_word' id='word_1_938' title='bbox 3426 3818 3482 3872; x_wconf 89' lang='lat' dir='ltr'><strong>in</strong></span> 
     </span>
    </p>
   </div>
   <div class='ocr_carea' id='block_1_130' title="bbox 1907 3886 2547 3941">
    <p class='ocr_par' dir='ltr' id='par_1_130' title="bbox 1907 3886 2547 3941">
     <span class='ocr_line' id='line_1_132' title="bbox 1907 3886 2547 3941; baseline -0.006 -1"><span class='ocrx_word' id='word_1_939' title='bbox 1907 3886 1993 3940; x_wconf 90' lang='lat' dir='ltr'><strong>die</strong></span> <span class='ocrx_word' id='word_1_940' title='bbox 2020 3886 2328 3941; x_wconf 90' lang='lat' dir='ltr'><strong>novissimo.</strong></span> <span class='ocrx_word' id='word_1_941' title='bbox 2358 3887 2547 3939; x_wconf 81' lang='lat' dir='ltr'><strong>Amen.</strong></span> 
     </span>
    </p>
   </div>
   <div class='ocr_carea' id='block_1_131' title="bbox 2441 3971 2939 4028">
    <p class='ocr_par' dir='ltr' id='par_1_131' title="bbox 2441 3971 2939 4028">
     <span class='ocr_line' id='line_1_133' title="bbox 2441 3971 2939 4028; baseline -0.004 0"><span class='ocrx_word' id='word_1_942' title='bbox 2441 3971 2669 4028; x_wconf 74' lang='lat' dir='ltr'><strong>SERMO</strong></span> <span class='ocrx_word' id='word_1_943' title='bbox 2696 3972 2939 4028; x_wconf 80' lang='lat' dir='ltr'><strong>XXXIX.</strong></span> 
     </span>
    </p>
   </div>
   <div class='ocr_carea' id='block_1_132' title="bbox 2144 4079 3234 4120">
    <p class='ocr_par' dir='ltr' id='par_1_132' title="bbox 2144 4079 3234 4120">
     <span class='ocr_line' id='line_1_134' title="bbox 2144 4079 3234 4120; baseline -0.002 0"><span class='ocrx_word' id='word_1_944' title='bbox 2144 4082 2209 4120; x_wconf 82' lang='lat' dir='ltr'><strong>DE</strong></span> <span class='ocrx_word' id='word_1_945' title='bbox 2240 4081 2357 4120; x_wconf 76' lang='lat' dir='ltr'><strong>VI&#39;I&#39;A</strong></span> <span class='ocrx_word' id='word_1_946' title='bbox 2380 4079 2656 4120; x_wconf 72' lang='grc' dir='ltr'>εοιιτΑιιιΑ</span> <span class='ocrx_word' id='word_1_947' title='bbox 2686 4080 2752 4119; x_wconf 79' lang='grc' dir='ltr'><strong>ΕΤ</strong></span> <span class='ocrx_word' id='word_1_948' title='bbox 2776 4079 3234 4120; x_wconf 65' lang='lat' dir='ltr'><strong>CONTEIPLATIVA.</strong></span> 
     </span>
    </p>
   </div>
   <div class='ocr_carea' id='block_1_133' title="bbox 1977 4155 3479 4222">
    <p class='ocr_par' dir='ltr' id='par_1_133' title="bbox 1977 4155 3479 4222">
     <span class='ocr_line' id='line_1_135' title="bbox 1977 4155 3479 4222; baseline 0.003 -12"><span class='ocrx_word' id='word_1_949' title='bbox 1977 4157 2083 4211; x_wconf 83' lang='lat' dir='ltr'><strong>Pax</strong></span> <span class='ocrx_word' id='word_1_950' title='bbox 2109 4157 2256 4210; x_wconf 78' lang='lat' dir='ltr'><strong>vobis</strong></span> <span class='ocrx_word' id='word_1_951' title='bbox 2276 4198 2291 4222; x_wconf 93' lang='lat'><strong>,</strong></span> <span class='ocrx_word' id='word_1_952' title='bbox 2342 4155 2556 4220; x_wconf 87' lang='lat' dir='ltr'><strong>fratres,</strong></span> <span class='ocrx_word' id='word_1_953' title='bbox 2583 4163 2637 4210; x_wconf 83' lang='lat' dir='ltr'><strong>et</strong></span> <span class='ocrx_word' id='word_1_954' title='bbox 2665 4155 2896 4210; x_wconf 86' lang='lat' dir='ltr'><strong>charitas</strong></span> <span class='ocrx_word' id='word_1_955' title='bbox 2921 4171 3042 4210; x_wconf 90' lang='lat' dir='ltr'><strong>cum</strong></span> <span class='ocrx_word' id='word_1_956' title='bbox 3073 4157 3173 4212; x_wconf 89' lang='lat' dir='ltr'><strong>ﬁde</strong></span> <span class='ocrx_word' id='word_1_957' title='bbox 3200 4157 3349 4211; x_wconf 80' lang='lat' dir='ltr'><strong>vobis</strong></span> <span class='ocrx_word' id='word_1_958' title='bbox 3373 4173 3479 4214; x_wconf 91' lang='lat' dir='ltr'><strong>non</strong></span> 
     </span>
    </p>
   </div>
   <div class='ocr_carea' id='block_1_134' title="bbox 1906 4225 3483 4296">
    <p class='ocr_par' dir='ltr' id='par_1_134' title="bbox 1906 4225 3483 4296">
     <span class='ocr_line' id='line_1_136' title="bbox 1906 4225 3483 4296; baseline 0.002 -15"><span class='ocrx_word' id='word_1_959' title='bbox 1906 4226 2136 4296; x_wconf 88' lang='lat' dir='ltr'><strong>deﬁciat.</strong></span> <span class='ocrx_word' id='word_1_960' title='bbox 2170 4226 2278 4279; x_wconf 89' lang='lat' dir='ltr'><strong>Pax</strong></span> <span class='ocrx_word' id='word_1_961' title='bbox 2307 4227 2477 4291; x_wconf 89' lang='lat' dir='ltr'><strong>vobis,</strong></span> <span class='ocrx_word' id='word_1_962' title='bbox 2501 4225 2712 4289; x_wconf 85' lang='lat' dir='ltr'><strong>fratres,</strong></span> <span class='ocrx_word' id='word_1_963' title='bbox 2743 4226 2989 4296; x_wconf 89' lang='lat' dir='ltr'><strong>quoniam</strong></span> <span class='ocrx_word' id='word_1_964' title='bbox 3019 4226 3175 4282; x_wconf 91' lang='lat' dir='ltr'><strong>electi</strong></span> <span class='ocrx_word' id='word_1_965' title='bbox 3205 4229 3334 4282; x_wconf 90' lang='lat' dir='ltr'><strong>estis</strong></span> <span class='ocrx_word' id='word_1_966' title='bbox 3359 4235 3483 4283; x_wconf 90' lang='lat' dir='ltr'><strong>ante</strong></span> 
     </span>
    </p>
   </div>
   <div class='ocr_carea' id='block_1_135' title="bbox 1907 4295 3482 4361">
    <p class='ocr_par' dir='ltr' id='par_1_135' title="bbox 1907 4295 3482 4361">
     <span class='ocr_line' id='line_1_137' title="bbox 1907 4295 3482 4361; baseline 0.003 -12"><span class='ocrx_word' id='word_1_967' title='bbox 1907 4295 2087 4349; x_wconf 88' lang='lat' dir='ltr'><strong>mundi</strong></span> <span class='ocrx_word' id='word_1_968' title='bbox 2117 4296 2543 4351; x_wconf 77' lang='lat' dir='ltr'><strong>constitutionem</strong></span> <span class='ocrx_word' id='word_1_969' title='bbox 2572 4296 2623 4350; x_wconf 90' lang='lat' dir='ltr'><strong>in</strong></span> <span class='ocrx_word' id='word_1_970' title='bbox 2658 4295 2769 4350; x_wconf 87' lang='lat' dir='ltr'><strong>hac</strong></span> <span class='ocrx_word' id='word_1_971' title='bbox 2787 4304 2932 4351; x_wconf 87' lang='lat' dir='ltr'><strong>vasta</strong></span> <span class='ocrx_word' id='word_1_972' title='bbox 2959 4297 3262 4361; x_wconf 88' lang='lat' dir='ltr'><strong>solitudine,</strong></span> <span class='ocrx_word' id='word_1_973' title='bbox 3291 4309 3345 4351; x_wconf 89' lang='lat' dir='ltr'><strong>ut</strong></span> <span class='ocrx_word' id='word_1_974' title='bbox 3367 4298 3482 4353; x_wconf 92' lang='lat' dir='ltr'><strong>sitis</strong></span> 
     </span>
    </p>
   </div>
   <div class='ocr_carea' id='block_1_136' title="bbox 1906 4365 3478 4432">
    <p class='ocr_par' dir='ltr' id='par_1_136' title="bbox 1906 4365 3478 4432">
     <span class='ocr_line' id='line_1_138' title="bbox 1906 4365 3478 4432; baseline 0.002 -12"><span class='ocrx_word' id='word_1_975' title='bbox 1906 4381 2025 4420; x_wconf 90' lang='lat' dir='ltr'><strong>cum</strong></span> <span class='ocrx_word' id='word_1_976' title='bbox 2047 4365 2183 4431; x_wconf 87' lang='lat' dir='ltr'><strong>Elia,</strong></span> <span class='ocrx_word' id='word_1_977' title='bbox 2214 4366 2395 4432; x_wconf 89' lang='lat' dir='ltr'><strong>Paulo,</strong></span> <span class='ocrx_word' id='word_1_978' title='bbox 2417 4366 2702 4431; x_wconf 89' lang='lat' dir='ltr'><strong>llilarione,</strong></span> <span class='ocrx_word' id='word_1_979' title='bbox 2727 4368 2958 4420; x_wconf 85' lang='lat' dir='ltr'><strong>Antonio</strong></span> <span class='ocrx_word' id='word_1_980' title='bbox 2986 4377 3037 4420; x_wconf 92' lang='lat' dir='ltr'><strong>et</strong></span> <span class='ocrx_word' id='word_1_981' title='bbox 3062 4366 3284 4432; x_wconf 85' lang='lat' dir='ltr'><strong>Joanne,</strong></span> <span class='ocrx_word' id='word_1_982' title='bbox 3311 4368 3478 4423; x_wconf 75' lang='lat' dir='ltr'><strong>sancti</strong></span> 
     </span>
    </p>
   </div>
   <div class='ocr_carea' id='block_1_137' title="bbox 1906 4436 3479 4505">
    <p class='ocr_par' dir='ltr' id='par_1_137' title="bbox 1906 4436 3479 4505">
     <span class='ocr_line' id='line_1_139' title="bbox 1906 4436 3479 4505; baseline -0.001 -14"><span class='ocrx_word' id='word_1_983' title='bbox 1906 4444 1961 4491; x_wconf 90' lang='lat' dir='ltr'><strong>ct</strong></span> <span class='ocrx_word' id='word_1_984' title='bbox 1985 4436 2305 4490; x_wconf 89' lang='lat' dir='ltr'><strong>immaculati</strong></span> <span class='ocrx_word' id='word_1_985' title='bbox 2338 4437 2388 4490; x_wconf 88' lang='lat' dir='ltr'><strong>in</strong></span> <span class='ocrx_word' id='word_1_986' title='bbox 2423 4445 2710 4505; x_wconf 84' lang='lat' dir='ltr'><strong>conSpectu</strong></span> <span class='ocrx_word' id='word_1_987' title='bbox 2740 4436 2853 4489; x_wconf 90' lang='lat' dir='ltr'><strong>Dei.</strong></span> <span class='ocrx_word' id='word_1_988' title='bbox 2885 4436 2993 4489; x_wconf 86' lang='lat' dir='ltr'><strong>Pax</strong></span> <span class='ocrx_word' id='word_1_989' title='bbox 3018 4438 3192 4504; x_wconf 90' lang='lat' dir='ltr'><strong>vobis,</strong></span> <span class='ocrx_word' id='word_1_990' title='bbox 3233 4439 3479 4505; x_wconf 84' lang='lat' dir='ltr'><strong>quoniam</strong></span> 
     </span>
    </p>
   </div>
   <div class='ocr_carea' id='block_1_138' title="bbox 1906 4505 3478 4575">
    <p class='ocr_par' dir='ltr' id='par_1_138' title="bbox 1906 4505 3478 4575">
     <span class='ocr_line' id='line_1_140' title="bbox 1906 4505 3478 4575; baseline -0.001 -15"><span class='ocrx_word' id='word_1_991' title='bbox 1906 4522 2010 4560; x_wconf 89' lang='lat' dir='ltr'><strong>non</strong></span> <span class='ocrx_word' id='word_1_992' title='bbox 2040 4507 2171 4560; x_wconf 87' lang='lat' dir='ltr'><strong>estis</strong></span> <span class='ocrx_word' id='word_1_993' title='bbox 2208 4520 2375 4575; x_wconf 89' lang='lat' dir='ltr'><strong>genus</strong></span> <span class='ocrx_word' id='word_1_994' title='bbox 2399 4506 2682 4575; x_wconf 80' lang='lat' dir='ltr'><strong>abjeCtum,</strong></span> <span class='ocrx_word' id='word_1_995' title='bbox 2713 4505 2806 4559; x_wconf 87' lang='lat' dir='ltr'><strong>sed</strong></span> <span class='ocrx_word' id='word_1_996' title='bbox 2852 4505 3112 4568; x_wconf 84' lang='lat' dir='ltr'><strong>electum;</strong></span> <span class='ocrx_word' id='word_1_997' title='bbox 3140 4521 3242 4558; x_wconf 91' lang='lat' dir='ltr'><strong>non</strong></span> <span class='ocrx_word' id='word_1_998' title='bbox 3273 4507 3478 4568; x_wconf 77' lang='lat' dir='ltr'><strong>venale,</strong></span> 
     </span>
    </p>
   </div>
   <div class='ocr_carea' id='block_1_139' title="bbox 1906 4574 3481 4643">
    <p class='ocr_par' dir='ltr' id='par_1_139' title="bbox 1906 4574 3481 4643">
     <span class='ocr_line' id='line_1_141' title="bbox 1906 4574 3481 4643; baseline 0 -14"><span class='ocrx_word' id='word_1_999' title='bbox 1906 4576 2000 4630; x_wconf 89' lang='lat' dir='ltr'><strong>sed</strong></span> <span class='ocrx_word' id='word_1_1000' title='bbox 2053 4574 2233 4643; x_wconf 83' lang='lat' dir='ltr'><strong>regale</strong></span> <span class='ocrx_word' id='word_1_1001' title='bbox 2279 4574 2665 4636; x_wconf 87' lang='lat' dir='ltr'><strong>sacerdotium;</strong></span> <span class='ocrx_word' id='word_1_1002' title='bbox 2713 4588 2816 4627; x_wconf 92' lang='lat' dir='ltr'><strong>non</strong></span> <span class='ocrx_word' id='word_1_1003' title='bbox 2867 4588 2997 4642; x_wconf 86' lang='lat' dir='ltr'><strong>gens</strong></span> <span class='ocrx_word' id='word_1_1004' title='bbox 3040 4575 3336 4643; x_wconf 86' lang='lat' dir='ltr'><strong>obstinata,</strong></span> <span class='ocrx_word' id='word_1_1005' title='bbox 3386 4576 3481 4629; x_wconf 91' lang='lat' dir='ltr'><strong>sed</strong></span> 
     </span>
    </p>
   </div>
   <div class='ocr_carea' id='block_1_140' title="bbox 1905 4642 3555 4712">
    <p class='ocr_par' dir='ltr' id='par_1_140' title="bbox 1905 4642 3555 4712">
     <span class='ocr_line' id='line_1_142' title="bbox 1905 4642 3555 4712; baseline -0.002 -12"><span class='ocrx_word' id='word_1_1006' title='bbox 1905 4642 2131 4708; x_wconf 59' lang='lat' dir='ltr'><strong>sancta,</strong></span> <span class='ocrx_word' id='word_1_1007' title='bbox 2174 4660 2277 4697; x_wconf 89' lang='lat' dir='ltr'><strong>non</strong></span> <span class='ocrx_word' id='word_1_1008' title='bbox 2320 4644 2543 4711; x_wconf 90' lang='lat' dir='ltr'><strong>populus</strong></span> <span class='ocrx_word' id='word_1_1009' title='bbox 2581 4643 2926 4711; x_wconf 88' lang='lat' dir='ltr'><strong>perditionis,</strong></span> <span class='ocrx_word' id='word_1_1010' title='bbox 2977 4642 3071 4696; x_wconf 89' lang='lat' dir='ltr'><strong>sed</strong></span> <span class='ocrx_word' id='word_1_1011' title='bbox 3101 4644 3479 4712; x_wconf 87' lang='lat' dir='ltr'><strong>acquisitionis.</strong></span> <span class='ocrx_word' id='word_1_1012' title='bbox 3548 4648 3555 4651; x_wconf 83' lang='grc'><strong><em>“</em></strong></span> 
     </span>
    </p>
   </div>
   <div class='ocr_carea' id='block_1_141' title="bbox 1906 4712 3481 4781">
    <p class='ocr_par' dir='ltr' id='par_1_141' title="bbox 1906 4712 3481 4781">
     <span class='ocr_line' id='line_1_143' title="bbox 1906 4712 3481 4781; baseline -0.001 -12"><span class='ocrx_word' id='word_1_1013' title='bbox 1906 4716 2013 4769; x_wconf 88' lang='lat' dir='ltr'><strong>Pax</strong></span> <span class='ocrx_word' id='word_1_1014' title='bbox 2063 4714 2246 4779; x_wconf 90' lang='lat' dir='ltr'><strong>vobis,</strong></span> <span class='ocrx_word' id='word_1_1015' title='bbox 2292 4714 2380 4781; x_wconf 89' lang='lat' dir='ltr'><strong>qui</strong></span> <span class='ocrx_word' id='word_1_1016' title='bbox 2414 4727 2519 4765; x_wconf 90' lang='lat' dir='ltr'><strong>non</strong></span> <span class='ocrx_word' id='word_1_1017' title='bbox 2548 4712 3002 4767; x_wconf 85' lang='lat' dir='ltr'><strong>conversationem</strong></span> <span class='ocrx_word' id='word_1_1018' title='bbox 3044 4712 3346 4776; x_wconf 87' lang='lat' dir='ltr'><strong>hominum,</strong></span> <span class='ocrx_word' id='word_1_1019' title='bbox 3387 4713 3481 4767; x_wconf 89' lang='lat' dir='ltr'><strong>sed</strong></span> 
     </span>
    </p>
   </div>
   <div class='ocr_carea' id='block_1_142' title="bbox 1907 4781 3474 4853">
    <p class='ocr_par' dir='ltr' id='par_1_142' title="bbox 1907 4781 3474 4853">
     <span class='ocr_line' id='line_1_144' title="bbox 1907 4781 3474 4853; baseline -0.001 -15"><span class='ocrx_word' id='word_1_1020' title='bbox 1907 4784 2229 4853; x_wconf 85' lang='lat' dir='ltr'><strong>Angelorum</strong></span> <span class='ocrx_word' id='word_1_1021' title='bbox 2259 4782 2309 4836; x_wconf 94' lang='lat' dir='ltr'><strong>in</strong></span> <span class='ocrx_word' id='word_1_1022' title='bbox 2340 4781 2486 4835; x_wconf 88' lang='lat' dir='ltr'><strong>silvis</strong></span> <span class='ocrx_word' id='word_1_1023' title='bbox 2529 4790 2582 4835; x_wconf 91' lang='lat' dir='ltr'><strong>et</strong></span> <span class='ocrx_word' id='word_1_1024' title='bbox 2610 4782 2915 4853; x_wconf 87' lang='lat' dir='ltr'><strong>nemoribus</strong></span> <span class='ocrx_word' id='word_1_1025' title='bbox 2941 4782 3216 4834; x_wconf 89' lang='lat' dir='ltr'><strong>adamatis.</strong></span> <span class='ocrx_word' id='word_1_1026' title='bbox 3248 4783 3351 4853; x_wconf 82' lang='lat' dir='ltr'><strong>Pax</strong></span> <span class='ocrx_word' id='word_1_1027' title='bbox 3384 4799 3474 4853; x_wconf 77' lang='lat' dir='ltr'><strong>vo-</strong></span> 
     </span>
    </p>
   </div>
   <div class='ocr_carea' id='block_1_143' title="bbox 1906 4851 3482 4922">
    <p class='ocr_par' dir='ltr' id='par_1_143' title="bbox 1906 4851 3482 4922">
     <span class='ocr_line' id='line_1_145' title="bbox 1906 4851 3482 4922; baseline 0 -14"><span class='ocrx_word' id='word_1_1028' title='bbox 1906 4851 2020 4916; x_wconf 65' lang='lat' dir='ltr'><strong>bis,</strong></span> <span class='ocrx_word' id='word_1_1029' title='bbox 2049 4862 2103 4907; x_wconf 89' lang='lat' dir='ltr'><strong>et</strong></span> <span class='ocrx_word' id='word_1_1030' title='bbox 2127 4868 2251 4906; x_wconf 89' lang='lat' dir='ltr'><strong>vera</strong></span> <span class='ocrx_word' id='word_1_1031' title='bbox 2282 4852 2654 4922; x_wconf 80' lang='lat' dir='ltr'><strong>Apostolorum</strong></span> <span class='ocrx_word' id='word_1_1032' title='bbox 2672 4852 2924 4922; x_wconf 68' lang='lat' dir='ltr'><strong>charitas,</strong></span> <span class='ocrx_word' id='word_1_1033' title='bbox 2957 4858 3200 4922; x_wconf 84' lang='lat' dir='ltr'><strong>tanquam</strong></span> <span class='ocrx_word' id='word_1_1034' title='bbox 3227 4851 3358 4906; x_wconf 90' lang='lat' dir='ltr'><strong>nihil</strong></span> <span class='ocrx_word' id='word_1_1035' title='bbox 3383 4852 3482 4908; x_wconf 87' lang='lat' dir='ltr'><strong>ha-</strong></span> 
     </span>
    </p>
   </div>
   <div class='ocr_carea' id='block_1_144' title="bbox 1908 4920 3482 4991">
    <p class='ocr_par' dir='ltr' id='par_1_144' title="bbox 1908 4920 3482 4991">
     <span class='ocr_line' id='line_1_146' title="bbox 1908 4920 3482 4991; baseline 0 -14"><span class='ocrx_word' id='word_1_1036' title='bbox 1908 4927 2114 4987; x_wconf 90' lang='lat' dir='ltr'><strong>bentes,</strong></span> <span class='ocrx_word' id='word_1_1037' title='bbox 2146 4931 2199 4977; x_wconf 92' lang='lat' dir='ltr'><strong>et</strong></span> <span class='ocrx_word' id='word_1_1038' title='bbox 2225 4920 2399 4976; x_wconf 82' lang='lat' dir='ltr'><strong>omnia</strong></span> <span class='ocrx_word' id='word_1_1039' title='bbox 2428 4921 2779 4991; x_wconf 88' lang='lat' dir='ltr'><strong>possidentes.</strong></span> <span class='ocrx_word' id='word_1_1040' title='bbox 2807 4920 2919 4974; x_wconf 86' lang='lat' dir='ltr'><strong>Pax</strong></span> <span class='ocrx_word' id='word_1_1041' title='bbox 2943 4920 3093 4991; x_wconf 78' lang='lat' dir='ltr'><strong>vobis</strong></span> <span class='ocrx_word' id='word_1_1042' title='bbox 3113 4921 3334 4991; x_wconf 75' lang='lat' dir='ltr'><strong>,fratrcs</strong></span> <span class='ocrx_word' id='word_1_1043' title='bbox 3377 4922 3482 4977; x_wconf 92' lang='lat' dir='ltr'><strong>mei</strong></span> 
     </span>
    </p>
   </div>
   <div class='ocr_carea' id='block_1_145' title="bbox 1907 4989 3479 5061">
    <p class='ocr_par' dir='ltr' id='par_1_145' title="bbox 1907 4989 3479 5061">
     <span class='ocr_line' id='line_1_147' title="bbox 1907 4989 3479 5061; baseline -0.001 -15"><span class='ocrx_word' id='word_1_1044' title='bbox 1907 5001 1961 5047; x_wconf 91' lang='lat' dir='ltr'><strong>et</strong></span> <span class='ocrx_word' id='word_1_1045' title='bbox 1990 4992 2082 5045; x_wconf 91' lang='lat' dir='ltr'><strong>ﬁlii</strong></span> <span class='ocrx_word' id='word_1_1046' title='bbox 2111 4992 2211 5045; x_wconf 91' lang='lat' dir='ltr'><strong>mei</strong></span> <span class='ocrx_word' id='word_1_1047' title='bbox 2251 4989 2601 5055; x_wconf 79' lang='lat' dir='ltr'><strong>dilectissimi,</strong></span> <span class='ocrx_word' id='word_1_1048' title='bbox 2628 5004 2761 5061; x_wconf 88' lang='lat' dir='ltr'><strong>quos</strong></span> <span class='ocrx_word' id='word_1_1049' title='bbox 2784 4989 3097 5061; x_wconf 83' lang='lat' dir='ltr'><strong>quotidiein</strong></span> <span class='ocrx_word' id='word_1_1050' title='bbox 3113 4990 3327 5045; x_wconf 87' lang='lat' dir='ltr'><strong>Christo</strong></span> <span class='ocrx_word' id='word_1_1051' title='bbox 3355 5006 3479 5061; x_wconf 87' lang='lat' dir='ltr'><strong>par-</strong></span> 
     </span>
    </p>
   </div>
   <div class='ocr_carea' id='block_1_146' title="bbox 1909 5059 3477 5130">
    <p class='ocr_par' dir='ltr' id='par_1_146' title="bbox 1909 5059 3477 5130">
     <span class='ocr_line' id='line_1_148' title="bbox 1909 5059 3477 5130; baseline 0 -15"><span class='ocrx_word' id='word_1_1052' title='bbox 1909 5061 2050 5115; x_wconf 90' lang='lat' dir='ltr'><strong>turio</strong></span> <span class='ocrx_word' id='word_1_1053' title='bbox 2073 5061 2125 5114; x_wconf 91' lang='lat' dir='ltr'><strong>in</strong></span> <span class='ocrx_word' id='word_1_1054' title='bbox 2150 5061 2445 5116; x_wconf 86' lang='lat' dir='ltr'><strong>visceribus</strong></span> <span class='ocrx_word' id='word_1_1055' title='bbox 2470 5059 2762 5115; x_wconf 84' lang='lat' dir='ltr'><strong>charitatis.</strong></span> <span class='ocrx_word' id='word_1_1056' title='bbox 2785 5060 2892 5114; x_wconf 83' lang='lat' dir='ltr'><strong>Pax</strong></span> <span class='ocrx_word' id='word_1_1057' title='bbox 2923 5059 3074 5114; x_wconf 89' lang='lat' dir='ltr'><strong>vobis</strong></span> <span class='ocrx_word' id='word_1_1058' title='bbox 3101 5060 3211 5129; x_wconf 92' lang='lat' dir='ltr'><strong>illa,</strong></span> <span class='ocrx_word' id='word_1_1059' title='bbox 3242 5059 3477 5130; x_wconf 82' lang='lat' dir='ltr'><strong>inquam,</strong></span> 
     </span>
    </p>
   </div>
   <div class='ocr_carea' id='block_1_147' title="bbox 1907 5131 3483 5200">
    <p class='ocr_par' dir='ltr' id='par_1_147' title="bbox 1907 5131 3483 5200">
     <span class='ocr_line' id='line_1_149' title="bbox 1907 5131 3483 5200; baseline -0.001 -14"><span class='ocrx_word' id='word_1_1060' title='bbox 1907 5131 2125 5195; x_wconf 89' lang='lat' dir='ltr'><strong>Christi,</strong></span> <span class='ocrx_word' id='word_1_1061' title='bbox 2158 5145 2275 5200; x_wconf 80' lang='lat' dir='ltr'><strong>quae</strong></span> <span class='ocrx_word' id='word_1_1062' title='bbox 2301 5137 2588 5199; x_wconf 86' lang='lat' dir='ltr'><strong>exsuperat</strong></span> <span class='ocrx_word' id='word_1_1063' title='bbox 2610 5145 2821 5200; x_wconf 89' lang='lat' dir='ltr'><strong>omnem</strong></span> <span class='ocrx_word' id='word_1_1064' title='bbox 2838 5144 3081 5200; x_wconf 86' lang='lat' dir='ltr'><strong>sensum,</strong></span> <span class='ocrx_word' id='word_1_1065' title='bbox 3108 5132 3390 5194; x_wconf 91' lang='lat' dir='ltr'><strong>custodiat,</strong></span> <span class='ocrx_word' id='word_1_1066' title='bbox 3423 5139 3483 5184; x_wconf 91' lang='lat' dir='ltr'><strong>ut</strong></span> 
     </span>
    </p>
   </div>
   <div class='ocr_carea' id='block_1_148' title="bbox 1908 5199 3482 5271">
    <p class='ocr_par' dir='ltr' id='par_1_148' title="bbox 1908 5199 3482 5271">
     <span class='ocr_line' id='line_1_150' title="bbox 1908 5199 3482 5271; baseline -0.001 -15"><span class='ocrx_word' id='word_1_1067' title='bbox 1908 5210 2173 5271; x_wconf 86' lang='lat' dir='ltr'><strong>optamus,</strong></span> <span class='ocrx_word' id='word_1_1068' title='bbox 2202 5200 2361 5254; x_wconf 90' lang='lat' dir='ltr'><strong>corda</strong></span> <span class='ocrx_word' id='word_1_1069' title='bbox 2404 5208 2581 5256; x_wconf 88' lang='lat' dir='ltr'><strong>nostra</strong></span> <span class='ocrx_word' id='word_1_1070' title='bbox 2621 5208 2675 5271; x_wconf 91' lang='lat' dir='ltr'><strong>et</strong></span> <span class='ocrx_word' id='word_1_1071' title='bbox 2700 5199 3078 5271; x_wconf 87' lang='lat' dir='ltr'><strong>intelligentias</strong></span> <span class='ocrx_word' id='word_1_1072' title='bbox 3107 5209 3334 5271; x_wconf 82' lang='lat' dir='ltr'><strong>nostras.</strong></span> <span class='ocrx_word' id='word_1_1073' title='bbox 3371 5200 3482 5271; x_wconf 83' lang='lat' dir='ltr'><strong>Pax</strong></span> 
     </span>
    </p>
   </div>
   <div class='ocr_carea' id='block_1_149' title="bbox 1908 5269 3483 5340">
    <p class='ocr_par' dir='ltr' id='par_1_149' title="bbox 1908 5269 3483 5340">
     <span class='ocr_line' id='line_1_151' title="bbox 1908 5269 3483 5340; baseline -0.001 -15"><span class='ocrx_word' id='word_1_1074' title='bbox 1908 5269 2080 5333; x_wconf 87' lang='lat' dir='ltr'><strong>vobis,</strong></span> <span class='ocrx_word' id='word_1_1075' title='bbox 2123 5271 2335 5334; x_wconf 88' lang='lat' dir='ltr'><strong>fratres,</strong></span> <span class='ocrx_word' id='word_1_1076' title='bbox 2366 5271 2454 5340; x_wconf 91' lang='lat' dir='ltr'><strong>qui</strong></span> <span class='ocrx_word' id='word_1_1077' title='bbox 2499 5270 2751 5340; x_wconf 83' lang='lat' dir='ltr'><strong>saeculum</strong></span> <span class='ocrx_word' id='word_1_1078' title='bbox 2795 5270 3060 5336; x_wconf 89' lang='lat' dir='ltr'><strong>calcastis,</strong></span> <span class='ocrx_word' id='word_1_1079' title='bbox 3088 5269 3343 5340; x_wconf 88' lang='lat' dir='ltr'><strong>mundum</strong></span> <span class='ocrx_word' id='word_1_1080' title='bbox 3389 5270 3483 5324; x_wconf 80' lang='lat' dir='ltr'><strong>de-</strong></span> 
     </span>
    </p>
   </div>
   <div class='ocr_carea' id='block_1_150' title="bbox 1909 5338 3580 5409">
    <p class='ocr_par' dir='ltr' id='par_1_150' title="bbox 1909 5338 3580 5409">
     <span class='ocr_line' id='line_1_152' title="bbox 1909 5338 3580 5409; baseline -0.001 -14"><span class='ocrx_word' id='word_1_1081' title='bbox 1909 5341 2177 5409; x_wconf 85' lang='lat' dir='ltr'><strong>spexistis,</strong></span> <span class='ocrx_word' id='word_1_1082' title='bbox 2205 5356 2308 5394; x_wconf 90' lang='lat' dir='ltr'><strong>non</strong></span> <span class='ocrx_word' id='word_1_1083' title='bbox 2338 5338 2546 5394; x_wconf 85' lang='lat' dir='ltr'><strong>laudem</strong></span> <span class='ocrx_word' id='word_1_1084' title='bbox 2590 5338 2774 5394; x_wconf 91' lang='lat' dir='ltr'><strong>mundi</strong></span> <span class='ocrx_word' id='word_1_1085' title='bbox 2811 5354 2977 5408; x_wconf 91' lang='lat' dir='ltr'><strong>usque</strong></span> <span class='ocrx_word' id='word_1_1086' title='bbox 3003 5353 3143 5394; x_wconf 91' lang='lat' dir='ltr'><strong>nunc</strong></span> <span class='ocrx_word' id='word_1_1087' title='bbox 3171 5339 3480 5405; x_wconf 81' lang='lat' dir='ltr'><strong>adamastis,</strong></span> <span class='ocrx_word' id='word_1_1088' title='bbox 3569 5387 3580 5406; x_wconf 86' lang='grc'><em>,</em></span> 
     </span>
    </p>
   </div>
   <div class='ocr_carea' id='block_1_151' title="bbox 1909 5409 3481 5480">
    <p class='ocr_par' dir='ltr' id='par_1_151' title="bbox 1909 5409 3481 5480">
     <span class='ocr_line' id='line_1_153' title="bbox 1909 5409 3481 5480; baseline -0.001 -17"><span class='ocrx_word' id='word_1_1089' title='bbox 1909 5412 2075 5477; x_wconf 89' lang='lat' dir='ltr'><strong>risum</strong></span> <span class='ocrx_word' id='word_1_1090' title='bbox 2104 5410 2373 5464; x_wconf 89' lang='lat' dir='ltr'><strong>hominum</strong></span> <span class='ocrx_word' id='word_1_1091' title='bbox 2402 5410 2628 5480; x_wconf 90' lang='lat' dir='ltr'><strong>fugistis,</strong></span> <span class='ocrx_word' id='word_1_1092' title='bbox 2649 5420 2707 5463; x_wconf 89' lang='lat' dir='ltr'><strong>ut</strong></span> <span class='ocrx_word' id='word_1_1093' title='bbox 2740 5410 2939 5480; x_wconf 78' lang='lat' dir='ltr'><strong>sanctis</strong></span> <span class='ocrx_word' id='word_1_1094' title='bbox 2963 5409 3259 5480; x_wconf 84' lang='lat' dir='ltr'><strong>agminibus</strong></span> <span class='ocrx_word' id='word_1_1095' title='bbox 3296 5420 3350 5463; x_wconf 92' lang='lat' dir='ltr'><strong>et</strong></span> <span class='ocrx_word' id='word_1_1096' title='bbox 3382 5425 3481 5463; x_wconf 90' lang='lat' dir='ltr'><strong>an-</strong></span> 
     </span>
    </p>
   </div>
   <div class='ocr_carea' id='block_1_152' title="bbox 1909 5478 3482 5603">
    <p class='ocr_par' dir='ltr' id='par_1_152' title="bbox 1909 5478 3482 5603">
     <span class='ocr_line' id='line_1_154' title="bbox 1909 5478 3482 5603; baseline 0.001 -70"><span class='ocrx_word' id='word_1_1097' title='bbox 1909 5481 2092 5603; x_wconf 51' lang='lat' dir='ltr'><strong>gelicis</strong></span> <span class='ocrx_word' id='word_1_1098' title='bbox 2115 5479 2392 5550; x_wconf 88' lang='lat' dir='ltr'><strong>colloquiis</strong></span> <span class='ocrx_word' id='word_1_1099' title='bbox 2431 5478 2621 5534; x_wconf 83' lang='lat' dir='ltr'><strong>vacare</strong></span> <span class='ocrx_word' id='word_1_1100' title='bbox 2654 5478 2883 5548; x_wconf 88' lang='lat' dir='ltr'><strong>possitis.</strong></span> <span class='ocrx_word' id='word_1_1101' title='bbox 2913 5478 3023 5532; x_wconf 86' lang='lat' dir='ltr'><strong>Pax</strong></span> <span class='ocrx_word' id='word_1_1102' title='bbox 3046 5479 3199 5532; x_wconf 87' lang='lat' dir='ltr'><strong>vobis</strong></span> <span class='ocrx_word' id='word_1_1103' title='bbox 3218 5521 3232 5544; x_wconf 97' lang='lat'><strong>,</strong></span> <span class='ocrx_word' id='word_1_1104' title='bbox 3265 5494 3398 5549; x_wconf 90' lang='lat' dir='ltr'><strong>quos</strong></span> <span class='ocrx_word' id='word_1_1105' title='bbox 3428 5480 3482 5534; x_wconf 93' lang='lat' dir='ltr'><strong>in</strong></span> 
     </span>
     <span class='ocr_line' id='line_1_155' title="bbox 1950 5548 3482 5603; baseline 0.001 -1"><span class='ocrx_word' id='word_1_1106' title='bbox 1950 5549 2047 5603; x_wconf 92' lang='lat' dir='ltr'><strong>lios</strong></span> <span class='ocrx_word' id='word_1_1107' title='bbox 2072 5559 2126 5603; x_wconf 88' lang='lat' dir='ltr'><strong>et</strong></span> <span class='ocrx_word' id='word_1_1108' title='bbox 2141 5551 2328 5603; x_wconf 88' lang='lat' dir='ltr'><strong>fratres</strong></span> <span class='ocrx_word' id='word_1_1109' title='bbox 2343 5549 2497 5603; x_wconf 68' lang='lat' dir='ltr'><strong>elegi.</strong></span> <span class='ocrx_word' id='word_1_1110' title='bbox 2520 5559 2577 5603; x_wconf 90' lang='lat' dir='ltr'><strong>ut</strong></span> <span class='ocrx_word' id='word_1_1111' title='bbox 2601 5556 2875 5603; x_wconf 90' lang='lat' dir='ltr'><strong>consortes</strong></span> <span class='ocrx_word' id='word_1_1112' title='bbox 2894 5557 2948 5602; x_wconf 93' lang='lat' dir='ltr'><strong>et</strong></span> <span class='ocrx_word' id='word_1_1113' title='bbox 2968 5548 3250 5603; x_wconf 76' lang='lat' dir='ltr'><strong>participes</strong></span> <span class='ocrx_word' id='word_1_1114' title='bbox 3271 5565 3365 5603; x_wconf 92' lang='lat' dir='ltr'><strong>vos</strong></span> <span class='ocrx_word' id='word_1_1115' title='bbox 3386 5550 3482 5603; x_wconf 90' lang='lat' dir='ltr'><strong>ha-</strong></span> 
     </span>
    </p>
   </div>
   <div class='ocr_carea' id='block_1_153' title="bbox 1950 5548 3483 5619">
    <p class='ocr_par' dir='ltr' id='par_1_153' title="bbox 1950 5548 3483 5619">
     <span class='ocr_line' id='line_1_156' title="bbox 1950 5548 3483 5619; baseline 0.001 -17"><span class='ocrx_word' id='word_1_1116' title='bbox 1950 5549 2047 5603; x_wconf 92' lang='lat' dir='ltr'><strong>lios</strong></span> <span class='ocrx_word' id='word_1_1117' title='bbox 2072 5559 2126 5604; x_wconf 88' lang='lat' dir='ltr'><strong>et</strong></span> <span class='ocrx_word' id='word_1_1118' title='bbox 2141 5548 2328 5604; x_wconf 87' lang='lat' dir='ltr'><strong>fratres</strong></span> <span class='ocrx_word' id='word_1_1119' title='bbox 2343 5549 2497 5619; x_wconf 88' lang='lat' dir='ltr'><strong>elegi,</strong></span> <span class='ocrx_word' id='word_1_1120' title='bbox 2520 5559 2577 5603; x_wconf 90' lang='lat' dir='ltr'><strong>ut</strong></span> <span class='ocrx_word' id='word_1_1121' title='bbox 2601 5556 2877 5619; x_wconf 86' lang='lat' dir='ltr'><strong>consortes</strong></span> <span class='ocrx_word' id='word_1_1122' title='bbox 2894 5557 2948 5619; x_wconf 92' lang='lat' dir='ltr'><strong>et</strong></span> <span class='ocrx_word' id='word_1_1123' title='bbox 2968 5548 3250 5618; x_wconf 86' lang='lat' dir='ltr'><strong>participes</strong></span> <span class='ocrx_word' id='word_1_1124' title='bbox 3271 5548 3365 5603; x_wconf 85' lang='lat' dir='ltr'><strong>vos</strong></span> <span class='ocrx_word' id='word_1_1125' title='bbox 3386 5550 3483 5603; x_wconf 90' lang='lat' dir='ltr'><strong>ha-</strong></span> 
     </span>
    </p>
   </div>
   <div class='ocr_carea' id='block_1_154' title="bbox 1908 5617 3480 5674">
    <p class='ocr_par' dir='ltr' id='par_1_154' title="bbox 1908 5617 3480 5674">
     <span class='ocr_line' id='line_1_157' title="bbox 1908 5617 3480 5674; baseline 0.001 -1"><span class='ocrx_word' id='word_1_1126' title='bbox 1908 5619 2061 5673; x_wconf 89' lang='lat' dir='ltr'><strong>beam</strong></span> <span class='ocrx_word' id='word_1_1127' title='bbox 2108 5620 2162 5672; x_wconf 92' lang='lat' dir='ltr'><strong>in</strong></span> <span class='ocrx_word' id='word_1_1128' title='bbox 2205 5617 2581 5674; x_wconf 84' lang='lat' dir='ltr'><strong>tentationihus</strong></span> <span class='ocrx_word' id='word_1_1129' title='bbox 2618 5619 2770 5673; x_wconf 90' lang='lat' dir='ltr'><strong>meis.</strong></span> <span class='ocrx_word' id='word_1_1130' title='bbox 2803 5617 2882 5672; x_wconf 83' lang='lat' dir='ltr'><strong>Ad</strong></span> <span class='ocrx_word' id='word_1_1131' title='bbox 2909 5617 3045 5673; x_wconf 92' lang='lat' dir='ltr'><strong>hanc</strong></span> <span class='ocrx_word' id='word_1_1132' title='bbox 3096 5617 3271 5674; x_wconf 87' lang='lat' dir='ltr'><strong>autem</strong></span> <span class='ocrx_word' id='word_1_1133' title='bbox 3317 5622 3480 5674; x_wconf 87' lang='lat' dir='ltr'><strong>vitam</strong></span> 
     </span>
    </p>
   </div>
   <div class='ocr_carea' id='block_1_155' title="bbox 1905 5688 3479 5758">
    <p class='ocr_par' dir='ltr' id='par_1_155' title="bbox 1905 5688 3479 5758">
     <span class='ocr_line' id='line_1_158' title="bbox 1905 5688 3479 5758; baseline 0.002 -17"><span class='ocrx_word' id='word_1_1134' title='bbox 1905 5689 2055 5758; x_wconf 83' lang='lat' dir='ltr'><strong>juxta</strong></span> <span class='ocrx_word' id='word_1_1135' title='bbox 2103 5689 2445 5757; x_wconf 90' lang='lat' dir='ltr'><strong>apostolicam</strong></span> <span class='ocrx_word' id='word_1_1136' title='bbox 2490 5688 2716 5743; x_wconf 89' lang='lat' dir='ltr'><strong>formam</strong></span> <span class='ocrx_word' id='word_1_1137' title='bbox 2754 5688 2934 5744; x_wconf 88' lang='lat' dir='ltr'><strong>vivere</strong></span> <span class='ocrx_word' id='word_1_1138' title='bbox 2973 5689 3211 5744; x_wconf 85' lang='lat' dir='ltr'><strong>volentes</strong></span> <span class='ocrx_word' id='word_1_1139' title='bbox 3253 5706 3355 5745; x_wconf 90' lang='lat' dir='ltr'><strong>non</strong></span> <span class='ocrx_word' id='word_1_1140' title='bbox 3394 5705 3479 5744; x_wconf 82' lang='lat' dir='ltr'><strong>me</strong></span> 
     </span>
    </p>
   </div>
   <div class='ocr_carea' id='block_1_156' title="bbox 1912 5757 3489 5832">
    <p class='ocr_par' dir='ltr' id='par_1_156' title="bbox 1912 5757 3489 5832">
     <span class='ocr_line' id='line_1_159' title="bbox 1912 5757 3489 5832; baseline 0.001 -18"><span class='ocrx_word' id='word_1_1141' title='bbox 1912 5757 2172 5830; x_wconf 88' lang='lat' dir='ltr'><strong>elegistis,</strong></span> <span class='ocrx_word' id='word_1_1142' title='bbox 2213 5759 2307 5817; x_wconf 89' lang='lat' dir='ltr'><strong>sed</strong></span> <span class='ocrx_word' id='word_1_1143' title='bbox 2353 5774 2451 5832; x_wconf 90' lang='lat' dir='ltr'><strong>ego</strong></span> <span class='ocrx_word' id='word_1_1144' title='bbox 2485 5760 2620 5831; x_wconf 86' lang='lat' dir='ltr'><strong>elegi</strong></span> <span class='ocrx_word' id='word_1_1145' title='bbox 2663 5773 2778 5816; x_wconf 91' lang='lat' dir='ltr'><strong>vos.</strong></span> <span class='ocrx_word' id='word_1_1146' title='bbox 2808 5758 3090 5832; x_wconf 85' lang='lat' dir='ltr'><strong>Segregavi</strong></span> <span class='ocrx_word' id='word_1_1147' title='bbox 3115 5774 3209 5817; x_wconf 90' lang='lat' dir='ltr'><strong>vos</strong></span> <span class='ocrx_word' id='word_1_1148' title='bbox 3232 5775 3263 5816; x_wconf 92' lang='lat' dir='ltr'><strong>a</strong></span> <span class='ocrx_word' id='word_1_1149' title='bbox 3292 5761 3489 5818; x_wconf 77' lang='lat' dir='ltr'><strong>saeculo</strong></span> 
     </span>
    </p>
   </div>
  </div>
