4120 6196
645 341 783 401 1307

641 455 747 511 isto
774 457 1032 530 maligno,
1075 460 1131 508 ct
1176 451 1331 530 eduxi
1385 466 1477 507 vos
1504 467 1597 530 per
1635 452 1845 530 singula
1878 450 2047 530 eremi
2073 449 2210 530 loca,

644 541 742 595 per
765 521 1328 597 spelu'ticasget-eellas,
1357 534 1415 578 ut
1439 521 1586 597 velut
1612 521 1859 597 ApoStoli
1878 523 1973 597 ipsi
2004 521 2213 597 modico

643 593 880 651 contenti
909 595 1100 664 pabulo
1120 594 1425 648 demoretis.
1457 596 1667 648 Stemus
1696 609 1822 662 ergo
1848 593 1931 645 hic
1951 633 1964 655 ,
2000 593 2211 656 fratres,

646 667 700 719 in
728 667 868 720 bello
919 673 1207 734 pugnantes
1258 665 1493 733 quotidie
1531 680 1651 718 cum
1700 665 1916 732 antiquo
1945 671 2210 730 serpente.

645 736 856 789 Stemus
883 735 1044 789 fortes
1074 737 1126 788 in
1168 735 1324 798 bello,
1348 736 1726 802 restringentes
1760 743 1812 789 et
1839 734 2217 803 prmeingentes

647 805 855 858 lumbos
888 815 1117 869 nostros,
1164 816 1508 873 tenentesque
1546 807 1785 858 lucernas
1815 806 2061 858 ardentes
2090 804 2216 856 cha-

647 875 839 938 ritatis,
863 876 1109 954 justitiael,
1144 877 1286 954 pacis
1309 885 1364 929 et
1393 876 1804 954 tranquillitatis.
1831 876 1909 928 Ad
1938 875 2052 954 lucc
2071 874 2214 954 enim

645 960 752 998 non
785 961 866 999 me
893 947 1159 1012 elegistis.
1193 946 1284 999 sed
1315 962 1412 1015 ego
1450 947 1581 1015 elegi
1612 962 1724 1009 vos,
1755 956 1806 1000 et
1835 946 1982 1014 posui
2029 959 2120 998 vos
2161 946 2214 997 in

649 1015 855 1068 vineam
875 1017 1228 1083 pmoitentim,
1259 1032 1416 1084 quam
1444 1022 1764 1085 quicumque
1790 1017 2047 1083 dissipare
2077 1029 2214 1082 prae-

647 1088 949 1166 ξξιιιιψεοιήιζ
985 1086 1246 1166 mordebit
1277 1102 1396 1166 eum
1428 1088 1726 1166 teterrimtts
1754 1085 1943 1166 inferni
1977 1086 2213 1166 colubet'.

651 1155 776 1209 "ate
796 1163 878 1209 est
901 1157 1050 1209 vinea
1083 1157 1165 1209 illa
1198 1157 1410 1218 fertilis,
1444 1173 1600 1225 quam
1630 1159 1860 1226 plantavi
1887 1172 2026 1208 anno
2043 1155 2212 1208 aetatis

648 1240 784 1279 mea;
823 1227 1092 1295 trigesimo
1135 1229 1314 1286 tertio.
1371 1229 1512 1282 velut
1551 1241 1736 1281 servus
1765 1228 1853 1281 Dei
1896 1227 2030 1291 Noe,
2058 1240 2215 1294 quam

595 1299 600 1365 ι
651 1297 893 1362 cupimus
933 1305 1037 1350 tota
1065 1307 1240 1350 mente
1259 1336 1275 1360 ,
1305 1298 1412 1351 Deo
1433 1297 1564 1351 duce
1585 1339 1597 1360 ,
1646 1299 1840 1351 sanctis
1868 1298 2122 1365 exemptis
2163 1304 2217 1349 et

600 1369 602 1428 ξ
648 1373 946 1420 sanctorum
973 1366 1303 1421 documentis
1331 1383 1541 1427 ornare,
1567 1377 1620 1421 et
1639 1379 1875 1420 ornatam
1896 1368 2068 1420 taliter
2091 1381 2214 1420 cus-

654 1435 841 1498 todire,
870 1446 972 1489 uta
1002 1437 1212 1491 nemine
1251 1439 1633 1491 transeuntium
1664 1439 1826 1506 possit
1872 1438 2176 1490 viudemiari
2198 1478 2212 1502 ,

650 1519 748 1558 nec
776 1520 902 1574 aper
931 1508 995 1560 de
1031 1508 1158 1561 silva
1194 1509 1356 1575 possit
1380 1524 1500 1560 eam
1526 1508 1902 1568 exterminare.
1933 1523 2029 1562 nec
2056 1508 2214 1561 alieni

648 1576 856 1644 possint
883 1577 1114 1645 diripere
1145 1578 1351 1632 labores
1377 1579 1491 1645 ejus
1519 1588 1572 1632 et
1619 1579 1837 1631 fructus.
1868 1579 1989 1631 lltec
2017 1586 2096 1632 est
2130 1577 2215 1630 illa

648 1645 819 1708 vinea,
863 1661 1022 1714 quam
1051 1648 1275 1715 plantavi
1305 1650 1443 1701 velut
1473 1650 1865 1715 paterfamilias,
1905 1665 2059 1716 quam
2091 1662 2216 1716 sepe

647 1718 994 1784 paupertatis,
1023 1719 1312 1782 charitatis,
1347 1719 1660 1772 obedientia:
1699 1728 1751 1772 et
1779 1720 2056 1781 castitatis,
2104 1727 2214 1770 uta

648 1786 990 1853 Simpliciano
1033 1789 1343 1841 eharissimo
1377 1790 1492 1842 viro
1532 1789 1721 1850 didici,
1757 1789 2116 1842 circumdedi:
2149 1788 2213 1841 ad

647 1870 802 1927 quam
834 1858 975 1910 velut
1008 1860 1386 1924 paterfamilias
1443 1863 1629 1915 exiens
1666 1861 1834 1927 primo
1872 1875 2060 1924 mane,
2120 1873 2214 1912 vos

647 1925 876 1978 conduxi
922 1928 972 1979 in
1005 1930 1273 1995 operarios
1294 1972 1307 1990 ,
1341 1939 1396 1982 ut
1440 1925 1922 1982 afferatisfruetmn
1953 1930 2214 1997 quinqua-

645 1997 936 2062 gesimum,
987 2000 1369 2063 sexagesimum
1421 2011 1473 2051 et
1513 2001 1888 2062 renti-simum,
1923 1999 2214 2053 secundum

645 2064 1020 2135 abundantiam
1056 2069 1237 2135 glorize
1271 2070 1472 2121 Don'iini
1503 2070 1719 2122 Christi.
1754 2071 1874 2122 lla:e
1901 2081 1981 2122 est
2010 2070 2094 2122 illa
2127 2085 2212 2124 re-

647 2133 772 2201 ligio
809 2133 1138 2207 immaculata
1165 2179 1176 2200 ,
1207 2139 1355 2207 cujus
1395 2141 1644 2192 sanctitas
1686 2155 1777 2206 per
1820 2149 1984 2192 totum
2029 2140 2213 2193 orbem

648 2212 904 2278 terrarum
952 2206 1278 2276 divulgatur,
1322 2225 1546 2278 quorum
1596 2211 1984 2262 conversation
2012 2211 2214 2263 cunctis

647 2274 886 2338 miratur,
921 2274 1141 2342 quorum
1177 2280 1276 2330 vita
1306 2274 1407 2330 non
1441 2280 1610 2331 solum
1640 2296 1666 2331 a
1697 2281 2029 2341 Christianis,
2061 2279 2154 2333 sed
2183 2294 2213 2333 a

645 2342 840 2396 Juda-is
866 2347 1170 2418 ethl’aganis
1213 2350 1381 2414 potius
1412 2351 1643 2417 angelica
1677 2366 1829 2418 quam
1869 2352 2093 2402 li-umaua
2126 2366 2214 2404 re-

643 2422 877 2488 putatur.
908 2415 1038 2488 lltee’
1075 2428 1154 2470 est
1207 2420 1289 2470 illa
1334 2415 1705 2472 anitetiissima'
1735 2421 2025 2488 paradisus,
2059 2434 2213 2487 quam

562 2523 564 2525 ›
643 2483 784 2558 Deus
811 2501 839 2538 a
871 2485 1126 2558 principio
1155 2490 1478 2555 plantaverat
1499 2531 1510 2550 ,
1555 2490 1604 2542 in
1650 2483 1750 2558 qua
1782 2491 1952 2558 posuit
1975 2483 2214 2558 ptri-gra-

646 2553 768 2605 tiam
796 2566 849 2608 et
872 2553 1068 2629 donum
1095 2553 1295 2612 nieritis
1327 2561 1507 2613 matris
1536 2553 1989 2624 meailiominem;
2003 2569 2059 2613 ut
2081 2553 2211 2629 ope-

642 2632 849 2697 raretur
883 2625 1129 2682 virtutem
1178 2630 1478 2697 patientiae,
1535 2631 1884 2684 eruditionem
1916 2625 2169 2683 doctrina:
2193 2671 2207 2693 ,

640 2696 1198 2768 corporiscastitatem
1220 2742 1232 2765 ,
1263 2701 1622 2754 assiduitatem
1658 2717 1891 2768 precum,
1917 2700 2210 2754 confessio-

643 2778 762 2840 nem
793 2765 1127 2840 delictorum,
1158 2770 1532 2840 abundantiam
1563 2765 1934 2840 lacrymarnm.
1979 2771 2102 2824 llate
2131 2779 2213 2824 est

639 2832 727 2906 illa
754 2835 1046 2906 paradisus,
1076 2839 1142 2891 de
1172 2854 1269 2906 qua
1290 2849 1483 2893 exeunt
1512 2832 1728 2892 ﬂumina
1751 2841 2023 2906 sapientiae
2039 2849 2091 2892 et
2116 2856 2209 2894 ve-

639 2903 829 2978 ritatis,
861 2903 1198 2978 continentiae
1222 2918 1274 2962 et
1295 2911 1572 2972 castitatis,
1608 2911 1778 2978 inqua
1811 2903 1946 2962 Dens
1972 2911 2209 2963 delecta-

639 2979 724 3026 tur
750 2975 884 3027 sicut
928 2975 978 3028 in
1047 2979 1292 3031 onmibus
1345 2980 1562 3032 divitiis.
1609 2975 1730 3033 Huic
1762 2989 1844 3033 est
1888 2981 1974 3033 illa
2021 2996 2207 3035 norma

617 3045 945 3119 apostolica.
978 3049 1119 3116 virga
1141 3049 1446 3103 directionis
1468 3059 1517 3104 et
1535 3051 1815 3118 :equitatis,
1836 3066 1952 3116 qua:
1974 3059 2211 3119 tempore

636 3116 939 3188 apostolicae
965 3119 1351 3186 prtedicationis
1383 3116 1613 3187 sumpsit
1632 3121 1902 3173 exordium
1930 3163 1942 3183 ,
1987 3116 2209 3188 quorum

617 3183 810 3238 anima
840 3201 940 3240 una
963 3183 1014 3241 et
1039 3205 1131 3243 cur
1158 3206 1317 3243 ttnum
1332 3202 1441 3243 erat
1461 3183 1515 3242 in.
1537 3191 1775 3252 Domino,
1807 3206 1902 3243 nec
1923 3183 2206 3259 quidquam

636 3268 820 3329 eorum
851 3273 967 3329 qua:
999 3261 1339 3326 possidebant
1374 3261 1568 3329 aliquid
1596 3276 1746 3313 suum
1775 3276 1892 3314 esse
1921 3261 2204 3327 dicebant,

635 3325 728 3398 sed
755 3325 928 3378 omnia
961 3325 1111 3382 erant
1141 3325 1538 3391 cotnmunia,‘et
1561 3331 2012 3384 distribuebantur
2032 3325 2208 3398 singué

637 3394 700 3445 lis
733 3404 890 3468 prout
916 3397 1109 3464 cuique
1137 3415 1267 3466 opus
1297 3409 1429 3453 erat.
1460 3401 1720 3468 Numquid
1753 3417 1852 3453 non
1884 3412 1936 3454 et
1957 3415 2074 3460 nos,
2105 3394 2207 3453 fra-

635 3471 743 3536 tges
774 3465 895 3529 mei,
940 3468 1015 3520 sic
1042 3465 1206 3535 Usque
1233 3470 1296 3522 ad
1333 3480 1556 3522 mortem
1588 3465 1768 3523 vivere
1829 3471 2207 3536 promisimus?

635 3531 759 3586 Hine
787 3544 866 3588 est
889 3549 1017 3605 ergo
1044 3531 1228 3609 religio
1250 3539 1536 3606 apostolica
1555 3582 1567 3600 ,
1602 3549 1653 3593 et
1679 3556 1705 3590 a
1733 3531 1930 3592 mundo
1968 3541 2126 3594 corde
2153 3550 2208 3595 et

633 3617 856 3672 corpore
874 3617 1166 3675 segregata,
1193 3626 1309 3678 quae
1333 3611 1557 3676 percutit
1579 3610 1739 3663 duces
1763 3609 1932 3674 Moab,
1959 3610 2208 3664 interficit

633 3683 872 3752 satrapas
908 3685 959 3730 et
979 3685 1252 3752 _tyrannos
1280 3681 1598 3745 Jerusalem,
1629 3690 1683 3752 et
1711 3679 2079 3748 zEgvptiorum
2113 3682 2206 3752 hy-

631 3746 864 3810 pocritas
905 3746 1200 3803 vulneravit
1243 3752 1306 3803 ad
1337 3762 1580 3804 mortem.
1617 3751 1736 3803 Iliec
1772 3746 1862 3803 cst
1883 3752 2035 3804 vinea
2066 3746 2206 3805 servi

635 3815 726 3868 Dei
756 3815 893 3890 Noe,
931 3818 979 3870 in
1012 3820 1188 3873 medio
1231 3822 1455 3889 paradisi
1501 3822 1720 3885 sitnata,
1761 3822 1954 3874 Christi
1996 3824 2206 3890 sangui-

631 3899 698 3938 ne
729 3886 996 3961 redempta
1028 3899 1080 3942 et
1110 3886 1350 3959 irrigata,
1385 3907 1540 3960 quam
1579 3891 1970 3945 Sarabaitarum
2007 3886 2205 3961 princi-

631 3969 752 4022 pes,
786 3955 1152 4030 htereticorum
1197 3955 1434 4029 pastores
1474 3963 1615 4015 velut
1651 3976 1779 4030 aper
1811 3962 1876 4015 de
1909 3955 2039 4015 silva
2069 3971 2205 4015 tem-

647 4027 994 4099 goreillorum
1021 4027 1329 4099 magnorum
1360 4027 1737 4086 monachorum
1765 4040 1817 4084 et
1843 4034 2203 4097 eremitarum,

674 4097 775 4148 auli
798 4097 1037 4153 videlicet
1058 4097 1367 4166 ctAntonii,
1390 4103 1662 4156 destruere
1683 4103 2000 4170 quzesierunt
2025 4104 2205 4170 :t-ujus

631 4169 1157 4241 sepetucomburere,
1181 4174 1330 4238 cujus
1352 4189 1534 4241 gyrum
1558 4169 1818 4240 lapideum
1843 4169 2201 4240 supplantare,

628 4233 780 4310 cujus
806 4236 1024 4310 fructus,
1057 4233 1186 4310 vites
1216 4233 1267 4294 et
1294 4233 1451 4296 flores
1480 4233 1729 4307 incidere,
1758 4233 2203 4310 cujus-planitiem

628 4303 876 4380 virtutum
910 4308 1107 4380 zizania
1139 4313 1400 4366 seminare
1428 4323 1478 4366 et
1508 4303 2078 4380 replereqtnesierunt,
2110 4313 2203 4367 sed

627 4374 719 4429 Dei
742 4377 931 4450 virtute
951 4379 1271 4435 circun'idata
1299 4383 1512 4436 minime
1536 4374 1836 4450 potuerunt.
1860 4381 1936 4433 Ad
1966 4374 2098 4435 hanc
2120 4398 2206 4437 au-

630 4452 732 4498 tem
753 4447 973 4521 _vineam
997 4491 1011 4512 ,
1047 4450 1234 4506 fratres
1264 4455 1362 4508 mei
1389 4495 1399 4512 ,
1436 4447 1777 4506 vos—conduxi
1804 4493 1815 4513 ,
1849 4461 1902 4505 et
1933 4453 2203 4521 operarios

625 4531 719 4592 vos
744 4517 846 4572 feci
879 4535 1044 4586 meos,
1079 4531 1132 4574 ut
1164 4523 1461 4577 laborantes
1490 4538 1650 4592 usque
1680 4523 1743 4575 ad
1778 4517 2201 4590 fincnifdignum

627 4585 851 4662 fructum
897 4585 1160 4658 recipiatis
1201 4595 1252 4647 in
1295 4602 1530 4662 tempore
1562 4585 1674 4648 suo.
1708 4593 1786 4645 Ad
1820 4585 1951 4646 hanc
1983 4585 2083 4646 non
2118 4610 2202 4649 me

624 4657 876 4732 elegistis,
903 4669 956 4712 ut
982 4657 1138 4730 supra
1162 4657 1642 4728 dixiniusﬂ'ratrrs,
1668 4664 1760 4718 sed
1790 4678 1886 4732 ego
1912 4664 2041 4732 elegi
2069 4679 2161 4718 vos
2186 4681 2199 4717 ε

623 4729 715 4802 sed
745 4739 859 4795 post
885 4729 1079 4802 annum
1109 4732 1274 4788 factus
1299 4750 1414 4787 sum
1447 4736 1740 4802 cpiscopus,
1777 4729 1878 4785 non
1909 4729 2080 4787 tanien
2111 4749 2202 4788 vos

622 4796 945 4872 relinquens.
973 4799 1076 4855 Sed
1100 4805 1407 4872 compulsus
1437 4796 1571 4857 inter
1596 4796 1777 4872 gentes
1805 4804 2061 4869 habitare,
2091 4820 2202 4859 m0-

623 4868 911 4942 nasterium
942 4868 1370 4942 presbyterorum
1401 4883 1452 4929 et
1482 4868 1794 4927 clericorum
1827 4868 2082 4938 ortlinavi,
2118 4875 2198 4928 iu-

623 4938 759 4992 travi
786 4938 1000 5012 domum
1027 4938 1294 5012 episcopi,
1326 4954 1382 4998 ut
1410 4945 1761 4998 communiter
1793 4961 1910 4998 cum
1949 4945 2025 4997 eis
2057 4946 2199 4999 vive-

620 5025 731 5061 rem
753 5049 776 5084 ,_
801 5010 935 5084 sicut
961 5021 1015 5064 et
1049 5010 1318 5084 vobiscum
1360 5026 1512 5068 antea
1550 5015 1867 5070 \‘lXCl‘tlt'llllS.
1902 5013 2013 5067 Non
2047 5015 2200 5084 igitur

619 5094 704 5134 me
732 5078 994 5154 elegistis,
1019 5083 1118 5154 sed
1158 5099 1257 5153 ego
1292 5085 1421 5154 elegi
1456 5100 1568 5139 vos.
1598 5088 1638 5138 Λ
1671 5101 1811 5153 quo,
1844 5084 2029 5138 fratres
2059 5078 2159 5139 mei
2181 5127 2195 5150 ,

619 5150 846 5221 inasime
877 5149 978 5204 hoc
1003 5149 1214 5207 dictum
1230 5155 1296 5207 sit
1326 5149 1472 5209 scitis
1504 5173 1514 5208 :
1545 5171 1572 5208 a
1608 5149 1827 5208 Domino
1859 5154 2053 5207 dictum
2083 5149 2195 5221 est,

617 5227 670 5271 ct
690 5219 962 5287 discipulis
988 5221 1194 5278 Demini
1218 5224 1412 5279 dictum
1438 5235 1516 5279 cst
1539 5243 1548 5277 :
1573 5233 1931 5279 verumtamen
1957 5241 2058 5277 non
2088 5219 2199 5278 tau;

620 5299 726 5342 tum
755 5289 876 5353 illis,
911 5293 1002 5363 sed
1031 5295 1188 5347 etiam
1219 5296 1368 5349 nobis
1398 5295 1591 5348 dictum
1623 5306 1722 5359 est,
1753 5311 1882 5363 quos
1911 5297 2112 5347 vocavit
2145 5297 2196 5350 in

615 5369 818 5428 partem
861 5362 1226 5419 Sollicitutlinis
1253 5376 1304 5420 et
1333 5367 1514 5435 gloria:
1541 5382 1746 5419 eorum.
1773 5362 1927 5420 Sicut
1953 5366 2196 5433 dignatus

615 5438 704 5505 est
724 5447 911 5505 vocare
945 5449 1037 5500 per
1061 5437 1302 5504 gratiam,
1331 5446 1383 5490 et
1413 5436 1694 5505 participes
1727 5451 1821 5488 nos
1853 5435 1974 5490 fecit
2001 5436 2194 5488 exhor-

615 5501 859 5568 tationis;
899 5505 976 5574 sic
1016 5501 1084 5557 et'
1108 5521 1220 5560 vos.
1269 5501 1531 5560 Delicatus
1571 5501 1652 5559 est
1690 5506 1828 5558 enim
1859 5508 1942 5574 qui
1984 5506 2092 5559 vult
2123 5506 2194 5559 uti

613 5580 783 5644 parte,
812 5583 866 5626 et
889 5573 1400 5630 administrationem
1435 5578 1597 5644 partis
1627 5573 1920 5629 dissimulat
1950 5591 2011 5629 ex
2044 5586 2155 5631 rata
2180 5595 2192 5630 :

611 5638 803 5692 merito
824 5659 913 5713 _s_er
938 5646 1108 5710 privat
1151 5647 1352 5701 honore
1378 5688 1390 5709 ,
1425 5638 1511 5713 qui
1551 5647 1803 5700 honorem
1839 5645 2048 5699 affectat
2080 5647 2193 5701 sine

612 5721 797 5783 onere.
824 5710 984 5783 Vobis
1005 5729 1131 5780 ergo
1153 5718 1238 5783 qui
1266 5710 1501 5783 pastori-5
1526 5719 1651 5770 estis
1675 5725 1874 5770 tantum
1899 5717 2191 5770 animarum

609 5780 907 5836 vosu'arum
925 5818 940 5848 ,
972 5780 1202 5849 loquitur
1249 5780 1427 5852 pastor
1447 5785 1645 5855 bonus,
1675 5788 1765 5856 qui
1803 5787 1957 5844 tertia
1985 5786 2102 5856 dic,
2133 5797 2190 5844 ut

2084 333 2449 391 APPENDIX.

3767 349 3902 409 £508

2324 447 2564 531 audistis,
2591 447 2821 531 animam
2843 461 2992 531 suam
3021 449 3192 531 posuit
3218 463 3312 519 pro
3326 451 3524 531 ovibus
3543 454 3674 531 suis,
3688 457 3894 531 dicens,

2323 516 2444 595 _Non
2474 534 2552 570 me
2575 517 2812 595 elegistis,
2836 519 2924 572 sed
2951 516 3048 595 ego
3065 521 3189 595 elegi
3214 516 3296 595 eos
3318 521 3496 595 (latnt.
3524 541 3616 590 xv,
3642 516 3732 595 i6)
3756 547 3774 582 ι
3794 516 3894 588 ιιόά

2324 588 2477 666 istam
2510 596 2709 666 tantum
2741 588 3005 666 desertam
3039 588 3414 666 habitationem
3445 588 3778 666 deserendo,
3804 603 3894 658 sed

2325 656 2391 710 de
2412 657 2608 741 yirtute
2632 660 2682 711 iu
2717 659 2960 712 virtutem
2991 662 3324 741 procedepdo
3347 656 3891 741 fruetuntaﬂ'ereutes,

2325 735 2382 781 ut
2409 726 2610 812 fructus
2639 740 2811 812 vester
2838 726 3068 812 maneat.
3095 731 3261 812 ln‘his
3278 738 3750 812 _quatuor,_l_'ratres

2323 797 2598 876 attendere
2622 799 2896 876 debemus,
2921 802 3122 876 scilicet
3147 797 3756 876 dignitatemofﬁcium,
3778 797 3898 868 caui

2327 869 2485 922 telam
2507 876 2574 955 “et
2596 872 2955 955 constantiam
2987 888 2999 924 :
3032 869 3374 955 digni-tatem,
3404 875 3527 955 quia
3563 869 3897 955 dicitz'Elegi

2323 954 2443 1002 vos;
2465 937 2722 1019 efficiam,
2751 949 2804 1019 ut
2831 943 2988 1019 69158;-
3009 937 3288 1010 cadmiam»
3317 937 3371 996 αδ
3397 937 3614 1019 βκσέπινη
3641 937 3895 1019 alium“?

2324 1010 2695 1088 constantiam,
2716 1011 2836 1088 quia
2850 1014 3043 1088 fructus
3069 1024 3222 1088 vester
3247 1010 3446 1088 manent
3471 1010 3801 1088 (lbid.):Est
3817 1010 3897 1079 er;

2322 1094 2392 1157 go_
2415 1080 2642 1157 dignitas
2672 1081 2723 1157 in
2750 1081 3038 1157 electione,
3068 1083 3310 1157 officium,
3330 1086 3390 1138 int
3418 1080 3750 1157 fatigatione,
3776 1108 3895 1147 cauo

2326 1151 2426 1204 tela
2450 1151 2502 1204 in
2529 1149 2951 1216 fructiﬁcatione,
2976 1161 3029 1206 et
3053 1156 3346 1208 eomtantia
3371 1149 3537 1210 etiam
3557 1161 3610 1211 in
3635 1149 3894 1218 fructiﬁca-

2325 1220 2488 1296 tione.
2511 1221 2760 1296 Magnum
2785 1231 2872 1296 est
2900 1223 3038 1276 enim
3057 1263 3071 1285 ,
3101 1224 3240 1296 quod
3257 1225 3428 1296 elegit
3455 1229 3552 1296 qui.
3574 1244 3680 1284 non
3709 1232 3895 1288 fallitur

2325 1290 2448 1368 dum
2473 1292 2666 1368 elegit;
2695 1292 2866 1368 majus
2887 1303 2987 1358 est,
3011 1290 3150 1368 quod
3173 1295 3265 1348 Dei
3293 1290 3378 1368 est.
3395 1290 3538 1365 opus?
3550 1300 3614 1352 ad
3632 1302 3774 1368 quod
3796 1305 3897 1358 ele-

2323 1361 2437 1441 git:
2467 1363 2561 1416 sed
2589 1363 3068 1441 niaximuquued
3104 1364 3242 1418 inter
3267 1361 3466 1441 electos
3493 1361 3782 1441 prteelegit.
3809 1373 3898 1428 list

2323 1432 2462 1508 enim
2492 1446 2679 1508 sensus
2698 1433 2816 1508 talis
2845 1433 2995 1508 :_Non
3021 1448 3116 1508 vps
3139 1450 3224 1489 me
3249 1432 3512 1508 elegistis,
3525 1438 3618 1492 sed
3641 1432 3744 1508 θέο
3759 1446 3895 1498 otnui

2323 1501 2481 1581 modo
2502 1503 2730 1581 eligendi
2751 1503 2884 1581 elegi
2908 1517 3018 1557 vos.
3039 1504 3173 1581 Sunt
3193 1501 3462 1581 epinﬁtres
3485 1501 3894 1581 modi-eligendi;

2323 1572 2532 1649 electio,
2551 1573 2872 1649 _subelec_l.i0,
2901 1583 2956 1626 et
2984 1576 3302 1649 praeelectio.
3334 1576 3662 1649 Llectioest,
3691 1572 3897 1649 quando

2322 1641 2388 1720 de
2414 1641 3040 1720 multitudinebonorum
3066 1653 3119 1698 et
3145 1645 3408 1699 malorum
3435 1641 3860 1720 tingitur-bonum
3878 1695 3894 1720 ,

2320 1711 2459 1764 sicut
2483 1711 2563 1792 _de
2590 1714 2848 1792 torculari
2885 1713 3064 1792 oleum
3108 1724 3404 1792 separatur.
3441 1711 3742 1792 Strbelectio

2321 1782 2532 1849 quando
2571 1782 2640 1836 de
2685 1782 2837 1836 bonis
2878 1784 3063 1837 electis
3101 1785 3364 1852 eliguntur
3401 1788 3669 1845 meliores.
3709 1782 3896 1848 Postea

2322 1851 2631 1925 quando_de
2675 1851 3214 1925 melioribusoptimi
3257 1856 3558 1924 eliguntur,
3605 1862 3897 1925 praelectio

2321 1929 2421 1975 est.
2453 1921 2506 1999 lu
2537 1922 2682 1999 hunc
2700 1923 2940 1976 ordinem
2963 1924 3159 1978 electus
3183 1921 3462 1999 est_Aaron
3485 1921 3658 1983 et'tilii
3683 1933 3816 1999 ejus,
3843 1942 3897 1988 ut

2322 1992 2619 2062 sacerdotio
2659 1993 3004 2062 fungerentur
3041 2009 3222 2048 coram
3264 1995 3509 2050 Domino.
3553 1992 3731 2054 Primo
3757 1992 3896 2057 enim

2323 2061 2578 2135 Dominus
2605 2077 2674 2116 ex
2702 2061 2844 2135 omni
2882 2065 3096 2117 natione
3120 2080 3238 2134 qua:
3266 2068 3366 2120 sub
3391 2069 3530 2121 cmlo
3556 2081 3704 2135 erat,
3735 2071 3897 2129 Israel

2321 2132 2478 2200 elegit
2509 2133 2558 2184 in
2587 2134 2834 2201 populum
2866 2132 3184 2202 peculiarem
3214 2135 3334 2189 sibi.
3362 2137 3438 2191 De
3467 2138 3550 2192 his
3572 2132 3748 2194 autem
3769 2143 3900 2197 sub-

2321 2203 2478 2277 elegit
2507 2203 2643 2277 filios
2671 2203 2793 2277 [levi
2815 2244 2832 2277 ,
2861 2205 2951 2277 qui
2979 2214 3225 2274 tanquam
3254 2207 3490 2277 ministri
3519 2210 3815 2277 spirituales
3845 2212 3900 2269 in

2320 2272 2659 2351 tabernaculo
2687 2272 2896 2351 Domini
2913 2272 3292 2351 rituperpetuo
3310 2272 3661 2351 deservirem.
3689 2281 3763 2336 De
3783 2285 3900 2351 qni-

2319 2340 2418 2394 bus
2451 2345 2614 2423 etiam
2655 2345 2928 2423 praeelegit
2961 2340 3312 2423 tiliosltaron
3352 2340 3900 2423 in_sacerd_otes,qui

2320 2413 2563 2484 precibus
2586 2424 2640 2466 et
2659 2415 3013 2468 oblationibus
3035 2416 3146 2469 suis
3172 2416 3584 2484 indignationem
3613 2413 3900 2479 Domini'in

2320 2482 2569 2550 populum
2601 2485 2888 2560 placarent.
2920 2485 2997 2560 Ad
3030 2485 3173 2560 hunc
3195 2482 3322 2560 sane
3349 2488 3561 2560 modum
3588 2491 3748 2560 elegit
3774 2509 3898 2560 nos,

2319 2565 2438 2629 cum
2469 2568 2560 2620 per
2583 2567 2770 2622 aquam
2797 2556 3139 2629 Baptismatis
3161 2557 3290 2610 lavit
3312 2572 3428 2611 nos.
3457 2556 3746 2629 Subelegit,
3773 2556 3903 2618 eum

2319 2620 2371 2672 in
2404 2631 2599 2674 sortem
2631 2620 2933 2678 Sanctorum
2962 2627 3167 2680 vocavit
3194 2642 3289 2680 nos
3315 2637 3368 2682 et
3392 2629 3442 2682 in
3466 2620 3704 2683 ordinent
3729 2620 3905 2689 cleri-

2317 2692 2606 2772 catus._$cd
2637 2707 2759 2772 cum
2795 2696 2845 2747 in
2884 2703 3079 2772 statum
3115 2699 3450 2772 eremitarum
3479 2701 3740 2768 promovit
3761 2717 3900 2772 nos,

2317 2761 2443 2837 etin
2468 2761 2864 2837 dispensatione
2890 2765 3101 2820 familia:
3126 2782 3236 2820 sua:
3259 2761 3646 2837 dispensatores
3670 2761 3906 2830 suat-uni

2317 2831 3057 2907 ministeriorum,prteelegit
3083 2853 3196 2891 nos.
3225 2831 3466 2907 Magnum
3493 2849 3572 2894 est
3598 2841 3759 2906 enim,
3785 2842 3905 2899 fra-

2320 2909 2454 2980 tres,
2477 2904 2615 2970 quod
2643 2904 2806 2980 elegit
2826 2921 2954 2967 nos;
2990 2908 3158 2980 majus
3176 2917 3281 2980 est,
3310 2904 3452 2977 quod
3480 2904 3767 2980 subelegit';
3799 2914 3905 2969 sed

2316 2972 2602 3049 maximum
2625 3014 2638 3038 ,
2669 2972 2808 3049 quod
2853 2972 3139 3049 prmclegit.
3175 2972 3310 3049 Vere
3327 2972 3478 3048 'ergo
3514 2972 3806 3049 elegit'uus
3847 2993 3905 3040 et

2317 3042 2582 3110 prteeIt-git
2617 3042 2713 3097 nos
2744 3042 2998 3100 Dominus
3029 3042 3079 3099 iu
3118 3042 3482 3102 litereditate'm
3520 3042 3638 3105 sibi.
3665 3051 3799 3106 Nam
3831 3054 3904 3109 ad

2315 3111 2664 3166 elevationem
2694 3129 2942 3189 manuum
2970 3126 3293 3182 nostrarum,
3325 3133 3510 3189 regum
3540 3123 3709 3189 capita
3738 3123 3902 3178 incli-

2316 3191 2524 3245 nantur,
2553 3199 2769 3238 munera
2791 3186 3034 3248 oliorum,
3059 3189 3214 3260 etiam
3238 3186 3413 3260 patres
3435 3206 3531 3244 nos
3550 3186 3899 3260 profitentur,

2314 3261 2680 3329 exspectantes
2708 3270 2804 3308 nos
2836 3271 2954 3329 esse
2983 3258 3245 3329 cuanlia
3265 3266 3318 3314 et
3345 3259 3511 3314 Paulo
3549 3258 3766 3316 eremita
3791 3305 3811 3329 ,
3839 3258 3899 3319 et

2315 3324 2696 3379 intercessores
2721 3326 2858 3393 apud
2886 3328 3069 3382 Deum.
3101 3327 3194 3381 Vm
3222 3338 3400 3382 tamen
3432 3331 3483 3383 in
3514 3346 3696 3386 eremo
3733 3324 3901 3387 habi-

2317 3393 2566 3466 tantibus,
2591 3395 2635 3448 si
2666 3397 2804 3449 inter
2827 3399 2992 3451 malos
3021 3399 3191 3466 pisces
3226 3399 3366 3453 foras
3400 3401 3454 3453 in
3480 3401 3567 3455 die
3599 3403 3902 3459 novissimo

2316 3463 2677 3530 projieientur.
2724 3466 2813 3520 Vae
2857 3463 3161 3533 pastoribus
3197 3471 3410 3534 ovium,
3445 3471 3490 3525 si
3527 3473 3665 3526 inter
3709 3473 3902 3530 haedos

2314 3535 2633 3608 numerandi
2657 3545 2795 3589 sunt.
2830 3536 2964 3603 Quid
2991 3539 3210 3592 ulterius
3232 3582 3245 3603 ,
3267 3539 3504 3608 fratres,
3539 3541 3766 3608 dicatur,
3801 3559 3905 3598 au-

2314 3601 2634 3682 dite..Posui
2673 3622 2770 3682 vos.
2801 3601 2871 3658 αι’
2898 3609 3021 3660 eatis
3065 3601 3240 3682 (ibid.
3265 3607 3285 3680 )
3315 3628 3328 3662 :
3363 3601 3907 3682 nam'quatuor'suut

2314 3671 2586 3747 hominum
2617 3675 2940 3747 positiones;
2971 3671 3280 3742 accubitus,
3330 3682 3502 3736 sessio
3522 3671 3548 3746 ,’
3591 3685 3752 3736 statio
3782 3724 3799 3747 ,
3853 3693 3909 3739 et

2313 3743 2619 3821 ambulatio.
2649 3743 2831 3797 Omnis
2861 3747 3001 3821 enim
3032 3747 3192 3800 homo
3221 3750 3297 3802 sic
3323 3761 3402 3804 est
3428 3753 3482 3804 in
3510 3743 3629 3806 loco
3659 3743 3902 3821 positus,

2313 3812 2453 3880 quod
2479 3821 2569 3866 aut
2593 3814 2753 3882 jacet,
2781 3823 2872 3867 aut
2895 3815 3068 3880 sedet,
3099 3826 3188 3869 aut
3215 3827 3340 3882 stat,
3365 3830 3455 3872 aut
3474 3812 3734 3876 ambulat.
3765 3812 3904 3880 Haec

2313 3891 2487 3936 autem
2525 3893 2726 3938 tantum
2753 3885 2804 3937 in
2837 3900 2893 3938 se
2921 3884 3169 3940 differunt
3211 3886 3264 3939 in
3305 3886 3448 3942 hunc
3476 3892 3720 3945 modum.
3763 3893 3910 3948 Nam

2312 3967 2432 4005 cum
2464 3953 2624 4009 homo
2649 3956 3024 4029 jacet,_omnes
3062 3965 3237 4025 partes
3283 3959 3521 4029 corporis
3567 3963 3906 4029 quiescunt,

2311 4037 2430 4098 cum
2460 4040 2585 4098 vero
2611 4025 2788 4098 sedet,
2817 4026 3087 4098 inferiores
3115 4036 3289 4098 partes
3315 4025 3549 4096 corporis
3582 4025 3907 4098 quiescunt,

2310 4092 2432 4160 quia
2462 4095 2650 4149 sedere
2676 4096 2945 4161 videntur,
2977 4097 3070 4152 sed
3109 4092 3425 4165 superiores
3457 4092 3723 4153 laborant.
3761 4092 3910 4157 Curti

2311 4171 2485 4240 autem
2514 4173 2806 4240 stat,_totus
2839 4167 3044 4240 laborat
3065 4168 3224 4240 homo
3247 4169 3453 4237 erigens
3473 4181 3550 4232 se,
3575 4171 3697 4238 quia
3727 4186 3911 4240 gene-

2311 4233 2492 4305 raliter
2515 4236 2750 4303 pondere
2781 4250 2880 4291 suo
2906 4237 3127 4292 laborat.
3150 4236 3282 4292 Cum
3310 4233 3439 4292 vero
3457 4233 3714 4305 ambulat,
3729 4233 3909 4297 Eddi-

2313 4311 2397 4378 t_ur
2427 4302 2593 4357 laberi
2615 4308 2789 4374 gravis
2814 4322 2878 4360 ex
2902 4318 3048 4362 motu
3077 4308 3330 4378 fatigatio.
3364 4309 3442 4362 Ad
3475 4308 3614 4362 hunc
3639 4302 3901 4378 modum,

2310 4373 2520 4448 lintres,
2554 4373 2778 4448 quatuor
2800 4387 2930 4448 sunt
2976 4373 3248 4432 hominum
3292 4380 3486 4448 gradus
3529 4388 3582 4432 et
3621 4389 3802 4435 status
3850 4373 3909 4436 in

2310 4443 2548 4497 Ecclesia
2577 4446 2691 4498 Dei.
2719 4446 2979 4500 Fidelium
3000 4449 3138 4502 enim
3170 4449 3258 4500 alii
3289 4443 3412 4502 boni
3439 4491 3452 4511 ,
3483 4449 3568 4502 alii
3597 4451 3744 4503 mali.
3785 4451 3908 4505 Nu-

2312 4517 2825 4586 merummalorum,
2846 4517 3056 4582 fratres,
3087 4532 3190 4570 non
3213 4518 3606 4586 distinguimus,
3631 4523 3906 4586 quoniam

2311 4585 2688 4653 multiplicatus
2715 4594 2795 4639 est
2828 4601 2991 4654 super
3019 4601 3301 4639 numerum
3327 4585 3507 4642 arente
3541 4585 3719 4643 maris.
3749 4590 3903 4646 Boni

2309 4670 2437 4707 vero
2461 4657 2598 4707 sicut
2625 4654 2866 4707 ordinem
2900 4655 3179 4724 recipiunt,
3211 4656 3289 4710 sic
3314 4659 3474 4711 etiam
3505 4668 3558 4714 et
3585 4660 3904 4716 distinctio-

2310 4724 2618 4798 nem._San_e
2647 4725 2907 4798 bonorum
2937 4725 3097 4798 aliqui
3143 4733 3267 4779 sunt
3303 4728 3462 4798 activi
3487 4770 3502 4790 ,
3549 4730 3710 4798 aliqui
3758 4746 3906 4786 con-

2310 4792 2634 4864 templativi,
2681 4793 2841 4863 aliqui
2893 4795 3132 4864 utrisque
3191 4796 3414 4863 praelati.
3467 4799 3533 4852 Et
3585 4792 3660 4853 sic
3712 4815 3904 4857 unum

2307 4862 2565 4938 malorum
2612 4862 2808 4938 genus,
2853 4873 2908 4918 et
2955 4862 3063 4918 tria
3099 4862 3358 4938 bonorum
3399 4883 3612 4938 genera.
3645 4869 3906 4937 Quatuor

2308 4932 2448 5006 enim
2479 4943 2604 4988 sunt
2633 4934 2863 5006 fidelium
2889 4949 3103 5004 genera.
3129 4935 3246 4989 Mali
3271 4932 3449 4992 autem
3475 4948 3597 4992 sunt
3619 4932 3903 5006 jacentes,

2308 5004 2394 5072 qui
2418 5002 2470 5056 in
2493 5004 2689 5076 mundo
2710 5002 2988 5073 quiescunt
3013 5023 3025 5058 :
3052 5006 3183 5060 tales
3204 5015 3366 5059 totam
3391 5021 3539 5076 spem
3563 5002 3903 5066 et'tiddciatn

2309 5081 2510 5145 ponunt
2552 5075 2602 5128 in
2642 5091 2864 5128 numero
2895 5076 3228 5138 divitiarum,
3257 5075 3480 5145 quorum
3525 5078 3657 5132 deus
3693 5092 3907 5136 venter

2307 5154 2409 5198 est.
2440 5144 2591 5199 Tales
2624 5146 2673 5199 in
2699 5146 2835 5216 lecto
2857 5147 3094 5215 jacentes
3115 5144 3402 5213 loquuntur
3424 5149 3616 5201 animae
3643 5163 3760 5202 sum
3785 5193 3803 5216 ,
3844 5161 3905 5206 et

2308 5229 2447 5290 sgrpe
2475 5216 2657 5290 dicunt
2686 5233 2697 5268 :
2723 5215 2768 5269 Ο
2789 5217 2964 5290 anima
2988 5231 3135 5290 mea,
3161 5216 3325 5270 habes
3354 5218 3513 5271 multa
3550 5219 3687 5290 bona
3717 5235 3904 5290 repo-

2307 5286 2403 5358 sita
2430 5303 2442 5349 ;
2467 5286 2680 5356 epulare
2708 5296 2759 5340 et
2787 5287 2926 5350 bibe,
2945 5287 3198 5358 opprime
3226 5302 3483 5355 pauperes
3508 5329 3521 5348 ,
3549 5286 3906 5358 despiee'vi-

2306 5357 2473 5422 ciuus,
2517 5372 2678 5410 renuo
2713 5363 2894 5422 natos,
2927 5357 3084 5410 dilata
3113 5366 3193 5421 te,
3226 5358 3450 5412 extende
3479 5359 3618 5420 alas,
3651 5357 3912 5417 ascende

2305 5440 2464 5494 super
2515 5427 2705 5491 sidera,
2751 5443 2853 5480 non
2896 5428 2961 5481 sit
3004 5435 3210 5494 pratum
3251 5428 3389 5496 quod
3424 5428 3627 5481 luxuria
3655 5438 3749 5483 tua
3789 5447 3911 5487 non

2305 5507 2638 5572 pertranseat
2661 5538 2674 5560 ,
2709 5497 2793 5550 dic
2815 5497 3010 5572 animte
3042 5505 3143 5548 tua:
3174 5497 3246 5565 (α)
3269 5538 3282 5561 ,
3315 5497 3557 5572 Castrum
3586 5511 3778 5554 servat
3807 5503 3916 5572 qui

2304 5581 2361 5620 se
2391 5567 2561 5636 ipsum
2595 5569 2660 5621 ab
2685 5567 2825 5621 omni
2856 5567 2994 5620 malo
3015 5576 3341 5636 iprtcservat.
3385 5568 3429 5621 Ο
3473 5569 3662 5624 fratres
3683 5609 3698 5635 ,
3755 5567 3914 5628 taies

2303 5635 2550 5707 prostrati
2578 5639 2781 5709 jacent,
2814 5645 2968 5691 nocte
2995 5635 3294 5703 dormiunt,
3319 5637 3450 5692 ebrii
3483 5647 3639 5704 sunt,
3671 5649 3725 5697 et
3759 5657 3912 5701 ecce

2368 5792 2438 5855 (α)
2476 5791 2571 5843 vid.
2598 5789 2822 5845 Bernard.
2851 5802 2998 5846 scrm.
3022 5789 3134 5846 Ede
3166 5793 3517 5857 Assumptione,
3538 5792 3660 5845 11.2.
