4072 6196
1948 263 2108 324 ΔΡΡΕ

2212 261 2312 320 lix.
3698 256 3835 315 13ἰὲ

2197 377 2269 454 eti
2298 375 2402 454 viri
2429 372 2704 454 episeOpi_,
2725 372 2841 454 vita
2863 379 2918 429 et
2937 370 3184 454 exempla
3215 378 3828 454 _sanetorum.patrun

2195 447 2345 503 Pauli
2374 456 2429 502 et
2466 441 2681 501 Antonii
2707 452 2762 499 et
2787 441 3148 513 Simpliciani,
3176 451 3231 498 et
3266 457 3395 497 cum
3429 441 3525 495 bis
3560 441 3826 513 omnibus

2194 534 2298 573 vox
2325 517 2535 572 Domini
2578 512 2957 584 confringentis
2982 512 3172 584 cedros
3196 513 3551 584 comminuit
3595 512 3823 584 cedrua

2194 587 2422 649 Libani,
2449 595 2505 642 et
2532 586 2701 640 hostia
2737 593 3032 653 praeparata
3062 583 3126 637 ad
3156 583 3436 638 victimam
3484 583 3551 636 in
3589 583 3819 653 odorem

2196 659 2471 714 suavitatis
2493 698 2509 723 ,
2530 666 2583 711 et
2627 657 2705 710 sic
2743 651 2919 709 factus
2947 668 3062 707 sum
3106 661 3253 723 pater
3279 652 3576 708 excelsus.
3616 651 3820 708 Deinde

2198 729 2265 788 ad
2295 728 2527 783 Africam
2556 726 2678 781 veni
2705 767 2718 790 ,
2746 739 2954 779 mecum
2978 723 3177 778 ducens
3197 723 3385 779 decem
3417 732 3479 778 et
3513 738 3733 777 novem
3760 740 3819 778 ex

2198 798 2449 854 fi'atribus
2492 797 2626 851 meis
2659 796 2817 850 simul
2852 797 3091 848 viventes
3135 796 3185 847 in
3228 795 3430 863 palatio
3477 802 3694 863 sanae
3718 836 3736 854 ,
3766 805 3816 848 et

2202 870 2477 939 cupientes
2521 866 2754 939 separari
2785 881 2813 918 a
2844 865 3059 939 sarculo.
3083 862 3311 919 Sanetus
3349 872 3515 939 pater
3564 862 3815 939 valerius

503 289 640 350 1511

504 401 698 478 gaudio
708 394 1267 473 epulemini,quoniam
1289 406 1388 465 ego
1403 403 1524 450 sum
1542 385 1707 446 Jacob
1718 390 1868 458 pater
1884 389 2082 440 vester.

1103 485 1335 545 SERMO
1370 485 1485 542 XL.

878 577 945 617 DE
982 574 1336 617 OBSERVAN'I'IA
1374 568 1730 614 ειειιιοοιιυιι.

580 656 816 715 Audistis
866 656 921 709 in
966 668 1186 717 mensa,
1232 650 1423 707 fratres
1476 644 1811 711 charissimi,
1858 639 2091 717 qualiter

510 711 765 787 Dominus
809 726 1066 798 praecepit
1112 711 1267 779 servo
1317 736 1416 776 suo
1467 717 1725 783 Abrahae,
1768 722 1829 769 ut
1856 711 2094 798 “tolleres

510 782 675 856 filium
712 782 914 866 VSuu'mr,
938 782 1097 866 quem
1148 807 1310 863 super
1349 798 1538 846 cuneta
1586 798 1798 866 terrena
1839 782 2094 852 diligebat

511 855 691 934 lSaac,
723 878 779 924 et
814 855 1003 921 offeret
1041 879 1162 921 eum
1210 855 1373 934 super
1422 874 1586 916 unum
1625 855 1885 934 montium
1928 866 2091 934 quem

510 921 904 996 monstraverat
944 935 1046 990 sibi
1093 921 1381 995 Dominus,
1424 945 1583 1001 quem
1631 928 1822 1001 dicunt
1838 921 2094 1001 ⁸ιιοιιιιειηῇ

509 990 833 1066 iiiiﬁ'essé‘
854 990 1094 1061 montem
1133 990 1513 1075 Calvarizefin
1548 1013 1654 1069 quo
1680 994 1967 1075 crucifixus
1993 990 2095 1075 fuit

511 1064 600 1137 ille
631 1081 772 1135 Deus
796 1086 851 1133 et
875 1077 1053 1130 homo.
1085 1075 1265 1131 Series
1289 1064 1525 1127 historiae
1566 1064 1759 1138 imper
1781 1064 2095 1138 simpliciter

511 1132 780 1206 interiecta
811 1189 826 1212 ,
859 1147 1029 1217 primo
1076 1145 1302 1217 aedificat
1336 1132 1658 1197 obedientiai
1682 1137 1849 1217 filios:
1894 1132 2094 1215 Fidelis

511 1221 655 1275 enim
682 1206 895 1281 sermo,
924 1217 1079 1270 vivus
1103 1222 1159 1271 et
1189 1213 1380 1268 efﬁcax
1407 1253 1421 1275 ,
1450 1219 1505 1266 et
1536 1206 2093 1281 pcnetrabilior‘omni

513 1273 691 1360 gadio
726 1273 966 1360 ancipiti.
1011 1285 1130 1360 Sed
1157 1284 1224 1339 de
1253 1273 1420 1360 modo
1461 1273 1741 1360 etjirtute
1776 1273 2094 1360 obedientim

512 1344 711 1430 aliquid
736 1344 889 1430 vobis
914 1371 1055 1411 nunc
1079 1353 1360 1430 dicendum
1383 1350 1646 1430 est._Nam
1677 1344 2098 1430 sicut‘obeltlien-

513 1412 641 1485 dum
662 1412 750 1484 est
773 1427 1001 1482 libenter
1019 1467 1035 1492 ,
1063 1427 1141 1480 sic
1161 1423 1406 1478 hilariter
1429 1462 1442 1484 .
1466 1422 1544 1475 sic
1567 1429 1621 1475 et
1637 1418 1921 1492 velociter.
1948 1412 2093 1492 Obe-

515 1499 715 1555 dientia
756 1496 897 1553 enim
941 1485 1056 1550 sine
1096 1510 1243 1549 mora
1272 1508 1395 1548 esse
1420 1492 1598 1547 debet.
1635 1489 1749 1544 Non
1783 1487 1958 1555 placet
1986 1485 2096 1538 Deo

516 1584 732 1624 morosa
758 1578 816 1623 et
836 1566 1179 1635 disceptatrix
1208 1562 1505 1618 obedientia
1530 1578 1544 1614 :
1577 1575 1695 1630 quae
1732 1556 1943 1635 quidem
1973 1568 2096 1608 eum

516 1638 865 1709 praecipitur,
891 1628 1092 1709 quaerit
1134 1651 1231 1709 cur
1260 1676 1294 1709 ,_
1323 1647 1487 1703 quare
1515 1628 1922 1709 ,_quamobre_m
1958 1638 2096 1709 prae-

513 1695 759 1778 cipiatur.
815 1695 971 1763 Istius
1029 1695 1355 1778 obedientize'
1409 1695 1728 1778 esqiiisiturn
1776 1696 1948 1778 _nobis
1996 1695 2097 1778 ho-

517 1768 705 1833 dierna
762 1778 847 1832 die
894 1777 1194 1844 exemplum
1254 1768 1898 1844 proponitur.__Abrabam
1948 1772 2098 1834 pater

518 1857 730 1913 noster;
757 1850 833 1902 sic
876 1848 1015 1901 enim
1055 1836 1436 1900 dicitur'seiiex
1479 1840 1743 1913 fideliset
1781 1836 1949 1906 prima
1977 1848 2097 1913 cre-

518 1918 680 1973 dendi
718 1904 829 1971 'via.
857 1914 1084 1971 Sanctus
1128 1915 1288 1985 igitur
1334 1921 1486 1983 pater
1509 1904 1820 1985 Abraham;
1843 1915 1899 1985 et
1930 1904 2098 1985 prima

518 1987 838 2041 obedientiae
888 2000 1074 2039 norma
1109 1972 1175 2038 εἴ
1190 1972 1359 2037 forma
1414 1996 1553 2034 verae
1595 1972 2098 2042 obedientiac'apud

524 2070 714 2111 omnes
734 2069 854 2110 esse
879 2054 1144 2109 credatur.
1174 2053 1330 2117 Ecce,
1362 2052 1571 2112 fratres,
1600 2048 1853 2117 praecepit
1878 2045 1926 2100 ei
1951 2045 2098 2117 Deus

521 2126 693 2179 filium
732 2124 1032 2178 immolare.
1057 2122 1161 2177 Sed
1201 2113 1358 2189 quem
1389 2113 1790 2189 filium?'Audi,
1820 2123 1877 2169 et
1917 2113 2099 2189 obstu-

700 2196 790 2264 qui
808 2194 980 2256 audis;
1004 2192 1170 2264 filium
1190 2185 1462 2264 dilectum,
1483 2189 1647 2243 lilium
1669 2185 2098 2264 primogenitum,

520 2255 924 2347 illiumjnagna:
951 2255 1347 2347 promissionis,
1381 2261 1547 2347 tilium
1577 2255 1781 2347 magna:
1804 2255 2104 2347 generatio-

522 2336 629 2390 nis.
658 2324 862 2390 Dictuin
891 2324 1033 2390 enim
1062 2332 1232 2388 fuerat
1262 2324 1550 2393 Abraham,
1574 2327 1642 2383 In
1666 2324 1827 2382 Ἰδααὸ
1846 2324 2103 2380 vocabitur

524 2405 616 2459 tibi
636 2414 801 2460 seuseu
828 2415 968 2458 tuum
992 2402 1142 2475 (Gen.
1167 2417 1267 2475 χιιι
1290 2443 1304 2467 ,
1334 2400 1425 2475 12)
1454 2441 1470 2466 ,
1497 2408 1551 2454 et
1574 2399 1625 2453 in
1651 2399 1767 2470 ipso
1787 2398 1892 2475 erit
1918 2409 2101 2450 semen

526 2484 696 2538 tuum,
725 2476 863 2530 sicut
890 2468 1057 2530 stellas
1079 2473 1199 2529 caeli
1218 2514 1232 2536 ,
1255 2482 1310 2527 et
1329 2468 1467 2526 sicut
1485 2484 1648 2524 arena
1670 2468 1830 2523 maris
1849 2468 1903 2521 in
1928 2475 2104 2538 extre-

525 2560 612 2600 ma
653 2536 744 2599 tua
768 2554 1062 2601 senectute.
1092 2542 1443 2599 Centenarius
1484 2540 1625 2595 enim
1655 2546 1770 2596 erat
1799 2536 2065 2593 Abraham
2085 2575 2101 2598 .

524 2615 654 2671 dum
681 2616 865 2685 genuit
902 2615 1047 2685 Isaac
1079 2613 1147 2669 de
1172 2613 1303 2668 Sara
1347 2611 1514 2685 sterili
1555 2624 1719 2685 uxore
1752 2608 1964 2685 propria
1989 2646 2006 2672 ,
2037 2604 2105 2659 de

527 2677 900 2768 Agar'ancilla
944 2682 1605 2768 lsmaelem.sagittarium.
1638 2677 1953 2768 mirabiliter.
1983 2688 2106 2768 pro:

527 2744 751 2810 missum
796 2763 1104 2825 susceperat
1125 2795 1140 2818 ,
1167 2744 1461 2807 mirabilius
1505 2744 2106 2825 suscep_tum_religiose

526 2825 792 2881 educavit.
823 2813 969 2879 lnter’
984 2824 1101 2878 haec
1125 2813 1303 2876 tamen
1331 2836 1435 2874 non
1466 2813 1788 2873 contradixit
1812 2813 2104 2878 Abraham,

528 2894 625 2950 sed
649 2909 749 2949 nec
770 2893 1150 2956 murmuravit,
1181 2906 1278 2946 nec
1302 2889 1598 2949 haesitavit,
1627 2901 1726 2941 nec
1754 2885 1938 2939 faciem
1978 2897 2110 2956 con-

529 2964 761 3021 turbavit
792 2982 806 3018 :
840 2965 947 3017 imo
990 2954 1237 3031 tanquam
1277 2968 1430 3030 pater
1456 2972 1746 3031 exsurgens
1772 2954 2117 3031 pia_crude_li-,

531 3044 640 3090 tate
683 3036 735 3089 in
778 3034 943 3088 filium
972 3048 1030 3088 se
1055 3025 1297 3096 armavit;
1330 3040 1387 3083 ut
1410 3045 1530 3083 mox
1561 3025 2108 3096 ob‘ediret.Attenditc

530 3120 646 3168 vos,
674 3104 765 3160 filii
792 3104 1106 3160 obedientiae
1130 3144 1142 3165 ,
1166 3102 1253 3172 qui
1285 3094 1465 3172 votum
1496 3099 1694 3172 fecistis
1732 3106 1791 3172 er
1823 3094 2109 3167 professio-

534 3167 675 3231 nem.
711 3175 875 3239 Vade,
901 3192 933 3228 υ
963 3187 1019 3227 ιιι
1042 3167 1235 3235 frater,
1264 3180 1321 3226 et
1346 3170 1430 3224 fac
1451 3170 1714 3225 similiter.
1747 3167 1872 3239 “me
1896 3179 2110 3239 semper

530 3247 824 3316 adimplere
859 3235 1031 3314 cogita
1055 3283 1070 3310 ,
1099 3243 1199 3296 hoc
1225 3256 1437 3316 semper
1476 3240 1606 3316 faeie
1638 3240 1755 3293 laeta
1779 3237 1886 3316 _fac
1910 3277 1923 3299 ,
1950 3242 2005 3289 et
2033 3235 2111 3288 vi-

532 3332 624 3371 ves
652 3307 754 3379 ,'et
799 3316 899 3369 erit
929 3307 1122 3368 semen
1168 3323 1311 3365 tuum
1345 3307 1702 3365 benedictum
1745 3307 1878 3361 ultra
1924 3319 2108 3359 semen

530 3387 779 3441 Abrahat.
810 3384 1186 3439 Verumtamen
1214 3381 1340 3451 quid
1368 3382 1537 3451 majus
1563 3380 1748 3451 nescio
1759 3383 2061 3451 murmurat
2092 3414 2108 3439 ,

531 3457 656 3524 quid
677 3455 1016 3510 afl‘ectuusius
1041 3443 1279 3504 susurrat
1304 3466 1403 3502 vox
1433 3443 1530 3504 ista
1562 3449 1613 3502 in
1637 3448 1855 3524 auribus
1878 3443 2072 3497 nostris
2092 3484 2108 3509 ,

534 3519 658 3579 licet
695 3526 808 3578 hate
838 3534 1076 3590 tempore
1107 3530 1252 3573 tanto
1280 3530 1403 3573 ante
1442 3534 1539 3590 nos
1572 3519 1764 3586 scripta
1808 3524 1970 3590 sunt,
1993 3528 2112 3590 qua:

532 3605 659 3650 sunt
694 3609 791 3663 per
821 3582 1127 3662 allegoriam
1155 3590 1313 3644 dicta.
1351 3582 1857 3663 Discatiarmtsuergo
1882 3582 2005 3663 folia
2029 3583 2111 3636 vi-

531 3654 785 3729 neam-ut
827 3654 1050 3718 frutium
1100 3663 1430 3715 inveniamus
1482 3656 1766 3728 Spiritualis
1814 3654 2114 3729 intelligen-

533 3737 621 3790 tim
649 3724 942 3805 ,tanquam
982 3734 1081 3788 sub
1126 3733 1323 3787 cortice
1366 3724 1618 3805 nucleum
1643 3769 1664 3805 ,_
1714 3738 1964 3795 tanquam
2006 3724 2115 3805 sub

532 3793 681 3876 palea
724 3793 976 3876 granum,
1012 3801 1406 3876 tanquamsub
1437 3810 1572 3876 terra
1629 3793 1956 3876 thesaurum.
2006 3793 2116 3849 Ve-

531 3866 650 3932 i'um
691 3866 753 3931 ιιῖ
783 3866 1055 3931 hodierna:
1097 3866 1289 3928 Christi
1332 3868 1650 3925 solemuitati
1692 3866 2112 3931 satisfaciamus,

530 3947 932 4003 consideremus
974 3955 1148 3999 utrum
1176 3959 1237 3998 ea
1288 3958 1404 4012 quae
1448 3942 1586 3996 dicta
1621 3945 1758 4012 sunt
1786 3937 1851 3991 de
1877 3945 2116 4012 tempore

533 4018 800 4072 Abraham
850 4058 863 4081 ,
914 4017 1170 4070 inclinare
1240 4006 1504 4083 possimus
1570 4008 1636 4063 ad
1709 4023 1799 4083 me
1867 4006 2118 4083 Augusti-.-

534 4103 662 4141 num
713 4075 916 4157 patrem
956 4096 1212 4157 vestrum.
1242 4075 1547 4157 'Tentcmus
1588 4094 1752 4149 super
1787 4075 2116 4157 hoc'ahquid

533 4147 730 4213 dicere'
761 4159 827 4210 ad
884 4157 973 4210 Dei
1030 4154 1277 4215 laudem,
1320 4161 1374 4206 et
1425 4151 1491 4205 ad
1551 4147 1783 4204 nostram
1834 4147 2116 4215 aliqualem

536 4228 963 4281 aedificationem.
992 4224 1096 4278 Sed
1125 4221 1414 4275 secundum
1446 4220 1695 4273 llebrmos
1722 4216 1990 4270 Abraham
2019 4216 2119 4269 sub

538 4297 712 4351 tribus
764 4294 1090 4360 temporibus
1132 4290 1227 4345 tria
1250 4290 1479 4360 sortitus
1527 4298 1609 4341 est
1660 4287 1891 4360 naming.
1940 4285 2119 4360 Primo

538 4368 710 4422 dictus
730 4376 812 4419 est
835 4354 982 4418 Illam
1006 4362 1101 4433 (a),
1124 4358 1265 4433 quod
1282 4359 1479 4433 ibidem
1500 4366 1655 4412 sonat
1673 4354 1815 4433 quod
1838 4354 2116 4433 Excelsus,

541 4452 662 4493 cum
689 4436 862 4491 adhuc
884 4423 1027 4489 esset
1053 4423 1104 4486 in
1134 4423 1395 4495 Chaldaza,
1420 4430 1472 4483 in
1501 4438 1640 4482 terra
1658 4423 1710 4480 et
1735 4426 1784 4479 in
1806 4423 2120 4495 cognatione

538 4523 633 4563 sua
673 4509 722 4561 in
750 4507 911 4562 domo
951 4505 1112 4575 patris
1135 4500 1235 4557 sui.
1261 4499 1578 4575 Ascendens
1606 4507 1782 4575 autem
1826 4496 1877 4550 in
1923 4504 2117 4575 terrain

540 4579 789 4635 Chanaan
813 4576 878 4631 ad
903 4564 1233 4630 vocationem
1260 4573 1381 4637 Dei,
1417 4572 1587 4626 dictus
1607 4580 1689 4625 est
1710 4567 1905 4623 Abram
1932 4607 1946 4629 ,
1978 4564 2118 4637 quod

540 4650 918 4719 interpretatur
943 4647 1109 4719 Pater
1121 4636 1403 4719 excelsus;
1415 4641 1653 4696 Tandem
1682 4640 1745 4719 in
1760 4636 2122 4719 circumcisio-

540 4722 624 4774 nis
667 4706 777 4773 suae
820 4730 1058 4786 tempore
1091 4713 1173 4786 (b)
1203 4726 1329 4786 tunc
1354 4713 1528 4768 dictus
1566 4721 1647 4786 est
1687 4708 1949 4786 Abraham
1975 4747 1989 4772 ,
2021 4706 2122 4786 hoc

542 4800 643 4852 est,
672 4790 828 4843 Pater
854 4781 1135 4840 nititurqu
1153 4781 1416 4855 gentium.
1448 4781 1746 4855 Attendatis
1772 4820 1785 4841 .
1811 4781 1999 4832 fratres
2024 4816 2037 4840 ,
2066 4784 2122 4831 et

543 4876 638 4914 vos
667 4862 717 4913 in
756 4867 959 4927 patrem
989 4853 1246 4912 vestrum.
1277 4854 1413 4927 Nam
1436 4853 1607 4927 primo
1632 4858 1849 4905 vocatus
1876 4863 1991 4902 sum
2027 4861 2122 4900 ex-

541 4934 717 4985 celsus
748 4924 1114 4999 philos0phus.
1146 4928 1301 4999 Eram
1331 4925 1474 4999 enim
1516 4924 1652 4999 inter
1685 4934 1872 4975 omnes
1902 4931 2123 4999 magnos

543 4988 997 5057 nornina'tissimu's
1023 5039 1036 5062 ,
1066 5006 1122 5053 et
1167 4996 1460 5052 liberalium
1509 4993 1700 5047 artium
1750 4988 2123 5062 sagacissimus

545 5072 840 5142 indagator.
863 5059 1139 5142 lixcelsus,
1165 5068 1398 5142 inquam,
1419 5080 1586 5128 eram,
1610 5061 1923 5142 celsitudine
1949 5059 2119 5142 scien-

545 5125 633 5197 tia}
653 5125 771 5212 tilum
797 5138 939 5212 inflat
966 5179 980 5204 ,
1014 5125 1420 5212 uou'charitatis
1444 5125 1836 5212 quaeredifieat.
1864 5129 1995 5211 Nam
2023 5125 2125 5183 Ce-

543 5200 697 5268 (ιωτή
738 5200 1062 5266 odoriferam
1111 5205 1368 5261 vocabant
1414 5200 1500 5257 me
1543 5202 1764 5256 Romani
1811 5200 2077 5269 principes
2104 5240 2120 5265 ,

544 5284 687 5339 foliis
714 5280 1094 5342 abundantem;
1122 5277 1214 5332 sed
1244 5292 1347 5330 non
1378 5273 1639 5328 habebam
1661 5268 1912 5326 fructum.
1937 5268 2123 5323 Eacel-

546 5369 639 5408 sus
686 5367 830 5409 cram
879 5360 933 5403 et
975 5350 1164 5417 impius
1190 5362 1353 5417 super
1378 5359 1565 5417 omnes
1588 5352 1888 5417 coaptaneos
1913 5353 2080 5417 lucos
2106 5380 2121 5405 ,

544 5407 715 5479 elatus
739 5431 795 5478 et
812 5407 1229 5490 superexaltatns
1258 5407 1427 5486 super
1452 5413 1642 5490 cedros
1664 5409 1874 5490 Libani.
1908 5407 1979 5490 Et
2000 5422 2126 5463 ecce

546 5495 770 5551 accessit
818 5479 894 5545 ad'
914 5505 999 5544 me
1028 5497 1198 5543 mater
1227 5479 1420 5555 pietate
1451 5485 1601 5553 plena
1628 5524 1642 5545 ,
1670 5479 1976 5552 prmdicatio
2000 5493 2126 5532 san-

709 5614 767 5714 i?
789 5613 1036 5657 Geneseos
1056 5604 1213 5667 capite
1238 5615 1304 5663 XI,
1330 5601 1378 5665 ᾖ.
1402 5597 1478 5660 26,
1507 5595 1670 5649 statim
1690 5594 1752 5645 ab
1776 5596 1880 5658 ipso
1911 5596 2021 5642 ortu
2046 5603 2129 5641 vo-

760 5679 897 5714 iram.

705 5675 932 5775 {imiiie
964 5724 1333 5775 circumcisiouis
1361 5728 1672 5790 praelium,
1696 5724 1811 5769 Gen-
1837 5730 1953 5777 ινιιν
1984 5714 2033 5766 5-

2198 935 2417 1008 cupiens
2444 952 2563 992 esse
2589 935 2858 1008 particeps
2885 935 3148 989 fructuum
3175 943 3228 989 et
3253 936 3611 1008 orationum,
3641 935 3813 1008 locum

2199 1003 2358 1064 istum
2388 1003 2673 1068 secretum,
2705 1007 2755 1060 in
2786 1003 2892 1075 quo
2921 1020 3058 1058 nunc
3074 1018 3267 1075 sumus
3288 1045 3305 1070 ,
3333 1006 3502 1058 nobis
3533 1003 3771 1075 donarit
3794 1047 3811 1069 ,

2198 1089 2253 1134 et
2299 1079 2451 1134 multi
2499 1088 2743 1132 nostrum
2774 1073 3039 1129 viderunt.
3064 1074 3169 1129 Sed
3200 1075 3317 1128 loco
3348 1076 3458 1134 isto
3487 1073 3805 1133 aedificato.

2200 1150 2253 1203 in
2280 1149 2473 1202 Christi
2504 1148 2717 1201 nomine
2746 1155 2801 1200 et
2839 1155 3037 1200 sancta:
3074 1145 3347 1199 Trinitatis
3374 1146 3643 1213 pontifex
3694 1144 3809 1212 flip-

2201 1220 2450 1289 ponensis
2477 1217 2648 1289 factus
2676 1231 2794 1289 sum
2820 1256 2835 1279 ,
2858 1223 3151 1289 euocatus
3188 1229 3303 1268 sum
3348 1224 3511 1289 pater
3550 1216 3807 1269 excelsus

2201 1283 2509 1344 multorum.
2536 1285 2822 1341 Pontifices
2847 1286 3011 1348 enim,
3044 1283 3234 1338 fratres
3259 1284 3364 1338 mri
3384 1327 3397 1345 .
3421 1286 3579 1339 sicut
3608 1300 3809 1338 vocan-

2201 1369 2288 1414 tur
2330 1372 2569 1429 paStores
2608 1357 2783 1429 gregis
2806 1396 2820 1416 ,
2851 1356 2920 1409 ita
2951 1364 3221 1429 et_patres
3252 1355 3423 1429 plebis
3456 1370 3733 1429 procura
3760 1364 3809 1408 et

2201 1425 2369 1499 patria
2390 1427 2762 1499 sollicitudine,
2785 1434 2843 1499 et
2868 1425 3184 1499 tuuefaetus
3208 1425 3503 1499 morsicat
3528 1426 3684 1478 oliva
3709 1425 3809 1478 fru-

2201 1495 2383 1553 etifera
2412 1500 2463 1552 in
2493 1500 2653 1551 domo
2674 1496 2786 1549 Dei.
2816 1495 3073 1549 l’rtesules
3102 1497 3243 1549 enim
3273 1495 3428 1548 oliva:
3467 1509 3805 1564 comparan-

2204 1578 2289 1623 tur
2331 1576 2549 1638 propter
2594 1569 2698 1619 vim
2741 1566 2855 1638 olei.
2891 1563 3169 1638 triplicem.
3213 1563 3340 1638 Nam
3391 1566 3583 1638 olgtrm
3616 1563 3807 1633 primo

2204 1633 2500 1701 illuminat,
2524 1638 2688 1706 pascit
2711 1676 2726 1701 ,
2747 1645 2800 1706 et
2833 1633 2968 1687 fessa
3001 1635 3234 1706 membra
3267 1634 3427 1688 fovet.
3456 1634 3556 1689 Sic
3581 1644 3642 1688 et
3676 1651 3807 1704 pne-

2203 1709 2346 1763 sules
2393 1704 2689 1762 illuminare
2728 1704 2921 1758 debent
2952 1704 3147 1770 verbo,
3179 1720 3397 1772 pascere
3426 1706 3696 1773 exemplo
3720 1747 3737 1766 .
3757 1714 3807 1759 et

2203 1778 2385 1833 fovere
2413 1785 2628 1848 egentes
2651 1774 2926 1848 temporali
2948 1773 3225 1848 beneficio.
3257 1775 3365 1842 Ego
3381 1776 3557 1833 enim,
3582 1777 3801 1839 fratres,

2204 1863 2308 1902 non
2335 1843 2571 1902 dico'me
2601 1845 2704 1899 hoc
2727 1844 2903 1898 facere
2927 1861 2941 1907 ;
2975 1843 3165 1899 studeo
3194 1853 3369 1897 tamen
3397 1860 3619 1898 sacram
3658 1846 3803 1899 Scri-

2206 1928 2409 1987 pturam
2428 1931 2717 1986 exponere,
2739 1914 2927 1987 turrim
2953 1914 3249 1987 Davidicam
3263 1915 3468 1987 clypeis
3487 1913 3805 1987 fortissimis

2205 1984 2414 2042 munire
2439 2029 2453 2051 ,
2487 1984 2743 2041 munitam
2772 1984 3061 2047 declarare,
3085 1994 3136 2038 et
3163 1984 3488 2038 declaratam
3520 1986 3801 2038 ordinare.

2203 2057 2334 2111 Nam
2358 2056 2481 2127 quid
2496 2072 2590 2127 per
2608 2055 2799 2127 turrim
2813 2053 3134 2127 Davidicam,
3153 2055 3251 2107 nisi
3276 2054 3805 2127 sanctorumEecle-

2204 2128 2337 2181 siam
2368 2123 2639 2196 intelligo?
2669 2124 2735 2178 Et
2759 2125 2835 2177 sic
2870 2123 2978 2193 jam
3006 2124 3073 2196 ab
3098 2132 3215 2177 ortu
3236 2133 3289 2179 et
3307 2138 3526 2189 occasu,
3556 2125 3626 2196 ab
3647 2125 3806 2196 aqui-

2208 2198 2329 2252 lone
2358 2205 2412 2251 ct
2438 2193 2619 2250 austro
2646 2196 2786 2264 viget
2809 2202 2990 2248 nostra
3013 2193 3253 2248 doctrina
3274 2195 3651 2264 etexpositio.
3686 2193 3802 2248 Non

2208 2276 2383 2321 tamen
2410 2282 2439 2319 a
2468 2282 2573 2329 me,
2596 2265 2690 2320 sed
2711 2263 2796 2318 de
2834 2263 2994 2318 domo
3038 2264 3128 2318 Dei
3156 2263 3389 2333 procedit
3418 2281 3429 2314 :
3461 2272 3518 2318 et
3564 2265 3644 2317 sic
3694 2280 3803 2318 non

2206 2338 2376 2392 solum
2408 2347 2557 2406 pater
2579 2335 2814 2406 gentium
2844 2334 2993 2406 dicor
3014 2374 3041 2406 ,_
3058 2334 3150 2406 sed
3175 2335 3335 2406 etiam
3362 2334 3485 2387 vitis
3515 2333 3803 2389 abundans

2207 2407 2259 2461 in
2300 2404 2555 2462 lateribus
2586 2404 2797 2460 'domus
2851 2404 2963 2458 Dei.
3003 2404 3168 2471 Cujus
3214 2404 3404 2458 domus
3450 2414 3578 2458 sunt
3631 2405 3805 2458 latera

2207 2477 2445 2548 legentes
2460 2486 2512 2531 et
2531 2485 2767 2548 orantes2
2779 2483 2833 2529 et
2848 2473 3422 2548 conjugatilegentium
3445 2485 3497 2529 et
3518 2476 3802 2528 orantium

2207 2543 2404 2628 et'conj
2414 2547 2705 2628 ugautiitm.
2724 2545 2853 2599 Nam
2876 2543 3032 2626 vobis.
3047 2545 3136 2613 qui
3156 2543 3284 2628 estis
3308 2544 3539 2628 legentes
3560 2557 3613 2598 et
3634 2559 3807 2628 oran-

2209 2625 2328 2680 tes,
2379 2614 2709 2671 abundanter
2766 2614 3157 2684 propinavimus
3210 2614 3539 2684 doctrinam,
3592 2615 3805 2683 quibus

2209 2686 2539 2755 disciplinam
2582 2681 2923 2754 apostolicam
2961 2684 3170 2755 tradidi.
3198 2681 3501 2754 Conjugatis
3540 2681 3801 2751 poculum

2207 2752 2516 2809 vitat'etiam
2551 2752 2963 2824 prepinavimus.
2994 2752 3155 2808 Vobis
3188 2752 3674 2823 tamen‘propinavi
3718 2756 3803 2806 νι-

2210 2840 2335 2880 num
2357 2824 2602 2888 fervoris,
2621 2825 2891 2879 charitatis
2916 2832 2970 2878 et
2995 2824 3261 2892 tequitatis
3282 2843 3293 2876 :
3314 2824 3418 2877 illis
3444 2838 3574 2877 vero
3608 2838 3804 2892 pacem

2210 2905 2264 2951 et
2292 2896 2598 2964 patientiam
2624 2895 2959 2949 donavimus.
2990 2894 3340 2948 Revertamur
3364 2909 3491 2963 ergo
3518 2892 3586 2947 ad
3629 2893 3803 2964 histo-

2211 2963 2342 3020 riam
2373 2974 2711 3030 prattaxatam
2736 3005 2751 3028 ,
2784 2980 2901 3035 quae
2944 2964 3172 3017 insinuat
3222 2964 3377 3017 nobis
3420 2965 3518 3016 tria
3543 3005 3559 3028 ,
3593 2963 3805 3035 scilicet

2211 3037 2543 3107 disciplinam
2578 3034 2897 3107 regularem,
2927 3048 3303 3107 progressum,
3327 3044 3381 3087 et
3404 3035 3630 3088 exitum.
3657 3034 3805 3107 D_ici-

2213 3117 2301 3161 tur
2346 3102 2490 3160 enim
2539 3106 2691 3159 nobis
2730 3119 2758 3158 ει
2789 3102 3049 3168 Domino,
3069 3103 3214 3156 Tolle
3240 3104 3402 3171 ﬁlium
3450 3114 3594 3155 tuum
3627 3102 3801 3165 (Cen.

2212 3192 2320 3230 χχιι
2342 3175 2434 3246 ,2)
2462 3191 2477 3241 ;
2504 3175 2651 3244 quasi
2676 3174 2816 3246 dicat
2848 3175 3124 3246 Dominus,
3150 3173 3228 3227 Tu
3257 3175 3344 3243 qui
3375 3173 3669 3246 monachus
3699 3190 3762 3246 es
3785 3216 3803 3238 ,

2213 3246 2338 3300 tolle
2360 3243 2531 3298 filium
2551 3254 2695 3297 tuum
2724 3243 2869 3297 Isaac
2892 3285 2906 3307 ,
2938 3244 3025 3312 qui
3057 3246 3435 3311 interpretatur
3460 3244 3621 3297 llisus
3652 3261 3666 3296 :
3699 3243 3808 3298 hoc

2213 3324 2316 3381 est,
2343 3324 2483 3368 tuam
2508 3314 2775 3381 propriam
2795 3315 3117 3367 voluntatem
3148 3314 3291 3377 tolle,
3317 3314 3370 3366 in
3391 3315 3544 3382 cujus
3567 3329 3806 3367 exsecu-

2215 3385 2359 3438 tione
2387 3385 2546 3437 homo
2566 3384 2703 3437 ridet
2719 3392 2774 3436 et
2789 3384 3100 3438 delectatur.
3131 3384 3193 3437 Et
3217 3384 3329 3437 haec
3349 3394 3431 3437 est
3455 3384 3628 3451 prima
3654 3383 3809 3437 obla-

2215 3454 2291 3508 tio
2314 3494 2328 3517 ,
2360 3469 2519 3524 quam
2547 3452 2718 3524 homo
2741 3453 2900 3508 debet
2930 3454 3039 3506 Deo
3063 3454 3286 3508 reddere
3329 3465 3383 3507 et
3407 3454 3600 3508 offerre
3640 3469 3811 3521 super

2216 3522 2650 3579 unum‘montium
2668 3537 2824 3593 quem
2845 3532 3104 3577 monstrat
3130 3524 3280 3577 nobis
3301 3524 3459 3578 Deus.
3481 3524 3610 3577 Nam
3636 3527 3807 3576 multa

2214 3609 2409 3664 genera
2455 3595 2711 3647 montium
2750 3593 3082 3647 demonstrat
3107 3594 3261 3647 nobis
3294 3595 3567 3648 Dominus.
3596 3593 3701 3664 Sed
3730 3593 3809 3647 de

2217 3663 2443 3736 Quatuor
2472 3664 2621 3718 nobis
2649 3663 2910 3736 mediator
2939 3664 3031 3717 Dei
3057 3672 3110 3736 et
3137 3664 3408 3736 hominum
3428 3664 3606 3736 homo
3641 3663 3808 3736 Chri-

2217 3733 2333 3790 stus
2359 3735 2514 3790 Jesus
2556 3748 2714 3803 mons
2748 3734 2974 3798 dicitur,
3001 3734 3087 3803 qui
3111 3736 3199 3787 erit
3226 3733 3277 3785 in
3321 3735 3600 3803 novissimis
3629 3735 3809 3788 diebus

2217 3822 2361 3860 mons
2403 3806 2582 3858 domus
2610 3802 2814 3873 Domini
2841 3804 2894 3856 in
2922 3802 3099 3857 vertice
3144 3805 3431 3873 montium(
3461 3802 3590 3857 lsai.
3632 3818 3687 3866 tt,
3718 3803 3805 3871 2).

2219 3875 2286 3935 Ει
2313 3877 2499 3929 iterum
2526 3891 2538 3926 :
2567 3873 2715 3927 Mons
2732 3872 2828 3926 Dei
2852 3888 2995 3925 mons
3023 3874 3220 3944 pinguis
3239 3883 3284 3926 et
3305 3872 3602 3943 coagulum:
3624 3873 3805 3942 (Prol.

2220 3961 2360 4000 van
2381 3987 2394 4011 ,
2424 3945 2536 4011 l6).
2565 3944 2731 3998 Porro
2757 3944 2825 3998 de
2855 3944 2955 3996 hoc
2983 3942 3163 3997 monte
3192 3942 3471 3998 descendit
3507 3959 3593 3997 ros
3616 3953 3670 3996 et
3698 3959 3810 3996 un-

2219 4025 2469 4085 guentum
2502 4028 2599 4084 pro
2624 4014 2784 4068 barba
2831 4013 3049 4085 Aaron.
3073 4013 3270 4068 Omnes
3307 4014 3450 4067 enim
3495 4013 3562 4067 de
3603 4013 3806 4067 Christi

2220 4084 2548 4156 plenitudine
2584 4093 2906 4156 unguentum
2947 4084 3184 4153 recipere
3224 4098 3508 4156 possumus
3558 4084 3807 4156 Apostoli

2220 4153 2379 4209 etiam
2403 4195 2417 4217 ,
2444 4153 2675 4217 fratres,
2711 4154 2959 4208 dicttutur
3002 4161 3244 4224 montes;
3292 4155 3417 4224 quia
3456 4153 3805 4207 fundamenta

2222 4226 2337 4295 ejus
2356 4267 2371 4290 ,
2399 4225 2606 4279 scilicet
2634 4224 2887 4279 Ecclesiae
2914 4264 2928 4287 ,
2962 4224 3013 4276 in
3053 4223 3321 4295 montibus
3362 4224 3806 4295 sanctis.Angeli

2222 4293 2476 4367 numquid
2521 4310 2625 4367 non
2662 4304 2717 4349 et
2742 4294 2839 4367 ipsi
2869 4303 3075 4367 montes
3095 4293 3345 4367 dicuntur
3364 4294 3555 4349 excelsi
3579 4293 3807 4367 {Porro

2221 4362 2423 4433 Jesus',
2453 4366 2542 4435 qui
2590 4362 3012 4435 mons'dicitur,
3044 4364 3237 4419 sedens
3276 4365 3330 4419 in
3368 4373 3542 4419 monte
3585 4362 3809 4435 Tliabor

2224 4431 2527 4491 sermonem
2563 4435 2837 4504 discipulis
2865 4433 3022 4499 facit,
3048 4448 3368 4490 enumerans
3393 4443 3584 4502 septem
3621 4431 3805 4504 beati—

2224 4507 2436 4561 tudines
2471 4503 2721 4575 Spiritus.
2768 4506 2813 4559 υ
2857 4505 3047 4559 fratres
3072 4546 3085 4571 ,
3129 4505 3385 4575 attendite
3426 4509 3673 4575 quantum
3727 4503 3808 4559 sit

2224 4570 2661 4646 impedimentum
2681 4616 2696 4641 ,
2728 4589 2885 4646 quam
2912 4570 3079 4644 graver
3094 4570 3647 4646 diSpendium‘inferat
3673 4585 3809 4646 san:

2224 4644 2325 4701 cui:
2352 4647 2588 4717 religioni
2617 4644 2956 4717 superﬂuitas
2982 4651 3045 4717 et
3061 4644 3380 4700 abundantia
3411 4658 3627 4717 rerum,
3658 4644 3810 4717 quod

2226 4716 2382 4787 longe
2422 4713 2588 4785 magis
2634 4713 2857 4787 legimus
2895 4715 2947 4767 in
2998 4715 3135 4770 libro
3179 4713 3760 4787 nostraa‘conscientia:
3790 4756 3807 4781 ,

2225 4782 2384 4858 quam
2416 4782 2981 4858 possumus'explieare
3003 4785 3359 4858 sermonibus.
3392 4782 3658 4858 Numquid
3699 4798 3810 4838 non

2227 4853 2621 4926 Sodomitarum
2654 4853 2927 4926 peccatum
2958 4854 3121 4926 fuisse
3150 4855 3341 4926 legitur
3366 4853 3687 4926 abundantia
3719 4868 3814 4924 pa-

2229 4931 2313 4983 nis
2332 4936 2387 4982 et
2412 4924 2663 4996 superbia
2677 4928 2800 4980 vitae
2814 4928 2839 4979 τ
2859 4924 3123 4996 Numquid
3149 4924 3255 4996 non
3283 4925 3457 4994 angeli
3483 4924 3732 4996 videntes
3753 4939 3814 4979 se

2227 4995 2499 5053 abundare
2528 4998 2580 5051 iu
2614 4995 3293 5066 pulchritudine'sapientia
3327 4995 3702 5066 superbientes
3725 5009 3817 5049 ee-

2227 5066 2508 5124 ciderunt?
2531 5064 2794 5135 Numquid
2821 5082 2926 5120 non
2950 5074 3004 5121 et
3023 5075 3203 5135 patres
3226 5064 3393 5135 nostri
3428 5065 3580 5135 quasi
3602 5064 3816 5119 ratione

2229 5140 2414 5194 eadem
2451 5137 2655 5207 expulsi
2690 5133 2828 5192 sunt
2854 5135 2937 5207 de
2980 5133 3263 5207 paradiso?
3300 5133 3574 5207 Numquid
3615 5149 3722 5189 non
3766 5145 3819 5207 et

2230 5210 2463 5264 mundus
2507 5204 2816 5262 submersus
2843 5204 3230 5277 fuit,’quando
3267 5204 3637 5277 abundantes,
3666 5213 3721 5259 et
3766 5205 3818 5258 in

2232 5282 2341 5335 suis
2369 5277 2708 5334 abundantiis
2740 5278 2907 5331 Deum
2944 5275 3049 5329 non
3086 5283 3473 5346 cognoscentes
3502 5275 3822 5346 perierunt?

2230 5348 2496 5420 Numquid
2521 5363 2625 5403 non
2648 5347 2846 5420 ὣς]ιῇ
2871 5344 3203 5420 abundantes
3232 5344 3513 5420 iracundia
3526 5345 3668 5420 pleni
3694 5344 3819 5420 facti

2232 5428 2357 5503 sunt
2383 5415 2435 5474 et
2463 5415 2768 5476 submersi?
2786 5416 3049 5488 Numquid
3073 5433 3177 5472 non
3188 5424 3413 5542 (propter
3435 5415 3820 5473 abundantiam

2234 5491 2372 5542 idola
2419 5499 2577 5542 terras
2604 5487 2742 5542 facta
2766 5489 2929 5542 sunt?
2955 5486 3183 5542 Numqui
3271 5501 3377 5541 non
3409 5486 3662 5542 Amalech
3692 5486 3820 5542 auia

2234 5491 2372 5545 idola
2419 5499 2577 5546 terra;
2604 5487 2742 5544 facta
2766 5486 3221 5557 sunt?'Numquid
3271 5501 3377 5541 non
3409 5486 3662 5542 Amalech
3692 5486 3822 5555 quia

2234 5561 2534 5616 abundabat
2562 5602 2576 5622 .
2600 5558 2652 5615 id
2690 5568 2811 5624 est,
2834 5558 3029 5613 invidia
3073 5560 3258 5627 plenus
3281 5598 3295 5623 ,
3323 5557 3515 5613 desivit
3555 5558 3607 5610 in
3657 5570 3823 5611 manu

2234 5631 2399 5701 Sauli
2418 5630 2684 5701 Numquid
2708 5646 2816 5685 non
2837 5628 3263 5701 temporeDavid
3279 5629 3449 5701 multa
3473 5627 3637 5682 millia
3658 5627 3822 5701 inter-

2238 5700 2361 5758 fecti
2405 5697 2872 5773 sunt‘l'Numquid
2916 5697 3025 5761 non
3073 5700 3202 5762 Sail!
3244 5700 3519 5759 abundans
3557 5697 3824 5770 snperbus

4003 1496 4005 1611 ι

4002 1688 4005 1819 ι
