4072 6196
248 328 388 415 ιδιδ

245 442 478 499 efficitur
505 449 559 498 et
582 441 829 511 ejieitur?
870 439 1134 510 Numquid
1176 456 1283 497 non
1326 441 1563 496 Herodes
1582 441 1815 511 Ascalo-

246 514 357 569 nita
375 510 687 583 jugulatur?
710 511 973 582 Numquid
1003 526 1107 583 non
1135 511 1372 583 Herodes
1403 510 1818 583 tetrarchas”.

246 579 554 640 rans'in'sua
569 579 886 637 abundantia
908 581 1101 652 populo
1120 580 1446 647 satisfacere,
1464 580 1553 650 qui
1569 579 1820 652 credebat

246 652 506 708 Joannem
523 666 644 708 esse
657 659 896 707 sanctum
908 650 989 707 et
1002 651 1201 719 justum
1218 691 1232 715 ,
1252 653 1424 720 ipsum
1447 659 1624 704 tamen
1641 650 1820 705 decol-

247 721 408 778 lavit?
424 722 679 789 Cogitate,
694 721 905 787 fratres,
924 721 1048 789 quid
1062 721 1321 787 receperit
1348 720 1677 789 llolol‘ernes,
1692 721 1818 789 quid

246 792 450 853 Caesar,
482 788 607 861 quid
632 791 772 846 Nero
790 832 805 858 ,
835 788 962 861 quid
993 790 1299 861 Valentinus
1317 831 1347 861 ,Α
1361 790 1488 861 quid
1516 788 1818 861 Constanti-

248 876 352 944 nus
372 904 389 927 ,
414 858 539 944 quid
554 862 812 944 “Decius,
844 858 968 944 quid
1010 858 1455 944 ἲ[ιιιξὶιιιιιιεεῖ,ριιίἀ
1497 873 1623 944 ergo
1653 860 1819 944 valuit

246 928 446 1009 Caesari
474 942 528 1009 et_
553 931 747 1009 Neroni
762 928 1080 1009 abundantia
1101 929 1265 1009 quid
1292 930 1529 1009 Assuero
1550 929 1816 1009 pecunia?

250 999 374 1070 quid
407 1000 671 1070 Antiocho
698 1000 940 1054 simulata
971 1008 1025 1053 et
1048 998 1261 1070 palliata
1288 998 1635 1070 poenitentia?
1664 998 1817 1070 ttola-

246 1068 372 1152 mus
394 1086 521 1152 ergo
543 1069 812 1152 Qltristum
852 1083 1137 1149 pauperem
1257 1068 1535 1152 praesenti,
1566 1077 1623 1122 ut
1650 1069 1816 1152 simus

246 1139 437 1194 divites
461 1137 517 1194 in
550 1140 742 1194 futuro.
772 1137 966 1195 Comes
993 1138 1133 1192 enim
1164 1137 1464 1192 divitiarum
1490 1138 1734 1206 superbia
1762 1147 1817 1194 et

245 1208 453 1265 luxuria
475 1219 575 1263 est.
599 1210 852 1264 Amemus
871 1223 1019 1276 ergo,
1044 1222 1081 1262 ο
1100 1207 1312 1274 fratres,
1336 1205 1597 1261 summam
1617 1205 1815 1263 Christi

246 1286 303 1348 et
323 1278 695 1347 Apostolorum
721 1286 1118 1348 paupertatem;
1151 1292 1219 1333 ne
1244 1278 1295 1348 in
1320 1287 1502 1332 nostra
1527 1285 1707 1348 sancta
1732 1292 1816 1348 re-

244 1347 442 1418 ligione
465 1358 697 1403 mutetur
713 1348 861 1404 color
880 1348 1132 1417 optimus,
1153 1356 1206 1418 e_t
1227 1347 1595 1418 dispergantur
1615 1347 1814 1418 lapides

246 1416 536 1473 sanctuarii
563 1419 750 1473 nostri.
780 1416 927 1473 Sane
956 1417 1098 1472 enim
1122 1458 1137 1483 ,
1171 1416 1360 1471 fratres
1388 1417 1525 1482 mei,
1553 1431 1619 1472 ex
1645 1416 1813 1471 colla-

247 1487 393 1558 tione
414 1488 636 1543 aliarum
665 1494 1033 1558 paupertatum
1063 1485 1453 1558 commendatio
1491 1487 1813 1558 paupertatis

244 1557 557 1612 voluntaria:
610 1556 813 1627 plenius
869 1557 1007 1610 inter
1042 1570 1160 1627 nos
1210 1556 1430 1627 relucet.
1483 1556 1630 1627 Sunt
1668 1556 1810 1627 enim

245 1627 478 1697 quinque
519 1624 710 1696 genera
759 1626 1129 1697 paupertatis;
1161 1626 1326 1697 prima
1370 1632 1453 1697 est
1491 1624 1769 1678 infelicitas
1793 1664 1808 1688 ,

245 1694 475 1765 secunda
516 1694 599 1750 est
627 1694 908 1765 paupertas
950 1695 1292 1765 cupiditatis,
1325 1694 1479 1748 tertia
1527 1702 1811 1762 paupertas

244 1764 660 1835 superfluitatis,
706 1775 890 1835 quarta
937 1764 1272 1835 dolositatis,
1303 1765 1484 1832 quinta
1529 1772 1811 1835 paupertas

245 1782 305 1820 su
345 1782 660 1830 erutntaus,
706 1782 890 1835 quarta
937 1782 1272 1831 (ltilOSllallS,
1303 1782 1484 1832 quinta
1532 1782 1811 1831 paupertas

245 1782 551 1890 voiuntatis.
581 1836 812 1889 Primam
839 1835 997 1889 habet
1023 1833 1317 1898 mendicus,
1344 1833 1630 1887 secundam
1652 1833 1812 1888 habet

243 1920 436 1974 avarus
459 1947 474 1969 ,
521 1906 729 1960 tertiam
777 1904 937 1974 habet
975 1903 1226 1974 prodigus
1249 1943 1264 1966 ,
1290 1911 1475 1974 quarta
1514 1911 1606 1974 est
1638 1902 1810 1971 paries

243 1973 520 2044 dealbatus
541 2015 557 2040 ,
588 1976 825 2044 quintam
854 1972 1008 2028 habet
1038 1973 1118 2026 vir
1144 1972 1493 2044 compeditus.
1525 1972 1812 2044 Primagest

242 2042 504 2114 tlagellum
527 2084 543 2110 ,
574 2042 805 2098 secunda
847 2051 931 2114 est
954 2057 1215 2114 venenum
1238 2083 1254 2108 ,
1285 2042 1438 2114 tertia
1478 2042 1808 2114 est_ventila-

242 2111 437 2182 brum,
468 2122 654 2182 quarta
703 2121 786 2169 est
833 2112 1194 2168 umbraculum
1220 2152 1235 2177 ,
1280 2111 1464 2182 quinta
1506 2111 1805 2165 aedilicium.

243 2180 419 2238 Prima
435 2180 516 2237 est
537 2184 747 2248 misera,
772 2183 893 2252 quia
913 2184 1113 2238 cruciat
1135 2198 1147 2233 :
1170 2180 1506 2252 secundaest
1521 2195 1804 2244 venenosa,

282 2253 366 2307 uia
394 2262 549 2308 necat
590 2271 604 2307 :
651 2249 802 2306 tertia
832 2262 915 2307 est
954 2260 1170 2308 ventosa
1194 2292 1210 2316 ,
1237 2251 1359 2319 quia
1403 2249 1552 2304 inflat
1578 2266 1591 2302 :
1623 2259 1808 2318 quarta

282 2321 427 2393 olosa
447 2363 463 2390 ,
490 2323 612 2393 quia
644 2322 943 2393 dissimulat
970 2339 987 2393 ς
1019 2322 1201 2391 quinta
1226 2320 1626 2393 gloriosga,aquia
1654 2335 1810 2374 coro-

243 2401 353 2445 nat.
379 2391 489 2447 Ncc
508 2389 716 2447 'mirum
740 2433 755 2456 ,
784 2392 830 2446 si
857 2389 1098 2447 Christus
1124 2399 1329 2445 amator
1353 2389 1656 2445 sobrietatis
1675 2431 1690 2456 ,
1717 2404 1805 2443 so-

240 2461 521 2516 brietatem
546 2462 761 2531 spiritus
784 2461 1120 2517 commendat
1137 2501 1151 2523 ,
1176 2475 1296 2531 cum
1329 2460 1585 2531 Epicurus
1609 2473 1810 2531 prtece‘

240 2540 361 2652 Ριυι·
386 2528 672 2601 voluptatis
711 2546 827 2586 eam
871 2528 1578 2594 commendaverit,'dieens
1596 2528 1619 2594 ,
1639 2528 1807 2596 Quam

263 2599 364 2652 elix
390 2610 669 2652 paupertas
689 2610 791 2652 est.
819 2601 863 2652 si
894 2602 1015 2652 lzeta
1040 2602 1154 2652 est!
1187 2598 1359 2652 Super
1383 2598 1518 2652 hanc
1540 2598 1804 2652 oronriam

263 2599 364 2672 'clix
389 2598 863 2672 paupertas_est,gsi
894 2602 1015 2672 lteta
1040 2602 1154 2655 est!
1187 2598 1359 2669 Super
1383 2598 1518 2672 hanc
1539 2598 1804 2672 propriam

241 2667 560 2738 voluntatem
600 2670 756 2726 offert
797 2670 957 2725 homo
985 2670 1208 2725 devotus
1228 2710 1241 2732 ,
1264 2667 1415 2738 quod
1446 2668 1711 2738 praecipue
1748 2668 1806 2721 lit

241 2736 305 2810 in,
337 2740 664 2810 professione
706 2739 1004 2795 obediendi.
1049 2736 1331 2810 Sequitur,
1363 2736 1552 2810 fratres
1571 2777 1586 2800 ,
1615 2736 1809 2810 Stravit

240 2805 496 2879 Abraltmn
538 2810 770 2879 asinum,
811 2810 937 2863 duos
979 2805 1175 2879 pueros
1202 2824 1369 2862 aecum
1408 2805 1808 2879 ducens.‘lsaac

240 2891 370 2931 vero
397 2878 534 2948 ligna
563 2878 775 2948 cedrina
804 2873 1088 2947 portabat,
1117 2877 1380 2948 Abraham
1424 2873 1804 2948 autem_i_gnem

240 2954 296 3016 et
334 2944 588 3016 gladium.
640 2944 925 3001 Venientes
972 2956 1147 3000 autem
1189 2944 1260 3016 ad
1305 2952 1538 2997 montem
1564 2944 1809 3016 ,_ligatur

243 3011 390 3086 isaac
414 3058 430 3081 ,
459 3032 619 3085 super
650 3017 786 3086 ligna
830 3017 1042 3084 ponitur
1062 3056 1077 3079 ,
1110 3024 1163 3070 et
1178 3014 1319 3086 _scita
1349 3028 1377 3066 a
1411 3021 1560 3086 patre
1589 3011 1682 3065 Dei
1712 3027 1807 3065 vo-

242 3083 446 3139 luntate
468 3128 485 3151 ,
518 3081 620 3139 non
649 3081 852 3154 aperuit
867 3101 941 3154 gos
970 3100 1143 3140 suum.
1176 3083 1244 3137 Et
1272 3081 1562 3137 extendens
1592 3096 1806 3135 manum

241 3154 532 3221 Abraham,
557 3153 789 3222 audivit,
823 3153 905 3209 Ne
928 3153 1165 3209 extendas
1192 3168 1397 3206 manum
1425 3167 1577 3220 super
1597 3167 1809 3220 puerum

243 3222 395 3295 (Gen.
429 3240 565 3295 xxii,
594 3224 754 3295 5-12)
775 3224 913 3295 grsed
940 3238 1035 3294 pro
1063 3224 1210 3279 Isaac
1229 3222 1367 3295 tolle
1389 3222 1629 3295 arietem
1638 3235 1805 3295 unum

241 3290 309 3349 de
329 3294 534 3349 eunetis
552 3290 661 3350 tuis
691 3290 1016 3357 melioribus,
1046 3308 1200 3362 quem
1228 3292 1366 3346 inter
1390 3292 1569 3362 spinas
1597 3290 1687 3343 tibi
1717 3305 1808 3362 pa-

243 3364 377 3418 ravi.
409 3363 754 3419 Attendamus
798 3378 969 3428 nunc,
1001 3360 1194 3417 fratres
1221 3380 1235 3415 :
1267 3375 1387 3416 nam
1417 3360 1541 3430 quid
1586 3373 1678 3428 per
1692 3360 1809 3430 asi-

243 3447 369 3487 num
394 3434 492 3488 nisi
520 3449 735 3489 carnem
761 3441 996 3487 nostram
1027 3432 1282 3501 intelligo,
1315 3428 1445 3501 quae
1458 3428 1601 3501 velut
1626 3429 1808 3484 asinus

243 3502 505 3559 domanda
533 3513 616 3558 est
643 3504 786 3572 virga
810 3543 826 3568 ,
854 3502 1051 3557 onere?
1078 3503 1140 3572 Et
1170 3499 1363 3572 pabulo
1386 3540 1401 3563 ,
1431 3509 1484 3553 et
1512 3499 1688 3572 cinere
1712 3539 1728 3566 ,
1756 3508 1809 3554 et

234 3572 415 3643 ‘cilieio
440 3589 564 3627 caro
590 3570 852 3627 domanda
882 3582 963 3643 est
988 3614 1003 3636 ,
1035 3586 1101 3643 ne
1129 3570 1486 3643 itnpinguata_,
1522 3570 1807 3643 incrassata

244 3651 298 3696 et
312 3642 523 3696 dilatata
540 3641 1192 3701 recalcitret.velutasinus
1202 3641 1288 3710 qui
1305 3639 1426 3694 eum
1438 3639 1654 3694 domino
1666 3639 1810 3694 velut

245 3713 464 3767 catellus
491 3713 671 3767 ludere
699 3713 879 3767 voluit.
922 3712 1035 3766 Duo
1075 3725 1302 3780 namque
1333 3711 1478 3780 pueri
1505 3719 1627 3763 sunt
1651 3710 1806 3780 quin—

246 3796 349 3852 que
376 3781 603 3836 hominis
631 3796 819 3852 sensus
847 3800 859 3837 :
893 3795 1028 3852 quos
1054 3779 1227 3835 tamen
1256 3781 1390 3852 duos
1414 3779 1659 3852 dicimus,
1687 3779 1808 3847 quia

245 3849 311 3904 ad
344 3865 493 3905 usum
523 3859 579 3905 et
606 3850 671 3905 ad
700 3849 1091 3907 exsecutionem
1121 3865 1303 3905 eorum
1332 3849 1439 3903 duo
1468 3850 1603 3901 intra
1635 3862 1806 3901 mem-

244 3919 461 3991 brorum
495 3921 786 3991 mancipata
826 3931 967 3977 sunt.
999 3920 1128 3975 Nam
1154 3928 1209 3974 et
1235 3933 1334 3988 ego
1359 3918 1502 3991 velut
1539 3916 1807 3991 Abraham

246 3989 298 4042 in
326 3990 476 4045 vobis
503 3999 557 4045 et
593 3987 862 4046 canonicis
892 3991 1104 4053 nostris,
1136 4003 1202 4043 ne
1226 3987 1354 4042 caro
1381 3987 1631 4052 luxuriet,
1660 3996 1713 4039 et
1742 4001 1809 4042 ne

244 4073 390 4113 mors
415 4076 508 4130 per
532 4061 791 4116 fenestras
818 4060 999 4125 intret,
1033 4058 1239 4130 duobus
1268 4056 1444 4130 pueris
1470 4054 1805 4130 vossociavi,

246 4124 545 4199 paupertati
592 4131 794 4185 scilicet
837 4139 890 4184 et
928 4128 1192 4199 orationi,
1222 4124 1413 4198 quibus
1454 4124 1809 4199 mediantjbus

245 4194 478 4268 quinque
506 4214 693 4253 sensus
732 4198 968 4268 corporis
1012 4194 1347 4266 exstinguere
1392 4194 1805 4268 poteritis.aNatn

246 4265 345 4339 per
371 4265 482 4323 haec
524 4271 791 4339 prmterita
827 4265 973 4323 inala
1015 4265 1809 4339 obliviscemur,_eogitationes

246 4336 398 4393 malae
428 4336 541 4392 non'
558 4338 847 4393 ascenderit
871 4340 923 4392 in
950 4337 1107 4392 corda
1138 4345 1313 4391 vestra
1337 4376 1351 4399 ,
1383 4336 1591 4390 affectio
1616 4349 1809 4404 cogna-

249 4414 420 4461 torum
459 4421 565 4462 non
601 4409 839 4478 regnabit
883 4408 937 4462 in
963 4406 1130 4461 vobis.
1162 4406 1287 4478 llaec
1332 4405 1661 4478 enimsunt,
1693 4419 1809 4478 qua:

245 4478 479 4545 quotidie
535 4474 823 4532 monachos
874 4478 1110 4533 cribrant
1167 4476 1299 4530 sicut
1382 4474 1632 4545 triticum.
1684 4474 1809 4545 istre

246 4543 370 4601 sunt
398 4547 671 4603 mordaces
699 4563 840 4602 cura:
862 4589 877 4612 ,
923 4561 1042 4617 qua:
1087 4555 1326 4600 sanctum
1355 4543 1454 4598 viri
1473 4544 1808 4617 propositum

247 4627 649 4672 enervaverunt.
683 4617 824 4673 Inter
850 4613 959 4671 has‘
974 4615 1054 4670 vir
1076 4625 1290 4671 sanctus
1332 4613 1575 4684 coquitur
1592 4623 1657 4684 ret
1691 4630 1811 4668 cru-

248 4684 438 4739 ciatur.
472 4687 593 4741 Haec
636 4698 758 4740 sunt
798 4687 1179 4742 monachorum
1216 4683 1427 4739 masere
1454 4683 1727 4738 mordaces
1758 4692 1812 4737 et

246 4755 537 4826 morientes
557 4796 570 4817 ,
601 4771 718 4826 qute
747 4756 976 4826 perdunt,
1013 4755 1323 4826 suavitatem
1366 4755 1637 4826 unguenti.
1687 4753 1811 4808 Haec

247 4832 373 4878 sunt
400 4824 635 4878 volatilia
657 4839 773 4893 qua!
798 4825 1079 4893 comedunt
1104 4824 1422 4879 frumentum
1453 4826 1500 4877 in
1528 4825 1700 4878 anima
1727 4838 1807 4877 sc-

248 4892 525 4947 minatum.
574 4892 686 4948 Vos
724 4903 935 4958 autem,
978 4892 1169 4947 fratres
1194 4934 1208 4958 ,
1238 4894 1363 4946 dum
1410 4893 1524 4946 htec
1554 4895 1603 4947 in
1649 4894 1810 4948 corda

248 4972 422 5017 vestra
442 4963 754 5029 ascendunt,
777 4963 1031 5017 recurrite
1051 4961 1115 5015 ad
1138 4962 1427 5015 orationem
1445 4962 1529 5016 vel
1551 4963 1613 5015 ad
1635 4964 1811 5031 operis

248 5033 622 5104 occupationes
645 5074 659 5095 ,
689 5047 755 5104 ne
780 5047 874 5104 vos
895 5033 1229 5104 serpentium
1275 5045 1472 5084 musca:
1500 5030 1808 5104 deglutiant.

247 5100 510 5172 Numquid
548 5118 651 5157 non
693 5103 770 5157 sic
810 5101 933 5155 fecit
960 5111 1173 5172 sanctus
1215 5108 1363 5172 pater
1389 5100 1680 5154 Antonius?
1724 5102 1813 5170 qui

248 5186 369 5226 eum
399 5169 648 5243 epistolas
673 5188 701 5225 a
732 5172 906 5227 charis
929 5172 1038 5243 suis
1068 5171 1118 5243 in
1151 5169 1345 5243 sacculo
1374 5171 1701 5243 morantibus
1722 5187 1810 5225 re-

249 5239 496 5311 cepisset,
528 5244 726 5298 nullam
754 5244 928 5311 legere
951 5240 1136 5311 voluit,
1165 5240 1259 5293 sed
1285 5248 1529 5311 receptas
1558 5241 1606 5291 iu
1638 5239 1809 5311 ignem

249 5309 506 5381 projecit,
537 5313 756 5367 dicens:
783 5309 996 5367 Charta:
1024 5310 1235 5363 fallaces
1258 5310 1423 5381 estis,
1454 5310 1610 5363 etiam
1645 5309 1813 5381 plena:

248 5377 579 5446 inendaeiis;
607 5381 861 5436 comburo
888 5395 984 5434 vos
1002 5421 1017 5445 ,
1045 5394 1111 5434 ne
1135 5377 1417 5434 eombnrar
1446 5394 1472 5430 a
1500 5377 1664 5433 vobis.
1712 5379 1811 5433 Se-

249 5450 449 5520 quitur,
482 5450 698 5520 fratres;
730 5452 920 5520 ligatur
947 5450 1112 5504 lsaac.
1142 5450 1230 5504 Sic
1273 5458 1329 5502 et
1361 5462 1456 5502 vos
1496 5449 1727 5520 ligamini
1760 5452 1809 5504 in

249 5517 352 5575 liae
391 5519 676 5574 solitudine
724 5517 1116 5581 tain‘fortitcr,
1146 5527 1203 5572 ut
1240 5517 1652 5573 consuetudines
1691 5520 1814 5574 vitae

248 5589 529 5659 surcularis
551 5589 801 5659 ignoretis
825 5630 840 5653 ,
871 5598 925 5646 et
962 5590 1271 5645 suavitatem
1314 5596 1509 5643 sancta:
1547 5589 1814 5659 religionis

248 5658 492 5740 capiatis.
518 5658 733 5716 Placeat
755 5659 911 5740 vobis
934 5661 1104 5740 δοριῃί
1130 5659 1412 5740 sobrietas,
1443 5658 1635 5740 mentis
1654 5658 1812 5740 'trang

249 5727 483 5805 quittitas
502 5769 524 5800 ,
562 5727 803 5807 corporis
848 5729 1104 5824 munditia
1127 5771 1147 5800 ,
1192 5729 1382 5793 mortis
1427 5729 1680 5791 severitas
1697 5770 1714 5799 ,
1758 5739 1817 5790 et

1262 329 1354 385 AD
1389 325 1707 386 FRATRES
1743 316 1811 385 lN
1848 328 2084 387 EREMO
2122 328 2351 389 SERMO
2386 328 2520 390 XLI.

3372 332 3510 394 1514

1928 451 2117 517 cuncta
2138 443 2328 499 salutis
2356 443 2726 517 exspectatio:
2754 445 2976 501 solvitur
2998 446 3164 511 lsaae,
3189 457 3245 504 et
3266 450 3499 517 jucunde

1924 513 1990 567 ad
2031 523 2252 569 matrem
2282 515 2564 569 revertitur
2591 515 2642 568 in
2682 515 2966 572 Bersabee.
3007 519 3095 572 Sic
3120 527 3176 573 et
3201 513 3299 574 vos
3327 531 3503 574 verta-

1922 584 2052 654 mini
2078 583 2239 638 soluti
2288 585 2355 638 ad
2401 594 2621 640 matrem
2665 600 2783 654 quae
2824 601 3037 641 sursum
3077 598 3159 643 est
3181 588 3496 645 Jerusalem.

1923 651 2218 729 Cu_m_er_go
2244 651 2745 729 illueperveneritis
2769 697 2783 729 ρ
2811 656 2960 729 dabit
2985 657 3245 728 refrigerii
3272 660 3454 717 sedem
3478 701 3495 729 ,
3512 668 3537 729 _‘

1921 723 2115 792 quietis
2142 722 2545 791 beatitudinem,
2576 734 2630 780 et
2659 726 2875 781 luminis
2895 722 3214 783 claritatem.
3480 722 3527 780 ἰ

2513 815 2740 872 SERMO
2768 817 2901 872 XLI.

2098 921 2165 961 DE
2199 920 2558 963 OBSERVANTIA
2592 924 2781 963 JEJUNII
2810 925 3313 973 QUADRAGESIMALIS.

1991 993 2118 1049 Cum
2136 997 2483 1079 jejanaaeris,
2507 1014 2646 1079 uage
2672 1009 2824 1079 eaput
2863 1011 3036 1079 tuttur,
3068 1012 3114 1079 et
3144 1004 3333 1079 faciem
3355 1012 3495 1079 tuum

1920 1063 2052 1145 fault,
2073 1063 2665 1145 niqideajsjwminilius
2673 1063 2915 1145 jejurtam
2935 1063 3155 1145 (Manli;
3173 1072 3244 1145 vt,
3270 1075 3355 1145 i7,
3379 1076 3491 1144 l8).

1916 1132 2214 1216 Jejuuantis
2239 1135 2470 1216 ofﬁcium
2510 1147 2591 1191 est
2613 1178 2628 1201 ,
2673 1132 2739 1192 ιη’
2762 1132 2953 1195 cinere
2970 1151 3025 1194 et
3064 1132 3241 1196 cilicio
3263 1132 3491 1216 sedere,

1917 1204 2161 1259 sordidas
2184 1213 2358 1277 vestes
2383 1221 2486 1277 non
2516 1216 2716 1271 tenere,
2739 1224 2952 1264 carnem
2985 1226 3275 1277 macerare,
3305 1204 3490 1269 faciem

1918 1283 2196 1349 attenuare
2220 1316 2233 1338 ,
2267 1275 2321 1328 in
2349 1276 2552 1349 pallore
2572 1292 2906 1345 permanere,
2939 1295 3042 1333 non
3076 1282 3242 1349 ipsam
3262 1275 3455 1338 lavare
3475 1325 3491 1346 ,

1918 1356 2026 1414 non
2059 1345 2126 1397 ad
2155 1359 2393 1399 mensam
2433 1347 2736 1413 opulentam
2781 1349 3072 1414 accedere,
3098 1345 3211 1404 'non
3252 1354 3490 1408 eonvivia

1917 1421 1971 1484 e_t
1998 1413 2128 1468 festa
2162 1415 2374 1469 visitare
2394 1455 2410 1480 ,
2444 1430 2551 1469 non
2594 1418 2768 1484 capite
2798 1413 3322 1477 inelinatoineedere
3351 1441 3363 1475 :
3393 1424 3489 1478 sed

1917 1481 2282 1557 eleemosynas
2308 1484 2472 1557 dare,
2499 1481 2800 1557 castitatem
2833 1502 3048 1543 servare
3066 1529 3080 1554 ,
3106 1491 3278 1557 juste,
3306 1503 3493 1549 sancte

1915 1559 1970 1606 et
1999 1553 2082 1621 pie
2126 1554 2343 1617 vivere,
2387 1553 2585 1608 ChriSIi
2622 1566 2858 1611 sanctam
2898 1553 3346 1616 resurrectionem
3392 1579 3491 1617 ex-

1914 1631 2162 1692 spectans
2188 1623 2459 1692 glorietur.
2490 1623 2615 1679 llaec
2652 1634 2831 1680 autem
2873 1630 3047 1681 omnia
3082 1628 3266 1690 facite,
3298 1648 3401 1687 non
3430 1644 3488 1691 ut

1914 1691 2287 1768 videaminiab
2308 1692 2639 1768 hominibus,
2649 1694 2743 1768 sed
2765 1705 2967 1768 tantum
2989 1699 3056 1751 ab
3083 1698 3173 1752 illo
3192 1703 3280 1768 qui
3298 1714 3485 1763 cuneta

1915 1760 2134 1842 videt-in
2160 1762 2489 1816 abscondito.
2537 1762 2640 1842 Sed
2684 1764 2729 1819 si
2758 1767 3108 1842 contingeret,
3140 1760 3278 1842 quod
3313 1760 3486 1827 furnus

1908 1834 2232 1899 jejunioruut
2258 1842 2595 1901 spargeretur
2622 1834 2762 1890 inter
2802 1834 3062 1901 homines,
3090 1834 3268 1893 statim
3296 1842 3488 1897 faciem

1915 1907 2061 1977 tuam
2081 1901 2217 1967 lava,
2242 1916 2307 1956 ne
2330 1903 2555 1957 videaris
2578 1903 2876 1977 hominibus
2892 1907 3159 1975 jejunans.
3181 1910 3301 1964 Tria
3321 1914 3486 1977 enim,

1912 1968 2120 2050 fratres,
2144 1980 2509 2039 proponuntur
2523 1974 2675 2027 nobis
2702 1973 2859 2050 hodie
2879 1968 3389 2050 {scilicetjejunarm
3412 1968 3489 2035 fa:-

1911 2039 2045 2118 ciem
2071 2039 2266 2118 lavare,
2285 2050 2339 2094 et
2362 2051 2519 2118 caput
2540 2056 2754 2118 ungere.
2778 2043 2900 2118 ilice
2925 2047 3023 2100 tria
3050 2039 3197 2111 sunt,
3218 2050 3269 2102 in
3300 2039 3489 2118 quibus

1913 2117 2018 2183 tota
2038 2110 2145 2183 vita
2158 2119 2337 2183 nostra
2353 2110 2643 2183 consistere
2658 2112 2838 2183 debet.
2856 2114 2984 2181 Qua:
2999 2127 3119 2171 sunt
3132 2118 3251 2181 ista,
3274 2110 3487 2183 fratres,

1911 2178 2011 2259 nisi
2033 2179 2301 2259 deelinare
2323 2195 2352 2233 a
2382 2182 2540 2259 malo,
2569 2182 2823 2259 et_facere
2844 2178 3066 2259 bonum,
3084 2195 3139 2241 et
3160 2178 3322 2259 totum
3344 2178 3484 2259 quod

1911 2247 2206 2323 habcsDeo
2229 2252 2597 2323 contribuere!
2614 2252 2756 2323 Ecce
2769 2253 3021 2323 quidquid
3044 2247 3279 2311 continet
3308 2247 3488 2314 nostra

1911 2268 2077 2303 naues
2097 2268 2206 2304 uco
2229 2268 2597 2305 contribuere!
2614 2268 2750 2306 nece
2807 2268 3021 2323 umqntu
3044 2268 3279 2311 continet
3308 2269 3488 2314 nostra

1911 2316 2195 2400 christiana
2219 2328 2400 2400 saneta
2426 2320 2632 2400 religio.
2661 2268 2804 2388 Quidl
2823 2324 2962 2400 e_nim
2997 2340 3089 2400 per
3103 2326 3362 2400 jejunare,
3386 2332 3491 2382 fra-

1912 2396 2040 2459 tres,
2066 2388 2163 2442 nisi
2189 2404 2216 2440 a
2245 2390 2384 2443 malo
2407 2388 2699 2454 declinare;
2728 2406 2824 2459 per
2844 2388 3028 2447 facient
3061 2388 3263 2458 lavare,
3291 2388 3486 2454 bonum

1912 2458 2119 2538 facere“;
2137 2467 2394 2538 percaput
2409 2475 2624 2525 ungere,
2644 2458 2809 2538 totum
2826 2461 2937 2538 Deo
2951 2464 3212 2519 tribuere?
3226 2467 3331 2523 Sed
3350 2469 3490 2524 dicet

1910 2527 2050 2603 quis,
2071 2527 2253 2584 Brevis
2268 2538 2350 2583 est
2380 2529 2493 2603 hzee
2516 2532 2805 2603 expositio:
2830 2531 2922 2603 sed
2940 2542 2990 2587 et
3015 2549 3204 2603 aquam
3220 2538 3411 2601 vivam,
3428 2547 3486 2594 ut

1909 2597 2170 2672 cupimus,
2188 2612 2290 2672 non
2310 2597 2635 2672 propinasti._
2655 2600 2927 2672 Attendite
2950 2597 3100 2672 ergo,
3120 2603 3329 2661 fratres.
3349 2597 3483 2663 Nam

1912 2665 2078 2746 hostis
2094 2682 2158 2721 an
2165 2665 2338 2746 tiqnus
2354 2665 2545 2746 vestris
2559 2665 3065 2746 primisparentibtis
3078 2665 3247 2746 primo
3272 2678 3320 2729 in
3336 2692 3489 2746 para-

1909 2735 2027 2809 di_so
2037 2738 2203 2809 suasit
2218 2735 2275 2790 ut
2288 2735 2906 2809 Dominunioll‘enderent
2923 2758 2938 2807 ;
2957 2735 3216 2809 secundo,
3232 2735 3487 2803 utfaciem

1910 2805 2063 2885 aDeo
2075 2805 2875 2885 absconderen_t.post.met:i_diem
2893 2828 2907 2875 ;
2924 2805 3077 2866 tertio
3091 2823 3146 2868 ut
3160 2805 3227 2869 de
3240 2816 3384 2884 ligno
3395 2823 3485 2873 veo’

1913 2876 2009 2957 tito
2034 2877 2397 2957 eomederent.
2428 2876 2559 2931 Nam
2591 2878 2660 2931 ibi
2686 2877 2900 2957 dicitur,
2928 2892 2986 2957 ut
3012 2891 3173 2957 caput
3194 2876 3483 2957 pangeret;

2052 2944 2171 3023 hic,
2199 2953 2259 2999 ut
2286 2956 2759 3023 caput_ungeret_:_
2784 2950 2852 3023 ibi
2887 2943 3267 3023 abscondendo
3295 2943 3485 3011 faciem

1910 3011 2175 3092 latitaret,
2209 3011 2702 3092 sed‘h‘ic_|avare_t_;_
2727 3016 2884 3092 ihi_ut
2909 3022 3213 3092 conroderet
3234 3065 3248 3087 ,
3279 3027 3371 3081 sed
3399 3027 3485 3083 hic

1914 3088 1972 3134 ut
1991 3081 2279 3162 jejunaret.
2310 3084 2705 3162 Ci'cdantus-illi
2736 3087 2822 3153 qui
2864 3088 3021 3162 modo
3042 3081 3483 3162 luceprmcepit,

1911 3151 2007 3221 sed
2034 3164 2141 3204 non
2169 3151 2244 3221 illi
2272 3153 2359 3219 qui
2394 3154 2658 3206 contraria
2687 3151 2963 3221 persuasit.
2988 3157 3080 3213 Ait
3107 3151 3248 3213 eniin
3278 3151 3434 3219 Pater
3463 3151 3478 3217 Ξ

1913 3218 2015 3299 θέο
2034 3219 2260 3299 ςξιῇιὶιιε
2290 3218 2440 3299 ψέξει
2470 3218 2726 3299 άξζεριιιτές3
2749 3226 2916 3299 ipsum
2952 3227 3176 3299 gudilel
3201 3218 3299 3285 Id.
3338 3249 3445 3287 xvtt
3465 3276 3480 3299 ,

1911 3289 2004 3360 5).
2033 3288 2165 3367 Nam
2194 3291 2273 3367 ait
2298 3289 2472 3367 hodie,
2502 3291 2627 3344 Cum
2645 3288 2911 3367 jejujtatis.
2951 3295 3046 3350 Est
3070 3288 3234 3364 enim,
3265 3288 3476 3367 fratres,

1910 3359 2176 3437 quoddam
2201 3359 2940 3437 jejunium_e0mnieudabile,
2982 3375 3037 3421 et
3074 3359 3336 3437 quoddam
3381 3359 3481 3426 da;

1912 3430 2184 3509 mirabile:
2216 3430 2518 3509 damnabile
2541 3472 2556 3495 ,
2589 3432 2726 3509 quod
2758 3434 2937 3509 vident
2967 3430 3229 3509 homines,
3257 3442 3397 3509 quod
3427 3445 3486 3497 lit

1949 3500 2419 3581 repterhomines;
2448 3502 2887 3581 commendabile,
2911 3500 3241 3581 quodsolutit
3270 3500 3486 3581 propter
3512 3542 3527 3557 κ

1957 3585 2078 3649 eum
2112 3572 2195 3649 ῆι...
2215 3569 2319 3649 Sed
2345 3570 2505 3638 aliqui
2525 3569 2767 3649 jejunant
2796 3583 2848 3626 ιιι
2876 3569 3066 3649 i_nlirmi
3091 3619 3108 3642 ,
3136 3569 3297 3649 aliqui
3325 3569 3380 3635 ut
3408 3583 3483 3636 fa-

1912 3638 2103 3718 atiditi,
2131 3639 2291 3707 aliqui
2319 3650 2373 3718 ut
2401 3642 2541 3718 avam
2569 3641 2771 3718 ,_a‘quui
2800 3651 2857 3695 ut
2885 3638 3197 3713 hypocriten.
3226 3638 3485 3718 'zEgrotus

1907 3707 2140 3777 jejunat,
2168 3719 2226 3781 nt
2254 3710 2462 3781 valeat;
2495 3707 2791 3770 fastiditus.
2827 3721 2882 3764 ut
2908 3707 3151 3780 appetat;
3182 3707 3391 3781 avarius,
3428 3731 3486 3775 ut

1911 3786 2126 3857 pareat;
2168 3777 2474 3857 hypocrita,
2506 3787 2561 3857 ut
2583 3789 2853 3857 appareat.
2896 3777 3165 3857 Jejuniutn
3193 3777 3485 3857 aegroti'est

1912 3848 2151 3924 sanitatis
2177 3846 2477 3924 ,Vjejttniutn
2506 3846 2720 3924 fastiditi
2746 3858 2830 3924 est
2863 3846 3157 3924 gulositatis
3180 3896 3194 3919 ,
3217 3846 3480 3924 jéjuniutn

1912 3918 2164 3989 avari_est
2202 3917 2468 3989 parcitatis
2488 3957 2509 3989 ,_
2529 3916 2786 3989 jejunium
2819 3916 3105 3989 hypocriten
3132 3916 3481 3983 est'simulta-

1914 3988 2001 4040 tis.
2059 3986 2184 4062 ilice
2239 3995 2415 4039 autem
2441 3987 2640 4062 jejunia
2669 3988 2768 4040 etsi
2808 3986 3059 4062 nonsunt
3086 3997 3405 4062 periculosa,
3427 4008 3487 4053 ut

1911 4057 2128 4125 aegroti;
2158 4063 2498 4135 tamen-sunt
2524 4056 2869 4135 infructuosa.
2904 4056 3146 4129 Jejttna'te
3172 4078 3296 4135 ergo
3320 4106 3336 4131 ,
3368 4056 3479 4122 fra-

1913 4135 2057 4206 tres,
2087 4134 2302 4194 propter
2333 4125 2496 4206 Deum
2527 4143 2538 4177 :
2573 4125 2821 4206 fastigatis
2846 4125 3055 4206 nucem
3079 4173 3093 4198 ,
3128 4146 3182 4187 ιιι
3211 4125 3481 4206 accipiatis

1913 4196 2156 4250 nucleum
2188 4213 2201 4248 :
2234 4195 2570 4262 projieianius
2594 4195 2736 4262 folia,
2762 4207 2815 4252 ut
2845 4195 3174 4258 inveniamus
3202 4195 3427 4262 fructum
3461 4227 3475 4263 :

1911 4280 2193 4340 purgemus
2222 4274 2436 4340 puteum
2461 4274 2560 4340 ,_nt
2602 4265 2911 4340 hauriamus
2942 4286 3113 4340 aquas
3153 4271 3220 4329 de
3250 4276 3482 4333 fontibus

1912 4337 2219 4390 Salvatoris.
2268 4336 2356 4390 Ait
2406 4336 2544 4389 enim
2596 4336 2876 4403 Salvator,
2927 4336 3163 4399 Siticines
3210 4347 3368 4401 venite
3417 4349 3485 4403 ad

1911 4422 2066 4482 aquas
2090 4403 2247 4475 (lsai.
2274 4420 2357 4482 Lv,
2388 4407 2411 4460 l
2434 4416 2476 4477 ).
2510 4405 2637 4460 Nam
2673 4406 2864 4475 triplex
2895 4418 3131 4482 esttaqua
3156 4413 3443 4470 Salvatoris
3466 4458 3482 4482 ,

1912 4476 2101 4531 fratres
2127 4491 2140 4527 :
2173 4490 2307 4543 aqua
2334 4476 2702 4549 laerymarum,
2733 4477 2945 4545 quando
2970 4476 3113 4533 flevit
3138 4496 3297 4549 super
3317 4476 3486 4540 Laza;

1912 4561 2028 4599 rum
2054 4553 2107 4620 et
2126 4558 2286 4620 super
2305 4544 2609 4620 civitatem;
2637 4544 2773 4620 aqua
2800 4560 2958 4620 quam
2982 4550 3154 4615 posuit
3177 4544 3241 4604 ad
3266 4553 3478 4620 pelvim,

1912 4612 2125 4686 quando
2150 4613 2530 4686 discipulorum
2552 4612 2713 4680 pedes
2741 4612 2900 4678 lavit;
2931 4612 3064 4684 aqua
3083 4635 3201 4686 quae
3225 4612 3292 4675 de
3316 4612 3482 4678 latere

1913 4683 2029 4758 ejus
2054 4683 2336 4758 emanavit.
2368 4683 2594 4758 Primam
2621 4692 2831 4758 oportet
2858 4700 2957 4741 nos
2984 4683 3190 4743 habere
3208 4730 3223 4754 ,
3252 4690 3442 4748 fratres
3462 4732 3478 4758 ,

1915 4751 1959 4829 si
1986 4764 2129 4829 recte
2141 4751 2383 4829 jejunare
2404 4751 2671 4829 cupitmts._
2685 4752 2780 4829 Est
2805 4769 2932 4825 ergo
2953 4758 3119 4829 prima
3135 4751 3268 4829 aqua
3291 4751 3490 4817 conm;

1917 4824 2112 4887 tionis,
2168 4821 2397 4876 secunda
2447 4821 2832 4889 confessionis,
2871 4821 3039 4879 tertia
3089 4821 3480 4888 satisfartionis.

1914 4893 2088 4965 Prima
2117 4902 2347 4965 mentem
2379 4899 2578 4965 sanat,
2610 4893 2841 4965 secunda
2887 4894 3165 4965 refrigerat
3187 4941 3200 4961 ,
3230 4903 3379 4956 tertia
3413 4904 3488 4958 fe.

1915 4962 2128 5016 euadat.
2164 4962 2299 5037 Ergo
2323 5001 2337 5025 ,
2371 4961 2538 5037 fidelis
2562 5002 2576 5028 ,
2614 4963 2659 5015 si
2701 4964 2848 5032 cupis
2877 4961 3040 5037 recte
3054 4967 3296 5037 jejuuare
3318 5012 3333 5037 ,
3360 4973 3488 5028 istas

1915 5047 2077 5111 aquas
2103 5032 2297 5111 recipe,
2316 5041 2373 5111 _et
2403 5032 2516 5085 lava
2546 5042 2616 5097 te,
2650 5032 3071 5111 etmundaheris
3101 5032 3133 5092 ἐι
3161 5032 3330 5111 lepra;
3352 5041 3486 5096 Nam

1919 5103 2017 5156 nisi
2045 5101 2293 5171 habueris
2315 5103 2409 5154 has
2432 5116 2617 5171 aquas,
2644 5102 2903 5171 jejunium
2933 5115 3076 5162 tuum
3110 5101 3371 5165 modicum
3396 5128 3489 5165 va-

1917 5171 2065 5251 lebit.
2116 5170 2239 5251 Ideo
2270 5170 2455 5251 voeati
2484 5170 2660 5225 hodie
2700 5170 2768 5227 ad
2817 5176 3027 5251 nuptias
3064 5181 3240 5251 magni
3285 5181 3484 5251 Regis,

1918 5239 2471 5313 fratresdilectissimi,
2502 5256 2751 5313 Ol'lletltllis
2777 5260 2875 5298 nos
2891 5239 3247 5313 'vestimenvtis,
3279 5239 3415 5305 tubis
3434 5239 3489 5305 et

1917 5310 2173 5390 eyttibalis
2203 5311 2335 5390 bene
2356 5312 2690 5390 sonantibus:
2720 5312 3016 5371 Laudemus
3047 5318 3218 5390 ipsum
3235 5310 3488 5390 patrem-

1919 5378 2163 5457 laminas,
2190 5382 2279 5451 qui
2304 5380 2371 5457 ad
2396 5395 2520 5457 suas
2541 5383 2752 5457 nuptias
2782 5400 2879 5445 nos
2903 5378 3092 5441 vorare
3116 5378 3363 5457 dignatus
3384 5402 3487 5445 est.

1917 5448 2046 5527 Quce
2074 5448 2418 5527 sunt'uuptia:
2449 5450 2607 5505 hodie
2620 5448 2962 5527 praeparata),
2997 5448 3205 5527 fratres:
3234 5461 3333 5517 nisi
3359 5461 3491 5527 justi

1916 5520 2032 5576 dies
2066 5535 2201 5643 gnos
2241 5521 2379 5575 Deus
2423 5520 3026 5593 consecrare'dignatus
3064 5520 3200 5581 est?
3228 5530 3315 5583 lsti
3345 5520 3490 5584 enim

1918 5600 2042 5643 sunt
2108 5592 2184 5643 ies
2211 5605 2344 5643 auos
2374 5590 2657 5643 observare
2680 5592 2936 5643 debemus
2954 5634 2969 5643 .
3002 5596 3055 5643 in
3084 5599 3274 5643 mtilme
3316 5601 3489 5643 [mam

1918 5600 2042 5669 sunt
2068 5590 2184 5644 dies
2211 5605 2348 5669 quos
2373 5590 2657 5669 observare
2680 5590 2936 5669 debemus
2954 5634 2970 5660 ,
3002 5596 3056 5650 in
3084 5599 3274 5669 quibus
3313 5601 3489 5669 legem

1917 5658 2528 5751 reciperemerebimur.
2557 5658 2647 5751 l'sti
2683 5670 2809 5751 sunt
2993 5658 3493 5751 medicinalesfgui

1918 5727 2113 5789 anima:
2134 5738 2191 5791 et
2214 5729 2429 5817 corpori
2769 5731 3079 5798 saltim.
3099 5736 3197 5800 Isti
3216 5727 3499 5805 sunt'dies
