4120 6196
530 188 670 252 1519

527 314 594 362 nt
618 317 717 380 nos
739 298 1071 380 absolveret;
1098 296 1191 380 qui
1214 309 1313 380 pro
1356 293 1536 380 nobis-
1559 290 1895 380 humiliatur,
1910 298 2115 380 uiuus

531 376 822 437 exaltaret;
852 370 945 441 qui
983 383 1079 439 pro
1107 364 1259 423 nobis
1281 364 1628 435 exSpoliatur,
1660 372 1718 418 ut
1758 377 1858 418 nos
1883 370 2114 441 tegeret;

533 431 623 517 qui
654 432 752 514 pro
774 431 926 498 nobis
949 431 1257 517 coronatur,
1280 444 1340 517 ui
1380 431 1481 517 nos
1508 441 1829 517 coronant;
1854 431 1954 503 qui
1994 431 2117 517 ielle

532 502 589 571 ἐι
612 502 764 571 aceto
794 520 1023 582 petatur,
1055 518 1113 563 ιιι
1135 507 1294 582 nobis
1315 506 1491 582 fontes
1536 503 1822 561 mellilluos
1861 502 2114 582 aperiret.

530 585 755 643 Mortem
795 572 1045 649 suscepit,
1072 587 1131 634 ut
1174 577 1328 633 nobis
1374 576 1535 631 vitam
1573 583 1827 649 retentam
1870 572 2114 649 donaret,

534 642 775 724 sepultus
806 642 1039 724 Aest,'_ut
1086 649 1414 724 sepulturam
1450 660 1689 724 _suorum
1738 642 2114 724 benediceret;

535 714 777 781 ascendit
804 721 857 775 in
875 720 1092 784 caelum,
1117 714 1176 773 ut
1194 718 1348 774 nobis
1366 717 1625 773 ccelorum
1653 724 1836 786 portas
1853 714 2115 783 aperiret;

535 794 689 853 sedet
710 791 779 847 ad
802 791 1075 846 dexteram
1113 789 1207 847 Dei
1247 788 1441 854 Patris,
1472 796 1530 842 ut
1555 785 1885 841 credentium
1931 798 2119 853 preces

532 873 590 921 et
616 872 737 919 vota
779 859 1074 918 exaudiret.
1099 860 1239 915 Ecce
1265 872 1394 928 ergo
1430 856 1497 913 ad
1525 856 1651 928 quid
1678 865 1833 928 natus
1857 862 1942 928 est
1964 854 2119 928 Chri-

536 943 676 1002 stus,
699 947 827 990 ecce
853 940 1070 1002 propter
1096 929 1221 999 quid
1267 924 1353 983 ad'
1380 942 1480 1002 nos
1528 924 1839 1002 descendit“
1850 924 2115 1002 Christus.

700 974 1240 1077 res
1265 974 1449 1053 m'un‘di
1472 996 1779 1077 amitteres?
1803 994 1938 1077 Quid
1955 994 2119 1077 _yobis

532 1065 657 1132 eum
685 1065 867 1140 carne,
893 1065 940 1127 ὅ
958 1065 1291 1126 venerabiles
1315 1083 1472 1140 senes
1486 1067 1583 1140 ?_O
1622 1068 1846 1140 juvenes
1884 1065 2115 1140 delicati,

575 1144 665 1201 uid
693 1137 1114 1216 agerem-editis,
1136 1154 1270 1216 cum.
1302 1138 1434 1216 nihil
1457 1137 1602 1195 .sine
1628 1137 1845 1216 Christo
1872 1212 1882 1216 Δ
1892 1137 2119 1216 potestis

575 1162 665 1201 uta
693 1162 851 1216 agere
875 1162 1114 1206 creatus,
1136 1162 1259 1196 cum
1302 1162 1434 1193 ullut
1457 1187 1466 1195 .
1485 1162 1602 1192 sum
1628 1162 1845 1192 υιιῖιδιυ
1895 1162 2119 1204 pausans

535 1162 733 1280 flacere,
781 1212 1204 1283 quibuscumque
1255 1207 1432 1283 bouis
1455 1206 1681 1262 terrenis
1732 1206 1906 1283 ornati
1957 1204 2119 1260 sitis?

536 1276 937 1354 Quaeriterérgo,
964 1297 997 1336 ο
1021 1276 1280 1350 juvenes,
1308 1278 1599 1354 Christum,
1630 1285 1692 1332 ut
1733 1276 1956 1346 juvenes
2001 1290 2117 1354 ma,-_

536 1344 730 1411 n'eatis.
761 1344 1134 1420 Quz‘eritefvus
1169 1344 1349 1420 senes,
1377 1347 1647 1420 Christum
1669 1388 1684 1413 ,
1727 1344 1782 1420 ut
1810 1360 1932 1420 cum
1972 1344 2119 1400 omni

536 1415 892 1498 prousperitate
944 1419 1416 1498 vivereuvaleantis,
1452 1417 1686 1498 Quieriie
1722 1415 1990 1498 Christum
2017 1456 2033 1482 ,
2065 1423 2120 1497 et

535 1485 702 1565 nolite
746 1493 1067 1565 quiescere,
1096 1490 1248 1546 illum
1294 1487 1599 1565 Christum,
1618 1487 1762 1565 illum
1799 1485 1980 1565 Iesum
2027 1485 2119 1565 qui

536 1554 879 1621 Centurionis
919 1554 1131 1618 servum
1180 1558 1403 1625 sanavit,
1456 1557 1801 1627 paralyticum
1848 1554 2115 1622 solidavit,

536 1633 797 1691 Lazarum
821 1629 1185 1697 resuscitavit,
1215 1643 1390 1685 caecos
1409 1626 1748 1694 illuminavit,
1780 1627 2116 1681 meretricem

537 1704 881 1767 beatiﬁcavit,
912 1702 1267 1759 Cbananaaam
1297 1697 1583 1767 exaudivit,
1623 1697 1817 1753 latroni
1860 1697 2115 1767 pepercit,

537 1783 594 1831 et
615 1776 663 1831 ei
682 1765 984 1844 paradisum
1002 1770 1247 1844 donavitr
1270 1768 1425 1844 Hune
1449 1766 1715 1844 Christum
1741 1765 1965 1844 qurerite
1993 1765 2113 1844 ﬁde,

540 1860 638 1915 spe
662 1835 714 1899 et
752 1844 1053 1915 charitatei
1075 1839 1308 1915 Qumrite
1343 1835 1635 1915 Christum,
1666 1845 1723 1892 et
1761 1835 1926 1915 nolite
1953 1837 2117 1915 _quie_-

538 1906 710 1971 scere.
740 1914 970 1981 Quaerite
995 1906 1287 1975 Christum,
1314 1917 1373 1981 et
1411 1909 1575 1963 nolite
1612 1921 1830 1981 sperare
1854 1907 1929 1981 in_
1952 1906 2121 1981 longi-

538 1984 723 2040 tudine
747 1975 869 2039 vitze
916 1991 1124 2046 vestrae,
1156 1980 1278 2049 quia
1310 1979 1545 2049 incertus
1568 1975 1659 2032 est
1673 1977 1866 2049 exitus.
1897 1975 2002 2049 Sed
2039 1975 2120 2049 at-

539 2054 742 2110 tendite
772 2068 839 2108 ne
881 2046 1241 2121 decipiamiui,
1263 2048 1386 2121 quia
1428 2047 1528 2121 sub
1555 2048 1746 2121 specie
1788 2046 1929 2121 boni
1953 2046 2118 2100 multa

538 2124 678 2179 mala
702 2124 852 2176 ﬁunt.
881 2114 1172 2176 Non'enim
1198 2114 1390 2173 desinit
1429 2114 1871 2185 ltostis'antiquus
1899 2114 2123 2185 ﬁguram

540 2207 818 2248 assumere
847 2191 1181 2261 Aingelorum
1204 2188 1356 2261 lucis,
1388 2186 1605 2261 laqueos
1632 2186 1963 2261 deceptiouis
2000 2186 2119 2261 ubi-

539 2277 645 2334 que
666 2255 1211 2334 praetendens.__l‘iovit
1239 2258 1380 2334 enim
1420 2257 1681 2334 malignus
1708 2265 1927 2334 naturas
1950 2255 2121 2310 homi-

541 2325 693 2396 num,
723 2340 779 2387 et
805 2330 891 2385 cui
919 2329 1170 2385 adhibeat
1188 2325 1492 2396 cupiditatis
1519 2325 1774 2388 calorem,
1802 2325 1940 2396 gula:
1962 2340 2120 2380 vora-

539 2394 776 2469 citatem,
826 2400 1049 2455 luxurire
1095 2394 1389 2455 foeditatem
1416 2436 1430 2462 ,
1485 2396 1698 2469 invidiae
1744 2394 2119 2469 calamitatem.

541 2466 771 2542 Optime
803 2470 947 2526 novit
974 2484 1131 2540 quem
1178 2480 1409 2542 maerore
1450 2466 1750 2542 conturbet,
1774 2480 1938 2542 quem
1979 2466 2124 2522 fallat

576 2535 755 2608 audio,
772 2555 942 2611 quem
968 2535 1111 2594 metu
1137 2535 1438 2611 ‘opprimat,
1464 2551 1622 2605 quem
1646 2535 1993 2611 admiratione
2033 2551 2122 2591 se-

576 2556 755 2608 aucto,
784 2556 942 2611 quem
968 2556 1111 2594 metu
1154 2556 1438 2607 opprimat,
1464 2556 1622 2605 quem
1646 2556 1993 2592 aumtruuone
2033 2556 2122 2591 se-

538 2556 718 2667 ducat.
750 2610 1076 2667 Cunctorum
1120 2606 1334 2663 discutit
1362 2613 1597 2676 naturas,
1624 2605 1878 2660 ventilare
1920 2615 1975 2661 et
2011 2621 2125 2676 per-

539 2682 763 2737 scrutari
787 2689 1099 2736 cunctorum
1138 2677 1357 2732 affectus
1393 2675 1444 2729 in
1493 2676 1638 2731 nullo
1665 2675 1911 2731 desistit:
1939 2684 1992 2731 et
2016 2675 2123 2733 ubi

540 2749 1013 2823 cognoveritqugd
1037 2748 1287 2813 delectet,
1314 2746 1383 2801 ibi
1404 2760 1557 2823 suum
1575 2744 1884 2801 exercitium
1906 2747 1922 2823 ξ
1950 2747 2119 2815 ponit.

542 2816 636 2877 τιῐ
668 2837 797 2891 ergo
845 2816 1037 2886 ﬁdelis,
1086 2833 1207 2873 cum
1229 2816 1580 2891 _tentationes
1626 2816 1970 2885 persenseris,
1997 2831 2124 2891 me;

545 2885 813 2948 Cbristﬁm
842 2885 1040 2959 qurere,
1070 2903 1192 2959 mox
1219 2885 1486 2959 Christum
1528 2886 1711 2939 invoca
1736 2900 1752 2950 ;
1777 2893 1833 2939 et
1874 2900 1998 2959 mox
2030 2887 2124 2941 tibi

542 2962 660 3034 ipse
684 2955 1036 3034 auxiliabitur,
1065 2958 1187 3034 quia
1211 2955 1381 3012 ﬁdelis
1409 2964 1493 3010 est
1518 2965 1572 3010 et
1596 2971 1702 3010 non
1733 2957 1991 3034 permittit
2025 2971 2125 3034 uos

545 3024 740 3087 tentari
771 3044 931 3099 supra
957 3028 1009 3083 id
1038 3024 1183 3099 quod
1226 3039 1508 3096 possumus
1536 3024 1766 3097 portare.
1796 3024 1897 3094 Qui
1925 3034 2009 3081 est
2030 3026 2125 3083 be-

544 3101 786 3159 nedictus
807 3098 860 3156 iu
889 3098 1103 3156 saecula.
1128 3098 1318 3152 Amen.

1108 3187 1333 3245 SERMO
1372 3186 1557 3242 XLIV.

545 3300 614 3341 DE
650 3298 898 3349 ΡΙΕΤΑΤΕ,
939 3294 1236 3336 (ΞῊΑΙΠΤΔἸῈ
1274 3293 1345 3332 ΕΤ
1382 3291 1684 3333 ευπιυιίςιιε
1720 3291 2123 3333 ΒΕΓΠΝϐΤΟΒυΙ.

616 3376 835 3430 Fratres
875 3371 1197 3434 cltarissimi,
1232 3385 1501 3436 nunquam
1546 3368 1798 3424 recordor
1824 3384 1910 3423 me
1939 3369 2127 3438 legisse

546 3447 681 3501 mala
711 3453 881 3498 morte
928 3441 1152 3511 perisse,
1182 3440 1275 3511 qui
1295 3441 1522 3511 libenter
1564 3439 1616 3492 in
1663 3438 1919 3511 hac__vi_ta
1964 3454 2126 3511 opera

546 3514 822 3568 charitatis
843 3506 1163 3579 vel—pietatis
1196 3506 1423 3579 voluerit
1447 3522 1717 3579 exercere.
1770 3506 1941 3579 liabet
1984 3506 2127 3562 enim

546 3584 745 3639 multos
777 3577 1158 3635 intercessores
1180 3578 1295 3647 pius
1320 3579 1500 3640 homo,
1517 3586 1571 3633 et
1600 3577 1685 3630 ille
1698 3577 1798 3647 qui
1820 3591 1983 3647 opera
2010 3579 2129 3633 eba-

547 3655 719 3709 ritatis
746 3657 959 3706 exercet
974 3645 1384 3715 hilarite'r.Quid
1410 3648 1549 3702 enim
1571 3646 1711 3701 aliud
1732 3646 1800 3700 de
1831 3646 1930 3714 piis
1957 3645 2128 3703 homi-

548 3724 705 3779 nibus
717 3722 894 3777 dicere
911 3718 1328 3790 poterimus,uisi
1343 3719 1392 3771 id
1412 3717 1550 3790 quod
1566 3716 1867 3790 frequenter
1880 3717 2125 3790 legimus,

553 3792 722 3862 Opera
764 3787 1126 3862 enimillorum
1175 3798 1452 3862 sequuntur
1496 3787 1611 3862 illos
1658 3787 1835 3857 (Apoc.
1868 3788 2128 3862 x1v,i_.’_))?

551 3857 785 3934 Quare?_
808 3860 919 3934 Nisi
946 3860 1067 3928 quia
1114 3857 1311 3913 multos
1337 3858 1534 3934 habent
1572 3859 1976 3934 intercessores,
2009 3857 2129 3913 ideo

550 3927 878 4002 impossibile
907 3927 1009 3996 est,
1030 3935 1086 3982 ut
1109 3942 1291 4002 preces
1321 3929 1610 4002 multorum
1621 3943 1734 4002 non
1756 3927 2126 4002 caaudiantur.

549 3996 841 4058 Considera
878 4014 1027 4070 ergo,
1053 4013 1086 4070 o
1116 4000 1296 4065 homo,
1323 3999 1443 4070 quis
1470 4006 1553 4051 est
1601 3996 1689 4051 ille
1716 3997 1811 4070 qui
1837 3998 1927 4070 tibi
1968 3999 2018 4070 in
2045 3998 2128 4052 via

553 4073 786 4128 occurrit
819 4089 835 4124 :
863 4066 1223 4123 animadverte
1261 4066 1402 4137 quoa
1445 4070 1613 4137 homo
1633 4075 1716 4121 est
1748 4067 1814 4120 ad
1847 4066 2128 4136 imaginem

551 4143 644 4198 Dei
674 4141 863 4206 factus,
885 4148 939 4193 ct
967 4149 1142 4194 tamen
1163 4135 1361 4207 pauper
1387 4146 1487 4201 est,
1516 4135 1687 4207 nudus
1714 4145 1814 4202 est,
1840 4135 2002 4192 miser
2022 4146 2125 4205 est,

555 4211 830 4266 mendicus
851 4205 961 4271 est,
980 4205 1250 4278 urpltanns
1269 4205 1335 4261 vet
1364 4208 1592 4278 pupillus
1616 4205 1832 4260 forsitan
1862 4215 1965 4261 est.
1991 4207 2129 4262 Cave

554 4292 753 4344 tamen,
780 4294 845 4331 ne
868 4279 1025 4331 talem
1043 4277 1322 4347 despicias,
1340 4294 1404 4331 ne
1424 4277 1543 4332 eum
1565 4278 1846 4347 percutias,
1864 4291 1928 4330 ne
1943 4278 2131 4343 expel-

554 4351 653 4407 las.
671 4348 798 4402 Nam
818 4347 943 4401 licet
969 4346 1186 4415 pauper,
1208 4347 1330 4401 licet
1348 4347 1537 4409 nudus,
1555 4346 1676 4401 licet
1700 4346 1991 4410 famelicus,
2007 4347 2131 4400 licet

556 4421 717 4475 miser
743 4424 1014 4487 appareat,
1043 4416 1168 4470 licet
1202 4416 1398 4482 doleat,
1430 4416 1876 4487 licetcrubescat,
1910 4429 2012 4469 non
2061 4425 2130 4470 ta-

553 4505 676 4546 men
728 4485 1071 4556 erpellendus
1122 4494 1203 4541 est
1257 4501 1475 4556 pauper.
1531 4486 1734 4549 Nolite,
1767 4485 1985 4550 fratres,
2036 4500 2130 4541 eos

554 4555 842 4626 spernere,
883 4571 1013 4624 nec,
1040 4557 1248 4611 etiamsi
1298 4555 1597 4626 importune
1643 4556 1909 4625 petierint,
1939 4555 2007 4610 de
2052 4556 2131 4611 eis

555 4626 838 4699 aliquando
864 4642 1215 4699 murmurare,
1248 4628 1369 4699 quia
1402 4641 1673 4699 pauperes
1693 4634 1753 4699 et
1797 4626 1981 4699 inopes
2025 4641 2132 4699 non

555 4695 768 4753 cessant
796 4696 1012 4751 laudare
1037 4696 1223 4751 Deum.
1255 4695 1565 4761 Considera,
1592 4705 1645 4750 tu
1674 4695 1842 4761 dives,
1869 4696 1988 4766 quia
2022 4696 2132 4766 rias

556 4767 898 4838 perambulas
926 4774 979 4819 et
1010 4766 1209 4834 plateas
1238 4777 1417 4838 erecto
1446 4765 1619 4838 capite
1646 4773 1700 4819 et
1726 4764 1903 4838 collo,‘
1919 4764 2058 4838 quod
2077 4774 2133 4819 tu

558 4834 717 4891 simul
739 4851 858 4890 cum
890 4848 1117 4904 paupere
1140 4844 1295 4889 natus
1314 4849 1373 4889 es
1389 4834 1454 4890 de
1480 4835 1722 4901 muliere,
1745 4844 1799 4889 et
1820 4836 1963 4889 brevi
1990 4836 2134 4890 vives

559 4915 819 4976 tempore.
850 4904 913 4958 Et
935 4905 1065 4976 iicet
1084 4906 1232 4959 dives
1253 4906 1345 4976 sis,
1371 4920 1527 4976 saepe
1546 4915 1718 4959 tamen
1746 4906 1969 4974 repleris
1990 4921 2136 4976 ama-

557 4973 789 5032 ritudine
825 4984 879 5030 et
916 4974 1209 5045 doloribus.
1266 4975 1342 5045 ln_
1370 4973 1617 5045 sordibus
1660 4973 1942 5045 generatus
1980 4990 2060 5044 es,
2083 4975 2135 5028 in

561 5047 796 5102 tenebris
844 5043 1180 5110 confoveris,
1213 5045 1264 5098 in
1313 5042 1585 5100 doloribus
1621 5042 1779 5099 etiam
1830 5042 2052 5114 peperit
2085 5053 2138 5100 te

560 5127 731 5172 mater
758 5125 865 5169 tua.
908 5114 1047 5167 Ante
1075 5116 1273 5168 exitum
1297 5124 1518 5169 matrem
1547 5117 1777 5183 graviter
1798 5116 2050 5181 unerasti,
2084 5115 2139 5169 itt

562 5188 707 5241 exitu
737 5194 958 5239 matrem
980 5183 1278 5239 dilacerasti
1305 5185 1544 5252 turpiter:
1579 5184 1795 5239 Flcvisti
1836 5186 1992 5238 simul
2017 5200 2139 5239 cum

565 5271 797 5326 paupere
831 5264 883 5309 et
908 5253 1175 5326 mendico,
1203 5256 1416 5326 quando
1461 5255 1653 5309 vallem
1703 5255 2011 5325 ploratiuuis
2060 5256 2141 5309 in-

562 5324 778 5397 gressus
804 5339 882 5379 es.
910 5324 1073 5397 Pares
1100 5324 1236 5395 ergo
1251 5325 1413 5393 geniti
1436 5338 1642 5397 sumus,
1670 5324 1866 5395 pariter
1893 5326 2138 5397 vivimus,

564 5393 763 5467 pariter
788 5396 1078 5467 moriemur
1107 5393 1395 5450 efomnes.
1425 5393 1713 5467 Considera
1735 5409 1879 5463 ergo,
1913 5409 1947 5449 ο
1970 5395 2140 5461 dives,

567 5465 707 5537 quod
731 5480 930 5535 pauper
961 5474 1013 5520 et
1041 5465 1191 5521 dives
1219 5468 1333 5537 pari
1361 5466 1521 5522 modo
1549 5480 1737 5522 omnes
1759 5475 2066 5533 nascuntur,
2089 5472 2145 5521 et

633 5617 654 5652 ³
676 5621 782 5679 Im.
803 5622 1084 5675 exercitum.

1985 168 2354 233 APPENDIX.

2229 288 2547 359 moriuntur.
2576 285 2715 359 Noli
2773 284 2901 358 ergo
2947 298 3046 344 eos
3097 286 3392 359 despicere,
3440 290 3555 350 noli
3587 305 3837 351 manum

2226 357 2615 415 benedictionis
2658 357 2902 414 avertere
2942 360 3009 414 a’b
3033 359 3141 421 eis;
3179 357 3274 414 sed
3304 374 3401 416 eos
3437 360 3571 417 facie
3616 377 3835 421 serena

2224 430 2455 497 suscipe,
2486 443 2582 483 eos
2620 429 2789 484 verbo
2832 438 2889 484 et
2938 429 3184 499 exemplo
3221 431 3403 486 reﬁce.
3445 430 3831 490 Misericordia

2224 500 2403 573 igitur,
2432 514 2466 554 ο
2495 499 2684 555 fratres
2710 500 2834 573 mei,
2865 508 3034 573 mater
3062 509 3240 573 nostra
3268 501 3356 554 sit.
3389 500 3519 555 Nam
3551 504 3642 573 qui
3690 520 3834 559 esu-

2225 568 2459 643 rientem;
2475 584 2610 638 pane
2635 568 2783 643 verbi
2809 570 3000 635 reﬁcit,
3032 571 3118 639 qui
3143 570 3408 643 sitientem
3436 568 3827 643 potu'sapien-

2228 640 2313 715 tia;
2342 638 2633 715 refrigerat,
2653 641 2739 710 qui
2770 649 3035 715 errantem
3054 638 3350 715 'in‘dumum
3380 638 3546 715 patris
3567 638 3827 715 revocat,

2224 709 2681 782 quiinnocentem'
2709 711 2961 782 protegit,
2985 709 3075 782 qui
3107 709 3506 766 inﬁrmumﬁde
3535 723 3585 768 et
3605 709 3830 782 patient-1

2227 780 2298 833 tia
2326 780 2556 835 instruit.
2582 782 2669 849 qui
2718 781 2769 833 in
2806 780 3150 834 tribulatione
3176 794 3436 849 oppresso
3482 780 3828 842 consolando

2227 850 2313 905 vel
2342 849 2716 919 eompatiendo
2737 850 3001 911 subvenit,
3025 850 3109 902 hic
3150 865 3310 906 verus
3337 854 3454 918 pius
3500 866 3612 917 est,
3643 872 3820 911 verus

2224 919 2531 974 misericors
2559 927 2661 981 est,
2687 934 2848 973 verus
2868 921 3071 973 amicus
3100 920 3187 975 Dei
3218 931 3301 975 est
3335 940 3349 976 :
3384 938 3485 978 nec
3513 940 3631 978 eum
3666 928 3822 982 mala

2223 999 2398 1046 morte
2422 991 2714 1058 periturum
2742 990 2932 1059 aliquis
2960 990 3140 1044 dicere
3175 990 3388 1047 audeat.
3419 992 3464 1046 Ο
3502 996 3822 1051 misericor-

2224 1060 2311 1115 dia
2336 1060 2525 1115 salutis
2551 1058 2877 1134 prasidium,
2912 1058 3030 1114 ﬁdei
3055 1071 3450 1134 irritamentum,
3498 1067 3816 1134 propitiatio

2224 1140 2564 1205 peccatorum
2590 1131 2603 1182 l
2633 1129 2708 1183 Tn
2742 1129 2916 1205 just_os
2936 1130 3169 1205 probas,
3198 1140 3252 1205 tu
3272 1203 3282 1205 ᾼ
3306 1129 3523 1187 sanctus
3557 1129 3817 1205 ruiturus,

2224 1199 2394 1255 malos
2421 1200 2489 1254 ad
2512 1200 2707 1255 bonum
2733 1199 2979 1267 perducis
3004 1217 3016 1252 :
3050 1210 3101 1253 et
3122 1202 3211 1269 qui
3241 1203 3357 1255 sine
3398 1213 3451 1256 te
3479 1207 3684 1258 cunctis
3705 1199 3815 1260 bo;

2224 1271 2308 1325 nis
2334 1269 2605 1341 abundare
2627 1269 2856 1341 videtur,
2885 1270 2967 1323 vel
2987 1271 3228 1341 castitate
3256 1282 3475 1340 apparet
3502 1274 3815 1341 decoratus,

2224 1341 2443 1396 omnino
2471 1340 2651 1395 dicere
2679 1354 2783 1394 non
2813 1340 3055 1405 desistat,
3080 1339 3283 1395 Servus
3313 1339 3513 1397 inutilis
3533 1359 3671 1399 sum.
3698 1339 3819 1402 Sed

2223 1410 2480 1482 attendite
2499 1408 2906 1482 etiam,rfrartres
2954 1411 3094 1482 mei;
3128 1411 3385 1482 attendite
3412 1415 3533 1482 quia
3582 1431 3685 1469 non
3711 1432 3816 1470 so-

2224 1479 2333 1535 lum
2355 1480 2741 1549 pauperibusin
2764 1480 2843 1533 via
2899 1480 3139 1534 misereri
3169 1479 3458 1546 debemus,
3501 1485 3594 1538 sed
3622 1496 3677 1539 et
3705 1488 3812 1541 de-

2222 1549 2417 1621 functis
2458 1565 2579 1605 eum
2633 1549 2779 1621 omni
2819 1549 3087 1621 diligentia
3144 1553 3382 1621 misereri
3423 1562 3478 1607 et
3520 1556 3817 1612 subvenire

2222 1620 2549 1686 studeamus,
2580 1618 2935 1674 attendentes
2968 1629 3023 1673 et
3068 1620 3193 1689 quid
3258 1620 3414 1676 ludas
3472 1623 3815 1683 Maebabarus

2221 1689 2443 1765 fecerit._
2471 1690 2613 1744 Dixit
2659 1691 2801 1743 enim
2821 1730 2837 1756 ,
2869 1690 3009 1759 quod
3038 1700 3217 1765 saucia
3257 1695 3673 1765 essei_cogitatio
3712 1715 3817 1765 pro

2222 1760 2469 1833 defungi:
2485 1774 2721 1833 exorare,
2741 1767 2793 1833 ιιι
2813 1774 2844 1812 a
2861 1760 3074 1833 peccatis
3092 1760 3427 1833 solvantur(ll
3453 1760 3687 1818 Muchab.
3709 1760 3812 1831 im,

2220 1829 2335 1899 ιϐ).
2362 1829 2574 1884 Sciebat
2594 1829 2738 1906 enim
2763 1829 2875 1906 ipse
2901 1829 3091 1895 Judas,
3111 1831 3254 1906 quod
3280 1829 3437 1886 nemo
3460 1834 3673 1906 gloriari
3704 1829 3811 1906 pro;

2223 1898 2361 1955 terat
2391 1907 2595 1954 castum
2620 1914 2678 1953 se
2706 1898 2899 1976 habere
2922 1915 3046 1976 cor:
3075 1898 3601 1976 considerausmiam
3625 1948 3640 1965 ,
3664 1898 3815 1976 quod

2222 1980 2364 2024 astra
2407 1985 2512 2024 non
2541 1978 2693 2023 erant
2720 1970 2914 2024 munda
2944 1971 2995 2024 in
3035 1979 3323 2033 conspectu
3353 1972 3464 2027 Dei.
3490 1970 3820 2033 Ceciderunt

2223 2041 2365 2095 enim
2390 2039 2561 2110 angeli
2590 2038 2657 2110 de
2677 2038 3209 2110 ccelo,ideomunda
3245 2051 3388 2096 astra
3420 2058 3523 2097 non
3552 2043 3757 2100 fuerant
3795 2065 3811 2100 :

2223 2125 2323 2165 nec
2349 2108 2506 2186 etiam
2536 2108 2708 2164 infans
2728 2151 2742 2173 ,
2773 2109 3055 2186 cujusrvita
3085 2120 3167 2166 est
3193 2112 3347 2186 unius
3371 2113 3477 2186 diei
3506 2130 3664 2186 super
3700 2125 3818 2171 ter-

2224 2195 2337 2251 ram
2356 2219 2370 2244 ,
2401 2180 2517 2251 sine
2546 2189 2762 2251 peccato
2786 2190 2887 2235 est.
2911 2179 3048 2249 Quid
3089 2197 3215 2251 ergo
3238 2183 3306 2237 de
3333 2184 3486 2238 nobis
3526 2179 3764 2241 dicemus
3784 2186 3815 2240 2

2223 2249 2487 2319 Numquid
2510 2249 2724 2319 gloriari
2746 2250 3036 2318 poterimus
3054 2249 3257 2306 castum
3283 2251 3477 2308 habere
3496 2256 3627 2309 cor?
3651 2257 3815 2313 Absit

2224 2318 2462 2374 omnino.
2491 2318 2664 2387 Quid?
2691 2318 2800 2373 Nisi
2842 2321 2963 2389 quia
3007 2336 3194 2375 omnes
3235 2333 3544 2391 peccatores
3588 2340 3812 2389 sumus,

2225 2404 2415 2461 omnes
2436 2391 2594 2461 etiam
2625 2390 2679 2443 in
2705 2391 2936 2461 peccatis
2959 2393 3200 2460 concepti
3228 2390 3411 2447 sumus
3436 2405 3487 2448 et
3520 2398 3623 2449 uati
3640 2438 3653 2461 ,
3682 2412 3812 2450 om-

2225 2476 2324 2533 nes
2349 2459 2506 2533 etiam
2537 2460 2697 2514 vitam
2738 2460 3058 2533 peccabilem
3087 2459 3329 2533 ducimus
3349 2504 3363 2526 ,
3385 2480 3567 2519 omnes
3602 2459 3652 2519 in
3685 2482 3819 2533 pec-

2226 2531 2359 2608 ca_tis
2381 2530 2609 2608 vivimus
2620 2570 2642 2608 _,
2666 2538 2725 2608 et
2746 2531 2961 2584 forsitan
2988 2530 3353 2608 inyeniaiibus
3377 2537 3643 2608 morimur.
3666 2530 3819 2608 Ergo

2226 2599 2589 2654 misericordia
2620 2599 2917 2668 indigemus
2935 2640 2949 2663 ,
2976 2600 3097 2669 quia
3126 2602 3193 2655 de
3219 2601 3316 2656 hac
3346 2604 3449 2657 vita
3475 2620 3648 2659 omnes
3691 2599 3815 2661 ιιιῖ-

2225 2670 2421 2746 graturi
2448 2683 2649 2746 sumus.
2679 2669 3117 2746 Etiicetrcarnem
3153 2672 3284 2746 dure
3317 2688 3635 2746 maceremus
3660 2676 3816 2746 jeju-

2227 2738 2349 2813 ιιιίειΔ
2374 2747 2428 2813 et
2467 2738 2834 2803 abstinentiis,
2858 2738 2995 2813 _licet
3039 2742 3219 2796 omnia
3255 2744 3393 2797 mala
3435 2738 3818 2813 patienter'ob

2227 2807 2425 2863 Christi
2462 2822 2705 2887 amorem
2741 2810 3096 2887 sustineamus
3120 2827 3134 2877 ;
3162 2807 3491 2887 no_n_tamén
3536 2815 3818 2887 condigna:

2228 2887 2353 2932 sunt
2382 2877 2654 2955 passiones
2690 2877 2847 2955 hujus
2876 2881 3127 2955 iemperis
3169 2881 3234 2936 ad
3278 2882 3506 2955 futuram
3545 2877 3767 2955 gloriam
3795 2930 3814 2954 ,

2229 2896 2353 2932 sunt
2382 2896 2654 2948 passwues
2690 2896 2847 2946 nlljllS
2876 2896 2978 2933 tem
3019 2896 3127 2935 Ol'lS
3169 2896 3234 2936 au
3278 2896 3506 2938 tttluram
3545 2896 3767 2955 gloriam
3795 2930 3814 2954 ,

2229 2963 2347 3023 qua:
2372 2948 2690 3023 reveiabitur
2718 2948 2771 3001 in
2802 2948 2955 3023 nobis
2980 2896 3155 3021 fliam.
3187 2967 3297 3017 vin,
3324 2954 3436 3022 18).
3478 2954 3618 3023 Ergo
3646 2957 3816 3011 mise-

2229 3017 2459 3073 ricordia
2494 3017 2821 3086 indigemus;
2850 3019 2969 3087 quia
2991 3017 3104 3088 ‘per
3138 3028 3317 3076 nostra
3346 3017 3533 3078 merita
3555 3017 3817 3081 aeternam

2229 3089 2391 3165 vitam
2418 3087 2692 3165 acquirere
2728 3103 2833 3165 non
2862 3087 3118 3165 valemus.
3140 3090 3301 3160 Cupis
3328 3103 3502 3165 autem
3523 3137 3538 3161 ,
3566 3111 3600 3150 o
3628 3095 3815 3165 homo,

2231 3165 2291 3229 ut
2314 3158 2388 3213 tui
2416 3157 2741 3229 misereatur
2773 3158 2954 3229 Deus?
2978 3158 3084 3229 Fac
3123 3169 3180 3215 ut
3206 3157 3449 3229 proximo
3483 3157 3812 3221 miserearis.

2228 3226 2361 3303 Nam
2406 3236 2607 3303 tantum
2653 3227 2748 3303 tibi
2784 3227 3139 3283 miserebitur
3165 3226 3337 3303 Deus,
3379 3243 3631 3303 quantum
3673 3245 3726 3290 et
3756 3244 3819 3291 tu

2230 3297 2570 3372 misereberis
2593 3298 2843 3372 proximo
2870 3315 2884 3351 :
2913 3307 3116 3372 tantum
3162 3297 3409 3371 recipies'
3432 3306 3483 3358 in
3529 3306 3631 3359 alia
3674 3307 3816 3372 vita,

2231 3366 2671 3445 quantum_facic_s
2699 3367 2755 3445 ιιι
2786 3369 3029 3445 prinsenti
3051 3366 3310 3445 vita._0ra
3340 3387 3468 3445 ergo
3498 3390 3594 3444 pro
3620 3366 3820 3432 defun;

2230 3436 2368 3511 etis,
2386 3446 2441 3492 ut
2472 3436 2599 3511 dum
2625 3436 2820 3491 fuerint
2844 3438 2896 3492 in
2923 3448 3120 3511 aeterna
3138 3442 3251 3495 vita
3271 3482 3283 3504 ,
3323 3436 3430 3511 prd
3456 3436 3514 3499 ιε’
3530 3460 3684 3501 orare
3706 3462 3821 3501 non

2231 3507 2523 3577 negligant.
2542 3506 2890 3582 _Exspectan_t_
2905 3510 3044 3582 enim
3067 3525 3163 3564 nos
3186 3552 3201 3577 ,
3229 3506 3546 3579 ntjuventur
3573 3530 3666 3582 per
3685 3531 3818 3571 nos:

2234 3585 2442 3659 tempus
2468 3577 2892 3659 enimpperaudi
2934 3578 3043 3659 jam
3076 3577 3307 3651 profugit
3336 3583 3406 3659 ab
3444 3584 3543 3659 eis.
3575 3577 3823 3641 Clamant

2232 3647 2393 3722 igitur
2429 3646 2664 3722 quotidie
2700 3647 2789 3715 qui
2815 3646 2993 3722 jaceat
3017 3646 3397 3722 in'torm'cutis.
3453 3653 3733 3722 Clamant,
3764 3667 3825 3711 et

2233 3717 2386 3786 pauci
2400 3725 2532 3795 _sunt
2558 3717 2648 3785 qui
2687 3717 3037 3795 respondeant
3069 3736 3081 3771 :
3113 3719 3345 3795 ululant,
3378 3731 3578 3795 etnon
3606 3737 3689 3779 est
3722 3717 3824 3795 qui

2232 3785 2540 3867 consuletur
2580 3800 2692 3841 eos.
2740 3785 2784 3840 Ο
2815 3787 3221 3867 quamgrandis
3261 3791 3583 3867 crudelitas,
3627 3785 3826 3867 fratres

2233 3859 2338 3912 mei
2368 3859 2385 3912 ι
2411 3871 2445 3911 o
2469 3871 2626 3927 quam
2664 3856 2878 3927 grandis
2922 3856 3310 3912 inhumanitas!
3343 3856 3583 3915 Clamant
3619 3866 3688 3917 ad
3719 3880 3829 3920 nos

2233 3926 2624 3999 quotidie,’qui_
2652 3926 2777 3980 dum
2826 3926 3100 3999 vixerunt,
3141 3928 3303 3999 multa
3340 3930 3474 3982 mala
3519 3944 3617 3999 pro
3654 3935 3829 3991 nobis

2233 3996 2496 4052 sustinere
2539 3996 2977 4062 ’volueruut;nec
3028 3998 3106 4051 eis
3152 3998 3430 4054 subvenire
3468 3996 3743 4057 curamus.
3779 4007 3829 4061 υ

2234 4083 2358 4141 vere
2388 4081 2575 4136 magna
2604 4065 2963 4141 inhumanitas
2989 4068 3003 4122 ι
3037 4067 3173 4141 Ecce
3202 4072 3342 4123 enim
3382 4070 3633 4141 inﬁrmus
3671 4073 3825 4141 jacet

2233 4146 2287 4192 et
2314 4136 2539 4203 clamat,
2566 4143 2622 4189 et
2656 4150 2689 4188 ιι
2729 4137 2952 4211 medicis
2990 4138 3322 4204 consolatur;
3350 4140 3538 4194 clamat
3586 4136 3784 4211 porcus
3806 4187 3824 4210 ,

2235 4216 2289 4261 et
2314 4220 2501 4260 omnes
2529 4219 2649 4259 cum
2673 4218 2747 4282 eo_
2764 4206 3004 4282 clamare
3025 4224 3130 4282 non
3175 4219 3420 4282 cessant;
3447 4206 3822 4282 cadit’asinus,

2234 4286 2288 4332 et
2311 4291 2496 4331 omnes
2519 4290 2641 4330 eum
2669 4276 2949 4331 sublevare
2977 4276 3231 4333 festinant
3256 4295 3273 4330 :
3304 4280 3393 4333 sed
3412 4280 3606 4334 clamat
3630 4282 3681 4335 in
3709 4276 3823 4337 tor;

2234 4346 2429 4401 mentis
2459 4345 2628 4400 ﬁdelis
2645 4354 2745 4417 ,_et
2767 4360 2869 4398 non
2890 4360 2974 4417 est
2997 4348 3089 4417 qui
3118 4348 3455 4417 respondeat.
3478 4350 3614 4408 Ecce
3640 4362 3822 4407 nostra

2236 4417 2629 4487 inhumanitas,
2657 4414 2867 4487 fratres.
2900 4416 2995 4470 Eia
3015 4414 3146 4487 ergo
3175 4414 3279 4472 non
3311 4419 3388 4473 sic
3420 4438 3432 4472 :
3460 4421 3552 4474 sed
3582 4437 3823 4476 memen-

2237 4494 2347 4541 tote
2369 4525 2384 4550 ,
2412 4485 2603 4559 fratres
2623 4527 2638 4551 ,
2669 4485 2810 4559 quod
2849 4494 3029 4559 sancta
3068 4485 3123 4541 et
3164 4488 3411 4559 saiubris,
3441 4491 3526 4559 pia
3545 4533 3558 4554 ,
3583 4501 3634 4544 et
3662 4492 3784 4545 felix
3803 4535 3819 4558 ,

2236 4564 2287 4612 et
2317 4556 2492 4610 suavis
2518 4556 2628 4611 Deo
2659 4564 2714 4610 et
2750 4554 2965 4628 Angelis
3005 4565 3088 4610 est
3126 4556 3374 4628 cogitatio
3418 4554 3516 4628 pro
3563 4554 3827 4617 defunctis

2238 4640 2502 4698 exorare,
2524 4635 2583 4698 ut
2606 4626 3115 4698 arpmnisquaspro
3144 4627 3375 4694 peccatis
3404 4626 3689 4698 patiuntur,
3714 4633 3821 4685 sol-

2238 4706 2449 4769 vantur.
2471 4695 2575 4769 Sed
2606 4692 2891 4769 dicetquis
2918 4710 2931 4746 :
2964 4692 3105 4749 Ecce
3140 4692 3357 4769 pairemr
3370 4692 3515 4769 pium
3543 4711 3596 4754 et
3625 4692 3823 4755 bonum

2243 4765 2430 4829 habui,
2454 4762 2848 4818 misericordem
2869 4772 2924 4816 et
2947 4772 3151 4818 castum
3171 4803 3185 4827 ,
3215 4762 3466 4822 humilem
3497 4776 3550 4823 et
3577 4771 3823 4825 omnibus

2240 4836 2522 4908 virtutibus
2543 4842 2788 4908 ornatum
2809 4847 2964 4908 :_u_am
2991 4833 3036 4908 si
3064 4848 3190 4889 vera
3227 4845 3350 4889 sunt
3375 4851 3495 4907 quae
3520 4839 3637 4908 lego
3660 4881 3676 4905 ,
3701 4854 3822 4895 eum

2241 4920 2363 4960 esse
2391 4906 2600 4978 beatum
2623 4919 2731 4958 non
2758 4903 2961 4978 dubito.
2988 4902 3108 4978 Cur_
3122 4919 3251 4978 ergo
3276 4902 3428 4961 orare
3454 4922 3553 4978 pro
3573 4902 3644 4963 co
3663 4902 3821 4976 volo,

2242 4991 2339 5031 cur
2361 4977 2754 5045 eleemosynam
2779 4974 2908 5045 dare
2928 5014 2944 5038 ,
2975 4988 3071 5028 cur
3089 4974 3331 5044 jejunare
3349 5017 3364 5039 ,
3395 4974 3491 5031 cur
3518 4974 3821 5035 sanctorum

2244 5060 2469 5118 corpora
2495 5044 2747 5118 visitare?
2772 5044 2886 5118 Non
2912 5054 2995 5098 est
3021 5059 3148 5115 ergo
3173 5060 3390 5118 necesse
3412 5061 3512 5118 pro
3539 5062 3605 5103 eo
3633 5063 3790 5104 orare
3809 5092 3824 5114 ,

2245 5116 2369 5186 quia
2398 5115 2596 5187 fidelis!
2621 5114 2721 5169 fuit
2739 5154 2752 5176 .
2778 5116 2899 5185 pius
2918 5155 2935 5181 ,
2958 5114 3135 5169 castus
3154 5156 3170 5183 ,
3204 5114 3453 5183 humilis,
3483 5119 3688 5187 patiens
3706 5161 3722 5181 ,
3772 5126 3832 5174 et

2246 5185 2451 5241 eunetis
2476 5185 2631 5240 bonis
2656 5191 2875 5241 ornatus
2898 5225 2914 5251 ,
2932 5194 3124 5254 etpost
3147 5199 3332 5240 aurum
3356 5185 3514 5240 etiam
3540 5203 3645 5241 non
3674 5189 3826 5254 abiit,

2248 5271 2348 5312 nec
2374 5256 2425 5309 in
2461 5257 2700 5324 pecuniae
2730 5254 2991 5310 thesauris
3007 5260 3241 5324 speravit
3265 5275 3280 5309 :
3308 5257 3476 5325 potuit
3495 5258 3834 5315 enimtrans-

2249 5327 2419 5397 gredi,
2467 5335 2525 5397 et
2573 5340 2677 5397 non
2716 5333 3228 5397 estutransgressus;
3274 5324 3547 5397 etfacere
3595 5329 3828 5396 malum,

2251 5394 2308 5468 et
2350 5411 2472 5468 non,
2499 5394 2640 5468 fecit.
2691 5394 2830 5468 Quid
2868 5409 2996 5465 ergo
3044 5395 3264 5468 credere
3304 5394 3512 5462 debeo,
3540 5398 3641 5468 nisi
3687 5394 3833 5468 quod

2251 5466 2414 5536 lego?
2452 5466 2590 5531 Quid
2638 5467 2781 5521 enim
2816 5464 2968 5535 lego,
3001 5465 3094 5536 vel,
3126 5464 3258 5536 quid
3296 5467 3581 5536 praedicari
3648 5464 3831 5536 audio,

2252 5535 2354 5592 nisi
2403 5536 2544 5665 (810d
2583 5536 2672 5607 qui
2725 5536 2862 5593 bene
2922 5535 3255 5616 operabitur,
3293 5535 3431 5591 bene
3466 5535 3839 5619 remunerabi;

2254 5606 2384 5665 tur?
2501 5609 2665 5665 homo
2687 5607 2806 5665 haec
2841 5621 2960 5665 quae
2984 5603 3118 5661 dicis
3145 5620 3245 5665 ego
3266 5606 3414 5665 nullo
3438 5606 3601 5665 modo
3618 5607 3714 5665 ubi
3736 5623 3839 5665 ιδε-

2254 5606 2384 5667 turi
2411 5603 2458 5665 0
2501 5603 2665 5665 homo
2687 5607 2806 5665 haec
2841 5603 2975 5677 quae
2984 5603 3118 5661 dicis
3145 5620 3245 5678 ego
3266 5606 3414 5666 nullo
3438 5606 3601 5671 modo
3618 5607 3714 5665 tibi
3736 5623 3841 5671 neu
