4072 6196
613 296 749 359 1351

612 408 682 470 ad
709 426 806 469 nos
828 409 1110 466 videndum
1140 414 1376 469 venerat,
1405 421 1526 461 eum
1554 404 1739 461 eodem
1770 405 1957 461 iterum
1985 407 2186 461 reversi

554 530 561 537 .
614 498 801 539 sumus
851 482 1072 537 Romam
1113 478 1180 533 ad
1220 478 1527 532 intuendum
1568 476 1869 546 diligentius
1914 475 2190 545 magniﬁca

615 552 834 607 aedilicia
877 562 929 606 et
977 564 1137 618 opera
1182 548 1548 617 Paganorum:
1582 556 1631 599 et
1676 547 1863 618 ductus
1906 560 2021 618 sum
2068 560 2188 600 cum

616 623 822 677 caeteris
846 621 909 676 ad
937 616 1220 675 videndum
1246 616 1475 672 cadaver
1509 618 1733 671 (la-saris
1760 616 1809 670 in
1839 616 2103 684 sepulcro,
2138 623 2193 669 et

616 692 723 747 vidi
742 691 878 762 quod
907 694 1124 762 omnino
1151 698 1293 744 esset
1319 687 1479 741 livido
1504 688 1975 762 coloreornatum,
2008 695 2191 754 putre-

562 808 566 815 .
616 763 740 818 dine
763 758 1185 823 'circumdatum,
1228 766 1467 813 ventrem
1510 758 1626 824 eius
1654 758 1922 826 diruptum
1943 798 1957 821 ,
1990 767 2044 810 et
2075 770 2194 812 ver-

614 834 778 889 mium
810 846 903 902 per
931 832 1079 886 illum
1123 837 1365 902 catervas
1392 837 1723 902 transeuntes
1768 827 2039 902 ρτρειιθχί.
2082 827 2193 902 Duo

614 896 828 975 quoque
854 902 1160 975 fameliciin
1187 899 1350 975 foveis
1379 900 1651 975 oculorum
1692 898 2061 975 pascebantur,
2089 896 2194 950 eri-

612 966 712 1029 nes
741 966 862 1043 ejus
887 987 993 1028 non
1019 970 1363 1043 adhaerebant
1386 969 1576 1038 capiti,
1607 966 1792 1043 dentes
1819 966 1933 1035 ejus
1969 980 2193 1043 appare-

614 1044 744 1101 bant
774 1037 954 1097 'labiis
994 1042 1355 1109 consumptis,
1405 1037 1463 1093 et
1500 1038 1788 1109 revelatum
1828 1043 1942 1109 erat
1984 1037 2194 1109 narium

613 1112 1035 1168 fundamentum.
1071 1112 1139 1166 Et
1164 1106 1377 1165 intuens
1404 1118 1630 1164 matrem
1664 1106 2187 1172 christianissimam,

614 1184 726 1238 dixi
751 1202 763 1236 :
798 1182 1022 1239 Ubinam
1044 1191 1124 1235 est
1147 1181 1372 1236 Caesaris
1392 1193 1587 1249 corpus
1610 1178 1944 1249 prmclantnt,
1969 1177 2059 1230 ubi
2083 1191 2195 1249 mag

613 1253 1209 1327 gnitudodivitiarum,
1255 1251 1347 1305 ubi
1392 1246 1673 1327 apparatus
1715 1248 2055 1327 deliciarum,

613 1316 901 1378 multitudo
947 1316 1321 1387 dominorum,
1371 1316 1475 1374 ubi'
1506 1328 1715 1373 caterva
1758 1318 2045 1387 baronum,
2102 1316 2194 1370 ubi

614 1395 760 1449 acies
791 1394 1045 1456 militum,
1089 1392 1177 1446 ubi
1204 1405 1362 1445 canes
1390 1389 1643 1453 venatici,
1680 1388 1766 1441 ubi
1806 1387 1925 1456 equi
1952 1386 2190 1451 veloces,

615 1464 708 1518 ubi
753 1479 879 1519 aves
906 1473 1211 1528 cantantes,
1252 1461 1340 1514 ubi
1372 1460 1632 1515 thalamus
1654 1459 1871 1528 pictus,
1901 1457 1986 1509 ubi
2030 1456 2195 1528 lectus

615 1534 905 1598 eburneus,
934 1535 1022 1588 ubi
1053 1526 1237 1587 thorus
1263 1531 1478 1600 regalis,
1507 1530 1595 1583 ubi
1628 1526 1851 1600 thronus
1880 1526 2190 1600 imperialis,

614 1606 707 1659 ubi
733 1595 1012 1660 mutatoria
1032 1595 1469 1657 vestimentorum
1497 1642 1511 1665 ,
1542 1600 1626 1652 ubi
1652 1598 1826 1665 capilli
1854 1595 2073 1657 sola’res,
2104 1595 2196 1650 ubi

613 1673 779 1729 facies
800 1673 1015 1736 decora,
1043 1672 1130 1727 ubi
1152 1672 1327 1727 omnia
1348 1684 1466 1741 qum
1488 1669 1587 1741 sub
1611 1669 1746 1741 creto
1769 1667 1925 1741 sunt?
1952 1668 2026 1741 'l_‘e
2048 1680 2199 1719 nam-

616 1759 724 1813 que
755 1746 1074 1799 verebantur
1113 1737 1380 1813 homines;
1428 1749 1481 1795 te
1526 1738 1795 1813 timebant
1819 1737 2112 1805 principes,
2145 1742 2197 1790 te

617 1807 865 1868 colebant
888 1814 1067 1880 urbes,
1095 1822 1147 1867 te
1175 1811 1434 1867 timebant
1460 1824 1662 1864 omnes.
1697 1807 1923 1880 Ubinam
1946 1820 2193 1880 ,‘aneso,

616 1892 743 1939 sunt
767 1884 880 1939 lucc
903 1874 1113 1947 omnia,
1144 1897 1172 1935 a
1201 1897 1306 1951 quo
1339 1881 1559 1936 recessit
1588 1887 1731 1951 tanta
1766 1874 2054 1951 jactantia’?
2081 1874 2197 1941 Quo

615 1952 714 2007 ivit
761 1962 844 2008 tua
895 1947 1314 2022 magnificentia?
1365 1951 1431 2005 Et
1473 1949 1746 2022 respondit
1791 1956 1961 2001 mater
2002 1947 2197 2022 pietate

658 2023 777 2076 lena
801 2041 814 2074 :
847 2015 1176 2087 Filifomnia
1198 2022 1297 2074 sibi
1325 2022 1521 2088 pariter
1540 2015 1849 2072 defecerunt
1872 2016 2082 2087 quando
2108 2015 2198 2088 de-

661 2037 777 2076 tena
801 2041 814 2074 :
848 2037 967 2087 rut,
998 2037 1176 2075 omnia
1198 2037 1297 2074 sint
1325 2037 1521 2088 paruer
1540 2037 1849 2072 oeicccrunr
1872 2037 2082 2087 quanuo
2108 2037 2196 2069 ue-

618 2037 749 2145 ?ecit
776 2091 991 2159 spiritus
1017 2090 1163 2159 ejus,
1194 2099 1246 2142 et
1280 2089 1608 2158 reliquerunt
1644 2102 1764 2159 eum
1793 2088 2114 2159 eaptivaturn
2143 2086 2196 2139 in

619 2155 867 2229 sepulcro
887 2155 1624 2229 trium'brachiorum'plenum
1646 2156 1811 2210 fetore
1827 2155 2193 2229 etputredine.

616 2226 719 2308 Eia
748 2246 905 2308 ergo,
946 2229 1126 2308 fideles
1167 2226 1936 2308 Christi;;considerate.quid
1978 2239 2194 2308 sumus,

619 2295 1023 2378 animadvertite
1048 2300 1115 2355 ad
1155 2299 1278 2369 quid
1308 2299 1575 2378 venimus,
1618 2295 1902 2378 prospicue
1937 2295 2059 2366 quid
2086 2296 2197 2378 jam

618 2386 825 2427 sumus.
851 2372 1005 2453 Agite
1028 2366 1547 2453 ergo'pmnitnentiam
1566 2409 1581 2434 ,
1611 2366 1765 2453 filioli
1785 2367 1911 2453 mei,
1931 2366 2195 2453 quosne-

619 2456 741 2497 rum
787 2436 1020 2511 parturio
1064 2436 1232 2496 donec
1277 2437 1595 2495 reformetur
1636 2439 1688 2492 in
1737 2436 1887 2511 vobis
1920 2436 2195 2511 _Cltristus.

617 2506 935 2582 Agite'ergo
962 2512 1350 2582 pwiitentiam,
1380 2519 1836 2582 antequamgmors
1864 2506 2073 2582 inimica
2103 2520 2199 2582 na-

620 2576 757 2637 tura;
784 2576 895 2637 vos'
907 2576 1259 2652 aggrediatur.
1287 2576 1539 2652 Statuatis
1564 2578 1714 2633 vobis
1743 2577 2038 2648 simplicem
2058 2618 2071 2640 ,
2102 2576 2200 2630 hu-

618 2653 834 2719 milem,
880 2650 1061 2706 utilem
1081 2693 1098 2720 ,
1128 2659 1418 2717 secretam,
1464 2650 1821 2720 frequentem,
1854 2657 2194 2720 promptam,

621 2718 889 2794 amaram,
918 2718 1264 2794 lacrymosam
1290 2730 1343 2777 et
1372 2718 1615 2794 festinam
1639 2718 2048 2794 confessionem,
2077 2730 2196 2770 eum

621 2793 785 2848 etiam
830 2785 1243 2847 horam'mortis
1281 2790 1496 2845 omnino
1536 2791 1858 2848 ignoremus.
1904 2785 2034 2838 Nam
2076 2799 2198 2840 cum

622 2862 681 2916 in
709 2870 950 2916 extrema
974 2860 1282 2929 aegritudine
1308 2858 1529 2922 fueritis,
1554 2853 1775 2919 fratres;
1806 2869 1839 2909 ο
1862 2869 2018 2929 quam
2039 2853 2195 2923 forte,

623 2944 661 2987 ο
687 2945 843 3000 quam
874 2924 1083 2991 durum,
1116 2945 1149 2981 ο
1172 2943 1328 2998 quam
1356 2942 1663 3000 pcenosnm,
1697 2941 1730 2980 o
1755 2940 1908 3000 quam
1936 2924 2197 3000 lacryma-

622 2996 733 3056 bile
760 3001 861 3056 erit
887 3001 1034 3055 vobis
1056 2996 1311 3069 poenitere
1330 2996 1381 3052 et
1405 2999 1585 3069 dolere
1604 2996 1672 3051 de
1700 2996 1850 3069 malis
1874 2996 2194 3069 commissis,

623 3071 766 3127 etde
794 3071 945 3125 bonis
972 3065 1213 3124 omissis!
1246 3070 1419 3136 Quare
1441 3068 1540 3123 hoc
1560 3070 1680 3132 erit,
1712 3066 1809 3119 nisi
1835 3067 1954 3134 quia
1983 3065 2088 3120 illic
2110 3080 2198 3120 ca-

622 3142 770 3212 pitur
797 3150 903 3196 tota
939 3141 1159 3195 intentio
1185 3140 1409 3212 mentis,
1437 3139 1523 3191 ubi
1554 3136 2009 3212 est-visdoloris?
2035 3136 2197 3212 Multa

622 3206 765 3267 enim
795 3218 1078 3266 occurrunt
1108 3210 1481 3278 impedimenta
1510 3209 1676 3263 cordi.
1716 3207 1846 3278 Nam
1875 3220 2067 3278 corpus
2102 3206 2198 3261 do—

622 3282 731 3349 let,
771 3297 928 3352 poena
958 3282 1171 3351 afﬂigit,
1202 3282 1320 3350 quia
1362 3295 1503 3352 mors
1540 3277 1934 3352 appropinquat
1960 3277 2194 3352 intrare:

622 3346 919 3421 ﬁlios-quos
946 3346 1122 3419 patres
1143 3346 1347 3403 summe
1366 3346 1683 3421 dilexerunt,
1714 3362 1807 3416 pro
1824 3347 2019 3421 quibus
2038 3346 2198 3421 etiam

623 3434 686 3477 se
723 3415 1001 3475 damnatos
1027 3420 1366 3483 existimant,
1398 3420 1680 3471 tenebroso
1718 3415 1873 3470 oculo
1904 3415 2193 3484 aspiciunt,

625 3506 821 3560 uxores
849 3491 955 3559 jam
998 3488 1741 3560 lacrymantesconsiderant,
1773 3483 1998 3560 mundus
2025 3483 2199 3560 adhuc

625 3561 706 3615 eis
733 3554 975 3614 fiduciam
1006 3554 1238 3627 przr'stat,
1268 3557 1510 3611 diabolus
1533 3572 1599 3610 ne
1624 3557 1690 3610 de
1713 3556 1941 3627 peccatis
1961 3554 2193 3627 doleant,

624 3628 784 3685 ﬁdem
813 3624 1017 3689 tribuit,
1040 3639 1095 3683 et
1114 3627 1523 3697 chirographum
1551 3625 1937 3697 infirmantibus
1967 3624 2192 3697 praabet;

625 3714 751 3756 caro
777 3715 881 3754 non
913 3700 1140 3755 deﬁcere
1168 3693 1339 3752 adhuc
1366 3693 1508 3752 satis
1546 3702 1756 3764 sperat;
1805 3694 1994 3750 medici
2024 3693 2197 3751 adhuc

625 3780 680 3825 ut
704 3770 994 3837 lucrentur,
1021 3771 1189 3838 ipsum
1209 3767 1535 3831 eonfortant;
1570 3776 1816 3838 parentes,
1834 3764 2181 3838 applaudunt,

625 3840 932 3896 sacerdotes
959 3835 1221 3904 alliciunt,
1253 3850 1309 3893 et
1347 3839 1423 3891 sic
1462 3837 1651 3891 divites
1691 3837 1985 3889 moriuntur
2013 3836 2064 3889 in
2109 3835 2195 3891 in-

623 3908 797 3966 ferno.
830 3910 874 3965 Ο
912 3912 1094 3975 homo,
1139 3909 1331 3963 audisti
1370 3908 1492 3977 quid
1531 3908 1736 3961 locutus
1783 3920 1933 3977 sum;
1977 3905 2197 3977 omnino

623 3981 787 4035 credo
816 3982 953 4050 quod
985 3980 1099 4034 haec
1124 3981 1300 4034 omnia
1326 3975 1434 4050 cito
1454 3977 1762 4050 experieris.
1785 3976 2018 4030 Obsecro
2038 3975 2196 4050 igitur

625 4057 709 4116 tte,
751 4060 808 4104 ut
833 4046 1125 4120 antequam
1154 4049 1456 4103 infirmitate
1480 4047 1718 4120 glaveris
1736 4088 1749 4110 ,
1768 4060 1906 4120 agas
1931 4046 2195 4120 poeniten-

626 4115 776 4186 tiam,
805 4115 1055 4189 disponas
1078 4119 1292 4173 domum
1319 4115 1613 4173 tuamfFac
1643 4116 1780 4189 quod
1823 4116 2052 4189 liendum
2080 4123 2191 4181 est,

626 4190 709 4244 fac
739 4186 1106 4247 testamentum
1132 4230 1147 4253 ,
1195 4190 1319 4241 dum
1365 4202 1524 4240 sanus
1565 4201 1651 4251 es,
1701 4187 1825 4239 dum
1853 4186 2061 4253 sapiens
2098 4199 2191 4249 es,

626 4260 752 4313 ditm
783 4268 901 4313 tuus
925 4275 1003 4311 es.
1030 4258 1159 4310 Nam
1186 4258 1231 4310 si
1259 4256 1645 4325 exspectaveris
1673 4255 2051 4319 inﬁrmitatem,
2080 4271 2195 4325 om-

627 4328 758 4381 nino
786 4327 943 4381 minis
968 4327 1049 4380 vel
1092 4324 1464 4379 blandimentis
1492 4325 1702 4377 duceris
1729 4338 1834 4391 quo
1874 4333 1929 4376 tu
1960 4341 2061 4377 non
2090 4324 2189 4379 vis.

626 4398 673 4454 0
699 4398 874 4461 homo,
907 4396 1031 4451 dum
1054 4396 1375 4464 juvenescis,
1403 4395 1623 4463 dispone
1649 4392 1863 4446 domum
1892 4401 2053 4464 tuam,
2098 4408 2193 4463 age

625 4467 1022 4538 paenitentiam,
1058 4462 1229 4538 dilige
1279 4466 1440 4538 Deum
1490 4462 1591 4538 non
1642 4464 1810 4538 solu_m
1852 4462 2049 4538 verbo,
2087 4462 2193 4538 sed

626 4531 789 4605 opere
814 4547 869 4593 et
902 4531 1138 4593 veritate.
1169 4531 1254 4591 Ἐι
1295 4536 1338 4589 si
1382 4535 1676 4605 proximum
1703 4531 1966 4605 offendisti
1994 4532 2154 4587 verbo
2174 4574 2187 4599 ,

627 4603 775 4679 placa
801 4624 921 4663 eum
948 4607 1142 4672 verbo;
1172 4608 1217 4662 si
1247 4603 1581 4679 facto,_placa
1609 4618 1727 4658 eum
1758 4603 1933 4679 facto:
1965 4605 2193 4679 qttia_ea-

626 4673 747 4735 dem
786 4694 1034 4734 mensura
1061 4689 1308 4746 parcetur
1338 4673 1485 4730 nobis
1504 4718 1516 4738 ,
1563 4690 1664 4745 qua
1694 4675 2024 4744 pepercimus
2053 4673 2185 4727 aliis.

624 4749 671 4805 0
701 4753 888 4814 homo,
923 4749 1005 4802 fac
1032 4747 1414 4817 pmnitentiam.
1441 4746 1732 4817 blemorare
1757 4746 2040 4817 novissima
2067 4752 2152 4798 tua
2170 4786 2185 4810 ,

624 4828 682 4872 ut
711 4819 763 4872 in
787 4814 1046 4873 aeternum
1072 4833 1177 4871 non
1205 4830 1392 4885 pecces
1417 4815 1600 4886 (Ereti.
1633 4831 1727 4879 vn,
1760 4814 1869 4883 46).
1905 4814 2191 4886 Revertere

624 4887 691 4943 ad
721 4898 772 4944 te
797 4890 990 4958 ipsum,
1019 4884 1321 4942 memorans
1344 4884 1483 4956 quad
1510 4885 1651 4939 fuisti
1681 4899 1889 4958 sperma
1910 4884 2187 4958 liquidum,

624 4959 764 5029 quod
804 4956 962 5014 modo
988 4972 1048 5013 es
1075 4972 1169 5013 vas
1208 4966 1532 5029 stereorumg,
1573 4956 1714 5029 quod
1758 4957 1864 5008 eris
1898 4956 2046 5029 cibus
2074 4969 2191 5029 ver-

622 5025 786 5114 mium
813 5029 1064 5114 (a).__ll:ec
1084 5030 1371 5114 enimsunt
1391 5026 1673 5114 novissima
1699 5040 1815 5095 quae
1843 5026 2074 5095 cogitare
2100 5025 2192 5080 de-

621 5099 712 5157 bet
738 5098 972 5170 quntidie
1010 5100 1097 5169 qui
1128 5099 1296 5153 ﬂdelis
1322 5106 1421 5152 est.
1463 5098 1513 5151 0
1537 5098 1722 5159 homo,
1754 5110 2047 5170 memorare
2088 5109 2188 5170 no:

621 5165 836 5226 vissiina
865 5182 981 5235 tua,
1026 5165 1147 5237 quia
1192 5178 1309 5237 post
1349 5180 1573 5237 mortem
1600 5167 1796 5221 vermis
1824 5175 2070 5220 nascetur
2099 5165 2189 5221 tibi

622 5240 689 5297 de
719 5243 892 5311 lingua
920 5255 1017 5311 pro
1053 5236 1267 5310 peccato
1304 5238 1515 5307 linguae,
1533 5236 1599 5291 de
1626 5237 1899 5311 stomacho
1930 5250 2025 5305 pro
2065 5250 2189 5306 pee-

621 5320 739 5367 cato
775 5308 944 5381 gula),
990 5308 1067 5366 de
1090 5318 1353 5381 spermate
1392 5322 1577 5381 renum
1605 5308 1911 5377 scorpiones
1938 5322 2034 5376 pro
2064 5321 2189 5376 pec-

621 5393 741 5439 cato
780 5378 1021 5445 luxuria,
1048 5378 1363 5436 de'cerebro
1389 5378 1609 5434 bufones
1632 5393 1727 5446 pro
1755 5386 1970 5446 peccato
2001 5386 2189 5446 super-

619 5452 740 5509 biae.
772 5451 1065 5508 Memorare
1094 5450 1376 5506 novissima
1407 5458 1524 5515 tua,
1555 5464 1587 5501 o
1610 5449 1818 5519 juvenis
1838 5488 1851 5513 ,
1883 5447 1972 5518 qui
2002 5446 2190 5502 ﬂoride

619 5524 793 5582 ambis
830 5530 885 5577 et
921 5523 1098 5595 pergis
1124 5521 1294 5593 capite
1320 5520 1525 5576 elevato
1553 5529 1741 5575 cuncta
1779 5534 1897 5593 qua:
1928 5519 2021 5577 Dei
2059 5524 2187 5575 sunt

683 5714 761 5779 (α)
790 5716 888 5767 Vidi
912 5719 1070 5773 adedit.
1088 5719 1213 5783 apud
1235 5718 1459 5804 bernard.
1480 5731 1581 5782 cap.
1618 5718 1661 5769 5.

2057 291 2426 352 APPENDIX.

3795 294 3939 357 {33

2302 405 2664 476 despicienda.
2689 405 2986 479 Memorare
3010 408 3301 463 novissima
3332 418 3457 476 tua,
3491 407 3637 479 quia
3664 415 3826 464 tan
3858 426 3929 473 es,

2300 479 2424 532 etin
2454 488 2644 550 terram
2672 477 2794 550 ibis.
2820 477 3113 534 Memorare
3138 479 3433 533 novissima
3465 477 3593 543 tria,
3626 481 3765 550 quia
3796 495 3929 535 om-

2299 556 2482 615 ceptus
2506 562 2565 600 es
2594 548 2643 600 in
2673 548 2846 615 culpa,
2877 554 3029 602 natus
3054 550 3107 602 in
3140 563 3316 617 paena,
3345 551 3555 604 vivens
3584 548 3663 604 in'

2298 626 2353 688 et
2396 618 2701 688 necessario
2733 617 2976 672 morieris
3017 618 3068 671 in
3111 620 3374 688 angustia.
3421 620 3471 675 0
3505 621 3694 674 homo
3732 635 3841 674 at
3882 633 3917 675 ιε

2294 686 2465 760 iactas
2491 686 2831 760 fortitudine}
2860 689 3158 760 Eccenunc
3182 686 3304 760 post
3327 691 3635 760 modicum
3684 690 3899 745 inﬁrm

2300 755 2503 831 ris,_ct
2530 755 2734 831 delicis.
2781 756 2889 812 Cur
2933 758 3135 814 inﬂaris
3174 755 3362 831 inundi
3415 761 3756 831 sapientia?
3788 762 3915 817 Eata

2300 826 2441 895 quod
2463 826 2690 899 stultitia
2715 836 2819 899 est,
2844 834 2899 883 et
2921 843 3038 899 eam
3062 828 3270 899 perdes,
3297 839 3353 883 et
3372 826 3535 884 tuam
3570 831 3915 899 prodeam

2252 966 2255 969 ν
2300 896 2617 983 reprobabo,
2640 896 2768 983 dicit
2792 896 3073 983 Dominus.
3089 897 3197 954 Cur
3215 899 3424 983 inﬂaris
3446 896 3703 983 scientia
3718 901 3917 983 {Ng-

2300 966 2424 1041 quid
2458 966 2784 1041 philosophis
2811 967 3149 1041 obscuratum
3176 976 3416 1041 est‘cor,
3448 978 3515 1041 et
3547 972 3609 1024 in
3642 972 3912 1041 agitatio-

2300 1036 2457 1108 nibus
2482 1038 2593 1091 suis
2633 1038 2998 1108 evanuerunt?
3027 1038 3289 1108 Numquid
3334 1040 3533 1095 traditi
3579 1036 3802 1095 sunt'in
3830 1056 3912 1095 re-

2341 1107 2525 1188 robum
2549 1108 2820 1190 sensum?
2865 1106 2972 1162 Cur
3018 1106 3544 1190 te‘jaetasngeneris
3594 1111 3909 1190 nobilitate?

2350 1176 2563 1247 nmquid
2590 1178 2828 1233 omnium
2874 1176 3125 1234 nascendi
3149 1176 3387 1234 conditio
3417 1195 3534 1235 una
3586 1183 3722 1235 est?
3756 1180 3907 1235 Num-

2301 1247 2427 1318 quid
2454 1255 2507 1303 et
2534 1248 2791 1303 moriendi
2831 1262 2933 1302 una
2978 1249 3291 1303 conclusio?
3329 1249 3470 1317 Quis
3513 1251 3792 1305 nobilium
3820 1266 3907 1305 m-

2301 1333 2464 1390 quam
2478 1326 2634 1390 natus
2653 1326 2735 1390 est
2754 1318 2871 1373 sine
2890 1320 3161 1389 sanguinis
3179 1321 3616 1375 cruentatione?
3649 1321 3904 1390 Nunquid

2303 1388 2499 1441 nobilis
2526 1388 2683 1442 simul
2712 1405 2833 1442 cum
2859 1388 3093 1458 paupere
3113 1404 3208 1458 per
3231 1390 3489 1445 eumdem
3512 1391 3663 1445 dum
3687 1388 3903 1446 nascitur

2301 1468 2534 1531 meatum
2554 1458 2787 1531 transiit?
2814 1458 2864 1531 ᾼ
2883 1458 3057 1531 regula
3084 1460 3244 1531 etiam
3265 1461 3457 1531 mortis
3484 1463 3766 1531 numquid
3790 1476 3907 1529 rar-

2300 1527 2647 1602 citurdiviti?
2677 1530 2783 1583 Cur
2817 1527 3014 1582 divitiis
3042 1538 3092 1583 te
3115 1528 3327 1602 iactas?
3356 1529 3503 1602 ipsa:
3534 1527 3697 1587 enim

2300 1597 2506 1651 insidia:
2535 1599 2625 1653 tibi
2654 1608 2797 1671 sunt,
2845 1614 3005 1671 quam
3042 1598 3308 1671 amicitias.
3352 1597 3496 1655 Nam
3541 1597 3759 1671 pauper
3800 1602 3897 1656 fere

2302 1683 2569 1741 nunquam
2592 1668 2759 1723 occidi
2784 1668 3071 1741 quaeritur;
3099 1668 3247 1741 diviti
3268 1684 3400 1724 vero
3424 1668 3675 1741 semper
3694 1672 3900 1725 insidia-

2303 1736 2744 1811 tur._lllemorare,
2776 1736 2818 1811 0:
2832 1738 3015 1811 homo,
3055 1740 3342 1811 novissima
3368 1749 3460 1794 tua
3484 1783 3503 1806 ,
3538 1736 3639 1811 qui
3671 1742 3896 1810 quotidie

2301 1807 2561 1878 epularis,
2591 1808 2857 1878 quomodo
2884 1808 3056 1864 nudus
3082 1808 3150 1864 de
3182 1818 3334 1865 utero
3361 1807 3569 1866 matris
3587 1807 3820 1877 venisti,
3851 1823 3896 1866 et

2304 1877 2477 1932 nudus
2508 1877 2811 1933 reverteris.
2860 1878 2955 1933 Eia
2999 1895 3160 1949 ergo,
3204 1879 3429 1944 fratres,
3460 1880 3673 1938 domos
3700 1894 3896 1937 vestras

2304 1948 2625 2031 pauperibus
2665 1949 2902 2031 aperite,
2950 1948 3548 2031 eleeinosynaslacite,
3595 1954 3895 2023 voluptates

2302 2031 2510 2089 veStras
2528 2019 2719 2072 rationi
2743 2019 3038 2089 subjugate,
3074 2021 3129 2075 in
3165 2019 3370 2075 structis
3393 2019 3777 2077 memorantes
3806 2036 3895 2076 no-

2304 2088 2516 2158 vissima
2538 2099 2734 2155 vestra,
2753 2097 2810 2143 ut
2833 2088 3126 2144 mertaliter
3144 2104 3249 2145 non
3272 2093 3506 2158 peccetis
3530 2093 3586 2147 in
3609 2102 3893 2148 πίθηαι.

2302 2157 2535 2231 Adjuvet
2557 2167 2732 2212 autem
2764 2173 2863 2214 nos
2895 2159 3051 2231 Deus,
3085 2160 3200 2215 sine
3223 2157 3375 2231 cujus
3398 2163 3691 2219 voluntate
3718 2164 3891 2218 folium

2302 2228 2511 2303 arboris
2530 2243 2634 2283 non
2660 2240 2922 2303 movetur,
2951 2229 3032 2303 ad,
3049 2228 3425 2303 perliciendum
3452 2248 3519 2287 ea
3542 2249 3673 2303 qua:
3708 2235 3892 2303 placiti

2303 2310 2429 2423 iam
2465 2297 2543 2365 ci,
2591 2299 2681 2369 qui
2722 2308 2805 2356 est
2844 2297 3156 2357 benedictus
3197 2302 3254 2357 in
3301 2304 3494 2359 sucula

2355 2384 2497 2424 men.

2442 2385 2497 2424 ιι.

2868 2460 3101 2519 SEBIO
3124 2461 3312 2518 XLIX.

2303 2568 2371 2609 ne
2408 2569 2619 2611 lfSEﬂlA
2655 2569 2838 2612 caams
2875 2570 2943 2612 er
2982 2570 3275 2613 rusmre
3322 2570 3633 2613 cusanus
3670 2573 3818 2614 riu:
3848 2559 3885 2611 ί.

2369 2646 2451 2772 (Sa)
2550 2649 2657 2730 vita
2686 2665 2804 2719 quze
2845 2658 3018 2705 tantos
3043 2650 3272 2732 decipis,
3314 2648 3385 2705 de
3432 2650 3657 2772 propriis
3707 2659 3891 2731 tantos

2405 2728 2599 2772 uxrstt.
2629 2728 2803 2772 tantos
2832 2731 3109 2772 excmcastt
3140 2738 3152 2772 :
3197 2735 3316 2772 quae
3359 2719 3486 2772 dum
3552 2735 3666 2772 tms
3688 2762 3703 2772 .
3752 2722 3888 2772 nihil

2303 2719 2563 2789 seduaisti
2583 2760 2599 2785 ,
2629 2728 2803 2775 tantos
2832 2721 3109 2775 exemcasti
3140 2719 3177 2773 τ’
3197 2735 3316 2789 quae
3359 2719 3486 2774 dum
3530 2719 3666 2789 fugis
3688 2762 3703 2781 ,
3752 2722 3888 2773 nihil

2303 2802 2399 2851 es;
2428 2787 2552 2842 dum
2584 2789 2812 2857 videris,
2843 2790 3028 2845 umbra
3053 2803 3146 2856 cs;
3169 2787 3294 2844 dum
3320 2790 3555 2855 exaltas,
3584 2787 3769 2845 fumus
3797 2796 3883 2845 es!

2305 2857 2487 2913 Dulcis
2512 2874 2571 2914 es
2595 2860 2798 2926 stultis,
2831 2869 2885 2915 et
2908 2875 3087 2915 amara
3113 2860 3459 2929 sapientibus.
3491 2861 3594 2925 Qui
3622 2870 3675 2913 te
3706 2870 3851 2914 amat
3869 2900 3884 2921 ,

2306 2943 2412 2982 non
2436 2936 2486 2983 te
2512 2929 2815 2998 cognoscit;
2853 2930 2941 3000 qui
2972 2940 3021 2986 te
3060 2939 3434 2993 contemnunt,
3467 2930 3564 2997 ipsi
3598 2939 3653 2983 te
3690 2932 3885 2985 intelli-

2304 3007 2452 3067 gunt.
2487 2999 2740 3054 Timenda
2766 2999 2946 3065 es,'et
2990 3000 3232 3069 fugienda
3261 3016 3339 3055 es.
3378 3000 3466 3054 Va:
3492 3001 3581 3069 qui
3632 3001 3730 3054 tibi
3774 3016 3883 3055 cre-

2304 3068 2472 3132 dunt,
2504 3070 2641 3124 beati
2672 3072 2759 3140 qui
2792 3079 2842 3125 te
2886 3068 3250 3126 contemnunt.
3300 3071 3435 3126 Vera
3482 3068 3586 3123 non
3636 3087 3697 3124 cs
3748 3072 3878 3135 \ita,

2305 3154 2461 3263 ﬂuam
2494 3148 2542 3193 te
2586 3141 2839 3194 ostendis.
2873 3141 3005 3197 Aliis
3043 3142 3279 3195 ostendis
3308 3151 3357 3195 te
3384 3141 3593 3210 longam
3615 3182 3629 3204 ,
3659 3151 3719 3194 ut
3768 3157 3881 3212 pcr-

2343 3226 2401 3263 as
2430 3210 2479 3262 in
2512 3212 2700 3263 linem:
2725 3211 2841 3263 aliis
2866 3211 3112 3263 brevem.
3142 3220 3198 3263 ut
3227 3212 3351 3263 dum
3383 3213 3649 3263 ntettitere
3677 3213 3877 3263 volunt.

2343 3226 2401 3263 as
2430 3210 2479 3262 in
2512 3212 2700 3276 linem;
2725 3211 2841 3263 aliis
2866 3211 3112 3276 brevem,
3142 3220 3198 3264 ut
3227 3212 3351 3265 dum
3383 3213 3649 3279 ptenitere
3677 3210 3877 3271 volunt,

2305 3295 2410 3334 non
2442 3280 2717 3350 permittas
2758 3299 2773 3332 :
2801 3280 2918 3335 aliis
2948 3282 3168 3350 largam,
3194 3292 3250 3334 ut
3276 3283 3461 3334 faciant
3483 3281 3611 3350 quid
3662 3284 3880 3341 volunt;

2304 3349 2423 3404 aliis
2449 3349 2763 3419 angustam,
2808 3360 2867 3405 ut
2892 3366 2995 3405 non
3028 3349 3220 3405 faciant
3245 3352 3461 3405 bonum.
3491 3351 3702 3418 Quare,
3734 3370 3769 3403 o
3801 3367 3879 3404 sa-

2306 3420 2632 3491 piens,fuge
2672 3421 2812 3490 quod
2862 3421 3008 3491 fugit.
3057 3422 3146 3476 Sic
3194 3423 3337 3475 enim
3385 3431 3467 3475 est
3513 3423 3617 3474 vita
3665 3434 3877 3479 nostra.

2304 3490 2458 3614 quasi
2485 3490 2644 3545 homo
2684 3493 2738 3545 in
2762 3491 2923 3545 domo
2947 3493 3155 3557 aliena,
3200 3492 3445 3546 nesciens
3471 3507 3576 3561 qua
3625 3491 3763 3545 hora
3809 3493 3879 3545 vel

2342 3560 2390 3614 ie
2420 3570 2672 3614 patronus
2693 3562 2863 3614 dicat.
2894 3562 3037 3614 Vade
3064 3561 3206 3614 foras
3232 3580 3247 3614 :
3277 3563 3400 3614 ouia
3428 3576 3532 3614 non
3559 3570 3642 3614 est
3674 3572 3763 3614 tua
3794 3562 3879 3614 do-

2342 3560 2390 3615 ie
2420 3570 2672 3629 patronus
2693 3562 2863 3623 dicat,
2894 3562 3037 3616 Vade
3064 3561 3206 3616 foras
3232 3580 3247 3616 :
3277 3563 3400 3630 quia
3428 3560 3532 3615 non
3559 3570 3642 3616 est
3674 3572 3763 3614 tua
3794 3562 3881 3616 do-

2306 3644 2423 3683 mus
2448 3634 2499 3701 in
2529 3646 2631 3701 qua
2656 3646 2733 3701 es.
2766 3629 2809 3686 Ο
2839 3632 3085 3686 sarculum
3118 3629 3320 3701 vanum
3342 3671 3355 3693 ,
3383 3631 3509 3701 quid
3554 3632 3710 3686 nobis
3736 3640 3877 3685 tanta

2303 3700 2603 3771 promittis,
2649 3700 2775 3754 dum
2815 3702 3053 3771 decipis?
3099 3700 3201 3767 Qui
3243 3702 3336 3756 tibi
3382 3700 3586 3756 amicus
3651 3701 3879 3757 voluerit

2303 3784 2451 3835 esse,
2494 3770 2736 3826 inimicus
2802 3771 2900 3826 Dei
2936 3770 3312 3827 constituetur.
3362 3773 3607 3827 Amicitia
3662 3772 3874 3833 muli,

2303 3839 2574 3896 inimicitia
2607 3841 2699 3895 Dei
2725 3849 2824 3896 est.
2859 3841 2934 3913 (b)
2962 3841 3099 3913 Caro
3124 3852 3225 3909 est,
3253 3857 3374 3912 qua:
3398 3843 3630 3913 animam
3660 3843 3872 3913 perdit:

2301 3925 2426 3966 caro
2455 3919 2560 3977 est,
2594 3927 2711 3981 qua:
2732 3911 2915 3980 recipit
2936 3912 3205 3966 inimicum
3233 3927 3355 3966 etun
3382 3913 3543 3966 vitiis.
3566 3911 3700 3967 Item
3724 3912 3873 3967 serui-

2302 3990 2395 4035 nat
2422 3981 2732 4048 homicidia,
2777 3983 3003 4037 seminat
3031 3981 3428 4037 fornicationem
3446 4022 3461 4047 ,
3492 3984 3723 4036 seminat
3750 3996 3873 4036 con-

2301 4052 2708 4120 cupiscentiam,
2740 4053 2964 4106 seminat
2992 4053 3162 4117 rixas,
3195 4054 3423 4107 seminat
3449 4052 3760 4118 libidinem,
3791 4066 3873 4107 se-

2300 4122 2467 4175 minat
2496 4121 2685 4175 furtum
2708 4164 2721 4187 ,
2751 4123 2973 4177 seminat
2997 4122 3347 4178 idololatriam
3365 4162 3381 4185 ,
3409 4123 3638 4177 seminat
3664 4122 3870 4190 cupidi-

2300 4199 2480 4256 tatem,
2501 4192 2723 4246 seminat
2739 4193 3056 4261 superbiam,
3075 4203 3130 4248 et
3160 4193 3296 4247 inter
3324 4193 3510 4247 fratres
3532 4192 3875 4256 discordiam,

2301 4262 2528 4316 seminat
2544 4262 2812 4329 invidiam,
2828 4263 3052 4317 seminat
3073 4272 3256 4317 contra
3276 4262 3440 4317 Deum
3464 4263 3871 4329 blasphemiam,

2300 4341 2551 4401 provocat
2576 4334 2892 4401 schismata,
2933 4333 3103 4387 irritat
3127 4332 3392 4400 haereses,
3437 4341 3491 4388 et
3516 4333 3650 4387 intra
3679 4332 3872 4386 Eccle-

2299 4401 2430 4473 siam
2476 4401 2568 4473 Dei
2612 4400 2770 4473 infert
2792 4402 3105 4468 divisiones,
3139 4405 3277 4458 inter
3303 4403 3524 4473 populos
3549 4402 3875 4473 christianos

2296 4471 2447 4540 ponit
2486 4471 2929 4544 oﬂ‘endicula,get
2971 4476 3110 4528 inter
3135 4471 3319 4543 gentes
3361 4471 3586 4544 pugnas,
3626 4479 3681 4544 et
3726 4472 3877 4526 inter

2297 4543 2804 4612 consanguinitatem
2842 4540 3255 4610 incantationes,
3303 4540 3380 4607 et,
3395 4540 3527 4610 quod
3564 4540 3716 4612 pejus
3745 4550 3870 4603 est,

2298 4611 2349 4683 in
2382 4610 2540 4666 corda
2581 4627 2851 4667 servorum
2880 4613 2974 4667 Dei
3013 4613 3220 4668 diversa
3262 4627 3452 4683 genera
3487 4610 3871 4683 cogitationum

2296 4681 2556 4745 immittit,
2589 4689 2642 4735 et
2667 4683 2841 4737 omnia
2867 4698 2986 4751 quze
3026 4684 3163 4738 mala
3197 4681 3323 4739 sunt
3351 4684 3403 4736 in
3428 4682 3527 4736 hoc
3551 4681 3758 4735 mundo
3780 4696 3869 4751 cae

2295 4751 2465 4824 duco,
2496 4752 2724 4819 pessimo
2750 4758 2805 4824 et
2847 4750 3107 4824 nefando,
3137 4762 3191 4808 et
3232 4753 3382 4824 quasi
3429 4762 3544 4806 orta
3582 4751 3691 4824 sub
3727 4750 3867 4824 omni

2296 4822 2577 4875 velocitate
2605 4821 2811 4876 transit.
2842 4820 3028 4878 Carnis
3052 4832 3207 4878 etiam
3239 4820 3552 4878 potestatem
3577 4822 3735 4876 habet
3761 4822 3870 4874 dia-

2294 4890 2475 4956 bolus,
2503 4903 2555 4946 et
2597 4908 2700 4946 non
2728 4892 2944 4959 animae,
2995 4894 3203 4948 dicente
3240 4890 3466 4948 Domino
3506 4892 3573 4947 ad
3603 4891 3863 4946 diabolum

2294 4962 2361 5016 de
2385 4961 2540 5018 beato
2566 4961 2705 5033 Job:
2739 4961 2933 5033 Doitibi
2959 4963 3102 5018 illum
3130 4964 3184 5017 in
3211 4972 3479 5033 potestate,
3508 4962 3595 5017 sed
3622 4978 3721 5015 non
3756 4963 3862 5014 ani-

2294 5049 2428 5086 mam
2449 5033 2556 5114 ejus
2579 5030 2698 5114 (Job
2729 5048 2787 5114 tt,
2808 5031 2887 5114 ti);
2908 5033 3044 5087 Caro
3064 5030 3254 5114 misera
3275 5042 3459 5114 gravat
3476 5032 3729 5113 animam,
3747 5044 3864 5088 caro

2294 5052 2428 5086 mam
2449 5052 2556 5157 ἕλκω
2579 5052 2629 5101 (δ
2641 5052 2698 5087 00
2729 5052 2787 5099 ll,
2811 5052 2887 5101 υ).
2908 5052 3044 5087 baro
3064 5052 3254 5088 misera
3275 5052 3459 5114 gravat
3476 5052 3729 5095 annnam,
3747 5052 3859 5088 cam

2294 5118 2422 5174 vaga
2486 5105 2708 5174 emergit
2729 5105 2780 5157 in
2808 5101 3090 5158 infernum.
3114 5103 3251 5158 Caro
3280 5103 3491 5174 mimica
3520 5112 3601 5174 est
3627 5103 3818 5174 animae
3848 5117 3859 5152 :

2294 5172 2410 5243 qua:
2440 5175 2482 5227 si
2512 5172 2721 5229 inimica
2753 5190 2856 5228 non
2883 5184 3054 5241 esset,
3086 5190 3191 5228 non
3218 5172 3865 5243 utiquedilcxissetistius

2294 5241 2472 5301 saeculi
2498 5244 2778 5301 vanitatem
2797 5285 2812 5313 ,
2843 5253 2897 5301 et
2934 5245 3037 5299 vita
3061 5259 3193 5299 vana
3233 5241 3342 5299 non
3381 5241 3669 5299 frueretur.
3693 5241 3741 5299 Ο
3769 5242 3864 5297 vita

2357 5404 2884 5454 uitasset-manens
2918 5414 3031 5453 ana.
3072 5397 3516 5452 circiter400:De
3555 5398 3738 5450 ηιὲκνα
3779 5395 3866 5448 οδω

2292 5465 2436 5529 hujus
2450 5465 2631 5518 siccati.
2670 5473 2721 5515 tu
2741 5464 2943 5529 reliquis
2962 5462 3163 5529 plurima
3187 5460 3477 5529 interpolata
3508 5467 3563 5511 et.
3583 5464 3864 5529 mutitme

2286 5520 2384 5589 jam
2406 5529 2691 5579 monuimus.
2715 5520 2886 5578 Eadem
2906 5520 3012 5575 arte
3031 5523 3215 5575 conﬁcti
3249 5520 3366 5575 sunt
3395 5536 3653 5575 sermne:
3672 5520 3737 5574 63
3752 5555 3771 5585 ,
3790 5520 3862 5582 διν

2290 5590 2369 5651 65,
2395 5590 2456 5639 66
2475 5598 2525 5639 et
2540 5589 2617 5638 67.

2358 5648 2430 5777 Ea;
2464 5658 2527 5721 Es
2560 5652 2699 5766 eﬁibst.
2730 5649 3051 5722 {Columbam
3074 5648 3276 5700 abbatis.

2383 5712 2409 5759 ι»
2468 5713 2564 5763 th.
2661 5713 2761 5765 .dc
2782 5712 3069 5766 Salutartbus
3091 5718 3276 5767 Docutm

2383 5707 2430 5777 ι»)
2468 5713 2564 5763 vid.
2590 5707 2672 5766 lib.
2697 5713 2761 5765 de
2782 5712 3069 5766 Salutaribus
3091 5710 3414 5778 Documentis,
3432 5720 3540 5777 cap.
3563 5707 3645 5764 64.
