  <div class='ocr_page' id='page_1' title='image "/cluster/home/n/w/nwhite01/storage/ocr_20150623/40/hvd.32044096580626/679.png"; bbox 0 0 4120 6196; ppageno 0'>
   <div class='ocr_carea' id='block_1_1' title="bbox 539 264 2356 338">
    <p class='ocr_par' dir='ltr' id='par_1_1' title="bbox 539 264 2356 338">
     <span class='ocr_line' id='line_1_1' title="bbox 539 264 2356 338; baseline 0.004 -25"><span class='ocrx_word' id='word_1_1' title='bbox 539 279 681 338; x_wconf 54' lang='grc' dir='ltr'><strong>,διδ</strong></span> <span class='ocrx_word' id='word_1_2' title='bbox 1987 264 2356 325; x_wconf 78' lang='lat' dir='ltr'><strong>APPENDIX.</strong></span> 
     </span>
    </p>
   </div>
   <div class='ocr_carea' id='block_1_2' title="bbox 539 382 2118 465">
    <p class='ocr_par' dir='ltr' id='par_1_2' title="bbox 539 382 2118 465">
     <span class='ocr_line' id='line_1_2' title="bbox 539 382 2118 465; baseline -0.008 -16"><span class='ocrx_word' id='word_1_3' title='bbox 539 391 866 465; x_wconf 87' lang='lat' dir='ltr'><strong>enimdicit?</strong></span> <span class='ocrx_word' id='word_1_4' title='bbox 896 389 1057 465; x_wconf 79' lang='lat' dir='ltr'><strong>Volui</strong></span> <span class='ocrx_word' id='word_1_5' title='bbox 1077 400 1342 465; x_wconf 81' lang='lat' dir='ltr'><strong>pugnare,</strong></span> <span class='ocrx_word' id='word_1_6' title='bbox 1372 398 1498 465; x_wconf 78' lang='lat' dir='ltr'><strong>caro</strong></span> <span class='ocrx_word' id='word_1_7' title='bbox 1523 383 1722 465; x_wconf 64' lang='lat' dir='ltr'><strong>meajn</strong></span> <span class='ocrx_word' id='word_1_8' title='bbox 1743 382 2118 465; x_wconf 75' lang='lat' dir='ltr'><strong>colluctatione</strong></span> 
     </span>
    </p>
   </div>
   <div class='ocr_carea' id='block_1_3' title="bbox 487 453 2116 529">
    <p class='ocr_par' dir='ltr' id='par_1_3' title="bbox 487 453 2116 529">
     <span class='ocr_line' id='line_1_3' title="bbox 487 453 2116 529; baseline -0.007 -10"><span class='ocrx_word' id='word_1_9' title='bbox 487 477 492 484; x_wconf 87' lang='lat'>&#39;</span> <span class='ocrx_word' id='word_1_10' title='bbox 539 464 762 529; x_wconf 88' lang='lat' dir='ltr'><strong>defecit;</strong></span> <span class='ocrx_word' id='word_1_11' title='bbox 795 479 899 517; x_wconf 93' lang='lat' dir='ltr'><strong>non</strong></span> <span class='ocrx_word' id='word_1_12' title='bbox 925 453 1094 516; x_wconf 57' lang='lat' dir='ltr'><strong>cessit&quot;</strong></span> <span class='ocrx_word' id='word_1_13' title='bbox 1127 453 1335 513; x_wconf 65' lang='lat' dir='ltr'><strong>a&#39;nimus</strong></span> <span class='ocrx_word' id='word_1_14' title='bbox 1356 499 1371 524; x_wconf 93' lang='lat'><strong>,</strong></span> <span class='ocrx_word' id='word_1_15' title='bbox 1402 456 1496 512; x_wconf 91' lang='lat' dir='ltr'><strong>sed</strong></span> <span class='ocrx_word' id='word_1_16' title='bbox 1529 455 1946 529; x_wconf 85' lang='lat' dir='ltr'><strong>cessit_corpus;</strong></span> <span class='ocrx_word' id='word_1_17' title='bbox 1975 453 2116 509; x_wconf 87' lang='lat' dir='ltr'><strong>aliud</strong></span> 
     </span>
    </p>
   </div>
   <div class='ocr_carea' id='block_1_4' title="bbox 488 527 2119 608">
    <p class='ocr_par' dir='ltr' id='par_1_4' title="bbox 488 527 2119 608">
     <span class='ocr_line' id='line_1_4' title="bbox 488 527 2119 608; baseline -0.005 -19"><span class='ocrx_word' id='word_1_18' title='bbox 488 561 492 565; x_wconf 91' lang='lat'><strong><em>-</em></strong></span> <span class='ocrx_word' id='word_1_19' title='bbox 539 548 691 608; x_wconf 80' lang='lat' dir='ltr'><strong>mens</strong></span> <span class='ocrx_word' id='word_1_20' title='bbox 720 527 981 608; x_wconf 71' lang='lat' dir='ltr'><strong>cogitabat</strong></span> <span class='ocrx_word' id='word_1_21' title='bbox 1003 574 1018 598; x_wconf 86' lang='lat'><strong>,</strong></span> <span class='ocrx_word' id='word_1_22' title='bbox 1050 529 1191 608; x_wconf 78' lang='lat' dir='ltr'><strong>aliud</strong></span> <span class='ocrx_word' id='word_1_23' title='bbox 1215 544 1407 608; x_wconf 65' lang='lat' dir='ltr'><strong>corpus</strong></span> <span class='ocrx_word' id='word_1_24' title='bbox 1431 527 1784 608; x_wconf 70' lang='lat' dir='ltr'><strong>eompellebat</strong></span> <span class='ocrx_word' id='word_1_25' title='bbox 1814 534 1912 608; x_wconf 80' lang='lat' dir='ltr'><strong>:_et</strong></span> <span class='ocrx_word' id='word_1_26' title='bbox 1943 535 2119 581; x_wconf 91' lang='lat' dir='ltr'><strong>tamen</strong></span> 
     </span>
    </p>
   </div>
   <div class='ocr_carea' id='block_1_5' title="bbox 541 596 2118 679">
    <p class='ocr_par' dir='ltr' id='par_1_5' title="bbox 541 596 2118 679">
     <span class='ocr_line' id='line_1_5' title="bbox 541 596 2118 679; baseline -0.008 -20"><span class='ocrx_word' id='word_1_27' title='bbox 541 619 650 679; x_wconf 61' lang='lat' dir='ltr'><strong>{gon</strong></span> <span class='ocrx_word' id='word_1_28' title='bbox 677 596 837 679; x_wconf 70' lang='lat' dir='ltr'><strong>habet</strong></span> <span class='ocrx_word' id='word_1_29' title='bbox 878 596 1327 679; x_wconf 54' lang='lat' dir='ltr'><strong>excusationemf</strong></span> <span class='ocrx_word' id='word_1_30' title='bbox 1348 597 1500 653; x_wconf 84' lang='lat' dir='ltr'><strong>Nulla</strong></span> <span class='ocrx_word' id='word_1_31' title='bbox 1529 597 1676 679; x_wconf 70' lang='lat' dir='ltr'><strong>enim</strong></span> <span class='ocrx_word' id='word_1_32' title='bbox 1700 606 1778 679; x_wconf 70' lang='lat' dir='ltr'><strong>est</strong></span> <span class='ocrx_word' id='word_1_33' title='bbox 1811 596 1962 678; x_wconf 77' lang='lat' dir='ltr'><strong>plaga</strong></span> <span class='ocrx_word' id='word_1_34' title='bbox 1996 612 2118 679; x_wconf 52' lang='lat' dir='ltr'><strong>qua?</strong></span> 
     </span>
    </p>
   </div>
   <div class='ocr_carea' id='block_1_6' title="bbox 542 666 2117 739">
    <p class='ocr_par' dir='ltr' id='par_1_6' title="bbox 542 666 2117 739">
     <span class='ocr_line' id='line_1_6' title="bbox 542 666 2117 739; baseline -0.004 -10"><span class='ocrx_word' id='word_1_35' title='bbox 542 673 730 729; x_wconf 86' lang='lat' dir='ltr'><strong>debeat</strong></span> <span class='ocrx_word' id='word_1_36' title='bbox 770 673 837 727; x_wconf 91' lang='lat' dir='ltr'><strong>ab</strong></span> <span class='ocrx_word' id='word_1_37' title='bbox 875 687 1055 726; x_wconf 91' lang='lat' dir='ltr'><strong>amore</strong></span> <span class='ocrx_word' id='word_1_38' title='bbox 1085 671 1278 731; x_wconf 83' lang='lat' dir='ltr'><strong>Christi</strong></span> <span class='ocrx_word' id='word_1_39' title='bbox 1323 682 1611 739; x_wconf 91' lang='lat' dir='ltr'><strong>separare._</strong></span> <span class='ocrx_word' id='word_1_40' title='bbox 1637 666 1774 734; x_wconf 85' lang='lat' dir='ltr'><strong>Quid</strong></span> <span class='ocrx_word' id='word_1_41' title='bbox 1814 667 1962 739; x_wconf 87' lang='lat' dir='ltr'><strong>enim</strong></span> <span class='ocrx_word' id='word_1_42' title='bbox 2019 667 2117 739; x_wconf 92' lang='lat' dir='ltr'><strong>t_ibi</strong></span> 
     </span>
    </p>
   </div>
   <div class='ocr_carea' id='block_1_7' title="bbox 543 736 2118 809">
    <p class='ocr_par' dir='ltr' id='par_1_7' title="bbox 543 736 2118 809">
     <span class='ocr_line' id='line_1_7' title="bbox 543 736 2118 809; baseline -0.005 -10"><span class='ocrx_word' id='word_1_43' title='bbox 543 744 711 799; x_wconf 92' lang='lat' dir='ltr'><strong>dicit?</strong></span> <span class='ocrx_word' id='word_1_44' title='bbox 738 744 848 798; x_wconf 82' lang='lat' dir='ltr'><strong>Hoc</strong></span> <span class='ocrx_word' id='word_1_45' title='bbox 872 751 974 809; x_wconf 89' lang='lat' dir='ltr'><strong>est,</strong></span> <span class='ocrx_word' id='word_1_46' title='bbox 991 742 1043 796; x_wconf 93' lang='lat' dir='ltr'><strong>in</strong></span> <span class='ocrx_word' id='word_1_47' title='bbox 1062 741 1309 796; x_wconf 90' lang='lat' dir='ltr'><strong>incendio</strong></span> <span class='ocrx_word' id='word_1_48' title='bbox 1335 736 1582 806; x_wconf 83' lang='lat' dir='ltr'><strong>ardebas,</strong></span> <span class='ocrx_word' id='word_1_49' title='bbox 1601 737 1652 792; x_wconf 93' lang='lat' dir='ltr'><strong>in</strong></span> <span class='ocrx_word' id='word_1_50' title='bbox 1668 737 1894 809; x_wconf 78' lang='lat' dir='ltr'><strong>equuleo</strong></span> <span class='ocrx_word' id='word_1_51' title='bbox 1915 736 2118 809; x_wconf 80' lang='lat' dir='ltr'><strong>pende-_-</strong></span> 
     </span>
    </p>
   </div>
   <div class='ocr_carea' id='block_1_8' title="bbox 542 807 2118 882">
    <p class='ocr_par' dir='ltr' id='par_1_8' title="bbox 542 807 2118 882">
     <span class='ocr_line' id='line_1_8' title="bbox 542 807 2118 882; baseline -0.003 -15"><span class='ocrx_word' id='word_1_52' title='bbox 542 813 672 879; x_wconf 86' lang='lat' dir='ltr'><strong>bas,</strong></span> <span class='ocrx_word' id='word_1_53' title='bbox 720 822 936 882; x_wconf 79' lang='lat' dir='ltr'><strong>propter</strong></span> <span class='ocrx_word' id='word_1_54' title='bbox 963 807 1059 867; x_wconf 86' lang='lat' dir='ltr'><strong>me</strong></span> <span class='ocrx_word' id='word_1_55' title='bbox 1090 811 1420 882; x_wconf 89' lang='lat' dir='ltr'><strong>torquebaris</strong></span> <span class='ocrx_word' id='word_1_56' title='bbox 1451 818 1549 882; x_wconf 89' lang='lat' dir='ltr'><strong>:_et</strong></span> <span class='ocrx_word' id='word_1_57' title='bbox 1591 809 1756 882; x_wconf 83' lang='lat' dir='ltr'><strong>dicis,</strong></span> <span class='ocrx_word' id='word_1_58' title='bbox 1789 807 1916 882; x_wconf 57' lang='grc' dir='ltr'><strong>ΔΝοει</strong></span> <span class='ocrx_word' id='word_1_59' title='bbox 1968 807 2118 875; x_wconf 92' lang='lat' dir='ltr'><strong>potui</strong></span> 
     </span>
    </p>
   </div>
   <div class='ocr_carea' id='block_1_9' title="bbox 543 827 2115 961">
    <p class='ocr_par' dir='ltr' id='par_1_9' title="bbox 543 827 2115 961">
     <span class='ocr_line' id='line_1_9' title="bbox 543 827 2115 882; baseline -0.004 -15"><span class='ocrx_word' id='word_1_60' title='bbox 543 827 672 879; x_wconf 83' lang='lat' dir='ltr'><strong>nas,</strong></span> <span class='ocrx_word' id='word_1_61' title='bbox 720 827 936 882; x_wconf 88' lang='lat' dir='ltr'><strong>propter</strong></span> <span class='ocrx_word' id='word_1_62' title='bbox 973 828 1059 867; x_wconf 92' lang='lat' dir='ltr'><strong>me</strong></span> <span class='ocrx_word' id='word_1_63' title='bbox 1090 827 1172 866; x_wconf 87' lang='lat' dir='ltr'><strong>tor</strong></span> <span class='ocrx_word' id='word_1_64' title='bbox 1213 827 1420 866; x_wconf 86' lang='lat' dir='ltr'><strong>ueoans</strong></span> <span class='ocrx_word' id='word_1_65' title='bbox 1451 828 1462 864; x_wconf 94' lang='lat'>:</span> <span class='ocrx_word' id='word_1_66' title='bbox 1496 827 1549 864; x_wconf 84' lang='lat' dir='ltr'><strong>et</strong></span> <span class='ocrx_word' id='word_1_67' title='bbox 1591 827 1756 871; x_wconf 86' lang='lat' dir='ltr'><strong>(llClS,</strong></span> <span class='ocrx_word' id='word_1_68' title='bbox 1801 827 1916 862; x_wconf 70' lang='lat' dir='ltr'><strong>non</strong></span> <span class='ocrx_word' id='word_1_69' title='bbox 1968 827 2115 875; x_wconf 72' lang='lat' dir='ltr'><strong>porui</strong></span> 
     </span>
     <span class='ocr_line' id='line_1_10' title="bbox 543 827 2115 961; baseline -0.004 -23"><span class='ocrx_word' id='word_1_70' title='bbox 543 885 1109 961; x_wconf 57' lang='lat' dir='ltr'><strong>sustineeetgrmenta.</strong></span> <span class='ocrx_word' id='word_1_71' title='bbox 1161 827 1228 936; x_wconf 59' lang='lat' dir='ltr'><strong>Igt</strong></span> <span class='ocrx_word' id='word_1_72' title='bbox 1265 879 1533 961; x_wconf 71' lang='lat' dir='ltr'><strong>quomodo</strong></span> <span class='ocrx_word' id='word_1_73' title='bbox 1576 878 1829 961; x_wconf 78' lang='lat' dir='ltr'><strong>sustinuit</strong></span> <span class='ocrx_word' id='word_1_74' title='bbox 1882 879 2115 961; x_wconf 55' lang='lat' dir='ltr'><strong>Petrus,</strong></span> 
     </span>
    </p>
   </div>
   <div class='ocr_carea' id='block_1_10' title="bbox 543 951 2121 1022">
    <p class='ocr_par' dir='ltr' id='par_1_10' title="bbox 543 951 2121 1022">
     <span class='ocr_line' id='line_1_11' title="bbox 543 951 2121 1022; baseline -0.003 -15"><span class='ocrx_word' id='word_1_75' title='bbox 543 953 809 1022; x_wconf 90' lang='lat' dir='ltr'><strong>quomodo</strong></span> <span class='ocrx_word' id='word_1_76' title='bbox 841 953 1064 1018; x_wconf 78' lang='lat' dir='ltr'><strong>Paulus,</strong></span> <span class='ocrx_word' id='word_1_77' title='bbox 1115 951 1381 1022; x_wconf 85' lang='lat' dir='ltr'><strong>quomOdo</strong></span> <span class='ocrx_word' id='word_1_78' title='bbox 1431 951 1610 1005; x_wconf 81' lang='lat' dir='ltr'><strong>e:eteri</strong></span> <span class='ocrx_word' id='word_1_79' title='bbox 1650 957 1915 1022; x_wconf 75' lang='lat' dir='ltr'><strong>martyres</strong></span> <span class='ocrx_word' id='word_1_80' title='bbox 1959 951 2121 1022; x_wconf 75' lang='lat' dir='ltr'><strong>su_sti_-</strong></span> 
     </span>
    </p>
   </div>
   <div class='ocr_carea' id='block_1_11' title="bbox 542 1017 2121 1092">
    <p class='ocr_par' dir='ltr' id='par_1_11' title="bbox 542 1017 2121 1092">
     <span class='ocr_line' id='line_1_12' title="bbox 542 1017 2121 1092; baseline -0.002 -16"><span class='ocrx_word' id='word_1_81' title='bbox 542 1017 772 1077; x_wconf 83' lang='lat' dir='ltr'><strong>nuerunt</strong></span> <span class='ocrx_word' id='word_1_82' title='bbox 791 1024 814 1076; x_wconf 92' lang='lat'><strong>?</strong></span> <span class='ocrx_word' id='word_1_83' title='bbox 833 1025 906 1078; x_wconf 85' lang='lat' dir='ltr'><strong>Ea</strong></span> <span class='ocrx_word' id='word_1_84' title='bbox 935 1017 1234 1078; x_wconf 84' lang='lat' dir='ltr'><strong>habuerunt</strong></span> <span class='ocrx_word' id='word_1_85' title='bbox 1261 1035 1489 1092; x_wconf 88' lang='lat' dir='ltr'><strong>corpora</strong></span> <span class='ocrx_word' id='word_1_86' title='bbox 1518 1029 1715 1092; x_wconf 68' lang='lat' dir='ltr'><strong>quaeet</strong></span> <span class='ocrx_word' id='word_1_87' title='bbox 1741 1017 1803 1073; x_wconf 64' lang='lat' dir='ltr'><strong>tu&#39;</strong></span> <span class='ocrx_word' id='word_1_88' title='bbox 1831 1017 2034 1092; x_wconf 81' lang='lat' dir='ltr'><strong>habes?</strong></span> <span class='ocrx_word' id='word_1_89' title='bbox 2076 1019 2121 1092; x_wconf 74' lang='grc' dir='ltr'>ο</span> 
     </span>
    </p>
   </div>
   <div class='ocr_carea' id='block_1_12' title="bbox 543 1089 2120 1164">
    <p class='ocr_par' dir='ltr' id='par_1_12' title="bbox 543 1089 2120 1164">
     <span class='ocr_line' id='line_1_13' title="bbox 543 1089 2120 1164; baseline -0.003 -16"><span class='ocrx_word' id='word_1_90' title='bbox 543 1094 825 1164; x_wconf 76' lang='lat' dir='ltr'><strong>monacho,</strong></span> <span class='ocrx_word' id='word_1_91' title='bbox 857 1095 945 1164; x_wconf 88' lang='lat' dir='ltr'><strong>qui</strong></span> <span class='ocrx_word' id='word_1_92' title='bbox 969 1093 1229 1163; x_wconf 88' lang='lat' dir='ltr'><strong>jejunium</strong></span> <span class='ocrx_word' id='word_1_93' title='bbox 1259 1089 1612 1164; x_wconf 77' lang='lat' dir='ltr'><strong>fugis._putas</strong></span> <span class='ocrx_word' id='word_1_94' title='bbox 1642 1091 1818 1161; x_wconf 82' lang='lat' dir='ltr'><strong>ignem</strong></span> <span class='ocrx_word' id='word_1_95' title='bbox 1849 1089 2120 1159; x_wconf 71' lang='lat' dir='ltr'><strong>effugere?</strong></span> 
     </span>
    </p>
   </div>
   <div class='ocr_carea' id='block_1_13' title="bbox 545 1162 2120 1233">
    <p class='ocr_par' dir='ltr' id='par_1_13' title="bbox 545 1162 2120 1233">
     <span class='ocr_line' id='line_1_14' title="bbox 545 1162 2120 1233; baseline -0.003 -15"><span class='ocrx_word' id='word_1_96' title='bbox 545 1163 658 1218; x_wconf 85' lang='lat' dir='ltr'><strong>Hoc</strong></span> <span class='ocrx_word' id='word_1_97' title='bbox 686 1179 814 1233; x_wconf 82' lang='lat' dir='ltr'><strong>ergo</strong></span> <span class='ocrx_word' id='word_1_98' title='bbox 840 1162 991 1229; x_wconf 87' lang='lat' dir='ltr'><strong>dico,</strong></span> <span class='ocrx_word' id='word_1_99' title='bbox 1023 1162 1288 1232; x_wconf 78' lang='lat' dir='ltr'><strong>quoniam</strong></span> <span class='ocrx_word' id='word_1_100' title='bbox 1308 1162 1452 1233; x_wconf 72' lang='lat' dir='ltr'><strong>ompi</strong></span> <span class='ocrx_word' id='word_1_101' title='bbox 1483 1170 1721 1233; x_wconf 89' lang='lat' dir='ltr'><strong>tempore</strong></span> <span class='ocrx_word' id='word_1_102' title='bbox 1761 1170 1892 1233; x_wconf 86' lang='lat' dir='ltr'><strong>sunt</strong></span> <span class='ocrx_word' id='word_1_103' title='bbox 1917 1169 2120 1233; x_wconf 67' lang='lat' dir='ltr'><strong>marty-</strong></span> 
     </span>
    </p>
   </div>
   <div class='ocr_carea' id='block_1_14' title="bbox 543 1231 2115 1314">
    <p class='ocr_par' dir='ltr' id='par_1_14' title="bbox 543 1231 2115 1314">
     <span class='ocr_line' id='line_1_15' title="bbox 543 1231 2115 1314; baseline 0 -28"><span class='ocrx_word' id='word_1_104' title='bbox 543 1234 621 1314; x_wconf 73' lang='lat' dir='ltr'><strong>ria</strong></span> <span class='ocrx_word' id='word_1_105' title='bbox 641 1275 657 1301; x_wconf 93' lang='lat'><strong>,</strong></span> <span class='ocrx_word' id='word_1_106' title='bbox 677 1231 807 1314; x_wconf 74' lang='lat' dir='ltr'><strong>sum</strong></span> <span class='ocrx_word' id='word_1_107' title='bbox 824 1245 885 1314; x_wconf 74' lang='lat' dir='ltr'><strong>et</strong></span> <span class='ocrx_word' id='word_1_108' title='bbox 904 1231 1302 1314; x_wconf 74' lang='lat' dir='ltr'><strong>persecutiones</strong></span> <span class='ocrx_word' id='word_1_109' title='bbox 1328 1233 1370 1285; x_wconf 74' lang='grc'><strong>³.</strong></span> <span class='ocrx_word' id='word_1_110' title='bbox 1401 1232 1637 1314; x_wconf 76' lang='lat' dir='ltr'><strong>Denique</strong></span> <span class='ocrx_word' id='word_1_111' title='bbox 1675 1231 1962 1314; x_wconf 81' lang='lat' dir='ltr'><strong>Apostolus</strong></span> <span class='ocrx_word' id='word_1_112' title='bbox 1978 1231 2115 1314; x_wconf 70' lang='lat' dir='ltr'><strong>quid</strong></span> 
     </span>
    </p>
   </div>
   <div class='ocr_carea' id='block_1_15' title="bbox 546 1300 2123 1373">
    <p class='ocr_par' dir='ltr' id='par_1_15' title="bbox 546 1300 2123 1373">
     <span class='ocr_line' id='line_1_16' title="bbox 546 1300 2123 1373; baseline 0.001 -17"><span class='ocrx_word' id='word_1_113' title='bbox 546 1300 782 1373; x_wconf 84' lang='lat' dir='ltr'><strong>loquitur</strong></span> <span class='ocrx_word' id='word_1_114' title='bbox 808 1303 876 1358; x_wconf 91' lang='lat' dir='ltr'><strong>de</strong></span> <span class='ocrx_word' id='word_1_115' title='bbox 903 1300 1075 1357; x_wconf 72' lang='lat' dir='ltr'><strong>viduis</strong></span> <span class='ocrx_word' id='word_1_116' title='bbox 1093 1345 1106 1366; x_wconf 89' lang='lat'><strong>,</strong></span> <span class='ocrx_word' id='word_1_117' title='bbox 1139 1319 1256 1373; x_wconf 85' lang='lat' dir='ltr'><strong>quae</strong></span> <span class='ocrx_word' id='word_1_118' title='bbox 1279 1301 1541 1357; x_wconf 91' lang='lat' dir='ltr'><strong>secundos</strong></span> <span class='ocrx_word' id='word_1_119' title='bbox 1566 1300 1833 1356; x_wconf 79' lang='lat' dir='ltr'><strong>duxerunt</strong></span> <span class='ocrx_word' id='word_1_120' title='bbox 1860 1300 2123 1373; x_wconf 87' lang='lat' dir='ltr'><strong>maritos?</strong></span> 
     </span>
    </p>
   </div>
   <div class='ocr_carea' id='block_1_16' title="bbox 545 1372 2123 1496">
    <p class='ocr_par' dir='ltr' id='par_1_16' title="bbox 545 1372 2123 1496">
     <span class='ocr_line' id='line_1_17' title="bbox 545 1372 2123 1496; baseline 0 -69"><span class='ocrx_word' id='word_1_121' title='bbox 545 1372 682 1456; x_wconf 77' lang='lat' dir='ltr'><strong>Quid</strong></span> <span class='ocrx_word' id='word_1_122' title='bbox 703 1373 872 1428; x_wconf 82' lang='lat' dir='ltr'><strong>dicit?</strong></span> <span class='ocrx_word' id='word_1_123' title='bbox 903 1372 1708 1496; x_wconf 39' lang='lat' dir='ltr'><strong>Habentes;damnationem,(quia</strong></span> <span class='ocrx_word' id='word_1_124' title='bbox 1739 1372 2123 1455; x_wconf 65' lang='lat' dir='ltr'><strong>primam/idem</strong></span> 
     </span>
     <span class='ocr_line' id='line_1_18' title="bbox 546 1441 2123 1496; baseline 0 0"><span class='ocrx_word' id='word_1_125' title='bbox 546 1453 742 1496; x_wconf 74' lang='lat' dir='ltr'><strong>irritam</strong></span> <span class='ocrx_word' id='word_1_126' title='bbox 777 1448 997 1496; x_wconf 80' lang='lat' dir='ltr'><strong>fecerunt</strong></span> <span class='ocrx_word' id='word_1_127' title='bbox 1029 1443 1071 1496; x_wconf 85' lang='lat' dir='ltr'><strong>fl</strong></span> <span class='ocrx_word' id='word_1_128' title='bbox 1097 1443 1233 1496; x_wconf 80' lang='lat' dir='ltr'><strong>Ttm.</strong></span> <span class='ocrx_word' id='word_1_129' title='bbox 1263 1459 1297 1496; x_wconf 77' lang='grc' dir='ltr'><strong>ν</strong></span> <span class='ocrx_word' id='word_1_130' title='bbox 1319 1485 1334 1496; x_wconf 90' lang='grc'><strong>.</strong></span> <span class='ocrx_word' id='word_1_131' title='bbox 1365 1442 1479 1496; x_wconf 69' lang='grc'><strong>12).</strong></span> <span class='ocrx_word' id='word_1_132' title='bbox 1511 1441 1574 1496; x_wconf 80' lang='lat' dir='ltr'><strong>Vt</strong></span> <span class='ocrx_word' id='word_1_133' title='bbox 1617 1457 1697 1496; x_wconf 69' lang='lat' dir='ltr'><strong>um</strong></span> <span class='ocrx_word' id='word_1_134' title='bbox 1716 1443 1842 1496; x_wconf 87' lang='lat' dir='ltr'><strong>uutd</strong></span> <span class='ocrx_word' id='word_1_135' title='bbox 1869 1442 2032 1496; x_wconf 79' lang='lat' dir='ltr'><strong>diett?</strong></span> <span class='ocrx_word' id='word_1_136' title='bbox 2078 1442 2123 1496; x_wconf 91' lang='grc' dir='ltr'><strong>Ο</strong></span> 
     </span>
    </p>
   </div>
   <div class='ocr_carea' id='block_1_17' title="bbox 546 1441 2123 1515">
    <p class='ocr_par' dir='ltr' id='par_1_17' title="bbox 546 1441 2123 1515">
     <span class='ocr_line' id='line_1_19' title="bbox 546 1441 2123 1515; baseline 0.002 -19"><span class='ocrx_word' id='word_1_137' title='bbox 546 1444 742 1515; x_wconf 76' lang='lat' dir='ltr'><strong>irritam</strong></span> <span class='ocrx_word' id='word_1_138' title='bbox 775 1448 997 1515; x_wconf 80' lang='lat' dir='ltr'><strong>fecerunt</strong></span> <span class='ocrx_word' id='word_1_139' title='bbox 1029 1443 1071 1508; x_wconf 91' lang='lat' dir='ltr'><strong>(l</strong></span> <span class='ocrx_word' id='word_1_140' title='bbox 1097 1443 1233 1515; x_wconf 71' lang='lat' dir='ltr'><strong>Tim.</strong></span> <span class='ocrx_word' id='word_1_141' title='bbox 1263 1459 1297 1496; x_wconf 92' lang='lat' dir='ltr'><strong>v</strong></span> <span class='ocrx_word' id='word_1_142' title='bbox 1319 1485 1334 1507; x_wconf 93' lang='lat'><strong>,</strong></span> <span class='ocrx_word' id='word_1_143' title='bbox 1365 1442 1479 1515; x_wconf 73' lang='lat' dir='ltr'><strong>l2).</strong></span> <span class='ocrx_word' id='word_1_144' title='bbox 1511 1441 1697 1496; x_wconf 77' lang='lat' dir='ltr'><strong>Vidute</strong></span> <span class='ocrx_word' id='word_1_145' title='bbox 1713 1441 1842 1515; x_wconf 76' lang='lat' dir='ltr'><strong>quid</strong></span> <span class='ocrx_word' id='word_1_146' title='bbox 1869 1442 2032 1515; x_wconf 73' lang='lat' dir='ltr'><strong>dicit?</strong></span> <span class='ocrx_word' id='word_1_147' title='bbox 2078 1442 2123 1500; x_wconf 90' lang='grc' dir='ltr'><strong>Ο</strong></span> 
     </span>
    </p>
   </div>
   <div class='ocr_carea' id='block_1_18' title="bbox 545 1511 2119 1585">
    <p class='ocr_par' dir='ltr' id='par_1_18' title="bbox 545 1511 2119 1585">
     <span class='ocr_line' id='line_1_20' title="bbox 545 1511 2119 1585; baseline 0.001 -18"><span class='ocrx_word' id='word_1_148' title='bbox 545 1513 704 1585; x_wconf 79' lang='lat' dir='ltr'><strong>vidua</strong></span> <span class='ocrx_word' id='word_1_149' title='bbox 729 1556 744 1580; x_wconf 95' lang='lat'><strong>,</strong></span> <span class='ocrx_word' id='word_1_150' title='bbox 767 1511 1048 1585; x_wconf 86' lang='lat' dir='ltr'><strong>antequam</strong></span> <span class='ocrx_word' id='word_1_151' title='bbox 1079 1513 1206 1568; x_wconf 91' lang='lat' dir='ltr'><strong>mihi</strong></span> <span class='ocrx_word' id='word_1_152' title='bbox 1231 1511 1567 1585; x_wconf 80' lang='lat' dir='ltr'><strong>promitteres</strong></span> <span class='ocrx_word' id='word_1_153' title='bbox 1589 1511 1902 1582; x_wconf 87' lang='lat' dir='ltr'><strong>quodesses</strong></span> <span class='ocrx_word' id='word_1_154' title='bbox 1928 1513 2084 1569; x_wconf 91' lang='lat' dir='ltr'><strong>vidua</strong></span> <span class='ocrx_word' id='word_1_155' title='bbox 2103 1555 2119 1581; x_wconf 93' lang='lat'><strong>,</strong></span> 
     </span>
    </p>
   </div>
   <div class='ocr_carea' id='block_1_19' title="bbox 550 1583 2123 1653">
    <p class='ocr_par' dir='ltr' id='par_1_19' title="bbox 550 1583 2123 1653">
     <span class='ocr_line' id='line_1_21' title="bbox 550 1583 2123 1653; baseline 0.002 -16"><span class='ocrx_word' id='word_1_156' title='bbox 550 1583 604 1637; x_wconf 93' lang='lat' dir='ltr'><strong>in</strong></span> <span class='ocrx_word' id='word_1_157' title='bbox 630 1593 718 1638; x_wconf 88' lang='lat' dir='ltr'><strong>tua</strong></span> <span class='ocrx_word' id='word_1_158' title='bbox 767 1594 880 1640; x_wconf 87' lang='lat' dir='ltr'><strong>erat</strong></span> <span class='ocrx_word' id='word_1_159' title='bbox 912 1583 1195 1653; x_wconf 81' lang='lat' dir='ltr'><strong>potestate</strong></span> <span class='ocrx_word' id='word_1_160' title='bbox 1218 1588 1300 1638; x_wconf 90' lang='lat' dir='ltr'><strong>‘ut</strong></span> <span class='ocrx_word' id='word_1_161' title='bbox 1337 1583 1606 1638; x_wconf 89' lang='lat' dir='ltr'><strong>nuberes:</strong></span> <span class='ocrx_word' id='word_1_162' title='bbox 1637 1598 1702 1638; x_wconf 83' lang='lat' dir='ltr'><strong>ex</strong></span> <span class='ocrx_word' id='word_1_163' title='bbox 1741 1598 1846 1650; x_wconf 90' lang='lat' dir='ltr'><strong>quo</strong></span> <span class='ocrx_word' id='word_1_164' title='bbox 1886 1593 2123 1653; x_wconf 89' lang='lat' dir='ltr'><strong>tempore</strong></span> 
     </span>
    </p>
   </div>
   <div class='ocr_carea' id='block_1_20' title="bbox 549 1654 2122 1723">
    <p class='ocr_par' dir='ltr' id='par_1_20' title="bbox 549 1654 2122 1723">
     <span class='ocr_line' id='line_1_22' title="bbox 549 1654 2122 1723; baseline 0.001 -15"><span class='ocrx_word' id='word_1_165' title='bbox 549 1654 788 1709; x_wconf 90' lang='lat' dir='ltr'><strong>confessa</strong></span> <span class='ocrx_word' id='word_1_166' title='bbox 816 1669 875 1708; x_wconf 93' lang='lat' dir='ltr'><strong>es</strong></span> <span class='ocrx_word' id='word_1_167' title='bbox 898 1664 955 1709; x_wconf 94' lang='lat' dir='ltr'><strong>ut</strong></span> <span class='ocrx_word' id='word_1_168' title='bbox 984 1654 1112 1708; x_wconf 92' lang='lat' dir='ltr'><strong>mihi</strong></span> <span class='ocrx_word' id='word_1_169' title='bbox 1140 1668 1478 1722; x_wconf 88' lang='lat' dir='ltr'><strong>permaneres</strong></span> <span class='ocrx_word' id='word_1_170' title='bbox 1503 1693 1518 1718; x_wconf 85' lang='lat'><strong>,</strong></span> <span class='ocrx_word' id='word_1_171' title='bbox 1542 1668 1609 1707; x_wconf 83' lang='lat' dir='ltr'><strong>ex</strong></span> <span class='ocrx_word' id='word_1_172' title='bbox 1634 1667 1699 1708; x_wconf 91' lang='lat' dir='ltr'><strong>eo</strong></span> <span class='ocrx_word' id='word_1_173' title='bbox 1729 1660 1967 1723; x_wconf 91' lang='lat' dir='ltr'><strong>tempore</strong></span> <span class='ocrx_word' id='word_1_174' title='bbox 2005 1669 2122 1710; x_wconf 88' lang='lat' dir='ltr'><strong>mea</strong></span> 
     </span>
    </p>
   </div>
   <div class='ocr_carea' id='block_1_21' title="bbox 550 1723 2118 1795">
    <p class='ocr_par' dir='ltr' id='par_1_21' title="bbox 550 1723 2118 1795">
     <span class='ocr_line' id='line_1_23' title="bbox 550 1723 2118 1795; baseline 0.001 -17"><span class='ocrx_word' id='word_1_175' title='bbox 550 1738 670 1778; x_wconf 90' lang='lat' dir='ltr'><strong>esse</strong></span> <span class='ocrx_word' id='word_1_176' title='bbox 689 1725 929 1795; x_wconf 71' lang='lat' dir='ltr'><strong>cmpisti;</strong></span> <span class='ocrx_word' id='word_1_177' title='bbox 962 1726 1006 1779; x_wconf 91' lang='lat' dir='ltr'><strong>si</strong></span> <span class='ocrx_word' id='word_1_178' title='bbox 1036 1724 1268 1795; x_wconf 89' lang='lat' dir='ltr'><strong>volueris</strong></span> <span class='ocrx_word' id='word_1_179' title='bbox 1291 1723 1589 1795; x_wconf 86' lang='lat' dir='ltr'><strong>secundum</strong></span> <span class='ocrx_word' id='word_1_180' title='bbox 1613 1724 1858 1795; x_wconf 80' lang='lat' dir='ltr'><strong>maritum</strong></span> <span class='ocrx_word' id='word_1_181' title='bbox 1886 1724 2080 1795; x_wconf 90' lang='lat' dir='ltr'><strong>ducere</strong></span> <span class='ocrx_word' id='word_1_182' title='bbox 2103 1767 2118 1790; x_wconf 91' lang='lat'><strong>,</strong></span> 
     </span>
    </p>
   </div>
   <div class='ocr_carea' id='block_1_22' title="bbox 551 1793 2123 1865">
    <p class='ocr_par' dir='ltr' id='par_1_22' title="bbox 551 1793 2123 1865">
     <span class='ocr_line' id='line_1_24' title="bbox 551 1793 2123 1865; baseline 0.002 -18"><span class='ocrx_word' id='word_1_183' title='bbox 551 1808 638 1849; x_wconf 91' lang='lat' dir='ltr'><strong>me</strong></span> <span class='ocrx_word' id='word_1_184' title='bbox 666 1793 1067 1865; x_wconf 84' lang='lat' dir='ltr'><strong>contempsisti,</strong></span> <span class='ocrx_word' id='word_1_185' title='bbox 1095 1794 1334 1865; x_wconf 90' lang='lat' dir='ltr'><strong>adultera</strong></span> <span class='ocrx_word' id='word_1_186' title='bbox 1375 1808 1434 1848; x_wconf 91' lang='lat' dir='ltr'><strong>es</strong></span> <span class='ocrx_word' id='word_1_187' title='bbox 1454 1835 1469 1860; x_wconf 96' lang='lat'><strong>,</strong></span> <span class='ocrx_word' id='word_1_188' title='bbox 1505 1793 1625 1864; x_wconf 85' lang='lat' dir='ltr'><strong>quia</strong></span> <span class='ocrx_word' id='word_1_189' title='bbox 1654 1793 1779 1847; x_wconf 92' lang='lat' dir='ltr'><strong>mihi</strong></span> <span class='ocrx_word' id='word_1_190' title='bbox 1805 1793 1913 1863; x_wconf 90' lang='lat' dir='ltr'><strong>jam</strong></span> <span class='ocrx_word' id='word_1_191' title='bbox 1939 1794 2123 1862; x_wconf 86' lang='lat' dir='ltr'><strong>juncta</strong></span> 
     </span>
    </p>
   </div>
   <div class='ocr_carea' id='block_1_23' title="bbox 550 1864 2123 1933">
    <p class='ocr_par' dir='ltr' id='par_1_23' title="bbox 550 1864 2123 1933">
     <span class='ocr_line' id='line_1_25' title="bbox 550 1864 2123 1933; baseline 0.001 -14"><span class='ocrx_word' id='word_1_192' title='bbox 550 1878 670 1920; x_wconf 89' lang='lat' dir='ltr'><strong>cras</strong></span> <span class='ocrx_word' id='word_1_193' title='bbox 692 1867 733 1918; x_wconf 79' lang='grc'><strong>⁸.</strong></span> <span class='ocrx_word' id='word_1_194' title='bbox 766 1865 855 1920; x_wconf 90' lang='lat' dir='ltr'><strong>Sic</strong></span> <span class='ocrx_word' id='word_1_195' title='bbox 883 1864 936 1920; x_wconf 89' lang='lat' dir='ltr'><strong>et</strong></span> <span class='ocrx_word' id='word_1_196' title='bbox 959 1875 1014 1919; x_wconf 94' lang='lat' dir='ltr'><strong>tu</strong></span> <span class='ocrx_word' id='word_1_197' title='bbox 1039 1864 1298 1920; x_wconf 91' lang='lat' dir='ltr'><strong>monache</strong></span> <span class='ocrx_word' id='word_1_198' title='bbox 1316 1903 1331 1931; x_wconf 86' lang='lat'><strong>,</strong></span> <span class='ocrx_word' id='word_1_199' title='bbox 1359 1873 1642 1933; x_wconf 87' lang='lat' dir='ltr'><strong>antequam</strong></span> <span class='ocrx_word' id='word_1_200' title='bbox 1679 1865 2038 1931; x_wconf 86' lang='lat' dir='ltr'><strong>promitteres,</strong></span> <span class='ocrx_word' id='word_1_201' title='bbox 2067 1867 2123 1920; x_wconf 91' lang='lat' dir='ltr'><strong>in</strong></span> 
     </span>
    </p>
   </div>
   <div class='ocr_carea' id='block_1_24' title="bbox 551 1933 2121 2006">
    <p class='ocr_par' dir='ltr' id='par_1_24' title="bbox 551 1933 2121 2006">
     <span class='ocr_line' id='line_1_26' title="bbox 551 1933 2121 2006; baseline 0.001 -18"><span class='ocrx_word' id='word_1_202' title='bbox 551 1941 640 2006; x_wconf 87' lang='lat' dir='ltr'><strong>tua</strong></span> <span class='ocrx_word' id='word_1_203' title='bbox 665 1945 778 1990; x_wconf 90' lang='lat' dir='ltr'><strong>erat</strong></span> <span class='ocrx_word' id='word_1_204' title='bbox 806 1943 1070 2006; x_wconf 85' lang='lat' dir='ltr'><strong>potestate</strong></span> <span class='ocrx_word' id='word_1_205' title='bbox 1093 1934 1266 1990; x_wconf 88' lang='lat' dir='ltr'><strong>facere</strong></span> <span class='ocrx_word' id='word_1_206' title='bbox 1287 1933 1435 2006; x_wconf 17' lang='lat' dir='ltr'><strong>quod,</strong></span> <span class='ocrx_word' id='word_1_207' title='bbox 1457 1934 1692 2006; x_wconf 67' lang='lat' dir='ltr'><strong>velebas.</strong></span> <span class='ocrx_word' id='word_1_208' title='bbox 1717 1933 1844 2006; x_wconf 22' lang='lat' dir='ltr'><strong>AVox</strong></span> <span class='ocrx_word' id='word_1_209' title='bbox 1875 1944 1960 1989; x_wconf 92' lang='lat' dir='ltr'><strong>tua</strong></span> <span class='ocrx_word' id='word_1_210' title='bbox 1987 1936 2121 2006; x_wconf 88' lang='lat' dir='ltr'><strong>liga-</strong></span> 
     </span>
    </p>
   </div>
   <div class='ocr_carea' id='block_1_25' title="bbox 549 2003 2123 2074">
    <p class='ocr_par' dir='ltr' id='par_1_25' title="bbox 549 2003 2123 2074">
     <span class='ocr_line' id='line_1_27' title="bbox 549 2003 2123 2074; baseline 0.003 -17"><span class='ocrx_word' id='word_1_211' title='bbox 549 2005 626 2074; x_wconf 82' lang='lat' dir='ltr'><strong>vit</strong></span> <span class='ocrx_word' id='word_1_212' title='bbox 654 2013 704 2059; x_wconf 93' lang='lat' dir='ltr'><strong>te</strong></span> <span class='ocrx_word' id='word_1_213' title='bbox 730 2003 859 2059; x_wconf 79' lang='lat' dir='ltr'><strong>mihi</strong></span> <span class='ocrx_word' id='word_1_214' title='bbox 890 2023 902 2059; x_wconf 94' lang='lat'>:</span> <span class='ocrx_word' id='word_1_215' title='bbox 932 2006 1050 2074; x_wconf 91' lang='lat' dir='ltr'><strong>quis</strong></span> <span class='ocrx_word' id='word_1_216' title='bbox 1071 2014 1125 2060; x_wconf 92' lang='lat' dir='ltr'><strong>te</strong></span> <span class='ocrx_word' id='word_1_217' title='bbox 1150 2005 1442 2072; x_wconf 90' lang='lat' dir='ltr'><strong>compulit?</strong></span> <span class='ocrx_word' id='word_1_218' title='bbox 1469 2003 1732 2073; x_wconf 88' lang='lat' dir='ltr'><strong>Numquid</strong></span> <span class='ocrx_word' id='word_1_219' title='bbox 1752 2003 2123 2061; x_wconf 79' lang='lat' dir='ltr'><strong>necessitatem</strong></span> 
     </span>
    </p>
   </div>
   <div class='ocr_carea' id='block_1_26' title="bbox 551 2073 2122 2144">
    <p class='ocr_par' dir='ltr' id='par_1_26' title="bbox 551 2073 2122 2144">
     <span class='ocr_line' id='line_1_28' title="bbox 551 2073 2122 2144; baseline 0.002 -16"><span class='ocrx_word' id='word_1_220' title='bbox 551 2073 697 2129; x_wconf 90' lang='lat' dir='ltr'><strong>feci?</strong></span> <span class='ocrx_word' id='word_1_221' title='bbox 729 2075 914 2129; x_wconf 88' lang='lat' dir='ltr'><strong>Nonne</strong></span> <span class='ocrx_word' id='word_1_222' title='bbox 937 2073 1071 2129; x_wconf 86' lang='lat' dir='ltr'><strong>liber</strong></span> <span class='ocrx_word' id='word_1_223' title='bbox 1094 2074 1254 2130; x_wconf 91' lang='lat' dir='ltr'><strong>eras?</strong></span> <span class='ocrx_word' id='word_1_224' title='bbox 1283 2075 1339 2128; x_wconf 85' lang='lat' dir='ltr'><strong>In</strong></span> <span class='ocrx_word' id='word_1_225' title='bbox 1367 2082 1626 2144; x_wconf 84' lang='lat' dir='ltr'><strong>potestate</strong></span> <span class='ocrx_word' id='word_1_226' title='bbox 1651 2083 1736 2128; x_wconf 90' lang='lat' dir='ltr'><strong>tua</strong></span> <span class='ocrx_word' id='word_1_227' title='bbox 1785 2075 1878 2128; x_wconf 88' lang='lat' dir='ltr'><strong>fuit</strong></span> <span class='ocrx_word' id='word_1_228' title='bbox 1905 2077 2122 2144; x_wconf 90' lang='lat' dir='ltr'><strong>promit-</strong></span> 
     </span>
    </p>
   </div>
   <div class='ocr_carea' id='block_1_27' title="bbox 551 2144 2125 2213">
    <p class='ocr_par' dir='ltr' id='par_1_27' title="bbox 551 2144 2125 2213">
     <span class='ocr_line' id='line_1_29' title="bbox 551 2144 2125 2213; baseline 0.002 -14"><span class='ocrx_word' id='word_1_229' title='bbox 551 2151 685 2200; x_wconf 89' lang='lat' dir='ltr'><strong>tere.</strong></span> <span class='ocrx_word' id='word_1_230' title='bbox 717 2145 1009 2199; x_wconf 87' lang='lat' dir='ltr'><strong>Promisisti</strong></span> <span class='ocrx_word' id='word_1_231' title='bbox 1032 2187 1045 2208; x_wconf 97' lang='lat'><strong>,</strong></span> <span class='ocrx_word' id='word_1_232' title='bbox 1076 2160 1227 2199; x_wconf 91' lang='lat' dir='ltr'><strong>meus</strong></span> <span class='ocrx_word' id='word_1_233' title='bbox 1257 2159 1378 2200; x_wconf 91' lang='lat' dir='ltr'><strong>esse</strong></span> <span class='ocrx_word' id='word_1_234' title='bbox 1405 2144 1614 2213; x_wconf 86' lang='lat' dir='ltr'><strong>coepisti</strong></span> <span class='ocrx_word' id='word_1_235' title='bbox 1647 2162 1658 2195; x_wconf 92' lang='lat'><strong>:</strong></span> <span class='ocrx_word' id='word_1_236' title='bbox 1691 2159 1867 2198; x_wconf 90' lang='lat' dir='ltr'><strong>meum</strong></span> <span class='ocrx_word' id='word_1_237' title='bbox 1898 2147 2022 2201; x_wconf 93' lang='lat' dir='ltr'><strong>nolo</strong></span> <span class='ocrx_word' id='word_1_238' title='bbox 2051 2147 2125 2202; x_wconf 92' lang='lat' dir='ltr'><strong>di-</strong></span> 
     </span>
    </p>
   </div>
   <div class='ocr_carea' id='block_1_28' title="bbox 551 2214 2120 2284">
    <p class='ocr_par' dir='ltr' id='par_1_28' title="bbox 551 2214 2120 2284">
     <span class='ocr_line' id='line_1_30' title="bbox 551 2214 2120 2284; baseline 0.001 -14"><span class='ocrx_word' id='word_1_239' title='bbox 551 2214 803 2279; x_wconf 87' lang='lat' dir='ltr'><strong>mittere;</strong></span> <span class='ocrx_word' id='word_1_240' title='bbox 853 2229 961 2270; x_wconf 92' lang='lat' dir='ltr'><strong>non</strong></span> <span class='ocrx_word' id='word_1_241' title='bbox 1000 2215 1092 2270; x_wconf 90' lang='lat' dir='ltr'><strong>tibi</strong></span> <span class='ocrx_word' id='word_1_242' title='bbox 1134 2215 1259 2270; x_wconf 90' lang='lat' dir='ltr'><strong>licet</strong></span> <span class='ocrx_word' id='word_1_243' title='bbox 1300 2214 1566 2270; x_wconf 87' lang='lat' dir='ltr'><strong>dimittere</strong></span> <span class='ocrx_word' id='word_1_244' title='bbox 1594 2215 1733 2284; x_wconf 92' lang='lat' dir='ltr'><strong>quod</strong></span> <span class='ocrx_word' id='word_1_245' title='bbox 1781 2215 2120 2283; x_wconf 86' lang='lat' dir='ltr'><strong>promiseras.</strong></span> 
     </span>
    </p>
   </div>
   <div class='ocr_carea' id='block_1_29' title="bbox 552 2284 2124 2349">
    <p class='ocr_par' dir='ltr' id='par_1_29' title="bbox 552 2284 2124 2349">
     <span class='ocr_line' id='line_1_31' title="bbox 552 2284 2124 2349; baseline 0.003 -10"><span class='ocrx_word' id='word_1_246' title='bbox 552 2285 872 2341; x_wconf 87' lang='lat' dir='ltr'><strong>Promittere</strong></span> <span class='ocrx_word' id='word_1_247' title='bbox 894 2296 1040 2340; x_wconf 91' lang='lat' dir='ltr'><strong>tuum</strong></span> <span class='ocrx_word' id='word_1_248' title='bbox 1064 2284 1192 2349; x_wconf 88' lang='lat' dir='ltr'><strong>fuit,</strong></span> <span class='ocrx_word' id='word_1_249' title='bbox 1222 2285 1496 2340; x_wconf 91' lang='lat' dir='ltr'><strong>dimittere</strong></span> <span class='ocrx_word' id='word_1_250' title='bbox 1526 2299 1631 2339; x_wconf 93' lang='lat' dir='ltr'><strong>non</strong></span> <span class='ocrx_word' id='word_1_251' title='bbox 1653 2295 1733 2339; x_wconf 91' lang='lat' dir='ltr'><strong>est</strong></span> <span class='ocrx_word' id='word_1_252' title='bbox 1757 2293 1922 2340; x_wconf 91' lang='lat' dir='ltr'><strong>tuum.</strong></span> <span class='ocrx_word' id='word_1_253' title='bbox 1957 2286 2012 2342; x_wconf 92' lang='lat' dir='ltr'><strong>Si</strong></span> <span class='ocrx_word' id='word_1_254' title='bbox 2038 2303 2124 2344; x_wconf 90' lang='lat' dir='ltr'><strong>me</strong></span> 
     </span>
    </p>
   </div>
   <div class='ocr_carea' id='block_1_30' title="bbox 552 2354 2124 2426">
    <p class='ocr_par' dir='ltr' id='par_1_30' title="bbox 552 2354 2124 2426">
     <span class='ocr_line' id='line_1_32' title="bbox 552 2354 2124 2426; baseline 0.003 -17"><span class='ocrx_word' id='word_1_255' title='bbox 552 2354 819 2426; x_wconf 84' lang='lat' dir='ltr'><strong>dimiseris</strong></span> <span class='ocrx_word' id='word_1_256' title='bbox 845 2397 860 2420; x_wconf 95' lang='lat'><strong>,</strong></span> <span class='ocrx_word' id='word_1_257' title='bbox 893 2371 997 2410; x_wconf 94' lang='lat' dir='ltr'><strong>non</strong></span> <span class='ocrx_word' id='word_1_258' title='bbox 1027 2354 1198 2410; x_wconf 85' lang='lat' dir='ltr'><strong>habeo</strong></span> <span class='ocrx_word' id='word_1_259' title='bbox 1229 2364 1279 2410; x_wconf 92' lang='lat' dir='ltr'><strong>te</strong></span> <span class='ocrx_word' id='word_1_260' title='bbox 1326 2356 1378 2410; x_wconf 92' lang='lat' dir='ltr'><strong>in</strong></span> <span class='ocrx_word' id='word_1_261' title='bbox 1405 2370 1470 2410; x_wconf 92' lang='lat' dir='ltr'><strong>eo</strong></span> <span class='ocrx_word' id='word_1_262' title='bbox 1494 2355 1697 2426; x_wconf 78' lang='lat' dir='ltr'><strong>gradu,</strong></span> <span class='ocrx_word' id='word_1_263' title='bbox 1746 2355 1797 2409; x_wconf 93' lang='lat' dir='ltr'><strong>in</strong></span> <span class='ocrx_word' id='word_1_264' title='bbox 1848 2371 1952 2424; x_wconf 94' lang='lat' dir='ltr'><strong>quo</strong></span> <span class='ocrx_word' id='word_1_265' title='bbox 1980 2358 2124 2426; x_wconf 90' lang='lat' dir='ltr'><strong>prius</strong></span> 
     </span>
    </p>
   </div>
   <div class='ocr_carea' id='block_1_31' title="bbox 551 2425 2125 2496">
    <p class='ocr_par' dir='ltr' id='par_1_31' title="bbox 551 2425 2125 2496">
     <span class='ocr_line' id='line_1_33' title="bbox 551 2425 2125 2496; baseline 0.002 -17"><span class='ocrx_word' id='word_1_266' title='bbox 551 2425 734 2481; x_wconf 85' lang='lat' dir='ltr'><strong>habui.</strong></span> <span class='ocrx_word' id='word_1_267' title='bbox 775 2427 1012 2481; x_wconf 88' lang='lat' dir='ltr'><strong>Primum</strong></span> <span class='ocrx_word' id='word_1_268' title='bbox 1063 2426 1198 2482; x_wconf 90' lang='lat' dir='ltr'><strong>liber</strong></span> <span class='ocrx_word' id='word_1_269' title='bbox 1223 2440 1376 2496; x_wconf 89' lang='lat' dir='ltr'><strong>eras,</strong></span> <span class='ocrx_word' id='word_1_270' title='bbox 1406 2425 1524 2480; x_wconf 89' lang='lat' dir='ltr'><strong>eras</strong></span> <span class='ocrx_word' id='word_1_271' title='bbox 1563 2425 1774 2496; x_wconf 90' lang='lat' dir='ltr'><strong>quidem</strong></span> <span class='ocrx_word' id='word_1_272' title='bbox 1817 2425 1884 2480; x_wconf 92' lang='lat' dir='ltr'><strong>de</strong></span> <span class='ocrx_word' id='word_1_273' title='bbox 1925 2425 2125 2482; x_wconf 83' lang='lat' dir='ltr'><strong>familia</strong></span> 
     </span>
    </p>
   </div>
   <div class='ocr_carea' id='block_1_32' title="bbox 549 2495 2124 2562">
    <p class='ocr_par' dir='ltr' id='par_1_32' title="bbox 549 2495 2124 2562">
     <span class='ocr_line' id='line_1_34' title="bbox 549 2495 2124 2562; baseline 0.003 -12"><span class='ocrx_word' id='word_1_274' title='bbox 549 2510 669 2552; x_wconf 88' lang='lat' dir='ltr'><strong>mea</strong></span> <span class='ocrx_word' id='word_1_275' title='bbox 699 2515 712 2551; x_wconf 87' lang='lat'><strong>:</strong></span> <span class='ocrx_word' id='word_1_276' title='bbox 737 2511 842 2551; x_wconf 92' lang='lat' dir='ltr'><strong>non</strong></span> <span class='ocrx_word' id='word_1_277' title='bbox 865 2511 985 2553; x_wconf 91' lang='lat' dir='ltr'><strong>eras</strong></span> <span class='ocrx_word' id='word_1_278' title='bbox 1007 2505 1130 2551; x_wconf 89' lang='lat' dir='ltr'><strong>ante</strong></span> <span class='ocrx_word' id='word_1_279' title='bbox 1155 2495 1338 2551; x_wconf 92' lang='lat' dir='ltr'><strong>oculos</strong></span> <span class='ocrx_word' id='word_1_280' title='bbox 1355 2511 1500 2550; x_wconf 90' lang='lat' dir='ltr'><strong>meos</strong></span> <span class='ocrx_word' id='word_1_281' title='bbox 1519 2538 1534 2562; x_wconf 93' lang='lat'><strong>,</strong></span> <span class='ocrx_word' id='word_1_282' title='bbox 1562 2495 1666 2550; x_wconf 92' lang='lat' dir='ltr'><strong>non</strong></span> <span class='ocrx_word' id='word_1_283' title='bbox 1696 2511 1815 2550; x_wconf 92' lang='lat' dir='ltr'><strong>eras</strong></span> <span class='ocrx_word' id='word_1_284' title='bbox 1866 2497 1934 2553; x_wconf 90' lang='lat' dir='ltr'><strong>de</strong></span> <span class='ocrx_word' id='word_1_285' title='bbox 1963 2498 2124 2553; x_wconf 92' lang='lat' dir='ltr'><strong>mini-</strong></span> 
     </span>
    </p>
   </div>
   <div class='ocr_carea' id='block_1_33' title="bbox 551 2565 2124 2634">
    <p class='ocr_par' dir='ltr' id='par_1_33' title="bbox 551 2565 2124 2634">
     <span class='ocr_line' id='line_1_35' title="bbox 551 2565 2124 2634; baseline 0.004 -14"><span class='ocrx_word' id='word_1_286' title='bbox 551 2567 679 2621; x_wconf 87' lang='lat' dir='ltr'><strong>stris</strong></span> <span class='ocrx_word' id='word_1_287' title='bbox 705 2567 837 2622; x_wconf 89' lang='lat' dir='ltr'><strong>meis</strong></span> <span class='ocrx_word' id='word_1_288' title='bbox 856 2608 871 2634; x_wconf 97' lang='lat'><strong>,</strong></span> <span class='ocrx_word' id='word_1_289' title='bbox 899 2567 993 2623; x_wconf 91' lang='lat' dir='ltr'><strong>sed</strong></span> <span class='ocrx_word' id='word_1_290' title='bbox 1019 2576 1196 2622; x_wconf 89' lang='lat' dir='ltr'><strong>tamen</strong></span> <span class='ocrx_word' id='word_1_291' title='bbox 1218 2565 1284 2621; x_wconf 90' lang='lat' dir='ltr'><strong>de</strong></span> <span class='ocrx_word' id='word_1_292' title='bbox 1323 2565 1520 2620; x_wconf 83' lang='lat' dir='ltr'><strong>familia</strong></span> <span class='ocrx_word' id='word_1_293' title='bbox 1550 2581 1665 2621; x_wconf 90' lang='lat' dir='ltr'><strong>mea</strong></span> <span class='ocrx_word' id='word_1_294' title='bbox 1693 2581 1844 2630; x_wconf 86' lang='lat' dir='ltr'><strong>eras;</strong></span> <span class='ocrx_word' id='word_1_295' title='bbox 1875 2584 1978 2622; x_wconf 91' lang='lat' dir='ltr'><strong>non</strong></span> <span class='ocrx_word' id='word_1_296' title='bbox 2005 2585 2124 2626; x_wconf 87' lang='lat' dir='ltr'><strong>eras</strong></span> 
     </span>
    </p>
   </div>
   <div class='ocr_carea' id='block_1_34' title="bbox 551 2636 2121 2706">
    <p class='ocr_par' dir='ltr' id='par_1_34' title="bbox 551 2636 2121 2706">
     <span class='ocr_line' id='line_1_36' title="bbox 551 2636 2121 2706; baseline 0.002 -14"><span class='ocrx_word' id='word_1_297' title='bbox 551 2651 760 2692; x_wconf 89' lang='lat' dir='ltr'><strong>meeum</strong></span> <span class='ocrx_word' id='word_1_298' title='bbox 778 2679 793 2704; x_wconf 89' lang='lat'><strong>,</strong></span> <span class='ocrx_word' id='word_1_299' title='bbox 826 2637 918 2692; x_wconf 91' lang='lat' dir='ltr'><strong>sed</strong></span> <span class='ocrx_word' id='word_1_300' title='bbox 943 2646 1118 2692; x_wconf 88' lang='lat' dir='ltr'><strong>tamen</strong></span> <span class='ocrx_word' id='word_1_301' title='bbox 1143 2651 1292 2692; x_wconf 91' lang='lat' dir='ltr'><strong>meus</strong></span> <span class='ocrx_word' id='word_1_302' title='bbox 1314 2651 1454 2692; x_wconf 89' lang='lat' dir='ltr'><strong>eras.</strong></span> <span class='ocrx_word' id='word_1_303' title='bbox 1478 2636 1564 2706; x_wconf 79' lang='lat' dir='ltr'><strong>Ex</strong></span> <span class='ocrx_word' id='word_1_304' title='bbox 1589 2653 1694 2706; x_wconf 93' lang='lat' dir='ltr'><strong>quo</strong></span> <span class='ocrx_word' id='word_1_305' title='bbox 1737 2637 1863 2690; x_wconf 92' lang='lat' dir='ltr'><strong>mihi</strong></span> <span class='ocrx_word' id='word_1_306' title='bbox 1893 2639 2121 2696; x_wconf 88' lang='lat' dir='ltr'><strong>militare</strong></span> 
     </span>
    </p>
   </div>
   <div class='ocr_carea' id='block_1_35' title="bbox 549 2705 2122 2776">
    <p class='ocr_par' dir='ltr' id='par_1_35' title="bbox 549 2705 2122 2776">
     <span class='ocr_line' id='line_1_37' title="bbox 549 2705 2122 2776; baseline 0.003 -15"><span class='ocrx_word' id='word_1_307' title='bbox 549 2709 756 2776; x_wconf 67' lang='lat' dir='ltr'><strong>coepisti</strong></span> <span class='ocrx_word' id='word_1_308' title='bbox 783 2749 798 2772; x_wconf 82' lang='lat'><strong>,</strong></span> <span class='ocrx_word' id='word_1_309' title='bbox 843 2708 888 2762; x_wconf 90' lang='lat' dir='ltr'><strong>si</strong></span> <span class='ocrx_word' id='word_1_310' title='bbox 926 2707 1213 2762; x_wconf 90' lang='lat' dir='ltr'><strong>recesseris</strong></span> <span class='ocrx_word' id='word_1_311' title='bbox 1233 2747 1249 2774; x_wconf 91' lang='lat'><strong>,</strong></span> <span class='ocrx_word' id='word_1_312' title='bbox 1278 2722 1382 2760; x_wconf 93' lang='lat' dir='ltr'><strong>non</strong></span> <span class='ocrx_word' id='word_1_313' title='bbox 1407 2705 1577 2761; x_wconf 89' lang='lat' dir='ltr'><strong>habeo</strong></span> <span class='ocrx_word' id='word_1_314' title='bbox 1608 2705 1658 2762; x_wconf 88' lang='lat' dir='ltr'><strong>te</strong></span> <span class='ocrx_word' id='word_1_315' title='bbox 1678 2706 1745 2760; x_wconf 91' lang='lat' dir='ltr'><strong>de</strong></span> <span class='ocrx_word' id='word_1_316' title='bbox 1772 2707 1998 2773; x_wconf 89' lang='lat' dir='ltr'><strong>familia,</strong></span> <span class='ocrx_word' id='word_1_317' title='bbox 2028 2711 2122 2764; x_wconf 92' lang='lat' dir='ltr'><strong>sed</strong></span> 
     </span>
    </p>
   </div>
   <div class='ocr_carea' id='block_1_36' title="bbox 549 2776 2121 2848">
    <p class='ocr_par' dir='ltr' id='par_1_36' title="bbox 549 2776 2121 2848">
     <span class='ocr_line' id='line_1_38' title="bbox 549 2776 2121 2848; baseline 0.003 -18"><span class='ocrx_word' id='word_1_318' title='bbox 549 2782 697 2845; x_wconf 88' lang='lat' dir='ltr'><strong>quasi</strong></span> <span class='ocrx_word' id='word_1_319' title='bbox 729 2777 1025 2848; x_wconf 86' lang='lat' dir='ltr'><strong>fugitivum.</strong></span> <span class='ocrx_word' id='word_1_320' title='bbox 1059 2777 1169 2832; x_wconf 85' lang='lat' dir='ltr'><strong>lloc</strong></span> <span class='ocrx_word' id='word_1_321' title='bbox 1195 2786 1362 2832; x_wconf 92' lang='lat' dir='ltr'><strong>totum</strong></span> <span class='ocrx_word' id='word_1_322' title='bbox 1382 2792 1556 2848; x_wconf 83' lang='lat' dir='ltr'><strong>quare</strong></span> <span class='ocrx_word' id='word_1_323' title='bbox 1585 2776 1739 2848; x_wconf 80' lang='lat' dir='ltr'><strong>dico?</strong></span> <span class='ocrx_word' id='word_1_324' title='bbox 1783 2777 2039 2848; x_wconf 85' lang='lat' dir='ltr'><strong>Quoniam</strong></span> <span class='ocrx_word' id='word_1_325' title='bbox 2069 2780 2121 2834; x_wconf 92' lang='lat' dir='ltr'><strong>in</strong></span> 
     </span>
    </p>
   </div>
   <div class='ocr_carea' id='block_1_37' title="bbox 549 2846 2125 2916">
    <p class='ocr_par' dir='ltr' id='par_1_37' title="bbox 549 2846 2125 2916">
     <span class='ocr_line' id='line_1_39' title="bbox 549 2846 2125 2916; baseline 0.004 -18"><span class='ocrx_word' id='word_1_326' title='bbox 549 2857 732 2916; x_wconf 88' lang='lat' dir='ltr'><strong>nostra</strong></span> <span class='ocrx_word' id='word_1_327' title='bbox 759 2846 876 2902; x_wconf 79' lang='lat' dir='ltr'><strong>erat</strong></span> <span class='ocrx_word' id='word_1_328' title='bbox 919 2856 1179 2916; x_wconf 90' lang='lat' dir='ltr'><strong>potestate</strong></span> <span class='ocrx_word' id='word_1_329' title='bbox 1223 2847 1532 2915; x_wconf 89' lang='lat' dir='ltr'><strong>promittere</strong></span> <span class='ocrx_word' id='word_1_330' title='bbox 1583 2846 1889 2916; x_wconf 77' lang='lat' dir='ltr'><strong>servitutem</strong></span> <span class='ocrx_word' id='word_1_331' title='bbox 1937 2847 2029 2902; x_wconf 90' lang='lat' dir='ltr'><strong>Dei</strong></span> <span class='ocrx_word' id='word_1_332' title='bbox 2070 2859 2125 2905; x_wconf 88' lang='lat' dir='ltr'><strong>et</strong></span> 
     </span>
    </p>
   </div>
   <div class='ocr_carea' id='block_1_38' title="bbox 548 2914 2124 2983">
    <p class='ocr_par' dir='ltr' id='par_1_38' title="bbox 548 2914 2124 2983">
     <span class='ocr_line' id='line_1_40' title="bbox 548 2914 2124 2983; baseline 0.003 -14"><span class='ocrx_word' id='word_1_333' title='bbox 548 2915 794 2977; x_wconf 86' lang='lat' dir='ltr'><strong>obedire;</strong></span> <span class='ocrx_word' id='word_1_334' title='bbox 823 2914 931 2970; x_wconf 86' lang='lat' dir='ltr'><strong>non</strong></span> <span class='ocrx_word' id='word_1_335' title='bbox 966 2916 1125 2969; x_wconf 90' lang='lat' dir='ltr'><strong>estin</strong></span> <span class='ocrx_word' id='word_1_336' title='bbox 1157 2914 1336 2969; x_wconf 85' lang='lat' dir='ltr'><strong>nostra</strong></span> <span class='ocrx_word' id='word_1_337' title='bbox 1375 2922 1637 2983; x_wconf 88' lang='lat' dir='ltr'><strong>potestate</strong></span> <span class='ocrx_word' id='word_1_338' title='bbox 1673 2914 1961 2971; x_wconf 89' lang='lat' dir='ltr'><strong>dimittere.</strong></span> <span class='ocrx_word' id='word_1_339' title='bbox 1994 2918 2124 2974; x_wconf 85' lang='lat' dir='ltr'><strong>Pro-</strong></span> 
     </span>
    </p>
   </div>
   <div class='ocr_carea' id='block_1_39' title="bbox 549 2985 2120 3055">
    <p class='ocr_par' dir='ltr' id='par_1_39' title="bbox 549 2985 2120 3055">
     <span class='ocr_line' id='line_1_41' title="bbox 549 2985 2120 3055; baseline 0.004 -17"><span class='ocrx_word' id='word_1_340' title='bbox 549 2985 786 3055; x_wconf 83' lang='lat' dir='ltr'><strong>misisti?</strong></span> <span class='ocrx_word' id='word_1_341' title='bbox 840 2985 1122 3040; x_wconf 68' lang='lat' dir='ltr'><strong>Prmmium</strong></span> <span class='ocrx_word' id='word_1_342' title='bbox 1177 2995 1323 3040; x_wconf 93' lang='lat' dir='ltr'><strong>tuum</strong></span> <span class='ocrx_word' id='word_1_343' title='bbox 1364 2985 1546 3039; x_wconf 91' lang='lat' dir='ltr'><strong>habes.</strong></span> <span class='ocrx_word' id='word_1_344' title='bbox 1598 2985 1855 3055; x_wconf 82' lang='lat' dir='ltr'><strong>Negasti?</strong></span> <span class='ocrx_word' id='word_1_345' title='bbox 1902 2987 2120 3044; x_wconf 69' lang='lat' dir='ltr'><strong>Pmnam</strong></span> 
     </span>
    </p>
   </div>
   <div class='ocr_carea' id='block_1_40' title="bbox 550 3053 2118 3126">
    <p class='ocr_par' dir='ltr' id='par_1_40' title="bbox 550 3053 2118 3126">
     <span class='ocr_line' id='line_1_42' title="bbox 550 3053 2118 3126; baseline 0.004 -18"><span class='ocrx_word' id='word_1_346' title='bbox 550 3053 758 3126; x_wconf 80' lang='lat' dir='ltr'><strong>habes:</strong></span> <span class='ocrx_word' id='word_1_347' title='bbox 812 3064 1091 3124; x_wconf 91' lang='lat' dir='ltr'><strong>utrumque</strong></span> <span class='ocrx_word' id='word_1_348' title='bbox 1137 3065 1354 3126; x_wconf 90' lang='lat' dir='ltr'><strong>propter</strong></span> <span class='ocrx_word' id='word_1_349' title='bbox 1402 3053 1767 3110; x_wconf 82' lang='lat' dir='ltr'><strong>confusionem</strong></span> <span class='ocrx_word' id='word_1_350' title='bbox 1823 3064 1969 3112; x_wconf 89' lang='lat' dir='ltr'><strong>tuum</strong></span> <span class='ocrx_word' id='word_1_351' title='bbox 2017 3068 2118 3114; x_wconf 88' lang='lat' dir='ltr'><strong>est.</strong></span> 
     </span>
    </p>
   </div>
   <div class='ocr_carea' id='block_1_41' title="bbox 547 3123 2121 3194">
    <p class='ocr_par' dir='ltr' id='par_1_41' title="bbox 547 3123 2121 3194">
     <span class='ocr_line' id='line_1_43' title="bbox 547 3123 2121 3194; baseline 0.004 -16"><span class='ocrx_word' id='word_1_352' title='bbox 547 3123 820 3189; x_wconf 81' lang='lat' dir='ltr'><strong>Diximus,</strong></span> <span class='ocrx_word' id='word_1_353' title='bbox 850 3123 1015 3194; x_wconf 90' lang='lat' dir='ltr'><strong>atque</strong></span> <span class='ocrx_word' id='word_1_354' title='bbox 1052 3123 1253 3180; x_wconf 77' lang='lat' dir='ltr'><strong>iterum</strong></span> <span class='ocrx_word' id='word_1_355' title='bbox 1293 3125 1516 3180; x_wconf 89' lang='lat' dir='ltr'><strong>dicimus</strong></span> <span class='ocrx_word' id='word_1_356' title='bbox 1547 3143 1560 3178; x_wconf 89' lang='lat'><strong>:</strong></span> <span class='ocrx_word' id='word_1_357' title='bbox 1595 3126 1936 3180; x_wconf 89' lang='lat' dir='ltr'><strong>Promisisti?</strong></span> <span class='ocrx_word' id='word_1_358' title='bbox 1982 3130 2121 3184; x_wconf 72' lang='lat' dir='ltr'><strong>Prte-</strong></span> 
     </span>
    </p>
   </div>
   <div class='ocr_carea' id='block_1_42' title="bbox 482 3194 2122 3269">
    <p class='ocr_par' dir='ltr' id='par_1_42' title="bbox 482 3194 2122 3269">
     <span class='ocr_line' id='line_1_44' title="bbox 482 3194 2122 3269; baseline 0.004 -20"><span class='ocrx_word' id='word_1_359' title='bbox 482 3205 504 3226; x_wconf 75' lang='lat'><strong>‘</strong></span> <span class='ocrx_word' id='word_1_360' title='bbox 549 3194 713 3249; x_wconf 91' lang='lat' dir='ltr'><strong>mium</strong></span> <span class='ocrx_word' id='word_1_361' title='bbox 745 3195 926 3269; x_wconf 73' lang='lat' dir='ltr'><strong>habes.</strong></span> <span class='ocrx_word' id='word_1_362' title='bbox 978 3196 1272 3269; x_wconf 80' lang='lat' dir='ltr'><strong>Dimisisti?</strong></span> <span class='ocrx_word' id='word_1_363' title='bbox 1328 3195 1774 3269; x_wconf 58' lang='lat' dir='ltr'><strong>Ptenam_liabes.</strong></span> <span class='ocrx_word' id='word_1_364' title='bbox 1831 3196 2122 3269; x_wconf 78' lang='lat' dir='ltr'><strong>Utrumque</strong></span> 
     </span>
    </p>
   </div>
   <div class='ocr_carea' id='block_1_43' title="bbox 548 3266 2117 3336">
    <p class='ocr_par' dir='ltr' id='par_1_43' title="bbox 548 3266 2117 3336">
     <span class='ocr_line' id='line_1_45' title="bbox 548 3266 2117 3336; baseline 0.004 -19"><span class='ocrx_word' id='word_1_365' title='bbox 548 3271 694 3336; x_wconf 82' lang='lat' dir='ltr'><strong>_tuum</strong></span> <span class='ocrx_word' id='word_1_366' title='bbox 718 3276 818 3336; x_wconf 88' lang='lat' dir='ltr'><strong>est,</strong></span> <span class='ocrx_word' id='word_1_367' title='bbox 841 3266 976 3335; x_wconf 82' lang='lat' dir='ltr'><strong>elige</strong></span> <span class='ocrx_word' id='word_1_368' title='bbox 991 3266 1132 3335; x_wconf 90' lang='lat' dir='ltr'><strong>quod</strong></span> <span class='ocrx_word' id='word_1_369' title='bbox 1165 3266 1308 3321; x_wconf 80' lang='lat' dir='ltr'><strong>velis.</strong></span> <span class='ocrx_word' id='word_1_370' title='bbox 1338 3266 1511 3322; x_wconf 85' lang='lat' dir='ltr'><strong>llabes</strong></span> <span class='ocrx_word' id='word_1_371' title='bbox 1527 3266 1664 3320; x_wconf 90' lang='lat' dir='ltr'><strong>viam</strong></span> <span class='ocrx_word' id='word_1_372' title='bbox 1696 3267 1881 3322; x_wconf 86' lang='lat' dir='ltr'><strong>mortis</strong></span> <span class='ocrx_word' id='word_1_373' title='bbox 1904 3278 1956 3322; x_wconf 91' lang='lat' dir='ltr'><strong>et</strong></span> <span class='ocrx_word' id='word_1_374' title='bbox 1980 3266 2117 3336; x_wconf 67' lang='lat' dir='ltr'><strong>vitae,</strong></span> 
     </span>
    </p>
   </div>
   <div class='ocr_carea' id='block_1_44' title="bbox 546 3333 2120 3404">
    <p class='ocr_par' dir='ltr' id='par_1_44' title="bbox 546 3333 2120 3404">
     <span class='ocr_line' id='line_1_46' title="bbox 546 3333 2120 3404; baseline 0.004 -18"><span class='ocrx_word' id='word_1_375' title='bbox 546 3333 826 3404; x_wconf 80' lang='lat' dir='ltr'><strong>ingredere</strong></span> <span class='ocrx_word' id='word_1_376' title='bbox 870 3333 1026 3404; x_wconf 82' lang='lat' dir='ltr'><strong>quam</strong></span> <span class='ocrx_word' id='word_1_377' title='bbox 1055 3337 1303 3390; x_wconf 88' lang='lat' dir='ltr'><strong>volueris.</strong></span> <span class='ocrx_word' id='word_1_378' title='bbox 1337 3336 1448 3390; x_wconf 84' lang='lat' dir='ltr'><strong>Hoc</strong></span> <span class='ocrx_word' id='word_1_379' title='bbox 1474 3345 1640 3389; x_wconf 90' lang='lat' dir='ltr'><strong>totum</strong></span> <span class='ocrx_word' id='word_1_380' title='bbox 1663 3336 1782 3390; x_wconf 91' lang='lat' dir='ltr'><strong>dico</strong></span> <span class='ocrx_word' id='word_1_381' title='bbox 1809 3338 1976 3401; x_wconf 83' lang='lat' dir='ltr'><strong>vobis,</strong></span> <span class='ocrx_word' id='word_1_382' title='bbox 2011 3333 2120 3392; x_wconf 55' lang='lat' dir='ltr'><strong>fra;</strong></span> 
     </span>
    </p>
   </div>
   <div class='ocr_carea' id='block_1_45' title="bbox 547 3405 2122 3475">
    <p class='ocr_par' dir='ltr' id='par_1_45' title="bbox 547 3405 2122 3475">
     <span class='ocr_line' id='line_1_47' title="bbox 547 3405 2122 3475; baseline 0.004 -17"><span class='ocrx_word' id='word_1_383' title='bbox 547 3411 659 3475; x_wconf 86' lang='lat' dir='ltr'><strong>_tres</strong></span> <span class='ocrx_word' id='word_1_384' title='bbox 677 3405 974 3460; x_wconf 90' lang='lat' dir='ltr'><strong>charissimi</strong></span> <span class='ocrx_word' id='word_1_385' title='bbox 997 3447 1011 3470; x_wconf 92' lang='lat'><strong>,</strong></span> <span class='ocrx_word' id='word_1_386' title='bbox 1043 3421 1109 3458; x_wconf 91' lang='lat' dir='ltr'><strong>ne</strong></span> <span class='ocrx_word' id='word_1_387' title='bbox 1128 3407 1245 3475; x_wconf 87' lang='lat' dir='ltr'><strong>quis</strong></span> <span class='ocrx_word' id='word_1_388' title='bbox 1273 3406 1339 3460; x_wconf 88' lang='lat' dir='ltr'><strong>de</strong></span> <span class='ocrx_word' id='word_1_389' title='bbox 1376 3406 1525 3460; x_wconf 84' lang='lat' dir='ltr'><strong>vobis</strong></span> <span class='ocrx_word' id='word_1_390' title='bbox 1557 3415 1703 3475; x_wconf 89' lang='lat' dir='ltr'><strong>putet</strong></span> <span class='ocrx_word' id='word_1_391' title='bbox 1741 3421 1807 3460; x_wconf 82' lang='lat' dir='ltr'><strong>se</strong></span> <span class='ocrx_word' id='word_1_392' title='bbox 1835 3406 2032 3463; x_wconf 87' lang='lat' dir='ltr'><strong>habere</strong></span> <span class='ocrx_word' id='word_1_393' title='bbox 2058 3409 2122 3464; x_wconf 91' lang='lat' dir='ltr'><strong>li-</strong></span> 
     </span>
    </p>
   </div>
   <div class='ocr_carea' id='block_1_46' title="bbox 545 3473 2119 3544">
    <p class='ocr_par' dir='ltr' id='par_1_46' title="bbox 545 3473 2119 3544">
     <span class='ocr_line' id='line_1_48' title="bbox 545 3473 2119 3544; baseline 0.003 -16"><span class='ocrx_word' id='word_1_394' title='bbox 545 3473 727 3544; x_wconf 82' lang='lat' dir='ltr'><strong>beram</strong></span> <span class='ocrx_word' id='word_1_395' title='bbox 763 3483 1074 3543; x_wconf 87' lang='lat' dir='ltr'><strong>potestatem</strong></span> <span class='ocrx_word' id='word_1_396' title='bbox 1096 3516 1110 3538; x_wconf 93' lang='lat'><strong>,</strong></span> <span class='ocrx_word' id='word_1_397' title='bbox 1139 3473 1192 3528; x_wconf 85' lang='lat' dir='ltr'><strong>et</strong></span> <span class='ocrx_word' id='word_1_398' title='bbox 1211 3475 1352 3529; x_wconf 89' lang='lat' dir='ltr'><strong>dicat</strong></span> <span class='ocrx_word' id='word_1_399' title='bbox 1371 3517 1386 3540; x_wconf 92' lang='lat'><strong>,</strong></span> <span class='ocrx_word' id='word_1_400' title='bbox 1418 3473 1568 3542; x_wconf 81' lang='lat' dir='ltr'><strong>Ergo</strong></span> <span class='ocrx_word' id='word_1_401' title='bbox 1589 3476 1661 3528; x_wconf 91' lang='lat' dir='ltr'><strong>illi</strong></span> <span class='ocrx_word' id='word_1_402' title='bbox 1690 3477 1780 3544; x_wconf 91' lang='lat' dir='ltr'><strong>qui</strong></span> <span class='ocrx_word' id='word_1_403' title='bbox 1808 3492 2000 3532; x_wconf 83' lang='lat' dir='ltr'><strong>uxores</strong></span> <span class='ocrx_word' id='word_1_404' title='bbox 2023 3480 2119 3532; x_wconf 90' lang='lat' dir='ltr'><strong>ha-</strong></span> 
     </span>
    </p>
   </div>
   <div class='ocr_carea' id='block_1_47' title="bbox 548 3543 2118 3618">
    <p class='ocr_par' dir='ltr' id='par_1_47' title="bbox 548 3543 2118 3618">
     <span class='ocr_line' id='line_1_49' title="bbox 548 3543 2118 3618; baseline 0.004 -22"><span class='ocrx_word' id='word_1_405' title='bbox 548 3543 704 3618; x_wconf 75' lang='lat' dir='ltr'><strong>bent,</strong></span> <span class='ocrx_word' id='word_1_406' title='bbox 736 3547 824 3613; x_wconf 86' lang='lat' dir='ltr'><strong>qui</strong></span> <span class='ocrx_word' id='word_1_407' title='bbox 845 3553 968 3598; x_wconf 91' lang='lat' dir='ltr'><strong>sunt</strong></span> <span class='ocrx_word' id='word_1_408' title='bbox 995 3545 1045 3597; x_wconf 85' lang='lat' dir='ltr'><strong>in</strong></span> <span class='ocrx_word' id='word_1_409' title='bbox 1076 3545 1378 3618; x_wconf 84' lang='lat' dir='ltr'><strong>civitatibus</strong></span> <span class='ocrx_word' id='word_1_410' title='bbox 1397 3585 1412 3610; x_wconf 92' lang='lat'><strong>,</strong></span> <span class='ocrx_word' id='word_1_411' title='bbox 1438 3546 1525 3618; x_wconf 84' lang='lat' dir='ltr'><strong>qui</strong></span> <span class='ocrx_word' id='word_1_412' title='bbox 1551 3543 1807 3618; x_wconf 82' lang='lat' dir='ltr'><strong>militant,</strong></span> <span class='ocrx_word' id='word_1_413' title='bbox 1836 3547 1923 3615; x_wconf 90' lang='lat' dir='ltr'><strong>qui</strong></span> <span class='ocrx_word' id='word_1_414' title='bbox 1953 3564 2118 3618; x_wconf 81' lang='lat' dir='ltr'><strong>nego-</strong></span> 
     </span>
    </p>
   </div>
   <div class='ocr_carea' id='block_1_48' title="bbox 547 3613 2116 3684">
    <p class='ocr_par' dir='ltr' id='par_1_48' title="bbox 547 3613 2116 3684">
     <span class='ocr_line' id='line_1_50' title="bbox 547 3613 2116 3684; baseline 0.004 -18"><span class='ocrx_word' id='word_1_415' title='bbox 547 3613 781 3677; x_wconf 91' lang='lat' dir='ltr'><strong>tiantur,</strong></span> <span class='ocrx_word' id='word_1_416' title='bbox 829 3629 954 3681; x_wconf 82' lang='lat' dir='ltr'><strong>ergo</strong></span> <span class='ocrx_word' id='word_1_417' title='bbox 1007 3623 1146 3668; x_wconf 91' lang='lat' dir='ltr'><strong>totus</strong></span> <span class='ocrx_word' id='word_1_418' title='bbox 1187 3614 1416 3669; x_wconf 90' lang='lat' dir='ltr'><strong>mundus</strong></span> <span class='ocrx_word' id='word_1_419' title='bbox 1458 3615 1510 3668; x_wconf 91' lang='lat' dir='ltr'><strong>in</strong></span> <span class='ocrx_word' id='word_1_420' title='bbox 1551 3616 1788 3684; x_wconf 88' lang='lat' dir='ltr'><strong>periculo</strong></span> <span class='ocrx_word' id='word_1_421' title='bbox 1838 3613 1920 3670; x_wconf 82' lang='lat' dir='ltr'><strong>est;</strong></span> <span class='ocrx_word' id='word_1_422' title='bbox 1951 3657 1966 3682; x_wconf 94' lang='lat'><strong>,</strong></span> <span class='ocrx_word' id='word_1_423' title='bbox 2016 3613 2116 3674; x_wconf 75' lang='lat' dir='ltr'><strong>soli</strong></span> 
     </span>
    </p>
   </div>
   <div class='ocr_carea' id='block_1_49' title="bbox 543 3685 2120 3760">
    <p class='ocr_par' dir='ltr' id='par_1_49' title="bbox 543 3685 2120 3760">
     <span class='ocr_line' id='line_1_51' title="bbox 543 3685 2120 3760; baseline 0.005 -23"><span class='ocrx_word' id='word_1_424' title='bbox 543 3685 790 3760; x_wconf 76' lang='lat' dir='ltr'><strong>monachi</strong></span> <span class='ocrx_word' id='word_1_425' title='bbox 816 3686 1105 3760; x_wconf 72' lang='lat' dir='ltr'><strong>salvantur.</strong></span> <span class='ocrx_word' id='word_1_426' title='bbox 1131 3685 1244 3760; x_wconf 81' lang='lat' dir='ltr'><strong>Non</strong></span> <span class='ocrx_word' id='word_1_427' title='bbox 1289 3695 1592 3760; x_wconf 78' lang='lat' dir='ltr'><strong>est__nostra</strong></span> <span class='ocrx_word' id='word_1_428' title='bbox 1625 3693 1680 3739; x_wconf 90' lang='lat' dir='ltr'><strong>et</strong></span> <span class='ocrx_word' id='word_1_429' title='bbox 1717 3686 1922 3740; x_wconf 89' lang='lat' dir='ltr'><strong>illorum</strong></span> <span class='ocrx_word' id='word_1_430' title='bbox 1969 3704 2120 3760; x_wconf 66' lang='lat' dir='ltr'><strong>aequa</strong></span> 
     </span>
    </p>
   </div>
   <div class='ocr_carea' id='block_1_50' title="bbox 544 3755 2117 3828">
    <p class='ocr_par' dir='ltr' id='par_1_50' title="bbox 544 3755 2117 3828">
     <span class='ocr_line' id='line_1_52' title="bbox 544 3755 2117 3828; baseline 0.004 -20"><span class='ocrx_word' id='word_1_431' title='bbox 544 3755 800 3828; x_wconf 85' lang='lat' dir='ltr'><strong>conditio.</strong></span> <span class='ocrx_word' id='word_1_432' title='bbox 826 3757 903 3828; x_wconf 88' lang='lat' dir='ltr'><strong>llli</strong></span> <span class='ocrx_word' id='word_1_433' title='bbox 934 3755 1164 3810; x_wconf 90' lang='lat' dir='ltr'><strong>scientes</strong></span> <span class='ocrx_word' id='word_1_434' title='bbox 1206 3755 1628 3828; x_wconf 84' lang='lat' dir='ltr'><strong>imbecillitatem</strong></span> <span class='ocrx_word' id='word_1_435' title='bbox 1668 3771 1815 3828; x_wconf 87' lang='lat' dir='ltr'><strong>suam</strong></span> <span class='ocrx_word' id='word_1_436' title='bbox 1851 3773 1952 3810; x_wconf 90' lang='lat' dir='ltr'><strong>non</strong></span> <span class='ocrx_word' id='word_1_437' title='bbox 1989 3755 2117 3828; x_wconf 76' lang='lat' dir='ltr'><strong>pro-</strong></span> 
     </span>
    </p>
   </div>
   <div class='ocr_carea' id='block_1_51' title="bbox 543 3825 2116 3897">
    <p class='ocr_par' dir='ltr' id='par_1_51' title="bbox 543 3825 2116 3897">
     <span class='ocr_line' id='line_1_53' title="bbox 543 3825 2116 3897; baseline 0.006 -19"><span class='ocrx_word' id='word_1_438' title='bbox 543 3825 802 3897; x_wconf 83' lang='lat' dir='ltr'><strong>miserunt</strong></span> <span class='ocrx_word' id='word_1_439' title='bbox 857 3827 1038 3897; x_wconf 88' lang='lat' dir='ltr'><strong>facere</strong></span> <span class='ocrx_word' id='word_1_440' title='bbox 1078 3826 1218 3897; x_wconf 89' lang='lat' dir='ltr'><strong>quod</strong></span> <span class='ocrx_word' id='word_1_441' title='bbox 1260 3842 1362 3880; x_wconf 91' lang='lat' dir='ltr'><strong>non</strong></span> <span class='ocrx_word' id='word_1_442' title='bbox 1408 3835 1716 3895; x_wconf 90' lang='lat' dir='ltr'><strong>potuerunt.</strong></span> <span class='ocrx_word' id='word_1_443' title='bbox 1777 3827 1852 3880; x_wconf 93' lang='lat' dir='ltr'><strong>Illi</strong></span> <span class='ocrx_word' id='word_1_444' title='bbox 1902 3825 2116 3897; x_wconf 82' lang='lat' dir='ltr'><strong>quidem</strong></span> 
     </span>
    </p>
   </div>
   <div class='ocr_carea' id='block_1_52' title="bbox 543 3895 2112 3967">
    <p class='ocr_par' dir='ltr' id='par_1_52' title="bbox 543 3895 2112 3967">
     <span class='ocr_line' id='line_1_54' title="bbox 543 3895 2112 3967; baseline 0.006 -20"><span class='ocrx_word' id='word_1_445' title='bbox 543 3895 818 3951; x_wconf 86' lang='lat' dir='ltr'><strong>christiani</strong></span> <span class='ocrx_word' id='word_1_446' title='bbox 849 3905 990 3952; x_wconf 89' lang='lat' dir='ltr'><strong>sunt.</strong></span> <span class='ocrx_word' id='word_1_447' title='bbox 1009 3896 1127 3967; x_wconf 85' lang='lat' dir='ltr'><strong>Sed</strong></span> <span class='ocrx_word' id='word_1_448' title='bbox 1155 3906 1236 3951; x_wconf 88' lang='lat' dir='ltr'><strong>est</strong></span> <span class='ocrx_word' id='word_1_449' title='bbox 1257 3897 1578 3967; x_wconf 79' lang='lat' dir='ltr'><strong>Christianus</strong></span> <span class='ocrx_word' id='word_1_450' title='bbox 1627 3898 1775 3967; x_wconf 90' lang='lat' dir='ltr'><strong>quasi</strong></span> <span class='ocrx_word' id='word_1_451' title='bbox 1798 3895 2068 3955; x_wconf 75' lang='lat' dir='ltr'><strong>szccularis</strong></span> <span class='ocrx_word' id='word_1_452' title='bbox 2098 3943 2112 3967; x_wconf 89' lang='lat'><strong>,</strong></span> 
     </span>
    </p>
   </div>
   <div class='ocr_carea' id='block_1_53' title="bbox 541 3966 2118 4039">
    <p class='ocr_par' dir='ltr' id='par_1_53' title="bbox 541 3966 2118 4039">
     <span class='ocr_line' id='line_1_55' title="bbox 541 3966 2118 4039; baseline 0.005 -21"><span class='ocrx_word' id='word_1_453' title='bbox 541 3973 598 4039; x_wconf 76' lang='lat' dir='ltr'><strong>et</strong></span> <span class='ocrx_word' id='word_1_454' title='bbox 639 3968 788 4039; x_wconf 88' lang='lat' dir='ltr'><strong>quasi</strong></span> <span class='ocrx_word' id='word_1_455' title='bbox 843 3966 1167 4039; x_wconf 81' lang='lat' dir='ltr'><strong>negotiator;</strong></span> <span class='ocrx_word' id='word_1_456' title='bbox 1195 3976 1263 4039; x_wconf 83' lang='lat' dir='ltr'><strong>et</strong></span> <span class='ocrx_word' id='word_1_457' title='bbox 1301 3966 1621 4039; x_wconf 80' lang='lat' dir='ltr'><strong>christianos</strong></span> <span class='ocrx_word' id='word_1_458' title='bbox 1645 3966 1796 4037; x_wconf 86' lang='lat' dir='ltr'><strong>quasi</strong></span> <span class='ocrx_word' id='word_1_459' title='bbox 1850 3969 2020 4023; x_wconf 92' lang='lat' dir='ltr'><strong>miles.</strong></span> <span class='ocrx_word' id='word_1_460' title='bbox 2050 3971 2118 4026; x_wconf 88' lang='lat' dir='ltr'><strong>Et</strong></span> 
     </span>
    </p>
   </div>
   <div class='ocr_carea' id='block_1_54' title="bbox 541 4034 2115 4112">
    <p class='ocr_par' dir='ltr' id='par_1_54' title="bbox 541 4034 2115 4112">
     <span class='ocr_line' id='line_1_56' title="bbox 541 4034 2115 4112; baseline 0.006 -24"><span class='ocrx_word' id='word_1_461' title='bbox 541 4034 820 4112; x_wconf 75' lang='lat' dir='ltr'><strong>Cornelius</strong></span> <span class='ocrx_word' id='word_1_462' title='bbox 848 4034 1091 4112; x_wconf 83' lang='lat' dir='ltr'><strong>centurio</strong></span> <span class='ocrx_word' id='word_1_463' title='bbox 1133 4037 1290 4112; x_wconf 79' lang='lat' dir='ltr'><strong>miles</strong></span> <span class='ocrx_word' id='word_1_464' title='bbox 1317 4037 1441 4112; x_wconf 84' lang='lat' dir='ltr'><strong>fuit,</strong></span> <span class='ocrx_word' id='word_1_465' title='bbox 1493 4035 1583 4092; x_wconf 80' lang='lat' dir='ltr'><strong>sed</strong></span> <span class='ocrx_word' id='word_1_466' title='bbox 1612 4034 1846 4112; x_wconf 80' lang='lat' dir='ltr'><strong>salvatus</strong></span> <span class='ocrx_word' id='word_1_467' title='bbox 1871 4049 1971 4094; x_wconf 92' lang='lat' dir='ltr'><strong>est.</strong></span> <span class='ocrx_word' id='word_1_468' title='bbox 2004 4041 2115 4112; x_wconf 84' lang='lat' dir='ltr'><strong>Ego</strong></span> 
     </span>
    </p>
   </div>
   <div class='ocr_carea' id='block_1_55' title="bbox 539 4107 2113 4176">
    <p class='ocr_par' dir='ltr' id='par_1_55' title="bbox 539 4107 2113 4176">
     <span class='ocr_line' id='line_1_57' title="bbox 539 4107 2113 4176; baseline 0.004 -18"><span class='ocrx_word' id='word_1_469' title='bbox 539 4107 629 4174; x_wconf 90' lang='lat' dir='ltr'><strong>qui</strong></span> <span class='ocrx_word' id='word_1_470' title='bbox 655 4107 946 4162; x_wconf 87' lang='lat' dir='ltr'><strong>monachus</strong></span> <span class='ocrx_word' id='word_1_471' title='bbox 967 4123 1082 4161; x_wconf 93' lang='lat' dir='ltr'><strong>sum</strong></span> <span class='ocrx_word' id='word_1_472' title='bbox 1104 4147 1118 4170; x_wconf 94' lang='lat'><strong>,</strong></span> <span class='ocrx_word' id='word_1_473' title='bbox 1145 4107 1235 4176; x_wconf 90' lang='lat' dir='ltr'><strong>qui</strong></span> <span class='ocrx_word' id='word_1_474' title='bbox 1259 4107 1424 4162; x_wconf 86' lang='lat' dir='ltr'><strong>desivi</strong></span> <span class='ocrx_word' id='word_1_475' title='bbox 1455 4123 1574 4162; x_wconf 83' lang='lat' dir='ltr'><strong>esse</strong></span> <span class='ocrx_word' id='word_1_476' title='bbox 1595 4109 1864 4162; x_wconf 74' lang='lat' dir='ltr'><strong>smeularis</strong></span> <span class='ocrx_word' id='word_1_477' title='bbox 1883 4151 1896 4172; x_wconf 82' lang='lat'><strong>,</strong></span> <span class='ocrx_word' id='word_1_478' title='bbox 1925 4118 1978 4164; x_wconf 86' lang='lat' dir='ltr'><strong>et</strong></span> <span class='ocrx_word' id='word_1_479' title='bbox 2033 4107 2113 4165; x_wconf 66' lang='lat' dir='ltr'><strong>ra-</strong></span> 
     </span>
    </p>
   </div>
   <div class='ocr_carea' id='block_1_56' title="bbox 537 4179 2114 4242">
    <p class='ocr_par' dir='ltr' id='par_1_56' title="bbox 537 4179 2114 4242">
     <span class='ocr_line' id='line_1_58' title="bbox 537 4179 2114 4242; baseline 0.005 -14"><span class='ocrx_word' id='word_1_480' title='bbox 537 4183 658 4228; x_wconf 89' lang='lat' dir='ltr'><strong>ctus</strong></span> <span class='ocrx_word' id='word_1_481' title='bbox 700 4192 816 4230; x_wconf 93' lang='lat' dir='ltr'><strong>sum</strong></span> <span class='ocrx_word' id='word_1_482' title='bbox 846 4180 1168 4240; x_wconf 83' lang='lat' dir='ltr'><strong>monachus;</strong></span> <span class='ocrx_word' id='word_1_483' title='bbox 1197 4187 1290 4230; x_wconf 90' lang='lat' dir='ltr'><strong>aut</strong></span> <span class='ocrx_word' id='word_1_484' title='bbox 1330 4179 1623 4232; x_wconf 89' lang='lat' dir='ltr'><strong>monachus</strong></span> <span class='ocrx_word' id='word_1_485' title='bbox 1663 4179 1839 4231; x_wconf 87' lang='lat' dir='ltr'><strong>salvus</strong></span> <span class='ocrx_word' id='word_1_486' title='bbox 1880 4194 1996 4242; x_wconf 85' lang='lat' dir='ltr'><strong>ero,</strong></span> <span class='ocrx_word' id='word_1_487' title='bbox 2022 4191 2114 4236; x_wconf 87' lang='lat' dir='ltr'><strong>aut</strong></span> 
     </span>
    </p>
   </div>
   <div class='ocr_carea' id='block_1_57' title="bbox 538 4245 2115 4308">
    <p class='ocr_par' dir='ltr' id='par_1_57' title="bbox 538 4245 2115 4308">
     <span class='ocr_line' id='line_1_59' title="bbox 538 4245 2115 4308; baseline 0.006 -10"><span class='ocrx_word' id='word_1_488' title='bbox 538 4245 693 4298; x_wconf 87' lang='lat' dir='ltr'><strong>aliter</strong></span> <span class='ocrx_word' id='word_1_489' title='bbox 716 4261 820 4299; x_wconf 92' lang='lat' dir='ltr'><strong>non</strong></span> <span class='ocrx_word' id='word_1_490' title='bbox 842 4247 1085 4299; x_wconf 88' lang='lat' dir='ltr'><strong>salvahor</strong></span> <span class='ocrx_word' id='word_1_491' title='bbox 1109 4263 1121 4296; x_wconf 93' lang='lat'>:</span> <span class='ocrx_word' id='word_1_492' title='bbox 1153 4261 1257 4298; x_wconf 92' lang='lat' dir='ltr'><strong>non</strong></span> <span class='ocrx_word' id='word_1_493' title='bbox 1275 4247 1510 4300; x_wconf 83' lang='lat' dir='ltr'><strong>estaliud</strong></span> <span class='ocrx_word' id='word_1_494' title='bbox 1535 4247 1787 4300; x_wconf 89' lang='lat' dir='ltr'><strong>medium.</strong></span> <span class='ocrx_word' id='word_1_495' title='bbox 1817 4249 1871 4300; x_wconf 83' lang='lat' dir='ltr'><strong>Si</strong></span> <span class='ocrx_word' id='word_1_496' title='bbox 1895 4251 2115 4308; x_wconf 79' lang='lat' dir='ltr'><strong>voluero</strong></span> 
     </span>
    </p>
   </div>
   <div class='ocr_carea' id='block_1_58' title="bbox 538 4313 2109 4383">
    <p class='ocr_par' dir='ltr' id='par_1_58' title="bbox 538 4313 2109 4383">
     <span class='ocr_line' id='line_1_60' title="bbox 538 4313 2109 4383; baseline 0.007 -18"><span class='ocrx_word' id='word_1_497' title='bbox 538 4313 804 4383; x_wconf 88' lang='lat' dir='ltr'><strong>dimittere</strong></span> <span class='ocrx_word' id='word_1_498' title='bbox 834 4315 991 4367; x_wconf 89' lang='lat' dir='ltr'><strong>vitam</strong></span> <span class='ocrx_word' id='word_1_499' title='bbox 1047 4315 1292 4368; x_wconf 89' lang='lat' dir='ltr'><strong>monachi</strong></span> <span class='ocrx_word' id='word_1_500' title='bbox 1337 4324 1391 4369; x_wconf 89' lang='lat' dir='ltr'><strong>ct</strong></span> <span class='ocrx_word' id='word_1_501' title='bbox 1439 4317 1587 4383; x_wconf 88' lang='lat' dir='ltr'><strong>sequi</strong></span> <span class='ocrx_word' id='word_1_502' title='bbox 1619 4318 1928 4370; x_wconf 64' lang='lat' dir='ltr'><strong>surcularem</strong></span> <span class='ocrx_word' id='word_1_503' title='bbox 1957 4358 1971 4382; x_wconf 92' lang='lat'><strong>,</strong></span> <span class='ocrx_word' id='word_1_504' title='bbox 2004 4337 2109 4376; x_wconf 89' lang='lat' dir='ltr'><strong>non</strong></span> 
     </span>
    </p>
   </div>
   <div class='ocr_carea' id='block_1_59' title="bbox 537 4382 2110 4456">
    <p class='ocr_par' dir='ltr' id='par_1_59' title="bbox 537 4382 2110 4456">
     <span class='ocr_line' id='line_1_61' title="bbox 537 4382 2110 4456; baseline 0.007 -22"><span class='ocrx_word' id='word_1_505' title='bbox 537 4382 754 4456; x_wconf 85' lang='lat' dir='ltr'><strong>habebit</strong></span> <span class='ocrx_word' id='word_1_506' title='bbox 806 4399 890 4438; x_wconf 90' lang='lat' dir='ltr'><strong>me</strong></span> <span class='ocrx_word' id='word_1_507' title='bbox 933 4383 1184 4456; x_wconf 82' lang='lat' dir='ltr'><strong>Dominus</strong></span> <span class='ocrx_word' id='word_1_508' title='bbox 1227 4385 1374 4454; x_wconf 87' lang='lat' dir='ltr'><strong>quasi</strong></span> <span class='ocrx_word' id='word_1_509' title='bbox 1426 4382 1770 4456; x_wconf 65' lang='lat' dir='ltr'><strong>sarcularem,</strong></span> <span class='ocrx_word' id='word_1_510' title='bbox 1823 4386 1915 4440; x_wconf 87' lang='lat' dir='ltr'><strong>sed</strong></span> <span class='ocrx_word' id='word_1_511' title='bbox 1962 4393 2110 4456; x_wconf 87' lang='lat' dir='ltr'><strong>quasi</strong></span> 
     </span>
    </p>
   </div>
   <div class='ocr_carea' id='block_1_60' title="bbox 537 4453 2109 4527">
    <p class='ocr_par' dir='ltr' id='par_1_60' title="bbox 537 4453 2109 4527">
     <span class='ocr_line' id='line_1_62' title="bbox 537 4453 2109 4527; baseline 0.003 -20"><span class='ocrx_word' id='word_1_512' title='bbox 537 4455 1018 4527; x_wconf 68' lang='lat' dir='ltr'><strong>prtevaricatorem.</strong></span> <span class='ocrx_word' id='word_1_513' title='bbox 1049 4453 1164 4509; x_wconf 84' lang='lat' dir='ltr'><strong>Non</strong></span> <span class='ocrx_word' id='word_1_514' title='bbox 1193 4453 1320 4525; x_wconf 74' lang='lat' dir='ltr'><strong>ergo</strong></span> <span class='ocrx_word' id='word_1_515' title='bbox 1350 4457 1470 4527; x_wconf 90' lang='lat' dir='ltr'><strong>licet</strong></span> <span class='ocrx_word' id='word_1_516' title='bbox 1501 4455 1654 4509; x_wconf 86' lang='lat' dir='ltr'><strong>nobis</strong></span> <span class='ocrx_word' id='word_1_517' title='bbox 1675 4454 1941 4527; x_wconf 76' lang='lat' dir='ltr'><strong>dimittere</strong></span> <span class='ocrx_word' id='word_1_518' title='bbox 1970 4453 2109 4527; x_wconf 75' lang='lat' dir='ltr'><strong>quod</strong></span> 
     </span>
    </p>
   </div>
   <div class='ocr_carea' id='block_1_61' title="bbox 537 4523 2107 4595">
    <p class='ocr_par' dir='ltr' id='par_1_61' title="bbox 537 4523 2107 4595">
     <span class='ocr_line' id='line_1_63' title="bbox 537 4523 2107 4595; baseline 0.007 -20"><span class='ocrx_word' id='word_1_519' title='bbox 537 4523 792 4580; x_wconf 85' lang='lat' dir='ltr'><strong>habemus</strong></span> <span class='ocrx_word' id='word_1_520' title='bbox 824 4525 874 4579; x_wconf 94' lang='lat' dir='ltr'><strong>in</strong></span> <span class='ocrx_word' id='word_1_521' title='bbox 912 4527 1202 4595; x_wconf 90' lang='lat' dir='ltr'><strong>proposito.</strong></span> <span class='ocrx_word' id='word_1_522' title='bbox 1239 4523 1386 4580; x_wconf 84' lang='lat' dir='ltr'><strong>Dicat</strong></span> <span class='ocrx_word' id='word_1_523' title='bbox 1428 4526 1651 4595; x_wconf 87' lang='lat' dir='ltr'><strong>aliquis,</strong></span> <span class='ocrx_word' id='word_1_524' title='bbox 1683 4524 1817 4591; x_wconf 86' lang='lat' dir='ltr'><strong>Quid</strong></span> <span class='ocrx_word' id='word_1_525' title='bbox 1848 4523 2022 4591; x_wconf 45' lang='lat' dir='ltr'><strong>facio&#39;,</strong></span> <span class='ocrx_word' id='word_1_526' title='bbox 2065 4533 2107 4586; x_wconf 93' lang='lat' dir='ltr'><strong>si</strong></span> 
     </span>
    </p>
   </div>
   <div class='ocr_carea' id='block_1_62' title="bbox 535 4596 2111 4666">
    <p class='ocr_par' dir='ltr' id='par_1_62' title="bbox 535 4596 2111 4666">
     <span class='ocr_line' id='line_1_64' title="bbox 535 4596 2111 4666; baseline 0.004 -17"><span class='ocrx_word' id='word_1_527' title='bbox 535 4597 747 4664; x_wconf 83' lang='lat' dir='ltr'><strong>peccavi</strong></span> <span class='ocrx_word' id='word_1_528' title='bbox 777 4597 826 4649; x_wconf 90' lang='lat' dir='ltr'><strong>in</strong></span> <span class='ocrx_word' id='word_1_529' title='bbox 855 4597 956 4650; x_wconf 90' lang='lat' dir='ltr'><strong>isto</strong></span> <span class='ocrx_word' id='word_1_530' title='bbox 975 4598 1274 4666; x_wconf 89' lang='lat' dir='ltr'><strong>proposito,</strong></span> <span class='ocrx_word' id='word_1_531' title='bbox 1303 4598 1390 4664; x_wconf 91' lang='lat' dir='ltr'><strong>qui</strong></span> <span class='ocrx_word' id='word_1_532' title='bbox 1417 4596 1589 4650; x_wconf 88' lang='lat' dir='ltr'><strong>factus</strong></span> <span class='ocrx_word' id='word_1_533' title='bbox 1616 4611 1730 4648; x_wconf 88' lang='lat' dir='ltr'><strong>sum</strong></span> <span class='ocrx_word' id='word_1_534' title='bbox 1759 4613 1857 4650; x_wconf 81' lang='lat' dir='ltr'><strong>nec</strong></span> <span class='ocrx_word' id='word_1_535' title='bbox 1890 4601 2111 4655; x_wconf 49' lang='lat' dir='ltr'><strong>sarcula-</strong></span> 
     </span>
    </p>
   </div>
   <div class='ocr_carea' id='block_1_63' title="bbox 532 4666 2110 4738">
    <p class='ocr_par' dir='ltr' id='par_1_63' title="bbox 532 4666 2110 4738">
     <span class='ocr_line' id='line_1_65' title="bbox 532 4666 2110 4738; baseline 0.004 -19"><span class='ocrx_word' id='word_1_536' title='bbox 532 4666 605 4719; x_wconf 89' lang='lat' dir='ltr'><strong>ris</strong></span> <span class='ocrx_word' id='word_1_537' title='bbox 639 4681 756 4738; x_wconf 82' lang='lat' dir='ltr'><strong>nec</strong></span> <span class='ocrx_word' id='word_1_538' title='bbox 803 4667 1138 4738; x_wconf 74' lang='lat' dir='ltr'><strong>monachus?</strong></span> <span class='ocrx_word' id='word_1_539' title='bbox 1164 4667 1370 4738; x_wconf 87' lang='lat' dir='ltr'><strong>Aliquis</strong></span> <span class='ocrx_word' id='word_1_540' title='bbox 1399 4677 1582 4735; x_wconf 83' lang='lat' dir='ltr'><strong>peccat</strong></span> <span class='ocrx_word' id='word_1_541' title='bbox 1621 4680 1836 4735; x_wconf 86' lang='lat' dir='ltr'><strong>peccato</strong></span> <span class='ocrx_word' id='word_1_542' title='bbox 1876 4670 2110 4738; x_wconf 86' lang='lat' dir='ltr'><strong>majori?</strong></span> 
     </span>
    </p>
   </div>
   <div class='ocr_carea' id='block_1_64' title="bbox 531 4736 2110 4807">
    <p class='ocr_par' dir='ltr' id='par_1_64' title="bbox 531 4736 2110 4807">
     <span class='ocr_line' id='line_1_66' title="bbox 531 4736 2110 4807; baseline 0.005 -19"><span class='ocrx_word' id='word_1_543' title='bbox 531 4736 674 4803; x_wconf 91' lang='lat' dir='ltr'><strong>cupit</strong></span> <span class='ocrx_word' id='word_1_544' title='bbox 694 4737 1019 4790; x_wconf 88' lang='lat' dir='ltr'><strong>emendare?</strong></span> <span class='ocrx_word' id='word_1_545' title='bbox 1046 4737 1185 4807; x_wconf 87' lang='lat' dir='ltr'><strong>Ergo</strong></span> <span class='ocrx_word' id='word_1_546' title='bbox 1214 4736 1313 4792; x_wconf 88' lang='lat' dir='ltr'><strong>hoc</strong></span> <span class='ocrx_word' id='word_1_547' title='bbox 1340 4737 1493 4803; x_wconf 89' lang='lat' dir='ltr'><strong>dico,</strong></span> <span class='ocrx_word' id='word_1_548' title='bbox 1529 4737 1642 4792; x_wconf 90' lang='lat' dir='ltr'><strong>Non</strong></span> <span class='ocrx_word' id='word_1_549' title='bbox 1682 4739 1836 4792; x_wconf 86' lang='lat' dir='ltr'><strong>nobis</strong></span> <span class='ocrx_word' id='word_1_550' title='bbox 1866 4736 1989 4794; x_wconf 81' lang='lat' dir='ltr'><strong>licet</strong></span> <span class='ocrx_word' id='word_1_551' title='bbox 2024 4742 2078 4796; x_wconf 93' lang='lat' dir='ltr'><strong>di</strong></span> <span class='ocrx_word' id='word_1_552' title='bbox 2097 4771 2110 4780; x_wconf 85' lang='lat'><em>-</em></span> 
     </span>
    </p>
   </div>
   <div class='ocr_carea' id='block_1_65' title="bbox 533 4807 2104 4878">
    <p class='ocr_par' dir='ltr' id='par_1_65' title="bbox 533 4807 2104 4878">
     <span class='ocr_line' id='line_1_67' title="bbox 533 4807 2104 4878; baseline 0.005 -20"><span class='ocrx_word' id='word_1_553' title='bbox 533 4807 744 4878; x_wconf 84' lang='lat' dir='ltr'><strong>mittere</strong></span> <span class='ocrx_word' id='word_1_554' title='bbox 767 4807 908 4875; x_wconf 89' lang='lat' dir='ltr'><strong>quod</strong></span> <span class='ocrx_word' id='word_1_555' title='bbox 940 4807 1220 4878; x_wconf 86' lang='lat' dir='ltr'><strong>habuimus</strong></span> <span class='ocrx_word' id='word_1_556' title='bbox 1252 4809 1576 4877; x_wconf 90' lang='lat' dir='ltr'><strong>pr0positum</strong></span> <span class='ocrx_word' id='word_1_557' title='bbox 1597 4850 1610 4872; x_wconf 92' lang='lat'><strong>,</strong></span> <span class='ocrx_word' id='word_1_558' title='bbox 1647 4808 1770 4861; x_wconf 90' lang='lat' dir='ltr'><strong>licet</strong></span> <span class='ocrx_word' id='word_1_559' title='bbox 1799 4809 2104 4878; x_wconf 89' lang='lat' dir='ltr'><strong>dignitatem</strong></span> 
     </span>
    </p>
   </div>
   <div class='ocr_carea' id='block_1_66' title="bbox 529 4877 2106 4946">
    <p class='ocr_par' dir='ltr' id='par_1_66' title="bbox 529 4877 2106 4946">
     <span class='ocr_line' id='line_1_68' title="bbox 529 4877 2106 4946; baseline 0.006 -18"><span class='ocrx_word' id='word_1_560' title='bbox 529 4877 783 4944; x_wconf 85' lang='lat' dir='ltr'><strong>propositi</strong></span> <span class='ocrx_word' id='word_1_561' title='bbox 823 4877 1182 4944; x_wconf 66' lang='lat' dir='ltr'><strong>perdideris‘.</strong></span> <span class='ocrx_word' id='word_1_562' title='bbox 1233 4879 1287 4933; x_wconf 91' lang='lat' dir='ltr'><strong>Si</strong></span> <span class='ocrx_word' id='word_1_563' title='bbox 1334 4879 1560 4946; x_wconf 88' lang='lat' dir='ltr'><strong>peccasti</strong></span> <span class='ocrx_word' id='word_1_564' title='bbox 1617 4879 1669 4931; x_wconf 91' lang='lat' dir='ltr'><strong>in</strong></span> <span class='ocrx_word' id='word_1_565' title='bbox 1715 4879 1820 4932; x_wconf 92' lang='lat' dir='ltr'><strong>vita</strong></span> <span class='ocrx_word' id='word_1_566' title='bbox 1862 4881 2106 4937; x_wconf 88' lang='lat' dir='ltr'><strong>monachi</strong></span> 
     </span>
    </p>
   </div>
   <div class='ocr_carea' id='block_1_67' title="bbox 531 4947 2105 5018">
    <p class='ocr_par' dir='ltr' id='par_1_67' title="bbox 531 4947 2105 5018">
     <span class='ocr_line' id='line_1_69' title="bbox 531 4947 2105 5018; baseline 0.003 -17"><span class='ocrx_word' id='word_1_567' title='bbox 531 4947 886 5012; x_wconf 82' lang='lat' dir='ltr'><strong>Constitutns,</strong></span> <span class='ocrx_word' id='word_1_568' title='bbox 929 4958 1045 5002; x_wconf 87' lang='lat' dir='ltr'><strong>esto</strong></span> <span class='ocrx_word' id='word_1_569' title='bbox 1091 4950 1355 5017; x_wconf 68' lang='lat' dir='ltr'><strong>paenitens</strong></span> <span class='ocrx_word' id='word_1_570' title='bbox 1397 4949 1549 5018; x_wconf 87' lang='lat' dir='ltr'><strong>quasi</strong></span> <span class='ocrx_word' id='word_1_571' title='bbox 1611 4949 1942 5004; x_wconf 87' lang='lat' dir='ltr'><strong>monachus:</strong></span> <span class='ocrx_word' id='word_1_572' title='bbox 2001 4967 2105 5006; x_wconf 92' lang='lat' dir='ltr'><strong>non</strong></span> 
     </span>
    </p>
   </div>
   <div class='ocr_carea' id='block_1_68' title="bbox 568 5017 2101 5089">
    <p class='ocr_par' dir='ltr' id='par_1_68' title="bbox 568 5017 2101 5089">
     <span class='ocr_line' id='line_1_70' title="bbox 568 5017 2101 5089; baseline 0.006 -23"><span class='ocrx_word' id='word_1_573' title='bbox 568 5018 675 5070; x_wconf 90' lang='lat' dir='ltr'><strong>nasi</strong></span> <span class='ocrx_word' id='word_1_574' title='bbox 705 5019 974 5072; x_wconf 65' lang='lat' dir='ltr'><strong>saecularis</strong></span> <span class='ocrx_word' id='word_1_575' title='bbox 994 5059 1008 5083; x_wconf 89' lang='lat'><strong>,</strong></span> <span class='ocrx_word' id='word_1_576' title='bbox 1033 5019 1123 5072; x_wconf 91' lang='lat' dir='ltr'><strong>sed</strong></span> <span class='ocrx_word' id='word_1_577' title='bbox 1155 5019 1322 5089; x_wconf 87' lang='lat' dir='ltr'><strong>quasi</strong></span> <span class='ocrx_word' id='word_1_578' title='bbox 1345 5017 1657 5089; x_wconf 78' lang='lat' dir='ltr'><strong>menachus.</strong></span> <span class='ocrx_word' id='word_1_579' title='bbox 1690 5019 1893 5089; x_wconf 86' lang='lat' dir='ltr'><strong>Aliquis</strong></span> <span class='ocrx_word' id='word_1_580' title='bbox 1917 5020 2057 5075; x_wconf 88' lang='lat' dir='ltr'><strong>dicat</strong></span> <span class='ocrx_word' id='word_1_581' title='bbox 2086 5065 2101 5088; x_wconf 95' lang='lat'><strong>,</strong></span> 
     </span>
    </p>
   </div>
   <div class='ocr_carea' id='block_1_69' title="bbox 527 5032 2104 5160">
    <p class='ocr_par' dir='ltr' id='par_1_69' title="bbox 527 5032 2104 5160">
     <span class='ocr_line' id='line_1_71' title="bbox 568 5032 2101 5089; baseline 0.006 -23"><span class='ocrx_word' id='word_1_582' title='bbox 568 5032 675 5070; x_wconf 83' lang='lat' dir='ltr'><strong>naSI</strong></span> <span class='ocrx_word' id='word_1_583' title='bbox 705 5032 974 5072; x_wconf 66' lang='lat' dir='ltr'><strong>sweutarts</strong></span> <span class='ocrx_word' id='word_1_584' title='bbox 994 5059 1008 5083; x_wconf 91' lang='lat'><strong>,</strong></span> <span class='ocrx_word' id='word_1_585' title='bbox 1033 5032 1123 5072; x_wconf 88' lang='lat' dir='ltr'><strong>sed</strong></span> <span class='ocrx_word' id='word_1_586' title='bbox 1155 5036 1302 5089; x_wconf 86' lang='lat' dir='ltr'><strong>quast</strong></span> <span class='ocrx_word' id='word_1_587' title='bbox 1345 5032 1657 5072; x_wconf 84' lang='lat' dir='ltr'><strong>munacnus.</strong></span> <span class='ocrx_word' id='word_1_588' title='bbox 1690 5032 1893 5089; x_wconf 78' lang='lat' dir='ltr'><strong>Aliquis</strong></span> <span class='ocrx_word' id='word_1_589' title='bbox 1917 5032 2057 5075; x_wconf 82' lang='lat' dir='ltr'><strong>dicat</strong></span> <span class='ocrx_word' id='word_1_590' title='bbox 2086 5065 2101 5088; x_wconf 93' lang='lat'><strong>,</strong></span> 
     </span>
     <span class='ocr_line' id='line_1_72' title="bbox 527 5032 2104 5160; baseline 0.004 -19"><span class='ocrx_word' id='word_1_591' title='bbox 527 5032 656 5160; x_wconf 53' lang='lat' dir='ltr'><strong>g‘ugi</strong></span> <span class='ocrx_word' id='word_1_592' title='bbox 679 5089 950 5160; x_wconf 81' lang='lat' dir='ltr'><strong>dominum</strong></span> <span class='ocrx_word' id='word_1_593' title='bbox 975 5104 1149 5143; x_wconf 91' lang='lat' dir='ltr'><strong>meum</strong></span> <span class='ocrx_word' id='word_1_594' title='bbox 1169 5131 1182 5147; x_wconf 93' lang='lat'><strong>.</strong></span> <span class='ocrx_word' id='word_1_595' title='bbox 1219 5103 1407 5160; x_wconf 80' lang='lat' dir='ltr'><strong>neme</strong></span> <span class='ocrx_word' id='word_1_596' title='bbox 1432 5088 1609 5160; x_wconf 83' lang='lat' dir='ltr'><strong>caedat</strong></span> <span class='ocrx_word' id='word_1_597' title='bbox 1635 5107 1659 5160; x_wconf 80' lang='lat'><strong>:_</strong></span> <span class='ocrx_word' id='word_1_598' title='bbox 1681 5103 1892 5158; x_wconf 85' lang='lat' dir='ltr'><strong>semper</strong></span> <span class='ocrx_word' id='word_1_599' title='bbox 1921 5091 2104 5160; x_wconf 80' lang='lat' dir='ltr'><strong>fugere</strong></span> 
     </span>
    </p>
   </div>
   <div class='ocr_carea' id='block_1_70' title="bbox 525 5158 2101 5229">
    <p class='ocr_par' dir='ltr' id='par_1_70' title="bbox 525 5158 2101 5229">
     <span class='ocr_line' id='line_1_73' title="bbox 525 5158 2101 5229; baseline 0.003 -19"><span class='ocrx_word' id='word_1_600' title='bbox 525 5158 733 5229; x_wconf 82' lang='lat' dir='ltr'><strong>debeo?</strong></span> <span class='ocrx_word' id='word_1_601' title='bbox 756 5158 809 5213; x_wconf 91' lang='lat' dir='ltr'><strong>Si</strong></span> <span class='ocrx_word' id='word_1_602' title='bbox 843 5167 894 5212; x_wconf 90' lang='lat' dir='ltr'><strong>te</strong></span> <span class='ocrx_word' id='word_1_603' title='bbox 921 5161 1142 5229; x_wconf 77' lang='lat' dir='ltr'><strong>pmnitet</strong></span> <span class='ocrx_word' id='word_1_604' title='bbox 1163 5159 1304 5229; x_wconf 89' lang='lat' dir='ltr'><strong>quod</strong></span> <span class='ocrx_word' id='word_1_605' title='bbox 1338 5158 1552 5228; x_wconf 87' lang='lat' dir='ltr'><strong>fugisti,</strong></span> <span class='ocrx_word' id='word_1_606' title='bbox 1581 5158 1744 5213; x_wconf 81' lang='lat' dir='ltr'><strong>debes</strong></span> <span class='ocrx_word' id='word_1_607' title='bbox 1792 5158 1996 5214; x_wconf 12' lang='lat' dir='ltr'><strong>revertit</strong></span> <span class='ocrx_word' id='word_1_608' title='bbox 2035 5162 2101 5216; x_wconf 91' lang='lat' dir='ltr'><strong>ad</strong></span> 
     </span>
    </p>
   </div>
   <div class='ocr_carea' id='block_1_71' title="bbox 522 5228 2099 5300">
    <p class='ocr_par' dir='ltr' id='par_1_71' title="bbox 522 5228 2099 5300">
     <span class='ocr_line' id='line_1_74' title="bbox 522 5228 2099 5300; baseline 0.003 -18"><span class='ocrx_word' id='word_1_609' title='bbox 522 5228 794 5300; x_wconf 88' lang='lat' dir='ltr'><strong>dominum</strong></span> <span class='ocrx_word' id='word_1_610' title='bbox 829 5239 993 5282; x_wconf 91' lang='lat' dir='ltr'><strong>tuum.</strong></span> <span class='ocrx_word' id='word_1_611' title='bbox 1026 5228 1194 5284; x_wconf 84' lang='lat' dir='ltr'><strong>Nemo</strong></span> <span class='ocrx_word' id='word_1_612' title='bbox 1218 5230 1390 5292; x_wconf 81' lang='lat' dir='ltr'><strong>dicat,</strong></span> <span class='ocrx_word' id='word_1_613' title='bbox 1417 5229 1644 5284; x_wconf 74' lang='lat' dir='ltr'><strong>Paenitet</strong></span> <span class='ocrx_word' id='word_1_614' title='bbox 1691 5245 1777 5284; x_wconf 90' lang='lat' dir='ltr'><strong>me</strong></span> <span class='ocrx_word' id='word_1_615' title='bbox 1797 5230 1915 5298; x_wconf 87' lang='lat' dir='ltr'><strong>quia</strong></span> <span class='ocrx_word' id='word_1_616' title='bbox 1950 5231 2053 5300; x_wconf 74' lang='lat' dir='ltr'><strong>fugi</strong></span> <span class='ocrx_word' id='word_1_617' title='bbox 2084 5274 2099 5299; x_wconf 97' lang='lat'><strong>,</strong></span> 
     </span>
    </p>
   </div>
   <div class='ocr_carea' id='block_1_72' title="bbox 521 5299 2100 5370">
    <p class='ocr_par' dir='ltr' id='par_1_72' title="bbox 521 5299 2100 5370">
     <span class='ocr_line' id='line_1_75' title="bbox 521 5299 2100 5370; baseline 0.002 -17"><span class='ocrx_word' id='word_1_618' title='bbox 521 5308 575 5353; x_wconf 92' lang='lat' dir='ltr'><strong>et</strong></span> <span class='ocrx_word' id='word_1_619' title='bbox 595 5299 762 5354; x_wconf 90' lang='lat' dir='ltr'><strong>debeo</strong></span> <span class='ocrx_word' id='word_1_620' title='bbox 785 5315 994 5367; x_wconf 82' lang='lat' dir='ltr'><strong>semper</strong></span> <span class='ocrx_word' id='word_1_621' title='bbox 1021 5299 1220 5370; x_wconf 84' lang='lat' dir='ltr'><strong>fugere.</strong></span> <span class='ocrx_word' id='word_1_622' title='bbox 1255 5300 1378 5355; x_wconf 89' lang='lat' dir='ltr'><strong>Sive</strong></span> <span class='ocrx_word' id='word_1_623' title='bbox 1400 5300 1568 5354; x_wconf 91' lang='lat' dir='ltr'><strong>sancti</strong></span> <span class='ocrx_word' id='word_1_624' title='bbox 1595 5299 1760 5356; x_wconf 90' lang='lat' dir='ltr'><strong>simus</strong></span> <span class='ocrx_word' id='word_1_625' title='bbox 1781 5342 1794 5362; x_wconf 88' lang='lat'><strong>,</strong></span> <span class='ocrx_word' id='word_1_626' title='bbox 1827 5301 1939 5354; x_wconf 90' lang='lat' dir='ltr'><strong>sive</strong></span> <span class='ocrx_word' id='word_1_627' title='bbox 1971 5316 2100 5369; x_wconf 88' lang='lat' dir='ltr'><strong>pec-</strong></span> 
     </span>
    </p>
   </div>
   <div class='ocr_carea' id='block_1_73' title="bbox 521 5371 2097 5441">
    <p class='ocr_par' dir='ltr' id='par_1_73' title="bbox 521 5371 2097 5441">
     <span class='ocr_line' id='line_1_76' title="bbox 521 5371 2097 5441; baseline 0.004 -19"><span class='ocrx_word' id='word_1_628' title='bbox 521 5381 729 5424; x_wconf 78' lang='lat' dir='ltr'><strong>catores</strong></span> <span class='ocrx_word' id='word_1_629' title='bbox 759 5372 926 5424; x_wconf 84' lang='lat' dir='ltr'><strong>simus</strong></span> <span class='ocrx_word' id='word_1_630' title='bbox 950 5411 964 5435; x_wconf 94' lang='lat'><strong>,</strong></span> <span class='ocrx_word' id='word_1_631' title='bbox 1013 5371 1163 5425; x_wconf 85' lang='lat' dir='ltr'><strong>nobis</strong></span> <span class='ocrx_word' id='word_1_632' title='bbox 1189 5387 1297 5426; x_wconf 92' lang='lat' dir='ltr'><strong>non</strong></span> <span class='ocrx_word' id='word_1_633' title='bbox 1329 5371 1452 5426; x_wconf 91' lang='lat' dir='ltr'><strong>licet</strong></span> <span class='ocrx_word' id='word_1_634' title='bbox 1492 5378 1698 5424; x_wconf 89' lang='lat' dir='ltr'><strong>mutare</strong></span> <span class='ocrx_word' id='word_1_635' title='bbox 1748 5372 2097 5441; x_wconf 84' lang='lat' dir='ltr'><strong>prepositum.</strong></span> 
     </span>
    </p>
   </div>
   <div class='ocr_carea' id='block_1_74' title="bbox 581 5527 1678 5598">
    <p class='ocr_par' dir='ltr' id='par_1_74' title="bbox 581 5527 1678 5598">
     <span class='ocr_line' id='line_1_77' title="bbox 581 5527 1678 5598; baseline 0.015 -22"><span class='ocrx_word' id='word_1_636' title='bbox 581 5529 728 5598; x_wconf 43' lang='grc' dir='ltr'><strong>ξΜεη,</strong></span> <span class='ocrx_word' id='word_1_637' title='bbox 751 5527 1184 5598; x_wconf 71' lang='lat' dir='ltr'><strong>prwvaricatioues.</strong></span> <span class='ocrx_word' id='word_1_638' title='bbox 1338 5589 1349 5598; x_wconf 91' lang='lat'><em>_</em></span> <span class='ocrx_word' id='word_1_639' title='bbox 1546 5588 1558 5598; x_wconf 83' lang='grc'><em>,</em></span> <span class='ocrx_word' id='word_1_640' title='bbox 1666 5587 1678 5598; x_wconf 74' lang='lat'><strong>,</strong></span> 
     </span>
    </p>
   </div>
   <div class='ocr_carea' id='block_1_75' title="bbox 577 5587 2006 5663">
    <p class='ocr_par' dir='ltr' id='par_1_75' title="bbox 577 5587 2006 5663">
     <span class='ocr_line' id='line_1_78' title="bbox 577 5587 2006 5663; baseline 0.001 -24"><span class='ocrx_word' id='word_1_641' title='bbox 577 5590 600 5663; x_wconf 69' lang='grc' dir='ltr'><strong>ξ</strong></span> <span class='ocrx_word' id='word_1_642' title='bbox 619 5587 798 5663; x_wconf 44' lang='lat' dir='ltr'><strong>emittit</strong></span> <span class='ocrx_word' id='word_1_643' title='bbox 813 5591 1166 5663; x_wconf 78' lang='lat' dir='ltr'><strong>_Ms.,_adultera</strong></span> <span class='ocrx_word' id='word_1_644' title='bbox 1181 5604 1250 5663; x_wconf 72' lang='lat' dir='ltr'><strong>es,</strong></span> <span class='ocrx_word' id='word_1_645' title='bbox 1266 5587 1516 5663; x_wconf 56' lang='lat' dir='ltr'><strong>quiqmihi</strong></span> <span class='ocrx_word' id='word_1_646' title='bbox 1527 5588 1637 5652; x_wconf 85' lang='lat' dir='ltr'><strong>jam</strong></span> <span class='ocrx_word' id='word_1_647' title='bbox 1648 5587 1830 5663; x_wconf 40' lang='lat' dir='ltr'><strong>juncti}.</strong></span> <span class='ocrx_word' id='word_1_648' title='bbox 1841 5602 2006 5663; x_wconf 56' lang='lat' dir='ltr'><strong>cras.&quot;</strong></span> 
     </span>
    </p>
   </div>
   <div class='ocr_carea' id='block_1_76' title="bbox 511 5648 2094 5763">
    <p class='ocr_par' dir='ltr' id='par_1_76' title="bbox 511 5648 2094 5763">
     <span class='ocr_line' id='line_1_79' title="bbox 511 5648 2094 5763; baseline 0.004 -64"><span class='ocrx_word' id='word_1_649' title='bbox 511 5648 602 5763; x_wconf 67' lang='lat' dir='ltr'><strong>m‘</strong></span> <span class='ocrx_word' id='word_1_650' title='bbox 632 5658 730 5702; x_wconf 78' lang='lat' dir='ltr'><strong>Non</strong></span> <span class='ocrx_word' id='word_1_651' title='bbox 749 5648 1000 5705; x_wconf 60' lang='lat' dir='ltr'><strong>habet&#39;Ms.</strong></span> <span class='ocrx_word' id='word_1_652' title='bbox 1031 5663 1188 5720; x_wconf 77' lang='lat' dir='ltr'><strong>:Ergo</strong></span> <span class='ocrx_word' id='word_1_653' title='bbox 1220 5648 1308 5704; x_wconf 67' lang='lat' dir='ltr'><strong>hoc</strong></span> <span class='ocrx_word' id='word_1_654' title='bbox 1346 5648 1556 5704; x_wconf 71' lang='lat' dir='ltr'><strong>dico....&#39;.</strong></span> <span class='ocrx_word' id='word_1_655' title='bbox 1598 5648 1830 5715; x_wconf 77' lang='lat' dir='ltr'><strong>propositi</strong></span> <span class='ocrx_word' id='word_1_656' title='bbox 1865 5651 2094 5714; x_wconf 81' lang='lat' dir='ltr'><strong>perdide-</strong></span> 
     </span>
    </p>
   </div>
   <div class='ocr_carea' id='block_1_77' title="bbox 3668 275 3859 334">
    <p class='ocr_par' dir='ltr' id='par_1_77' title="bbox 3668 275 3859 334">
     <span class='ocr_line' id='line_1_80' title="bbox 3668 275 3859 334; baseline 0.016 -2"><span class='ocrx_word' id='word_1_657' title='bbox 3668 275 3859 334; x_wconf 60' lang='lat' dir='ltr'><strong>i3“</strong></span> 
     </span>
    </p>
   </div>
   <div class='ocr_carea' id='block_1_78' title="bbox 2227 380 3844 455">
    <p class='ocr_par' dir='ltr' id='par_1_78' title="bbox 2227 380 3844 455">
     <span class='ocr_line' id='line_1_81' title="bbox 2227 380 3844 455; baseline 0.005 -19"><span class='ocrx_word' id='word_1_658' title='bbox 2227 380 2514 455; x_wconf 83' lang='lat' dir='ltr'><strong>Sisanctus</strong></span> <span class='ocrx_word' id='word_1_659' title='bbox 2539 393 2599 436; x_wconf 88' lang='lat' dir='ltr'><strong>es</strong></span> <span class='ocrx_word' id='word_1_660' title='bbox 2617 421 2632 446; x_wconf 91' lang='lat'><strong>,</strong></span> <span class='ocrx_word' id='word_1_661' title='bbox 2662 380 2850 455; x_wconf 82' lang='lat' dir='ltr'><strong>beatus</strong></span> <span class='ocrx_word' id='word_1_662' title='bbox 2865 394 2934 455; x_wconf 90' lang='lat' dir='ltr'><strong>_e_s</strong></span> <span class='ocrx_word' id='word_1_663' title='bbox 2971 381 3266 455; x_wconf 84' lang='lat' dir='ltr'><strong>monachus</strong></span> <span class='ocrx_word' id='word_1_664' title='bbox 3296 396 3312 437; x_wconf 88' lang='lat'><strong>:</strong></span> <span class='ocrx_word' id='word_1_665' title='bbox 3339 383 3385 438; x_wconf 88' lang='lat' dir='ltr'><strong>si</strong></span> <span class='ocrx_word' id='word_1_666' title='bbox 3427 390 3685 454; x_wconf 80' lang='lat' dir='ltr'><strong>peccator</strong></span> <span class='ocrx_word' id='word_1_667' title='bbox 3708 400 3792 443; x_wconf 88' lang='lat' dir='ltr'><strong>es</strong></span> <span class='ocrx_word' id='word_1_668' title='bbox 3824 430 3844 455; x_wconf 88' lang='lat'><strong>,</strong></span> 
     </span>
    </p>
   </div>
   <div class='ocr_carea' id='block_1_79' title="bbox 2225 451 3840 525">
    <p class='ocr_par' dir='ltr' id='par_1_79' title="bbox 2225 451 3840 525">
     <span class='ocr_line' id='line_1_82' title="bbox 2225 451 3840 525; baseline 0.004 -20"><span class='ocrx_word' id='word_1_669' title='bbox 2225 452 2470 525; x_wconf 71' lang='lat' dir='ltr'><strong>miseres</strong></span> <span class='ocrx_word' id='word_1_670' title='bbox 2507 451 2819 525; x_wconf 84' lang='lat' dir='ltr'><strong>monachus.</strong></span> <span class='ocrx_word' id='word_1_671' title='bbox 2863 453 2977 525; x_wconf 90' lang='lat' dir='ltr'><strong>Non</strong></span> <span class='ocrx_word' id='word_1_672' title='bbox 3005 454 3150 525; x_wconf 34' lang='lat' dir='ltr'><strong>licet“</strong></span> <span class='ocrx_word' id='word_1_673' title='bbox 3175 462 3392 525; x_wconf 80' lang='lat' dir='ltr'><strong>mutare</strong></span> <span class='ocrx_word' id='word_1_674' title='bbox 3429 451 3789 525; x_wconf 81' lang='lat' dir='ltr'><strong>propositum</strong></span> <span class='ocrx_word' id='word_1_675' title='bbox 3819 451 3840 525; x_wconf 57' lang='grc' dir='ltr'><em>ζ</em></span> 
     </span>
    </p>
   </div>
   <div class='ocr_carea' id='block_1_80' title="bbox 2226 521 3840 594">
    <p class='ocr_par' dir='ltr' id='par_1_80' title="bbox 2226 521 3840 594">
     <span class='ocr_line' id='line_1_83' title="bbox 2226 521 3840 594; baseline 0.006 -19"><span class='ocrx_word' id='word_1_676' title='bbox 2226 521 2350 577; x_wconf 87' lang='lat' dir='ltr'><strong>licet</strong></span> <span class='ocrx_word' id='word_1_677' title='bbox 2379 522 2688 594; x_wconf 80' lang='lat' dir='ltr'><strong>dignitatem</strong></span> <span class='ocrx_word' id='word_1_678' title='bbox 2724 524 2979 594; x_wconf 90' lang='lat' dir='ltr'><strong>propositi</strong></span> <span class='ocrx_word' id='word_1_679' title='bbox 3010 523 3322 592; x_wconf 88' lang='lat' dir='ltr'><strong>perdideris.</strong></span> <span class='ocrx_word' id='word_1_680' title='bbox 3353 521 3476 580; x_wconf 72' lang='lat' dir='ltr'><strong>Haec</strong></span> <span class='ocrx_word' id='word_1_681' title='bbox 3505 521 3733 594; x_wconf 76' lang='lat' dir='ltr'><strong>quidem</strong></span> <span class='ocrx_word' id='word_1_682' title='bbox 3771 521 3840 584; x_wconf 74' lang='lat' dir='ltr'><strong>ili</strong></span> 
     </span>
    </p>
   </div>
   <div class='ocr_carea' id='block_1_81' title="bbox 2225 593 3841 668">
    <p class='ocr_par' dir='ltr' id='par_1_81' title="bbox 2225 593 3841 668">
     <span class='ocr_line' id='line_1_84' title="bbox 2225 593 3841 668; baseline 0.007 -25"><span class='ocrx_word' id='word_1_683' title='bbox 2225 607 2504 668; x_wconf 87' lang='lat' dir='ltr'><strong>_commune</strong></span> <span class='ocrx_word' id='word_1_684' title='bbox 2533 593 2757 668; x_wconf 80' lang='lat' dir='ltr'><strong>loquor:</strong></span> <span class='ocrx_word' id='word_1_685' title='bbox 2787 593 2840 648; x_wconf 78' lang='lat' dir='ltr'><strong>et</strong></span> <span class='ocrx_word' id='word_1_686' title='bbox 2867 594 3014 668; x_wconf 84' lang='lat' dir='ltr'><strong>quod</strong></span> <span class='ocrx_word' id='word_1_687' title='bbox 3031 595 3179 668; x_wconf 81' lang='lat' dir='ltr'><strong>vobis</strong></span> <span class='ocrx_word' id='word_1_688' title='bbox 3201 594 3407 664; x_wconf 89' lang='lat' dir='ltr'><strong>loquor,</strong></span> <span class='ocrx_word' id='word_1_689' title='bbox 3437 593 3568 650; x_wconf 91' lang='lat' dir='ltr'><strong>mihi</strong></span> <span class='ocrx_word' id='word_1_690' title='bbox 3592 613 3841 668; x_wconf 81' lang='lat' dir='ltr'><strong>quoque</strong></span> 
     </span>
    </p>
   </div>
   <div class='ocr_carea' id='block_1_82' title="bbox 2227 662 3840 734">
    <p class='ocr_par' dir='ltr' id='par_1_82' title="bbox 2227 662 3840 734">
     <span class='ocr_line' id='line_1_85' title="bbox 2227 662 3840 734; baseline 0.006 -19"><span class='ocrx_word' id='word_1_691' title='bbox 2227 662 2416 732; x_wconf 91' lang='lat' dir='ltr'><strong>loquor</strong></span> <span class='ocrx_word' id='word_1_692' title='bbox 2439 705 2452 728; x_wconf 92' lang='lat'><strong>,</strong></span> <span class='ocrx_word' id='word_1_693' title='bbox 2487 679 2554 717; x_wconf 91' lang='lat' dir='ltr'><strong>ne</strong></span> <span class='ocrx_word' id='word_1_694' title='bbox 2577 662 2694 732; x_wconf 88' lang='lat' dir='ltr'><strong>quis</strong></span> <span class='ocrx_word' id='word_1_695' title='bbox 2726 679 2785 718; x_wconf 91' lang='lat' dir='ltr'><strong>se</strong></span> <span class='ocrx_word' id='word_1_696' title='bbox 2812 662 2960 732; x_wconf 81' lang='lat' dir='ltr'><strong>putet</strong></span> <span class='ocrx_word' id='word_1_697' title='bbox 3001 663 3199 720; x_wconf 90' lang='lat' dir='ltr'><strong>habere</strong></span> <span class='ocrx_word' id='word_1_698' title='bbox 3245 662 3560 734; x_wconf 79' lang='lat' dir='ltr'><strong>potestatem</strong></span> <span class='ocrx_word' id='word_1_699' title='bbox 3600 662 3840 725; x_wconf 62' lang='lat' dir='ltr'><strong>{nutare</strong></span> 
     </span>
    </p>
   </div>
   <div class='ocr_carea' id='block_1_83' title="bbox 2225 733 3839 804">
    <p class='ocr_par' dir='ltr' id='par_1_83' title="bbox 2225 733 3839 804">
     <span class='ocr_line' id='line_1_86' title="bbox 2225 733 3839 804; baseline 0.004 -17"><span class='ocrx_word' id='word_1_700' title='bbox 2225 734 2551 804; x_wconf 88' lang='lat' dir='ltr'><strong>propositum</strong></span> <span class='ocrx_word' id='word_1_701' title='bbox 2586 733 2626 784; x_wconf 77' lang='grc' dir='ltr'><strong>ί.</strong></span> <span class='ocrx_word' id='word_1_702' title='bbox 2660 734 2789 788; x_wconf 82' lang='lat' dir='ltr'><strong>Rem</strong></span> <span class='ocrx_word' id='word_1_703' title='bbox 2811 735 2962 789; x_wconf 87' lang='lat' dir='ltr'><strong>vobis</strong></span> <span class='ocrx_word' id='word_1_704' title='bbox 2982 733 3102 790; x_wconf 91' lang='lat' dir='ltr'><strong>dico</strong></span> <span class='ocrx_word' id='word_1_705' title='bbox 3131 733 3321 789; x_wconf 84' lang='lat' dir='ltr'><strong>novam</strong></span> <span class='ocrx_word' id='word_1_706' title='bbox 3350 751 3366 787; x_wconf 71' lang='grc' dir='ltr'><strong>ἶ</strong></span> <span class='ocrx_word' id='word_1_707' title='bbox 3393 737 3542 804; x_wconf 91' lang='lat' dir='ltr'><strong>quasi</strong></span> <span class='ocrx_word' id='word_1_708' title='bbox 3580 738 3635 792; x_wconf 91' lang='lat' dir='ltr'><strong>in</strong></span> <span class='ocrx_word' id='word_1_709' title='bbox 3661 753 3839 793; x_wconf 83' lang='lat' dir='ltr'><strong>com-</strong></span> 
     </span>
    </p>
   </div>
   <div class='ocr_carea' id='block_1_84' title="bbox 2227 803 3830 876">
    <p class='ocr_par' dir='ltr' id='par_1_84' title="bbox 2227 803 3830 876">
     <span class='ocr_line' id='line_1_87' title="bbox 2227 803 3830 876; baseline 0.005 -20"><span class='ocrx_word' id='word_1_710' title='bbox 2227 804 2502 876; x_wconf 81' lang='lat' dir='ltr'><strong>paratione</strong></span> <span class='ocrx_word' id='word_1_711' title='bbox 2521 803 2643 858; x_wconf 89' lang='lat' dir='ltr'><strong>dico</strong></span> <span class='ocrx_word' id='word_1_712' title='bbox 2662 843 2675 866; x_wconf 86' lang='lat'><strong>,</strong></span> <span class='ocrx_word' id='word_1_713' title='bbox 2707 820 2811 876; x_wconf 91' lang='lat' dir='ltr'><strong>non</strong></span> <span class='ocrx_word' id='word_1_714' title='bbox 2837 805 2988 876; x_wconf 82' lang='lat' dir='ltr'><strong>quasi</strong></span> <span class='ocrx_word' id='word_1_715' title='bbox 3017 804 3119 860; x_wconf 92' lang='lat' dir='ltr'><strong>hoc</strong></span> <span class='ocrx_word' id='word_1_716' title='bbox 3150 803 3474 874; x_wconf 68' lang='lat' dir='ltr'><strong>prmcipiam.</strong></span> <span class='ocrx_word' id='word_1_717' title='bbox 3515 807 3624 862; x_wconf 87' lang='lat' dir='ltr'><strong>Fac</strong></span> <span class='ocrx_word' id='word_1_718' title='bbox 3667 810 3830 864; x_wconf 87' lang='lat' dir='ltr'><strong>duos</strong></span> 
     </span>
    </p>
   </div>
   <div class='ocr_carea' id='block_1_85' title="bbox 2226 873 3828 946">
    <p class='ocr_par' dir='ltr' id='par_1_85' title="bbox 2226 873 3828 946">
     <span class='ocr_line' id='line_1_88' title="bbox 2226 873 3828 946; baseline 0.005 -20"><span class='ocrx_word' id='word_1_719' title='bbox 2226 873 2516 946; x_wconf 78' lang='lat' dir='ltr'><strong>monachos</strong></span> <span class='ocrx_word' id='word_1_720' title='bbox 2553 873 2868 946; x_wconf 64' lang='lat' dir='ltr'><strong>corruisse;</strong></span> <span class='ocrx_word' id='word_1_721' title='bbox 2896 874 2998 929; x_wconf 91' lang='lat' dir='ltr'><strong>hoc</strong></span> <span class='ocrx_word' id='word_1_722' title='bbox 3053 873 3166 941; x_wconf 79' lang='lat' dir='ltr'><strong>est,</strong></span> <span class='ocrx_word' id='word_1_723' title='bbox 3217 873 3441 945; x_wconf 87' lang='lat' dir='ltr'><strong>uterque</strong></span> <span class='ocrx_word' id='word_1_724' title='bbox 3486 882 3828 946; x_wconf 80' lang='lat' dir='ltr'><strong>peccaverit.</strong></span> 
     </span>
    </p>
   </div>
   <div class='ocr_carea' id='block_1_86' title="bbox 2226 943 3831 1012">
    <p class='ocr_par' dir='ltr' id='par_1_86' title="bbox 2226 943 3831 1012">
     <span class='ocr_line' id='line_1_89' title="bbox 2226 943 3831 1012; baseline 0.005 -15"><span class='ocrx_word' id='word_1_725' title='bbox 2226 944 2377 997; x_wconf 84' lang='lat' dir='ltr'><strong>Alius</strong></span> <span class='ocrx_word' id='word_1_726' title='bbox 2399 943 2464 998; x_wconf 92' lang='lat' dir='ltr'><strong>de</strong></span> <span class='ocrx_word' id='word_1_727' title='bbox 2505 943 2662 1012; x_wconf 91' lang='lat' dir='ltr'><strong>ipsis,</strong></span> <span class='ocrx_word' id='word_1_728' title='bbox 2693 945 2840 998; x_wconf 80' lang='lat' dir='ltr'><strong>verbi</strong></span> <span class='ocrx_word' id='word_1_729' title='bbox 2876 960 3034 999; x_wconf 90' lang='lat' dir='ltr'><strong>causa</strong></span> <span class='ocrx_word' id='word_1_730' title='bbox 3062 986 3076 1010; x_wconf 92' lang='lat'><strong>,</strong></span> <span class='ocrx_word' id='word_1_731' title='bbox 3113 943 3428 1001; x_wconf 62' lang='lat' dir='ltr'><strong>saecularem</strong></span> <span class='ocrx_word' id='word_1_732' title='bbox 3473 943 3624 1003; x_wconf 81' lang='lat' dir='ltr'><strong>duxit</strong></span> <span class='ocrx_word' id='word_1_733' title='bbox 3671 965 3831 1005; x_wconf 77' lang='lat' dir='ltr'><strong>uxo-</strong></span> 
     </span>
    </p>
   </div>
   <div class='ocr_carea' id='block_1_87' title="bbox 2226 1013 3828 1089">
    <p class='ocr_par' dir='ltr' id='par_1_87' title="bbox 2226 1013 3828 1089">
     <span class='ocr_line' id='line_1_90' title="bbox 2226 1013 3828 1089; baseline 0.005 -21"><span class='ocrx_word' id='word_1_734' title='bbox 2226 1028 2339 1068; x_wconf 88' lang='lat' dir='ltr'><strong>rem</strong></span> <span class='ocrx_word' id='word_1_735' title='bbox 2371 1055 2385 1077; x_wconf 91' lang='lat'><strong>,</strong></span> <span class='ocrx_word' id='word_1_736' title='bbox 2416 1022 2470 1089; x_wconf 87' lang='lat' dir='ltr'><strong>et</strong></span> <span class='ocrx_word' id='word_1_737' title='bbox 2511 1013 2676 1078; x_wconf 78' lang='lat' dir='ltr'><strong>dixit,</strong></span> <span class='ocrx_word' id='word_1_738' title='bbox 2705 1015 2817 1069; x_wconf 82' lang='lat' dir='ltr'><strong>Non</strong></span> <span class='ocrx_word' id='word_1_739' title='bbox 2846 1031 3062 1089; x_wconf 84' lang='lat' dir='ltr'><strong>possum</strong></span> <span class='ocrx_word' id='word_1_740' title='bbox 3090 1018 3358 1072; x_wconf 88' lang='lat' dir='ltr'><strong>sustinere</strong></span> <span class='ocrx_word' id='word_1_741' title='bbox 3378 1058 3392 1082; x_wconf 89' lang='lat'><strong>,</strong></span> <span class='ocrx_word' id='word_1_742' title='bbox 3439 1032 3546 1072; x_wconf 91' lang='lat' dir='ltr'><strong>non</strong></span> <span class='ocrx_word' id='word_1_743' title='bbox 3591 1034 3828 1089; x_wconf 86' lang='lat' dir='ltr'><strong>possum</strong></span> 
     </span>
    </p>
   </div>
   <div class='ocr_carea' id='block_1_88' title="bbox 2226 1083 3823 1211">
    <p class='ocr_par' dir='ltr' id='par_1_88' title="bbox 2226 1083 3823 1211">
     <span class='ocr_line' id='line_1_91' title="bbox 2226 1083 3823 1211; baseline 0.006 -74"><span class='ocrx_word' id='word_1_744' title='bbox 2226 1083 2520 1138; x_wconf 91' lang='lat' dir='ltr'><strong>monachus</strong></span> <span class='ocrx_word' id='word_1_745' title='bbox 2572 1083 2932 1153; x_wconf 81' lang='lat' dir='ltr'><strong>perseverare.</strong></span> <span class='ocrx_word' id='word_1_746' title='bbox 2981 1087 3128 1140; x_wconf 91' lang='lat' dir='ltr'><strong>Alius</strong></span> <span class='ocrx_word' id='word_1_747' title='bbox 3174 1103 3302 1143; x_wconf 88' lang='lat' dir='ltr'><strong>vero</strong></span> <span class='ocrx_word' id='word_1_748' title='bbox 3329 1088 3418 1211; x_wconf 65' lang='lat' dir='ltr'><strong>qui</strong></span> <span class='ocrx_word' id='word_1_749' title='bbox 3455 1083 3823 1159; x_wconf 78' lang='lat' dir='ltr'><strong>peccaverat,</strong></span> 
     </span>
     <span class='ocr_line' id='line_1_92' title="bbox 2228 1153 3823 1211; baseline 0.002 -3"><span class='ocrx_word' id='word_1_750' title='bbox 2228 1153 2484 1209; x_wconf 77' lang='lat' dir='ltr'><strong>intellexit</strong></span> <span class='ocrx_word' id='word_1_751' title='bbox 2511 1169 2664 1209; x_wconf 92' lang='lat' dir='ltr'><strong>suum</strong></span> <span class='ocrx_word' id='word_1_752' title='bbox 2713 1165 3021 1211; x_wconf 84' lang='lat' dir='ltr'><strong>peccatum:</strong></span> <span class='ocrx_word' id='word_1_753' title='bbox 3069 1157 3198 1211; x_wconf 91' lang='lat' dir='ltr'><strong>nulli</strong></span> <span class='ocrx_word' id='word_1_754' title='bbox 3227 1172 3328 1211; x_wconf 90' lang='lat' dir='ltr'><strong>con</strong></span> <span class='ocrx_word' id='word_1_755' title='bbox 3373 1167 3549 1211; x_wconf 89' lang='lat' dir='ltr'><strong>tetur.</strong></span> <span class='ocrx_word' id='word_1_756' title='bbox 3607 1161 3823 1211; x_wconf 71' lang='lat' dir='ltr'><strong>plangit</strong></span> 
     </span>
    </p>
   </div>
   <div class='ocr_carea' id='block_1_89' title="bbox 2228 1153 3830 1233">
    <p class='ocr_par' dir='ltr' id='par_1_89' title="bbox 2228 1153 3830 1233">
     <span class='ocr_line' id='line_1_93' title="bbox 2228 1153 3830 1233; baseline 0.006 -26"><span class='ocrx_word' id='word_1_757' title='bbox 2228 1153 2484 1233; x_wconf 77' lang='lat' dir='ltr'><strong>intellexit</strong></span> <span class='ocrx_word' id='word_1_758' title='bbox 2511 1169 2664 1233; x_wconf 78' lang='lat' dir='ltr'><strong>suum</strong></span> <span class='ocrx_word' id='word_1_759' title='bbox 2713 1165 3021 1233; x_wconf 70' lang='lat' dir='ltr'><strong>peccatum;</strong></span> <span class='ocrx_word' id='word_1_760' title='bbox 3069 1157 3198 1211; x_wconf 91' lang='lat' dir='ltr'><strong>nulli</strong></span> <span class='ocrx_word' id='word_1_761' title='bbox 3227 1153 3572 1233; x_wconf 61' lang='grc' dir='ltr'><strong>(ιριιῐὶιᾳιζιιδ,Δ</strong></span> <span class='ocrx_word' id='word_1_762' title='bbox 3607 1153 3830 1233; x_wconf 66' lang='lat' dir='ltr'><strong>plangit</strong></span> 
     </span>
    </p>
   </div>
   <div class='ocr_carea' id='block_1_90' title="bbox 2228 1223 3828 1297">
    <p class='ocr_par' dir='ltr' id='par_1_90' title="bbox 2228 1223 3828 1297">
     <span class='ocr_line' id='line_1_94' title="bbox 2228 1223 3828 1297; baseline 0.007 -20"><span class='ocrx_word' id='word_1_763' title='bbox 2228 1225 2573 1297; x_wconf 70' lang='lat' dir='ltr'><strong>tamenquod</strong></span> <span class='ocrx_word' id='word_1_764' title='bbox 2627 1223 2779 1290; x_wconf 89' lang='lat' dir='ltr'><strong>fecit,</strong></span> <span class='ocrx_word' id='word_1_765' title='bbox 2805 1227 2910 1297; x_wconf 20' lang='lat' dir='ltr'><strong>Adie</strong></span> <span class='ocrx_word' id='word_1_766' title='bbox 2937 1236 3219 1297; x_wconf 88' lang='lat' dir='ltr'><strong>noctuque</strong></span> <span class='ocrx_word' id='word_1_767' title='bbox 3267 1228 3476 1283; x_wconf 91' lang='lat' dir='ltr'><strong>Domini</strong></span> <span class='ocrx_word' id='word_1_768' title='bbox 3505 1223 3828 1288; x_wconf 55' lang='lat' dir='ltr'><strong>miserieé&#39;r-</strong></span> 
     </span>
    </p>
   </div>
   <div class='ocr_carea' id='block_1_91' title="bbox 2227 1294 3829 1374">
    <p class='ocr_par' dir='ltr' id='par_1_91' title="bbox 2227 1294 3829 1374">
     <span class='ocr_line' id='line_1_95' title="bbox 2227 1294 3829 1374; baseline 0.006 -26"><span class='ocrx_word' id='word_1_769' title='bbox 2227 1294 2366 1349; x_wconf 89' lang='lat' dir='ltr'><strong>diam</strong></span> <span class='ocrx_word' id='word_1_770' title='bbox 2393 1294 2729 1374; x_wconf 76' lang='lat' dir='ltr'><strong>deprecatur.</strong></span> <span class='ocrx_word' id='word_1_771' title='bbox 2775 1295 3038 1374; x_wconf 87' lang='lat' dir='ltr'><strong>Non_dico</strong></span> <span class='ocrx_word' id='word_1_772' title='bbox 3076 1294 3198 1367; x_wconf 82' lang='lat' dir='ltr'><strong>quia</strong></span> <span class='ocrx_word' id='word_1_773' title='bbox 3247 1298 3384 1374; x_wconf 81' lang='lat' dir='ltr'><strong>bene</strong></span> <span class='ocrx_word' id='word_1_774' title='bbox 3435 1299 3618 1374; x_wconf 85' lang='lat' dir='ltr'><strong>fecerit</strong></span> <span class='ocrx_word' id='word_1_775' title='bbox 3665 1303 3829 1374; x_wconf 87' lang='lat' dir='ltr'><strong>quod</strong></span> 
     </span>
    </p>
   </div>
   <div class='ocr_carea' id='block_1_92' title="bbox 2227 1365 3829 1441">
    <p class='ocr_par' dir='ltr' id='par_1_92' title="bbox 2227 1365 3829 1441">
     <span class='ocr_line' id='line_1_96' title="bbox 2227 1365 3829 1441; baseline 0.007 -23"><span class='ocrx_word' id='word_1_776' title='bbox 2227 1365 2502 1441; x_wconf 75' lang='lat' dir='ltr'><strong>peccavit:</strong></span> <span class='ocrx_word' id='word_1_777' title='bbox 2531 1365 2598 1419; x_wconf 92' lang='lat' dir='ltr'><strong>ad</strong></span> <span class='ocrx_word' id='word_1_778' title='bbox 2624 1367 3076 1441; x_wconf 86' lang='lat' dir='ltr'><strong>comparationem</strong></span> <span class='ocrx_word' id='word_1_779' title='bbox 3096 1365 3424 1441; x_wconf 41' lang='lat' dir='ltr'><strong>‘tamenuejus</strong></span> <span class='ocrx_word' id='word_1_780' title='bbox 3461 1371 3551 1440; x_wconf 92' lang='lat' dir='ltr'><strong>qui</strong></span> <span class='ocrx_word' id='word_1_781' title='bbox 3593 1365 3829 1441; x_wconf 77' lang='lat' dir='ltr'><strong>publice</strong></span> 
     </span>
    </p>
   </div>
   <div class='ocr_carea' id='block_1_93' title="bbox 2227 1435 3827 1512">
    <p class='ocr_par' dir='ltr' id='par_1_93' title="bbox 2227 1435 3827 1512">
     <span class='ocr_line' id='line_1_97' title="bbox 2227 1435 3827 1512; baseline 0.007 -24"><span class='ocrx_word' id='word_1_782' title='bbox 2227 1435 2518 1512; x_wconf 73' lang='lat' dir='ltr'><strong>sceleratus</strong></span> <span class='ocrx_word' id='word_1_783' title='bbox 2559 1444 2670 1501; x_wconf 86' lang='lat' dir='ltr'><strong>est,</strong></span> <span class='ocrx_word' id='word_1_784' title='bbox 2727 1435 2826 1492; x_wconf 90' lang='lat' dir='ltr'><strong>iste</strong></span> <span class='ocrx_word' id='word_1_785' title='bbox 2871 1447 3251 1512; x_wconf 78' lang='lat' dir='ltr'><strong>sanctus_est._</strong></span> <span class='ocrx_word' id='word_1_786' title='bbox 3274 1435 3385 1495; x_wconf 77' lang='lat' dir='ltr'><strong>Hoc</strong></span> <span class='ocrx_word' id='word_1_787' title='bbox 3428 1435 3613 1495; x_wconf 71' lang='lat' dir='ltr'><strong>totum&#39;</strong></span> <span class='ocrx_word' id='word_1_788' title='bbox 3640 1458 3827 1512; x_wconf 84' lang='lat' dir='ltr'><strong>quare</strong></span> 
     </span>
    </p>
   </div>
   <div class='ocr_carea' id='block_1_94' title="bbox 2227 1504 3821 1585">
    <p class='ocr_par' dir='ltr' id='par_1_94' title="bbox 2227 1504 3821 1585">
     <span class='ocr_line' id='line_1_98' title="bbox 2227 1504 3821 1585; baseline 0.006 -27"><span class='ocrx_word' id='word_1_789' title='bbox 2227 1504 2384 1559; x_wconf 91' lang='lat' dir='ltr'><strong>dico?</strong></span> <span class='ocrx_word' id='word_1_790' title='bbox 2415 1505 2528 1585; x_wconf 66' lang='lat' dir='ltr'><strong>l‘ion</strong></span> <span class='ocrx_word' id='word_1_791' title='bbox 2557 1515 2614 1560; x_wconf 94' lang='lat' dir='ltr'><strong>ut</strong></span> <span class='ocrx_word' id='word_1_792' title='bbox 2641 1521 2790 1585; x_wconf 85' lang='lat' dir='ltr'><strong>spem</strong></span> <span class='ocrx_word' id='word_1_793' title='bbox 2822 1509 3191 1585; x_wconf 72' lang='lat' dir='ltr'><strong>peccatoribus</strong></span> <span class='ocrx_word' id='word_1_794' title='bbox 3219 1509 3340 1585; x_wconf 80' lang='lat' dir='ltr'><strong>dem</strong></span> <span class='ocrx_word' id='word_1_795' title='bbox 3353 1549 3386 1585; x_wconf 26' lang='grc' dir='ltr'><strong>,Α</strong></span> <span class='ocrx_word' id='word_1_796' title='bbox 3405 1520 3498 1567; x_wconf 89' lang='lat' dir='ltr'><strong>aut</strong></span> <span class='ocrx_word' id='word_1_797' title='bbox 3519 1526 3617 1585; x_wconf 84' lang='lat' dir='ltr'><strong>per</strong></span> <span class='ocrx_word' id='word_1_798' title='bbox 3636 1504 3821 1585; x_wconf 75' lang='lat' dir='ltr'><strong>ipsam</strong></span> 
     </span>
    </p>
   </div>
   <div class='ocr_carea' id='block_1_95' title="bbox 2226 1574 3821 1654">
    <p class='ocr_par' dir='ltr' id='par_1_95' title="bbox 2226 1574 3821 1654">
     <span class='ocr_line' id='line_1_99' title="bbox 2226 1574 3821 1654; baseline 0.007 -26"><span class='ocrx_word' id='word_1_799' title='bbox 2226 1589 2374 1644; x_wconf 91' lang='lat' dir='ltr'><strong>spem</strong></span> <span class='ocrx_word' id='word_1_800' title='bbox 2399 1574 2520 1629; x_wconf 90' lang='lat' dir='ltr'><strong>dem</strong></span> <span class='ocrx_word' id='word_1_801' title='bbox 2547 1574 2884 1654; x_wconf 32' lang='lat' dir='ltr'><strong>oceaSione‘m</strong></span> <span class='ocrx_word' id='word_1_802' title='bbox 2907 1579 3191 1654; x_wconf 76' lang='lat' dir='ltr'><strong>peccandi;</strong></span> <span class='ocrx_word' id='word_1_803' title='bbox 3219 1580 3312 1634; x_wconf 90' lang='lat' dir='ltr'><strong>sed</strong></span> <span class='ocrx_word' id='word_1_804' title='bbox 3333 1574 3454 1636; x_wconf 92' lang='lat' dir='ltr'><strong>dico</strong></span> <span class='ocrx_word' id='word_1_805' title='bbox 3470 1622 3486 1647; x_wconf 91' lang='lat'><strong>,</strong></span> <span class='ocrx_word' id='word_1_806' title='bbox 3512 1574 3676 1654; x_wconf 73' lang='lat' dir='ltr'><strong>etiam</strong></span> <span class='ocrx_word' id='word_1_807' title='bbox 3699 1585 3821 1654; x_wconf 85' lang='lat' dir='ltr'><strong>qui-</strong></span> 
     </span>
    </p>
   </div>
   <div class='ocr_carea' id='block_1_96' title="bbox 2226 1648 3815 1722">
    <p class='ocr_par' dir='ltr' id='par_1_96' title="bbox 2226 1648 3815 1722">
     <span class='ocr_line' id='line_1_100' title="bbox 2226 1648 3815 1722; baseline 0.007 -25"><span class='ocrx_word' id='word_1_808' title='bbox 2226 1660 2454 1722; x_wconf 74' lang='lat' dir='ltr'><strong>eumque</strong></span> <span class='ocrx_word' id='word_1_809' title='bbox 2482 1648 2816 1714; x_wconf 89' lang='lat' dir='ltr'><strong>peccaverit,</strong></span> <span class='ocrx_word' id='word_1_810' title='bbox 2849 1664 2954 1702; x_wconf 92' lang='lat' dir='ltr'><strong>non</strong></span> <span class='ocrx_word' id='word_1_811' title='bbox 2983 1649 3031 1702; x_wconf 92' lang='lat' dir='ltr'><strong>ei</strong></span> <span class='ocrx_word' id='word_1_812' title='bbox 3060 1649 3183 1704; x_wconf 90' lang='lat' dir='ltr'><strong>licet</strong></span> <span class='ocrx_word' id='word_1_813' title='bbox 3203 1659 3412 1706; x_wconf 86' lang='lat' dir='ltr'><strong>mutare</strong></span> <span class='ocrx_word' id='word_1_814' title='bbox 3451 1648 3815 1722; x_wconf 61' lang='lat' dir='ltr'><strong>prepositu&#39;m.</strong></span> 
     </span>
    </p>
   </div>
   <div class='ocr_carea' id='block_1_97' title="bbox 2228 1715 3816 1788">
    <p class='ocr_par' dir='ltr' id='par_1_97' title="bbox 2228 1715 3816 1788">
     <span class='ocr_line' id='line_1_101' title="bbox 2228 1715 3816 1788; baseline 0.008 -22"><span class='ocrx_word' id='word_1_815' title='bbox 2228 1715 2697 1788; x_wconf 70' lang='lat' dir='ltr'><strong>Dominusautetn</strong></span> <span class='ocrx_word' id='word_1_816' title='bbox 2715 1729 2798 1773; x_wconf 89' lang='lat' dir='ltr'><strong>est</strong></span> <span class='ocrx_word' id='word_1_817' title='bbox 2822 1727 3013 1788; x_wconf 90' lang='lat' dir='ltr'><strong>potens</strong></span> <span class='ocrx_word' id='word_1_818' title='bbox 3034 1733 3121 1775; x_wconf 90' lang='lat' dir='ltr'><strong>me</strong></span> <span class='ocrx_word' id='word_1_819' title='bbox 3145 1729 3199 1774; x_wconf 88' lang='lat' dir='ltr'><strong>et</strong></span> <span class='ocrx_word' id='word_1_820' title='bbox 3222 1735 3317 1774; x_wconf 91' lang='lat' dir='ltr'><strong>vos</strong></span> <span class='ocrx_word' id='word_1_821' title='bbox 3354 1721 3422 1776; x_wconf 90' lang='lat' dir='ltr'><strong>ab</strong></span> <span class='ocrx_word' id='word_1_822' title='bbox 3445 1715 3698 1778; x_wconf 81' lang='lat' dir='ltr'><strong>omnibus</strong></span> <span class='ocrx_word' id='word_1_823' title='bbox 3725 1726 3816 1779; x_wconf 82' lang='lat' dir='ltr'><strong>in-</strong></span> 
     </span>
    </p>
   </div>
   <div class='ocr_carea' id='block_1_98' title="bbox 2227 1785 3815 1864">
    <p class='ocr_par' dir='ltr' id='par_1_98' title="bbox 2227 1785 3815 1864">
     <span class='ocr_line' id='line_1_102' title="bbox 2227 1785 3815 1864; baseline 0.008 -26"><span class='ocrx_word' id='word_1_824' title='bbox 2227 1785 2376 1840; x_wconf 91' lang='lat' dir='ltr'><strong>sidiis</strong></span> <span class='ocrx_word' id='word_1_825' title='bbox 2401 1785 2600 1864; x_wconf 78' lang='lat' dir='ltr'><strong>diaboli</strong></span> <span class='ocrx_word' id='word_1_826' title='bbox 2650 1785 2877 1864; x_wconf 79' lang='lat' dir='ltr'><strong>liberare</strong></span> <span class='ocrx_word' id='word_1_827' title='bbox 2905 1797 3078 1864; x_wconf 85' lang='lat' dir='ltr'><strong>totos,</strong></span> <span class='ocrx_word' id='word_1_828' title='bbox 3109 1791 3196 1864; x_wconf 85' lang='lat' dir='ltr'><strong>cui</strong></span> <span class='ocrx_word' id='word_1_829' title='bbox 3222 1800 3305 1845; x_wconf 91' lang='lat' dir='ltr'><strong>est</strong></span> <span class='ocrx_word' id='word_1_830' title='bbox 3339 1792 3511 1848; x_wconf 90' lang='lat' dir='ltr'><strong>honor</strong></span> <span class='ocrx_word' id='word_1_831' title='bbox 3538 1802 3592 1849; x_wconf 90' lang='lat' dir='ltr'><strong>et</strong></span> <span class='ocrx_word' id='word_1_832' title='bbox 3637 1795 3815 1864; x_wconf 79' lang='lat' dir='ltr'><strong>gloria</strong></span> 
     </span>
    </p>
   </div>
   <div class='ocr_carea' id='block_1_99' title="bbox 2227 1857 3314 1924">
    <p class='ocr_par' dir='ltr' id='par_1_99' title="bbox 2227 1857 3314 1924">
     <span class='ocr_line' id='line_1_103' title="bbox 2227 1857 3314 1924; baseline 0.002 -13"><span class='ocrx_word' id='word_1_833' title='bbox 2227 1869 2325 1924; x_wconf 87' lang='lat' dir='ltr'><strong>per</strong></span> <span class='ocrx_word' id='word_1_834' title='bbox 2344 1857 2520 1910; x_wconf 90' lang='lat' dir='ltr'><strong>omnia</strong></span> <span class='ocrx_word' id='word_1_835' title='bbox 2547 1857 2736 1912; x_wconf 69' lang='lat' dir='ltr'><strong>srecula</strong></span> <span class='ocrx_word' id='word_1_836' title='bbox 2758 1861 3096 1914; x_wconf 70' lang='lat' dir='ltr'><strong>surculorum.</strong></span> <span class='ocrx_word' id='word_1_837' title='bbox 3122 1861 3314 1917; x_wconf 89' lang='lat' dir='ltr'><strong>Amen.</strong></span> 
     </span>
    </p>
   </div>
   <div class='ocr_carea' id='block_1_100' title="bbox 2811 1949 3212 2007">
    <p class='ocr_par' dir='ltr' id='par_1_100' title="bbox 2811 1949 3212 2007">
     <span class='ocr_line' id='line_1_104' title="bbox 2811 1949 3212 2007; baseline 0.002 -3"><span class='ocrx_word' id='word_1_838' title='bbox 2811 1949 3036 2004; x_wconf 80' lang='lat' dir='ltr'><strong>SERMO</strong></span> <span class='ocrx_word' id='word_1_839' title='bbox 3073 1949 3212 2007; x_wconf 83' lang='lat' dir='ltr'><strong>LXI.</strong></span> 
     </span>
    </p>
   </div>
   <div class='ocr_carea' id='block_1_101' title="bbox 2789 2055 3226 2099">
    <p class='ocr_par' dir='ltr' id='par_1_101' title="bbox 2789 2055 3226 2099">
     <span class='ocr_line' id='line_1_105' title="bbox 2789 2055 3226 2099; baseline 0.002 -3"><span class='ocrx_word' id='word_1_840' title='bbox 2789 2057 2856 2096; x_wconf 81' lang='lat' dir='ltr'><strong>DE</strong></span> <span class='ocrx_word' id='word_1_841' title='bbox 2892 2055 3226 2099; x_wconf 73' lang='lat' dir='ltr'><strong>OBEDIENTIA.</strong></span> 
     </span>
    </p>
   </div>
   <div class='ocr_carea' id='block_1_102' title="bbox 2299 2129 3815 2210">
    <p class='ocr_par' dir='ltr' id='par_1_102' title="bbox 2299 2129 3815 2210">
     <span class='ocr_line' id='line_1_106' title="bbox 2299 2129 3815 2210; baseline 0.008 -24"><span class='ocrx_word' id='word_1_842' title='bbox 2299 2129 2353 2186; x_wconf 92' lang='lat' dir='ltr'><strong>Si</strong></span> <span class='ocrx_word' id='word_1_843' title='bbox 2383 2132 2840 2210; x_wconf 55' lang='lat' dir='ltr'><strong>prremiateterum</strong></span> <span class='ocrx_word' id='word_1_844' title='bbox 2868 2135 2990 2189; x_wconf 69' lang='lat' dir='ltr'><strong>vitae</strong></span> <span class='ocrx_word' id='word_1_845' title='bbox 3029 2136 3270 2191; x_wconf 88' lang='lat' dir='ltr'><strong>volumus</strong></span> <span class='ocrx_word' id='word_1_846' title='bbox 3297 2139 3616 2210; x_wconf 82' lang='lat' dir='ltr'><strong>promereri,</strong></span> <span class='ocrx_word' id='word_1_847' title='bbox 3669 2155 3815 2210; x_wconf 70' lang='lat' dir='ltr'><strong>pra:-</strong></span> 
     </span>
    </p>
   </div>
   <div class='ocr_carea' id='block_1_103' title="bbox 2227 2202 3816 2282">
    <p class='ocr_par' dir='ltr' id='par_1_103' title="bbox 2227 2202 3816 2282">
     <span class='ocr_line' id='line_1_107' title="bbox 2227 2202 3816 2282; baseline 0.009 -27"><span class='ocrx_word' id='word_1_848' title='bbox 2227 2213 2378 2272; x_wconf 92' lang='lat' dir='ltr'><strong>cepta</strong></span> <span class='ocrx_word' id='word_1_849' title='bbox 2409 2202 2654 2282; x_wconf 31' lang='lat' dir='ltr'><strong>Dei‘totis</strong></span> <span class='ocrx_word' id='word_1_850' title='bbox 2678 2204 2880 2282; x_wconf 75' lang='lat' dir='ltr'><strong>viribus</strong></span> <span class='ocrx_word' id='word_1_851' title='bbox 2904 2213 3204 2282; x_wconf 72' lang='lat' dir='ltr'><strong>satagamns</strong></span> <span class='ocrx_word' id='word_1_852' title='bbox 3228 2202 3518 2282; x_wconf 74' lang='lat' dir='ltr'><strong>eustedire.</strong></span> <span class='ocrx_word' id='word_1_853' title='bbox 3539 2202 3816 2282; x_wconf 64' lang='lat' dir='ltr'><strong>Praecepta</strong></span> 
     </span>
    </p>
   </div>
   <div class='ocr_carea' id='block_1_104' title="bbox 2228 2273 3813 2348">
    <p class='ocr_par' dir='ltr' id='par_1_104' title="bbox 2228 2273 3813 2348">
     <span class='ocr_line' id='line_1_108' title="bbox 2228 2273 3813 2348; baseline 0.007 -23"><span class='ocrx_word' id='word_1_854' title='bbox 2228 2287 2457 2348; x_wconf 81' lang='lat' dir='ltr'><strong>namque</strong></span> <span class='ocrx_word' id='word_1_855' title='bbox 2485 2273 2588 2348; x_wconf 79' lang='lat' dir='ltr'><strong>Dei</strong></span> <span class='ocrx_word' id='word_1_856' title='bbox 2606 2274 2911 2348; x_wconf 79' lang='lat' dir='ltr'><strong>nolentibus</strong></span> <span class='ocrx_word' id='word_1_857' title='bbox 2929 2273 3128 2348; x_wconf 78' lang='lat' dir='ltr'><strong>gravia,</strong></span> <span class='ocrx_word' id='word_1_858' title='bbox 3167 2277 3469 2334; x_wconf 88' lang='lat' dir='ltr'><strong>volentibus</strong></span> <span class='ocrx_word' id='word_1_859' title='bbox 3495 2289 3620 2334; x_wconf 88' lang='lat' dir='ltr'><strong>sunt</strong></span> <span class='ocrx_word' id='word_1_860' title='bbox 3647 2273 3813 2348; x_wconf 76' lang='lat' dir='ltr'><strong>levia,</strong></span> 
     </span>
    </p>
   </div>
   <div class='ocr_carea' id='block_1_105' title="bbox 2229 2343 3814 2416">
    <p class='ocr_par' dir='ltr' id='par_1_105' title="bbox 2229 2343 3814 2416">
     <span class='ocr_line' id='line_1_109' title="bbox 2229 2343 3814 2416; baseline 0.008 -20"><span class='ocrx_word' id='word_1_861' title='bbox 2229 2343 2365 2397; x_wconf 83' lang='lat' dir='ltr'><strong>sicut</strong></span> <span class='ocrx_word' id='word_1_862' title='bbox 2395 2343 2506 2416; x_wconf 87' lang='lat' dir='ltr'><strong>ipse</strong></span> <span class='ocrx_word' id='word_1_863' title='bbox 2542 2343 2615 2416; x_wconf 78' lang='lat' dir='ltr'><strong>ait</strong></span> <span class='ocrx_word' id='word_1_864' title='bbox 2634 2344 2883 2416; x_wconf 44' lang='lat' dir='ltr'><strong>ilugum</strong></span> <span class='ocrx_word' id='word_1_865' title='bbox 2908 2343 3042 2416; x_wconf 69' lang='lat' dir='ltr'><strong>eitim</strong></span> <span class='ocrx_word' id='word_1_866' title='bbox 3071 2362 3234 2400; x_wconf 84' lang='lat' dir='ltr'><strong>meum</strong></span> <span class='ocrx_word' id='word_1_867' title='bbox 3263 2364 3416 2402; x_wconf 80' lang='lat' dir='ltr'><strong>suave</strong></span> <span class='ocrx_word' id='word_1_868' title='bbox 3455 2359 3560 2416; x_wconf 76' lang='lat' dir='ltr'><strong>est,</strong></span> <span class='ocrx_word' id='word_1_869' title='bbox 3597 2360 3646 2403; x_wconf 82' lang='lat' dir='ltr'><strong>et</strong></span> <span class='ocrx_word' id='word_1_870' title='bbox 3677 2343 3814 2407; x_wconf 68' lang='lat' dir='ltr'><strong>anui</strong></span> 
     </span>
    </p>
   </div>
   <div class='ocr_carea' id='block_1_106' title="bbox 2227 2413 3817 2487">
    <p class='ocr_par' dir='ltr' id='par_1_106' title="bbox 2227 2413 3817 2487">
     <span class='ocr_line' id='line_1_110' title="bbox 2227 2413 3817 2487; baseline 0.008 -22"><span class='ocrx_word' id='word_1_871' title='bbox 2227 2429 2396 2487; x_wconf 75' lang='lat' dir='ltr'><strong>meum</strong></span> <span class='ocrx_word' id='word_1_872' title='bbox 2433 2414 2534 2468; x_wconf 85' lang='lat' dir='ltr'><strong>leve</strong></span> <span class='ocrx_word' id='word_1_873' title='bbox 2573 2413 2592 2484; x_wconf 98' lang='lat'>(</span> <span class='ocrx_word' id='word_1_874' title='bbox 2621 2413 2808 2468; x_wconf 74' lang='lat' dir='ltr'><strong>Matth.</strong></span> <span class='ocrx_word' id='word_1_875' title='bbox 2833 2415 2982 2478; x_wconf 77' lang='lat' dir='ltr'><strong>x1,50</strong></span> <span class='ocrx_word' id='word_1_876' title='bbox 3007 2419 3049 2487; x_wconf 87' lang='lat'><strong>).</strong></span> <span class='ocrx_word' id='word_1_877' title='bbox 3098 2417 3388 2474; x_wconf 84' lang='lat' dir='ltr'><strong>Audiamus</strong></span> <span class='ocrx_word' id='word_1_878' title='bbox 3421 2413 3694 2475; x_wconf 79' lang='lat' dir='ltr'><strong>Dominum</strong></span> <span class='ocrx_word' id='word_1_879' title='bbox 3748 2431 3817 2478; x_wconf 73' lang='lat' dir='ltr'><strong>et</strong></span> 
     </span>
    </p>
   </div>
   <div class='ocr_carea' id='block_1_107' title="bbox 2228 2483 3817 2556">
    <p class='ocr_par' dir='ltr' id='par_1_107' title="bbox 2228 2483 3817 2556">
     <span class='ocr_line' id='line_1_111' title="bbox 2228 2483 3817 2556; baseline 0.007 -18"><span class='ocrx_word' id='word_1_880' title='bbox 2228 2483 2558 2556; x_wconf 52' lang='lat' dir='ltr'><strong>salvatorem</strong></span> <span class='ocrx_word' id='word_1_881' title='bbox 2580 2483 2820 2556; x_wconf 69' lang='lat' dir='ltr'><strong>nostrum</strong></span> <span class='ocrx_word' id='word_1_882' title='bbox 2836 2483 3224 2556; x_wconf 80' lang='lat' dir='ltr'><strong>praecipientem</strong></span> <span class='ocrx_word' id='word_1_883' title='bbox 3247 2489 3421 2556; x_wconf 87' lang='lat' dir='ltr'><strong>nobis,</strong></span> <span class='ocrx_word' id='word_1_884' title='bbox 3443 2500 3497 2546; x_wconf 89' lang='lat' dir='ltr'><strong>et</strong></span> <span class='ocrx_word' id='word_1_885' title='bbox 3515 2507 3613 2546; x_wconf 93' lang='lat' dir='ltr'><strong>suo</strong></span> <span class='ocrx_word' id='word_1_886' title='bbox 3625 2507 3817 2549; x_wconf 78' lang='lat' dir='ltr'><strong>exem-</strong></span> 
     </span>
    </p>
   </div>
   <div class='ocr_carea' id='block_1_108' title="bbox 2229 2554 3815 2632">
    <p class='ocr_par' dir='ltr' id='par_1_108' title="bbox 2229 2554 3815 2632">
     <span class='ocr_line' id='line_1_112' title="bbox 2229 2554 3815 2632; baseline 0.008 -26"><span class='ocrx_word' id='word_1_887' title='bbox 2229 2554 2316 2623; x_wconf 92' lang='lat' dir='ltr'><strong>plo</strong></span> <span class='ocrx_word' id='word_1_888' title='bbox 2340 2555 2736 2632; x_wconf 72' lang='lat' dir='ltr'><strong>admonentem.</strong></span> <span class='ocrx_word' id='word_1_889' title='bbox 2764 2555 2969 2632; x_wconf 75' lang='lat' dir='ltr'><strong>Tollite,</strong></span> <span class='ocrx_word' id='word_1_890' title='bbox 2998 2554 3206 2632; x_wconf 72' lang='lat' dir='ltr'><strong>inquit,</strong></span> <span class='ocrx_word' id='word_1_891' title='bbox 3226 2554 3612 2632; x_wconf 35' lang='lat' dir='ltr'><strong>jugum&#39;meum</strong></span> <span class='ocrx_word' id='word_1_892' title='bbox 3653 2579 3815 2632; x_wconf 74' lang='lat' dir='ltr'><strong>super</strong></span> 
     </span>
    </p>
   </div>
   <div class='ocr_carea' id='block_1_109' title="bbox 2228 2625 3813 2696">
    <p class='ocr_par' dir='ltr' id='par_1_109' title="bbox 2228 2625 3813 2696">
     <span class='ocr_line' id='line_1_113' title="bbox 2228 2625 3813 2696; baseline 0.007 -20"><span class='ocrx_word' id='word_1_893' title='bbox 2228 2639 2350 2696; x_wconf 62' lang='lat' dir='ltr'><strong>eos,</strong></span> <span class='ocrx_word' id='word_1_894' title='bbox 2369 2634 2415 2696; x_wconf 77' lang='lat' dir='ltr'><strong>et</strong></span> <span class='ocrx_word' id='word_1_895' title='bbox 2444 2625 2673 2696; x_wconf 74' lang='lat' dir='ltr'><strong>discitea</strong></span> <span class='ocrx_word' id='word_1_896' title='bbox 2700 2643 2796 2688; x_wconf 87' lang='lat' dir='ltr'><strong>me,</strong></span> <span class='ocrx_word' id='word_1_897' title='bbox 2836 2627 2953 2696; x_wconf 81' lang='lat' dir='ltr'><strong>quia</strong></span> <span class='ocrx_word' id='word_1_898' title='bbox 2983 2625 3119 2681; x_wconf 69' lang='lat' dir='ltr'><strong>mitis</strong></span> <span class='ocrx_word' id='word_1_899' title='bbox 3147 2625 3374 2695; x_wconf 47' lang='grc' dir='ltr'><strong>διώξει</strong></span> <span class='ocrx_word' id='word_1_900' title='bbox 3415 2630 3610 2685; x_wconf 74' lang='lat' dir='ltr'><strong>humili:</strong></span> <span class='ocrx_word' id='word_1_901' title='bbox 3648 2625 3813 2688; x_wconf 66' lang='lat' dir='ltr'><strong>corda</strong></span> 
     </span>
    </p>
   </div>
   <div class='ocr_carea' id='block_1_110' title="bbox 2233 2693 3804 2767">
    <p class='ocr_par' dir='ltr' id='par_1_110' title="bbox 2233 2693 3804 2767">
     <span class='ocr_line' id='line_1_114' title="bbox 2233 2693 3804 2767; baseline 0.01 -22"><span class='ocrx_word' id='word_1_902' title='bbox 2233 2693 2433 2764; x_wconf 83' lang='lat' dir='ltr'><strong>(Ibid.,</strong></span> <span class='ocrx_word' id='word_1_903' title='bbox 2458 2694 2735 2767; x_wconf 13' lang='lat' dir='ltr'><strong>29).,Quid</strong></span> <span class='ocrx_word' id='word_1_904' title='bbox 2756 2693 3040 2766; x_wconf 50' lang='lat' dir='ltr'><strong>est‘jugum</strong></span> <span class='ocrx_word' id='word_1_905' title='bbox 3071 2698 3162 2753; x_wconf 91' lang='lat' dir='ltr'><strong>Dei</strong></span> <span class='ocrx_word' id='word_1_906' title='bbox 3187 2693 3348 2767; x_wconf 85' lang='lat' dir='ltr'><strong>super</strong></span> <span class='ocrx_word' id='word_1_907' title='bbox 3373 2714 3433 2755; x_wconf 91' lang='lat' dir='ltr'><strong>se</strong></span> <span class='ocrx_word' id='word_1_908' title='bbox 3458 2703 3656 2767; x_wconf 81' lang='lat' dir='ltr'><strong>tollere,</strong></span> <span class='ocrx_word' id='word_1_909' title='bbox 3693 2705 3804 2760; x_wconf 87' lang='lat' dir='ltr'><strong>nisi</strong></span> 
     </span>
    </p>
   </div>
   <div class='ocr_carea' id='block_1_111' title="bbox 2227 2765 3808 2841">
    <p class='ocr_par' dir='ltr' id='par_1_111' title="bbox 2227 2765 3808 2841">
     <span class='ocr_line' id='line_1_115' title="bbox 2227 2765 3808 2841; baseline 0.007 -23"><span class='ocrx_word' id='word_1_910' title='bbox 2227 2774 2424 2841; x_wconf 68' lang='lat' dir='ltr'><strong>saneta:</strong></span> <span class='ocrx_word' id='word_1_911' title='bbox 2458 2765 2773 2841; x_wconf 63' lang='lat' dir='ltr'><strong>obetlientia:</strong></span> <span class='ocrx_word' id='word_1_912' title='bbox 2814 2765 3078 2836; x_wconf 73' lang='lat' dir='ltr'><strong>prcecepto</strong></span> <span class='ocrx_word' id='word_1_913' title='bbox 3110 2765 3342 2841; x_wconf 84' lang='lat' dir='ltr'><strong>_seipsum</strong></span> <span class='ocrx_word' id='word_1_914' title='bbox 3379 2781 3594 2841; x_wconf 85' lang='lat' dir='ltr'><strong>propter</strong></span> <span class='ocrx_word' id='word_1_915' title='bbox 3634 2765 3808 2831; x_wconf 84' lang='lat' dir='ltr'><strong>Deum</strong></span> 
     </span>
    </p>
   </div>
   <div class='ocr_carea' id='block_1_112' title="bbox 2227 2835 3805 2910">
    <p class='ocr_par' dir='ltr' id='par_1_112' title="bbox 2227 2835 3805 2910">
     <span class='ocr_line' id='line_1_116' title="bbox 2227 2835 3805 2910; baseline 0.009 -24"><span class='ocrx_word' id='word_1_916' title='bbox 2227 2835 2526 2910; x_wconf 81' lang='lat' dir='ltr'><strong>subjicere?</strong></span> <span class='ocrx_word' id='word_1_917' title='bbox 2545 2835 2886 2910; x_wconf 83' lang='lat' dir='ltr'><strong>Mitis__a_ut_em</strong></span> <span class='ocrx_word' id='word_1_918' title='bbox 2910 2835 3010 2910; x_wconf 79' lang='lat' dir='ltr'><strong>est,</strong></span> <span class='ocrx_word' id='word_1_919' title='bbox 3034 2838 3125 2907; x_wconf 89' lang='lat' dir='ltr'><strong>qui</strong></span> <span class='ocrx_word' id='word_1_920' title='bbox 3149 2835 3336 2895; x_wconf 79' lang='lat' dir='ltr'><strong>omnes</strong></span> <span class='ocrx_word' id='word_1_921' title='bbox 3361 2835 3580 2910; x_wconf 76' lang='lat' dir='ltr'><strong>injurias</strong></span> <span class='ocrx_word' id='word_1_922' title='bbox 3599 2852 3653 2898; x_wconf 89' lang='lat' dir='ltr'><strong>et</strong></span> <span class='ocrx_word' id='word_1_923' title='bbox 3675 2858 3805 2900; x_wconf 77' lang='lat' dir='ltr'><strong>con-</strong></span> 
     </span>
    </p>
   </div>
   <div class='ocr_carea' id='block_1_113' title="bbox 2230 2906 3790 2982">
    <p class='ocr_par' dir='ltr' id='par_1_113' title="bbox 2230 2906 3790 2982">
     <span class='ocr_line' id='line_1_117' title="bbox 2230 2906 3790 2982; baseline 0.008 -25"><span class='ocrx_word' id='word_1_924' title='bbox 2230 2906 2490 2982; x_wconf 82' lang='lat' dir='ltr'><strong>tumelias,</strong></span> <span class='ocrx_word' id='word_1_925' title='bbox 2515 2922 2633 2976; x_wconf 71' lang='lat' dir='ltr'><strong>qua:</strong></span> <span class='ocrx_word' id='word_1_926' title='bbox 2653 2907 2749 2982; x_wconf 83' lang='lat' dir='ltr'><strong>sibi</strong></span> <span class='ocrx_word' id='word_1_927' title='bbox 2773 2906 2932 2961; x_wconf 66' lang='lat' dir='ltr'><strong>illata:</strong></span> <span class='ocrx_word' id='word_1_928' title='bbox 2955 2906 3167 2982; x_wconf 82' lang='lat' dir='ltr'><strong>fuerint,</strong></span> <span class='ocrx_word' id='word_1_929' title='bbox 3188 2906 3556 2980; x_wconf 62' lang='lat' dir='ltr'><strong>mquanimiter</strong></span> <span class='ocrx_word' id='word_1_930' title='bbox 3576 2914 3790 2982; x_wconf 84' lang='lat' dir='ltr'><strong>tolerat,</strong></span> 
     </span>
    </p>
   </div>
   <div class='ocr_carea' id='block_1_114' title="bbox 2227 2975 3802 3052">
    <p class='ocr_par' dir='ltr' id='par_1_114' title="bbox 2227 2975 3802 3052">
     <span class='ocr_line' id='line_1_118' title="bbox 2227 2975 3802 3052; baseline 0.008 -25"><span class='ocrx_word' id='word_1_931' title='bbox 2227 2975 2312 3052; x_wconf 82' lang='lat' dir='ltr'><strong>qui</strong></span> <span class='ocrx_word' id='word_1_932' title='bbox 2341 2991 2469 3052; x_wconf 70' lang='lat' dir='ltr'><strong>eam</strong></span> <span class='ocrx_word' id='word_1_933' title='bbox 2495 2975 2838 3052; x_wconf 81' lang='lat' dir='ltr'><strong>apostolicam</strong></span> <span class='ocrx_word' id='word_1_934' title='bbox 2865 2980 3180 3052; x_wconf 86' lang='lat' dir='ltr'><strong>sententiam</strong></span> <span class='ocrx_word' id='word_1_935' title='bbox 3211 2975 3372 3052; x_wconf 79' lang='lat' dir='ltr'><strong>opere</strong></span> <span class='ocrx_word' id='word_1_936' title='bbox 3395 2992 3560 3048; x_wconf 89' lang='lat' dir='ltr'><strong>tenet,</strong></span> <span class='ocrx_word' id='word_1_937' title='bbox 3584 2999 3688 3052; x_wconf 88' lang='lat' dir='ltr'><strong>qua</strong></span> <span class='ocrx_word' id='word_1_938' title='bbox 3711 2975 3802 3040; x_wconf 56' lang='lat' dir='ltr'><strong>di;</strong></span> 
     </span>
    </p>
   </div>
   <div class='ocr_carea' id='block_1_115' title="bbox 2226 3045 3806 3120">
    <p class='ocr_par' dir='ltr' id='par_1_115' title="bbox 2226 3045 3806 3120">
     <span class='ocr_line' id='line_1_119' title="bbox 2226 3045 3806 3120; baseline 0.008 -22"><span class='ocrx_word' id='word_1_939' title='bbox 2226 3045 2382 3112; x_wconf 88' lang='lat' dir='ltr'><strong>citur,</strong></span> <span class='ocrx_word' id='word_1_940' title='bbox 2417 3045 2539 3120; x_wconf 69' lang='lat' dir='ltr'><strong>Non</strong></span> <span class='ocrx_word' id='word_1_941' title='bbox 2561 3047 2823 3120; x_wconf 67' lang='lat' dir='ltr'><strong>reddente:</strong></span> <span class='ocrx_word' id='word_1_942' title='bbox 2847 3049 3036 3101; x_wconf 84' lang='lat' dir='ltr'><strong>malum</strong></span> <span class='ocrx_word' id='word_1_943' title='bbox 3077 3067 3169 3120; x_wconf 83' lang='lat' dir='ltr'><strong>pro</strong></span> <span class='ocrx_word' id='word_1_944' title='bbox 3193 3045 3346 3115; x_wconf 74' lang='lat' dir='ltr'><strong>melo,</strong></span> <span class='ocrx_word' id='word_1_945' title='bbox 3376 3053 3452 3106; x_wconf 83' lang='lat' dir='ltr'><strong>vel</strong></span> <span class='ocrx_word' id='word_1_946' title='bbox 3485 3045 3806 3110; x_wconf 73' lang='lat' dir='ltr'><strong>malédictum</strong></span> 
     </span>
    </p>
   </div>
   <div class='ocr_carea' id='block_1_116' title="bbox 2229 3117 3800 3192">
    <p class='ocr_par' dir='ltr' id='par_1_116' title="bbox 2229 3117 3800 3192">
     <span class='ocr_line' id='line_1_120' title="bbox 2229 3117 3800 3192; baseline 0.009 -25"><span class='ocrx_word' id='word_1_947' title='bbox 2229 3131 2320 3192; x_wconf 67' lang='lat' dir='ltr'><strong>pro</strong></span> <span class='ocrx_word' id='word_1_948' title='bbox 2346 3117 2609 3192; x_wconf 78' lang='lat' dir='ltr'><strong>maledicto</strong></span> <span class='ocrx_word' id='word_1_949' title='bbox 2633 3135 2651 3183; x_wconf 91' lang='lat'><strong>;</strong></span> <span class='ocrx_word' id='word_1_950' title='bbox 2678 3118 2765 3192; x_wconf 69' lang='lat' dir='ltr'><strong>sed</strong></span> <span class='ocrx_word' id='word_1_951' title='bbox 2786 3135 2819 3192; x_wconf 15' lang='lat' dir='ltr'><strong>Ae</strong></span> <span class='ocrx_word' id='word_1_952' title='bbox 2844 3117 3094 3192; x_wconf 76' lang='lat' dir='ltr'><strong>contrario</strong></span> <span class='ocrx_word' id='word_1_953' title='bbox 3124 3121 3463 3192; x_wconf 72' lang='lat' dir='ltr'><strong>benedicentes</strong></span> <span class='ocrx_word' id='word_1_954' title='bbox 3486 3123 3503 3191; x_wconf 94' lang='lat'><strong>(</strong></span> <span class='ocrx_word' id='word_1_955' title='bbox 3527 3123 3698 3178; x_wconf 82' lang='lat' dir='ltr'><strong>lPetr.</strong></span> <span class='ocrx_word' id='word_1_956' title='bbox 3723 3141 3800 3192; x_wconf 87' lang='lat' dir='ltr'><strong>nt,</strong></span> 
     </span>
    </p>
   </div>
   <div class='ocr_carea' id='block_1_117' title="bbox 2226 3184 3790 3254">
    <p class='ocr_par' dir='ltr' id='par_1_117' title="bbox 2226 3184 3790 3254">
     <span class='ocr_line' id='line_1_121' title="bbox 2226 3184 3790 3254; baseline 0.006 -15"><span class='ocrx_word' id='word_1_957' title='bbox 2226 3184 2296 3254; x_wconf 88' lang='lat'><strong>9)</strong></span> <span class='ocrx_word' id='word_1_958' title='bbox 2330 3204 2342 3240; x_wconf 93' lang='lat'>:</span> <span class='ocrx_word' id='word_1_959' title='bbox 2371 3197 2422 3240; x_wconf 82' lang='lat' dir='ltr'><strong>et</strong></span> <span class='ocrx_word' id='word_1_960' title='bbox 2449 3191 2660 3253; x_wconf 88' lang='lat' dir='ltr'><strong>iterum,</strong></span> <span class='ocrx_word' id='word_1_961' title='bbox 2688 3187 2814 3242; x_wconf 81' lang='lat' dir='ltr'><strong>Noli</strong></span> <span class='ocrx_word' id='word_1_962' title='bbox 2835 3190 3013 3242; x_wconf 84' lang='lat' dir='ltr'><strong>vincia</strong></span> <span class='ocrx_word' id='word_1_963' title='bbox 3034 3191 3187 3253; x_wconf 85' lang='lat' dir='ltr'><strong>malo,</strong></span> <span class='ocrx_word' id='word_1_964' title='bbox 3214 3193 3300 3244; x_wconf 81' lang='lat' dir='ltr'><strong>sed</strong></span> <span class='ocrx_word' id='word_1_965' title='bbox 3316 3194 3454 3246; x_wconf 81' lang='lat' dir='ltr'><strong>vince</strong></span> <span class='ocrx_word' id='word_1_966' title='bbox 3479 3184 3531 3246; x_wconf 74' lang='lat' dir='ltr'><strong>in</strong></span> <span class='ocrx_word' id='word_1_967' title='bbox 3555 3195 3684 3248; x_wconf 85' lang='lat' dir='ltr'><strong>bono</strong></span> <span class='ocrx_word' id='word_1_968' title='bbox 3702 3184 3790 3250; x_wconf 72' lang='lat' dir='ltr'><strong>ma</strong></span> 
     </span>
    </p>
   </div>
   <div class='ocr_carea' id='block_1_118' title="bbox 2226 3257 3805 3334">
    <p class='ocr_par' dir='ltr' id='par_1_118' title="bbox 2226 3257 3805 3334">
     <span class='ocr_line' id='line_1_122' title="bbox 2226 3257 3805 3334; baseline 0.009 -27"><span class='ocrx_word' id='word_1_969' title='bbox 2226 3257 2350 3334; x_wconf 64' lang='lat' dir='ltr'><strong>iuni.</strong></span> <span class='ocrx_word' id='word_1_970' title='bbox 2380 3257 2577 3334; x_wconf 37' lang='lat' dir='ltr'><strong>(Rom:</strong></span> <span class='ocrx_word' id='word_1_971' title='bbox 2596 3274 2686 3334; x_wconf 72' lang='lat' dir='ltr'><strong>xu,</strong></span> <span class='ocrx_word' id='word_1_972' title='bbox 2711 3260 2776 3315; x_wconf 70' lang='grc'><strong>21</strong></span> <span class='ocrx_word' id='word_1_973' title='bbox 2812 3259 2863 3334; x_wconf 53' lang='grc'><strong>);</strong></span> <span class='ocrx_word' id='word_1_974' title='bbox 2879 3259 3101 3334; x_wconf 79' lang='lat' dir='ltr'><strong>Humilis</strong></span> <span class='ocrx_word' id='word_1_975' title='bbox 3126 3277 3251 3316; x_wconf 89' lang='lat' dir='ltr'><strong>vero</strong></span> <span class='ocrx_word' id='word_1_976' title='bbox 3279 3272 3379 3326; x_wconf 85' lang='lat' dir='ltr'><strong>est,</strong></span> <span class='ocrx_word' id='word_1_977' title='bbox 3409 3265 3497 3334; x_wconf 92' lang='lat' dir='ltr'><strong>qui</strong></span> <span class='ocrx_word' id='word_1_978' title='bbox 3534 3266 3675 3334; x_wconf 87' lang='lat' dir='ltr'><strong>eligit</strong></span> <span class='ocrx_word' id='word_1_979' title='bbox 3708 3268 3805 3322; x_wconf 86' lang='lat' dir='ltr'><strong>ab-</strong></span> 
     </span>
    </p>
   </div>
   <div class='ocr_carea' id='block_1_119' title="bbox 2219 3325 3804 3406">
    <p class='ocr_par' dir='ltr' id='par_1_119' title="bbox 2219 3325 3804 3406">
     <span class='ocr_line' id='line_1_123' title="bbox 2219 3325 3804 3406; baseline 0.008 -27"><span class='ocrx_word' id='word_1_980' title='bbox 2219 3325 2398 3394; x_wconf 84' lang='lat' dir='ltr'><strong>jectus</strong></span> <span class='ocrx_word' id='word_1_981' title='bbox 2421 3343 2539 3383; x_wconf 89' lang='lat' dir='ltr'><strong>esse</strong></span> <span class='ocrx_word' id='word_1_982' title='bbox 2565 3329 2623 3406; x_wconf 81' lang='lat' dir='ltr'><strong>in</strong></span> <span class='ocrx_word' id='word_1_983' title='bbox 2643 3325 2952 3406; x_wconf 50' lang='lat' dir='ltr'><strong>domo&#39;Dei,</strong></span> <span class='ocrx_word' id='word_1_984' title='bbox 2975 3340 3028 3384; x_wconf 89' lang='lat' dir='ltr'><strong>ct</strong></span> <span class='ocrx_word' id='word_1_985' title='bbox 3051 3347 3237 3386; x_wconf 91' lang='lat' dir='ltr'><strong>omnes</strong></span> <span class='ocrx_word' id='word_1_986' title='bbox 3276 3325 3375 3388; x_wconf 91' lang='lat' dir='ltr'><strong>sibi</strong></span> <span class='ocrx_word' id='word_1_987' title='bbox 3406 3325 3676 3402; x_wconf 55' lang='lat' dir='ltr'><strong>p&#39;rzeferr&#39;e,</strong></span> <span class='ocrx_word' id='word_1_988' title='bbox 3709 3339 3804 3406; x_wconf 91' lang='lat' dir='ltr'><strong>qui</strong></span> 
     </span>
    </p>
   </div>
   <div class='ocr_carea' id='block_1_120' title="bbox 2224 3399 3805 3472">
    <p class='ocr_par' dir='ltr' id='par_1_120' title="bbox 2224 3399 3805 3472">
     <span class='ocr_line' id='line_1_124' title="bbox 2224 3399 3805 3472; baseline 0.008 -23"><span class='ocrx_word' id='word_1_989' title='bbox 2224 3410 2291 3472; x_wconf 81' lang='lat' dir='ltr'><strong>se</strong></span> <span class='ocrx_word' id='word_1_990' title='bbox 2306 3412 2517 3468; x_wconf 87' lang='lat' dir='ltr'><strong>semper</strong></span> <span class='ocrx_word' id='word_1_991' title='bbox 2539 3401 2808 3468; x_wconf 87' lang='lat' dir='ltr'><strong>pulverem</strong></span> <span class='ocrx_word' id='word_1_992' title='bbox 2827 3408 2881 3453; x_wconf 89' lang='lat' dir='ltr'><strong>et</strong></span> <span class='ocrx_word' id='word_1_993' title='bbox 2907 3399 3138 3472; x_wconf 85' lang='lat' dir='ltr'><strong>cinerem</strong></span> <span class='ocrx_word' id='word_1_994' title='bbox 3167 3417 3284 3457; x_wconf 90' lang='lat' dir='ltr'><strong>esse</strong></span> <span class='ocrx_word' id='word_1_995' title='bbox 3305 3399 3510 3472; x_wconf 81' lang='lat' dir='ltr'><strong>penset,</strong></span> <span class='ocrx_word' id='word_1_996' title='bbox 3524 3415 3578 3459; x_wconf 91' lang='lat' dir='ltr'><strong>et</strong></span> <span class='ocrx_word' id='word_1_997' title='bbox 3604 3399 3805 3462; x_wconf 75' lang='lat' dir='ltr'><strong>incun-</strong></span> 
     </span>
    </p>
   </div>
   <div class='ocr_carea' id='block_1_121' title="bbox 2224 3468 3801 3546">
    <p class='ocr_par' dir='ltr' id='par_1_121' title="bbox 2224 3468 3801 3546">
     <span class='ocr_line' id='line_1_125' title="bbox 2224 3468 3801 3546; baseline 0.008 -27"><span class='ocrx_word' id='word_1_998' title='bbox 2224 3468 2324 3546; x_wconf 80' lang='lat' dir='ltr'><strong>ctis</strong></span> <span class='ocrx_word' id='word_1_999' title='bbox 2350 3484 2467 3538; x_wconf 74' lang='lat' dir='ltr'><strong>qua:</strong></span> <span class='ocrx_word' id='word_1_1000' title='bbox 2493 3472 2599 3538; x_wconf 83' lang='lat' dir='ltr'><strong>agit</strong></span> <span class='ocrx_word' id='word_1_1001' title='bbox 2628 3487 2837 3546; x_wconf 85' lang='lat' dir='ltr'><strong>servum</strong></span> <span class='ocrx_word' id='word_1_1002' title='bbox 2868 3485 2926 3523; x_wconf 90' lang='lat' dir='ltr'><strong>se</strong></span> <span class='ocrx_word' id='word_1_1003' title='bbox 2954 3470 3247 3546; x_wconf 83' lang='lat' dir='ltr'><strong>indignum,</strong></span> <span class='ocrx_word' id='word_1_1004' title='bbox 3282 3468 3384 3527; x_wconf 79' lang='lat' dir='ltr'><strong>non</strong></span> <span class='ocrx_word' id='word_1_1005' title='bbox 3415 3475 3583 3546; x_wconf 89' lang='lat' dir='ltr'><strong>solum</strong></span> <span class='ocrx_word' id='word_1_1006' title='bbox 3610 3478 3801 3546; x_wconf 83' lang='lat' dir='ltr'><strong>verbo,</strong></span> 
     </span>
    </p>
   </div>
   <div class='ocr_carea' id='block_1_122' title="bbox 2225 3538 3805 3611">
    <p class='ocr_par' dir='ltr' id='par_1_122' title="bbox 2225 3538 3805 3611">
     <span class='ocr_line' id='line_1_126' title="bbox 2225 3538 3805 3611; baseline 0.008 -20"><span class='ocrx_word' id='word_1_1007' title='bbox 2225 3538 2317 3592; x_wconf 89' lang='lat' dir='ltr'><strong>sed</strong></span> <span class='ocrx_word' id='word_1_1008' title='bbox 2339 3554 2520 3611; x_wconf 85' lang='lat' dir='ltr'><strong>opere,</strong></span> <span class='ocrx_word' id='word_1_1009' title='bbox 2557 3543 2895 3611; x_wconf 82' lang='lat' dir='ltr'><strong>cogitatione,</strong></span> <span class='ocrx_word' id='word_1_1010' title='bbox 2920 3538 3126 3597; x_wconf 82' lang='lat' dir='ltr'><strong>etomiii</strong></span> <span class='ocrx_word' id='word_1_1011' title='bbox 3145 3538 3545 3600; x_wconf 84' lang='lat' dir='ltr'><strong>conversatione</strong></span> <span class='ocrx_word' id='word_1_1012' title='bbox 3561 3562 3649 3600; x_wconf 90' lang='lat' dir='ltr'><strong>sua</strong></span> <span class='ocrx_word' id='word_1_1013' title='bbox 3665 3538 3805 3603; x_wconf 56' lang='lat' dir='ltr'><strong>sem:</strong></span> 
     </span>
    </p>
   </div>
   <div class='ocr_carea' id='block_1_123' title="bbox 2223 3610 3798 3683">
    <p class='ocr_par' dir='ltr' id='par_1_123' title="bbox 2223 3610 3798 3683">
     <span class='ocr_line' id='line_1_127' title="bbox 2223 3610 3798 3683; baseline 0.008 -22"><span class='ocrx_word' id='word_1_1014' title='bbox 2223 3623 2318 3678; x_wconf 88' lang='lat' dir='ltr'><strong>per</strong></span> <span class='ocrx_word' id='word_1_1015' title='bbox 2346 3624 2405 3683; x_wconf 82' lang='lat' dir='ltr'><strong>se</strong></span> <span class='ocrx_word' id='word_1_1016' title='bbox 2431 3610 2611 3683; x_wconf 77' lang='lat' dir='ltr'><strong>abjicit</strong></span> <span class='ocrx_word' id='word_1_1017' title='bbox 2630 3610 2684 3666; x_wconf 88' lang='lat' dir='ltr'><strong>et</strong></span> <span class='ocrx_word' id='word_1_1018' title='bbox 2710 3613 3022 3667; x_wconf 90' lang='lat' dir='ltr'><strong>contemnit.</strong></span> <span class='ocrx_word' id='word_1_1019' title='bbox 3057 3614 3200 3667; x_wconf 89' lang='lat' dir='ltr'><strong>Talis</strong></span> <span class='ocrx_word' id='word_1_1020' title='bbox 3221 3616 3402 3683; x_wconf 90' lang='lat' dir='ltr'><strong>procul</strong></span> <span class='ocrx_word' id='word_1_1021' title='bbox 3421 3614 3584 3671; x_wconf 91' lang='lat' dir='ltr'><strong>dubio</strong></span> <span class='ocrx_word' id='word_1_1022' title='bbox 3599 3617 3662 3670; x_wconf 89' lang='lat' dir='ltr'><strong>ad</strong></span> <span class='ocrx_word' id='word_1_1023' title='bbox 3680 3631 3798 3673; x_wconf 64' lang='lat' dir='ltr'><strong>sero</strong></span> 
     </span>
    </p>
   </div>
   <div class='ocr_carea' id='block_1_124' title="bbox 2228 3679 3796 3754">
    <p class='ocr_par' dir='ltr' id='par_1_124' title="bbox 2228 3679 3796 3754">
     <span class='ocr_line' id='line_1_128' title="bbox 2228 3679 3796 3754; baseline 0.008 -24"><span class='ocrx_word' id='word_1_1024' title='bbox 2228 3679 2450 3733; x_wconf 86' lang='lat' dir='ltr'><strong>vandain</strong></span> <span class='ocrx_word' id='word_1_1025' title='bbox 2478 3681 2806 3752; x_wconf 89' lang='lat' dir='ltr'><strong>disciplinam</strong></span> <span class='ocrx_word' id='word_1_1026' title='bbox 2835 3691 2992 3754; x_wconf 81' lang='lat' dir='ltr'><strong>atque</strong></span> <span class='ocrx_word' id='word_1_1027' title='bbox 3029 3679 3384 3738; x_wconf 80' lang='lat' dir='ltr'><strong>obedientiam</strong></span> <span class='ocrx_word' id='word_1_1028' title='bbox 3425 3696 3505 3740; x_wconf 91' lang='lat' dir='ltr'><strong>est</strong></span> <span class='ocrx_word' id='word_1_1029' title='bbox 3537 3687 3756 3743; x_wconf 89' lang='lat' dir='ltr'><strong>idoneus</strong></span> <span class='ocrx_word' id='word_1_1030' title='bbox 3778 3731 3796 3754; x_wconf 93' lang='lat'><strong>,</strong></span> 
     </span>
    </p>
   </div>
   <div class='ocr_carea' id='block_1_125' title="bbox 2223 3753 3796 3825">
    <p class='ocr_par' dir='ltr' id='par_1_125' title="bbox 2223 3753 3796 3825">
     <span class='ocr_line' id='line_1_129' title="bbox 2223 3753 3796 3825; baseline 0.006 -22"><span class='ocrx_word' id='word_1_1031' title='bbox 2223 3765 2323 3825; x_wconf 82' lang='lat' dir='ltr'><strong>nec</strong></span> <span class='ocrx_word' id='word_1_1032' title='bbox 2350 3759 2523 3818; x_wconf 89' lang='lat' dir='ltr'><strong>potest</strong></span> <span class='ocrx_word' id='word_1_1033' title='bbox 2572 3754 2746 3825; x_wconf 85' lang='lat' dir='ltr'><strong>perire</strong></span> <span class='ocrx_word' id='word_1_1034' title='bbox 2772 3754 2927 3825; x_wconf 83' lang='lat' dir='ltr'><strong>avia</strong></span> <span class='ocrx_word' id='word_1_1035' title='bbox 2962 3753 3201 3821; x_wconf 83' lang='lat' dir='ltr'><strong>justitiae,</strong></span> <span class='ocrx_word' id='word_1_1036' title='bbox 3234 3771 3404 3825; x_wconf 90' lang='lat' dir='ltr'><strong>neque</strong></span> <span class='ocrx_word' id='word_1_1037' title='bbox 3432 3757 3698 3812; x_wconf 90' lang='lat' dir='ltr'><strong>declinare</strong></span> <span class='ocrx_word' id='word_1_1038' title='bbox 3725 3753 3796 3814; x_wconf 86' lang='lat' dir='ltr'><strong>ad</strong></span> 
     </span>
    </p>
   </div>
   <div class='ocr_carea' id='block_1_126' title="bbox 2221 3819 3800 3896">
    <p class='ocr_par' dir='ltr' id='par_1_126' title="bbox 2221 3819 3800 3896">
     <span class='ocr_line' id='line_1_130' title="bbox 2221 3819 3800 3896; baseline 0.008 -23"><span class='ocrx_word' id='word_1_1039' title='bbox 2221 3819 2494 3896; x_wconf 78' lang='lat' dir='ltr'><strong>dexteram</strong></span> <span class='ocrx_word' id='word_1_1040' title='bbox 2539 3819 2651 3896; x_wconf 77' lang='lat' dir='ltr'><strong>sive</strong></span> <span class='ocrx_word' id='word_1_1041' title='bbox 2679 3823 2744 3896; x_wconf 89' lang='lat' dir='ltr'><strong>ad</strong></span> <span class='ocrx_word' id='word_1_1042' title='bbox 2786 3819 3054 3896; x_wconf 80' lang='lat' dir='ltr'><strong>sinistram</strong></span> <span class='ocrx_word' id='word_1_1043' title='bbox 3089 3819 3253 3894; x_wconf 86' lang='lat' dir='ltr'><strong>:quia</strong></span> <span class='ocrx_word' id='word_1_1044' title='bbox 3294 3819 3344 3879; x_wconf 82' lang='lat' dir='ltr'><strong>in</strong></span> <span class='ocrx_word' id='word_1_1045' title='bbox 3373 3841 3438 3880; x_wconf 90' lang='lat' dir='ltr'><strong>co</strong></span> <span class='ocrx_word' id='word_1_1046' title='bbox 3479 3827 3618 3896; x_wconf 89' lang='lat' dir='ltr'><strong>quod</strong></span> <span class='ocrx_word' id='word_1_1047' title='bbox 3656 3830 3800 3886; x_wconf 87' lang='lat' dir='ltr'><strong>mitis</strong></span> 
     </span>
    </p>
   </div>
   <div class='ocr_carea' id='block_1_127' title="bbox 2221 3893 3798 3968">
    <p class='ocr_par' dir='ltr' id='par_1_127' title="bbox 2221 3893 3798 3968">
     <span class='ocr_line' id='line_1_131' title="bbox 2221 3893 3798 3968; baseline 0.006 -24"><span class='ocrx_word' id='word_1_1048' title='bbox 2221 3901 2328 3968; x_wconf 60' lang='lat' dir='ltr'><strong>est,</strong></span> <span class='ocrx_word' id='word_1_1049' title='bbox 2355 3893 2496 3946; x_wconf 91' lang='lat' dir='ltr'><strong>nulla</strong></span> <span class='ocrx_word' id='word_1_1050' title='bbox 2527 3893 2842 3968; x_wconf 79' lang='lat' dir='ltr'><strong>adversitate</strong></span> <span class='ocrx_word' id='word_1_1051' title='bbox 2871 3893 3220 3968; x_wconf 84' lang='lat' dir='ltr'><strong>frangitur;in</strong></span> <span class='ocrx_word' id='word_1_1052' title='bbox 3239 3911 3303 3950; x_wconf 92' lang='lat' dir='ltr'><strong>eo</strong></span> <span class='ocrx_word' id='word_1_1053' title='bbox 3323 3893 3507 3951; x_wconf 83' lang='lat' dir='ltr'><strong>autem</strong></span> <span class='ocrx_word' id='word_1_1054' title='bbox 3527 3898 3666 3968; x_wconf 93' lang='lat' dir='ltr'><strong>quod</strong></span> <span class='ocrx_word' id='word_1_1055' title='bbox 3697 3899 3798 3954; x_wconf 87' lang='lat' dir='ltr'><strong>hu-</strong></span> 
     </span>
    </p>
   </div>
   <div class='ocr_carea' id='block_1_128' title="bbox 2220 3961 3799 4036">
    <p class='ocr_par' dir='ltr' id='par_1_128' title="bbox 2220 3961 3799 4036">
     <span class='ocr_line' id='line_1_132' title="bbox 2220 3961 3799 4036; baseline 0.007 -22"><span class='ocrx_word' id='word_1_1056' title='bbox 2220 3961 2361 4015; x_wconf 91' lang='lat' dir='ltr'><strong>milis</strong></span> <span class='ocrx_word' id='word_1_1057' title='bbox 2385 3973 2486 4029; x_wconf 92' lang='lat' dir='ltr'><strong>est,</strong></span> <span class='ocrx_word' id='word_1_1058' title='bbox 2506 3963 2646 4036; x_wconf 84' lang='lat' dir='ltr'><strong>nulla</strong></span> <span class='ocrx_word' id='word_1_1059' title='bbox 2671 3961 3021 4036; x_wconf 77' lang='lat' dir='ltr'><strong>prosperitate</strong></span> <span class='ocrx_word' id='word_1_1060' title='bbox 3049 3967 3132 4020; x_wconf 89' lang='lat' dir='ltr'><strong>vel</strong></span> <span class='ocrx_word' id='word_1_1061' title='bbox 3157 3967 3323 4036; x_wconf 88' lang='lat' dir='ltr'><strong>gloria</strong></span> <span class='ocrx_word' id='word_1_1062' title='bbox 3341 3961 3597 4023; x_wconf 69' lang='lat' dir='ltr'><strong>elevatur.</strong></span> <span class='ocrx_word' id='word_1_1063' title='bbox 3620 3969 3799 4036; x_wconf 85' lang='lat' dir='ltr'><strong>Quan-</strong></span> 
     </span>
    </p>
   </div>
   <div class='ocr_carea' id='block_1_129' title="bbox 2221 4035 3796 4102">
    <p class='ocr_par' dir='ltr' id='par_1_129' title="bbox 2221 4035 3796 4102">
     <span class='ocr_line' id='line_1_133' title="bbox 2221 4035 3796 4102; baseline 0.008 -19"><span class='ocrx_word' id='word_1_1064' title='bbox 2221 4039 2305 4102; x_wconf 87' lang='lat' dir='ltr'><strong>tus</strong></span> <span class='ocrx_word' id='word_1_1065' title='bbox 2354 4042 2531 4087; x_wconf 91' lang='lat' dir='ltr'><strong>autem</strong></span> <span class='ocrx_word' id='word_1_1066' title='bbox 2590 4035 2660 4088; x_wconf 89' lang='lat' dir='ltr'><strong>sit</strong></span> <span class='ocrx_word' id='word_1_1067' title='bbox 2709 4035 3024 4092; x_wconf 78' lang='lat' dir='ltr'><strong>obedientia:</strong></span> <span class='ocrx_word' id='word_1_1068' title='bbox 3073 4035 3796 4102; x_wconf 17' lang='lat' dir='ltr'><strong>fruetus,ostenditur,icum</strong></span> 
     </span>
    </p>
   </div>
   <div class='ocr_carea' id='block_1_130' title="bbox 2219 4101 3793 4176">
    <p class='ocr_par' dir='ltr' id='par_1_130' title="bbox 2219 4101 3793 4176">
     <span class='ocr_line' id='line_1_134' title="bbox 2219 4101 3793 4176; baseline 0.007 -21"><span class='ocrx_word' id='word_1_1069' title='bbox 2219 4101 2561 4176; x_wconf 60' lang='lat' dir='ltr'><strong>eubinfcrtur,</strong></span> <span class='ocrx_word' id='word_1_1070' title='bbox 2604 4105 2673 4176; x_wconf 78' lang='lat' dir='ltr'><strong>Et</strong></span> <span class='ocrx_word' id='word_1_1071' title='bbox 2697 4175 2703 4176; x_wconf 16' lang='grc' dir='ltr'><em>γ</em></span> <span class='ocrx_word' id='word_1_1072' title='bbox 2726 4106 2982 4162; x_wconf 82' lang='lat' dir='ltr'><strong>invenietis</strong></span> <span class='ocrx_word' id='word_1_1073' title='bbox 3026 4110 3244 4176; x_wconf 84' lang='lat' dir='ltr'><strong>requiem</strong></span> <span class='ocrx_word' id='word_1_1074' title='bbox 3301 4110 3565 4163; x_wconf 81' lang='lat' dir='ltr'><strong>animabus</strong></span> <span class='ocrx_word' id='word_1_1075' title='bbox 3600 4101 3793 4166; x_wconf 73' lang='lat' dir='ltr'><strong>vestris.</strong></span> 
     </span>
    </p>
   </div>
   <div class='ocr_carea' id='block_1_131' title="bbox 2219 4171 3791 4249">
    <p class='ocr_par' dir='ltr' id='par_1_131' title="bbox 2219 4171 3791 4249">
     <span class='ocr_line' id='line_1_135' title="bbox 2219 4171 3791 4249; baseline 0.007 -24"><span class='ocrx_word' id='word_1_1076' title='bbox 2219 4171 2544 4249; x_wconf 62' lang='lat' dir='ltr'><strong>Obedietitiae</strong></span> <span class='ocrx_word' id='word_1_1077' title='bbox 2583 4175 2795 4249; x_wconf 83' lang='lat' dir='ltr'><strong>quidem</strong></span> <span class='ocrx_word' id='word_1_1078' title='bbox 2854 4171 3130 4247; x_wconf 78' lang='lat' dir='ltr'><strong>disciplina</strong></span> <span class='ocrx_word' id='word_1_1079' title='bbox 3170 4179 3330 4233; x_wconf 91' lang='lat' dir='ltr'><strong>modo</strong></span> <span class='ocrx_word' id='word_1_1080' title='bbox 3374 4181 3426 4232; x_wconf 93' lang='lat' dir='ltr'><strong>in</strong></span> <span class='ocrx_word' id='word_1_1081' title='bbox 3460 4180 3638 4235; x_wconf 89' lang='lat' dir='ltr'><strong>labore</strong></span> <span class='ocrx_word' id='word_1_1082' title='bbox 3674 4191 3791 4249; x_wconf 82' lang='lat' dir='ltr'><strong>est,</strong></span> 
     </span>
    </p>
   </div>
   <div class='ocr_carea' id='block_1_132' title="bbox 2218 4242 3796 4318">
    <p class='ocr_par' dir='ltr' id='par_1_132' title="bbox 2218 4242 3796 4318">
     <span class='ocr_line' id='line_1_136' title="bbox 2218 4242 3796 4318; baseline 0.006 -22"><span class='ocrx_word' id='word_1_1083' title='bbox 2218 4242 2310 4318; x_wconf 80' lang='lat' dir='ltr'><strong>sed</strong></span> <span class='ocrx_word' id='word_1_1084' title='bbox 2338 4244 2387 4296; x_wconf 93' lang='lat' dir='ltr'><strong>in</strong></span> <span class='ocrx_word' id='word_1_1085' title='bbox 2417 4242 2850 4318; x_wconf 59' lang='lat' dir='ltr'><strong>futuro&#39;fructum</strong></span> <span class='ocrx_word' id='word_1_1086' title='bbox 2883 4242 3042 4304; x_wconf 82' lang='lat' dir='ltr'><strong>habet</strong></span> <span class='ocrx_word' id='word_1_1087' title='bbox 3068 4251 3478 4318; x_wconf 88' lang='lat' dir='ltr'><strong>pacatissimum.</strong></span> <span class='ocrx_word' id='word_1_1088' title='bbox 3513 4251 3579 4304; x_wconf 88' lang='lat' dir='ltr'><strong>Et</strong></span> <span class='ocrx_word' id='word_1_1089' title='bbox 3623 4242 3796 4306; x_wconf 59' lang='lat' dir='ltr'><strong>scien;</strong></span> 
     </span>
    </p>
   </div>
   <div class='ocr_carea' id='block_1_133' title="bbox 2217 4312 3794 4391">
    <p class='ocr_par' dir='ltr' id='par_1_133' title="bbox 2217 4312 3794 4391">
     <span class='ocr_line' id='line_1_137' title="bbox 2217 4312 3794 4391; baseline 0.008 -25"><span class='ocrx_word' id='word_1_1090' title='bbox 2217 4312 2532 4391; x_wconf 33' lang='lat' dir='ltr'><strong>dum,.quod</strong></span> <span class='ocrx_word' id='word_1_1091' title='bbox 2554 4326 2755 4391; x_wconf 83' lang='lat' dir='ltr'><strong>quanto</strong></span> <span class='ocrx_word' id='word_1_1092' title='bbox 2783 4319 2942 4391; x_wconf 70' lang='lat' dir='ltr'><strong>[_nodo</strong></span> <span class='ocrx_word' id='word_1_1093' title='bbox 2967 4312 3165 4391; x_wconf 81' lang='lat' dir='ltr'><strong>erimus</strong></span> <span class='ocrx_word' id='word_1_1094' title='bbox 3201 4319 3511 4375; x_wconf 87' lang='lat' dir='ltr'><strong>obedientes</strong></span> <span class='ocrx_word' id='word_1_1095' title='bbox 3561 4323 3794 4391; x_wconf 89' lang='lat' dir='ltr'><strong>patribus</strong></span> 
     </span>
    </p>
   </div>
   <div class='ocr_carea' id='block_1_134' title="bbox 2219 4386 3786 4460">
    <p class='ocr_par' dir='ltr' id='par_1_134' title="bbox 2219 4386 3786 4460">
     <span class='ocr_line' id='line_1_138' title="bbox 2219 4386 3786 4460; baseline 0.006 -23"><span class='ocrx_word' id='word_1_1096' title='bbox 2219 4386 2439 4447; x_wconf 90' lang='lat' dir='ltr'><strong>nostris,</strong></span> <span class='ocrx_word' id='word_1_1097' title='bbox 2467 4395 2614 4460; x_wconf 83' lang='lat' dir='ltr'><strong>tanto</strong></span> <span class='ocrx_word' id='word_1_1098' title='bbox 2639 4388 2751 4460; x_wconf 82' lang='lat' dir='ltr'><strong>erit</strong></span> <span class='ocrx_word' id='word_1_1099' title='bbox 2784 4388 2920 4442; x_wconf 90' lang='lat' dir='ltr'><strong>Deus</strong></span> <span class='ocrx_word' id='word_1_1100' title='bbox 2947 4389 3204 4444; x_wconf 90' lang='lat' dir='ltr'><strong>obedieus</strong></span> <span class='ocrx_word' id='word_1_1101' title='bbox 3225 4386 3786 4460; x_wconf 58' lang='lat' dir='ltr'><strong>orationibus&#39;nostris,</strong></span> 
     </span>
    </p>
   </div>
   <div class='ocr_carea' id='block_1_135' title="bbox 2216 4457 3786 4531">
    <p class='ocr_par' dir='ltr' id='par_1_135' title="bbox 2216 4457 3786 4531">
     <span class='ocr_line' id='line_1_139' title="bbox 2216 4457 3786 4531; baseline 0.008 -26"><span class='ocrx_word' id='word_1_1102' title='bbox 2216 4462 2271 4531; x_wconf 82' lang='lat' dir='ltr'><strong>et</strong></span> <span class='ocrx_word' id='word_1_1103' title='bbox 2288 4463 2437 4531; x_wconf 86' lang='lat' dir='ltr'><strong>_tanto</strong></span> <span class='ocrx_word' id='word_1_1104' title='bbox 2451 4457 2553 4511; x_wconf 91' lang='lat' dir='ltr'><strong>erit</strong></span> <span class='ocrx_word' id='word_1_1105' title='bbox 2573 4457 2916 4528; x_wconf 83' lang='lat' dir='ltr'><strong>nobisjugum</strong></span> <span class='ocrx_word' id='word_1_1106' title='bbox 2945 4460 3061 4531; x_wconf 84' lang='lat' dir='ltr'><strong>ejus</strong></span> <span class='ocrx_word' id='word_1_1107' title='bbox 3077 4475 3261 4520; x_wconf 81' lang='lat' dir='ltr'><strong>suave,</strong></span> <span class='ocrx_word' id='word_1_1108' title='bbox 3286 4470 3339 4515; x_wconf 93' lang='lat' dir='ltr'><strong>et</strong></span> <span class='ocrx_word' id='word_1_1109' title='bbox 3366 4477 3503 4515; x_wconf 90' lang='lat' dir='ltr'><strong>onus</strong></span> <span class='ocrx_word' id='word_1_1110' title='bbox 3517 4462 3629 4531; x_wconf 69' lang='lat' dir='ltr'><strong>ejus</strong></span> <span class='ocrx_word' id='word_1_1111' title='bbox 3651 4457 3786 4518; x_wconf 69' lang='lat' dir='ltr'><strong>leve.</strong></span> 
     </span>
    </p>
   </div>
   <div class='ocr_carea' id='block_1_136' title="bbox 2215 4524 3793 4601">
    <p class='ocr_par' dir='ltr' id='par_1_136' title="bbox 2215 4524 3793 4601">
     <span class='ocr_line' id='line_1_140' title="bbox 2215 4524 3793 4601; baseline 0.008 -25"><span class='ocrx_word' id='word_1_1112' title='bbox 2215 4524 2362 4601; x_wconf 72' lang='lat' dir='ltr'><strong>Scire</strong></span> <span class='ocrx_word' id='word_1_1113' title='bbox 2393 4541 2602 4601; x_wconf 81' lang='lat' dir='ltr'><strong>quoque</strong></span> <span class='ocrx_word' id='word_1_1114' title='bbox 2630 4524 2858 4601; x_wconf 75' lang='lat' dir='ltr'><strong>oportet,</strong></span> <span class='ocrx_word' id='word_1_1115' title='bbox 2886 4524 3007 4599; x_wconf 74' lang='lat' dir='ltr'><strong>quia</strong></span> <span class='ocrx_word' id='word_1_1116' title='bbox 3033 4531 3292 4600; x_wconf 89' lang='lat' dir='ltr'><strong>superbus</strong></span> <span class='ocrx_word' id='word_1_1117' title='bbox 3337 4540 3392 4585; x_wconf 90' lang='lat' dir='ltr'><strong>ct</strong></span> <span class='ocrx_word' id='word_1_1118' title='bbox 3419 4524 3699 4601; x_wconf 70' lang='lat' dir='ltr'><strong>impatiens</strong></span> <span class='ocrx_word' id='word_1_1119' title='bbox 3718 4535 3793 4588; x_wconf 57' lang='lat' dir='ltr'><strong>dic</strong></span> 
     </span>
    </p>
   </div>
   <div class='ocr_carea' id='block_1_137' title="bbox 2215 4595 3788 4671">
    <p class='ocr_par' dir='ltr' id='par_1_137' title="bbox 2215 4595 3788 4671">
     <span class='ocr_line' id='line_1_141' title="bbox 2215 4595 3788 4671; baseline 0.008 -25"><span class='ocrx_word' id='word_1_1120' title='bbox 2215 4595 2448 4671; x_wconf 75' lang='lat' dir='ltr'><strong>sciplina:</strong></span> <span class='ocrx_word' id='word_1_1121' title='bbox 2467 4595 2846 4671; x_wconf 72' lang='lat' dir='ltr'><strong>etobedirntire</strong></span> <span class='ocrx_word' id='word_1_1122' title='bbox 2869 4595 3066 4668; x_wconf 80' lang='lat' dir='ltr'><strong>regulis</strong></span> <span class='ocrx_word' id='word_1_1123' title='bbox 3091 4595 3366 4670; x_wconf 78' lang='lat' dir='ltr'><strong>subjacere</strong></span> <span class='ocrx_word' id='word_1_1124' title='bbox 3391 4595 3710 4671; x_wconf 58' lang='lat' dir='ltr'><strong>ncn&#39;potest.</strong></span> <span class='ocrx_word' id='word_1_1125' title='bbox 3735 4605 3788 4658; x_wconf 87' lang='lat' dir='ltr'><strong>lu</strong></span> 
     </span>
    </p>
   </div>
   <div class='ocr_carea' id='block_1_138' title="bbox 2214 4667 3792 4742">
    <p class='ocr_par' dir='ltr' id='par_1_138' title="bbox 2214 4667 3792 4742">
     <span class='ocr_line' id='line_1_142' title="bbox 2214 4667 3792 4742; baseline 0.006 -24"><span class='ocrx_word' id='word_1_1126' title='bbox 2214 4681 2278 4718; x_wconf 89' lang='lat' dir='ltr'><strong>eo</strong></span> <span class='ocrx_word' id='word_1_1127' title='bbox 2305 4667 2444 4742; x_wconf 88' lang='lat' dir='ltr'><strong>enim</strong></span> <span class='ocrx_word' id='word_1_1128' title='bbox 2472 4667 2612 4737; x_wconf 85' lang='lat' dir='ltr'><strong>quod</strong></span> <span class='ocrx_word' id='word_1_1129' title='bbox 2642 4670 2778 4742; x_wconf 83' lang='lat' dir='ltr'><strong>elate</strong></span> <span class='ocrx_word' id='word_1_1130' title='bbox 2821 4667 2982 4742; x_wconf 75' lang='lat' dir='ltr'><strong>vivit,</strong></span> <span class='ocrx_word' id='word_1_1131' title='bbox 3028 4667 3251 4742; x_wconf 59' lang='lat' dir='ltr'><strong>caeteros</strong></span> <span class='ocrx_word' id='word_1_1132' title='bbox 3295 4667 3541 4742; x_wconf 67' lang='lat' dir='ltr'><strong>despicit,</strong></span> <span class='ocrx_word' id='word_1_1133' title='bbox 3589 4683 3642 4728; x_wconf 87' lang='lat' dir='ltr'><strong>et</strong></span> <span class='ocrx_word' id='word_1_1134' title='bbox 3682 4677 3792 4728; x_wconf 85' lang='lat' dir='ltr'><strong>suis</strong></span> 
     </span>
    </p>
   </div>
   <div class='ocr_carea' id='block_1_139' title="bbox 2214 4738 3790 4812">
    <p class='ocr_par' dir='ltr' id='par_1_139' title="bbox 2214 4738 3790 4812">
     <span class='ocr_line' id='line_1_143' title="bbox 2214 4738 3790 4812; baseline 0.008 -24"><span class='ocrx_word' id='word_1_1135' title='bbox 2214 4740 2381 4812; x_wconf 82' lang='lat' dir='ltr'><strong>_magis</strong></span> <span class='ocrx_word' id='word_1_1136' title='bbox 2424 4752 2580 4804; x_wconf 91' lang='lat' dir='ltr'><strong>quam</strong></span> <span class='ocrx_word' id='word_1_1137' title='bbox 2622 4738 2844 4812; x_wconf 81' lang='lat' dir='ltr'><strong>alterius</strong></span> <span class='ocrx_word' id='word_1_1138' title='bbox 2878 4740 3273 4812; x_wconf 76' lang='lat' dir='ltr'><strong>deﬁnitionibus</strong></span> <span class='ocrx_word' id='word_1_1139' title='bbox 3303 4738 3524 4798; x_wconf 75' lang='lat' dir='ltr'><strong>obedire</strong></span> <span class='ocrx_word' id='word_1_1140' title='bbox 3551 4748 3790 4812; x_wconf 82' lang='lat' dir='ltr'><strong>appetit:</strong></span> 
     </span>
    </p>
   </div>
   <div class='ocr_carea' id='block_1_140' title="bbox 2213 4805 3790 4883">
    <p class='ocr_par' dir='ltr' id='par_1_140' title="bbox 2213 4805 3790 4883">
     <span class='ocr_line' id='line_1_144' title="bbox 2213 4805 3790 4883; baseline 0.008 -25"><span class='ocrx_word' id='word_1_1141' title='bbox 2213 4805 2264 4883; x_wconf 84' lang='lat' dir='ltr'><strong>i_n</strong></span> <span class='ocrx_word' id='word_1_1142' title='bbox 2293 4821 2358 4859; x_wconf 88' lang='lat' dir='ltr'><strong>eo</strong></span> <span class='ocrx_word' id='word_1_1143' title='bbox 2382 4816 2557 4883; x_wconf 73' lang='lat' dir='ltr'><strong>aetem</strong></span> <span class='ocrx_word' id='word_1_1144' title='bbox 2584 4808 2724 4883; x_wconf 78' lang='lat' dir='ltr'><strong>quad</strong></span> <span class='ocrx_word' id='word_1_1145' title='bbox 2734 4879 2744 4883; x_wconf 86' lang='lat'><em>_</em></span> <span class='ocrx_word' id='word_1_1146' title='bbox 2767 4809 3046 4883; x_wconf 82' lang='lat' dir='ltr'><strong>impatiens</strong></span> <span class='ocrx_word' id='word_1_1147' title='bbox 3061 4822 3180 4883; x_wconf 80' lang='lat' dir='ltr'><strong>_est,</strong></span> <span class='ocrx_word' id='word_1_1148' title='bbox 3225 4814 3336 4882; x_wconf 87' lang='lat' dir='ltr'><strong>ipsa</strong></span> <span class='ocrx_word' id='word_1_1149' title='bbox 3363 4829 3521 4883; x_wconf 88' lang='lat' dir='ltr'><strong>parva</strong></span> <span class='ocrx_word' id='word_1_1150' title='bbox 3568 4805 3634 4868; x_wconf 34' lang='lat' dir='ltr'><strong>et.</strong></span> <span class='ocrx_word' id='word_1_1151' title='bbox 3658 4815 3790 4870; x_wconf 82' lang='lat' dir='ltr'><strong>levia</strong></span> 
     </span>
    </p>
   </div>
   <div class='ocr_carea' id='block_1_141' title="bbox 2212 4876 3789 4952">
    <p class='ocr_par' dir='ltr' id='par_1_141' title="bbox 2212 4876 3789 4952">
     <span class='ocr_line' id='line_1_145' title="bbox 2212 4876 3789 4952; baseline 0.007 -23"><span class='ocrx_word' id='word_1_1152' title='bbox 2212 4876 2341 4929; x_wconf 89' lang='lat' dir='ltr'><strong>dura</strong></span> <span class='ocrx_word' id='word_1_1153' title='bbox 2357 4885 2410 4930; x_wconf 91' lang='lat' dir='ltr'><strong>et</strong></span> <span class='ocrx_word' id='word_1_1154' title='bbox 2431 4877 2778 4952; x_wconf 81' lang='lat' dir='ltr'><strong>intolerabilia</strong></span> <span class='ocrx_word' id='word_1_1155' title='bbox 2796 4876 2914 4952; x_wconf 75' lang='lat' dir='ltr'><strong>esse</strong></span> <span class='ocrx_word' id='word_1_1156' title='bbox 2931 4881 3203 4950; x_wconf 87' lang='lat' dir='ltr'><strong>dijudicat,</strong></span> <span class='ocrx_word' id='word_1_1157' title='bbox 3228 4876 3384 4952; x_wconf 80' lang='lat' dir='ltr'><strong>idque</strong></span> <span class='ocrx_word' id='word_1_1158' title='bbox 3399 4883 3569 4938; x_wconf 89' lang='lat' dir='ltr'><strong>solum</strong></span> <span class='ocrx_word' id='word_1_1159' title='bbox 3591 4895 3789 4940; x_wconf 85' lang='lat' dir='ltr'><strong>rectum</strong></span> 
     </span>
    </p>
   </div>
   <div class='ocr_carea' id='block_1_142' title="bbox 2211 4948 3786 5022">
    <p class='ocr_par' dir='ltr' id='par_1_142' title="bbox 2211 4948 3786 5022">
     <span class='ocr_line' id='line_1_146' title="bbox 2211 4948 3786 5022; baseline 0.006 -22"><span class='ocrx_word' id='word_1_1160' title='bbox 2211 4960 2330 5000; x_wconf 91' lang='lat' dir='ltr'><strong>esse</strong></span> <span class='ocrx_word' id='word_1_1161' title='bbox 2354 4948 2600 5022; x_wconf 58' lang='lat' dir='ltr'><strong>aestimat,</strong></span> <span class='ocrx_word' id='word_1_1162' title='bbox 2628 4949 2768 5020; x_wconf 91' lang='lat' dir='ltr'><strong>quod</strong></span> <span class='ocrx_word' id='word_1_1163' title='bbox 2797 4948 3063 5006; x_wconf 81' lang='lat' dir='ltr'><strong>obstinato</strong></span> <span class='ocrx_word' id='word_1_1164' title='bbox 3092 4953 3252 5008; x_wconf 87' lang='lat' dir='ltr'><strong>corde</strong></span> <span class='ocrx_word' id='word_1_1165' title='bbox 3279 4948 3586 5022; x_wconf 73' lang='lat' dir='ltr'><strong>conceperit</strong></span> <span class='ocrx_word' id='word_1_1166' title='bbox 3615 4974 3628 5008; x_wconf 90' lang='lat'><strong>:</strong></span> <span class='ocrx_word' id='word_1_1167' title='bbox 3659 4972 3786 5010; x_wconf 81' lang='lat' dir='ltr'><strong>sen-</strong></span> 
     </span>
    </p>
   </div>
   <div class='ocr_carea' id='block_1_143' title="bbox 2211 5020 3792 5090">
    <p class='ocr_par' dir='ltr' id='par_1_143' title="bbox 2211 5020 3792 5090">
     <span class='ocr_line' id='line_1_147' title="bbox 2211 5020 3792 5090; baseline 0.008 -21"><span class='ocrx_word' id='word_1_1168' title='bbox 2211 5031 2380 5090; x_wconf 82' lang='lat' dir='ltr'><strong>suque</strong></span> <span class='ocrx_word' id='word_1_1169' title='bbox 2404 5020 2620 5088; x_wconf 89' lang='lat' dir='ltr'><strong>proprio</strong></span> <span class='ocrx_word' id='word_1_1170' title='bbox 2651 5035 2746 5090; x_wconf 91' lang='lat' dir='ltr'><strong>pro</strong></span> <span class='ocrx_word' id='word_1_1171' title='bbox 2773 5023 3013 5076; x_wconf 90' lang='lat' dir='ltr'><strong>omnium</strong></span> <span class='ocrx_word' id='word_1_1172' title='bbox 3065 5025 3230 5078; x_wconf 91' lang='lat' dir='ltr'><strong>utitur</strong></span> <span class='ocrx_word' id='word_1_1173' title='bbox 3265 5020 3488 5078; x_wconf 78' lang='lat' dir='ltr'><strong>ratione.</strong></span> <span class='ocrx_word' id='word_1_1174' title='bbox 3530 5024 3617 5079; x_wconf 76' lang='lat' dir='ltr'><strong>Isti</strong></span> <span class='ocrx_word' id='word_1_1175' title='bbox 3660 5027 3792 5082; x_wconf 88' lang='lat' dir='ltr'><strong>tales</strong></span> 
     </span>
    </p>
   </div>
   <div class='ocr_carea' id='block_1_144' title="bbox 2211 5087 3788 5165">
    <p class='ocr_par' dir='ltr' id='par_1_144' title="bbox 2211 5087 3788 5165">
     <span class='ocr_line' id='line_1_148' title="bbox 2211 5087 3788 5165; baseline 0.008 -27"><span class='ocrx_word' id='word_1_1176' title='bbox 2211 5087 2706 5165; x_wconf 30' lang='lat' dir='ltr'><strong>tratresiunanimes</strong></span> <span class='ocrx_word' id='word_1_1177' title='bbox 2752 5108 2893 5161; x_wconf 63' lang='lat' dir='ltr'><strong>saepe</strong></span> <span class='ocrx_word' id='word_1_1178' title='bbox 2920 5095 3247 5162; x_wconf 88' lang='lat' dir='ltr'><strong>perturbant,</strong></span> <span class='ocrx_word' id='word_1_1179' title='bbox 3281 5095 3503 5165; x_wconf 88' lang='lat' dir='ltr'><strong>litesque</strong></span> <span class='ocrx_word' id='word_1_1180' title='bbox 3534 5106 3745 5150; x_wconf 86' lang='lat' dir='ltr'><strong>movent</strong></span> <span class='ocrx_word' id='word_1_1181' title='bbox 3772 5139 3788 5162; x_wconf 89' lang='lat'><strong>,</strong></span> 
     </span>
    </p>
   </div>
   <div class='ocr_carea' id='block_1_145' title="bbox 2210 5159 3793 5229">
    <p class='ocr_par' dir='ltr' id='par_1_145' title="bbox 2210 5159 3793 5229">
     <span class='ocr_line' id='line_1_149' title="bbox 2210 5159 3793 5229; baseline 0.008 -19"><span class='ocrx_word' id='word_1_1182' title='bbox 2210 5173 2309 5212; x_wconf 90' lang='lat' dir='ltr'><strong>nec</strong></span> <span class='ocrx_word' id='word_1_1183' title='bbox 2348 5159 2530 5213; x_wconf 89' lang='lat' dir='ltr'><strong>volunt</strong></span> <span class='ocrx_word' id='word_1_1184' title='bbox 2569 5161 2634 5214; x_wconf 90' lang='lat' dir='ltr'><strong>ad</strong></span> <span class='ocrx_word' id='word_1_1185' title='bbox 2677 5159 2982 5217; x_wconf 80' lang='lat' dir='ltr'><strong>mensuram</strong></span> <span class='ocrx_word' id='word_1_1186' title='bbox 3021 5165 3241 5218; x_wconf 85' lang='lat' dir='ltr'><strong>alierum</strong></span> <span class='ocrx_word' id='word_1_1187' title='bbox 3278 5159 3477 5229; x_wconf 80' lang='lat' dir='ltr'><strong>vivere,</strong></span> <span class='ocrx_word' id='word_1_1188' title='bbox 3528 5182 3624 5221; x_wconf 90' lang='lat' dir='ltr'><strong>nec</strong></span> <span class='ocrx_word' id='word_1_1189' title='bbox 3669 5159 3793 5221; x_wconf 77' lang='lat' dir='ltr'><strong>sunt</strong></span> 
     </span>
    </p>
   </div>
   <div class='ocr_carea' id='block_1_146' title="bbox 2209 5230 3788 5306">
    <p class='ocr_par' dir='ltr' id='par_1_146' title="bbox 2209 5230 3788 5306">
     <span class='ocr_line' id='line_1_150' title="bbox 2209 5230 3788 5306; baseline 0.006 -24"><span class='ocrx_word' id='word_1_1190' title='bbox 2209 5230 2551 5306; x_wconf 84' lang='lat' dir='ltr'><strong>contenti_his</strong></span> <span class='ocrx_word' id='word_1_1191' title='bbox 2569 5231 2762 5300; x_wconf 92' lang='lat' dir='ltr'><strong>quibus</strong></span> <span class='ocrx_word' id='word_1_1192' title='bbox 2786 5243 3035 5306; x_wconf 70' lang='lat' dir='ltr'><strong>contenta</strong></span> <span class='ocrx_word' id='word_1_1193' title='bbox 3057 5235 3218 5290; x_wconf 88' lang='lat' dir='ltr'><strong>debet</strong></span> <span class='ocrx_word' id='word_1_1194' title='bbox 3239 5251 3357 5290; x_wconf 88' lang='lat' dir='ltr'><strong>esse</strong></span> <span class='ocrx_word' id='word_1_1195' title='bbox 3383 5236 3627 5306; x_wconf 85' lang='lat' dir='ltr'><strong>religiosa</strong></span> <span class='ocrx_word' id='word_1_1196' title='bbox 3661 5254 3788 5306; x_wconf 86' lang='lat' dir='ltr'><strong>pau-</strong></span> 
     </span>
    </p>
   </div>
   <div class='ocr_carea' id='block_1_147' title="bbox 2208 5300 3792 5376">
    <p class='ocr_par' dir='ltr' id='par_1_147' title="bbox 2208 5300 3792 5376">
     <span class='ocr_line' id='line_1_151' title="bbox 2208 5300 3792 5376; baseline 0.005 -22"><span class='ocrx_word' id='word_1_1197' title='bbox 2208 5310 2405 5376; x_wconf 83' lang='lat' dir='ltr'><strong>pertas.</strong></span> <span class='ocrx_word' id='word_1_1198' title='bbox 2433 5300 2503 5376; x_wconf 71' lang='lat' dir='ltr'><strong>Et</strong></span> <span class='ocrx_word' id='word_1_1199' title='bbox 2532 5315 2652 5354; x_wconf 90' lang='lat' dir='ltr'><strong>cum</strong></span> <span class='ocrx_word' id='word_1_1200' title='bbox 2670 5303 3033 5376; x_wconf 83' lang='lat' dir='ltr'><strong>_negligentius</strong></span> <span class='ocrx_word' id='word_1_1201' title='bbox 3061 5306 3269 5360; x_wconf 72' lang='lat' dir='ltr'><strong>cirteris</strong></span> <span class='ocrx_word' id='word_1_1202' title='bbox 3297 5300 3509 5372; x_wconf 57' lang='lat' dir='ltr'><strong>vivant:</strong></span> <span class='ocrx_word' id='word_1_1203' title='bbox 3543 5300 3792 5376; x_wconf 57' lang='lat' dir='ltr'><strong>plus&#39;aliis</strong></span> 
     </span>
    </p>
   </div>
   <div class='ocr_carea' id='block_1_148' title="bbox 2208 5371 3789 5442">
    <p class='ocr_par' dir='ltr' id='par_1_148' title="bbox 2208 5371 3789 5442">
     <span class='ocr_line' id='line_1_152' title="bbox 2208 5371 3789 5442; baseline 0.008 -20"><span class='ocrx_word' id='word_1_1204' title='bbox 2208 5372 2393 5442; x_wconf 91' lang='lat' dir='ltr'><strong>volunt</strong></span> <span class='ocrx_word' id='word_1_1205' title='bbox 2433 5371 2682 5442; x_wconf 88' lang='lat' dir='ltr'><strong>honorari</strong></span> <span class='ocrx_word' id='word_1_1206' title='bbox 2730 5371 3042 5442; x_wconf 41' lang='lat' dir='ltr'><strong>l&#39;lujusmodi</strong></span> <span class='ocrx_word' id='word_1_1207' title='bbox 3073 5376 3300 5431; x_wconf 89' lang='lat' dir='ltr'><strong>rebelles</strong></span> <span class='ocrx_word' id='word_1_1208' title='bbox 3325 5387 3382 5431; x_wconf 91' lang='lat' dir='ltr'><strong>et</strong></span> <span class='ocrx_word' id='word_1_1209' title='bbox 3421 5371 3789 5434; x_wconf 70' lang='lat' dir='ltr'><strong>iiiebedieiites</strong></span> 
     </span>
    </p>
   </div>
   <div class='ocr_carea' id='block_1_149' title="bbox 2206 5441 3791 5516">
    <p class='ocr_par' dir='ltr' id='par_1_149' title="bbox 2206 5441 3791 5516">
     <span class='ocr_line' id='line_1_153' title="bbox 2206 5441 3791 5516; baseline 0.006 -22"><span class='ocrx_word' id='word_1_1210' title='bbox 2206 5441 2398 5495; x_wconf 76' lang='lat' dir='ltr'><strong>animre</strong></span> <span class='ocrx_word' id='word_1_1211' title='bbox 2425 5441 2732 5516; x_wconf 85' lang='lat' dir='ltr'><strong>frequenter</strong></span> <span class='ocrx_word' id='word_1_1212' title='bbox 2752 5441 3159 5513; x_wconf 86' lang='lat' dir='ltr'><strong>inpassionihus</strong></span> <span class='ocrx_word' id='word_1_1213' title='bbox 3188 5463 3297 5501; x_wconf 68' lang='lat' dir='ltr'><strong>suae</strong></span> <span class='ocrx_word' id='word_1_1214' title='bbox 3319 5449 3496 5501; x_wconf 90' lang='lat' dir='ltr'><strong>carnis</strong></span> <span class='ocrx_word' id='word_1_1215' title='bbox 3513 5449 3791 5516; x_wconf 81' lang='lat' dir='ltr'><strong>decidunt,</strong></span> 
     </span>
    </p>
   </div>
   <div class='ocr_carea' id='block_1_150' title="bbox 2206 5514 3792 5590">
    <p class='ocr_par' dir='ltr' id='par_1_150' title="bbox 2206 5514 3792 5590">
     <span class='ocr_line' id='line_1_154' title="bbox 2206 5514 3792 5590; baseline 0.006 -24"><span class='ocrx_word' id='word_1_1216' title='bbox 2206 5520 2259 5566; x_wconf 88' lang='lat' dir='ltr'><strong>et</strong></span> <span class='ocrx_word' id='word_1_1217' title='bbox 2288 5527 2454 5584; x_wconf 90' lang='lat' dir='ltr'><strong>usque</strong></span> <span class='ocrx_word' id='word_1_1218' title='bbox 2483 5514 2549 5568; x_wconf 89' lang='lat' dir='ltr'><strong>ad</strong></span> <span class='ocrx_word' id='word_1_1219' title='bbox 2581 5515 2752 5584; x_wconf 89' lang='lat' dir='ltr'><strong>turpia</strong></span> <span class='ocrx_word' id='word_1_1220' title='bbox 2795 5532 2959 5586; x_wconf 86' lang='lat' dir='ltr'><strong>opera</strong></span> <span class='ocrx_word' id='word_1_1221' title='bbox 2989 5517 3329 5587; x_wconf 85' lang='lat' dir='ltr'><strong>dilabuntur,</strong></span> <span class='ocrx_word' id='word_1_1222' title='bbox 3361 5527 3416 5574; x_wconf 87' lang='lat' dir='ltr'><strong>et</strong></span> <span class='ocrx_word' id='word_1_1223' title='bbox 3455 5535 3524 5575; x_wconf 81' lang='lat' dir='ltr'><strong>ex</strong></span> <span class='ocrx_word' id='word_1_1224' title='bbox 3562 5519 3642 5575; x_wconf 88' lang='lat' dir='ltr'><strong>his</strong></span> <span class='ocrx_word' id='word_1_1225' title='bbox 3671 5514 3792 5590; x_wconf 45' lang='lat' dir='ltr'><strong>ple;</strong></span> 
     </span>
    </p>
   </div>
   <div class='ocr_carea' id='block_1_151' title="bbox 2205 5650 3818 5765">
    <p class='ocr_par' dir='ltr' id='par_1_151' title="bbox 2205 5650 3818 5765">
     <span class='ocr_line' id='line_1_155' title="bbox 2205 5650 3818 5765; baseline 0.006 -65"><span class='ocrx_word' id='word_1_1226' title='bbox 2205 5651 2286 5765; x_wconf 60' lang='lat' dir='ltr'><strong>es:</strong></span> <span class='ocrx_word' id='word_1_1227' title='bbox 2309 5651 2394 5702; x_wconf 76' lang='lat' dir='ltr'><strong>Hic</strong></span> <span class='ocrx_word' id='word_1_1228' title='bbox 2415 5650 2522 5708; x_wconf 85' lang='lat' dir='ltr'><strong>finis</strong></span> <span class='ocrx_word' id='word_1_1229' title='bbox 2543 5657 2622 5706; x_wconf 83' lang='lat' dir='ltr'><strong>est</strong></span> <span class='ocrx_word' id='word_1_1230' title='bbox 2643 5659 2725 5704; x_wconf 81' lang='lat' dir='ltr'><strong>Ms.</strong></span> <span class='ocrx_word' id='word_1_1231' title='bbox 2741 5652 3054 5710; x_wconf 78' lang='lat' dir='ltr'><strong>Florlacensis</strong></span> <span class='ocrx_word' id='word_1_1232' title='bbox 3069 5688 3086 5719; x_wconf 85' lang='lat'><strong>,</strong></span> <span class='ocrx_word' id='word_1_1233' title='bbox 3112 5655 3165 5707; x_wconf 87' lang='lat' dir='ltr'><strong>in</strong></span> <span class='ocrx_word' id='word_1_1234' title='bbox 3198 5655 3342 5709; x_wconf 87' lang='lat' dir='ltr'><strong>editis</strong></span> <span class='ocrx_word' id='word_1_1235' title='bbox 3377 5655 3529 5721; x_wconf 69' lang='lat' dir='ltr'><strong>longe</strong></span> <span class='ocrx_word' id='word_1_1236' title='bbox 3565 5655 3818 5710; x_wconf 47' lang='lat' dir='ltr'><strong>diversus</strong></span> 
     </span>
    </p>
   </div>
  </div>
