3986 6128
384 283 441 336 Η
1485 271 1688 329 Ριιιιο
1729 271 1813 329 CA
1823 271 1956 327 RPA

2086 273 2123 328 S
2164 270 2562 330 El’lSCOPUS.
3579 272 3646 324 12

382 403 660 457 denotare.
699 399 883 470 Itaque
910 411 1126 454 sensum
1172 395 1379 466 Polybii
1412 396 1551 452 bene
1586 405 1713 452 sunt
1742 411 1962 451 assecu-
1993 403 2036 454 A
2070 405 2234 466 atque
2294 397 2365 451 ita
2409 411 2593 450 vocem
2650 393 2786 450 illam
2819 391 3008 446 Latine
3042 386 3220 443 reddit
3266 383 3535 441 Fabrotus
3576 387 3644 439 ad

381 497 417 548 ti
451 506 560 549 tum
593 493 684 564 qui
715 508 832 547 eam
865 489 1152 561 Epiphanii
1191 488 1362 544 Vitam
1397 489 1586 544 Latine
1629 489 1811 551 vertit,
1847 495 1958 541 tum

383 586 653 641 Meursius
707 584 806 653 (a),
868 569 1173 652 Ducangitts
1225 579 1323 650 ib),
1349 580 1583 634 .Caveus
1640 579 1709 650 (c)
1743 587 1796 632 et
1824 577 1958 644 alii;

381 677 473 742 qui
513 675 618 730 illis
649 673 852 738 verbis,
905 671 1169 745 κληρικὸς
1203 670 1313 723 ἀπὸ
1369 670 1634 741 ρητόρων,
1669 669 1960 738 significari

381 766 715 828 existimant,
765 763 1045 818 Philonem
1093 760 1346 815 clericum
1405 760 1573 815 fuisse
1626 760 1691 812 de
1738 772 1962 811 numero

384 859 685 920 rhetorum,
738 870 924 912 eorum
970 855 1174 909 scilicet
1203 853 1295 922 qui
1338 866 1402 906 ex
1430 851 1575 906 clero
1607 851 1854 906 rhetores
1885 851 1964 904 di-

383 951 662 1002 rebantur.

457 1039 529 1091 De
565 1037 649 1092 his
689 1038 996 1093 rhetoribus
1022 1051 1084 1089 ex
1117 1035 1262 1090 clero
1301 1034 1453 1089 testis
1481 1047 1564 1089 est
1586 1035 1822 1090 Codinus
1850 1035 1960 1090 Cu-

386 1132 622 1198 r0palata
651 1131 754 1201 (ά),
808 1130 949 1200 apud
992 1144 1149 1198 quem
1187 1137 1305 1197 post
1335 1138 1444 1182 tres
1474 1128 1765 1198 Evangelii,
1817 1129 1961 1198 Apo-

383 1220 506 1274 Stoli
539 1231 594 1274 et
616 1220 862 1274 Psalterii
894 1221 1164 1283 doctores,
1215 1234 1445 1286 quorum
1477 1220 1684 1286 primus
1731 1230 1964 1287 quatuor

383 1311 767 1380 evangelistas,
811 1312 1080 1366 secundus
1135 1309 1402 1378 Epistolas
1437 1309 1498 1362 D.
1558 1308 1731 1374 Pauli,
1773 1311 1964 1366 tertius

385 1396 628 1452 Psalmns
661 1398 1144 1468 interpretabatur,
1177 1398 1391 1463 ponitur
1422 1415 1476 1453 ιι.
1515 1399 1586 1452 9.2
1613 1418 1625 1452 :
1675 1399 1735 1452 Ὀ
1778 1401 1962 1472 ῥήτωρ

382 1489 460 1551 εἰς
488 1487 548 1540 τὸ
582 1487 910 1560 ἑρμηνεύειν
933 1487 1032 1551 τὰς
1056 1487 1304 1557 Γραφάς,
1333 1487 1527 1541 Rhetor
1557 1490 1623 1541 ad
1655 1489 1961 1558 Scripturas

381 1579 826 1646 interpr-claudas.
895 1579 1127 1635 Goarius
1168 1581 1354 1634 eadem
1391 1578 1566 1634 officia
1620 1582 1836 1652 subjicit
1897 1597 1964 1637 ex

383 1669 562 1741 Regiis
606 1685 736 1726 mss.
772 1673 866 1740 (e),
907 1674 960 1724 in
995 1670 1190 1739 quibus
1219 1672 1469 1737 habetur,
1517 1674 1545 1726 ὁ
1575 1674 1762 1745 ῥήτωρ
1795 1675 1876 1737 εἰς
1905 1673 1965 1725 τὸ

383 1762 718 1834 ῥητορεύειν,
743 1765 918 1817 rhetor
940 1763 1007 1815 ad
1043 1765 1323 1816 orandum.
1388 1764 1450 1818 Et
1482 1765 1814 1834 splendidam
1841 1780 1961 1820 eant
1995 1748 2037 1802 Β

299 1857 302 1860 ’
381 1855 550 1911 fuisse
585 1855 892 1924 dignitatem
923 1853 1206 1910 Matthteus
1232 1858 1530 1910 monachus
1571 1857 1791 1921 indicat,
1813 1856 1965 1926 cujus

383 1949 435 2002 in
470 1947 727 2016 opusculo
763 1946 835 2000 De
866 1947 1042 2017 oﬁiciis
1065 1946 1248 2015 palatii
1275 1958 1324 2000 et
1358 1946 1609 2002 Ecclesia:
1658 1946 1962 2002 Constanti-

383 2039 622 2106 nopoleos
669 2038 864 2107 legitur
895 2036 946 2108 (Ῑ
960 2037 1000 2106 ),
1033 2037 1180 2108 Ὅρα
1208 2037 1299 2090 τὸν
1336 2037 1587 2108 λαμπρὸν
1615 2039 1836 2108 ῥήτορα,
1869 2035 1968 2089 Re-

382 2130 520 2197 spice
555 2129 811 2183 illustrem
843 2128 1118 2182 rhetorem.
1175 2129 1239 2181 Et
1263 2129 1402 2197 apud
1439 2126 1683 2181 Nicetam
1730 2126 1965 2181 Chonia-

384 2234 490 2275 tam
515 2221 592 2292 (g)
621 2219 846 2275 Michael
880 2221 1101 2290 quidam
1133 2229 1355 2274 vocatur
1398 2219 1490 2272 τὸν
1524 2217 1812 2290 ῥητορικὸν
1841 2217 1966 2288 θρό-

383 2329 472 2366 νον
524 2311 785 2383 κοσμῶν·
843 2325 964 2380 qna)
1021 2311 1184 2364 verba
1227 2324 1350 2362 cum
1402 2308 1587 2378 jejnne
1643 2307 1966 2363 reddidisset

381 2403 742 2476 Hieronymus
767 2403 993 2458 Wolfius
1017 2417 1112 2472 per
1141 2405 1354 2457 unicam
1385 2415 1569 2456 vocem
1601 2401 1964 2465 concionator,

382 2499 450 2552 ab
493 2497 691 2551 Allatio
726 2496 803 2563 (Ιι)
870 2495 1238 2565 reprehensus
1276 2503 1377 2548 est.
1431 2493 1792 2559 Quamobrem
1834 2507 1965 2545 ano-

383 2602 578 2658 nytnns
623 2603 651 2640 a
686 2585 886 2642 Goario
922 2585 1103 2640 editus
1151 2583 1211 2655 (ἱ)
1250 2584 1348 2645 ait,
1379 2581 1686 2651 φιλοσόφων
1735 2579 1962 2646 ὕπατος,

385 2680 629 2752 ῥητόρων
680 2678 924 2748 πρῶτος·
980 2676 1046 2730 ad
1079 2692 1198 2745 qua:
1251 2677 1407 2729 verba
1459 2673 1690 2728 Goarius
1742 2674 1809 2744 (j)
1852 2675 1966 2728 hac

385 2771 664 2825 adnotavit
701 2787 714 2822 :
754 2769 974 2824 Sumuza
999 2768 1332 2837 imperatoris
1366 2766 1529 2819 virtus
1567 2777 1664 2830 est,
1697 2777 1751 2818 ut
1782 2765 1963 2819 erudi-

385 2864 546 2916 tionis
600 2863 804 2931 copiam
839 2861 974 2914 inter
1021 2860 1338 2929 loquendum
1389 2860 1585 2912 diserte
1641 2861 1805 2928 possit
1837 2875 1957 2925 pro-

385 2955 602 3023 fundere
632 2970 651 3008 :
679 2962 727 3007 et
745 2955 836 3023 jus
866 2953 1146 3022 unicuique
1169 2953 1420 3016 debitum,
1451 2961 1506 3004 ut
1533 2951 1686 3018 facile
1713 2967 1964 3020 agnosce-

385 3064 460 3111 re,
493 3049 565 3100 ita
590 3055 888 3100 constanter
916 3045 1130 3097 reddere
1163 3050 1227 3097 sit
1257 3053 1497 3113 paratus.
1529 3041 1586 3097 Si
1614 3044 1740 3111 quid
1774 3043 1960 3097 horum

385 3151 575 3192 natura
621 3139 696 3192 rel
748 3138 1052 3191 exercitium
1107 3137 1419 3205 denegabat,
1463 3135 1527 3189 ab
1577 3135 1696 3189 aliis
1743 3152 1962 3205 quorum

383 3229 712 3293 eruditione,
758 3227 1090 3298 eloquentia,
1161 3227 1329 3297 legum
1392 3227 1578 3294 peritia
1629 3243 1690 3279 ac
1737 3229 1965 3296 justitia:

384 3337 562 3375 amore
586 3323 867 3375 duceretur
911 3329 957 3373 et
991 3317 1369 3381 sublevaretur,
1404 3334 1548 3387 apem
1581 3321 1814 3372 mutuari
1863 3334 1966 3371 non

383 3414 715 3468 erubescebat
749 3414 1012 3482 quondam
1051 3412 1103 3463 in
1132 3408 1346 3463 Oriente
1387 3411 1670 3477 imperator
1691 3425 1709 3461 .'
1736 3409 1843 3464 τῶν
1879 3429 1968 3481 φι-

384 3503 662 3573 λοσόφων,
704 3503 1001 3555 divinarqu
1050 3499 1506 3570 humanarumque
1551 3517 1720 3554 rerum
1785 3501 1968 3572 cogni-

385 3599 523 3650 tione
557 3597 845 3648 iustructus
895 3593 1288 3656 eruditionem;
1331 3592 1581 3664 ρητόρων
1626 3592 1842 3664 πρῶτος
1883 3593 1967 3646 di-

385 3687 534 3740 cendi
561 3685 896 3755 facilitatem.
933 3723 947 3735 .
993 3722 1006 3736 .
1047 3724 1059 3738 .
1110 3685 1436 3752 suggerebat.
1470 3683 1730 3739 Veniebat
1762 3685 1970 3740 scilicet

388 3779 624 3833 rhetoris
664 3779 878 3830 nomine
936 3775 1170 3846 palatina
1229 3776 1394 3830 etiam
1429 3775 1662 3845 dignitas
1704 3793 1722 3832 :
1773 3777 1858 3830 cui
1898 3777 1971 3830 si-

385 3872 528 3926 milis
560 3870 648 3924 illa
682 3869 1044 3924 ecclesiastica
1071 3887 1085 3934 ;
1112 3869 1254 3937 quod
1293 3869 1529 3922 indicant
1555 3883 1616 3922 ea
1641 3869 1800 3922 verba
1828 3886 1967 3940 quae,

386 3973 617 4032 ntsnpra
642 3961 842 4017 dictum
877 3972 980 4025 est,
1006 3961 1183 4015 attulit
1212 3959 1577 4029 Goarius(k)e
1601 3976 1731 4016 mss.
1767 3961 1969 4033 Regiis,

384 4057 414 4108 ὁ
449 4059 632 4129 ῥήτωρ
656 4057 738 4120 εἰς
765 4054 824 4108 τὸ
853 4053 1190 4127 ῥητορεύειν.
1228 4051 1360 4106 Nam
1397 4052 1691 4122 Evangelii,
1728 4055 1972 4124 velApo-

386 4148 507 4203 stoli
556 4149 680 4217 (hoc
728 4157 810 4202 est
858 4147 1222 4217 Epistolarum
1273 4144 1337 4199 ι).
1369 4143 1567 4214 Pauli),
1610 4145 1692 4200 vel
1723 4145 1968 4202 Psalterii

386 4241 636 4296 doctores
691 4256 877 4294 sacras
933 4239 1251 4309 Scripturas
1309 4235 1542 4292 strictim
1577 4238 1966 4306 exponebant:

388 4334 572 4387 rhetor
600 4349 729 4388 vero
767 4333 819 4387 in
859 4332 1050 4386 iisdem
1080 4328 1303 4384 uberius
1351 4330 1774 4397 pertractandis,
1811 4339 1864 4384 et
1903 4332 1969 4384 ad

2064 484 2308 541 Nicetam
2335 487 2402 558 (l)
2437 505 2449 542 :
2486 489 2692 559 ῥήτωρ,
2723 488 2812 558 qui
2848 485 3153 555 Scripturas
3202 481 3375 534 instar
3418 477 3645 530 oratoris

2063 579 2398 635 ecclesiastici
2457 579 2945 648 interpretabatur;
2999 591 3118 645 qua:
3167 580 3293 627 sunt
3327 571 3443 638 ipsa
3481 568 3645 621 verba

2066 671 2282 726 Meursii
2336 674 2385 725 in
2427 671 2720 726 Glossario.
2759 671 3042 724 Cret-serus
3071 666 3166 737 (ιη)
3203 677 3416 733 quoque
3440 660 3507 715 ad
3538 659 3645 714 Co-

2064 763 2246 816 dinnm
2284 779 2296 815 :
2338 762 2575 817 flltetoris
2629 762 2854 832 oﬁicium
2899 770 2973 813 est
3025 755 3306 828 generatim
3339 751 3647 818 Scripturas

2063 871 2242 910 sacras
2269 855 2636 923 interpretari;
2668 864 2713 906 et
2746 853 2947 906 videtur
2973 850 3080 913 ille,
3129 862 3278 916 quem
3321 861 3412 897 nos
3433 840 3646 896 concio-

2065 955 2308 1000 natorem
2335 947 2688 998 nominamus.
2743 943 2846 997 Sed
2881 939 3110 994 Allatius
3151 935 3230 1007 (η)
3268 930 3648 989 animadvertit

2065 1038 2324 1091 rhetorem
2356 1037 2595 1105 patuisse
2626 1035 2788 1088 latius
2814 1047 2974 1102 quam
3009 1033 3285 1086 doctorem
3331 1021 3643 1092 Evangelii;

2064 1139 2120 1184 et
2178 1129 2422 1182 rhetores
2445 1127 2536 1195 qui
2589 1137 2854 1196 praecepta
2905 1123 3026 1178 aliis
3053 1121 3352 1183 traderent,
3388 1126 3645 1185 tanquam

2063 1218 2382 1288 eloquentiae
2410 1218 2745 1288 professores
2797 1217 2863 1270 ad
2916 1217 2966 1269 id
3019 1213 3190 1269 ferme
3236 1224 3433 1263 nmnus
3461 1205 3642 1261 vocari

2065 1309 2430 1364 consuevisse.
2459 1307 2570 1362 Non
2603 1324 2790 1374 unum,
2813 1309 2904 1362 sed
2930 1306 3110 1376 plures
3133 1304 3184 1356 in
3211 1301 3448 1356 Ecclesia
3478 1297 3648 1352 fuisse

2067 1401 2316 1456 rhetores
2348 1399 2428 1452 vel
2453 1400 2540 1453 illa
2567 1402 2727 1454 verba
2764 1399 3002 1453 indicant
3034 1393 3222 1462 plurali
3257 1405 3484 1445 numero
3517 1403 3648 1442 con-

2065 1503 2218 1560 cepta
2251 1491 2316 1545 de
2356 1490 2579 1545 Philone
2615 1499 2801 1544 nostro
2833 1490 2884 1543 in
2910 1485 3192 1555 Epipltanii
3233 1481 3388 1545 Vua;
3414 1491 3465 1536 et
3493 1495 3557 1534 ex
3582 1492 3649 1534 eo

2068 1581 2305 1636 maxime
2330 1589 2563 1643 constat,
2597 1581 2735 1648 quod
2771 1593 2910 1632 unus
2960 1576 3197 1645 ipsorum
3244 1570 3445 1638 primas
3495 1575 3646 1620 tene-

2067 1683 2172 1737 ret,
2230 1681 2392 1740 atque
2447 1670 2694 1742 μαῖστωρ
2747 1669 2856 1723 τῶν
2907 1668 3178 1740 ρητόρων,
3231 1663 3404 1735 μέγας
3461 1660 3643 1730 ῥήτωρ

2069 1773 2485 1834 nuncuparetur,
2521 1765 2584 1818 de
2633 1779 2739 1833 quo
2795 1760 3061 1817 Meursius
3093 1757 3190 1830 (ο),
3229 1766 3285 1811 et
3311 1755 3517 1810 Caveus
3547 1751 3646 1822 (p),

2068 1857 2158 1926 qui
2188 1851 2315 1912 fuse
2344 1857 2409 1910 de
2457 1855 2679 1912 Philone
2714 1865 2901 1910 nostro
2937 1853 3224 1922 disputat;
3274 1863 3337 1902 ac
3372 1847 3423 1901 in
3456 1845 3648 1914 quavis

2067 1948 2182 2002 fere
2219 1948 2410 2016 majori
2435 1947 2664 2003 ecclesia
2699 1945 2869 2001 fuisse
2918 1944 3076 2000 docet
3108 1942 3363 2012 aliquem,
3403 1938 3493 2008 qui
3519 1937 3645 1992 rhe-

2067 2041 2200 2094 toris
2255 2056 2478 2097 munere
2521 2040 2860 2111 fungeretur,
2921 2046 3081 2107 atque
3130 2051 3194 2092 ex
3256 2034 3372 2103 ejus
3406 2030 3650 2086 ecclesiae

2069 2134 2328 2189 reditibus
2360 2134 2628 2199 aleretur;
2680 2148 2710 2186 a
2747 2144 2855 2200 quo
2897 2129 3058 2184 etiam
3081 2125 3325 2196 iuniores
3358 2121 3539 2178 clerici
3579 2121 3648 2175 ad

2070 2223 2276 2280 futuras
2305 2225 2443 2279 sacri
2473 2224 2680 2278 ordinis
2721 2221 3022 2276 functiones
3053 2215 3423 2288 promovendi,
3477 2213 3649 2269 sacris

2073 2317 2270 2370 litteris
2300 2325 2354 2370 et
2384 2316 2689 2386 disciplinis
2727 2312 3111 2369 ecclesiasticis
3139 2308 3502 2364 erudirentur.

2139 2405 2244 2460 Sed
2273 2418 2330 2458 ut
2354 2406 2418 2458 ad
2449 2404 2734 2460 Philonem
2773 2403 3078 2466 redeamus,
3113 2409 3257 2455 tanta
3307 2401 3388 2453 de‘
3432 2412 3496 2453 eo
3548 2395 3650 2450 fuit

2069 2496 2129 2552 S.
2164 2497 2447 2565 Epiphanii
2478 2496 2684 2565 opinio,
2723 2504 2781 2548 ut
2810 2493 3036 2548 Romam
3065 2489 3403 2561 profecturus
3437 2489 3510 2542 illi
3554 2503 3648 2542 ac-

2065 2590 2264 2644 cersito
2296 2589 2368 2659 (q)
2390 2596 2711 2657 potestatem
2747 2586 2953 2640 dederit
2987 2581 3431 2638 administrandae
3463 2578 3648 2634 Eccle-

2073 2679 2166 2733 sia:
2185 2679 2512 2733 Constantizr
2543 2697 2556 2746 ;
2583 2679 2706 2734 etsi
2740 2693 2876 2746 opus
2909 2676 3123 2739 fuisset,
3155 2674 3437 2729 ordinandi
3491 2671 3650 2728 cleri-

2066 2788 2160 2826 cos
2197 2771 2526 2836 facultatem,
2563 2780 2623 2824 ut
2659 2779 2844 2824 narrat
2887 2769 3027 2822 idem
3063 2781 3221 2835 quem
3253 2781 3412 2834 supra
3446 2779 3652 2821 memo-

2071 2863 2330 2927 ravimus,
2357 2861 2788 2916 lthinncurorum
2820 2859 3105 2928 episcopus
3139 2856 3412 2928 Polybius.

2139 2953 2397 3010 Novimus
2449 2955 2691 3025 quidem,
2737 2950 2861 3006 Vita
2907 2950 2995 3006 illa
3040 2949 3100 3006 S.
3129 2949 3418 3018 Epiphaaii
3454 2948 3652 3007 multas

2068 3048 2331 3102 contineri
2385 3048 2622 3113 fabulas,
2654 3061 2760 3117 quo
2807 3045 3026 3100 nomine
3065 3058 3128 3098 ea
3180 3043 3333 3097 valde
3378 3041 3654 3110 displicuit

2067 3138 2436 3210 Papebrochio
2483 3140 2552 3213 (r)
2606 3151 2660 3194 et
2717 3137 3058 3194 Tillemontio
3110 3135 3199 3207 (s),
3240 3150 3398 3204 quem
3446 3135 3650 3206 passim

2075 3233 2165 3286 alii
2210 3243 2528 3302 sequuntur.
2566 3231 2824 3299 aninius
2880 3228 3031 3282 nihili
3084 3243 3202 3282 eam
3229 3228 3496 3293 aestimat;
3555 3227 3651 3284 sed

2070 3324 2189 3394 ejus
2228 3325 2528 3379 rationibus
2562 3324 2757 3393 quibus
2787 3321 2934 3375 illam
2965 3318 3187 3374 omnino
3220 3318 3565 3386 rejiciendam
3595 3319 3651 3374 in

2070 3419 2321 3473 omnibus
2353 3426 2522 3486 putat,
2550 3429 2883 3470 smnmorum
2920 3413 3158 3466 virorum
3188 3411 3450 3481 judicium
3482 3425 3654 3481 oppo-

2075 3512 2273 3564 nimus.
2316 3507 2450 3562 Nam
2489 3508 2664 3576 primo
2700 3523 2804 3562 non
2859 3505 3080 3561 omnino
3103 3519 3220 3559 eam
3259 3504 3650 3573 aspernandam

2071 3603 2322 3658 Petavius
2352 3601 2562 3656 censuit
2610 3600 2698 3671 (t),
2735 3601 2824 3669 qui
2855 3619 2866 3654 :
2900 3597 3169 3668 Snbjecta,
3203 3597 3397 3665 inquit,
3431 3614 3462 3648 α
3500 3596 3651 3651 nobis

2069 3707 2142 3751 est
2192 3694 2472 3764 Epiphanii
2507 3692 2671 3760 Vita,
2733 3693 2920 3764 Latine
2977 3691 3103 3745 olim
3172 3708 3202 3743 a
3253 3687 3430 3755 Suria,
3472 3691 3652 3746 Greece

2073 3797 2246 3840 autent
2270 3801 2406 3838 nunc
2438 3785 2649 3854 vulgata
2681 3762 2931 3853 primum,
2960 3800 3020 3836 ac
3055 3783 3237 3836 multis
3268 3784 3320 3835 iu
3351 3783 3477 3837 locis
3507 3799 3650 3836 reco-

2071 3877 2240 3946 guita.
2276 3875 2406 3940 Quae
2433 3891 2736 3946 quanquam
2775 3876 2829 3927 in
2876 3873 3135 3943 plerisque
3167 3874 3364 3940 fabula:
3395 3884 3467 3928 est
3495 3892 3653 3944 quam

2071 3969 2304 4022 historia:
2329 3969 2561 4036 propior,
2617 3977 2675 4020 ut
2705 3967 3024 4037 jamdudum
3068 3968 3123 4019 iu
3150 3967 3450 4021 Annalibus
3479 3965 3652 4022 Baro-

2073 4063 2189 4116 nius
2221 4062 2534 4125 admonuit;
2578 4061 2675 4114 erit
2728 4071 2902 4115 tamen
2928 4060 2978 4110 in
3039 4061 3298 4114 lutulenta
3330 4061 3422 4115 illa
3460 4079 3652 4116 narra-

2072 4153 2211 4206 tione
2255 4152 2476 4221 fortasse
2521 4155 2657 4223 quod
2708 4154 2888 4208 tollere
2938 4157 3126 4223 possis.
3167 4155 3232 4208 Et
3263 4154 3460 4220 alioqui
3486 4152 3654 4206 multa

2074 4244 2300 4297 continet
2321 4261 2438 4314 qua:
2455 4261 2574 4297 cum
2598 4261 2717 4298 cera
2743 4257 3046 4316 receptaque
3082 4246 3146 4298 ab
3169 4246 3408 4298 erunibus
3433 4243 3655 4296 historia

2074 4321 2420 4386 consentanea
2448 4343 2592 4387 sunt.
2615 4333 2814 4388 Deinde
2834 4349 2952 4387 eam
2989 4334 3147 4388 veluti
3183 4336 3431 4389 idoneum
3458 4341 3651 4387 testem

388 4423 564 4492 populi
596 4433 814 4493 captum
843 4419 1178 4487 explicandis
1205 4418 1602 4488 dilatandisqne
1627 4421 1968 4474 versabatur.
2004 4436 2050 4495 ι)
2078 4423 2181 4477 sibi
2218 4425 2486 4478 advocare
2519 4439 2706 4480 eorum
2741 4442 2861 4494 qua:
2889 4425 3162 4491 dicebant,
3199 4442 3306 4480 non
3335 4426 3652 4479 dubitarunt

386 4511 750 4579 Quamobrem
793 4511 1024 4566 Allatius
1051 4509 1089 4563 ι.
1115 4511 1205 4565 cit.
1232 4511 1515 4565 adnotavit
1550 4509 1804 4562 rhetorem
1833 4525 1969 4564 non-

386 4604 562 4660 nullos
593 4603 938 4674 interpretari
972 4603 1430 4667 coucionatarem;
1469 4602 1610 4669 quod
1635 4615 1820 4654 verum
1850 4611 1970 4657 est:

481 4739 534 4808 a)
571 4739 624 4792 In
663 4735 899 4808 (jlossar.

481 4805 533 4869 tr)
569 4809 625 4862 In
654 4805 892 4863 Glossar.

458 4871 528 4949 (ε)
557 4879 630 4932 De
676 4881 920 4946 scriptor.
952 4882 1245 4936 ecclesiast.
1292 4878 1509 4949 incerta;
1532 4884 1680 4949 tetat.
1735 4876 1787 4929 in
1835 4891 1971 4949 nova

401 4945 662 5004 Historia:
685 4945 981 5004 ecclesiast.
1013 4954 1258 5018 scriptor.
1289 4948 1419 5018 edit.
1458 4945 1725 5018 Basileen.
1765 4962 1816 5015 p.
1853 4948 1940 5000 16.

455 5021 533 5090 (d)
574 5019 646 5073 De
673 5020 854 5091 omciis
883 5022 1063 5074 eccles.
1098 5016 1717 5091 Constantinopolitauw,
1748 5032 1868 5083 cap.
1919 5019 1968 5085 l,

383 5088 636 5161 quinario
666 5088 726 5154 ιζ
761 5091 959 5161 pag._3,
993 5091 1123 5145 edit.
1151 5088 1320 5142 Paris.

457 5159 525 5231 (e)
550 5160 680 5214 Ibid.
711 5175 830 5230 pag.
863 5159 916 5231 7.

458 5229 522 5299 (Ι)
557 5231 686 5285 Ibid.
711 5245 830 5300 pag.
855 5229 908 5282 8.

459 5297 532 5372 (g)
572 5297 812 5372 [_.ib.:vu,
847 5298 1098 5372 [ωδε-157
1131 5297 1310 5368 Regia:
1336 5297 1667 5372 edit._Paris.

577 5367 794 5442 Prmfat.
832 5367 1413 5442 rad'lt'xcerptuiparia
1457 5367 1691 5422 Gra’cor.
1746 5367 1970 5435 saphist.

460 5438 526 5510 (it
555 5442 706 5507 Apud
735 5438 1019 5510 Codintnn,
1050 5455 1170 5509 pag.
1202 5438 1291 5493 4'2.

462 5506 528 5580 (Ι)
561 5506 695 5563 “lid-
731 5525 852 5578 pug.
885 5506 975 5572 44,
1010 5506 1158 5566 nnni.
1189 5514 1243 5566 9.

461 5580 532 5651 (ις)
557 5580 693 5651 una.
725 5595 775 5648 p.
806 5579 854 5632 7.

461 5650 523 5717 (l)
553 5650 606 5703 In
635 5651 877 5706 Glossar.
907 5654 974 5705 ad
1010 5650 1253 5705 Nicetam
1288 5650 1525 5718 praeﬁxo.

462 5714 556 5794 (in)
580 5720 693 5776 Lib.
739 5736 775 5787 l,
821 5737 936 5793 cap.
986 5723 1018 5780 8
1045 5714 1328 5780 Observai.
1384 5723 1436 5774 in
1467 5717 1656 5773 Codia.
1694 5718 1743 5774 in
1779 5714 1967 5773 Codini

2081 4514 2410 4572 Possevinus
2447 4518 2498 4572 in
2535 4521 2810 4588 Apparatu
2863 4537 3038 4585 sacro,
3071 4521 3329 4584 Oudinus,
3368 4517 3652 4581 Meursius,

2085 4605 2427 4672 Dufresnius,
2457 4608 2703 4675 Allalius,
2743 4609 3006 4681 Lequien,
3041 4611 3341 4678 Fabricius,
3373 4609 3654 4665 Garetius.

2074 4740 2210 4816 edit.
2237 4742 2367 4816 R_eg.
2389 4743 2574 4816 Paris.
2613 4760 2731 4816 pag.
2761 4747 2883 4802 168.

2145 4812 2222 4887 (η)
2260 4813 2474 4887 Ρτιεΐει.
2506 4818 2570 4869 ad
2601 4812 2863 4875 Excerpta
2893 4815 3123 4873 (ἲν-(τίον.
3158 4821 3378 4887 sophist.

2146 4883 2221 4952 (0)
2259 4883 2312 4934 In
2339 4883 2580 4940 Clossar.

2145 4953 2219 5024 (ρ)
2247 4953 2384 5006 Loco
2407 4957 2492 5008 ubi
2533 4971 2718 5024 supra.

2144 5023 2214 5100 (_q)
2249 5023 2824 5100 Maraccéltlsratjov
2878 5028 3276 5100 προειρημένον
3316 5030 3526 5100 Φίλωνα
3563 5029 3654 5100 τῂν

2078 5093 2400 5167 balanon”,
2448 5095 2734 5167 nati}ch
2771 5093 3060 5151 ἀποδίδωσι
3098 5093 3204 5167 ’ἑὴν
3235 5099 3517 5153 αὑθεντίαν
3555 5099 3654 5167 τῆς

2092 5162 2534 5243 Έκκλῃᾳίαςιτῆς
2552 5147 2983 5243 Κωνέταντείας,
3007 5185 3140 5243 qua)
3161 5143 3388 5243 barbare
3418 5143 3656 5243 incentis

2079 5233 2205 5307 ejus
2247 5233 2688 5307 Vr'ittvjinterpres
2721 5240 2893 5307 reddit
2925 5255 2938 5290 :
2981 5233 3173 5307 datque
3204 5242 3251 5292 ei
3290 5240 3655 5292 auctoritatem

2077 5299 2329 5378 Ecclesia
2364 5299 2707 5378 Cgustauthe.
2751 5305 2866 5359 Vita
2986 5299 3156 5377 Epiph
3189 5347 3203 5372 ,
3230 5324 3354 5378 cap.
3383 5309 3474 5364 49.

2149 5372 2217 5442 (r)
2251 5375 2366 5427 Act.
2402 5372 2506 5442 SS.
2537 5375 2603 5428 ad
2630 5379 2769 5429 diem
2807 5393 2886 5430 xu
2919 5372 3066 5431 Maii.

2117 5441 2218 5524 ,(³)
2244 5442 2398 5499 Tum.
2437 5441 2503 5524 ξι,
2537 5446 2819 5524 pugn/ﬁ],
2847 5449 2978 5501 edit.
3032 5448 3204 5502 Paris.
3232 5449 3297 5504 de
3330 5448 3386 5502 S.
3431 5447 3657 5518 Epipha-

2077 5515 2190 5572 nio,
2212 5524 2265 5567 et
2292 5524 2400 5568 not.
2433 5515 2480 5577 1,
2515 5531 2636 5584 pag.
2667 5516 2791 5570 803.

2153 5583 2215 5654 (ι)
2253 5584 2408 5638 Τυιιι.
2439 5584 2479 5637 ΙΙ
2507 5583 2668 5654 Oper.
2701 5586 2758 5640 S.
2787 5586 3093 5655 Epiphanii,
3128 5587 3334 5658 praefat.
3370 5588 3435 5642 ad
3481 5587 3667 5660 lecto-5

2080 5669 2212 5708 rem.
