4038 6134
333 410 396 481 is
726 384 735 391 ’
1747 404 2136 469 ramulo.
3520 405 3585 477 η

335 544 466 612 Quin
502 540 665 596 etiam
710 540 823 609 ipse
851 536 1232 593 Tillemontius
1271 535 1372 607 (tt),
1418 535 1507 589 ubi
1545 534 1653 603 agit
1691 534 1757 588 de
1814 534 1914 587 hoc
1945 538 1984 591 Α
2015 532 2191 600 pasius
2221 534 2601 601 episcopatus?
2637 533 2857 589 Κάλπαι
2905 538 3025 589 urbs
3061 549 3155 603 est,
3206 555 3321 609 qua:
3354 540 3401 594 e't
3445 530 3594 594 Κὰλι

335 652 452 708 Ipso
480 633 729 689 Philonis
777 631 1198 694 commentario,
1237 622 1395 684 ﬁdem
1418 627 1465 680 ei
1504 626 1618 680 vult
1648 625 1913 693 adhiberi,

334 742 458 783 cum
486 725 768 780 Philonem
803 722 935 778 dicit
958 721 1203 790 Carpasii
1229 720 1562 787 episcopum.

411 821 541 885 Quae
570 831 700 871 vero
722 816 899 885 ipsum
929 813 1330 867 Tillemontiom
1392 811 1647 881 fugerant
1689 806 1757 863 de
1787 808 1921 863 Car—

345 911 510 981 pasite
534 907 824 978 episcopali
854 908 982 961 sede
1022 913 1390 966 momnueuta,
1429 919 1491 957 ea
1533 903 1741 972 primus
1763 918 1815 958 ν.
1849 901 1916 955 cl.

339 1001 531 1056 Pctrhs
565 998 888 1054 Franciscns
915 997 1210 1067 Fogginius
1261 995 1338 1067 (ὁ)
1376 995 1634 1049 iudicavit
1665 999 1922 1048 adversus

340 1095 651 1164 aninium,
685 1093 775 1162 qui
805 1080 1083 1159 Carpasisc
1115 1094 1376 1142 honorem
1430 1087 1580 1141 illum
1620 1088 1918 1140 ademerat.

339 1187 415 1239 Ac
437 1187 502 1238 de
533 1183 760 1237 Philone
783 1181 1040 1251 episcopo
1065 1179 1327 1249 Carpasio
1352 1192 1457 1232 non
1482 1177 1748 1232 dubitavit
1778 1175 1923 1228 Alla-

337 1276 444 1328 tius
486 1273 558 1343 (c)
591 1273 648 1327 S.
684 1272 1036 1341 Epiphaniam
1086 1270 1228 1340 loqui
1284 1270 1335 1324 in
1387 1266 1623 1333 Epistola
1648 1268 1716 1321 ad
1751 1265 1923 1320 Joan-

340 1380 458 1418 nem
487 1363 793 1431 episcOpum
831 1361 1391 1430 Hierosolymitanum,
1431 1370 1552 1429 quae
1588 1359 1816 1413 habetur
1844 1358 1926 1411 itt-

341 1465 424 1507 tcr
453 1445 909 1524 Hicronymianas
949 1452 1209 1519 epistolas
1251 1452 1320 1505 ab
1366 1451 1482 1520 ipso
1512 1448 1847 1515 Hieronymo
1872 1449 1923 1502 in

2022 640 2170 689 πεια,
2213 625 2439 695 Κάλπη,
2486 637 2666 691 portus
2694 627 2745 678 in
2779 625 3029 697 Bithynia
3055 631 3194 699 apud
3247 630 3285 686 S
3312 633 3591 694 ephanum.

2019 715 2107 782 qui
2138 715 2256 768 inde
2277 714 2558 780 Καλπεὺς,
2585 716 2879 781 Καλπῖνος,
2920 718 3285 785 Καλπιτανός,
3319 739 3420 777 non
3450 723 3596 777 Kak-

2022 807 2236 869 πάσιος,
2271 807 2585 876 gentilicium
2631 819 2718 860 aut
2763 812 3102 875 possessivum
3146 812 3393 881 deﬂectit.
3444 814 3597 886 Κᾶρ-

2023 896 2196 950 πάσια.
2223 895 2344 950 urbs
2375 907 2447 949 est
2486 894 2651 966 Cypri
2696 897 2945 963 Diodoro,
2977 898 3273 968 Stephano,
3316 900 3596 958 Ptolemtco

2024 1004 2331 1050 memorum,
2362 987 2658 1056 Xenagorte
2697 990 2995 1061 Κάρπαθος
3020 995 3178 1062 dicta,
3209 995 3469 1050 Demetrio
3495 996 3598 1052 Sa-

2025 1081 2240 1134 laminio
2269 1080 2578 1153 Καρϐάσια.
2630 1082 2709 1133 Αη
2740 1085 2793 1135 in
2819 1082 2989 1137 altera
3032 1086 3221 1138 harum
3249 1089 3480 1154 urbium,
3528 1107 3595 1142 an

2025 1172 2155 1224 alibi
2199 1173 2529 1240 episcOpatus
2558 1170 2716 1240 fuerit
2768 1187 2870 1226 non
2918 1174 3234 1230 divinamus.
3274 1175 3421 1233 Satis
3448 1184 3600 1233 iteres

2025 1262 2219 1318 cunde.
2238 1263 2346 1332 Ego
2375 1278 2507 1318 vero
2539 1264 2823 1333 legendum
2856 1265 2908 1318 in
2947 1264 3167 1323 Meumis
3193 1270 3458 1339 suspicor,
3482 1271 3605 1324 ἑπι-

2030 1353 2231 1407 σκὸπου
2258 1352 2559 1424 γενομένου
2574 1351 2667 1406 τοῦ
2691 1354 3037 1425 Καρπασίου,
3061 1368 3111 1411 et
3142 1360 3207 1412 de
3230 1359 3451 1416 Philone
3475 1361 3606 1416 Car-

2029 1445 2180 1515 pasio
2221 1445 2473 1515 episcopo
2529 1445 2639 1500 illic
2676 1446 3003 1501 ιιιειιιὶοηθιη
3065 1449 3214 1517 ﬂeri;
3270 1466 3333 1505 ea
3374 1455 3600 1517 ratione,

343 1536 598 1599 Latinum
631 1559 887 1599 conversa
916 1542 995 1614 (εἰ)
1024 1561 1037 1596 :
1069 1541 1208 1595 Nam
1238 1542 1413 1606 multi,
1462 1541 1541 1598 ait
1570 1542 1925 1612 Epiphanius,
1969 1604 1991 1617 1
2029 1536 2170 1605 quod
2217 1551 2284 1591 cx
2321 1536 2629 1592 nominibus
2659 1537 2902 1602 Κάλπαι,
2962 1541 3232 1605 Κάλπεια,
3271 1542 3462 1617 tedam,
3499 1552 3604 1601 non

341 1637 570 1705 episcOpi
596 1636 981 1690 communionis
1006 1647 1198 1689 nostra:
1227 1645 1275 1690 et
1301 1634 1632 1706 presbyteros
1668 1637 1722 1689 in
1747 1648 1927 1689 nostra
1966 1626 1997 1686 ἰ,
2031 1640 2167 1680 bene
2200 1626 2475 1681 ἀθΐίγθῑυι*
2506 1627 2848 1691 Kal-imoimo;-

342 1728 720 1780 ordinaeerunt
740 1726 1032 1792 provincia,
1067 1741 1197 1793 quos
1225 1740 1319 1779 nos
1351 1723 1787 1794 comprehendere
1825 1740 1929 1777 non

343 1828 686 1886 poteramus;
720 1828 768 1872 et
794 1820 1047 1871 miserunt
1100 1812 1287 1871 ad'nos
1313 1819 1563 1890 diaconos
1592 1828 1639 1872 et
1671 1818 1927 1889 hypodia-

2101 1715 2164 1771 ll.
2204 1717 2355 1784 Quod
2390 1718 2458 1774 ad
2491 1717 2735 1774 Philonis
2771 1719 3016 1790 Carpasii
3049 1722 3244 1778 attinet
3285 1727 3504 1797 scripta,
3534 1727 3609 1781 in-

2034 1819 2261 1876 certum,
2290 1826 2358 1866 an
2388 1811 2476 1867 ille
2502 1812 2573 1867 sit
2598 1811 2754 1881 cuius
2781 1815 3078 1883 fragmenta
3100 1816 3341 1887 quaedam
3366 1818 3466 1873 sub
3490 1817 3612 1873 Phl-

345 1926 527 1973 conos,
549 1926 676 1979 quos
709 1911 1032 1979 suscepimus
1060 1924 1179 1962 cum
1206 1908 1382 1978 gratia
1406 1924 1425 1963 :
1451 1918 1498 1961 et
1525 1888 1635 1974 ipse
1681 1908 1929 1963 eohorta-
1962 1888 2001 1942 Β
2032 1902 2170 1959 lonis
2198 1904 2591 1972 tantummodo,
2659 1916 2754 1959 aut
2781 1905 3020 1963 Philonis
3044 1907 3280 1978 episcopi
3305 1908 3526 1965 nomine
3557 1910 3610 1964 in

346 2002 431 2055 tus
455 2017 569 2053 sum
603 2001 766 2056 beata:
793 2004 1061 2071 memoritp
1085 1998 1364 2053 Philonem
1401 2000 1699 2070 episcopum
1726 2013 1774 2054 et
1804 2016 1931 2054 san-

346 2103 487 2146 ctum
522 2080 904 2162 Theoprepum,
927 2104 980 2146 ut
1004 2094 1059 2147 in
1088 2092 1316 2147 ecclesiis
1358 2090 1518 2162 Cypri
1547 2104 1656 2163 qua!
1697 2093 1858 2163 juxta
1878 2109 1934 2147 se

347 2194 518 2248 erant,
554 2178 624 2235 ad
656 2192 784 2237 mea:
820 2195 994 2236 autem
1039 2184 1286 2253 partecia:
1327 2184 1595 2238 ecclesiam
1627 2185 1934 2238 videbantur

347 2276 629 2341 pertinere,
647 2290 705 2327 eo
741 2274 881 2346 quod
910 2264 1131 2342 grandis
1157 2286 1285 2329 esset
1323 2284 1371 2329 et
1402 2275 1505 2330 late
1524 2286 1706 2343 patens
1724 2276 1935 2345 provin-

348 2367 458 2432 cia,
497 2366 800 2421 ordinarent
829 2368 1154 2437 presbyteros
1180 2376 1229 2421 et
1250 2357 1445 2423 Christi
1478 2365 1728 2423 Ecclesia:
1766 2368 1935 2436 provi-

349 2450 549 2511 derent.
583 2455 950 2523 Quamobrem
979 2446 1189 2513 Caveus
1229 2455 1301 2535 (e)
1336 2456 1526 2511 scribit
1547 2457 1614 2511 de
1657 2454 1883 2511 Philone
1917 2473 1931 2511 :

352 2538 433 2600 Ad
472 2543 704 2616 Cyprum
764 2545 969 2599 delatus
1008 2546 1074 2599 ab
1116 2544 1412 2615 Epiphanio
1444 2542 1721 2614 Gurpathi,
1747 2544 1937 2597 insula:

352 2638 522 2690 maris
559 2635 934 2690 Mediterranei
979 2636 1042 2688 ab
1068 2635 1301 2689 Asiatico
1335 2636 1513 2689 littore
1544 2651 1647 2689 non
1681 2633 1831 2703 longe
1855 2636 1939 2687 di-

354 2729 570 2792 stantis,
604 2728 681 2781 uti
714 2729 862 2798 rulgo
901 2728 1152 2795 creditur,
1200 2728 1394 2781 rectius
1433 2742 1553 2781 vero
1581 2742 1695 2780 mea
1726 2725 1937 2797 quidem

353 2820 637 2882 sententia,
689 2818 959 2887 Carpasite
1007 2820 1152 2873 urbis
1194 2819 1247 2871 in
1298 2816 1470 2889 Cypro
1518 2834 1621 2872 non
1663 2816 1935 2887 ignobilis,

354 2912 632 2979 episcopus
697 2911 760 2964 ob
798 2910 1053 2980 insignem
1095 2910 1305 2980 pietatis
1332 2900 1529 2977 [amitm
1560 2910 1838 2963 ordinatus
1864 2921 1938 2963 est

350 3018 494 3056 anno
529 2994 653 3055 401.
686 2992 823 3068 Quin
849 3003 1005 3055 etiam
1035 2998 1360 3069 Epiphanius
1392 2998 1606 3055 Romam
1642 3000 1936 3064 discedens,

357 3091 611 3148 Ecclesia:
634 3110 747 3147 sure
770 3091 1188 3148 Constantiensis
1221 3108 1406 3146 curam
1446 3093 1494 3146 ei
1514 3092 1798 3155 commisit,
1831 3098 1937 3145 etc.

2033 1993 2260 2048 diversis
2282 1991 2503 2049 Catenis
2536 1992 2754 2049 Patrum
2814 1994 3128 2051 Graecorum
3169 1996 3493 2053 exhibentur
3518 1998 3610 2070 υ).

2032 2084 2240 2141 Caveus
2265 2085 2382 2142 loco
2424 2101 2585 2157 quem
2637 2102 2797 2158 supra
2825 2088 3002 2155 attuli,
3063 2093 3336 2144 auctorem
3373 2093 3613 2160 suspice:

2036 2187 2122 2231 tur
2154 2193 2275 2234 esse
2315 2176 2565 2232 Historiae
2600 2178 2988 2243 ecclesiastica’,
3044 2188 3204 2248 quem
3243 2179 3429 2235 laudat
3465 2181 3611 2235 Ana-

2033 2272 2230 2328 stasius
2263 2271 2467 2327 Sinaila
2513 2271 2669 2326 initio
2709 2271 3179 2328 Demonstrationis
3226 2272 3492 2328 historica:
3551 2279 3615 2329 de

2035 2381 2227 2434 magna
2259 2374 2307 2418 et
2340 2365 2580 2435 angelica
2625 2365 2816 2419 summi
2871 2365 3158 2419 sacerdotis
3212 2366 3486 2436 dignitate,
3531 2364 3617 2420 his

2038 2473 2119 2510 vei
2136 2458 2246 2510 his:
2275 2455 2363 2509 Ἐν
2385 2458 2450 2527 τῇ
2481 2454 2977 2525 Ἐκκλεσιαστικῇ
3005 2456 3240 2525 ἱστορίᾳ
3265 2457 3496 2520 Φίλωνος
3521 2456 3613 2512 τοῦ

2037 2549 2322 2618 φιλοσόφου
2348 2541 2507 2619 εὗρόν
2543 2565 2598 2601 τι
2624 2548 2865 2602 τοιοῦτον
2886 2564 2900 2579 ο
2934 2548 3002 2602 In
3032 2549 3413 2605 Ecclesiastica
3444 2551 3615 2604 histo-

2042 2643 2115 2695 ria
2155 2640 2400 2695 Philonis
2440 2640 2734 2710 philosophi
2788 2641 2892 2694 tal‘e
2919 2642 3044 2713 quid
3074 2642 3260 2709 reperi.
3306 2643 3383 2696 A'c
3419 2652 3485 2697 n‘e
3526 2642 3631 2696 cui

2042 2735 2234 2789 mirum
2266 2734 2510 2787 videatur
2533 2733 2602 2787 ibi
2634 2731 2914 2788 Philonem
2944 2733 3197 2805 appellari
3217 2732 3614 2804 phil050plmm,

2039 2824 2219 2879 subdit
2245 2841 2258 2878 :
2298 2822 2412 2878 Vox
2433 2825 2536 2877 ista
2576 2839 2680 2878 non
2708 2825 2991 2879 monachos
3024 2826 3180 2880 modo
3207 2836 3255 2879 et
3282 2827 3522 2881 arctioris
3544 2829 3620 2881 vi.

2040 2925 2105 2969 ιω
2140 2915 2363 2969 cultores
2410 2915 2660 2969 denotare
2688 2917 2860 2985 coepit,
2910 2919 2998 2971 sed
3028 2927 3077 2971 et
3126 2933 3303 2971 omnes
3332 2921 3617 2988 prtesertini

2039 3008 2093 3059 in
2147 3006 2284 3059 clero
2321 3007 2648 3071 constitutos,
2708 3009 2798 3077 qui
2851 3008 2922 3061 ad
2974 3009 3378 3064 reconditiori‘tnt
3418 3010 3622 3066 littera-

2042 3111 2155 3147 rum
2183 3095 2417 3155 studium
2447 3096 2683 3149 animum
2712 3097 3049 3166 appulerunt.
3084 3097 3188 3152 Sed
3220 3099 3336 3155 haec
3367 3112 3513 3155 tnera
3538 3105 3622 3157 est

355 3184 636 3240 Fabricius
679 3185 864 3239 itidem
901 3183 993 3255 (Ι),
1050 3183 1288 3253 Lequien
1335 3182 1434 3255 (g),
1478 3184 1726 3239 Garetius
1765 3179 1840 3253 (It)
1888 3190 1942 3236 et
1975 3243 2009 3255 Α
2043 3183 2227 3250 Cavei,
2259 3199 2365 3239 non
2403 3194 2577 3239 tamen
2612 3185 2979 3254 improbabilis
3003 3187 3337 3255 conjectura.
3688 3252 3693 3255 ,

363 3279 596 3335 Allatius
627 3243 1011 3333 dissertatione
1045 3243 1205 3345 quam
1234 3243 1404 3347 supra,
1418 3243 1573 3341 idixi,
1605 3276 1671 3330 de
1699 3243 1939 3330 Pliiloni-
1968 3243 2011 3302 θ
2115 3243 2266 3342 Quod
2302 3285 2484 3331 autem
2514 3277 2645 3331 nihil
2670 3243 3022 3332 dubitationis
3040 3243 3251 3333 videtur
3275 3280 3474 3335 habere
3501 3292 3626 3350 posA

356 3375 472 3436 bus,
508 3387 633 3427 eum
663 3372 730 3425 de
764 3370 990 3425 Philone
1024 3369 1212 3424 eadem
1246 3370 1461 3423 tradant
1501 3384 1621 3437 illum
1669 3366 1942 3437 Polybius,

356 3466 493 3519 Satis
534 3464 849 3527 ostendunt,
884 3477 947 3517 ca
978 3476 1037 3516 se
1072 3473 1169 3529 pm
1193 3461 1337 3515 veris
1373 3459 1651 3523 habuisse,
1707 3474 1825 3528 qua:
1876 3460 1943 3512 de

359 3558 477 3624 ipso
507 3556 737 3610 Philone
758 3556 984 3626 ejusque
1007 3556 1317 3623 episcopatu
1347 3553 1398 3607 iu
1431 3548 1547 3605 Vita
1573 3550 1630 3605 S.
1664 3550 1945 3620 Epiphanii

363 3660 680 3703 narrantur.
711 3648 861 3703 lluuc
889 3648 1169 3703 Philonem
1199 3649 1263 3700 de
1291 3662 1399 3717 quo
1432 3645 1586 3700 nobis
1635 3654 1719 3699 est
1741 3659 1940 3707 sermo,

362 3742 630 3811 suspicari
664 3742 784 3810 quis
828 3739 1002 3809 possit
1049 3740 1298 3794 eumdem
1328 3754 1448 3792 esse
1488 3754 1610 3791 curn
1664 3750 1729 3791 eo
1784 3752 1945 3805 quem

364 3831 672 3886 tiicuioraut
719 3847 907 3903 magna
966 3830 1167 3885 Metuca
1234 3830 1545 3885 Graecorum
1594 3827 1658 3880 ad
1694 3827 1836 3881 diem
1876 3826 1948 3880 24

360 3922 629 3988 Januarii,
659 3924 748 3977 ubi
780 3925 895 3977 hzcc
922 3923 1228 3977 habentur:
1263 3922 1342 3991 Τῇ
1376 3921 1516 3991 αὐτῇ
1541 3917 1723 3989 ἡμέρᾳ
1758 3918 1946 3988 μνήμη

362 4015 459 4069 τοῦ
488 4014 642 4085 ἁγίου
678 4015 954 4086 μάρτυρος
988 4004 1371 4085 Ἑρμογένους,
1408 4011 1499 4062 καὶ
1526 4009 1708 4078 Μηνᾶ,
1736 4009 1828 4061 καὶ
1853 4007 1947 4060 τοῦ

359 4106 512 4160 ’ὁσίου
549 4106 766 4177 Harpe;
816 4104 974 4175 ἡμῶν
1013 4104 1280 4165 Φίλωνος,
1318 4100 1619 4154 ἐπισκόπου
1655 4098 1948 4170 γενομένου

363 4197 461 4252 τοῦ
510 4197 871 4251 Καλπασὶου·
924 4194 1126 4249 Eadem
1167 4196 1252 4248 die
1304 4193 1729 4247 commemoratio
1784 4191 1951 4244 sancti

365 4293 617 4362 martyris
692 4284 1065 4357 Hermogenis,
1116 4297 1164 4341 et
1215 4285 1405 4350 Mente,
1454 4295 1504 4338 et
1560 4284 1727 4361 sancti
1771 4280 1950 4335 Patris

369 4380 541 4434 nostri
594 4376 837 4431 Philonis
887 4376 1115 4445 episcopi
1177 4364 1432 4440 Calpasii.
1505 4372 1621 4439 Quo
1660 4372 1777 4427 loco
1832 4370 1952 4424 Bol—

369 4472 565 4527 landus
602 4470 768 4524 allato
806 4469 872 4523 ad
933 4469 1179 4527 eumdem
1221 4468 1362 4521 diem
1422 4449 1493 4518 2i
1541 4463 1785 4518 Januarii
1819 4464 1950 4518 sub-

2044 3387 2123 3437 se,
2148 3371 2365 3441 scripsit
2390 3370 2542 3425 l'hilo
2566 3370 2812 3440 Carpasii
2859 3372 3143 3441 episcOpns
3172 3371 3316 3426 hunc
3346 3372 3439 3442 qui
3469 3373 3626 3428 modo

2046 3465 2098 3518 in
2127 3464 2396 3533 publicum
2427 3463 2624 3532 prodit,
2661 3463 3114 3518 commentarium
3150 3464 3207 3518 in
3242 3462 3465 3518 Cantica
3496 3472 3625 3518 can-

2045 3558 2286 3611 ticorum.
2328 3555 2396 3610 Et
2427 3556 2702 3612 Philonem
2745 3557 2895 3611 illum
2937 3558 3090 3629 cujus
3128 3559 3331 3613 mentio
3374 3569 3458 3614 e‘st
3487 3559 3627 3630 apud

2047 3648 2346 3719 Polybium,
2379 3648 2753 3704 commentarii
2787 3649 2946 3719 hujus
2976 3650 3144 3705 fuisse
3182 3658 3458 3706 auctorem
3494 3652 3627 3706 satis

2047 3740 2403 3808 comprobare
2434 3740 2707 3806 videntur,
2739 3749 3008 3811 quotquot
3036 3741 3275 3811 reperire
3313 3742 3469 3797 licuit
3494 3749 3626 3797 mss.

2049 3831 2286 3897 codices,
2324 3830 2644 3887 Mutinensis
2690 3832 2746 3886 in
2787 3831 3111 3887 bibliotheca
3158 3834 3489 3889 serenissimi
3533 3834 3630 3888 du-

2049 3923 2127 3976 cis
2169 3921 2388 3977 Mutina:
2422 3925 2891 3990 membranaceus,
2954 3925 3187 3995 scriptus
3221 3926 3432 3981 decimo
3461 3941 3630 3982 saccu-

2051 4013 2103 4066 la
2122 4029 2140 4078 ς
2165 4024 2219 4067 et
2248 4004 2386 4069 alius
2414 4015 2601 4069 itidem
2630 4018 3079 4071 membranaceus
3105 4020 3244 4086 apud
3276 4016 3378 4074 PP.
3410 4018 3632 4073 Theati-

2052 4120 2148 4160 nos
2176 4105 2394 4175 Neapoli
2458 4107 2510 4161 in
2546 4108 2712 4163 Domo
2771 4108 2829 4162 S.
2863 4107 3036 4172 Pauli,
3098 4109 3251 4177 cujus
3300 4111 3418 4166 duae
3463 4112 3635 4165 tertia)

2054 4208 2236 4267 partes
2292 4200 2506 4267 scriptm
2565 4200 2815 4255 videntur
2848 4201 3045 4254 sceculo
3084 4201 3389 4265 undecimo,
3432 4201 3632 4270 aliqua

2056 4288 2211 4342 tertia
2241 4289 2440 4343 sasculo
2474 4289 2685 4344 decimo
2720 4290 2917 4353 tertio;
2945 4299 2999 4342 et
3029 4290 3119 4358 qui
3155 4299 3235 4343 est
3272 4292 3322 4344 in
3353 4291 3635 4348 bibliothe-

2053 4391 2117 4431 ca
2147 4374 2438 4431 Barberina
2469 4377 2825 4446 bombycinus
2878 4391 2977 4430 snt
3008 4377 3205 4431 saeculo
3237 4384 3491 4435 exaratos
3518 4397 3532 4446 ;
3584 4391 3637 4435 et

2053 4468 2159 4522 duo
2193 4476 2434 4522 recentes
2463 4467 2832 4535 mauuseripti,
2867 4467 3005 4521 alter
3035 4467 3351 4524 chartaceus
3389 4472 3528 4540 apud
3575 4471 3639 4524 il-

369 4564 446 4615 dit
476 4560 537 4632 (il
564 4578 578 4614 :
604 4554 757 4614 Certe
796 4561 1054 4612 illustrem
1083 4556 1431 4638 confessorem
1457 4553 1730 4608 Philonem
1739 4555 1951 4653 nepisco-
1986 4596 2033 4653 υ
2057 4556 2442 4614 lustrissimum
2517 4557 2881 4615 Auximanum
2956 4562 3265 4631 episcopum
3323 4561 3636 4632 Pompeiam

370 4670 493 4724 pum
529 4652 839 4724 ﬂgyptium
889 4652 941 4703 in
979 4648 1220 4704 exsilium
1263 4634 1486 4716 ejectum
1534 4661 1643 4699 esse
1670 4662 1701 4698 a
1731 4641 1952 4713 Georgio

372 4747 683 4817 Cappadoce
711 4744 772 4799 S.
808 4742 1137 4797 Athanasius
1169 4741 1347 4795 scribit
1377 4739 1432 4792 in
1460 4737 1718 4807 Apologia
1736 4736 1803 4791 de
1830 4733 1954 4803 fuga

374 4853 494 4905 sua,
537 4850 584 4893 et
638 4838 692 4891 in
734 4832 972 4905 Epistola
1023 4833 1091 4888 ad
1153 4830 1451 4887 solitariam
1501 4829 1669 4883 vitam
1708 4837 1952 4898 agentes.

375 4930 462 4982 ubi
515 4929 589 4980 ait
632 4922 909 4980 Philonem
960 4935 1220 4978 retrusam
1249 4937 1358 4975 esse
1382 4918 1725 4990 Babylonem,
1762 4919 1869 4972 sive
1899 4917 1953 4970 in

376 5021 718 5088 propinquam
747 5015 1005 5086 Babyloni
1026 5016 1361 5071 solitudinem
1387 5024 1434 5069 et
1463 5013 1531 5068 ad
1563 5013 1763 5066 obitum
1791 5028 1955 5081 usque

375 5111 782 5179 persecutionem
830 5125 1078 5176 passum;
1106 5119 1157 5162 et
1188 5107 1347 5178 paulo
1371 5115 1493 5177 post
1526 5124 1540 5160 :
1576 5106 1671 5158 Ast
1700 5103 1788 5157 ubi
1817 5101 1947 5157 Cal-

451 5294 528 5362 (τι)
553 5293 619 5346 Et
641 5292 862 5360 quelque
878 5289 1054 5362 fausse
1082 5291 1304 5362 quejsoit
1329 5299 1458 5344 cette
1493 5287 1605 5353 Vie,
1638 5304 1767 5341 nous
1794 5302 1954 5362 arons

373 5360 595 5435 queltjue
616 5363 748 5429 suiet
778 5365 841 5415 de
863 5361 1033 5435 croire
1048 5360 1240 5435 _qn’e_lle
1261 5376 1324 5414 ne
1355 5370 1499 5435 rn_ent_
1515 5374 1609 5426 pas
1635 5374 1697 5411 en
1715 5375 1771 5435 ce
1787 5360 1952 5435 point,

376 5428 481 5489 non
501 5428 620 5502 plus
648 5449 747 5502 que
783 5434 958 5502 quand
989 5428 1086 5485 elle
1119 5432 1213 5502 dit,
1246 5445 1347 5502 que
1375 5428 1553 5502 Sgbin
1583 5429 1804 5483 succéda

374 5497 690 5573 Epiphane’:
720 5497 848 5557 tom.
868 5499 938 5573 X,
972 5513 1081 5553 not.
1116 5498 1211 5573 l0,_
1236 5497 1376 5573 in_S.
1401 5499 1670 5573 Epiphan.
1694 5497 1952 5573 pag.809.

447 5568 520 5644 (ὁ)
559 5574 865 5644 Connnent.
900 5571 1163 5641 Epipbau.
1197 5571 1249 5624 in
1273 5569 1497 5625 Cantica
1531 5568 1875 5632 canticorum,
1905 5569 1956 5619 in

375 5643 1042 5720 Ι³τ²ξ⁵ῖ³ξο,1³³3τ⁵θτ.ι...
1121 5709 1154 5720 ..
1326 5709 1359 5720 ..
1480 5708 1491 5720 .
1808 5650 1902 5720 ..’..

448 5717 516 5784 (c)
549 5707 803 5784 Diatribar
824 5711 888 5784 de
918 5707 1230 5784 Philonibus
1274 5709 1450 5765 adhuc
1478 5707 1787 5784 inedita”:-
1808 5707 1963 5784 Edita

376 5778 547 5855 nuper
601 5787 658 5839 in
717 5781 1047 5855 Bibliotheca
1112 5778 1332 5835 Patrum
1377 5780 1524 5834 card.
1583 5779 1773 5850 Angeli
1819 5779 1960 5840 Maii,

374 5850 502 5913 toni.
532 5855 618 5914 Vl.
657 5855 819 5911 Emi.
864 5850 1103 5906 ΡΑτιιοι..

2059 4647 2522 4719 Compagnonum,
2573 4656 2631 4701 et
2684 4660 2838 4702 meus
2871 4648 3011 4704 alter
3057 4648 3239 4703 itidem
3285 4648 3636 4713 chartacens;

2058 4740 2147 4810 qui
2183 4740 2285 4794 duo
2339 4739 2595 4809 postremi
2629 4741 2726 4795 etsi
2774 4749 3038 4807 recentes,
3101 4746 3207 4795 non
3260 4747 3438 4794 tamen
3466 4754 3532 4794 ex
3574 4739 3640 4794 iis

2056 4845 2192 4901 quos
2214 4831 2397 4900 priore
2430 4829 2549 4886 loco
2575 4831 2872 4895 nominavi,
2909 4830 3163 4901 descripti
3189 4843 3309 4885 esse
3336 4831 3588 4884 videntur
3627 4836 3642 4894 :

2056 4924 2199 4991 quod
2232 4922 2502 4991 colligitur
2530 4936 2597 4976 ex
2621 4922 2959 4977 variantibus
2991 4921 3332 4986 lectionibus,
3362 4935 3482 4990 quae
3513 4921 3623 4974 mnl

2064 5016 2134 5069 tis
2192 5014 2245 5068 in
2310 5014 2443 5069 locis
2487 5022 2801 5069 occurrunt.
2855 5011 2974 5068 Non
3035 5022 3214 5068 tamen
3269 5012 3640 5078 dissimulabo,

2058 5121 2235 5161 meum
2270 5120 2335 5161 es
2376 5104 2672 5159 Barherino
2711 5105 2898 5160 codice
2931 5104 3099 5159 videri
3141 5118 3260 5159 esse
3293 5104 3639 5172 descriptum.-

2135 5288 2213 5358 (ά)
2262 5289 2319 5348 ln
2371 5289 2501 5344 edit.
2537 5285 2702 5358 Oper2
2734 5286 2791 5358 S.
2829 5285 3048 5340 llieron.
3091 5282 3380 5358 novissima
3397 5283 3641 5358 AVerouas

2065 5353 2378 5482 ἓῗὶιξίέὅι,
2412 5353 2637 5413 curante
2664 5355 2945 5422 Vallarsio,
2968 5366 3099 5410 tom.
3123 5353 3164 5420 l,
3186 5354 3289 5409 col.
3318 5353 3445 5419 Ἣὲ,
3476 5356 3637 5425 epist.

2140 5470 2151 5482 .
2184 5445 2236 5480 n.
2301 5468 2315 5482 .

2136 5470 2151 5491 ,
2184 5445 2236 5480 η.
2260 5445 2315 5484 2.
3059 5485 3064 5491 .

2134 5498 2203 5567 te)
2239 5498 2624 5556 HistorJitter.
2665 5507 2794 5551 tom.
2819 5495 2861 5567 l_.
2891 5511 3011 5566 pag.
3049 5496 3155 5567 575
3185 5495 3312 5567 edit.
3342 5494 3636 5550 Basileens.

2239 5570 2391 5622 Tom.
2421 5567 2498 5638 Ix,
2530 5568 2782 5623 Biblioth.
2815 5565 2936 5638 ϐτί,
2967 5565 3088 5636 pag.

2232 5638 2436 5709 Ot-ient.
2466 5637 2664 5709 Christ.
2700 5645 2833 5709 toni.
2872 5636 2932 5699 II,
2962 5634 3083 5709 pag.
3127 5634 3279 5709 10672

2144 5701 2218 5779 (ti)
2247 5708 2481 5779 Operam
2508 5708 2815 5779 Cassiodo_ri
2848 5701 3073 5779 tom—.All,
3112 5719 3233 5779 pag:
3263 5701 3385 5760 542.

2239 5770 2369 5829 Acta
2397 5786 2724 5846 sanctorum,
2755 5774 2999 5846 Januarii
3039 5770 3167 5826 tom.
3191 5770 3416 5846 ll,_pag.
3439 5770 3561 5846 £95:

2144 5789 2206 5846 (ι)
2239 5789 2369 5829 Λεία
2402 5789 2724 5841 sanctorum,
2755 5789 2999 5828 Jallltnl‘tt
3039 5789 3167 5826 tom.
3191 5789 3416 5893 n.)pag.
3439 5789 3576 5848 ινφ..

2144 5847 2210 5917 tj,
2233 5847 2360 5900 Vide
2391 5845 2631 5911 Fabric.,
2663 5844 2914 5898 Bibtioth.
2944 5842 3039 5898 Gr.
3068 5852 3199 5895 tom.
3242 5839 3258 5892 Ι
3321 5881 3333 5907 ,
3361 5856 3481 5912 pag.
3506 5839 3636 5896 252.
