4038 6134
385 378 452 434 15
1479 371 1682 427 PlllLO
1722 370 2117 427 CARPASlL‘S
2153 369 2549 425 EPISCOPUS.
3575 369 3639 425 15

383 494 442 547 Ili
478 505 607 546 vero
628 504 819 545 omnes
844 490 988 544 clare
1024 490 1167 544 hunc
1197 488 1407 543 titulum
1443 486 1771 556 pra-ferunt:
1803 484 1970 537 Φίλω-
2002 493 2043 544 Α
2077 483 2225 550 liqua
2260 483 2434 564 Grteci
2473 480 3040 564 lmjnsocommentarii
3069 481 3454 550 interpretatio.
3493 481 3641 537 Illam

383 601 473 645 νος
505 581 804 635 ἐπισκόπου
838 579 932 634 τοῦ
965 581 1289 652 Καρπασίου
1321 581 1417 633 σὺν
1446 578 1565 649 θεῷ
1590 578 1853 651 ἑρμηνεία
1878 581 1964 642 εἰς

383 675 454 729 τά
476 676 745 744 ᾊσματα
771 671 890 725 τῶν
918 673 1205 742 ᾀσμάτων
1238 671 1373 744 πρὸς
1400 671 1691 724 Εὑστὰοιον
1723 669 1962 742 πρεσϐύ-

380 782 535 837 τερον
561 765 652 818 καὶ
680 764 938 818 Εὑσέϐιον
964 764 1210 818 διάκονον
1233 781 1247 794 ο
1288 765 1524 818 Philonis
1559 764 1785 832 episcopi
1833 762 1965 815 Car-

381 859 539 928 pasii,
579 857 683 908 I)eo
733 855 974 923 jurante,
1018 857 1284 909 enarratio
1324 857 1376 908 in
1411 855 1694 909 Canticum
1727 856 1965 907 cantico-

384 961 500 999 rum
524 947 592 998 ad
624 945 959 999 Eustathium
1004 947 1358 1015 presbyterum
1387 957 1434 998 et
1462 942 1746 997 Euscb'um
1786 945 1966 997 diaco-

384 1056 529 1093 num.
569 1036 825 1092 Eamdcm
874 1035 1042 1091 fuisse
1088 1038 1434 1108 epigraphem
1461 1037 1606 1090 credi
1668 1044 1879 1104 oportet
1911 1037 1962 1089 in

384 1130 488 1181 alio
510 1129 694 1185 codice
732 1127 943 1192 Grazco,
982 1142 1142 1197 quem
1175 1135 1322 1182 certe
1359 1128 1556 1182 vidisse
1603 1128 1839 1181 arbitror
1860 1126 1966 1180 Lu-

382 1240 500 1277 t'ttlll
526 1221 883 1275 liolstenium.
913 1220 1044 1274 Nam
1082 1219 1135 1273 in
1188 1221 1330 1279 notis
1369 1225 1433 1272 ad
1470 1216 1853 1290 Geographiam
1875 1235 1965 1272 sa—

381 1328 522 1364 crant
554 1310 729 1366 Caroli
770 1325 798 1362 a
832 1310 887 1361 ὃ.
918 1309 1088 1363 Paulo
1124 1308 1226 1379 (a),
1269 1307 1464 1378 Hujus,
1519 1309 1710 1377 inquit,
1740 1307 1963 1378 (Carpa-

382 1404 496 1474 siae)
524 1404 793 1472 episcOpus
834 1400 986 1455 Philo
1036 1401 1382 1472 Καρπάσιος,
1433 1399 1584 1469 cujus
1631 1410 1796 1454 exstat
1819 1417 1965 1453 com-

384 1496 667 1551 mentcrius
703 1492 918 1548 Caecus
949 1510 1048 1547 ms.
1078 1494 1130 1546 iu
1161 1493 1382 1547 Cantica
1421 1490 1776 1558 canticorum,
1816 1506 1965 1561 quem

383 1592 536 1662 rulgo
591 1590 726 1643 male
784 1587 1148 1657 Carpathium,
1198 1586 1348 1656 quasi
1387 1600 1419 1637 a
1473 1582 1739 1652 Carpatho
1793 1581 1965 1635 insula

383 1683 667 1752 appellant.
731 1682 863 1737 Cttm
898 1680 1174 1736 Holstenio
1199 1678 1471 1734 consentit
1519 1677 1770 1742 Allatius,
1799 1676 1964 1746 quiin

384 1775 614 1838 diatriba
669 1779 732 1826 de
784 1757 1122 1834 Plutonibus,
1197 1767 1405 1822 Philoni
1459 1766 1722 1838 Carpasio
1781 1768 1967 1820 tribuit

2068 589 2116 625 ν.
2160 573 2207 626 cl
2273 558 2463 626 Petrus
2511 558 2833 627 Franciscus
2888 570 3178 641 Fogginius
3235 587 3378 626 anno
3422 574 3559 629 1750
3591 576 3642 629 in

2069 664 2234 716 lucem
2271 662 2463 716 extulit
2495 677 2524 715 e
2552 663 2967 717 metnbranaceo
3002 663 3274 718 Vaticana:
3308 663 3644 720 bibliotheca

2066 756 2268 819 codice,
2310 755 2463 822 cujus
2502 764 2712 809 aetatem
2740 755 3018 810 existimat
3045 757 3425 812 millenariam.
3461 759 3642 813 Codex

2068 850 2154 902 ille
2183 849 2488 915 interpretis
2520 849 2734 918 quidem
2770 865 2873 903 non
2915 848 3133 903 exhibet
3164 865 3389 917 nomen;
3431 851 3522 906 sed
3549 865 3645 904 att-

2066 950 2270 993 ctoretn
2326 939 2545 1009 praefert
2584 940 2643 992 S.
2704 939 3085 1008 Epiphanium.
3140 939 3291 995 Hanc
3313 943 3455 994 enim
3485 941 3645 995 habet

2069 1032 2471 1100 inscriptionem
2510 1051 2523 1087 :
2560 1031 2833 1099 Expositio
2868 1032 2927 1086 S.
2966 1031 3249 1101 Epiphanii
3285 1033 3511 1103 episcopi
3547 1033 3648 1102 Cy—

2066 1124 2148 1191 pri
2173 1125 2222 1176 in
2254 1124 2473 1177 Cantica
2510 1126 2864 1179 canticorum.
2914 1125 3064 1180 Hanc
3101 1125 3397 1179 versionem
3454 1124 3647 1196 Poggi-

2068 1216 2188 1267 nius
2220 1225 2370 1284 putat
2415 1216 2483 1269 ab
2526 1215 2825 1283 Epiphanio
2855 1215 3193 1271 Scholastico
3219 1232 3341 1271 esse
3376 1218 3645 1286 compasi‘

2069 1315 2198 1370 tam,
2230 1315 2283 1360 et
2312 1309 2555 1361 eamdem
2590 1308 2737 1361 illam
2763 1323 2881 1363 esse
2905 1319 3095 1364 censet
3124 1310 3644 1380 interpretationem,

2067 1413 2227 1467 quam
2262 1398 2618 1454 Cassiodorus
2646 1399 2761 1455 loco
2783 1416 2940 1472 quem
2977 1401 3255 1457 attulimus
3298 1416 3456 1472 supra
3498 1417 3648 1457 com-

2069 1502 2352 1547 memorat.
2397 1491 2544 1547 lllius
2586 1494 2725 1548 tituli
2779 1496 3060 1549 veritatem
3085 1498 3303 1566 agnOVit
3335 1496 3645 1551 Adrianusl

2068 1599 2205 1653 papa
2237 1585 2286 1637 in
2317 1586 2519 1654 scripto
2547 1585 2620 1639 De
2640 1587 2953 1653 imaginibus
2979 1586 3043 1639 ad
3065 1585 3313 1641 Carolum
3342 1602 3517 1657 regem
3541 1590 3643 1658 (e):

2070 1673 2135 1728 1η
2204 1691 2461 1745 persona,
2523 1677 2729 1745 inquit,
2785 1676 2982 1731 Christi
3035 1687 3083 1731 et
3132 1676 3383 1733 Ecclesia:
3442 1677 3647 1734 diversa

2068 1778 2365 1821 sanctorum
2393 1766 2613 1821 Patrum
2667 1768 2916 1835 opuscula
2972 1770 3023 1823 in
3050 1769 3270 1824 Cantica
3310 1770 3645 1825 canticorum

383 1863 830 1917 ceunncntarium
867 1862 917 1914 iu
950 1860 1224 1915 Canticum
1248 1861 1574 1913 canticorum
1608 1875 1625 1912 :
1659 1859 1962 1920 Saceincta,
1997 1842 2036 1896 Β
2066 1861 2348 1928 explanata
2374 1872 2495 1915 sunt
2516 1878 2535 1915 .·
2570 1874 2615 1914 et
2651 1863 2697 1915 si
2726 1862 2934 1931 quando
2954 1862 3347 1932 intelligendum
3375 1872 3471 1930 est,
3516 1865 3650 1918 scire

384 1954 577 2022 inquit,
611 1954 699 2007 sed
722 1952 1032 2006 acutissima
1077 1950 1556 2020 laudatissimaquc
1588 1951 1968 2004 commentaria

382 2046 585 2113 scripsit
633 2046 685 2099 in
753 2044 1043 2099 Canticum
1102 2043 1432 2098 canticorum
1491 2044 1561 2095 ad
1629 2039 1967 2095 Eustathium

381 2137 736 2206 presbyterum
758 2144 805 2187 et
837 2132 1118 2187 Eusebium
1148 2133 1451 2187 diaconum.
1480 2131 1586 2187 Nec
1621 2131 1779 2186 aliam
1806 2147 1966 2201 quam

383 2242 505 2297 qua
538 2227 591 2280 in
622 2226 938 2281 memoratis
971 2224 1249 2279 codicibus
1281 2224 1592 2291 exhibetur,
1619 2225 1965 2296 epigraphem

385 2315 640 2371 habuisse
693 2315 900 2370 videtur
950 2313 1169 2370 Graecus
1224 2315 1390 2369 codex
1455 2315 1683 2369 Emerici
1750 2314 1965 2383 Bigmii.

382 2406 515 2460 Ctnn
551 2405 695 2459 enim
722 2404 1075 2460 Cassiodorus
1100 2404 1385 2474 scripserit
1424 2402 1521 2476 (ὁ),
1551 2402 1609 2457 S.
1638 2400 1967 2474 Epiphanius

380 2498 600 2552 antistes
630 2497 1032 2568 Cypriustbtum
1058 2496 1250 2549 librum
1280 2493 1461 2549 Cra-co
1487 2511 1723 2550 sermone
1743 2511 1846 2549 uno
1880 2511 1968 2549 vo-

381 2590 578 2645 lumine
604 2590 905 2658 complexus
927 2599 1022 2643 est.
1045 2585 1201 2641 Hunc
1228 2602 1342 2652 nos,
1371 2599 1424 2641 ut
1454 2587 1610 2651 alios,
1642 2588 1695 2641 in
1721 2586 1967 2641 Latinam

382 2683 619 2754 linguam
650 2698 741 2750 per
768 2682 998 2734 amicum
1051 2690 1306 2744 nostrum,
1363 2682 1535 2733 uirum
1563 2680 1966 2733 disertissimum

387 2773 737 2843 Epiphanium
770 2772 1013 2835 fecimus,
1047 2769 1153 2823 Deo
1178 2770 1420 2837 iuvante,
1449 2770 1761 2838 transferri;
1802 2771 1970 2826 Gere-

384 2868 492 2921 tius
530 2865 595 2918 ad
630 2864 772 2918 hunc
802 2862 979 2918 locum
1024 2864 1163 2916 hanc
1197 2872 1380 2917 notam
1412 2863 1662 2932 apposuit
1699 2878 1713 2917 :
1762 2861 1851 2916 Vel
1876 2880 1969 2932 po-

381 2961 489 3012 tius
524 2955 680 3010 I’In'lo
712 2956 985 3010 ordinatus
1014 2956 1285 3023 episcopus
1309 2954 1552 3023 Carpasii
1577 2956 1630 3009 in
1658 2956 1830 3009 insula
1863 2955 1969 3026 Cy-

383 3066 477 3120 pro
509 3067 539 3101 a
569 3047 626 3102 S.
663 3048 954 3118 Epiphanio
997 3047 1312 3115 Salaminice
1352 3049 1610 3113 antistite,
1644 3058 1696 3101 ut
1722 3050 1779 3102 in
1803 3050 1968 3119 ipsius

2069 1955 2249 2017 velint,
2275 1952 2332 2008 S.
2363 1953 2651 2022 Epiphanii
2677 1954 2906 2023 episcopi
2958 1952 3118 2022 Cypri
3144 1954 3463 2023 proferimus
3490 1970 3651 2024 expo-

2068 2043 2331 2107 sitionem,
2372 2043 2425 2095 in
2445 2058 2549 2112 qua
2573 2044 2710 2097 inter
2754 2042 2917 2095 nmlla
2944 2043 3151 2097 diuersa
3177 2045 3343 2113 inquit
3368 2060 3387 2098 :
3413 2044 3652 2101 Ostende

2071 2140 2199 2195 mibi
2229 2140 2420 2194 faciem
2456 2150 2625 2206 tuam,
2649 2151 2702 2195 et
2724 2140 2961 2195 auditam
2991 2140 3076 2195 fac
3103 2140 3233 2196 mihi
3253 2156 3435 2197 vocem
3464 2148 3648 2208 tuam;

2070 2232 2173 2286 hoc
2197 2242 2278 2286 est
2305 2247 2404 2301 per
2439 2232 2612 2303 legem
2648 2242 2703 2286 et
2739 2232 3031 2301 prophetas
3087 2247 3190 2286 non
3224 2233 3353 2287 mihi
3383 2232 3648 2302 loquaris,

2071 2322 2163 2374 sed
2197 2321 2538 2390 temetipsum
2592 2330 2761 2376 totum
2800 2323 2927 2376 mihi
2963 2322 3206 2388 ostende,
3236 2333 3282 2376 et
3319 2334 3506 2377 castera
3531 2338 3652 2393 qua:

2072 2422 2375 2482 sequuntur.
2410 2409 2532 2464 lla'c
2562 2424 2690 2465 vero
2743 2421 2867 2464 sunt
2899 2410 3166 2479 ipsissitna
3217 2412 3402 2477 verba,
3448 2425 3568 2480 quae
3597 2410 3651 2465 in

2069 2503 2303 2558 editione
2325 2501 2653 2571 Fogginiana
2683 2504 2929 2571 leguntur
2956 2516 3077 2572 pag.
3103 2502 3208 2564 59;
3251 2501 3424 2571 iisque
3463 2502 3651 2557 Graeca

2071 2594 2397 2665 respondent
2442 2593 2493 2647 in
2548 2592 2647 2646 hac
2694 2593 2929 2647 editione
2977 2603 3158 2647 nostra
3211 2608 3359 2648 nttm.
3394 2594 3482 2647 Ἠ.
3539 2593 3650 2651 Nec

2075 2699 2201 2739 vero
2233 2687 2411 2747 codex
2450 2684 2539 2738 ille
2576 2682 2866 2738 Vaticanus
2896 2693 2981 2739 est
3020 2685 3243 2747 atticus;
3275 2685 3366 2739 sed
3389 2695 3564 2741 exstat
3597 2687 3648 2741 in

2072 2777 2399 2831 bibliotheca
2433 2774 2597 2845 Regia
2644 2774 2938 2829 Parisiensi
2993 2777 3132 2829 inter
3171 2776 3508 2830 miscellanea
3566 2777 3653 2831 Bi-

2071 2868 2199 2939 gotii
2237 2868 2377 2923 idem
2413 2867 2641 2921 Latinus
2671 2867 3121 2933 commentarius,
3155 2883 3313 2936 quem
3344 2884 3406 2921 ex
3439 2865 3653 2921 Vatica-

2072 2974 2141 3013 no
2168 2958 2357 3013 codice
2387 2959 2602 3027 quidam
2641 2959 2986 3028 suspicantur
3018 2973 3138 3013 esse
3162 2958 3512 3028 descriptum.
3544 2958 3651 3013 Sed

2074 3050 2227 3107 falso.
2256 3050 2392 3105 Nam
2435 3051 2486 3104 in
2514 3051 2795 3120 Bigotiano
2815 3052 2998 3106 codice
3032 3052 3178 3106 deest
3208 3051 3469 3120 prmiatio,
3490 3066 3651 3121 quam

391 3142 562 3196 sancti
599 3140 718 3195 Vita
749 3141 957 3210 legitur.
1011 3139 1129 3194 Vidi
1168 3139 1383 3208 hujusce
1440 3142 1801 3195 commentarii
1852 3153 1966 3196 tex-
1995 3179 2037 3236 ο
2080 3143 2368 3198 Vaticanus
2394 3144 2560 3197 codex
2595 3143 2859 3211 integram
2905 3142 3083 3196 habet.
3117 3142 3350 3212 ASquum
3376 3144 3543 3213 igitur
3569 3137 3655 3197 εξεί

382 3244 492 3287 tum
520 3230 762 3287 Grcecum
806 3233 862 3286 in
901 3233 1141 3285 manibus
1168 3249 1216 3285 υ.
1253 3232 1321 3286 cl.
1351 3231 1580 3286 Emerici
1615 3231 1811 3303 Bigotii
1847 3250 1965 3288 cum

386 3325 737 3379 translatione
775 3321 991 3387 Latina,
1032 3314 1185 3392 cujus
1208 3322 1292 3376 hic
1329 3324 1560 3378 meminit
1594 3321 1965 3379 Cassiodorus.

382 3417 516 3471 Cum
551 3414 830 3471 Holstenio
860 3424 914 3467 et
962 3410 1182 3468 Garetio
1237 3415 1568 3469 concordant
1603 3413 1885 3470 Fabricius
1914 3426 1966 3470 et

381 3507 641 3578 Lequien.
676 3506 775 3561 llic
806 3507 949 3561 enim
990 3507 1039 3560 in
1072 3505 1287 3560 Oriente
1332 3505 1636 3561 Christiano
1688 3508 1758 3578 (c)
1798 3505 1970 3562 :Phi-

383 3599 544 3666 lanis,
572 3597 764 3667 inquit,
820 3598 1049 3668 episcOpi
1081 3596 1328 3664 Carpasii
1358 3607 1526 3652 exstat
1564 3599 1968 3653 commentarius

383 3692 436 3746 in
476 3690 761 3745 Canticum
817 3693 1177 3754 canticorum,
1240 3688 1390 3759 cujus
1440 3687 1635 3743 Latina
1692 3691 1969 3745 translatio

382 3781 777 3852 circumfertur,
806 3799 839 3836 a
877 3781 1065 3836 Cra'co
1115 3782 1294 3835 codice
1328 3782 1616 3835 admodum
1640 3782 1964 3852 discrepans.

382 3872 678 3930 Cenuinum
699 3877 820 3950 eius
848 3872 1116 3944 exemplar
1171 3873 1238 3927 cl.
1271 3872 1513 3943 Bigotius
1554 3874 1608 3926 in
1647 3889 1750 3927 sua
1777 3873 1967 3928 biblio-

384 3969 533 4021 theca
557 3970 815 4030 servabat,
842 3966 984 4038 quod
1008 3963 1189 4019 Crtece
1216 3963 1496 4033 Latineque
1527 3980 1560 4018 α
1601 3981 1654 4018 se
1670 3965 1969 4033 propediem

382 4060 636 4114 edendum
670 4058 963 4113 Casimirus
991 4056 1172 4113 Oudin
1194 4059 1249 4111 in
1288 4072 1388 4112 suo
1419 4057 1487 4109 ad
1518 4055 1846 4109 Labbeanam
1877 4054 1973 4109 Bi-

384 4151 688 4206 bliotltccam
713 4149 1071 4220 supplemento
1093 4164 1238 4218 spem
1271 4147 1418 4202 nobis
1448 4147 1661 4216 fecerat.
1690 4146 1973 4204 Fabricius

383 4257 512 4298 vero
546 4242 624 4312 (ά)
682 4259 697 4297 :
750 4241 1072 4305 Cenuinum,
1130 4239 1325 4308 inquit,
1376 4236 1617 4292 Philonis
1653 4249 1976 4293 commenta-

384 4336 523 4388 rium
554 4333 741 4389 Crcco
778 4350 806 4388 ε
834 4333 1012 4388 codice
1058 4332 1334 4403 Bigotiano
1384 4331 1649 4386 editurum
1680 4332 1881 4400 pridem
1920 4332 1973 4384 in

386 4444 441 4482 se
464 4427 651 4496 recepit
682 4428 761 4481 vir
792 4425 1129 4480 doctissimus
1150 4423 1428 4479 Anselmus
1449 4421 1758 4477 Bandurius
1790 4437 1976 4475 mona-

384 4523 511 4577 chus
528 4518 922 4576 Benedictinus.
1344 4553 1348 4557 .

454 4614 639 4684 Itaque
662 4628 783 4667 cum
813 4608 1066 4680 praeclara
1096 4606 1337 4661 doctrina
1366 4612 1681 4674 praestantes
1700 4602 1972 4668 Garetius,

383 4706 645 4775 Lequien,
698 4701 1004 4763 Fabricius,
1055 4697 1366 4753 Bandurtus
1425 4704 1480 4751 et
1524 4698 1632 4750 duo
1657 4694 1757 4749 viri
1791 4696 1969 4765 magni

384 4800 614 4854 Allatius
640 4806 695 4852 et
724 4793 1038 4850 llolslenius
1069 4792 1122 4846 in
1170 4791 1272 4846 boc
1299 4787 1659 4852 consentiant,
1692 4786 1968 4841 Philonem

384 4891 702 4962 Carpasium
755 4897 1033 4943 auctorem
1090 4882 1259 4939 fuisse
1289 4881 1461 4939 Graeci
1491 4879 1863 4935 commentarii
1914 4879 1971 4932 in

387 4981 664 5039 Canticum
706 4979 1056 5042 cantirorum,
1083 4986 1137 5031 et
1175 4974 1348 5030 Graeci
1377 4973 1591 5029 codices
1617 4986 1844 5041 quorum
1875 4985 1972 5025 no-

390 5075 505 5130 titia
532 5073 599 5127 ad
654 5086 753 5126 nos
787 5070 1055 5141 pervenit,
1096 5067 1333 5122 Philonis
1391 5064 1638 5134 Carpasii
1682 5061 1976 5133 pra-ferant

386 5182 622 5232 nomen;
686 5164 826 5219 haud
860 5173 1008 5217 eerte
1068 5162 1262 5217 fecisse
1302 5171 1500 5214 temere
1555 5157 1818 5222 videatur,
1882 5154 1972 5225 qui

392 5260 537 5316 hunc
560 5273 721 5327 quem
762 5254 960 5325 publici
984 5254 1122 5324 juris
1154 5252 1311 5315 facio,
1353 5248 1821 5313 commentarium,
1854 5262 1976 5301 eum

391 5353 578 5406 iisdem
602 5350 807 5406 Graecis
833 5347 1107 5402 codicibus
1124 5345 1395 5406 collatura.
1420 5343 1592 5399 cidem
1616 5340 1826 5395 Philoni
1847 5338 1978 5394 Car-

388 5442 523 5514 pasii
556 5442 807 5512 episcopo
843 5438 1105 5492 tribuerit.

460 5532 842 5589 Verumtamen
868 5527 1241 5600 gravissimam
1290 5523 1657 5579 difﬁcultatem
1685 5520 1841 5575 ollert
1874 5535 1973 5574 an-

466 5669 540 5742 (a)
574 5669 687 5723 Lib.
715 5685 771 5742 tt.
800 5662 1097 5742 pag._"297._
1499 5727 1528 5742 ι.

462 5727 537 5809 ibi
570 5742 685 5795 ιλιι.
722 5727 1258 5809 με’ξιιῐιῑιιις.λξίιρναι
1289 5770 1303 5795 ,
1340 5744 1458 5798 cap.
1495 5727 1547 5782 5.

463 5801 530 5874 (Α
567 5810 722 5867 Tom.
752 5811 813 5875 ll,
847 5821 966 5875 pag.
998 5801 1156 5855 1067.

2072 3234 2383 3289 existimare
2431 3233 2610 3303 plures
2634 3232 2857 3287 Latinos
2889 3232 3053 3288 fuisse
3089 3234 3213 3288 olim
3269 3234 3471 3289 similes
3500 3236 3648 3289 codi-

2071 3342 2183 3389 ces,
2214 3336 2270 3380 et
2317 3324 2550 3380 fortasse
2604 3326 2782 3379 adhuc
2825 3326 3021 3391 alicubi
3088 3328 3440 3395 delitescere;
3493 3330 3651 3398 idque

2072 3421 2236 3489 probe
2271 3418 2834 3485 animadvertendum,
2867 3436 2933 3474 ne
2973 3422 3092 3490 quis
3130 3435 3193 3474 ex
3227 3437 3290 3475 eo
3329 3423 3470 3491 quod
3515 3437 3654 3476 unus

2073 3511 2443 3564 tantummodo
2488 3520 2543 3565 et
2579 3511 2873 3579 singularis
2900 3513 3243 3568 existimetur
3282 3530 3403 3569 esse
3439 3513 3653 3569 Vatica-

2072 3618 2173 3657 nus
2211 3604 2403 3667 codex,
2453 3602 2524 3657 illi
2577 3619 2796 3672 parvam
2838 3605 2995 3659 fidem
3046 3605 3346 3660 habendam
3376 3622 3497 3661 esse
3524 3622 3654 3661 con-

2073 3695 2276 3749 tendat.
2300 3694 2431 3748 Cum
2481 3694 2641 3764 igitur
2669 3694 2918 3750 Latinum
2948 3700 3398 3751 commentarium
3444 3707 3653 3753 constet

2070 3801 2191 3841 esse
2213 3785 2384 3841 Gneci
2405 3786 2702 3841 Philoniani
2734 3790 3063 3846 versionem:
3090 3788 3402 3844 alterutrum
3428 3791 3656 3858 pseudo-

2070 3879 2417 3949 epigraplnnn
2475 3894 2595 3934 esse
2633 3889 2862 3948 oportet.
2917 3879 3066 3940 llauc
3125 3880 3491 3936 dillicultatem
3559 3884 3655 3935 ha-

2076 3985 2191 4023 rum
2246 3984 2426 4024 rerum
2484 3970 2908 4040 intelligentibus
2952 3973 3336 4041 expediendam
3386 3974 3652 4044 relinquo.

2085 4063 2246 4118 Certe
2275 4063 2529 4118 Caretius
2556 4065 2644 4132 qui
2693 4065 2832 4132 apud
2868 4064 3130 4134 Bigotium
3184 4076 3470 4137 utrumque
3502 4067 3653 4133 \idit,

2091 4155 2538 4209 commentarium
2563 4154 2808 4210 Crtecum
2843 4167 2896 4209 et
2930 4155 3203 4223 Latinum,
3249 4160 3446 4212 nodum
3491 4160 3656 4213 auda-

2073 4254 2189 4301 cter
2254 4255 2500 4317 amputat
2557 4258 2614 4302 et
2669 4249 2885 4318 oblique
2926 4250 3234 4305 Cassiodori
3285 4251 3654 4305 testimonium

2074 4337 2294 4390 videtur
2316 4337 2568 4408 rejicere,
2602 4338 2970 4410 lectoremque
3010 4343 3397 4411 propemodum
3444 4342 3496 4395 in
3535 4356 3655 4396 eam

2080 4428 2349 4482 adducere
2380 4427 2805 4493 dubitationem,
2830 4436 3011 4482 utrum
3059 4428 3393 4498 Epiphanius
3430 4429 3658 4483 antistes

2007 4529 2050 4582 υ
2079 4516 2309 4587 Cyprius
2352 4515 2804 4570 commentarium
2873 4514 3260 4585 conscripserit
3306 4514 3542 4585 aliquem
3602 4514 3659 4568 in

2083 4608 2356 4662 Canticum
2394 4607 2738 4661 canticorum.

2156 4698 2294 4766 Quid
2325 4699 2369 4753 si
2406 4699 2699 4753 contendat
2757 4697 2951 4766 aliquis
2980 4696 3242 4752 memoria
3284 4695 3491 4765 lapsum
3526 4693 3662 4750 Cas-

2080 4791 2381 4853 siodorum,
2428 4804 2525 4859 pro
2557 4787 2783 4843 Philone
2837 4787 3119 4858 Epiphanii
3148 4787 3339 4857 aequali
3375 4796 3431 4841 et
3460 4786 3661 4851 amico,

2080 4880 2436 4949 Epiphaniam
2466 4878 2755 4947 posuisse?
2780 4876 2917 4944 Quid
2954 4878 2996 4932 si
3019 4877 3259 4934 codicem
3283 4892 3443 4946 quem
3472 4876 3663 4932 habuit

2080 4971 2462 5036 Cassiodorus,
2498 4980 2557 5025 ut
2594 4971 2798 5040 majore
2827 4972 2999 5041 pretio
3030 4970 3250 5039 dignum
3283 4968 3485 5024 faceret
3513 4984 3665 5023 ama-

2081 5065 2322 5129 nuensis,
2368 5063 2650 5132 Epiphanii
2685 5078 2893 5133 magnae
2928 5061 3090 5116 fama:
3120 5077 3312 5116 nomen
3349 5076 3446 5133 pro
3468 5064 3664 5117 obscu-

2083 5153 2225 5207 riore
2253 5150 2495 5206 Philonis
2529 5153 2745 5205 nomine
2775 5151 2847 5204 illi
2881 5152 3197 5219 inscripsit?
3222 5152 3285 5205 Et
3318 5151 3664 5207 consuevisse

2085 5245 2300 5314 quidem
2354 5243 2626 5307 librarios,
2683 5253 2740 5297 ut
2776 5242 2856 5298 vel
2914 5244 3162 5312 peritiam
3198 5243 3280 5297 vel
3330 5242 3665 5312 diligentiam

2086 5335 2530 5388 commendarent
2583 5349 2760 5399 suam,
2813 5336 2902 5404 qui
2952 5337 3166 5390 codices
3226 5335 3309 5389 vel
3351 5336 3553 5389 nullum
3583 5335 3666 5389 vel

2086 5427 2329 5496 iguOtum
2364 5428 2723 5481 obscurnmve
2762 5427 3076 5495 praeferrent
3104 5437 3398 5492 auctorem,
3434 5427 3501 5481 iis
3532 5426 3664 5479 iusi-

2084 5534 2189 5590 gne
2220 5519 2450 5588 alicujus
2493 5519 2725 5576 celebris
2772 5522 3057 5589 scriptoris
3121 5534 3316 5575 nomen
3364 5517 3667 5590 praeﬁgere,

2150 5656 2227 5723 ((Ι)
2259 5653 2401 5709 Loco
2424 5670 2587 5724 supra
2619 5658 2710 5711 cit.

2151 5726 2223 5796 (ε)
2262 5724 2416 5779 Tom.
2446 5727 2509 5779 IV
2543 5724 2745 5781 Concil.
2785 5724 3065 5790 Ilarduini,
3091 5724 3195 5779 col.
3224 5724 3345 5780 785-
