4038 6134
378 264 445 316 17
1767 273 1782 289 ‘
1805 262 2193 318 PRA‘IFATIO.
3582 262 3644 318 l8

375 377 724 437 notissimum
751 385 833 430 cst
864 377 1118 431 Omnibus
1167 376 1256 444 qui
1291 376 1372 427 vel
1399 375 1587 429 leviter
1618 376 1716 430 hoc
1758 378 1962 432 stedio-
1990 381 2036 439 Α
2068 387 2453 432 commentum.
2484 376 2832 447 Carpathium
2879 390 3006 431 vero
3034 385 3089 432 et
3115 378 3559 432 commentarium
3590 379 3641 433 in

376 484 495 523 rum
519 483 695 536 genus
730 467 1032 535 attigerint.
1068 465 1276 536 Lapsus
1309 481 1434 520 vero
1475 469 1750 523 memoriae
1781 467 1831 521 in
1864 485 1958 521 au-

373 560 622 615 ctnribus
695 558 1038 613 nominandis
1105 556 1382 626 complura
1469 557 1647 613 afferri
1741 570 1965 629 posmnt

383 651 655 718 exempla.
683 649 959 705 Melcbiori
990 649 1138 705 Cano
1163 649 1261 721 (α).
1286 660 1335 703 et
1358 648 1619 704 Garnerio
1653 651 1748 723 (lt).
1784 651 1928 719 επιςβὶ

373 746 462 799 cio
495 743 592 798 fuit
619 743 944 813 Gregorium
969 741 1218 812 Magnum
1247 740 1316 810 (c)
1336 757 1430 811 pro
1461 741 1761 798 Sozomeno
1784 744 1959 799 Theo-

375 837 620 891 doretnm
676 835 959 904 posuisse;
989 833 1054 888 de
1100 848 1207 902 quo
1258 835 1532 887 memet-he
1594 834 1738 903 lapsu
1777 836 1960 890 Fabri-

375 930 496 985 cius
524 928 603 997 (τι)
635 943 739 981 non
780 926 1111 997 suspicatur,
1153 927 1248 980 sed
1284 944 1384 979 non
1433 926 1646 979 dubium
1681 945 1790 982 esse
1817 927 1957 981 allir-

376 1029 507 1084 mat,
538 1018 859 1090 Gregorium
896 1018 1130 1073 voluisse
1182 1017 1579 1072 Theodoreti-in
1636 1035 1730 1087 pro
1789 1023 1958 1074 Soza-

375 1126 536 1166 meno
575 1112 777 1165 dicere.
823 1109 941 1177 Quo
978 1110 1030 1165 in
1059 1110 1178 1166 loco
1212 1110 1445 1178 Fabricii
1476 1112 1627 1180 plura
1654 1113 1767 1168 alia
1804 1130 1958 1183 repe-

373 1204 486 1259 rias
520 1202 784 1271 ejusmodi
822 1202 1008 1273 lapsus
1058 1203 1331 1272 exempla.
1378 1202 1439 1257 Et
1479 1214 1631 1259 certe
1670 1214 1774 1259 tam
1818 1222 1958 1274 szrpe

372 1294 426 1349 id
459 1294 679 1357 accidit,
726 1304 781 1348 ut
815 1295 881 1348 de
933 1292 1239 1362 huiusmodi
1285 1294 1548 1363 exemplis
1595 1295 1958 1369 Hieronymus

375 1386 722 1442 Tartaroltus
750 1386 819 1457 (e)
842 1387 1039 1441 librum
1085 1372 1199 1441 sive
1231 1388 1668 1442 dissertationem
1692 1392 1960 1446 coniicere

372 1477 636 1547 potuerit.
672 1476 937 1532 Prmterea
995 1486 1049 1531 et
1088 1477 1214 1531 illud
1270 1476 1467 1546 aliquis
1503 1493 1696 1549 urgere
1746 1480 1951 1550 possit;

371 1568 516 1637 quod
542 1582 638 1621 nos
668 1566 735 1620 ad
784 1566 1195 1635 explicationem
1247 1565 1619 1621 Philonianam
1670 1585 1818 1623 num.
1849 1570 1965 1624 22%

371 1658 775 1721 adnotavimus,
798 1673 906 1724 quo
929 1657 982 1710 in
1010 1656 1127 1711 loco
1159 1656 1356 1712 locutio
1381 1659 1645 1726 reperitur
1667 1658 1730 1711 de
1752 1658 1951 1724 Verbo,

370 1765 540 1819 quam
586 1749 919 1818 Epiphanius
976 1749 1166 1803 hazresi
1200 1764 1407 1814 Lxxvtt,
1443 1765 1590 1803 num.
1619 1748 1709 1815 29,
1741 1750 1954 1805 videtur
1986 1730 2033 1785 Β

370 1843 731 1912 improbasse.
768 1840 877 1897 Nec
923 1841 1119 1912 aliquis
1151 1840 1384 1897 fortasse
1432 1840 1684 1906 defuerit,
1712 1843 1802 1913 qui
1871 1858 1957 1897 re-

371 1934 612 2003 spiciens
640 1933 706 1987 ad
737 1932 1048 1989 Cassiodori
1105 1931 1398 1987 Cltronicon
1425 1940 1479 1987 et
1504 1930 1844 2001 Tripartitam
1868 1934 1921 1987 lti
1938 1966 1945 1971 —

368 2027 613 2090 ctoriam,
638 2026 902 2095 judicium
950 2025 1067 2096 ejus
1101 2025 1402 2092 desideret;
1454 2027 1538 2081 ctti
1578 2036 1859 2096 propterea
1899 2027 1961 2080 in»

370 2118 494 2173 aliis
526 2132 744 2188 quoque
771 2118 933 2172 rebus
983 2116 1037 2171 in
1067 2115 1262 2186 quibus
1294 2115 1481 2171 critica
1513 2125 1599 2171 est
1655 2131 1808 2188 opus,
1847 2132 1949 2171 non

372 2219 546 2265 tutum
576 2223 699 2264 esse
728 2208 1029 2265 arbitretur
1046 2209 1267 2263 omnino
1294 2208 1477 2262 tidere.

444 2302 552 2358 Sed
589 2301 949 2373 Epiphaniani
1001 2300 1378 2357 commentarii
1416 2300 1815 2355 eruditissimus
1834 2300 1951 2354 edi-

369 2402 457 2448 tor
479 2393 547 2447 ad
588 2393 728 2447 hanc
758 2394 1141 2447 removendam
1183 2389 1542 2446 dillicultatem
1579 2391 1737 2445 aliam
1769 2391 1950 2460 ingre-

368 2486 517 2540 ditur
548 2485 690 2538 viam
733 2500 748 2538 :
799 2481 1063 2548 Primum,
1130 2483 1577 2537 commentarium
1630 2482 1860 2551 aliquem
1897 2483 1951 2535 in

367 2571 648 2628 Canticum
677 2572 1000 2625 canticorum
1048 2586 1077 2626 a
1130 2570 1354 2626 Philone
1399 2571 1650 2641 quopiam
1680 2574 1952 2640 composi-
1992 2598 1995 2599 ν

372 2671 486 2717 tum
508 2659 666 2715 facile
686 2660 956 2716 concedit.
978 2661 1187 2716 Etsane
1206 2659 1404 2715 Suidas
1423 2663 1474 2715 in
1510 2661 1699 2717 Lexico
1720 2678 1738 2717 :
1756 2663 1949 2731 Φίλων,

366 2755 465 2817 ait,
488 2750 802 2826 Καρπάθιος
833 2751 1071 2824 ἔγραψεν
1095 2752 1395 2824 ὑπόμνημα
1417 2755 1504 2818 εἰς
1527 2752 1592 2807 τὸ
1613 2749 1815 2824 ᾊσμιι
1835 2753 1955 2809 τῶν

366 2846 659 2917 ᾀσμάτων
681 2858 696 2875 ·
740 2841 895 2899 Philo
933 2843 1250 2913 Carpathius
1286 2844 1493 2914 scripsit
1522 2847 1950 2899 commentarium

364 2942 417 2993 in
436 2938 721 2994 Canticum
746 2936 1099 2991 canticorum.
1114 2935 1378 2991 Praeterea
1399 2935 1623 2991 Cosmas
1641 2935 1947 3007 Egyptius,

2068 486 2188 523 cum
2226 469 2419 521 librum
2450 468 2753 538 scripsisse,
2785 477 2839 522 et
2880 467 3028 537 plura
3088 483 3152 522 ex
3182 468 3462 539 Epiphanii
3496 484 3644 524 com-

2067 562 2336 615 mentario
2368 569 2618 627 excerpta
2652 558 2703 613 in
2739 574 2895 612 suum
2931 560 3397 622 commentarium,
3432 561 3481 614 in
3528 561 3642 630 epi-

2070 666 2248 709 tomen
2287 656 2524 716 redacta,
2565 651 2881 708 inseruisse.
2914 651 3116 709 Verum
3160 652 3493 723 probandum
3528 653 3639 708 fue-

2067 758 2149 803 rat
2181 748 2354 817 pritno
2385 755 2599 802 exstare
2624 748 2854 817 aliquem
2878 756 2970 801 aut
2990 747 3263 802 exstitisse
3292 746 3391 802 sub
3422 747 3638 810 nomine

2066 838 2310 895 Philonis
2345 839 2398 893 in
2430 820 2663 894 Cantica.
2693 838 3017 893 canticorum
3066 837 3331 899 eiusmodi
3359 851 3639 892 commen-

2064 934 2280 999 tarium,
2316 932 2407 1004 qui
2437 930 2694 1002 pleraque
2739 931 2839 1000 ipsi
2865 928 3071 985 Philoni
3102 927 3316 999 propria
3343 936 3399 982 et
3430 926 3498 981 ab
3526 924 3641 996 ejus

2062 1024 2276 1095 ingenio
2336 1022 2573 1093 profecta
2611 1022 2931 1085 contineret,
2985 1030 3039 1075 et
3089 1024 3155 1075 ab
3187 1019 3251 1074 iis
3279 1019 3489 1074 diversa
3520 1032 3640 1088 qua:

2062 1118 2114 1172 in
2142 1116 2519 1187 Epiphaniano
2541 1095 2933 1170 commentario
2964 1112 3322 1181 reperiuntur.
3350 1108 3552 1165 Deinde
3576 1122 3637 1163 ea

2060 1207 2254 1263 afferre
2310 1222 2445 1278 opus
2478 1207 2674 1271 fuerat,
2736 1219 2857 1274 qua:
2894 1203 3046 1259 Philo
3084 1218 3148 1257 ex
3190 1201 3487 1273 Epiphanio
3540 1214 3639 1254 ex-

2059 1294 2243 1368 cerpta
2268 1297 2321 1351 in
2351 1311 2509 1351 suum
2559 1292 3004 1349 commentarium
3040 1290 3123 1347 vel
3168 1291 3447 1346 decurtata
3472 1288 3555 1343 vel
3584 1288 3635 1342 in

2058 1389 2434 1460 compendium
2494 1387 2710 1444 redacta
2753 1383 3111 1467 transtulerit.
3167 1382 3273 1439 Sed
3322 1381 3405 1436 vir
3449 1380 3638 1436 doctus

2059 1493 2307 1538 neutrum
2341 1489 2599 1551 praestare
2627 1480 2819 1550 potuit.

2132 1573 2242 1628 lmo
2273 1587 2399 1627 vero
2427 1573 2471 1628 si
2493 1571 2669 1628 Graeci
2699 1571 3075 1628 commentarii
3111 1569 3264 1641 copia
3311 1567 3385 1624 illi
3420 1567 3633 1630 fuisset,

2057 1662 2308 1732 profecto
2332 1663 2761 1734 Epiphanianum
2792 1660 3245 1717 commentarium
3270 1657 3678 1729 perspexisset"

2056 1753 2300 1810 Latinam
2335 1770 2458 1811 esse
2510 1753 2813 1810 Philoniaui
2870 1752 3044 1808 Graeci
3102 1751 3442 1816 versionem;
3477 1759 3529 1802 et
3580 1748 3634 1802 in

2053 1847 2242 1902 Graeco
2268 1847 2456 1901 eadem
2483 1846 2641 1916 plane
2664 1846 2779 1900 loca
2813 1843 3101 1913 reperisset
3135 1844 3364 1914 integra,
3401 1855 3518 1910 quae
3551 1838 3636 1894 ille

2053 1947 2257 1991 eatena:
2291 1934 2507 1990 Menrsii
2538 1943 2594 1990 et
2625 1933 2896 1989 Vaticanae
2953 1931 3116 1987 nimis
3151 1930 3412 1994 conﬁsus,
3442 1928 3633 1983 existi-

2056 2026 2222 2080 mavit
2277 2023 2552 2081 Philonem
2588 2023 2728 2080 facta
2786 2023 3033 2080 breviora
3084 2021 3136 2076 in
3186 2016 3633 2076 commentarium

2052 2132 2207 2172 suum
2239 2132 2356 2172 com
2364 2116 2592 2188 pegisse.
3142 2177 3146 2181 ,

2126 2209 2339 2264 Primus
2381 2209 2524 2264 enim
2576 2207 2727 2263 locus
2775 2216 2859 2263 est
2889 2205 2961 2277 (lt)
2992 2204 3082 2275 qui
3130 2203 3323 2273 legitur
3358 2202 3407 2255 in
3442 2199 3635 2254 Latino

2054 2302 2443 2358 commentario
2502 2317 2557 2373 p.
2588 2301 2669 2369 11,
2723 2301 2816 2355 lin.
2850 2301 2937 2365 19,
2984 2314 3143 2371 quem
3211 2298 3429 2353 totidem
3457 2293 3635 2350 verbis

2054 2394 2207 2449 aﬂert
2237 2411 2304 2450 ex
2363 2393 2588 2452 Philone
2624 2395 2851 2450 Cosmas
2886 2391 3170 2463 Egyptius
3230 2388 3316 2461 (Ι).
3378 2386 3484 2443 Sed
3528 2401 3633 2442 non

2056 2498 2201 2541 recte
2221 2502 2284 2541 ea
2313 2496 2396 2542 est
2419 2485 2815 2556 argumentatio
2832 2484 3088 2541 conclusa
3134 2500 3149 2536 :
3182 2482 3236 2535 In
3259 2477 3627 2550 Epiphaniano

2054 2578 2444 2633 commentario
2466 2593 2530 2634 ea
2569 2576 2810 2632 Philonis
2835 2575 2997 2630 verba
3021 2575 3210 2629 Latine
3253 2571 3456 2627 reddita
3482 2582 3633 2638 repe-

2056 2671 2283 2723 riuntur.
2319 2668 2465 2723 Philo
2521 2667 2687 2737 igitur
2736 2681 2797 2721 ea
2844 2681 2912 2721 ex
2966 2665 3265 2736 Epiphanio
3315 2660 3627 2730 desumpsit.

2055 2760 2160 2816 Sed
2191 2761 2363 2816 solum
2416 2758 2538 2814 inde
2581 2758 2886 2824 conficitur,
2922 2758 3107 2813 eadem
3155 2756 3315 2811 verba
3372 2752 3533 2807 unius
3578 2760 3635 2804 ct

2053 2850 2292 2919 ejusdem
2327 2864 2449 2905 esse
2476 2848 2712 2904 auctoris
2762 2862 2854 2903 seu
2888 2846 3145 2911 Philonis,
3183 2860 3277 2899 seu
3313 2842 3631 2914 Epiphanii;

2052 2950 2107 2996 et
2137 2941 2315 2995 verius
2354 2938 2618 3005 Philonis,
2655 2937 2810 3009 cujus
2858 2936 3304 2993 commentarium
3336 2933 3389 2987 in
3424 2932 3635 2988 caeteris

366 3023 748 3099 Topograpltia:
780 3026 1098 3081 Christiana!
1121 3026 1213 3087 lib.
1243 3043 1272 3080 x
1306 3027 1397 3097 (Ι),
1427 3028 1530 3082 tria
1560 3027 1674 3082 loca
1701 3028 1854 3082 aﬁ'ert
1881 3044 1945 3085 ex
1979 3066 2023 3126 ο
2056 3033 2296 3103 partibus
2332 3031 2386 3085 in
2418 3030 2789 3101 Epiphaniano
2826 3029 3070 3085 videmus
3102 3027 3290 3083 Latine
3338 3039 3634 3097 repraesen-

361 3116 588 3174 Philone
611 3116 922 3186 Carpathio.
950 3116 1065 3172 lluc
1087 3117 1313 3180 accedit,
1341 3118 1482 3189 quod
1509 3118 1559 3171 in
1590 3128 1778 3173 catena
1801 3118 1953 3174 Grae-

361 3224 426 3264 ca
454 3207 676 3263 Meursii
705 3206 1019 3261 Graecorum
1053 3205 1154 3261 PP.
1182 3206 1236 3260 in
1265 3206 1482 3262 Cantica
1518 3209 1862 3271 canticorum,
1897 3218 1952 3263 et

364 3301 418 3356 iu
472 3308 667 3354 catena
717 3295 903 3351 Gratca
947 3295 1204 3350 Vaticana
1264 3295 1510 3365 Pronpii
1559 3295 1735 3352 Gazaei
1798 3297 1947 3366 plura

363 3394 670 3462 fragmenta
699 3404 764 3444 ex
796 3386 1021 3442 Philone
1060 3384 1393 3451 afferuntur;
1426 3397 1482 3439 ut
1535 3401 1638 3440 non
1686 3385 1819 3440 satis
1851 3386 1944 3439 mi-

362 3482 474 3540 rari
544 3495 745 3550 queam
786 3477 1048 3533 Jacobum
1112 3477 1159 3531 le
1206 3477 1358 3549 Long
1406 3479 1582 3533 virum
1647 3477 1951 3533 eruditione

365 3581 742 3643 praestantem,
786 3570 876 3624 ubi
934 3570 1044 3636 agit
1091 3568 1156 3622 de
1185 3570 1579 3623 commentario
1612 3568 1666 3621 in
1729 3568 1949 3623 Cantica

362 3665 719 3727 canticorum,
744 3663 1026 3731 scripsisse
1061 3659 1136 3731 (g)
1168 3679 1180 3714 :
1233 3658 1391 3713 Philo
1435 3662 1707 3728 Carpat/iii
1748 3664 1948 3729 episco—

364 3774 465 3827 pus
490 3757 545 3809 in
582 3753 754 3825 Cypro
785 3765 973 3806 auctor
1000 3755 1387 3823 supposititius.
1424 3751 1554 3805 Nam
1583 3753 1746 3806 Eham
1793 3755 1950 3822 Dupi-

363 3854 519 3907 nium
567 3851 656 3919 qui
706 3850 846 3903 idetn
895 3858 1164 3909 senserat,
1222 3862 1324 3900 non
1384 3846 1541 3900 modo
1595 3863 1684 3901 cas
1713 3848 1951 3917 igaverat

361 3943 608 4000 Oudinus
636 3941 711 4014 (lt)
738 3939 1037 4004 affirmans,
1077 3955 1195 3992 eum
1233 3939 1334 3992 sibi
1368 3939 1531 3993 videri
1558 3941 1782 3993 absurde
1808 3939 1946 4006 falli,

360 4053 481 4091 cum
511 4034 672 4104 hujus
695 4044 803 4086 tum
829 4033 1124 4100 scriptoris,
1153 4042 1260 4083 tum
1301 4031 1660 4083 commentarii
1701 4033 1948 4084 memine-

361 4130 472 4183 rint
498 4136 546 4182 et
577 4126 928 4181 Cassiodorus
959 4135 1005 4177 et
1051 4123 1274 4186 Suidas,
1319 4124 1505 4192 quibus
1540 4123 1799 4177 elevandi:
1829 4124 1947 4177 Elia

361 4222 587 4275 idoneus
624 4219 808 4289 (verba
856 4226 983 4270 sunt
1021 4216 1192 4286 ipsius
1244 4215 1467 4284 Oudini)
1524 4216 1649 4268 mihi
1691 4233 1801 4271 esse
1846 4235 1947 4271 ηωι

358 4312 588 4367 videtur.
657 4310 764 4365 Sed
795 4310 959 4364 etiam
1017 4308 1226 4377 Dupinii
1269 4308 1587 4362 ratiunculis
1628 4310 1839 4364 abunde
1862 4326 1947 4364 sa-

2058 3135 2245 3180 tatum.
2280 3123 2385 3178 Sed
2412 3133 2698 3193 antequam
2731 3122 2955 3177 ulterius
2988 3120 3415 3191 progrediamur,
3458 3116 3635 3171 admo-

2053 3218 2260 3273 nendus
2284 3228 2366 3273 est
2395 3216 2559 3273 lector
2589 3217 2762 3271 locum
2796 3215 2942 3270 illum
2982 3229 3012 3268 a
3058 3214 3250 3269 Casina
3275 3210 3529 3281 Egyptio
3557 3211 3635 3263 al-

2052 3310 2239 3373 latum,
2276 3309 2489 3377 aliaque
2515 3309 2683 3363 multa
2709 3306 2957 3366 eumdem
2992 3307 3169 3360 locum
3197 3304 3550 3373 praecedenti.
3582 3315 3632 3355 ut

2051 3402 2455 3471 subsequentia,
2486 3416 2607 3470 qute
2638 3400 2688 3453 in
2731 3398 3102 3469 Epiphaniauo
3135 3397 3523 3453 commentario
3556 3396 3630 3448 lc-

2050 3505 2251 3565 guntur
2288 3509 2407 3564 pag.
2436 3493 2488 3559 7,
2519 3492 2572 3560 8,
2608 3492 2660 3555 9.
2690 3491 2778 3554 10.
2812 3492 2870 3545 ll
2904 3501 2957 3546 et
2986 3491 3073 3559 12,
3109 3508 3137 3544 a
3173 3490 3362 3546 Graeco
3393 3488 3633 3544 Philonis

2050 3601 2208 3657 quem
2237 3586 2340 3641 hac
2365 3586 2598 3641 editione
2629 3596 2812 3641 nostra
2837 3587 2995 3641 modo
3020 3586 3389 3655 producimus,
3412 3583 3637 3649 abesse;

2049 3690 2113 3730 ea
2167 3690 2297 3730 vero
2362 3677 2414 3730 in
2466 3674 2668 3732 Graecis
2721 3690 2856 3746 quos
2920 3675 3198 3740 habemus,
3234 3673 3633 3743 exemplaribus

2052 3768 2175 3823 ideo
2203 3768 2392 3823 deesse
2419 3768 2864 3830 existimaverim.
2904 3769 3047 3838 quod
3077 3769 3181 3823 duo
3215 3766 3413 3822 fuerint
3444 3765 3631 3821 Philo-

2052 3859 2201 3912 niani
2255 3860 2632 3913 commentarii
2667 3860 2934 3916 editiones
2966 3860 3225 3932 antiquae,
3264 3874 3493 3930 quarum
3522 3859 3633 3928 pri—

2051 3965 2194 4004 mam
2228 3950 2396 4007 nostri
2450 3951 2667 4005 codices
2705 3949 2876 4005 Grtcei
2933 3960 3360 4022 repraesentem;
3412 3965 3514 4004 non
3549 3964 3632 4003 sc-

2050 4043 2306 4110 cttndatn,
2345 4060 2447 4112 qua
2475 4045 2726 4099 utebatur
2773 4047 2999 4101 Cosmus
3029 4045 3335 4115 Egyptius,
3358 4045 3445 4098 ubi
3480 4042 3643 4097 Philo

2051 4132 2153 4187 alia
2203 4137 2449 4205 quaedam
2489 4138 2774 4192 addiderit.
2839 4137 3155 4207 Exemplum
3204 4137 3382 4191 simile
3440 4136 3629 4197 habes,

2053 4228 2242 4292 lector,
2294 4228 2345 4282 in
2391 4231 2635 4284 oratione
2676 4229 3050 4285 Demosthenis
3088 4231 3223 4298 Περὶ
3269 4230 3374 4283 τοῦ
3409 4230 3629 4298 cessari.

2050 4334 2183 4381 νου,
2212 4319 2263 4372 in
2296 4333 2397 4388 qua
2453 4323 2698 4388 quardatn
2730 4338 2759 4375 a
2814 4321 3041 4374 diversis
3083 4323 3437 4391 scriptoribus
3466 4326 3630 4378 citata

361 4401 638 4459 lisfecerat
709 4400 1084 4456 Tilleuzoutius
1141 4403 1267 4474 (i);
1331 4402 1551 4470 ejusque
1623 4406 1945 4456 sententiam

2058 4410 2256 4463 frustra
2288 4410 2599 4479 quaesieris;
2631 4415 2775 4483 quod
2825 4414 3080 4482 lllpiauus
3119 4417 3240 4470 inde
3285 4416 3483 4472 factum
3510 4435 3627 4472 me-

360 4497 479 4567 ipse
507 4495 802 4566 Fogginius
842 4494 911 4563 (j)
941 4497 1181 4548 omnium
1221 4496 1455 4548 maxime
1479 4493 1799 4548 confutavit.
1851 4494 1948 4550 Se-

359 4590 621 4653 cundum,
647 4589 779 4642 duos
820 4596 966 4654 putat
1023 4588 1189 4641 fuisse
1222 4585 1496 4650 Philones,
1548 4585 1774 4639 alterum
1818 4574 1948 4641 Car-

359 4683 606 4755 path'tmn
653 4684 963 4751 epist-apum
1021 4684 1073 4737 in
1133 4682 1403 4751 Carpatho
1454 4684 1630 4737 insula
1687 4700 1806 4754 qua:
1865 4696 1946 4738 est

359 4791 467 4831 una
490 4791 553 4829 ex
584 4775 941 4845 Cycladibus;
962 4775 1279 4843 Carpasium
1307 4776 1557 4839 alterum,
1588 4778 1857 4846 Carpasiae
1895 4778 1945 4830 in

363 4868 536 4923 insula
574 4867 736 4939 Cypri
766 4870 1096 4937 episc0pum.
1130 4869 1193 4924 Et
1226 4867 1545 4939 Carpasium
1587 4871 1824 4939 quidem,
1853 4886 1946 4923 cu-

361 4960 447 5027 ius
476 4962 617 5029 apud
646 4959 925 5030 Polybium
950 4971 1034 5014 est
1071 4963 1296 5025 mentio,
1325 4976 1602 5015 auctorem
1638 4976 1759 5016 esse
1794 4977 1944 5016 com-

364 5049 615 5104 mentarii
645 5051 699 5103 in
726 5049 1001 5104 Canticum
1026 5052 1371 5115 canticorum,
1395 5053 1580 5107 statuit
1610 5069 1802 5105 vanum
1829 5067 1949 5107 esse

556 5228 776 5303 Delocis
799 5232 1049 5303 tneo/09.,
1083 5233 1171 5287 lib.
1206 5249 1277 5291 λι,
1306 5250 1427 5303 Cap.
1457 5236 1508 5287 6.

439 5294 514 5366 (ὁ)
539 5301 756 5356 Auctar.
784 5294 1110 5359 Tlteudiiret.
1153 5294 1437 5359 Di:ser=..it.
1464 5305 1517 5358 (ἐν

439 5370 508 5439 (ο)
532 5369 648 5439 Lib.
694 5387 768 5435 Vl,
806 5373 967 5439 epist.
1008 5376 1060 5427 5.

437 5435 800 5514 (d)§ibtiotlt.
833 5435 1120 5514 Crvhtotn.
1160 5444 1242 5505 Vl.
1282 5462 1400 5514 pag.
1439 5447 1556 5502 122.

438 5510 506 5590 (ς)
539 5510 726 5590 Exstat
759 5510 1736 5590 tont._XXV._colleet.Calogerianm.

436 5577 499 5649 if)
536 5581 596 5658 ἐξ]
630 5580 1027 5658 Νουα-εριιεει.
1085 5584 1199 5638 PP.
1250 5577 1515 5644 Crtccor:
1539 5589 1941 5658 Montlaueouii,

366 5654 502 5722 tum.
534 5649 596 5722 11,
627 5666 747 5722 pag.
784 5652 911 5707 350.

440 5715 511 5791 (9)
541 5715 796 5777 Βέὖιὶόιὴ.
821 5739 986 5792 sacr.,
1027 5733 1152 5779 tom.
1184 5722 1246 5779 ll.

2050 4508 2163 4561 net,
2190 4499 2329 4568 quod
2358 4500 2652 4570 scriptores
2677 4501 2750 4557 illi
2778 4504 2938 4558 aliam
2965 4503 3081 4573 ejus
3135 4501 3395 4561 orationis
3432 4507 3624 4561 editio-

2049 4605 2169 4643 ncut
2234 4591 2536 4646 habuerint.
2601 4592 2706 4647 Sed
2764 4594 2831 4648 ad
2878 4597 3222 4652 collationem
3275 4598 3512 4653 locorum
3564 4618 3626 4652 ex

2049 4682 2345 4752 Epiphanio
2374 4693 2427 4738 et
2451 4684 2675 4741 Philone
2713 4702 2888 4757 quam
2929 4691 3161 4745 instituit
3194 4693 3275 4745 vir
3318 4691 3626 4746 eruditissi-

2047 4792 2186 4839 mus,
2214 4778 2512 4833 redeamus.

2120 4868 2398 4926 Secundus
2437 4873 2586 4929 locus
2621 4885 2705 4932 est
2734 4878 2824 4947 qui
2862 4879 2911 4932 in
2945 4877 3134 4933 Latino
3170 4879 3408 4933 occurrit
3448 4894 3497 4949 p.
3531 4880 3623 4943 25,

2049 4959 2144 5013 lin.
2180 4960 2264 5026 12,
2297 4963 2381 5017 cui
2412 4966 2478 5019 ad
2505 4965 2645 5023 latus
2684 4972 2903 5040 apponit
2944 4971 3191 5024 eutndem
3229 4971 3400 5025 locum
3431 4973 3624 5039 partim

2047 5067 2110 5105 ex
2160 5062 2349 5109 catena
2376 5054 2592 5111 Meursii
2631 5058 2749 5131 (in),
2795 5063 2989 5130 partim
3024 5079 3089 5116 ex
3138 5073 3329 5118 catena
3372 5062 3625 5118 Vaticana

2132 5239 2425 5317 (li)_Tom.l
2465 5242 2537 5298 De
2565 5245 2857 5311 scriptorib.
2891 5241 3206 5311 ecclesiast.,
3246 5262 3363 5317 pag.
3397 5248 3517 5302 891.

2130 5312 2190 5377 (i)
2216 5312 2341 5370 an.
2372 5316 2462 5366 cit.
2499 5323 2606 5367 not.
2650 5317 2737 5370 10.

2105 5381 2193 5457 ’ω
2225 5382 2434 5457 Pro-fat.
2463 5383 2528 5438 ad
2558 5384 2744 5457 Epiph.
2778 5384 3169 5457 Conttnentar.,
3204 5402 3333 5457 pag,

2128 5451 2200 5522 (Ιί)
2234 5453 2363 5508 Vide
2390 5454 2487 5507 has
2517 5451 2840 5527 collationes
2869 5455 2918 5506 iu
2954 5456 3158 5523 praefat.
3193 5451 3259 5513 ad
3276 5451 3622 5527 'Epiphania-

2054 5536 2183 5595 num
2209 5532 2585 5595 commentam,
2617 5541 2737 5595 pag.
2774 5523 2840 5579 17
2869 5533 2924 5579 et
2944 5540 3096 5595 seqq.

2125 5591 2187 5669 tl)
2202 5591 2360 5669 ,ιρευ
2383 5610 2547 5669 seem
2565 5591 2681 5669 ,ςῖιτ

2124 5661 2218 5735 (in)
2252 5663 2391 5735 Pagi
2414 5661 2480 5721 18
2512 5665 2642 5723 edit.
2672 5664 2885 5721 Batava:
2916 5663 3084 5721 iit-8°.
