4038 6134
397 254 464 311 t9
1491 261 1696 318 PHILO
1733 261 2125 320 caumsws
2162 222 2564 322 setscorus.
3576 266 3647 333 20

391 369 510 423 cod.
548 365 703 433 uti,
741 383 862 438 pag.
891 368 1017 434 210,
1045 369 1096 429 in
1132 384 1239 440 quo
1278 370 1523 441 qutedam
1559 380 1833 442 suntquae
1863 389 1962 428 non

2075 372 2170 427 liu.
2202 373 2289 438 10,
2317 390 2344 427 a
2376 375 2466 429 lin.
2497 374 2563 428 ad
2592 373 2678 428 illa
2709 372 2893 439 verba,
2917 373 3217 445 Είσήνεγκὲ
3251 390 3317 445 με
3341 377 3370 428 ὁ
3396 373 3649 445 βασιλεὺς

392 460 556 514 habet
586 458 813 515 Latinus
843 462 1268 517 commentarius
1315 461 1602 534 Epiphanii
1633 482 1645 517 :
1677 464 1821 519 unde
1856 465 1967 518 col-

392 554 480 625 ligi
514 568 670 625 posse
709 553 954 613 videatur
1002 552 1280 615 Philonem
1341 554 1706 625 desumpsisse
1752 563 1967 609 senten-

395 647 521 698 tiam
551 644 618 697 ab
655 643 978 714 Epiphanio,
1009 655 1063 699 et
1089 644 1362 701 nonnullis
1399 645 1697 699 immutatis
1733 646 1783 699 in
1810 661 1963 700 suum

390 736 652 805 scriptum
687 736 1051 799 transtulisse.
1085 736 1191 791 Sed
1216 737 1259 791 si
1294 737 1512 791 collatio
1540 738 1630 797 (iat
1656 752 1776 792 cum
1812 735 1963 799 Giin-

390 843 453 883 co
495 828 910 897 commentario,
946 828 1147 885 nullam
1192 830 1263 891 ibi
1306 829 1680 900 deprehendas
1733 829 1965 882 varieta-

395 931 541 994 tem;
576 927 631 973 et
690 934 809 990 quae
861 921 1023 974 verba
1060 918 1362 982 atteruntur
1407 936 1473 987 ex
1519 919 1732 982 Latino,
1775 920 1961 981 eadem

386 1023 506 1089 quia:
554 1017 683 1063 sunt
723 1010 775 1062 iu
805 1007 1018 1072 Graeco,
1060 1018 1315 1063 accurate
1363 1010 1683 1078 rependunt.
1723 1007 1964 1077 Quapro-

389 1110 505 1165 pter
539 1101 873 1172 comparatio
921 1117 1024 1155 non
1081 1099 1323 1155 iacienda
1360 1100 1536 1155 fuerat
1579 1117 1699 1155 cum
1742 1110 1957 1165 catena.

388 1185 581 1242 Notum
619 1199 704 1242 est
732 1189 875 1253 enim
908 1198 1220 1245 catenarum
1257 1190 1477 1259 opiﬁces
1519 1200 1801 1249 auctorum
1839 1206 1961 1244 ver-

386 1283 447 1333 ba
482 1295 584 1334 non
626 1280 937 1335 exscribere
962 1292 1244 1349 accurate,
1288 1282 1381 1337 sed
1406 1282 1771 1350 expositiones
1799 1278 1960 1351 quas-
1986 1336 1991 1342 ,

384 1374 505 1424 dam
542 1371 769 1424 subinde
815 1371 954 1435 aliis,
988 1387 1148 1441 quam
1196 1373 1393 1452 quibus
1429 1370 1592 1425 tribui
1640 1373 1957 1436 debuerant,

2072 464 2151 526 ei;
2184 463 2245 517 τὸ
2271 467 2494 535 ταμεῖον
2543 462 2731 529 αὐτοῦ,
2764 479 2884 534 qua:
2922 473 3049 519 sunt
3075 465 3126 518 in
3154 464 3188 518 4
3215 480 3370 519 versu
3405 467 3598 537 capitis
3628 481 3643 520 ι

2070 552 2441 620 Canticorum,
2484 556 2625 611 hanc
2657 557 2904 625 apposuit
2935 556 2989 610 in
3014 557 3258 627 margine
3296 557 3640 621 citationem,

2072 644 2229 704 Cant.
2264 662 2323 711 tt,
2350 646 2402 709 4,
2434 661 2592 716 quem
2625 646 2899 709 citationis
2924 662 3166 705 errorem
3192 663 3312 702 eum
3338 665 3442 703 non
3470 657 3640 702 atten-

2069 737 2254 800 disset,
2301 737 2506 805 putavit
2551 751 2612 789 ea
2659 738 2818 798 verba
2856 737 2905 790 in
2940 735 3163 805 Vulgata
3214 737 3419 791 reddita
3466 752 3638 794 esse:

2067 825 2379 883 Introduxit
2413 842 2493 881 me
2539 827 2592 891 in
2623 826 2805 881 cellam
2837 826 3115 892 vinariam,
3149 842 3267 896 quas
3300 842 3487 883 revera
3515 835 3643 882 sunt

2065 916 2437 986 interpretatio
2467 916 2713 972 versiculi
2743 917 2777 972 4
2811 918 2863 972 ἰιι
2899 916 3139 987 Vulgata,
3168 933 3285 986 cap.
3321 930 3380 979 tt.

2137 1009 2375 1077 Quartus
2421 1010 2572 1067 locus
2622 1022 2703 1065 est
2751 1011 2804 1064 iu
2851 1009 3222 1079 Epiphaniano
3246 1010 3638 1071 commentario

2065 1117 2184 1171 pag.
2214 1102 2282 1156 80
2310 1119 2324 1157 :
2356 1099 2462 1155 Iste
2489 1111 2563 1156 est
2594 1102 2770 1175 itaque
2809 1100 2936 1165 Rex,
2963 1102 3025 1155 de
3051 1118 3151 1171 quo
3178 1111 3224 1154 et
3268 1101 3435 1154 David
3460 1102 3589 1155 dicit
3616 1116 3635 1155 :

2070 1211 2086 1244 t
2117 1193 2371 1246 Dominus
2400 1195 2654 1264 regnavit,
2684 1195 2921 1247 decorem
2952 1194 3183 1248 induit’.
3224 1212 3241 1244 ι
3293 1192 3506 1248 Vinctus
3560 1203 3635 1248 est

2062 1296 2232 1339 autem
2262 1287 2367 1353 ipse
2397 1304 2497 1341 mn
2524 1303 2726 1352 sponstc
2753 1302 2864 1340 sua:
2897 1286 3227 1352 necessitate,
3253 1286 3342 1339 sed
3372 1286 3636 1341 voluntate

2061 1377 2368 1443 clcmentiw,
2404 1379 2533 1431 sicut
2562 1379 2767 1434 dicebat
2808 1377 3078 1446 apostolus
3106 1392 3123 1430 :
3152 1395 3169 1427 t
3205 1377 3336 1431 Ecce
3369 1379 3629 1431 vobiscum

383 1462 694 1517 “"cm'ibus
722 1462 803 1517 νει
825 1463 1178 1533 interpolat“
1204 1463 1287 1517 vel
1318 1462 1627 1517 δεουνίθῑίιε
1650 1463 1956 1528 ascribere;
1984 1513 2010 1525 η.
2058 1487 2173 1526 sum
2212 1470 2451 1524 omnibus
2483 1469 2663 1524 diebus
2700 1483 2857 1535 usque
2891 1471 2959 1522 ad
3001 1471 3500 1529 consummationem
3540 1485 3633 1523 stv-

381 1553 524 1621 quod
553 1553 662 1622 jam
692 1554 899 1631 pridem
942 1555 1147 1610 monuit
1188 1553 1470 1610 Fabricius
1502 1556 1599 1627 (α).
1634 1557 1699 1613 Ει
1729 1558 1959 1611 Allatius

380 1645 607 1701 diatriba
640 1647 711 1717 (ὁ)
736 1648 799 1701 de
834 1644 1033 1700 Nicetis
1074 1655 1318 1701 catenam
1352 1662 1783 1703 commemorans
1807 1648 1958 1715 cujus

378 1750 463 1804 est
512 1739 804 1809 epigraphe
838 1739 1174 1818 εΣυναγωγὴ
1230 1738 1544 1813 ἐξηγήσεων
1589 1740 1677 1826 εἰς
1710 1740 1770 1793 τὸ
1816 1740 1955 1800 κατά
1992 1716 2029 1769 Β

377 1834 593 1886 Λουκᾶν
628 1833 784 1899 ἅγιον
813 1814 1144 1900 Εὐαγγέλιον
1184 1831 1248 1884 ὲκ
1280 1831 1550 1904 διαφόρων
1582 1814 1952 1912 ἐρίιηνευτῶν,

378 1924 529 1996 παρὰ
559 1924 774 1995 Νικήτα
806 1923 1053 1978 διακόνου
1086 1923 1187 1993 τῆς
1234 1922 1326 1976 τοῦ
1366 1924 1500 1977 Θεοῦ
1535 1925 1776 1996 μεγάλης
1835 1924 1957 1978 Ἐκ-

377 2018 626 2092 κ).ησίας,
655 2019 714 2071 ὲν
758 2017 981 2089 βιϐλίοις
1007 2018 1069 2071 δ’.
1108 2017 1170 2071 Ρ.
1208 2016 1296 2084 Ἐξ
1335 2018 1508 2089 ἀρχῆς
1542 2019 1642 2089 μὲν
1673 2021 1701 2071 ὁ
1725 2018 1855 2082 Θεὸς
1888 2018 1953 2071 δι’

379 2112 574 2180 ἑαυτοῦ
624 2115 737 2176 τοῖς
788 2109 1096 2182 ἀνθρώποις
1142 2110 1435 2180 διελέγετο,
1472 2113 1522 2163 in
1579 2126 1695 2180 ejus
1747 2122 1956 2166 catena:

348 2207 592 2273 .laudem
626 2204 807 2267 subdit
846 2222 858 2257 :
890 2201 955 2256 In
988 2220 1091 2272 qua
1125 2202 1323 2272 sy'loge
1360 2201 1494 2255 illud
1542 2200 1808 2270 singulare
1846 2219 1956 2256 cer-

382 2302 553 2363 nitur,
591 2295 733 2366 quod
763 2312 879 2348 cum
914 2296 967 2355 in
1010 2294 1131 2361 aliis
1167 2295 1364 2361 catenis
1415 2294 1682 2354 sententia:
1738 2292 1954 2353 Patrum

378 2389 542 2444 verbis
576 2389 862 2442 decurtata!
887 2395 935 2440 et
971 2386 1274 2454 compendio
1299 2384 1613 2452 n/ferantur,
1641 2384 1723 2437 ltie
1751 2384 1953 2454 ipsissi-

379 2477 475 2530 mis
501 2474 690 2539 verbis,
718 2473 1016 2543 utijacent,
1046 2459 1243 2541 textus,
1269 2456 1433 2537 nullis
1463 2475 1572 2527 suis
1595 2475 1833 2542 partibus
1857 2476 1955 2526 im-

377 2569 564 2629 minuti
603 2568 946 2639 digeruntur;
974 2576 1026 2619 ut
1071 2582 1171 2618 non
1214 2566 1385 2634 frusta
1430 2565 1952 2634 interpretationtmt,

375 2660 469 2717 sed
495 2662 714 2741 integra:
750 2662 875 2731 ipsa:
901 2659 1371 2727 interpretationes,
1398 2667 1444 2710 et
1480 2667 1680 2719 tantum
1707 2674 1809 2721 non
1830 2675 1953 2713 oru-

378 2754 544 2812 tiones
575 2752 959 2807 describantur.

446 2831 663 2913 Tertius
706 2843 856 2909 locus
902 2850 984 2897 est
1040 2841 1092 2895 in
1132 2839 1323 2894 Latino
1364 2838 1646 2910 Epiphanii
1680 2856 1731 2911 p.
1772 2840 1862 2905 32,
1902 2841 1953 2894 in

378 2937 510 3003 illud
541 2954 553 2991 :
581 2934 914 2989 Introducite
943 2950 1021 2987 me
1059 2933 1112 2987 in
1158 2933 1371 2986 domum
1425 2933 1619 2994 vinew;
1655 2933 1752 2986 hoc
1782 2942 1857 2987 est
1888 2933 1956 2986 ad

2060 1561 2230 1615 culi“.
2264 1580 2283 1613 ι
2317 1560 2381 1613 In
2415 1562 2803 1615 transcursibus
2840 1570 3015 1614 autem
3055 1560 3253 1612 dictum.
3285 1569 3381 1624 est,
3417 1562 3537 1629 quia
3570 1560 3635 1613 de

2060 1656 2188 1707 caelo
2230 1646 2631 1714 transcurrens,
2679 1662 2726 1707 et
2774 1662 3008 1706 mortuos
3066 1638 3406 1714 reisuscitans,
3450 1667 3633 1703 rursus

2058 1740 2419 1798 transcurrens
2451 1746 2503 1798 in
2536 1742 2691 1798 cwlas
2725 1745 2853 1798 abiit
2899 1752 2945 1796 et
2992 1743 3229 1797 ascendit
3264 1758 3419 1811 super
3449 1741 3632 1794 citeru-

2058 1837 2182 1901 bim,
2224 1846 2270 1890 et
2305 1837 2492 1890 volavit
2512 1836 2554 1889 ’.
2580 1835 2715 1889 lluic
2743 1835 2861 1895 loco
2889 1835 2954 1896 ad
2981 1835 3124 1890 latus
3155 1835 3338 1905 adjicit
3381 1834 3464 1890 vir
3505 1849 3631 1895 eru-

2057 1928 2381 1982 ditissimum
2430 1927 2627 1991 locum,
2665 1941 2823 1996 quem
2860 1926 3040 1981 laudat
3074 1924 3302 1980 Cosmas
3347 1923 3631 1994 [Egyptins

2056 2035 2125 2074 ex
2156 2019 2379 2073 Philone
2417 2018 2824 2089 εΠαρατρέχων
2870 2015 2977 2089 γὰρ
3015 2014 3075 2079 ἐξ
3111 2014 3345 2085 οὐρανοῦ
3392 2014 3484 2074 ἐπὶ
3526 2012 3632 2085 γῆς

2057 2112 2138 2175 εἰς
2157 2110 2224 2163 τὰ
2265 2111 2387 2164 καθ’
2416 2109 2566 2181 ᾅδην,
2595 2108 2689 2162 καὶ
2724 2106 3033 2178 κατώτερον
3075 2106 3202 2178 ᾅδου
3256 2105 3412 2176 βυθὸν
3443 2104 3634 2158 κατελ-

2058 2202 2186 2267 θὼν,
2219 2202 2428 2255 ἐκεῖθεν
2460 2201 2763 2254 ἀνασπάσει
2790 2199 2880 2253 τὸν
2911 2197 3198 2253 τεθνεῶτα.
3247 2197 3405 2252 Certe
3445 2194 3630 2251 Graeca

2059 2317 2162 2355 non
2207 2309 2598 2369 reprmsentant
2651 2298 2857 2363 omnia,
2891 2314 3012 2368 qua:
3057 2295 3250 2350 Latine
3289 2294 3635 2363 reperiuntur

2059 2393 2109 2445 in
2156 2392 2548 2447 commentario
2583 2389 2890 2459 Epiphanii.
2936 2389 3042 2444 Sed
3081 2388 3306 2444 Cosmus
3347 2385 3635 2457 Egyptius,

2057 2486 2398 2543 decurtatum
2448 2484 2629 2543 attulit
2675 2482 2850 2538 locum
2900 2497 2965 2536 ex
3011 2480 3257 2540 Philone.
3304 2494 3464 2548 quem
3506 2494 3634 2532 ecce

2057 2577 2149 2630 tibi
2196 2577 2462 2647 integrum
2510 2592 2657 2630 num.
2704 2565 3050 2641 Ξυὸςυῖρτος
3078 2573 3184 2642 γὰρ
3232 2573 3260 2625 ὁ
3312 2570 3630 2640 ἐπουράνιος

2059 2668 2330 2739 βασιλεὺς,
2351 2669 2477 2740 περὶ
2494 2662 2553 2722 οὗ
2578 2668 2672 2722 καὶ
2694 2666 2858 2720 Δα6“ιδ
2885 2666 3062 2735 λέγει·
3090 2683 3108 2716 ι
3130 2666 3190 2718 '0
3219 2662 3423 2734 Κύριος
3447 2663 3633 2716 ἐϐασίε

2055 2761 2276 2823 λευσεν·
2308 2759 2653 2830 ὰγαλλιάσθω
2697 2761 2731 2830 ἡ
2778 2758 2887 2829 γῆ·
2917 2750 3069 2820 οὗτος
3112 2756 3317 2809 δέδεται
3356 2757 3412 2821 ἐν
3458 2771 3635 2825 παρα-

2055 2854 2302 2925 δρομσιῖς.
2341 2870 2359 2903 ι
2395 2850 2767 2922 Παρατρέχων
2791 2848 2900 2919 γὰρ
2930 2847 2986 2914 ἐξ
3014 2847 3242 2918 οὐρανοῦ
3270 2847 3361 2898 ἐπὶ
3393 2846 3514 2916 γῆς,
3540 2847 3633 2906 καὶ

2056 2944 2160 3007 ἕως
2193 2942 2286 2997 τοῦ
2324 2942 2451 3014 ᾅδου
2480 2940 2775 3007 κατελθὼν,
2818 2940 2906 2995 ἵνα
2940 2939 3149 2994 ἐκεῖθεν,
3193 2938 3497 3002 ἀνασπάσει
3542 2936 3633 2999 τὸν

381 3047 564 3099 corpus
586 3029 839 3095 Domini;
872 3045 932 3082 ac
963 3028 1008 3081 si
1039 3028 1271 3081 diceret:
1304 3026 1557 3091 Coaptate
1591 3042 1671 3079 nte
1693 3026 1740 3080 ei
1757 3041 1849 3093 per
1877 3024 1957 3077 lu-

2064 3034 2348 3099 τεθνεῶτα,
2378 3035 2539 3110 abte;
2559 3033 2762 3089 δέδεται
2802 3033 2859 3089 ὲν
2900 3030 3297 3103 παραδρομαῖς,
3329 3030 3427 3082 οὐκ
3465 3027 3636 3094 ἀνάγ-

377 3138 589 3189 ιιῃσηιιιι
618 3121 1046 3192 regenerationis.
1096 3119 1192 3174 His
1224 3119 1388 3189 probe
1414 3119 1732 3188 respondent
1766 3115 1955 3171 Gra‘ca

380 3215 518 3285 apud
549 3212 852 3278 Philonem,
877 3227 1023 3266 nutu.
1052 3210 1122 3269 40
1156 3229 1170 3265 :
1207 3211 1303 3274 El;
1334 3208 1396 3262 τὸ
1418 3208 1514 3262 τοῦ
1558 3207 1764 3281 Κυρίου
1798 3206 1958 3278 σῶμα

380 3302 757 3375 συγκεράσατέ
793 3319 882 3374 με,
915 3301 1069 3372 φησι,
1113 3300 1263 3372 αὐτῷ
1316 3299 1404 3354 διά
1433 3297 1526 3353 τοῦ
1583 3296 1809 3372 λουτροῦ
1858 3299 1959 3369 τῆς

381 3396 823 3467 παλιγγενεσίαςρ
859 3393 957 3448 llic
992 3393 1142 3455 locus
1163 3407 1284 3447 cum
1321 3392 1436 3446 loco
1463 3389 1780 3446 Philoniauo
1797 3405 1956 3460 quem

380 3491 536 3562 atlert
556 3490 784 3553 Cosmas
809 3485 1121 3559 Egyptius,
1157 3501 1187 3540 a
1214 3482 1477 3554 Fogginio
1506 3481 1807 3538 confertur.
1849 3480 1958 3535 Lo-

380 3601 476 3646 cus
502 3583 862 3648 Philouianus
905 3589 988 3636 est
1022 3580 1076 3634 in
1113 3577 1247 3633 illud
1277 3594 1290 3643 :_
1325 3575 1633 3631 Introduxit
1666 3590 1747 3628 me
1789 3590 1881 3628 rex
1906 3576 1961 3627 in

381 3676 685 3738 cubiculum
728 3687 922 3739 suum;
947 3670 1013 3726 ad
1045 3684 1208 3753 quem
1253 3668 1394 3723 sacri
1446 3677 1627 3726 textus
1663 3666 1837 3721 locum
1867 3681 1961 3719 ex-

382 3769 606 3845 plicatio
632 3765 922 3845 Epiphanii
956 3782 1007 3837 p.
1038 3764 1126 3828 18,
1157 3762 1235 3817 sic
1278 3760 1446 3817 habet
1475 3775 1488 3825 ς
1532 3757 1844 3813 Cubiculum
1880 3773 1961 3811 re-

382 3849 461 3930 gis
490 3869 564 3915 est
606 3859 696 3913 ubi
741 3873 918 3912 omnes
961 3866 1081 3921 sunt
1135 3853 1370 3908 thesauri
1413 3850 1669 3913 reconditi
1696 3865 1714 3904 :
1741 3849 1960 3912 ccclestis

380 3932 523 4015 enim
566 3951 702 4021 regis
733 3951 844 4004 sine
880 3946 1210 4003 dubitatione
1242 3944 1540 3998 cubiculum
1595 3951 1704 4007 est;
1734 3941 1961 4021 primum

381 4044 613 4115 quidem,
637 4058 826 4109 corpus
847 4041 986 4111 quod
1022 4037 1302 4106 aediﬁcavit
1334 4034 1470 4095 sibi;
1498 4034 1685 4087 deinde
1715 4031 1959 4092 caelorum

384 4152 620 4203 regnum,
650 4134 860 4206 quando
908 4132 1034 4185 dicit
1072 4127 1316 4185 Salvator
1337 4129 1393 4180 ‘:
1423 4146 1441 4178 ι
1464 4125 1615 4179 Beati
1662 4123 1751 4206 qui
1783 4139 1960 4191 perse-

384 4204 979 4296 cutionemjpatiuntar,
1009 4243 1027 4275 ι
1050 4234 1153 4278 etc.
1185 4221 1503 4292 Congrunnt
1531 4233 1653 4273 cum
1686 4204 1781 4271 bis
1816 4215 1964 4270 Gran-

386 4337 446 4381 ca
479 4322 618 4391 apud
652 4318 960 4381 Philonem,
997 4333 1144 4370 num.
1174 4314 1206 4368 6
1240 4332 1252 4367 :
1285 4315 1521 4385 Ταμείον
1561 4311 1618 4373 δὲ
1670 4309 1764 4363 τοῦ
1807 4309 1962 4380 βασιο

2061 3145 2159 3199 κης
2207 3127 2444 3197 δεσμοῖς,
2481 3125 2595 3189 ἀλλ’
2636 3123 2883 3178 ἑκουσίου
2933 3122 3339 3195 φιλανθρωπίας
3394 3119 3634 3192 χρηστός

2058 3236 2202 3288 τητι,
2232 3217 2400 3271 εἰπὼν
2426 3219 2538 3281 τοῖς
2560 3214 2875 3278 ἀποστόλοις
2896 3231 2907 3243 ⁸
2938 3232 2956 3264 ι
2992 3214 3103 3268 Καὶ
3158 3214 3266 3279 ἰδοὺ
3322 3212 3437 3283 μεθ’
3483 3212 3642 3282 ὑμῶν,

2059 3313 2174 3381 εἰμι
2221 3309 2400 3375 πάσας
2453 3308 2553 3373 τὰς
2599 3307 2833 3384 ἡμέρας.
2861 3308 2966 3370 ἓως
3022 3306 3122 3375 τῆς
3173 3303 3481 3368 συντελείας
3540 3301 3633 3357 τοῦ

2060 3401 2275 3464 αἰῶνος.
2327 3410 2346 3452 t
2383 3399 2571 3455 Viden’
2611 3410 2669 3453 ut
2711 3396 2897 3459 Grieca
2955 3397 3163 3460 Latinis
3185 3398 3340 3465 plene
3400 3410 3638 3464 respon-

2061 3492 2266 3548 deant?
2297 3495 2423 3547 etsi
2456 3493 2582 3561 quid
2620 3493 2850 3559 variant,
2888 3492 3041 3559 culpa
3075 3501 3155 3545 est
3183 3488 3515 3559 interpretis,
3543 3487 3637 3558 qui

2061 3586 2308 3657 quadam
2347 3585 2414 3639 de
2441 3599 2537 3639 suo
2570 3584 2773 3644 addidit
2804 3599 2924 3654 qua:
2964 3584 3161 3640 ltednm
3189 3597 3430 3641 errorem
3467 3581 3640 3639 cuuli-
3716 3638 3723 3643 ,

2064 3688 2214 3743 nent,
2247 3677 2332 3733 illa
2362 3677 2574 3733 scilicet
2609 3693 2709 3731 non
2727 3693 2929 3745 sponsa:
2952 3693 3059 3731 sua:
3088 3675 3389 3735 necessitate
3411 3693 3434 3730 ε.
3460 3684 3512 3727 et
3542 3690 3643 3742 pro

2064 3770 2182 3825 luco
2211 3767 2447 3823 Matthxi
2483 3767 2662 3837 posuit
2706 3767 2877 3821 locum
2921 3782 2987 3825 ex
3036 3766 3246 3835 psalmo
3279 3781 3407 3827 xvn,
3440 3764 3524 3819 il.
3564 3761 3642 3818 Ea

2062 3863 2205 3916 enim
2236 3871 2355 3916 erat
2382 3860 2595 3916 licentia
2637 3860 2994 3929 complurium
3030 3860 3384 3927 interpretum
3412 3858 3502 3927 qui
3539 3872 3638 3910 sse,

2063 3954 2184 4008 culo
2225 3969 2275 4007 vr
2312 3952 2496 4008 Graeca
2534 3951 2839 4016 vertebant,
2892 3960 2945 4004 et
3003 3949 3147 4005 nullo
3195 3950 3260 4003 ad
3312 3957 3519 4004 textum
3553 3963 3640 4007 re-

2063 4055 2249 4115 spectu
2282 4046 2486 4108 habito,
2521 4044 2653 4097 nihil
2676 4042 2775 4097 sibi
2811 4057 2914 4095 non
2949 4042 3109 4096 licere
3142 4043 3566 4105 arbitrabantur,

2138 4137 2371 4203 Quintus
2399 4136 2549 4189 locus
2578 4133 2930 4203 Epiphaniani
2965 4132 3337 4188 etmnnentarii
3363 4142 3445 4185 est
3468 4148 3518 4200 p.
3546 4131 3636 4184 8!:

2079 4228 2203 4283 Vere
2241 4228 2474 4295 speciosa
2523 4225 2669 4295 facta
2715 4236 2785 4278 est
2837 4234 2883 4277 et
2920 4240 3033 4277 vere
3078 4225 3277 4289 suavis,
3315 4239 3415 4277 non
3462 4223 3642 4277 divina

2064 4321 2229 4375 virtus
2273 4321 2292 4387 (
2307 4334 2466 4387 neque
2495 4318 2632 4370 enim
2685 4325 3016 4383 augmentum
3042 4316 3221 4381 recipit
3251 4330 3341 4367 nec
3363 4314 3644 4373 detrimene

385 4412 544 4479 λέως,
575 4412 709 4465 ὅπου
745 4410 922 4464 πάντα.
953 4407 1238 4473 ἀπόκειται
1268 4407 1336 4461 τὰ
1383 4405 1802 4485 θησαυρίσμάτα
1821 4420 1834 4433 '
1866 4401 1960 4455 τοῦ

2067 4424 2173 4464 tum
2212 4407 2487 4476 divinitas)
2509 4424 2525 4468 ;
2551 4407 2639 4460 sed
2671 4406 2940 4459 humilitas
2970 4404 3083 4473 ejus
3109 4421 3218 4458 vere
3242 4406 3473 4472 speciosa
3502 4406 3645 4474 facta

386 4506 445 4559 δὲ
475 4504 799 4577 ἐπουρανίου
848 4500 1112 4573 βασιλέως
1140 4503 1363 4572 ταμεῖον
1413 4498 1592 4569 δῆλον,
1624 4497 1705 4549 ὅτι
1751 4494 1965 4567 πρῶτον

391 4598 488 4671 μὲν
513 4597 575 4650 τὸ
613 4596 790 4667 σῶμα,
819 4590 864 4663 ᾧ
890 4591 1069 4662 ἑαυτῷ
1096 4592 1449 4662 ᾠκοδόμησεν
1481 4584 1631 4646 οἷκον
1650 4605 1662 4616 ·
1701 4587 1890 4641 ἔπειτα
1909 4587 1965 4642 δὲ

389 4692 484 4747 καὶ
507 4693 541 4763 ἡ
570 4691 678 4744 τῶν
712 4687 957 4759 οὐρανῶν
994 4686 1260 4759 βασιλεία.
1292 4686 1460 4737 Ὅταν
1488 4676 1582 4736 οὖν
1615 4680 1765 4751 λέγει
1795 4683 1822 4735 ὁ
1850 4681 1964 4734 Σω-

306 4767 319 4777 ’
388 4785 496 4865 τῂρ
516 4801 530 4815 ο
568 4802 587 4835 t
609 4778 1273 4854 Μακάριοιδεδιωγμένοι,
1304 4796 1322 4829 ι
1355 4793 1411 4829 κ.
1435 4793 1484 4829 τ.
1520 4775 1570 4828 λ.
1596 4774 1747 4840 Quod
1770 4774 1811 4828 si
1833 4789 1962 4827 cou-

394 4866 584 4933 teudas
606 4876 782 4931 locum
815 4873 1097 4945 Epiphanii
1125 4872 1214 4942 qui
1247 4870 1475 4925 habetur
1499 4885 1551 4938 p.
1586 4868 1675 4931 '52,
1699 4883 1821 4923 cum
1848 4865 1968 4921 Phi-

392 4970 633 5039 loniano,
667 4983 816 5023 num.
851 4967 906 5033 6,
937 4981 1096 5036 quem
1142 4962 1362 5018 adducit
1396 4961 1621 5015 Cosmas
1663 4959 1966 5031 Egyptius,

390 5078 454 5119 ea
482 5061 599 5116 loca
632 5061 771 5115 inter
797 5074 856 5114 se
898 5073 1003 5112 non
1045 5055 1341 5117 cohazrere,
1380 5053 1604 5107 minime
1638 5052 1964 5107 mirandum.

400 5153 587 5211 Virum
638 5152 858 5205 doctum
895 5146 1109 5220 decepit
1147 5143 1283 5199 falsa
1326 5142 1709 5198 Muntlauconii
1759 5142 1968 5206 citatio,

392 5243 484 5313 qui
521 5254 651 5319 tom.
694 5241 735 5295 ll
792 5239 1010 5295 Collect.
1043 5253 1190 5292 nova:
1225 5234 1347 5301 PP.
1383 5233 1639 5300 Gra’cor.,
1689 5250 1809 5304 pag.
1844 5233 1969 5301 529,

464 5386 486 5427 ε
508 5382 700 5451 Matth.
733 5398 787 5446 ν,
819 5380 902 5435 ιο.
977 5381 997 5412 ⁷
1021 5377 1163 5443 Psal.
1205 5394 1334 5447 xcu,
1377 5379 1429 5446 ιε

468 5497 543 5562 (a)
573 5495 823 5550 Bibliotlt.
849 5493 941 5549 Gr.
979 5502 1110 5549 tom.
1140 5491 1250 5551 VII.
1277 5508 1398 5561 pag.
1422 5491 1546 5562 7‘29.

467 5556 542 5639 (ὁ)
578 5566 1052 5639 llattctliatribarn
1083 5556 1386 5639 tle_1_\'iceti's
1422 5559 1704 5639 Fabricius
1728 5556 1976 5639 Biblioth.

396 5628 492 5695 Cr‘.
524 5628 659 5692 tom.
699 5636 783 5698 Vl,
811 5651 932 5704 pag.
953 5634 1080 5695 ΜΕ),
1141 5633 1280 5704 falso
1305 5632 1570 5704 _querit_t_tr
1619 5628 1976 5704 intercidisse.

397 5709 528 5779 tiam
567 5723 687 5772 cum
726 5698 954 5775 diatrlta
993 5704 1153 5769 etiam
1190 5702 1253 5756 de
1296 5699 1605 5755 I’Itilouibus
1643 5708 1694 5771 et
1724 5698 1843 5753 aliis
1881 5698 1975 5763 Al-

2063 4511 2137 4560 est
2167 4511 2322 4570 atque
2345 4501 2518 4553 suavis
2546 4497 2934 4566 pulchritudine
2958 4497 3264 4560 dirinitatis,
3289 4512 3405 4549 cum
3428 4497 3646 4551 sedisset

2062 4593 2118 4646 in
2168 4608 2325 4660 regno
2372 4590 2621 4651 ccelorum
2658 4590 2713 4642 in
2751 4589 2968 4642 dextera
3010 4587 3208 4642 Patris.
3246 4587 3386 4642 Nihil
3451 4590 3641 4643 horum

2067 4682 2343 4737 desideres
2399 4682 2451 4733 in
2498 4678 2702 4735 Grazcis
2760 4681 2900 4748 apud
2954 4679 3229 4733 Philonem
3296 4696 3449 4733 num.
3488 4680 3640 4736 20$:

2075 4771 2341 4845 Ὠραιώθη
2366 4772 2473 4843 γὰρ
2499 4769 2686 4836 ὅντως,
2730 4770 2822 4823 καὶ
2843 4769 3040 4841 ἡδύνθη
3073 4769 3328 4839 (Costnas
3360 4769 3648 4839 Aigyptius

2069 4848 2200 4933 legit
2254 4861 2527 4933 ἱδρύνθη),
2575 4859 2674 4935 οὐχ
2723 4861 2754 4930 ή
2810 4859 2910 4930 τῆς
2959 4859 3203 4930 θεότητος
3239 4859 3463 4930 δύναμις
3492 4858 3647 4929 (οὔτε

2069 4957 2177 5033 γὰρ
2229 4952 2566 5026 προσθήκην,
2606 4951 2727 5005 οὔτε
2784 4951 3009 5024 μείωσιν
3065 4949 3429 5019 ἐπιδέχεται).
3460 4949 3573 5002 ἀλλ’
3609 4951 3648 5027 ἡ

2076 5047 2212 5118 σὰρξ
2240 5046 2306 5117 ἣν
2333 5044 2590 5115 ἀνείληφε
2609 5060 2623 5073 θ
2658 5044 2750 5096 καὶ
2776 5042 2804 5094 ὁ
2828 5040 3032 5103 τέλειος
3065 5038 3303 5111 (τέλειος
3333 5040 3483 5093 deest
3504 5039 3644 5107 apud

2073 5140 2321 5195 Cusmam
2382 5134 2625 5206 Egypt.)
2690 5133 2973 5205 ἄνθρωπος
3032 5132 3090 5185 ὃν
3135 5131 3428 5202 ὲφόρεσεν,
3496 5126 3648 5194 οὗτος

2073 5229 2352 5302 ὡραιώθη,
2389 5231 2454 5300 τῇ
2490 5224 2592 5296 τῆς
2619 5226 2870 5297 θεότητος
2890 5223 3182 5296 ὡραιότητι
3205 5223 3644 5295 συμμορφωθεὶς,

1505 5378 1527 5410 ⁸
1549 5376 1741 5443 Matth.
1771 5348 1964 5439 nuit,
1991 5372 2080 5428 20.
2157 5371 2177 5403 ⁹
2202 5370 2343 5426 Psal.
2377 5384 2515 5436 ml,
2543 5367 2631 5423 ‘ll.

2086 5486 2198 5547 latii
2249 5485 2465 5553 scriptis
2494 5483 2711 5538 ineditis
2745 5482 2796 5536 in
2850 5477 3492 5553 publicumprodituram
3523 5491 3647 5553 spe:-

2088 5572 2270 5610 ramus
2296 5547 2457 5623 opera
2483 5562 2537 5609 et
2562 5553 2739 5608 studio
2767 5547 2922 5623 [loeti
2941 5550 3301 5623 viri_t_nih'tque
3330 5547 3653 5623 Δει-ιιι-ἱ-(ιίεκίιηι

2076 5617 2379 5751 'Bitpllttlelis
2408 5624 2715 5689 Vernazzm,
2752 5621 2926 5690 Graeci
2957 5621 3009 5675 iu
3053 5617 3304 5689 Vaticana
3328 5617 3651 5683 biinOIheca

2079 5715 2136 5754 sc
2162 5718 2207 5751 lU
2235 5707 2398 5752 :astae.
