4038 6134
1703 335 1958 403 ΡΠᾹΞΡΑ
1966 336 2101 395 T10.
3476 335 3552 390 2‘2

286 345 342 407 2t
1705 345 1874 403 Ριιίι.

280 456 375 514 καὶ
401 453 608 526 ἠδύνθη
629 452 890 523 (Cosmus
922 449 1209 523 Egyptius
1252 450 1531 524 ἱδρύνθη),
1562 452 1620 504 ὲν
1668 455 1735 524 τῇ
1762 450 1870 504 τῶν

1977 345 2101 395 [10.
3476 345 3552 390 2⁸2.

1977 451 2156 506 nianis
2187 453 2237 505 in
2268 450 2487 506 lectoris
2509 447 2877 513 commodum,
2903 448 2992 518 qui
3020 448 3118 503 has
3143 464 3266 503 cum
3291 446 3393 504 illis
3418 463 3552 505 con-

282 545 524 619 οὐρανῶν
577 543 867 609 καθεσθεὶς
926 543 1175 616 βασιλείᾳ
1227 547 1286 598 ὲν
1343 543 1487 616 δεξιᾷ
1525 543 1620 598 τοῦ
1654 543 1868 615 Πατρός

281 634 498 708 (Cosm.
542 636 831 708 Egyptius
870 636 968 691 τοῦ
999 636 1202 708 Θεοῦ).
1233 637 1425 692 Iisdem
1476 637 1660 692 verbis
1683 637 1863 692 locum

282 729 429 786 hunc
448 729 684 785 Philonis
710 729 881 786 refert
911 729 1143 785 Cosmas
1168 729 1473 801 Egyplius.
1497 731 1564 785 In.
1582 744 1648 785 eo
1673 730 1863 795 variat,

281 822 427 891 quod
460 820 517 875 in
546 836 700 875 sacro
723 830 874 875 textu
904 819 1053 891 legit,
1073 821 1138 875 Τί
1166 819 1477 894 ὠραιώθης,
1496 821 1591 875 καὶ
1611 821 1662 875 τί
1686 820 1865 893 ἱδρύν-

284 912 421 983 οης;
440 912 551 967 Cur
575 917 839 981 speciosus
858 912 1032 980 factus
1054 929 1132 977 es,
1156 922 1205 968 et
1223 929 1318 967 cur
1330 913 1576 981 ﬁrmatus
1592 931 1643 969 es
1658 916 1684 969 γ
1704 928 1866 982 quam
1911 958 1915 962 .

284 1001 574 1060 lectionem
617 1019 723 1058 non
761 1004 891 1059 alibi
931 1004 1193 1074 reperias.
1238 1004 1597 1071 Quamobrem
1633 1005 1766 1060 nihil
1800 1020 1866 1061 ex

287 1095 574 1152 collatione
608 1095 804 1151 horum
847 1096 1087 1152 locorum
1117 1112 1182 1153 ex
1219 1095 1520 1167 Epiphanio
1556 1105 1611 1153 et
1641 1097 1868 1154 Philone

285 1188 583 1259 colligitur,
613 1203 722 1259 quo
758 1189 937 1258 possis
980 1197 1223 1244 statuere
1269 1189 1553 1244 Philonem
1591 1203 1867 1244 commen-

289 1279 486 1333 tarium
525 1279 748 1349 quidem
781 1279 1152 1350 composuisse
1179 1280 1251 1336 ab
1282 1280 1658 1352 Epiphaniano
1683 1281 1867 1336 diver—

283 1385 442 1437 sum;
484 1371 626 1426 unde
669 1381 851 1426 tamen
903 1371 1070 1426 multa
1116 1372 1468 1443 decerpserit,
1513 1381 1567 1429 et
1610 1374 1665 1429 in
1696 1372 1865 1444 epito-

282 1473 407 1516 men
434 1462 657 1516 redacta
701 1462 754 1516 in
788 1476 949 1517 suum
974 1462 1282 1518 inseruerit.

356 1596 562 1652 Sextus
589 1597 739 1651 locus
765 1612 830 1652 ex
862 1597 1159 1668 Epiphanio
1183 1614 1306 1670 pag.
1338 1598 1429 1664 28,
1455 1600 1677 1669 ejusque
1702 1598 1865 1653 colla-

286 1689 363 1744 tio
388 1705 512 1745 cum
535 1689 763 1744 Philone
787 1689 923 1744 nihil
948 1690 1055 1745 tale
1092 1689 1276 1745 itidem
1308 1693 1517 1760 probat.
1555 1691 1688 1746 Nam
1718 1691 1761 1747 si
1798 1691 1865 1746 ad

281 1781 404 1850 ejus
453 1780 593 1835 latus
631 1779 875 1835 ascribas
913 1796 1021 1835 non
1065 1781 1228 1834 verba
1264 1781 1546 1851 desumpta
1578 1797 1642 1836 ex
1677 1790 1866 1836 catena
1901 1806 1944 1862 Β

280 1871 530 1939 Menrsii,
564 1870 803 1927 tit-fecit
851 1871 936 1926 vir
992 1871 1419 1938 eruditissimus,
1466 1872 1559 1927 sed
1601 1872 1870 1944 integrum

282 1962 532 2018 Philonis
562 1962 739 2017 locum
773 1978 934 2032 quem
978 1962 1148 2017 habes
1170 1978 1319 2017 num.
1345 1963 1438 2027 26,
1470 1962 1654 2017 Graeca
1682 1972 1730 2015 et
1765 1960 1873 2015 La-

281 2056 398 2110 tina
438 2057 491 2110 in
540 2055 798 2110 omnibus
851 2055 1125 2125 repereris
1161 2054 1497 2108 consentire.
1535 2051 1708 2107 Verba
1743 2049 1874 2106 Phi-

282 2147 429 2204 lonis
467 2146 841 2211 ειιιιῑεΕὐθὺς
890 2146 1303 2218 ὑπομιμνήσκει
1354 2146 1416 2199 τὸ
1470 2140 1607 2216 αἷμα
1660 2144 1756 2198 καὶ
1814 2144 1875 2198 τὸ

280 2237 428 2309 ὕδωρ
455 2239 518 2293 τὸ
549 2240 753 2305 στάξεν
785 2242 844 2294 ὲν
884 2239 963 2312 τῷ
988 2239 1152 2294 πάθει
1181 2242 1246 2294 ὲκ
1270 2238 1514 2310 πλευρᾶς
1539 2237 1635 2291 τοῦ
1676 2236 1871 2309 Ἰησοῦ·

283 2350 305 2384 s
338 2332 675 2405 ’Δποδεσμὺς
699 2334 802 2405 τῆς
825 2334 1063 2405 στάκτης
1078 2332 1354 2402 ἁδελφιδός
1376 2349 1477 2403 μου
1508 2333 1531 2384 ὲ
1540 2332 1629 2403 μοί
1646 2349 1658 2362 ·
1685 2350 1703 2384 ι
1737 2332 1876 2402 ὅπερ

279 2422 461 2477 ἐστίν’
507 2425 604 2478 Ἐκ
651 2423 747 2478 τοῦ
797 2424 1089 2490 στάξαντος
1133 2422 1343 2490 ὕδατος,
1376 2423 1470 2477 καὶ
1501 2423 1752 2494 αἵματος,
1781 2422 1876 2477 καὶ

279 2515 597 2586 πνεύματος
631 2516 727 2569 τοῦ
780 2517 845 2570 ἐκ
872 2516 1115 2588 πλευρᾶς
1149 2514 1337 2581 αὑτοῦ,
1375 2514 1538 2576 αὐτὸς
1569 2513 1756 2583 γέγονὲ
1787 2530 1875 2584 μοι

278 2608 538 2677 νυμφίος.
570 2606 729 2677 κάγὼ
749 2607 912 2662 αὑτοῦ
940 2607 1125 2680 νύμφη
1143 2624 1155 2638 ο
1190 2607 1383 2679 αἵματι
1413 2607 1510 2678 μὲν
1535 2607 1613 2676 τῷ
1632 2608 1697 2660 ὲκ
1721 2606 1879 2660 πλευ-

279 2700 392 2771 ρᾶς
418 2698 584 2752 αὐτοῦ
611 2699 989 2771 ἅγοραζομένη
1016 2699 1165 2769 αὐτῷ
1194 2699 1290 2754 καὶ
1322 2700 1721 2771 συναπτομένη.
1751 2700 1873 2755 ὕδα-

279 2806 334 2842 τι
370 2789 428 2843 δὲ
479 2788 561 2861 τῷ
603 2790 715 2843 ἀπὸ
773 2789 993 2863 σαρκῶν
1040 2791 1213 2847 αὑτοῦ
1269 2787 1641 2859 βαπτιζομὲνη
1698 2787 1872 2858 αὐτῷ,

282 2879 570 2952 πνεύματι
610 2881 667 2935 δὲ
717 2880 796 2954 τῷ
838 2883 949 2937 ἀπὸ
978 2881 1234 2954 θεότητος
1275 2880 1439 2936 αὑτοῦ
1471 2881 1876 2954 συγκρινομένη

286 2971 438 3042 αὐτῷ
486 2973 582 3026 καὶ
612 2972 988 3044 τελειουμένη.
1032 2974 1163 3041 Quae
1202 2972 1381 3028 omnia
1434 2971 1630 3028 Latine
1665 2974 1874 3027 reddita

283 3079 581 3134 cognosces
625 3068 679 3120 in
718 3065 1058 3137 Epiphanio:
1091 3064 1195 3120 Per
1248 3075 1452 3136 guttam
1507 3067 1684 3135 itaque
1734 3082 1876 3121 com-

282 3168 539 3210 memorat
570 3169 619 3211 et
666 3160 975 3229 sanguinem
1005 3169 1052 3214 et
1087 3174 1301 3227 aquam,
1337 3174 1454 3229 qua:
1496 3159 1763 3228 ﬂuxerunt
1811 3161 1874 3212 de
1901 3146 1953 3206 (εἷ

282 3248 443 3302 latere
475 3247 624 3304 Iesu.
670 3267 689 3301 ι
712 3248 1042 3311 Fasciculus.
1065 3270 1085 3303 ι
1138 3251 1330 3321 inquit,
1366 3269 1386 3301 s
1410 3260 1567 3320 gutta:
1598 3250 1872 3319 fratruelis

279 3356 427 3396 meus
461 3342 624 3405 mihi;
644 3361 664 3395 s
697 3359 758 3396 ac
775 3344 822 3397 si
840 3343 1071 3397 diceret:
1104 3341 1187 3397 Ea:
1208 3359 1345 3413 aqua
1374 3341 1453 3397 uel
1475 3344 1732 3413 sanguine
1752 3358 1870 3411 quin

284 3430 501 3486 stillavit
530 3449 596 3487 ea:
632 3435 746 3503 ejus
780 3434 965 3500 latere,
1005 3435 1115 3506 ipse
1140 3436 1273 3490 mihi
1308 3434 1481 3504 {actus
1510 3450 1733 3504 sponsus
1771 3444 1868 3498 est,

279 3537 327 3579 et
355 3541 450 3595 ego
474 3527 520 3580 ei
556 3543 785 3598 sponsa;
809 3530 1068 3599 sanguine
1090 3528 1301 3601 quidem
1331 3542 1395 3581 ex
1419 3526 1534 3597 ejus
1562 3525 1727 3581 latere
1745 3543 1871 3596 pro-

279 3620 506 3688 ﬂuente,
529 3636 634 3688 quo
657 3623 707 3674 ei
735 3622 1005 3691 redempta
1029 3634 1078 3675 et
1112 3629 1384 3690 cowquata
1408 3634 1525 3673 sum
1539 3635 1560 3685 ;
1585 3635 1722 3689 aqua
1752 3634 1871 3674 vero

280 3714 463 3767 carnis
482 3711 620 3782 ejus,
647 3729 738 3777 per
761 3728 921 3782 quam
957 3713 1006 3766 ei
1045 3711 1313 3783 baptizata
1341 3728 1458 3767 sum
1495 3723 1650 3782 atque
1671 3711 1870 3781 clariﬁ-

280 3814 447 3868 cata;
482 3804 676 3872 spiritu
698 3819 837 3865 vero,
866 3820 971 3875 quo
1006 3804 1277 3859 divinitati
1318 3801 1433 3873 ejus
1460 3803 1709 3872 copulata
1730 3820 1868 3870 sum,

279 3903 334 3951 et
356 3904 724 3949 consummata
747 3894 1050 3966 dignoscor.

355 4002 599 4076 Denique
630 4004 806 4059 locum
843 4004 1126 4075 Epiphanii
1160 4020 1213 4076 p.
1243 4008 1337 4074 25,
1376 4007 1444 4064 ad
1478 4024 1541 4065 ea
1569 4009 1710 4065 sacri
1744 4020 1865 4065 tex-

281 4105 373 4152 tus
423 4098 587 4152 verba
619 4113 634 4149 :
663 4093 797 4150 Filii
858 4097 1043 4150 matris
1089 4113 1219 4152 mea:
1274 4112 1632 4174 pugnaverunt
1682 4110 1866 4157 contra

280 4205 385 4251 me.
407 4198 541 4251 etc.,
564 4197 618 4243 et
643 4202 979 4259 v.sequent.,
1002 4188 1297 4244 Posuerunt
1343 4206 1424 4244 me
1443 4193 1732 4257 custodem,
1756 4202 1861 4249 etc.

280 4283 485 4353 (quem
522 4281 697 4336 locum
745 4282 870 4346 huc,
899 4291 955 4336 ut
990 4281 1152 4351 paulo
1181 4281 1483 4352 longiorem
1541 4283 1689 4353 piget
1720 4296 1869 4339 tran-

280 4375 574 4445 scribere),
602 4373 851 4429 collatum
884 4392 1005 4431 cum
1037 4385 1227 4430 catena
1257 4373 1472 4431 Meursii
1503 4392 1627 4447 pag.
1654 4376 1741 4443 l6,
1774 4378 1866 4441 de-

1976 540 2119 597 ferre
2153 540 2300 597 velit.

2048 635 2239 702 Epiph.
2284 635 2407 690 1:5.
2452 633 2576 690 138.
2621 633 2744 688 1.17.
2791 632 2911 687 tts.
2955 633 3079 687 156.
3119 630 3240 702 157.
3285 629 3408 702 165.

2042 700 2204 760 Philo
2272 706 2399 761 118.
2446 706 2565 761 145.
2606 704 2730 760 151.
2771 703 2896 758 152.
2938 702 3063 757 16οὶ
3105 701 3229 757 161.
3270 700 3392 755 170.

2043 863 2229 931 Epiph.
2276 862 2398 919 165.
2442 863 2564 918 166.
2609 824 2895 919 173.779.
2938 865 3061 921 tsi.

2044 934 2200 990 Philo
2268 936 2394 990 171.
2434 934 2553 989 172.
2598 934 2718 989 182.
2767 935 2885 990 188.

2048 1094 2241 1162 Ερεριι.
2283 1095 2406 1151 183.
2449 1096 2573 1152 206.
2614 1057 2909 1153 2147—213.
2949 1096 3075 1151 225.
3116 1096 3241 1152 223.
3280 1096 3406 1153 229.

2046 1164 2203 1219 Philo
2284 1167 2406 1223 196.
2447 1168 2574 1224 216.
2613 1168 2740 1224 224.
2783 1166 2908 1221 228.
2949 1166 3077 1223 255.
3115 1167 3243 1222 237.
3277 1167 3405 1223 258.

2046 1320 2238 1392 Epiph.
2282 1323 2410 1379 250.
2451 1326 2576 1381 257.
2618 1327 2743 1382 238.
2782 1329 2910 1386 259.
2949 1331 3075 1385 240.

2040 1392 2198 1449 Pliilo
2285 1393 2411 1451 259.
2453 1396 2578 1452 246.
2620 1398 2744 1454 247.
2784 1400 2910 1455 248.
2951 1401 3076 1458 249.

1970 1547 2191 1606 Caetera:
2256 1567 2445 1611 omnes
2499 1558 2635 1613 nihil
2676 1561 2818 1616 inter
2847 1576 2905 1617 se
2934 1561 3557 1642 discrepantosententia

1968 1650 2024 1697 et
2081 1645 2282 1711 verbis,
2336 1650 2621 1719 perpaucis
2681 1653 2921 1723 exceptis
2964 1669 3240 1723 :quarum
3305 1655 3554 1727 quaedam

1974 1739 2310 1793 concordant
2337 1757 2442 1796 non
2469 1742 2679 1809 verbis,
2700 1744 2795 1800 sed
2827 1744 3125 1811 sententia;
3152 1748 3397 1817 quaedam
3428 1762 3555 1816 par-

1979 1827 2072 1883 tim
2111 1832 2403 1898 sententia,
2430 1836 2624 1903 partim
2655 1837 2868 1905 verbis;
2903 1845 2959 1893 et
2986 1836 3039 1891 in
3070 1838 3137 1892 iis
3159 1839 3297 1909 apud
3327 1839 3558 1910 Epipha-

1983 1920 2131 1976 nium
2177 1922 2379 1994 aliquid
2433 1926 2519 1983 vel
2583 1928 2910 1998 detractum,
2948 1930 3032 1985 vel
3071 1929 3274 1999 aliquid
3317 1932 3556 1987 additum

1976 2029 2097 2070 esse
2122 2014 2565 2087 deprehenditur.
2593 2018 2956 2087 Quamobrem
2978 2022 3383 2093 Epiphanianus
3405 2039 3557 2079 com-

1979 2105 2280 2159 mental-ius
2306 2104 2427 2173 jure
2464 2108 2678 2163 censeri
2713 2116 2893 2181 potest
2931 2109 3237 2166 Philoniani
3301 2112 3559 2182 interpre-

1979 2195 2133 2262 tatio,
2164 2210 2249 2260 ac,
2279 2206 2337 2251 ut
2375 2198 2454 2252 ait
2498 2197 2758 2270 Lequien,
2804 2200 2923 2257 loco
2959 2216 3108 2270 supr.
3143 2203 3322 2270 citat.,
3358 2203 3554 2259 Latina

1980 2286 2286 2354 translatio,
2310 2306 2341 2341 a
2365 2288 2550 2344 Gra'co
2579 2292 2756 2346 codice
2779 2292 3062 2348 admodum
3088 2295 3413 2367 discrepans.

2048 2379 2104 2434 In
2135 2393 2207 2435 ea-
2240 2391 2417 2436 autem
2464 2383 2789 2452 quaestione,
2838 2396 3018 2441 utrum
3069 2386 3224 2443 Philo
3266 2387 3560 2461 Carpasius

1978 2473 2292 2544 episcOpus,
2318 2490 2385 2529 an
2411 2474 2567 2531 Philo
2590 2475 2918 2547 Carpathius
2942 2481 3394 2537 commentarium
3423 2483 3555 2539 serio

1978 2564 2149 2633 pserit
2170 2566 2225 2619 in
2259 2565 2533 2620 Canticum
2561 2569 2908 2635 canticorum,
2937 2568 3169 2627 ﬁdenter
3194 2587 3327 2627 sane
3357 2574 3550 2629 doctus

1987 2655 2070 2708 vir
2106 2657 2421 2725 pronuntiat
2464 2657 2564 2728 (ιι),
2604 2667 2662 2711 ιιι
2695 2658 2804 2713 dixi
2855 2675 3040 2732 supra,
3090 2677 3289 2717 vanum
3338 2666 3559 2722 omnino

1977 2760 2099 2803 esse
2145 2760 2535 2815 commentum,
2573 2747 2854 2804 Philonem
2898 2752 3110 2807 scilicet
3152 2750 3307 2823 cujus
3351 2757 3556 2813 mentio

1977 2847 2063 2892 est
2084 2839 2226 2906 apud
2254 2836 2560 2909 Polybium,
2579 2838 2722 2895 illius
2757 2844 3140 2898 commentarii
3171 2844 3345 2904 fuisse
3369 2858 3559 2904 aucto-

1981 2943 2115 2984 rem.
2155 2928 2216 2984 Et
2263 2929 2506 2998 profecto
2535 2940 2780 2987 veterum
2816 2932 3143 2990 auctoritate
3174 2934 3270 2989 niti
3297 2949 3455 3005 posse
3487 2937 3559 2991 vi-

1980 3019 2167 3086 detur;
2200 3035 2344 3086 cum,
2377 3021 2470 3091 qui
2497 3020 2817 3093 Carpasium
2849 3024 3042 3080 doceat
3083 3025 3560 3098 talemscripsisse

1979 3113 2452 3178 commentarium,
2506 3114 2754 3171 invenias
2803 3131 2869 3171 ex
2929 3117 3221 3174 veteribus.
3261 3121 3560 3177 neminem.

1981 3201 2183 3259 Contra
2222 3204 2452 3262 Cosmas
2498 3206 2760 3279 Egyptius
2810 3205 2962 3262 illum
3013 3208 3160 3266 clare
3206 3208 3577 3282 Carpathium.

1979 3296 2262 3363 nominat;
2290 3305 2345 3351 et
2383 3298 2604 3366 Suidas,
2637 3309 2696 3354 ut
2739 3299 2944 3356 dictum
2976 3309 3080 3363 est.
3117 3302 3322 3358 diserte
3364 3304 3579 3373 inquit,.

1977 3385 2153 3441 Φίλων
2187 3387 2508 3460 Καρπάθιος
2549 3389 2787 3464 ἔγραψεν
2834 3392 3137 3464 ὑπόμνημα
3168 3394 3256 3460 εὶς
3270 3393 3335 3447 τὸ
3356 3389 3577 3466 τᾼσμα.

1978 3476 2099 3532 τῶν
2121 3477 2424 3548 ᾀσμάτων.
2456 3480 2523 3535 Et
2558 3490 2736 3537 tamen
2776 3481 2909 3537 nihil
2951 3498 3016 3538 ea
3051 3484 3258 3540 ratione
3303 3487 3558 3541 commoti

1977 3569 2079 3626 viri
2108 3572 2274 3640 docti,
2304 3587 2522 3644 magna,
2555 3573 2695 3644 quod
2724 3573 2944 3630 Grtecos
2971 3575 3184 3631 codices
3214 3577 3447 3634 lortasse
3477 3579 3555 3635 iu-

1977 3665 2277 3734 spexerint,
2294 3664 2489 3722 ﬁducia
2513 3665 2832 3738 Carpasium
2863 3666 2982 3739 ejus
3009 3672 3390 3726 commentarii
3417 3675 3570 3728 scri-

1982 3766 2192 3826 ptorom
2248 3757 2421 3814 fuisse
2478 3761 2920 3828 pronuntiarunt,
2972 3760 3251 3826 Garetius,
3291 3762 3559 3834 Leqnien,

1976 3843 2316 3911 Holstenius;
2334 3861 2399 3901 es
2412 3847 2607 3918 quibus
2623 3847 2928 3905 llolstenius
2944 3852 3141 3908 diserte
3155 3849 3389 3906 aiIirmat
3402 3854 3559 3920 vulgo

1975 3937 2115 3993 male
2136 3938 2393 4009 appellari
2409 3940 2778 4010 Carpathium.
2799 3943 3023 3998 Allatius
3039 3955 3218 4000 autem
3243 3945 3384 4000 hanc
3409 3944 3560 3999 vide-

1978 4037 2069 4083 tur
2090 4030 2341 4085 dirimere
2356 4034 2798 4089 controversiam.
2821 4034 2915 4089 llle
2931 4037 3074 4091 enim
3089 4038 3140 4091 in
3163 4038 3328 4093 citata
3346 4038 3409 4090 de
3430 4034 3558 4090 Plu”-

1975 4120 2181 4176 lonibus
2233 4122 2481 4188 diatriba,
2513 4124 2676 4181 allato
2704 4127 2942 4196 epistolae
2972 4128 3251 4196 Epiphanii
3286 4131 3353 4183 ad
3392 4128 3557 4184 Joan-

1976 4228 2097 4269 nem
2124 4213 2667 4287 Hierosolymitanum
2695 4220 2814 4273 loco
2848 4235 3007 4289 quem
3065 4221 3316 4287 superius
3369 4220 3557 4273 attuli-

1974 4307 2560 4371 n1us,ubisanctusille
2580 4312 2768 4364 doctor
2798 4311 3125 4364 mentionem
3153 4309 3282 4362 facit
3317 4308 3558 4363 Philonis

1974 4397 2229 4466 episcopi,
2253 4398 2429 4453 subdit
2450 4398 2712 4463 :Aduerte,
2735 4399 2916 4464 lector,
2943 4397 3216 4451 Philonem
3240 4397 3378 4453 [tunc
3397 4399 3559 4468 [uisse

281 4476 563 4520 curtatnm
593 4467 807 4536 quidem
844 4467 1248 4536 deprehendes,
1271 4466 1367 4521 sed
1394 4468 1535 4537 apud
1584 4466 1865 4525 Philonem

1977 4490 2271 4558 episcopum
2296 4490 2520 4560 regionis
2554 4505 2672 4558 qua:
2712 4489 2953 4559 proxima
2987 4502 3097 4542 erat
3126 4491 3390 4560 purae/tite
3430 4490 3559 4558 Epi-

282 4572 437 4613 num.
476 4557 567 4618 15,
602 4556 788 4613 Graeca
839 4560 984 4613 omni
1019 4575 1084 4614 ex
1138 4571 1292 4629 parte
1338 4561 1548 4616 Latinis
1591 4562 1709 4618 sine
1764 4563 1869 4618 ulla

283 4648 653 4704 diminutione
692 4651 1072 4719 respondentia
1103 4651 1287 4707 omnia
1319 4652 1584 4723 reperies.

356 4765 439 4820 Ex
469 4764 652 4820 aliatis
683 4764 851 4834 igitur
884 4764 1018 4821 locis
1060 4769 1491 4824 commentarius
1517 4770 1608 4840 qui
1640 4769 1875 4841 Epipha-

282 4856 379 4912 nio
407 4857 687 4919 tribuitur,
727 4873 867 4912 unus
899 4858 1150 4929 idemque
1189 4859 1406 4915 videtur
1429 4874 1552 4915 esse
1576 4877 1700 4917 cum
1720 4879 1871 4916 enm-

283 4948 564 5004 mentario
615 4947 877 5004 Philonis.
915 4949 970 5003 bl
1002 4960 1183 5005 autem
1214 4965 1293 5006 eo.
1316 4952 1532 5008 videtur
1555 4954 1866 5010 continuari

284 5054 446 5110 posse
478 5040 733 5105 validius,
769 5043 911 5109 quod
949 5057 1018 5098 ex
1043 5042 1294 5098 ducentis
1327 5044 1868 5117 undequinquaginta

284 5130 763 5198 explanationibus
814 5132 867 5186 in
924 5132 1300 5202 Epipltaniano
1350 5122 1744 5192 commentario
1787 5140 1871 5193 vi-

282 5221 424 5293 ginti
459 5232 694 5292 quatuor
739 5226 1117 5281 tantummodo
1150 5241 1180 5279 ιι
1228 5225 1566 5283 Philonianis
1604 5232 1871 5286 sententia

287 5313 413 5381 ipsa
462 5311 795 5383 discrepant,
840 5329 978 5383 quas
1027 5315 1078 5370 in
1122 5315 1368 5386 subjecta
1421 5317 1618 5374 tabella
1650 5321 1873 5376 exhibe-

286 5419 431 5460 mus.
475 5404 530 5459 ln
560 5420 621 5459 ea
647 5405 879 5477 singulis
916 5408 1158 5464 numeris
1186 5408 1385 5479 quibus
1420 5410 1526 5467 illa
1558 5413 1879 5483 explicatio-

286 5509 392 5552 nes
442 5505 700 5552 notantur
728 5498 783 5550 in
839 5496 1124 5569 Epiphanii
1187 5504 1600 5569 commentario,
1630 5504 1879 5576 singulos

287 5602 550 5644 numeros
575 5589 905 5660 subjicimus
931 5591 1173 5661 adiectos
1197 5592 1662 5665 explicationibus
1692 5595 1878 5656 Philo-

356 5771 437 5847 (ιι)
470 5772 691 5833 Prcl’at.
724 5774 796 5831 ad
831 5785 1123 5834 comment.
1152 5777 1421 5851 Epiphan.
1442 5761 1564 5855 pag.
1601 5781 1694 5840 26.

1975 4579 2179 4649 pltanii,
2203 4582 2403 4636 scilicet
2429 4582 2495 4635 ιιι⁸
2508 4583 2690 4636 eadem
2715 4583 2891 4635 insula
2920 4580 3081 4651 Cypri
3109 4582 3163 4634 in
3203 4582 3412 4636 civitate
3433 4579 3558 4634 Car-

1974 4673 2113 4739 pasii
2144 4688 2163 4726 :
2190 4689 2283 4727 nec
2345 4673 2518 4728 obstat
2562 4690 2846 4744 cognomen
2897 4673 3194 4744 Carpat/iii.
3241 4670 3385 4728 Licet
3420 4674 3557 4727 enim

1975 4761 2293 4833 Carpathius
2314 4784 2346 4821 a
2379 4766 2646 4837 Carpatho
2670 4784 2828 4838 prope
2852 4767 3042 4823 Chium
3080 4768 3309 4823 insulam
3335 4786 3367 4821 a
3388 4767 3561 4838 Cypro

1977 4868 2229 4924 distante,
2274 4863 2320 4914 si
2359 4860 2672 4932 geographis
2706 4863 2970 4917 credimus
3015 4862 3083 4930 (a
3130 4879 3236 4931 qua
3281 4871 3328 4915 et
3377 4871 3558 4918 natum

1975 4957 2224 5029 adagium
2274 4955 2304 5007 ὁ
2355 4953 2677 5026 Καρπάθιος
2724 4953 2815 5007 τὸν
2857 4953 3092 5023 λαγωόν,
3115 4963 3162 5008 et
3197 4971 3342 5009 mare
3380 4956 3550 5023 ipsum

1978 5047 2319 5117 Carpathium
2384 5044 2854 5116 cognominatum)
2907 5046 3146 5099 uideatur
3229 5045 3553 5111 deductum;

1976 5137 2349 5204 etaCurpasio
2387 5135 2568 5206 Cypri,
2604 5133 2680 5189 vel
2728 5135 3049 5208 Καρπασίᾳ,
3102 5137 3180 5189 vel
3205 5136 3556 5209 Καρπασείᾳ,

1976 5229 2387 5302 υεΙΚαρὸασίᾳ,
2420 5228 2796 5296 Carpaseotes,
2847 5228 2951 5280 sive
3008 5228 3168 5281 etiam
3222 5244 3338 5281 cum
3391 5228 3557 5284 Theo-

1980 5337 2167 5392 pompo
2193 5319 2524 5390 Carpasseus
2551 5319 2797 5372 dicatur:
2829 5328 3001 5372 tamen
3039 5320 3178 5372 scias
3217 5320 3315 5374 hoc
3359 5321 3556 5391 Carpo-

1981 5412 2118 5465 sium
2147 5428 2179 5465 a
2209 5408 2477 5464 nonnullis
2520 5418 2567 5463 et
2610 5409 2872 5479 prcecipue
2925 5406 3207 5478 Xenagora
3240 5408 3557 5479 Carpat/ium

1986 5501 2328 5573 appellatum,
2355 5517 2387 5554 a
2412 5517 2515 5571 quo
2535 5500 2647 5556 sine
2679 5500 2837 5553 dubio
2883 5498 3202 5571 Carpat/tius
3231 5500 3313 5568 ﬁt.
3340 5501 3553 5569 Stepha-

1990 5611 2088 5652 nus
2115 5611 2132 5651 :
2160 5592 2473 5666 Καρπάσια.
2493 5592 2647 5657 πόλις
2678 5590 2919 5662 Κύπρου,
2955 5592 3023 5664 ἢν
3050 5591 3382 5660 Πυγμαλίων
3415 5592 3557 5645 Exn.

1964 5866 2016 5905 πει
