4038 6134
450 306 519 350 ιι.)
1547 279 1750 334 t’lllLO
1792 281 2192 339 CAilPASlL'S
2233 280 2634 337 EPISCOI‘ES.
3098 318 3105 327 .
3653 275 3740 335 24

441 412 553 451 σεε).
591 390 665 456 ὡς
702 391 1007 455 Ἑλλάνικος
1048 394 1108 446 ἐν
1140 394 1523 464 Κυπριακοῖς.
1547 394 1820 460 Διονύσιος
1850 396 1904 450 δὲ
1933 397 2020 451 διὰ

2147 417 2178 455 ιι
2216 400 2351 454 locis
2385 398 2780 469 contractiores
2807 395 3031 449 exhibet
3071 393 3503 460 explanationes,
3543 408 3739 462 quam

441 484 728 555 διφθόγγου
782 485 1139 555 Καρπάσειαν
1184 487 1354 558 αὐτήν
1379 505 1543 558 φησιν
1583 491 1640 565 ἐν
1666 489 1835 561 τρίτῳ
1869 492 2019 546 Βασ-

440 573 701 643 σίφικῶγ
728 589 740 601 ·

450 664 562 718 Ἡδ⁹
597 666 810 719 ὀπόσοι
850 666 1153 735 Κινύρειον
1183 666 1257 719 ἴδ’
1288 668 1569 735 αἰπεινὴν
1610 667 2017 736 Κραπάσειίιν.

442 756 598 810 Ἔστι
628 758 721 811 καὶ
756 759 916 829 νῆσος
950 758 1246 830 Καρπασία
1270 764 1410 814 κατὰ
1442 761 1540 833 τὴν
1562 764 1740 834 ἄκραν
1759 763 1855 835 τὴν
1882 765 2023 835 Σαρ-

441 849 722 920 πηδονίαν.
770 851 1080 923 Ξεναγόρας
1133 852 1188 905 δὲ
1242 852 1540 925 Κάρπαθον
1598 856 1766 925 αὐτὴν
1829 856 2018 910 καλεῖ·

442 943 750 1014 Δημήτριος
802 944 858 997 δὲ
904 944 932 995 ὁ
986 945 1311 1015 Σαλαμίνιος
1356 947 1676 1018 Καρϐασέαν
1722 949 1905 1019 φησιν,
1941 949 2022 1003 ὅτι

442 1030 578 1102 πρὸς
614 1033 706 1086 τὸν
734 1032 1062 1104 καλούμενον
1090 1034 1287 1104 ἄνεμον
1323 1036 1534 1090 κεῖσθαι
1558 1036 1722 1091 δοκεῖ.
1754 1037 2025 1094 Hactenus

443 1124 693 1190 Allatfus,
729 1127 819 1198 qui
845 1142 1060 1181 versum
1091 1143 1156 1181 ex
1187 1127 1442 1198 Dionysio
1474 1129 1693 1184 allatum
1732 1145 1761 1184 a
1789 1128 2023 1199 Stepha-

444 1232 513 1271 no
553 1231 744 1270 sanum
770 1216 1011 1282 exhibet,
1040 1224 1097 1270 ut
1126 1227 1210 1271 est
1238 1217 1291 1271 in
1325 1219 1655 1274 editionilms
1681 1235 1800 1289 qua-
1830 1220 2026 1275 Bethe-

445 1307 642 1362 lianam
681 1316 1101 1376 prmcesserunt,
1139 1309 1191 1363 in
1223 1324 1330 1379 qua
1364 1311 1478 1379 ipse
1509 1309 1787 1366 Berkclius
1822 1312 1872 1365 in
1908 1322 2026 1369 tex-

444 1407 555 1452 tntn
578 1399 797 1453 admisit
826 1414 977 1453 suam
1010 1400 1471 1465 emendationem,
1499 1419 1601 1471 qua
1627 1419 1842 1457 versant
1870 1405 2018 1458 illum

444 1489 777 1555 depravavit.
830 1489 1004 1543 Edidit
1042 1490 1186 1543 enim

458 1580 570 1635 ‘Hd’
595 1581 812 1637 ὀπόσοι
839 1583 1152 1653 Κινύρειον
1192 1584 1285 1654 ἠδ’
1315 1586 1574 1655 ἀπεινὴν
1617 1589 2019 1657 Καρπάσειανκ

445 1682 499 1726 et
539 1674 616 1729 sic
656 1675 873 1729 tertium
912 1685 964 1731 et
1000 1676 1246 1746 quintum
1282 1677 1592 1732 claudicare
1628 1678 1757 1733 facit
1806 1680 2025 1746 pedem.

446 1761 537 1816 Illa
589 1772 769 1819 autem
820 1744 1120 1820 litterarum
1175 1766 1491 1822 metatltesis
1543 1767 1594 1821 in
1634 1782 1765 1823 voce
1799 1744 2023 1838 Kpana’t-
2062 1744 2102 1800 Β

448 1872 595 1908 σειαν
631 1855 818 1910 eadem
848 1864 949 1919 est,
979 1872 1139 1927 quam
1179 1855 1443 1913 llomcrus
1485 1859 1731 1915 adhibuit
1768 1858 1928 1913 Iliad.
1964 1859 2025 1927 Β,

450 1961 590 2002 vers.
626 1946 729 2000 676
765 1962 777 1999 :

451 2042 515 2094 Ol
538 2039 589 2094 δ’
610 2039 725 2109 ἄρα
744 2040 1013 2109 Νίσυρόν
1034 2043 1080 2095 τ’
1096 2038 1282 2112 εἶχον,
1305 2040 1625 2111 Κράπαθόν
1642 2061 1704 2097 τε
1721 2046 1927 2099 Kaa'dr
1943 2062 2025 2099 τε.

451 2133 556 2188 Sed
593 2135 693 2189 hoc
746 2136 803 2187 ὲν
846 2135 1081 2208 παρόδῳ.

518 2223 785 2280 therum
841 2227 894 2280 in
960 2226 1045 2283 his
1098 2227 1306 2283 duabus
1362 2229 2029 2299 qutestionibuszl'num

448 2321 867 2375 commentarius
916 2318 1143 2377 Latinus
1171 2336 1202 2376 e
1242 2321 1493 2376 Vaticana
1541 2322 1870 2379 bibliotheca
1902 2338 2030 2395 pro-

449 2407 590 2463 latus
619 2421 745 2464 vere
786 2409 851 2465 sit
907 2409 1225 2480 Epiphanii;
1258 2411 1317 2465 2°
1343 2427 1471 2466 num
1519 2411 1673 2468 Philo
1709 2414 2035 2485 Carpathius

450 2514 611 2571 quem
658 2501 852 2558 Suidas
907 2502 1070 2557 tradit
1121 2503 1407 2575 scripsisse
1435 2507 1489 2559 in
1524 2504 1745 2561 Cantica
1801 2507 2034 2563 cantico-

451 2610 593 2662 rum,
624 2594 768 2651 idem
817 2595 888 2651 sit
929 2597 1023 2666 qni
1060 2596 1351 2667 Carpasius
1389 2599 1543 2672 cujus
1595 2615 1789 2657 nomen
1837 2601 2028 2672 praele-

453 2695 581 2742 rnnt
632 2688 848 2744 codices
885 2687 1095 2756 Grzeci;
1128 2704 1249 2760 qua:
1282 2699 1409 2756 sunt
1447 2705 1478 2745 a
1510 2705 1596 2748 me
1627 2692 1887 2750 hactenus
1921 2695 2035 2750 dis-

452 2785 659 2849 putata,
708 2778 843 2834 satis
901 2794 1024 2835 esse
1074 2780 1369 2837 lectoribus
1417 2782 1677 2851 arbitror,
1718 2799 1824 2853 quo
1882 2800 2035 2841 suam

456 2869 598 2924 ferre
619 2871 945 2925 sententiam
980 2875 1209 2943 possint,
1235 2874 1318 2927 vel
1345 2875 1520 2930 adhuc
1553 2890 1658 2930 non
1680 2877 1889 2947 liquere
1910 2892 2037 2946 pro-

457 2961 725 3016 nuntient.

525 3052 613 3110 tll.
652 3054 729 3111 De
771 3054 993 3111 Philone
1051 3055 1279 3129 ejusque
1336 3060 1734 3115 commentario
1779 3061 2037 3117 disserui.

456 3145 638 3214 Nunc,
671 3148 814 3220 quod
859 3148 1014 3203 initio
1045 3151 1325 3227 proposui,
1357 3151 1423 3207 de
1447 3151 1688 3223 ejusdem
1718 3153 2042 3226 interpreta-

460 3239 697 3296 tionibus
746 3239 1036 3296 dicendnm
1097 3253 1199 3298 est.
1265 3242 1552 3315 Epiphanii
1607 3245 1853 3302 Latinum
1894 3265 2044 3303 com-

460 3330 786 3384 mentarium
816 3330 871 3389 in
911 3326 1351 3388 adnotationibus
1379 3349 1516 3403 quas
1553 3335 1619 3389 ad
1650 3336 1893 3395 Philonis
1937 3353 2047 3395 tes-

460 3428 574 3473 tum
616 3418 820 3489 adjeci,
871 3427 1090 3474 ueterem
1135 3421 1620 3491 interpretationem
1653 3442 1806 3494 voco,
1843 3439 1898 3484 et
1953 3432 2045 3499 qui

460 3523 581 3561 eam
612 3509 931 3578 composuit,
964 3508 1251 3568 brevitatis
1278 3517 1654 3573 tantummodo
1679 3520 1875 3590 gratia,
1902 3530 2046 3577 vete—

463 3614 573 3655 rem
612 3599 949 3671 interpretem
982 3604 1214 3674 appello.
1249 3604 1332 3663 De
1375 3623 1483 3679 quo
1507 3609 1826 3681 interprete,
1860 3614 1905 3669 si
1933 3614 2049 3685 qui-

463 3693 583 3748 dem
628 3691 699 3748 sit
727 3692 1062 3765 Epiphanius
1095 3694 1466 3756 Scholasticus
1497 3717 1656 3773 quem
1690 3703 2048 3764 Cassiodorus

463 3785 586 3840 loco
612 3798 776 3854 supra
821 3785 989 3840 citato
1019 3799 1433 3855 commemorat,
1469 3791 1597 3846 illud
1636 3793 1765 3848 mihi
1808 3794 1862 3848 in
1898 3811 2048 3851 men-

467 3890 574 3933 tem
606 3877 771 3943 venit,
805 3878 950 3949 qnod
981 3880 1047 3935 de
1091 3879 1181 3935 illo
1204 3880 1472 3950 judicavit
1510 3881 1740 3941 lluetius
1764 3884 1839 3940 De
1869 3886 2051 3943 inter-

465 3971 755 4041 pretatione
790 3970 926 4025 libro
959 3970 1231 4028 secundo:
1265 3970 1614 4043 Epiphanius,
1649 3974 1843 4046 inquit,
1878 3977 2050 4033 Scitoe

465 4066 684 4120 lasticus
710 4064 1010 4130 Socratem,
1045 4063 1395 4120 Sozomenum
1435 4079 1482 4120 et
1525 4065 1907 4125 Theodoretum
1945 4067 2052 4126 La-

465 4159 576 4213 tine
630 4172 910 4228 exponens,
943 4173 1128 4211 nomen
1167 4173 1320 4211 suum
1372 4158 1510 4213 inter
1556 4160 1739 4214 doctos
1789 4160 2047 4216 traduxit.

468 4251 656 4307 Greca
692 4250 950 4318 siquidem
975 4250 1059 4303 vix
1085 4260 1353 4303 assecutus
1374 4262 1487 4316 est;
1519 4263 1564 4305 et
1593 4252 1640 4304 si
1670 4268 1787 4323 qua:
1811 4253 1948 4321 forte
1971 4253 2054 4305 inn

468 4344 689 4405 tellexit.
721 4360 781 4398 ea
807 4360 869 4397 ne
888 4361 918 4397 a
935 4345 1160 4414 posteris
1205 4342 1641 4413 iutelligerentur,
1660 4348 1907 4410 obscura,
1931 4345 2055 4400 bar-

2125 510 2246 566 quae
2295 503 2420 548 sunt
2475 492 2527 546 in
2568 489 2756 544 Graeco
2804 487 3048 545 Philonis
3107 485 3528 550 commentario;
3574 497 3741 554 saepe

2124 586 2276 640 addit
2313 599 2434 653 ane
2495 581 2815 638 sententiam
2870 580 3042 649 ipsam
3092 577 3335 632 Philonis
3385 576 3465 631 vel
3511 577 3741 631 obtun-

2125 679 2292 743 dunt,
2337 677 2421 731 vel
2476 683 2757 739 evertunt,
2812 673 2894 727 vel
2950 686 3141 726 errore
3191 670 3375 738 aliquo
3435 668 3732 722 inliciunt.

2125 769 2387 839 Exemplo
2421 769 2527 823 sint
2562 766 2651 821 illa
2682 781 2805 836 pag.
2836 766 2924 830 l4,
2957 763 3054 818 lin.
3087 764 3173 825 Π,
3222 760 3341 816 Non
3383 762 3520 815 enim
3564 759 3738 814 solvit

2125 862 2259 919 velut
2295 862 2534 925 ebrietas,
2565 870 2618 911 ut
2659 859 2965 912 obscuratns
2986 857 3101 926 quis
3141 861 3378 919 corruat,
3399 862 3505 907 etc.
3535 849 3741 906 Locus

2125 966 2208 1013 est
2256 956 2308 1009 in
2345 954 2535 1009 Graeco
2584 950 2831 1004 Philonis
2883 946 3275 1002 commentario
3317 961 3465 1000 num.
3493 943 3560 998 li
3600 965 3613 999 :
3651 942 3741 997 Οὔ

2125 1048 2235 1120 γὰρ
2280 1046 2397 1101 λύει
2439 1061 2506 1116 με
2545 1043 2799 1114 ὥσπερὴ
2844 1039 2979 1113 μέθη
3022 1038 3181 1092 τοῦτο
3221 1036 3408 1108 πόμα,
3447 1053 3501 1088 κ.
3543 1051 3606 1088 τ.
3654 1033 3742 1100 λ.,

2128 1156 2356 1212 quarunt
2403 1138 2730 1194 sententiam
2767 1133 2977 1189 dolebis
3030 1132 3098 1186 ab
3151 1132 3446 1198 interprete
3483 1142 3743 1181 enerva-

2131 1238 2241 1283 tam
2295 1242 2419 1296 pag.
2466 1226 2573 1290 l'l,,
2604 1226 2668 1279 ad
2721 1223 2811 1276 illa
2866 1221 3030 1276 verba
3071 1239 3084 1275 :
3126 1219 3250 1273 Ideo
3312 1214 3745 1271 adulescentula:

2128 1322 2427 1375 dilexerunt
2493 1328 2578 1383 te,
2638 1313 3041 1384 explanationis
3093 1311 3426 1365 Philonianae
3490 1321 3787 1378 sensum.

2132 1428 2280 1467 num.
2305 1411 2339 1465 4
2363 1453 2378 1477 ,
2429 1424 2535 1464 non
2581 1419 2667 1463 est
2701 1416 3005 1461 assecutus.
3061 1403 3150 1457 Sic
3185 1418 3307 1472 pag.
3334 1400 3433 1466 22,
3480 1399 3581 1453 lin.
3619 1398 3741 1453 13:

2135 1502 2255 1556 Non
2295 1501 2433 1554 enim
2470 1507 2590 1552 erat
2635 1495 2878 1550 sensibile
2915 1492 3053 1563 quod
3103 1493 3329 1557 dicebat,
3375 1491 3465 1546 sed
3510 1491 3581 1544 de
3622 1490 3740 1543 isto

2130 1605 2242 1652 erat
2274 1594 2405 1657 sole,
2429 1602 2556 1653 etc.,
2580 1604 2699 1660 quae
2723 1588 2938 1657 quidem
2975 1587 3116 1641 inter
3141 1600 3201 1640 se
3232 1591 3493 1655 pugnant.
3518 1581 3746 1636 Confer

2131 1704 2252 1743 cmn
2294 1686 2380 1741 his
2410 1682 2595 1740 Graeca
2633 1680 2875 1736 Philonis
2910 1694 3059 1733 num.
3108 1677 3200 1743 12,
3241 1685 3298 1730 et
3330 1690 3453 1744 pag.
3482 1673 3578 1738 23,
3637 1672 3744 1726 lin.

2138 1781 2227 1846 15,
2271 1778 2371 1834 Ubi
2418 1780 2553 1832 enim
2605 1775 2810 1844 paritas
2855 1780 2966 1836 est,
3012 1770 3125 1824 illic
3177 1766 3461 1837 increpatio
3517 1778 3747 1835 quoque

2138 1874 2509 1945 subsequitur;
2568 1883 2677 1939 quo
2731 1866 2861 1937 quid
2933 1861 3268 1919 absurdius?
3319 1858 3525 1930 paritas
3578 1856 3745 1914 enim

2140 1969 2268 2026 nulli
2308 1962 2666 2034 increpationi
2708 1967 2885 2030 potest
2927 1971 3049 2012 esse
3096 1952 3353 2031 obnoxia.
3381 1949 3516 2005 Vide
3559 1949 3744 2003 etiam

2140 2055 2376 2114 hominis
2428 2051 2723 2113 inscitiam,
2771 2047 2863 2116 qui
2921 2060 3046 2115 pag.
3087 2043 3177 2107 89,
3227 2052 3447 2096 vertens
3504 2039 3743 2101 Graeca,

2140 2166 2259 2224 quae
2292 2137 2421 2204 sunt
2454 2142 2593 2215 apud
2626 2141 2906 2196 Philonem
2946 2152 3095 2192 num.
3123 2135 3229 2190 205
3259 2155 3271 2191 ε
3302 2130 3744 2224 accessissem

2140 2222 2200 2298 sv
2235 2237 2616 2313 παραδρομαῖς
2636 2275 2651 2298 ,
2692 2233 2795 2289 οὐκ
2830 2230 3077 2301 ἀνάγκης
3121 2228 3370 2296 δεσμοῖς.
3419 2222 3545 2313 ἀλλ’Δ
3570 2224 3747 2275 ἐκου-
3782 2269 3786 2271 _

2143 2333 2258 2388 σίου
2318 2311 2737 2402 ξριλανθρωπίας
2787 2313 3152 2395 χρηστότητί,
3206 2315 3452 2372 scribit:
3507 2311 3738 2367 Vinctus

2141 2434 2215 2483 est
2245 2431 2421 2477 autem
2455 2420 2562 2484 ipse
2608 2433 2710 2470 non
2743 2428 2949 2485 sponste
2978 2425 3091 2465 ante
3137 2407 3462 2470 necessitate,
3508 2405 3609 2460 sed
3651 2420 3748 2458 vo-

2144 2525 2347 2573 luntate
2396 2510 2702 2567 clementiae.
2734 2505 2897 2574 Atqui
2947 2499 3204 2557 Ecclesiae
3251 2512 3462 2568 sponsae
3508 2497 3564 2553 id
3616 2512 3744 2553 rna-

2145 2607 2292 2663 sime
2319 2584 2456 2675 opus
2505 2600 2626 2667 init,
2661 2606 2721 2651 ut
2754 2595 3006 2655 Christus
3028 2599 3341 2671 pateretur.
3377 2587 3446 2642 Et
3480 2602 3610 2659 pag.
3644 2586 3743 2652 49,

2146 2703 2329 2759 itidem
2370 2697 2520 2753 addit
2567 2710 2688 2766 quae
2730 2694 2926 2747 absunt
2970 2704 3000 2744 a
3036 2687 3227 2743 Graeco
3273 2694 3422 2741 textu
3449 2725 3464 2749 ,
3504 2693 3564 2740 et
3611 2694 3744 2753 spta

2147 2802 2276 2850 sunt
2305 2788 2634 2847 insinuando
2662 2781 2861 2847 errori,
2897 2780 3194 2836 Ecclesiam
3227 2778 3744 2835 scilicetconstare

2147 2885 2278 2943 solis
2309 2880 2519 2939 electis.
2562 2875 2751 2934 Graeca
2799 2873 2942 2930 enim
2991 2880 3120 2927 sunt
3171 2887 3318 2925 num.
3348 2869 3461 2925 88:
3505 2867 3745 2940 Ἐπειδὴ

2147 2975 2257 3048 γὰρ
2309 2970 2439 3044 περὶ
2490 2969 2591 3041 τῆς
2640 2963 2880 3038 πληθύος
2931 2958 3052 3016 εἷπε
3094 2962 3195 3034 τῆς
3229 2960 3593 3031 Ἐκκλησῑας,
3643 2962 3747 3030 τῆς

2151 3065 2303 3130 ἐντὸς
2332 3062 2499 3135 οὔσης
2523 3058 2618 3115 τοῦ
2647 3057 3008 3122 Μονογενοῦς,
3041 3055 3197 3127 φησι,
3229 3073 3284 3109 κ.
3310 3073 3359 3111 τ.
3388 3054 3464 3119 λ.,
3491 3069 3618 3123 qua:
3663 3053 3747 3108 sic

2146 3159 2342 3216 Latine
2375 3155 2586 3210 reddita
2612 3161 2739 3207 sunt
2769 3169 2782 3205 :
2812 3149 2952 3216 Quia
2982 3149 3119 3202 enim
3148 3148 3210 3201 de
3233 3145 3576 3201 multitudine
3602 3144 3746 3199 dixit

2148 3249 2403 3305 Ecclesia
2469 3261 2584 3316 qua:
2642 3251 2844 3296 constat
2883 3243 2939 3294 in
2985 3240 3096 3293 suis
3161 3237 3358 3303 electis,
3412 3237 3538 3291 istos
3598 3236 3747 3290 intra

2150 3338 2486 3410 Unigenitum
2514 3348 2624 3403 esse
2645 3332 2965 3384 demonstrat
3014 3326 3340 3390 dicens,etc.
3379 3323 3580 3377 Eorum
3613 3336 3746 3375 vero

2147 3408 2267 3500 qtth
2289 3426 2430 3497 apud
2468 3423 2747 3480 Philonem
2779 3420 3033 3486 leguntur
3063 3432 3212 3471 num.
3238 3414 3307 3473 Si
3335 3431 3348 3469 :
3378 3411 3606 3483 Ἐπειδὴ
3633 3408 3749 3480 γὰρ

2149 3521 2207 3577 αἱ
2236 3518 2384 3575 δοκοὶ
2429 3514 2541 3570 τῶν
2575 3509 2956 3583 φατνωμάτων
2987 3507 3126 3563 εἰσὶν
3160 3505 3450 3575 ἑσώτεραι,
3481 3520 3537 3557 κ.
3567 3519 3624 3555 τ.
3664 3501 3743 3565 λ.,

2149 3613 2329 3670 versio
2359 3610 2517 3681 plane
2543 3606 2769 3671 insulsa,
2798 3614 2853 3658 et
2881 3603 3028 3659 omni
3061 3616 3224 3656 sensu
3251 3612 3447 3654 carens
3477 3611 3606 3667 pag.
3632 3594 3744 3649 50:

2153 3705 2421 3774 Quoniam
2466 3701 2629 3773 igitur
2670 3700 2814 3768 tigna
2868 3695 3107 3750 trabibus
3151 3699 3536 3758 componuntur
3585 3696 3745 3757 atque

2152 3798 2410 3862 celantur,
2452 3793 2790 3864 pulchritudo
2835 3807 2953 3844 vero
3003 3788 3189 3840 domus
3245 3784 3481 3838 trabibus
3534 3782 3746 3836 indica.

2152 3902 2255 3953 tur,
2288 3898 2394 3944 etc.
2432 3885 2543 3940 Nec
2578 3890 2695 3939 sine
2741 3881 3027 3937 stomacho
3076 3878 3175 3948 legi
3226 3885 3405 3946 potest
3455 3873 3606 3928 locus
3655 3871 3746 3926 ille

2153 3998 2273 4053 pag.
2301 3980 2370 4036 ’56
2412 3980 2466 4034 in
2504 3977 2597 4032 lin.
2639 3976 2705 4030 de
2733 3974 2995 4029 Christo:
3027 3968 3153 4024 lam
3200 3969 3338 4023 enim
3376 3983 3469 4020 nec
3515 3973 3743 4019 mortem

2152 4090 2247 4143 pro
2285 4072 2434 4125 nobis
2462 4068 2710 4135 suscepit,
2741 4082 2861 4138 cum
2891 4064 3047 4118 semel
3083 4078 3269 4128 passus
3306 4063 3404 4126 sit,
3450 4056 3744 4114 secundum

2153 4163 2293 4236 quod
2331 4168 2545 4217 sanctus
2586 4159 2715 4212 dicit
2758 4156 3038 4226 Apostolus
3075 4169 3092 4207 :
3126 4172 3143 4205 ε
3175 4151 3316 4213 Mors
3356 4153 3405 4206 ei
3449 4151 3593 4205 ultra
3640 4164 3745 4203 non

2155 4252 2597 4316 dominabitur“,
2624 4268 2641 4303 ι
2672 4261 2779 4305 etc.
2813 4246 2918 4303 Sed
2953 4246 3066 4301 haec
3099 4260 3163 4300 ex
3199 4243 3446 4314 plurimis
3479 4256 3602 4313 qua:
3629 4250 3744 4296 tum

2157 4365 2186 4402 a
2219 4348 2447 4401 veritate
2473 4354 2584 4400 tum
2614 4358 2643 4398 a
2678 4351 2826 4397 recta
2859 4337 3253 4409 interpretandi
3289 4336 3500 4390 ratione
3533 4332 3746 4404 longis-

469 4439 598 4492 bara
631 4446 676 4491 et
700 4436 958 4514 dissipata
978 4438 1217 4491 oratione
1245 4437 1479 4507 perfecit.
1510 4437 1666 4505 Quod
1689 4441 1980 4507 crgo,dum
2001 4440 2056 4493 in
2087 4453 2132 4509 ι)
2161 4443 2298 4497 sitne
2336 4439 2616 4503 aberrant,
2660 4450 2783 4492 cum
2819 4434 2886 4489 iis
2921 4447 3025 4487 non
3059 4431 3240 4487 multis
3289 4429 3581 4500 conjuncta
3621 4438 3747 4495 qua!

467 4529 723 4597 epitomett
752 4546 782 4583 a
812 4528 1126 4583 Cassiodoro
1171 4531 1522 4596 contra/titur,
1561 4530 1836 4595 damnum,
1876 4541 1931 4583 ut
1965 4531 2049 4600 ﬁt,

469 4636 654 4688 passus
697 4629 795 4684 est,
833 4619 1161 4689 aliarumque
1191 4622 1355 4689 ipsius
1392 4622 1880 4688 interpretationum
1922 4638 2054 4692 quas

471 4715 594 4768 bene
624 4711 817 4766 multas
847 4722 1076 4765 recenset
1109 4710 1483 4775 Cassiodorus,
1501 4712 1769 4779 jacturam
1803 4713 1916 4767 sine
1943 4724 2054 4768 sto-

472 4807 657 4861 macho
690 4805 943 4876 feramus.
975 4803 1039 4858 Et
1068 4816 1216 4859 certe
1238 4803 1600 4859 Cassiodorus
1632 4805 1825 4859 melius
1855 4820 2053 4861 consu-

473 4898 1072 4968 luisset-scriptoribus
1104 4895 1314 4951 Graecis
1353 4911 1490 4965 quos
1521 4897 1571 4949 in
1608 4894 1864 4951 Latinum
1914 4898 2054 4952 verti

471 4991 709 5055 curavit,
761 4991 805 5045 si
864 5004 1079 5059 semper
1114 4988 1324 5043 Auiano
1357 5003 1489 5042 usus
1544 4998 1689 5042 rSset
1727 4988 2055 5058 interprete,

471 5086 631 5155 cujus
676 5100 903 5154 operam.
938 5085 989 5138 in
1042 5084 1315 5137 Vertendis
1360 5084 1685 5148 quibusdam
1732 5081 1790 5137 S.
1821 5083 2058 5152 Chryso-

475 5175 635 5229 stomi
696 5175 933 5230 ltomiliis
981 5176 1172 5229 merito
1225 5174 1365 5228 idem
1429 5173 1654 5229 lluetius
1705 5186 2054 5241 summopere

477 5270 679 5322 laudat.
726 5270 992 5323 Caeterum
1050 5268 1380 5336 Epiphanius
1433 5266 1804 5320 Scholasticps
1854 5264 1905 5318 in
1955 5264 2057 5321 hac

476 5375 570 5414 sua
612 5359 914 5414 Philoniani
952 5359 1331 5417 commentarii
1364 5356 1840 5428 interpretatione,
1876 5357 2059 5412 multis

551 5477 593 5508 ¹⁰
626 5476 782 5531 lium.
809 5490 880 5540 VI,
909 5475 962 5529 9.

551 5592 626 5659 (α)
666 5591 871 5647 Prodiit
910 5593 1134 5650 Parisiis
1170 5608 1231 5645 ex
1270 5589 1480 5644 ollicina
1550 5573 1898 5659 “.CL'hj'iiallil
1927 5603 2055 5643 ann.

482 5657 637 5719 1557.
675 5666 880 5719 licettsa
927 5665 1120 5719 deinde
1180 5658 1278 5717 luit
1338 5661 1389 5713 in
1423 5660 1669 5729 Bibliotlt.
1700 5657 1811 5710 PP.
1836 5672 2056 5729 curante

475 5747 542 5798 de
581 5736 632 5794 la
672 5733 842 5808 Bigne
893 5735 1026 5792 edit.
1060 5734 1086 5789 1
1122 5734 1177 5789 in
1227 5731 1524 5803 Appendic.
1580 5727 1643 5786 Et
1679 5731 1729 5782 in
1786 5729 1913 5785 cdit.
1942 5727 1978 5787 ἓ
2005 5739 2055 5785 ct

2164 4535 2216 4588 in
2248 4530 2696 4587 adnotationibus
2728 4525 3034 4588 attulimus,
3074 4525 3206 4579 satis
3249 4537 3369 4577 esse
3398 4529 3623 4592 possunt
3667 4518 3749 4571 in-

2163 4626 2327 4689 dicio,
2368 4639 2529 4694 quam
2560 4620 2860 4683 abnormis,
2904 4632 3064 4687 quam
3098 4615 3286 4677 inlida,
3327 4629 3489 4683 quam
3524 4609 3744 4667 horrida

2157 4718 2391 4787 denique
2420 4725 2476 4770 et
2509 4715 2782 4783 incompta
2807 4713 2878 4767 sit
2912 4709 3102 4764 Latina
3144 4708 3230 4761 illa
3259 4706 3563 4761 Philoniani
3594 4716 3746 4760 com~

2160 4807 2410 4862 mentarii
2442 4814 2597 4861 vetus
2629 4802 3027 4873 interpretatio.

2233 4897 2319 4951 IV.
2361 4895 2479 4952 Jam
2518 4912 2648 4951 vero
2681 4898 2747 4950 de
2778 4894 3053 4963 Stephano
3084 4892 3330 4946 Salutato
3367 4888 3589 4959 ejusque
3622 4899 3745 4941 ver-

2161 4992 2331 5056 sione,
2387 4990 2430 5043 si
2468 5005 2531 5043 ea
2586 4999 2764 5042 tamen
2820 4986 3132 5055 appellanda
3191 4983 3261 5037 sit
3301 4982 3500 5044 versio,
3553 4979 3743 5048 loqua-

2164 5098 2286 5136 mur
2311 5081 2407 5153 (a).
2438 5080 2625 5151 Neque
2650 5057 2818 5143 enim,
2848 5078 2937 5132 ubi
2983 5076 3093 5131 vult
3142 5074 3420 5130 Philonem
3454 5082 3745 5141 reprznscn-

2165 5186 2300 5237 tare,
2345 5174 2461 5241 agit
2510 5184 2690 5243 partes
2726 5173 2814 5226 tidi
2865 5171 3197 5239 interpretis,
3228 5165 3379 5235 cujus
3409 5174 3493 5219 est
3525 5163 3747 5217 reddere

2165 5269 2327 5320 verba
2372 5266 2508 5336 ipsa,
2542 5274 2597 5321 et
2626 5266 2815 5320 eodem
2859 5264 3072 5325 ordine,
3105 5261 3193 5315 ubi
3237 5261 3289 5313 id
3342 5275 3445 5312 non
3491 5250 3745 5323 impediat

2164 5360 2446 5431 utriusque
2479 5359 2749 5415 sermonis
2791 5358 2965 5414 Graeci
2998 5366 3051 5411 et
3082 5353 3256 5409 Latini
3293 5353 3506 5407 diversa
3541 5343 3747 5404 indoles

2167 5591 2220 5654 5,
2257 5591 2460 5719 ιοὸηόιῑ.
2511 5589 2577 5646 Et
2632 5591 2686 5646 in
2719 5584 2970 5648 Bibliotlt.
3014 5581 3128 5643 PP.
3170 5580 3480 5653 Lugduncn.
3516 5589 3644 5637 tom.
3683 5570 3747 5641 V,

2167 5679 2285 5719 tunc.
2420 5696 2434 5711 .

2167 5679 2285 5734 pag.
2314 5679 2404 5719 unt
2420 5696 2434 5711 .

3958 98 3962 319 ι
