4038 6134
340 324 414 383 25
1777 326 1858 380 PB
1869 325 2166 383 EFATIO.
3530 326 3601 379 26

337 452 393 498 et
428 441 816 510 discrepantia,
845 438 934 491 sed
973 454 1030 493 se
1071 451 1124 494 ut
1162 451 1432 495 oratorem
1480 443 1638 511 gerit.
1680 444 1933 512 Quinimo
1962 450 2006 506 Α
2039 456 2144 501 tem
2195 462 2224 500 a
2279 445 2443 501 Suida
2500 445 2806 500 nominatur
2843 445 3161 515 ὑπόμνημα,
3216 444 3264 495 in
3316 442 3602 495 immanem

338 550 460 588 cum
516 533 571 586 in
628 530 916 585 collatione
986 545 1264 600 pergerem
1321 531 1494 587 Graeci
1551 551 1675 590 cum
1733 537 1928 594 Latino

336 627 751 685 cumtnenlario,
794 624 1042 676 videbam
1084 622 1385 677 Salutatum
1426 626 1702 682 brevitatis
1743 629 1927 683 Philo-

339 719 517 771 niana:
568 717 791 770 fortasse
855 726 1177 784 pertaesum.
1233 717 1401 771 lineas
1450 735 1618 785 usque
1673 723 1928 776 audacius

341 809 650 871 transilire;
711 808 875 861 multa
935 823 1042 860 non
1096 809 1163 862 de
1223 810 1400 863 verbis
1453 812 1660 876 solum,
1717 814 1808 866 scd
1865 817 1929 868 de

339 899 629 953 sententiis
680 898 934 962 demere;
986 899 1144 966 longe
1193 914 1320 952 vero
1369 901 1628 967 plurimas
1674 904 1930 968 explana.-

341 991 538 1054 tiones,
571 1006 703 1058 quas
725 991 922 1044 frustra
950 992 1001 1044 in
1033 990 1252 1046 Philone
1279 1008 1513 1060 qmeras,
1538 996 1796 1061 inserere,
1823 1012 1930 1066 quo

339 1082 586 1150 pleniore
626 1098 748 1136 cum
791 1085 1181 1136 commentario
1224 1085 1334 1152 ipse
1381 1086 1621 1151 prodiret
1667 1087 1716 1139 in
1755 1089 1927 1153 publi-

340 1188 498 1237 cum;
537 1188 709 1241 eoque
737 1175 787 1226 in
825 1175 938 1227 suis
971 1175 1333 1228 additionibus
1369 1189 1488 1230 esse
1541 1177 1924 1245 capiasiorem,

341 1280 451 1333 quo
485 1267 712 1320 ultcr'us
751 1267 800 1320 in
835 1283 928 1319 sua
970 1267 1082 1329 illa,
1113 1268 1156 1320 si
1197 1267 1355 1320 talem
1389 1268 1566 1322 dicere
1600 1268 1678 1322 las
1717 1278 1816 1333 est,
1851 1272 1927 1323 iti-

343 1359 732 1426 terpretatione
763 1359 1097 1427 procederet.
1126 1358 1258 1412 Illud
1293 1369 1469 1413 tamen
1517 1361 1783 1415 aliirmare
1821 1378 1926 1415 non

341 1447 728 1512 dubitaverim,
755 1449 800 1500 si
838 1463 940 1501 non
977 1458 1146 1502 totum
1181 1451 1628 1503 commentarium
1665 1450 1925 1518 Philonis,

342 1543 641 1592 maximam
689 1550 864 1594 tamen
895 1541 1010 1610 ejus
1046 1526 1252 1610 partem
1286 1542 1340 1595 in
1384 1557 1483 1596 suo
1514 1543 1606 1597 illo
1651 1559 1929 1596 commen-

345 1635 486 1686 tario
520 1633 765 1702 reperiri,
811 1634 905 1688 sed
958 1644 1064 1687 tam
1105 1634 1289 1688 multis
1338 1650 1456 1704 qua:
1491 1635 1795 1705 largissima
1830 1637 1929 1690 ad-

338 1722 473 1791 jecit
525 1742 681 1778 manu
730 1739 1084 1796 oppressam,
1137 1727 1220 1780 vix
1267 1737 1324 1780 ul
1374 1738 1652 1796 appareat.
1699 1728 1926 1784 Possunt

343 1816 611 1881 Philonis,
661 1827 718 1870 ut
757 1819 829 1870 ita
866 1819 1076 1880 dicam,
1137 1816 1344 1882 frusta,
1396 1819 1483 1872 ubi
1531 1833 1590 1872 ea
1649 1820 1926 1875 Salutatus

343 1907 663 1971 collocavit,
720 1907 979 1961 iudicare.
1032 1907 1297 1961 Caeterum
1359 1909 1636 1962 Salutatus
1697 1911 1927 1966 lectores

343 2013 476 2054 suos
513 1999 665 2053 ludos
711 1999 862 2061 facit,
894 2015 1015 2054 cum
1046 2002 1096 2051 in
1128 2015 1223 2054 sua
1263 2000 1503 2069 Epistula
1534 2004 1602 2054 ad
1644 2003 1926 2056 Nicolaum

343 2090 700 2160 Bargilcsium
743 2093 1098 2161 presbyterum
1134 2092 1517 2147 Bononiensem
1547 2095 1772 2162 scribit:
1807 2093 1926 2147 Non

342 2198 482 2236 unus
521 2185 646 2236 milii
693 2180 864 2247 Philo,
892 2185 981 2238 sed
1006 2187 1182 2254 plures
1207 2188 1337 2239 milii
1372 2187 1630 2249 videmur,
1661 2188 1749 2255 qui
1777 2192 1929 2240 hosce

345 2278 749 2330 commentarios
789 2277 840 2329 in
884 2276 1166 2333 Canticum
1204 2283 1537 2332 canticorum
1584 2279 1925 2348 confecerint.

349 2364 493 2420 Nam
548 2367 688 2437 quod
747 2368 990 2422 Philonis
1062 2369 1292 2423 nomine'
1345 2371 1735 2440 circumfertur,
1788 2373 1928 2438 apud

347 2456 559 2512 (ἐι-(τοοκ
604 2464 752 2514 breve
788 2461 1074 2514 admodum
1115 2470 1212 2514 est.
1243 2461 1351 2516 Sed
1381 2474 1498 2515 sunt
1534 2464 1622 2531 qui
1667 2463 1824 2516 velint
1864 2461 1929 2516 ab
2001 2495 2010 2503 κ

345 2551 636 2608 Eustathio
690 2570 891 2623 quoque
926 2564 976 2607 et
1011 2551 1236 2607 Eusebio
1271 2553 1513 2623 (quorum
1551 2564 1737 2621 rogatu
1774 2553 1930 2606 Philo

350 2644 463 2710 ipse
505 2647 930 2699 commentarium
969 2648 1106 2700 hunc
1141 2646 1472 2714 confecerat)
1531 2647 1929 2714 interpretatum

347 2752 486 2804 esse,
514 2751 780 2806 unumque
811 2739 873 2792 de
903 2739 1070 2792 tribus
1101 2753 1212 2791 esse
1248 2737 1608 2807 conjunctum.
1636 2736 1705 2788 At
1743 2749 1932 2804 quam-

347 2844 474 2884 natn
506 2829 580 2883 illi
615 2829 773 2883 [idem
809 2829 1149 2895 habebimus,
1180 2828 1270 2898 qui
1304 2829 1372 2883 de
1401 2829 1610 2883 duobus
1649 2827 1754 2881 illis
1783 2841 1930 2882 com-

348 2923 635 2977 mentariis
682 2932 876 2978 testem
928 2921 1170 2992 proferat
1223 2920 1536 2975 neminem?
1576 2920 1778 2973 nullum
1831 2933 1930 2972 no-

348 3013 518 3068 minet
549 3015 817 3078 codicem,
846 3013 934 3066 tibi
977 3012 1433 3067 commentarium
1476 3011 1626 3065 illum
1661 3026 1727 3064 ex
1759 3010 1932 3064 tribus

2045 537 2471 607 magnitudinem
2522 539 2825 591 excrevisse
2874 557 2885 590 :
2933 549 2987 589 ut
3043 537 3273 604 aliquam
3327 534 3604 602 scriptioni

2038 644 2148 683 sua:
2203 630 2522 684 conciliaret
2558 631 2744 692 (idem,
2795 629 3025 682 fabulam
3078 629 3223 681 illam
3273 637 3606 680 CCttttttentus

2037 733 2119 776 est
2175 722 2240 776 de
2269 723 2480 776 duobus
2523 722 2927 776 commentariis
2976 719 3239 773 Eustatltii
3289 727 3342 771 et
3389 716 3604 771 Eusebii

2036 828 2155 866 cum
2186 813 2506 867 Philoniano
2533 813 2834 866 commistis
2861 821 2912 865 et
2948 811 2998 863 in
3032 825 3195 864 unum
3229 807 3494 866 conﬂatis.

2109 907 2182 960 De
2233 907 2403 961 Grasci
2457 905 2828 960 commentarii
2865 912 3041 967 artate,
3085 902 3199 955 sive
3250 901 3398 954 illum
3452 899 3610 955 Philo

2030 998 2350 1068 Carpasius,
2395 999 2507 1051 sive
2560 996 2884 1065 Carpathius
2929 993 3338 1059 conscripserit,
3373 992 3607 1046 dubitari

2033 1109 2138 1146 non
2187 1100 2364 1160 potest
2405 1090 2568 1144 fuisse
2615 1089 2970 1154 compositum
3013 1096 3137 1141 ante
3165 1087 3414 1140 Costnam
3446 1084 3638 1156 Egy-_

2031 1186 2226 1255 pliunt.
2275 1184 2390 1252 qui,
2439 1192 2495 1236 ut
2528 1197 2686 1250 supra
2736 1183 2933 1234 dictum
2966 1189 3069 1242 est,
3118 1195 3182 1232 ex
3231 1177 3456 1231 Philone
3505 1177 3608 1230 tria

2031 1276 2213 1334 attulit
2251 1275 2367 1329 loca
2400 1275 2450 1328 in
2477 1289 2571 1328 sua
2593 1272 2956 1340 Topographia
2976 1269 3298 1324 Christiana.
3316 1268 3609 1336 Scripsisse

2032 1379 2210 1422 autem
2240 1368 2491 1422 Cosmam
2540 1381 2693 1419 suum
2723 1380 2857 1433 opus
2893 1379 3031 1416 anno
3075 1361 3180 1416 535
3215 1363 3401 1430 probat
3432 1361 3608 1414 Mont-

2033 1459 2319 1514 l'auconius
2352 1457 2452 1530 (ιι).
2481 1457 2580 1522 Qui
2632 1455 2834 1508 Philoni
2880 1455 3138 1523 Carpasio
3163 1453 3604 1508 coittnientarinm

2031 1553 2172 1604 hunc
2192 1549 2531 1604 tribuendum
2567 1546 3017 1611 existimaverint,
3047 1546 3080 1600 ii
3101 1555 3354 1599 censeant
3376 1552 3608 1613 oportet,

2030 1644 2290 1712 scriptum
2313 1657 2432 1696 esse
2447 1641 2526 1695 vel
2546 1641 2818 1695 desinente
2836 1638 3030 1693 saeculo
3053 1648 3270 1707 quarto,
3287 1635 3370 1689 vel
3392 1638 3609 1690 ineunte

2031 1737 2240 1805 quinto.
2267 1734 2328 1787 Et
2359 1731 2602 1787 Oudinus
2625 1733 2826 1787 idcirco
2845 1732 2910 1785 de
2939 1729 3162 1783 Philone
3182 1727 3443 1796 Carpasio
3465 1725 3611 1792 ejus-

2030 1841 2135 1896 que
2159 1827 2359 1894 scripto
2388 1826 2444 1878 in
2476 1824 2748 1880 Canticum
2776 1827 3099 1876 canticorum
3129 1820 3454 1874 mentionem
3484 1817 3612 1869 l'acit

2030 1920 2094 1972 ad
2114 1932 2310 1971 annum
2330 1917 2528 1970 Christi
2549 1913 3159 1984 quadringentesimum.
3181 1909 3434 1980 Ejusdem
3468 1922 3610 1961 cmu-

2033 2008 2282 2063 mentarii
2312 2007 2434 2076 quis
2468 2021 2594 2060 usus
2623 2020 2741 2058 esse
2769 2004 2935 2072 possit
2965 2002 3030 2056 ad
3061 1999 3434 2056 conﬁrmanda
3466 2013 3612 2066 qua--

2032 2102 2152 2155 dam
2204 2101 2481 2154 catholicae
2533 2099 2652 2152 ﬁdei
2705 2101 2976 2166 dogmata,
3020 2097 3179 2151 docet
3224 2093 3614 2162 cl.Fogginius

2034 2196 2085 2245 in
2119 2192 2267 2260 [πωῇ
2297 2192 2360 2243 ad
2397 2200 2691 2245 comment.
2725 2191 2917 2259 Epiph.
2948 2205 3000 2258 p.
3028 2188 3096 2242 40
3127 2197 3182 2242 et
3212 2194 3484 2254 sequent.,
3522 2184 3612 2237 ubi

2034 2283 2198 2337 multa
2236 2283 2391 2338 docte
2418 2293 2471 2337 et
2498 2283 2709 2336 erudite
2737 2282 2994 2351 disputat,
3025 2295 3144 2351 qua:
3173 2279 3263 2348 qui
3300 2275 3512 2348 legerit,
3541 2291 3608 2332 ea

2032 2390 2090 2432 se
2119 2375 2310 2443 legisse
2342 2391 2447 2430 non
2485 2375 2790 2444 pcenitebil.

2107 2467 2170 2521 V.
2207 2467 2448 2535 Denique
2485 2467 2536 2521 in
2575 2468 2677 2520 hoc
2715 2465 2906 2520 Grieco
2946 2463 3188 2519 Philonis
3218 2460 3615 2518 commentario

2034 2558 2334 2627 evulgando
2363 2558 2491 2626 quid
2523 2571 2700 2624 operte
2739 2557 2852 2624 ipse
2885 2555 3258 2624 impenderim,
3290 2553 3478 2621 paucis
3509 2567 3610 2605 ex-

2036 2649 2266 2718 pediam.
2293 2645 2520 2701 Codices
2545 2645 2679 2700 duos
2713 2645 3065 2698 Barberinum
3089 2653 3142 2697 et
3175 2640 3613 2705 Vallicellanum,

2034 2754 2262 2809 quorum
2305 2737 2392 2792 ille
2429 2738 2481 2790 in
2523 2737 2662 2802 line,
2709 2737 2797 2792 hic
2848 2737 2898 2789 in
2945 2735 3210 2804 principio
3248 2743 3304 2789 et
3348 2736 3452 2788 line
3494 2748 3614 2786 ltiti-

2034 2832 2165 2886 tilus
2198 2837 2302 2896 est,
2334 2830 2562 2899 inspexi,
2598 2837 2652 2884 et
2683 2844 2805 2884 cum
2842 2829 2909 2884 iis
2955 2843 3131 2882 meum
3175 2826 3417 2882 codicem
3453 2840 3614 2894 quam

2033 2922 2440 2993 diligentissime
2479 2921 2706 2976 contuli.
2752 2920 2860 2975 llos
2891 2922 3033 2975 enim
3073 2928 3304 2974 tractare
3335 2931 3454 2970 meo
3488 2914 3618 2970 mihi

2037 3015 2192 3070 licuit
2232 3015 2499 3068 arbitratu
2547 3031 2559 3068 :
2600 3022 2827 3068 czeteros
2878 3028 2981 3067 non
3023 3011 3175 3076 item,
3224 3010 3612 3073 Mutinensem,

347 3105 637 3161 conﬂatum
671 3105 969 3175 repererit?
993 3118 1225 3176 cumque
1256 3103 1654 3159 miscellaneum
1685 3103 1834 3156 illum
1864 3117 1928 3155 ex
1960 3141 2003 3199 C
2037 3106 2386 3170 Theatinum,
2427 3105 2827 3171 Auximamun;
2883 3105 2976 3159 sed
3016 3103 3340 3172 quibusdam
3377 3101 3428 3154 in
3482 3100 3616 3154 locis

350 3199 594 3270 pluribus
642 3208 1006 3268 compactum,
1035 3198 1224 3254 Graece
1277 3188 1536 3268 scriptum
1571 3212 1695 3251 esse
1740 3197 1931 3250 existi-

347 3294 483 3346 mari
524 3300 796 3362 oporteat,
825 3308 984 3363 quem
1028 3291 1305 3347 Salutatus
1334 3306 1363 3344 a
1399 3304 1457 3344 se
1488 3289 1680 3344 Latine
1719 3303 1931 3342 versum

350 3385 555 3457 profert
596 3386 651 3440 in
702 3386 909 3451 lucent;
953 3402 1049 3439 cur
1098 3396 1205 3440 tam
1259 3385 1424 3438 multa
1475 3384 1527 3438 in
1570 3398 1632 3436 ea
1682 3383 1935 3436 versione

347 3487 654 3532 occurrunt
696 3494 814 3546 qua:
858 3478 986 3532 nihil
1022 3478 1202 3532 oleant
1245 3475 1568 3540 Grmcitatis,
1615 3475 1708 3530 sed
1743 3475 1934 3544 primi-

351 3566 464 3620 tiva
502 3583 566 3621 ex
604 3567 795 3621 Latino
837 3567 982 3622 fonte
1015 3569 1242 3622 deducta
1275 3582 1397 3621 esse
1434 3566 1768 3636 appareant?
1800 3566 1936 3618 Pric-

353 3669 503 3715 ierea
543 3658 712 3712 multa
763 3658 1010 3714 Philonis
1059 3675 1164 3714 non
1210 3660 1404 3729 exigua
1453 3659 1750 3727 fragmenta
1798 3657 1937 3711 male

354 3762 540 3806 assuta
575 3751 690 3806 suis
742 3751 1105 3807 additionibus
1151 3753 1369 3807 exhibet
1418 3751 1716 3813 Salulatus,
1772 3749 1936 3802 multa

353 3856 423 3896 ex
455 3842 517 3896 D.
544 3841 800 3910 Gregorio
831 3840 1021 3911 Magno
1060 3843 1222 3894 etiam
1264 3841 1564 3908 dcsmnpta,
1609 3839 1751 3907 quod
1795 3837 1938 3906 jam-

352 3932 559 3988 dudum
585 3947 614 3984 a
658 3932 904 4001 pluribus
948 3943 1033 3986 est
1064 3931 1502 3986 animadversum
1533 3950 1545 3984 :
1580 3940 1637 3982 ut
1683 3928 1796 3996 ejus
1845 3944 1939 3983 ne-

353 4039 550 4094 queam
583 4026 717 4078 satis
753 4024 939 4079 mirari
977 4026 1262 4090 rationem,
1295 4025 1384 4093 qui
1433 4023 1674 4077 Philonis
1706 4025 1937 4093 genuina

353 4115 698 4187 praefatione,
740 4131 913 4186 eaque
961 4117 1171 4184 integra
1207 4125 1435 4182 retenta,
1468 4115 1816 4185 pluribusque
1849 4115 1939 4167 iti-

355 4211 481 4265 dem
526 4209 863 4264 Philonianis
896 4209 1345 4280 explicationibus
1389 4211 1528 4262 inter
1579 4209 1748 4262 multo
1789 4207 1938 4275 plura

356 4301 729 4359 additamenta
776 4317 871 4356 sua
919 4301 1175 4364 insertis,
1225 4301 1484 4353 audaCter
1529 4299 1789 4369 ejusmodi
1843 4316 1940 4352 κυ-

355 4395 542 4450 κεῶνα
596 4394 840 4448 Philonis
889 4393 1108 4448 nomine
1159 4391 1456 4446 lectoribus
1505 4393 1618 4444 suis
1655 4391 1941 4460 propinare

2038 3198 2090 3250 in
2137 3197 2334 3266 quibus
2370 3196 2663 3261 luerebam,
2695 3197 2762 3250 ab
2813 3194 3003 3248 amicis
3037 3193 3348 3248 Graecarum
3396 3191 3609 3244 littera-

2037 3306 2154 3344 rum
2196 3290 2388 3359 peritis
2425 3282 2789 3358 inspiciendus
2826 3287 3034 3342 curavi.
3071 3286 3177 3339 llos
3212 3295 3393 3338 autem
3424 3297 3618 3336 omnes

2038 3396 2160 3437 esse
2216 3381 2457 3451 comperi
2512 3380 2674 3434 nimis
2712 3379 2897 3432 multis
2944 3377 3226 3432 erroribus
3267 3375 3612 3440 maculosos;

2037 3474 2232 3544 quibus
2303 3472 2536 3528 fortasse
2593 3481 2834 3526 veterem
2896 3470 3071 3538 ipsum
3130 3468 3520 3536 interpretem,
3565 3476 3620 3521 et

2040 3567 2370 3637 Stephanum
2408 3566 2713 3620 Salutatunt
2751 3565 3000 3634 suspicor
3053 3578 3158 3618 non
3195 3561 3452 3616 habuisse
3501 3574 3617 3613 tue-

2047 3658 2231 3713 liores.
2277 3655 2333 3710 !n
2368 3659 2826 3721 adnotationibus,
2861 3657 2961 3710 mei
2992 3655 3218 3721 codicis,
3249 3654 3339 3723 qui
3375 3651 3622 3722 plurimis

2042 3750 2094 3803 in
2138 3749 2270 3804 locis
2300 3759 2383 3804 est
2414 3751 2758 3818 depravatus,
2785 3763 3022 3813 errores,
3055 3746 3314 3801 adhibitis
3345 3761 3481 3814 quos
3507 3744 3617 3798 dixi

2040 3844 2334 3907 codicibus,
2366 3843 2681 3909 emendavi;
2715 3851 2768 3896 et
2799 3842 2886 3895 ubi
2930 3841 3106 3896 locum
3152 3840 3386 3909 aliquem
3422 3838 3473 3890 in
3502 3851 3620 3889 om-

2047 3937 2205 3991 nibus
2241 3938 2519 3991 codicibus
2560 3949 2874 4007 corruptuut
2915 3935 3268 4004 deprehendi,
3303 3932 3620 3998 conjectura

2043 4032 2191 4084 illuttt
2250 4032 2537 4086 restituere
2586 4033 2791 4086 studui.
2853 4029 3203 4084 [’liilouianas
3239 4027 3380 4080 sacri
3443 4034 3625 4078 textus

2044 4119 2304 4176 lectiones
2343 4138 2464 4176 cum
2497 4122 2770 4177 Vaticana:
2815 4122 3069 4176 editionis
3106 4117 3444 4179 lectionibus,
3473 4116 3624 4166 aliis-

2045 4228 2148 4281 que
2177 4215 2514 4268 variantibus
2559 4231 2586 4267 a
2633 4214 2924 4269 Lamberto
2963 4211 3122 4265 Bosio
3153 4210 3205 4262 iit
3251 4222 3348 4262 sua
3387 4206 3626 4260 editione,

2052 4303 2260 4358 Veteris
2293 4304 2624 4361 Testamenti
2661 4306 2832 4360 Gra'ci
2882 4303 3150 4365 adductis,
3199 4307 3453 4353 accurate
3491 4311 3624 4350 con-

2047 4399 2175 4463 tuli;
2209 4411 2264 4452 et
2294 4399 2421 4467 quid
2460 4398 2510 4449 in
2549 4414 2762 4467 quoque
2795 4398 2910 4451 loco
2941 4395 3095 4449 Philo
3120 4409 3149 4447 a
3184 4392 3396 4447 cmteris
3429 4391 3624 4452 variet,

356 4489 432 4542 sit
488 4502 674 4542 ausus.
725 4487 878 4541 Illum
939 4487 1248 4555 suscepisse
1319 4485 1566 4554 suspicor
1635 4483 1938 4537 l’hiltmiani
1975 4481 2018 4535 D
2050 4491 2101 4545 in
2135 4491 2322 4544 iisdem
2356 4491 2793 4545 adnotationibus
2826 4491 3110 4558 diligenter
3141 4487 3386 4555 exposui.
3423 4486 3474 4537 lu
3521 4482 3625 4536 La-

356 4580 739 4636 commentarii
780 4580 1085 4632 versionem
1114 4597 1126 4632 :
1161 4592 1392 4647 cumque
1434 4593 1546 4631 sua:
1577 4576 1938 4642 interpolandi

356 4671 572 4725 libidini
619 4657 821 4739 ubique
877 4670 1101 4722 nimiunt
1151 4683 1209 4723 sc
1251 4667 1706 4722 animadverteret
1765 4667 1940 4721 indul-

355 4762 514 4825 sisse,
545 4759 597 4815 e't
631 4763 1084 4814 cotiunentarintn
1131 4761 1219 4829 qui
1259 4772 1479 4829 propter
1533 4760 1649 4830 ejus
1699 4760 1938 4816 brevita-

427 4902 503 4976 (ιι)
546 4900 767 4956 Prarlat.
796 4902 859 4953 ad
898 4900 1076 4956 Cosm.
1103 4897 1321 4970 Egypt.
1357 4914 1472 4968 cap.
1499 4898 1550 4956 1.

2053 4580 2164 4635 tina
2200 4580 2432 4649 denique
2456 4581 2723 4646 versione,
2754 4595 2915 4651 quam
2941 4595 2970 4634 e
2995 4580 3211 4648 regione
3238 4576 3411 4632 Graeci
3449 4584 3626 4627 textus

2054 4674 2304 4743 apposui,
2343 4673 2513 4742 magis
2546 4674 2674 4728 tnilti
2713 4674 2942 4729 lidclitas
2969 4688 3110 4727 cura:
3151 4671 3272 4734 luit,
3311 4684 3468 4738 quam
3513 4666 3625 4720 ele~

2047 4764 2247 4832 gantia.
