4038 6134
282 317 336 376 29
1190 320 1593 381 ENARRATIO
1631 326 1700 381 IN
1742 287 2102 382 omnem
2142 327 2616 385 CANTICORUM.
3470 331 3541 390 so

281 454 376 509 ριον
422 437 699 510 ἐπιϐάτην
740 437 978 509 ἔχοντες,
1027 440 1108 502 εἰς
1142 438 1242 512 τὴν
1288 440 1398 496 τῶν
1436 442 1722 515 μακαρίων
1765 443 1858 495 καὶ

1981 446 2307 513 adhibentes,
2364 445 2595 501 Domino
2642 459 2856 501 sessore
2913 459 2977 501 ac
3028 445 3187 511 duce,
3244 447 3298 502 in
3330 448 3542 504 beatam

280 530 530 589 ἀθάνατον
553 531 633 602 (8)
665 531 1051 601 εἰσελεύσομεν
1081 530 1260 586 πόλιν.
1306 534 1380 587 Οὐ
1420 533 1529 605 γὰρ
1558 534 1617 601 ἐξ
1652 534 1862 588 ἑαυτῶν

280 624 477 694 ἔχοντές
516 641 591 687 τι,
634 622 772 677 ἀλλά
800 621 879 693 τῷ
913 622 1109 676 διδόντι
1136 622 1236 687 τὰς
1271 624 1500 693 χάριτας
1534 623 1861 695 ὁμολογοῦν-

280 734 372 779 τες,
404 719 486 780 εἰς
518 716 580 769 τὸ
612 716 976 787 προκείμενον
1025 714 1220 785 ἴωμεν.
1281 715 1620 787 Ἀφιερώσας
1639 717 1714 788 (9)
1753 718 1861 788 γάρ

280 828 350 874 τις
397 810 477 881 τῷ
515 808 633 880 Θεῷ
671 808 735 869 τὸ
778 807 976 863 ἑαυτοῦ
1026 808 1305 879 φρόνημα,
1356 808 1452 864 καὶ
1502 809 1602 879 τὴν
1654 809 1863 864 ἔννοιαν

282 903 582 968 ἀπαλλάξας
610 902 718 959 τῶν
758 900 969 970 γηίνων
999 900 1427 971 ἐνθυμημάτων,
1459 900 1578 954 ὅλον
1615 901 1704 955 τὸν
1737 900 1862 954 νοῦν

281 994 490 1058 ἀναθεὶς
517 993 595 1064 τῷ
620 993 739 1064 Θεῷ
762 994 895 1063 (10),
925 992 1023 1051 καὶ
1079 994 1146 1063 τῇ
1178 992 1276 1063 τῆς
1309 992 1663 1065 σωφροσύνης
1690 993 1860 1065 ἀρετῇ

283 1086 686 1157 κεκοσμημένος
714 1085 815 1154 τὴν
840 1084 1041 1154 ψυχὴν,
1077 1084 1173 1141 καὶ
1207 1083 1471 1153 στέφανον
1500 1084 1749 1156 οὐράνιον
1774 1085 1862 1137 δε-

284 1178 505 1249 ξάμενος
532 1178 773 1251 χαρίτων
803 1179 871 1247 τῇ
902 1174 1098 1231 ἑαυτοῦ
1143 1179 1379 1248 κορυφῇ,
1421 1174 1595 1237 οὕτως
1626 1175 1865 1245 ἐφαπτέ-

285 1271 383 1324 σθω
404 1271 515 1342 (II)
535 1270 634 1337 τῆς
650 1269 815 1337 ἁγίας
842 1267 950 1322 τῶν
978 1266 1364 1337 πνευματικῶν
1398 1266 1687 1337 ’ᾼσμάτων
1716 1267 1754 1319 Γ
1762 1285 1860 1340 ρα-

282 1363 397 1432 φῆς.
443 1362 556 1415 Καὶ
598 1361 737 1432 αὑτὴ
770 1360 942 1431 γὰρὴ
993 1358 1276 1430 ἐπιγραφὴ
1303 1358 1440 1428 (12),
1469 1362 1583 1422 τοῖς
1629 1359 1738 1413 τῶν
1780 1360 1865 1413 λο-

281 1457 485 1528 γισμῶν
514 1457 726 1527 ἔχουσιν
754 1454 888 1524 εειθῆ
919 1454 1052 1524 (15),
1085 1452 1419 1506 ἀπαλλάττει
1453 1454 1549 1524 μὲν
1579 1453 1708 1513 εὐθὺ
1735 1469 1866 1524 σαρ-

282 1551 442 1604 κικῶν
469 1548 690 1603 ἐννοιῶν
719 1548 845 1611 τοὺς
875 1545 1080 1617 ταύτην
1111 1546 1271 1615 ἁγίαν
1303 1546 1586 1617 μετιόντας
1619 1547 1861 1617 Γραφὴν.

282 1644 351 1697 Οὐ
385 1642 496 1713 γὰρ
516 1640 706 1703 ἁπλῶς
731 1639 986 1710 ’ᾼσματα
1029 1639 1470 1710 προγέγραπται,
1504 1638 1537 1709 ἢ
1573 1637 1789 1706 λέγεται
1829 1638 1861 1708 ἣ

284 1732 748 1806 προσαγορεύεται
775 1732 909 1804 (14),
945 1731 1084 1784 ἀλλὰ
1119 1733 1394 1801 ’ᾼσματα
1422 1728 1712 1799 ᾀσμάτων
1731 1747 1744 1760 ·
1777 1730 1863 1785 ἴνα

282 1827 518 1891 ἀκούσας
582 1827 839 1897 ’ᾼσματα
903 1824 1163 1896 ᾀσμάτων
1219 1823 1577 1894 ὑπομνησθῇς
1619 1821 1731 1894 (15)
1795 1822 1864 1876 τά

286 1919 445 1988 Ἅγια
474 1918 581 1971 τῶν
607 1918 808 1987 ἁγίων·
854 1917 915 1969 οὐ
966 1916 1125 1986 μόνον
1165 1915 1272 1986 γάρ
1309 1914 1566 1985 ’ᾼσματα
1605 1913 1865 1984 ᾀσμάτων

284 2009 493 2080 ἔχομεν,
524 2007 661 2061 ἀλλά
687 2008 780 2061 καί
812 2007 978 2074 ’Ἅγια
1004 2006 1199 2074 ἀγίων,
1232 2007 1324 2059 καὶ
1354 2004 1606 2059 Σάϐϐατα
1658 2003 1864 2062 σαϐϐάο

282 2118 402 2154 των.
448 2101 658 2171 ’Ὠσπερ
703 2096 797 2154 οὖν
854 2100 1024 2167 ’Ἂγια
1074 2098 1182 2152 τῶν
1236 2100 1410 2167 ἁγίων
1464 2097 1689 2171 μείζονά
1741 2117 1863 2155 τινα

286 2190 628 2261 μυστηριώδη
658 2192 752 2244 καὶ
780 2190 1098 2262 ἀπόκρυφον
1127 2189 1355 2262 ἔχειτὴν
1380 2191 1568 2262 τιμὴν,
1594 2190 1742 2257 ἅπαξ
1769 2192 1863 2249 τοῦ

283 2283 522 2337 ἐνιαυτοῦ
558 2283 818 2347 εἰσιόντος
857 2282 950 2336 τοῦ
984 2284 1289 2355 ἀρχιερέως
1333 2286 1412 2348 εἰς
1459 2284 1527 2338 τά
1551 2285 1716 2353 ’Ἅγια
1755 2283 1865 2336 τῶν

283 2375 479 2444 ἁγίωνο
515 2374 660 2431 οὓτω
693 2376 789 2428 καὶ
831 2375 901 2428 τὰ
936 2374 1196 2447 ’ᾼσματα
1228 2375 1338 2428 τῶν
1379 2377 1661 2447 ᾀσμάτων,
1705 2394 1867 2429 πνευ-

286 2466 516 2537 ματικὴν
562 2467 657 2520 καὶ
694 2465 999 2538 βαθυτέραν
1047 2467 1146 2537 τὴν
1201 2467 1308 2520 τῶν
1349 2468 1866 2539 τεθησαυρισμένων

281 2558 498 2625 ἀγαθῶν
536 2558 826 2630 νοημάτων
856 2557 1075 2630 εὕρεσιν
1105 2558 1237 2630 ἔχει.
1275 2557 1378 2612 Kal.
1408 2559 1600 2631 ὥσπερ
1629 2560 1697 2614 τά
1727 2560 1866 2613 Σάϐ-

282 2650 423 2711 ϐατα
448 2650 558 2703 τῶν
598 2651 882 2704 σαϐϐάτων
923 2650 1148 2721 μείζονα
1178 2651 1279 2721 τῆς
1306 2650 1586 2722 παρούσης
1617 2651 1865 2706 ἀναπαύ-

283 2763 423 2808 σεως
450 2744 563 2814 ἔχει
594 2743 706 2813 (16)
735 2745 830 2816 τὴν
875 2743 983 2797 τῶν
1031 2744 1335 2815 μελλόντων
1365 2744 1587 2815 ἀγαθῶν
1621 2746 1866 2800 ἀνάπαυ-

1969 538 2440 608 iininortalemque
2464 538 2741 594 civitatem
2776 538 3115 593 invehamur.
3150 538 3266 595 Non
3303 541 3448 595 enim
3476 556 3540 595 ex

1968 631 2376 701 nobismetipsis
2407 633 2703 701 quidquam
2757 631 3039 698 habentes,
3086 632 3180 687 sed
3230 632 3458 702 gratiam
3493 633 3541 689 ei

1968 723 2058 790 qui
2098 725 2205 785 dat,
2245 724 2542 778 referentes
2595 726 3005 792 aceeptam,'ad
3030 722 3361 793 propositum
3392 738 3541 777 accc.

1964 816 2177 870 damus.
2219 813 2294 870 Ut
2330 816 2476 869 enim
2503 830 2659 870 suum
2690 815 2921 885 quisque
2944 814 3181 869 animum
3212 822 3323 872 Deo
3354 828 3543 869 conse-

1966 908 2222 970 craverit,
2254 918 2309 961 et
2335 918 2569 962 mentem
2597 922 2627 962 a
2677 909 2908 962 terrenis
2960 906 3379 978 cogitationibus
3413 906 3544 961 Iibe-

1967 1000 2124 1065 rarit,
2155 1006 2209 1052 et
2247 998 2617 1068 tetnperantiaa
2664 998 2866 1053 virtute
2898 1007 3146 1054 ornatum
3179 997 3417 1052 anintum
3451 1011 3547 1067 ge-

1970 1105 2116 1156 rens,
2149 1091 2425 1146 toelestem
2459 1107 2557 1146 suo
2581 1091 2743 1161 capiti
2773 1092 3066 1159 gratiarum
3094 1106 3348 1146 coronam
3385 1103 3547 1144 acce-
3634 1077 3643 1085 ’

1966 1184 2152 1253 perit:
2192 1183 2264 1237 ita
2303 1193 2546 1239 sanctam
2606 1182 2966 1253 spiritualium
3027 1182 3372 1237 Canticorum
3399 1180 3547 1236 Scri-

1968 1286 2181 1344 pturam
2219 1277 2474 1347 attingat.
2526 1274 2737 1342 Quibus
2788 1274 2934 1329 enim
2985 1284 3145 1329 recta?
3188 1273 3549 1345 cogitationes

1937 1373 2116 1444 \sunt,
2144 1380 2264 1433 eos,
2292 1381 2412 1420 cum
2442 1365 2507 1419 ad
2556 1375 2799 1420 sanctam
2832 1364 2974 1419 hanc
2995 1362 3330 1434 Scripturam
3361 1378 3549 1418 acces-

1967 1459 2162 1522 serint,
2200 1458 2316 1526 ipsa
2351 1458 2638 1527 inscriptio
2688 1450 3002 1514 carnalibus
3057 1457 3239 1511 statim
3271 1456 3550 1528 cogitatio-

1973 1548 2131 1603 nibus
2196 1549 2413 1604 liberat.
2469 1548 2584 1603 Non
2635 1549 2779 1604 enim
2838 1549 3158 1620 simpliciter
3216 1549 3549 1614 inscribitur,

1967 1642 2229 1706 Cantica;
2260 1642 2353 1696 sed
2406 1639 3061 1705 Cantica,cantirorum;
3116 1649 3173 1694 ut
3210 1654 3332 1695 cum
3362 1640 3554 1694 audias

1967 1733 2188 1789 Cantica
2244 1735 2624 1797 canticorum,
2684 1733 2778 1787 tibi
2838 1732 2891 1787 in
2965 1731 3280 1787 memoriam
3329 1714 3552 1786 veniant

1968 1824 2165 1879 Sancta
2194 1835 2527 1879 sanctorum.
2558 1824 2675 1880 Non
2721 1825 2865 1879 enim
2927 1826 3296 1879 tantummodo
3323 1824 3551 1878 Cantica

1967 1917 2309 1971 canticorum
2343 1917 2625 1983 habemus,
2659 1916 2753 1971 sed
2782 1917 2948 1971 etiam
2981 1915 3180 1971 Sancta
3211 1924 3549 1982 sanctorum,

1967 2016 2020 2063 ct
2054 2008 2288 2063 Sabhata
2321 2008 2691 2064 sabbatorum.
2727 2008 3192 2076 Quemadmodum
3227 2008 3391 2079 igitur
3414 2007 3553 2062 San-

1967 2112 2057 2156 cta
2104 2112 2417 2157 sanctorum
2477 2101 2735 2172 majorem
2800 2102 3088 2172 quamdam
3153 2110 3205 2155 et
3265 2100 3550 2172 mysticam

1967 2194 2448 2264 absconditamque
2472 2195 2787 2265 dignitatem
2825 2194 3021 2248 habent
3049 2209 3063 2258 ;
3090 2209 3212 2247 cum
3239 2194 3408 2247 semel
3432 2201 3553 2246 tan-

1970 2298 2082 2342 tum
2107 2287 2158 2340 in
2185 2301 2326 2341 anno
2353 2286 2731 2354 ingrederetur
2763 2285 3004 2355 pontifex
3038 2285 3089 2338 in
3113 2284 3313 2339 Sancta
3336 2295 3553 2339 sancto-

1970 2395 2127 2435 rum:
2170 2380 2243 2433 ita
2310 2378 2533 2434 Cantica
2582 2378 2916 2433 canticorum
2976 2376 3308 2447 spiritualem
3340 2384 3394 2430 et
3425 2391 3553 2447 proa

1967 2470 2275 2526 fundiorem
2364 2470 2657 2525 reconditae
2739 2468 3109 2538 intelligentiae
3165 2466 3548 2521 inveniendum

1971 2563 2171 2619 habent
2229 2561 2565 2617 thesaurum.
2658 2560 2722 2613 Et
2782 2558 3245 2628 quemadmodum
3309 2555 3549 2610 Sabbata

1969 2654 2319 2709 sabbatorum
2367 2649 2628 2720 majorem
2685 2664 2846 2720 quam
2911 2662 3032 2719 qua:
3066 2663 3210 2703 nunc
3257 2647 3412 2716 quies
3443 2656 3549 2711 est,

1971 2746 2276 2801 futurorum
2306 2744 2543 2814 quietem
2568 2743 2830 2798 bonorum
2882 2740 3084 2796 habent
3120 2737 3378 2811 (futuram
3403 2738 3551 2793 enim

283 2855 362 2893 σιν
404 2836 687 2906 (Σάϐϐατα
727 2836 835 2908 γάρ
878 2836 1167 2893 σαϐϐάτων
1210 2836 1312 2901 τὰς
1363 2838 1661 2909 μελλούσας
1697 2839 1755 2891 ἐν
1790 2836 1867 2908 τῷ

1977 2841 2235 2895 bonorum
2290 2839 2344 2893 in
2403 2837 2496 2892 illo
2545 2836 2743 2892 saeculo
2806 2835 3067 2905 quietem,
3124 2841 3179 2888 et
3225 2843 3555 2903 pmparatas

281 2931 458 2993 ἐκεῖσε
494 2928 651 2980 αίῶνι
679 2926 1039 2992 ἀναπαύσεις,
1083 2928 1178 2982 καὶ
1209 2928 1306 2992 τὰς
1334 2928 1744 2999 ήτοιμασμένας
1770 2930 1869 2998 τῆς

1977 2931 2172 3000 quietis
2199 2928 2590 2999 promissiones
2635 2926 2766 2981 mihi
2800 2939 3120 2996 persuasum
3166 2932 3252 2979 est
3285 2922 3557 2977 nominari

282 3019 643 3083 ἀναπαύσεως
679 3018 1014 3087 ἐπαγγελίας
1039 3020 1136 3090 τὴν
1164 3020 1325 3088 ἁγίαν
1355 3019 1537 3089 λέγειν
1566 3020 1871 3091 πέπεισμαι

1977 3038 2004 3075 a
2033 3030 2218 3078 sancta
2253 3020 2536 3091 Scriptura
2568 3017 2808 3073 Sabbata
2863 3017 3238 3072 sabbatorum.
3264 3015 3380 3070 Illic
3410 3015 3556 3070 enim

285 3112 525 3184 Γραφήν.
581 3111 817 3171 Ἐκεῖναι
850 3110 967 3183 [17]
1006 3110 1115 3183 γὰρ
1166 3112 1419 3167 Σάϐϐατα
1479 3112 1784 3178 σαϐϐάτων,
1816 3116 1871 3167 αἱ

283 3202 375 3258 τοῦ
414 3203 698 3273 μέλλοντος
731 3204 927 3266 αἰῶνος
968 3203 1328 3270 ἀναπαύσεις,
1376 3205 1472 3259 καὶ
1511 3204 1735 3276 εὐωχίαι
1766 3206 1873 3258 τῶν

283 3292 516 3346 ἐνταῦθα
545 3292 863 3355 Σαϐϐάτων,
894 3293 1140 3347 τουτέστι
1185 3293 1294 3347 τῶν
1334 3296 1749 3366 ἁμαρτημάτων
1778 3297 1876 3369 ἀρ-

284 3385 426 3453 γίας.
480 3387 543 3439 Οἱ
599 3386 710 3457 γὰρ
765 3385 955 3440 ὲνθάδε
999 3387 1107 3440 ἀπὸ
1156 3389 1570 3460 ἁμαρτημάτων
1617 3388 1879 3459 ἀργίσανο

282 3478 526 3547 τες(18),
558 3480 660 3549 τὴν
696 3478 914 3536 τελείαν
944 3480 1250 3535 ἀνάπαυσιν
1280 3483 1337 3534 ὲν
1367 3480 1446 3552 τῷ
1477 3481 1638 3535 αἰῶνι
1666 3484 1879 3554 εὐωχη-

285 3569 564 3642 θήσονται)
593 3588 606 3602 ·
662 3571 855 3643 ὥσπερ
905 3568 999 3627 οὖν
1043 3575 1111 3628 τὰ
1172 3573 1425 3629 Σάϐϐατα
1470 3577 1653 3629 ἐκεῖνα
1700 3576 1880 3648 πολλῷ

289 3662 515 3732 μείζονα
542 3663 747 3717 τούτων
774 3664 883 3717 τῶν
903 3664 1220 3728 Σαϐϐάτων,
1244 3666 1386 3719 οὕτω
1413 3667 1505 3720 καὶ
1526 3667 1593 3721 τὰ
1625 3667 1880 3740 ᾋσματα

286 3754 393 3807 τῶν
438 3756 702 3826 ᾀσμάτων
756 3754 979 3826 μείζονά
1035 3774 1157 3810 τινα
1191 3757 1289 3810 καὶ
1344 3759 1720 3829 πνευματικὴν
1769 3759 1880 3830 ἔχει

287 3843 387 3915 τὴν
430 3845 654 3916 ἀγωγὴν
704 3845 855 3915 παρά
898 3846 965 3899 τά
1016 3849 1074 3899 ἐν
1118 3851 1240 3911 ταῖς
1274 3847 1462 3911 ἄλλαις
1500 3849 1743 3920 Γραφαῖς
1787 3866 1881 3918 γε-

287 3938 586 4008 γραμμένα
626 3937 870 4008 ᾄσματα.
901 3937 1077 3992 Πολλά
1104 3940 1214 4010 γὰρ
1242 3938 1463 4010 ᾄσματα
1491 3942 1547 3993 ὲν
1569 3943 1689 4004 ταῖς
1713 3940 1886 4005 θείαις

288 4029 537 4098 Γραςραῖς
590 4029 928 4100 γέγραπται.
991 4031 1101 4083 Καὶ
1156 4030 1231 4083 ἴδε
1279 4031 1378 4102 τὴν
1424 4033 1667 4096 Μωσέως
1719 4031 1883 4103 ᾠδὴν,

293 4139 313 4175 t
344 4121 601 4190 ’ᾼσωμεν
650 4121 729 4191 τῷ
791 4122 1041 4193 Κυρίῳ,ι
1086 4122 1382 4191 λέγουσαν·
1445 4143 1463 4174 ι
1497 4124 1721 4190 ἐνδόξως
1778 4125 1888 4195 γὰρ

285 4212 623 4281 ϐεδόξασται,
654 4235 672 4263 ι
701 4215 797 4271 καὶ
822 4215 956 4275 ἀλλα
985 4216 1084 4278 ὅσα
1121 4216 1231 4288 (19)
1266 4216 1518 4290 εὑρήσεις
1550 4218 1607 4270 ὲν
1633 4216 1711 4288 τῷ
1739 4219 1890 4289 νόμῳ

367 4397 411 4435 ι’
440 4398 611 4461 Exod,
666 4414 775 4464 xvi,
824 4399 875 4455 1.

1979 3123 2109 3170 sunt
2145 3112 2385 3170 Sabbata
2433 3112 2807 3177 sabbatorum,
2850 3111 3108 3166 nimirum
3146 3109 3314 3166 futuri
3371 3111 3556 3166 saeculi

1977 3206 2197 3276 requies
2246 3204 2604 3273 caelestesque
2664 3202 2853 3272 dapes,
2923 3201 3304 3272 provenientes
3355 3214 3424 3255 ex
3474 3200 3562 3256 his

1979 3296 2229 3353 Sabbatis
2259 3311 2378 3366 qua!
2397 3302 2524 3349 sunt
2549 3293 2693 3364 apud
2720 3308 2840 3359 nos,
2872 3293 2924 3349 id
2954 3301 3038 3348 est
3085 3308 3152 3347 ex
3199 3293 3503 3349 cessatione
3531 3309 3561 3347 a

1980 3386 2234 3458 peccatis.
2275 3385 2378 3453 Qui
2408 3385 2553 3439 enim
2588 3385 2641 3439 in
2671 3399 2909 3453 praesens
2941 3399 2970 3438 a
3030 3383 3269 3454 peccatis
3310 3397 3563 3438 cessare.

1982 3481 2109 3544 rint,
2130 3479 2364 3549 perfecta
2390 3478 2573 3549 quiete
2605 3478 2657 3531 in
2695 3476 2875 3531 futuro
2904 3477 3103 3533 saeculo
3133 3474 3518 3547 perfruentur)
3544 3493 3563 3531 ι

1982 3570 2434 3639 quemadmodqu
2477 3568 2643 3638 igitur
2700 3567 2788 3622 illa
2839 3567 3075 3622 Sabbata
3111 3567 3278 3622 multo
3322 3578 3447 3621 sunt
3481 3569 3565 3623 his

1985 3662 2236 3717 Sahbaiis
2262 3661 2675 3730 praestantiora;
2707 3663 2778 3713 ita
2831 3659 3050 3714 Cantica
3080 3660 3414 3715 canticormn
3451 3674 3564 3713 ma-
3646 3694 3649 3697 -

1977 3755 2150 3823 jorem
2186 3752 2473 3822 quantulum
2520 3760 2575 3805 et
2628 3751 2966 3820 spiritualem
3003 3750 3203 3804 habent
3248 3749 3565 3819 jucundita-

1988 3858 2092 3899 tein
2130 3860 2238 3913 prte
2264 3844 2489 3898 canticis
2521 3858 2640 3911 quae
2673 3843 2725 3896 in
2764 3843 2979 3897 caeteris
3014 3842 3310 3911 Scripturis
3364 3843 3567 3912 scripta

1989 3936 2349 4006 reperiuntur.
2376 3935 2543 3990 Plura
2569 3935 2711 3988 enim
2750 3936 2802 3989 in
2852 3936 3056 3990 sanctis
3109 3933 3406 4003 Scripturis
3441 3950 3567 3989 cau-

1990 4031 2095 4086 tica
2130 4031 2328 4099 scripta
2366 4039 2518 4084 sunt.
2554 4027 2688 4082 Vide
2737 4029 3008 4083 canticum
3039 4026 3238 4099 Mnysis
3270 4046 3284 4082 :
3318 4047 3337 4079 ι
3367 4028 3564 4082 Caute-

1991 4140 2110 4179 inus
2161 4123 2408 4187 Domino,
2439 4143 2457 4174 ι
2489 4122 2566 4176 ait
2596 4122 2671 4190 ¹²;
2725 4140 2744 4174 ι
2778 4122 3009 4192 gloriose
3059 4123 3203 4175 enim
3232 4122 3567 4191 gloriiicatus

1993 4230 2069 4271 cst
2096 4237 2111 4281 ;
2144 4237 2161 4269 ι
2191 4227 2243 4271 et
2264 4227 2460 4271 ett-tera
2483 4232 2602 4287 quae
2622 4217 2674 4270 in
2695 4216 2811 4286 lege
2837 4216 3076 4286 reperies
3095 4217 3306 4270 cantica
3337 4224 3390 4268 et
3405 4213 3556 4266 odas.

362 4575 447 4657 (_8)
489 4576 627 4643 Lege
643 4577 964 4657 ἀθανάτων.
994 4578 1185 4657 ’[Ιιιειιι.
1216 4582 1299 4657 ,εἰς
1324 4579 1429 4657 τὴν
1466 4582 1744 4657 μακαρίαν
1780 4583 1872 4639 καὶ

1980 4585 2325 4657 glossemata.

288 4645 567 4711 ἀθάνατον
609 4648 981 4719 είσελάσομεν.
1008 4651 1176 4717 Quam
1211 4645 1495 4709 lectionem
1540 4654 1594 4711 in
1622 4645 1873 4708 'versiOne

240 4756 245 4759 τ
290 4731 516 4771 560111υὲ
548 4733 689 4771 Slllll.

369 4789 450 4858 (9)
492 4786 692 4841 Locum
727 4790 868 4861 hunc
910 4790 1087 4860 legere
1117 4801 1199 4844 est
1233 4806 1285 4844 in
1327 4792 1771 4861 Expositionibus
1822 4793 1878 4845 in

287 4857 583 4934 Canticum
607 4868 749 4913 cant.
786 4857 983 4934 Cnet-6
1011 4863 1177 4934 editis
1203 4878 1232 4913 a
1270 4857 1503 4918 Meursio
1546 4863 1715 4934 Lugd.
1750 4865 1874 4917 Bal.

290 4946 424 4981 ann.
461 4928 615 4989 1617,
650 4945 752 4999 pag
795 4930 848 4992 9,
882 4931 973 4983 lin.
1003 4932 1067 4985 15
1091 4947 1120 4984 a
1152 4935 1275 4985 ilne.

365 4999 484 5071 (l0)
519 4999 706 5071 _"0.lor
749 5002 856 5053 τὸν
883 5001 1036 5055 νοῦν
1061 5001 1304 5068 ἀναθεὶς
1334 5000 1415 5068 τῷ
1447 5002 1587 5068 Θεῷ.
1626 5002 1751 5056 lIa-r
1784 5002 1881 5054 alia

301 5067 437 5121 sunt
481 5067 549 5121 ab
580 5071 1022 5137 EXPOSlliOIIllNIS
1058 5067 1397 5134 Meursiaiuis,
1437 5086 1493 5127 et
1530 5067 1753 5136 delenda
1799 5076 1882 5125 νι-

294 5141 520 5201 dentur,
552 5154 608 5191 ιιι
637 5156 1099 5210 supervacaneum
1131 5144 1420 5210 glossema.

369 5232 485 5301 (II)
528 5232 617 5287 Sic
650 5234 861 5287 restitui
902 5249 965 5287 cx
999 5235 1120 5288 cod.
1154 5232 1369 5298 Theat.,
1392 5237 1556 5289 et'sic
1582 5243 1762 5303 postea
1799 5250 1884 5287 re-

292 5304 411 5372 pt'ri
451 5305 500 5354 in
534 5305 971 5372 I'lxpnsittmtibus
1006 5322 1032 5355 ιι
1061 5303 1180 5357 Meu
1197 5307 1304 5357 rsio
1328 5306 1504 5360 editis.
1533 5307 1689 5360 Bal‘b.
1721 5306 1883 5359 habet

287 5371 676 5441 δράπτεσθαι·
714 5392 867 5427 utens
900 5376 1063 5428 habet
1097 5374 1437 5447 ἐφάπτηται.

375 5468 489 5533 (Ii)
531 5466 623 5523 Sic
660 5466 857 5523 Theat.
884 5470 953 5522 At
987 5467 1151 5523 Barh.
1172 5479 1226 5523 et
1260 5485 1413 5525 meus
1441 5472 1776 5543 περιγραφή.

366 5561 484 5630 (15)
527 5560 801 5616 Lacunam
851 5563 954 5616 mei
1000 5564 1124 5621 cod,
1152 5573 1205 5616 et
1238 5561 1399 5616 Barb.
1430 5581 1491 5618 ex
1546 5566 1736 5619 'l‘heat.
1782 5565 1888 5617 i:n-

288 5629 456 5706 pleri.
482 5632 750 5706 leel'tltli
768 5633 1061 5706 legendum
1099 5634 1310 5688 videtur
1331 5636 1458 5698 τοὺς
1481 5634 1589 5688 τῶν
1612 5633 1888 5706 λογισμῶν

286 5700 530 5772 ἔχοντας
559 5706 629 5758 τά
660 5702 821 5772 εὐθῆ.

365 5794 480 5865 (ﬂ)
524 5795 594 5851 Ἦ
635 5794 911 5866 λέγεται,
957 5793 996 5862 ἢ
1040 5798 1564 5866 προσαγορεύεται.
1616 5796 1738 5852 Haec
1784 5812 1889 5865 non

289 5866 541 5938 agnoscit
583 5877 736 5931 vetus
789 5868 1097 5936 interpres,
1146 5877 1201 5922 ct
1252 5871 1487 5926 delenda
1540 5869 1790 5926 \ideulur
1828 5881 1885 5925 ut

2056 4657 2168 4725 (ιδ)
2210 4657 2378 4710 Codd.
2406 4651 2564 4707 Barh.
2593 4661 2648 4704 et
2681 4648 2894 4725 ᾼειιίηὲ·
2922 4651 3123 4703 ¹¹³¹³θ¹³ι
3158 4643 3563 4725 ὑπο-μνητρείλ

1987 4716 2179 4780 Tib-at.
2226 4725 2389 4781 habet
2420 4720 2797 4793 ὑπομνησθής.
2852 4721 3037 4790 Itaque
3086 4716 3377 4775 emendavi
3417 4716 3542 4768 ὑπο.

2000 4795 2263 4847 ιινησθῆς.

2144 4799 2170 4847 θ
2249 4835 2263 4848 .

1998 4799 2399 4958 ὲῖἲῗὶῇῗεχει,
2430 4900 2553 4958 quae
2578 4898 2680 4937 vox
2710 4881 2860 4935 deest
2890 4881 2943 4934 in
2981 4896 3100 4934 meo
3128 4879 3246 4934 cod.
3275 4888 3330 4933 et
3360 4879 3411 4933 in
3442 4875 3574 4938 Biar:

1992 4955 2106 5020 bcr.
2137 4955 2378 5027 supplevi
2406 4972 2471 5010 ex
2493 4955 2689 5010 Theat.

2066 5050 2179 5120 (l7)
2219 5048 2529 5118 Legendum
2574 5043 2948 5120 cepseoixei.
2980 5039 3150 5120 yetus
3185 5038 3462 5120 interpres
3492 5039 3573 5120 lc—~

1994 5108 2398 5190 gisse'videtvur
2421 5120 2569 5175 ἐκεῖ·
2605 5117 2681 5169 ait
2714 5116 2856 5190 enim
2885 5130 2900 5166 :
2939 5130 2957 5162 ι
2984 5110 3097 5190 Illic
3147 5109 3290 5163 enim
3338 5108 3574 5190 Sabbata

1992 5182 2342 5246 Eablmtorutn
2376 5188 2648 5256 futurique
2671 5184 2851 5256 smculi
2880 5182 3115 5250 requies,
3138 5190 3190 5232 et
3208 5182 3568 5256 praesentium

1999 5262 2296 5317 cumulatio
2349 5250 2709 5330 Subhatorum
2766 5254 2989 5330 horum,
3037 5264 3156 5330 qua:
3206 5250 3292 5330 hic
3344 5257 3575 5330 aguntur

1998 5341 2343 5398 prccatm-uni
2397 5327 2663 5398 segnitie,
2708 5324 3021 5398 reperitur,
3050 5321 3141 5390 qui
3190 5320 3334 5398 enim
3387 5320 3475 5373 hic
3525 5320 3581 5398 in

1995 5387 2219 5472 peccata
2257 5400 2393 5470 pigri
2439 5387 2597 5472 sunt,
2642 5387 2824 5472 lutitro
2863 5387 3338 5472 szceulo'perfecta
3386 5389 3574 5472 requie

1999 5459 2363 5540 periment-tur.
2393 5489 2411 5521 ι
2472 5467 2602 5540 Qua:
2635 5466 2853 5540 referre
2906 5462 3012 5517 huc
3068 5459 3335 5540 voluimtts
3360 5475 3390 5540 ;_
3417 5459 3577 5540 idque

1995 5530 2247 5605 subinde,
2282 5553 2339 5594 ut
2375 5553 2460 5594 res
2491 5530 2697 5601 tulerit,
2733 5533 3019 5605 faciemus,
3050 5538 3111 5588 ut
3141 5532 3338 5593 habeat
3379 5530 3570 5592 lector,

1999 5613 2127 5682 quid
2158 5604 2349 5666 de’tali
2384 5616 2683 5677 interprete
2711 5604 3008 5663 existimet.

2068 5707 2183 5780 (l8)
2224 5706 2361 5776 Lege
2395 5705 2758 5777 ἀργήσαντες.

2225 5755 2781 5855 ’τῖιὲἓιῖιὶιύέίὶιι
2814 5809 2986 5861 uicus,
3027 5800 3081 5850 et
3113 5755 3335 5848 Barber.
3375 5785 3577 5844 habent

2000 5875 2164 5939 ἄλλας
2196 5873 2345 5936 ὅσας.
