4038 6134
419 246 481 300 Si
1552 248 1877 309 PIIILONIS
1914 251 2226 311 EPISCOPI
2262 253 2581 310 CARPASII
3625 252 3694 302 32

424 361 558 418 Vide
608 364 756 419 Isaia:
818 365 1096 419 canticum
1159 374 1212 419 ct
1268 367 1420 419 odem
1462 366 1546 420 "z
1586 385 1603 418 ι
1640 368 1883 425 Cantabo
1916 369 1998 425 di-

2114 368 2323 442 ᾄσματα
2361 369 2456 424 καὶ
2491 369 2655 441 ᾠδάς.
2702 367 2806 420 Ἴδε
2858 368 2953 419 καὶ
3003 366 3064 419 τὸ
3100 334 3355 420 ὀΗσαῗου
3404 360 3555 437 ᾆσμα
3600 369 3695 421 καὶ

422 457 561 511 lecto
613 458 886 512 canticum
950 460 1130 513 dilecti
1188 460 1357 513 vineae
1409 474 1560 515 mete.
1592 480 1610 511 ι
1675 459 1806 516 Vide
1845 463 1999 518 odem

423 564 583 616 quam
625 549 819 603 cecinit
871 550 1022 604 Anna
1060 551 1146 605 ¹¹⁵ε
1199 569 1219 603 ι
1253 550 1642 605 Confirmatum
1697 563 1801 614 est,
1841 572 1859 604 ›
1904 554 1999 618 ait,

426 656 447 691 ι
476 654 573 693 eor
601 654 776 693 meum
806 641 857 695 in
887 639 1136 697 Domino.
1172 662 1190 694 ι
1254 641 1387 697 Vide
1418 659 1751 711 utracunque
1797 655 1922 698 sunt
1948 644 2001 699 in

422 729 650 786 Psalmis
704 734 951 788 cantica:
1015 754 1034 787 ι
1065 736 1292 789 Cantate
1318 735 1547 791 Domino
1600 737 1869 791 canticum
1914 752 2002 791 no-

423 836 548 877 vum
584 824 648 889 ",
679 843 700 877 ι
734 834 787 879 et
814 841 1146 894 quacunque
1176 826 1278 880 alia
1336 827 1388 880 in
1419 824 1713 894 Scripturis
1741 829 2003 893 repereris

423 916 632 970 cantica
667 934 681 971 :
716 918 811 971 sed
846 916 1048 984 majore
1078 927 1132 972 et
1155 919 1456 973 excelsiore
1489 919 1772 989 dignitate,
1815 935 2003 988 quem-

423 1006 711 1060 admodum
738 1006 933 1061 Sancta
964 1018 1272 1063 sanctorum
1293 1017 1348 1062 et
1373 1008 1607 1063 Sabbata
1630 1009 2000 1072 sabbatorum,

420 1099 642 1167 priedita
681 1108 808 1155 sunt
856 1101 1080 1154 Cantica
1141 1100 1501 1154 canticorum.
1556 1098 1674 1154 Jam
1708 1114 1835 1153 vero
1872 1098 2000 1152 mihi

424 1205 594 1245 sacrae
627 1189 786 1257 hujus
814 1201 870 1245 et
902 1191 1180 1260 profundae
1227 1192 1595 1259 inscriptionis
1649 1191 2000 1245 Canticorum

422 1281 831 1352 intelligentiam
881 1285 1170 1353 diligenter
1206 1285 1477 1354 perquire.
1524 1284 1633 1337 Cur
1668 1298 1770 1336 non
1816 1284 1951 1336 dixit
1984 1300 1997 1337 :

423 1376 646 1430 Cantica
681 1380 1014 1432 canticorum
1046 1393 1164 1444 qua:
1217 1378 1455 1431 condidit
1505 1377 1588 1431 vel
1623 1376 1819 1432 cecinit
1851 1376 2001 1429 Salo-

424 1482 569 1530 mon,
593 1468 686 1521 sed
715 1485 728 1522 :
763 1466 980 1523 Cantica
1007 1469 1337 1523 canticorum
1360 1485 1479 1537 qum
1507 1479 1631 1523 sunt
1662 1468 2005 1522 Salomonis?

419 1557 556 1614 Cum
585 1560 730 1613 enim
766 1559 1023 1614 Salomon
1079 1561 1467 1628 interpretetur
1520 1560 1854 1629 paciﬁcatus.
1919 1560 2000 1612 vel

421 1651 694 1719 paciﬁcus,
723 1662 1003 1721 propterea
1061 1653 1174 1707 haec
1222 1652 1443 1706 Cantica
1496 1653 1826 1705 canticorum
1854 1651 1998 1703 οηιηί

2104 462 2277 535 ᾠδήν·
2308 481 2327 515 ι
2354 463 2503 534 ΙΙ’ᾼσω
2526 461 2590 531 δὴ
2619 460 2697 531 τῷ
2720 458 3065 529 ἠγαπημένῳ
3095 453 3247 529 ᾆσμα
3280 457 3374 511 τοῦ
3404 459 3692 527 ἀγαπητοῦ

2104 555 2182 626 τῷ
2211 555 2497 626 ἀμπελῶνί
2527 571 2647 625 μου.
2665 553 2800 606 ’Ἴδε
2824 551 2923 623 τὴν
2950 550 3095 621 ᾠδὴν
3123 552 3189 622 ἢν
3210 547 3340 624 ᾖσεν
3365 550 3476 619 (ΞΟ)
3502 553 3690 613 Ἄννα,
3768 561 3773 567 '

2110 664 2128 696 ‹
2170 643 2562 716 Ἐστερεώθη,ι
2591 643 2844 711 λέγουσα,
2882 659 2899 692 ι
2929 643 2962 712 ή
2999 640 3194 712 καρδία
3226 658 3326 710 μου
3357 644 3415 695 ὲν
3444 640 3687 712 Κυρίῳ..

2108 734 2214 787 Ἴδε
2243 734 2311 788 τὰ
2342 736 2399 788 ὲν
2446 733 2696 802 Ψαλμοῖς
2737 732 2955 803 ᾄσματα
2984 732 3086 785 ὅσα
3112 731 3259 784 ἐστίν
3279 749 3292 762 ·
3332 750 3350 783 ι
3378 731 3583 803 ’ᾼσατε
3612 730 3689 800 τῷ

2105 826 2297 899 Κυρίῳ
2330 822 2480 898 ᾆσμα
2528 824 2785 878 καινόν’»
2831 824 2925 876 καὶ
2978 824 3079 877 ὅσα
3124 823 3287 894 ἕτερα
3332 824 3587 895 εὑρήσεις
3635 826 3696 876 ὲν

2104 921 2222 980 ταῖς
2271 919 2311 970 Γ
2316 919 2513 990 ραφαῖς
2546 916 2795 987 ᾄσματα”
2834 914 2971 968 ἀλλὰ
3026 915 3233 985 μείζονι
3283 920 3376 968 καὶ
3423 915 3696 987 βαθυτέρᾳ

2102 1012 2259 1081 τιμῇ,
2295 1009 2484 1079 ὥσπερ
2528 1008 2598 1061 τὰ
2637 1008 2803 1075 ’Ἅγια
2835 1007 2943 1061 τῶν
2982 1006 3173 1074 ἁγίων,
3203 1007 3299 1060 καὶ
3330 1006 3695 1060 τὰ’Σάϐϐατα

2102 1100 2213 1155 τῶν
2254 1100 2561 1161 σαϐϐάτων,
2596 1097 2829 1169 ἐτιμήθη
2857 1098 2951 1150 καὶ
2992 1096 3066 1151 τὰ
3093 1098 3346 1168 ’ᾼσματα
3381 1097 3489 1151 τῶν
3516 1099 3694 1170 ᾀσμά-

2101 1211 2230 1248 των.
2277 1194 2598 1266 Ἀκρίϐασαι
2629 1193 2740 1260 (21)
2763 1192 2825 1263 δή
2859 1211 2949 1264 μοι
2974 1192 3066 1247 τὸν
3098 1192 3226 1246 νοῦν
3256 1194 3353 1263 τῆς
3387 1195 3538 1264 ἱερᾶς
3564 1193 3695 1246 ταύν

2101 1305 2201 1359 της
2236 1286 2536 1357 βαθυτέρας
2580 1285 2691 1338 τῶν
2742 1285 3002 1356 ᾀσμάτων
3055 1285 3368 1356 ἐπιγραφῆς
3396 1284 3529 1355 (2'2).
3570 1285 3698 1349 Πῶς

2104 1381 2203 1433 οὐκ
2239 1375 2391 1431 εἷπεν
2416 1396 2429 1408 ·
2466 1379 2718 1450 ᾊσματα
2753 1377 3033 1450 ᾀσμάτων,
3073 1375 3108 1430 ἃ
3153 1376 3375 1447 ἐποίησε
3410 1374 3689 1443 Σαλομὼν,

2102 1473 2134 1542 ἢ
2183 1469 2301 1524 εἶπε
2343 1470 2599 1542 Σαλομών
2619 1488 2633 1501 ·
2680 1469 2851 1523 ἀλλάο
2891 1468 3147 1540 ’ᾼσματα
3187 1468 3466 1538 ᾀσμάτων,
3499 1467 3535 1520 ἃ
3575 1469 3693 1519 ἐστι

2104 1563 2196 1615 τοῦ
2239 1561 2526 1633 Σαλομών;
2582 1560 2799 1631 Ἐπειδὴ
2850 1558 2956 1630 γὰρ
3003 1555 3262 1625 Σαλομὼν
3315 1557 3695 1625 ειρηνευόμε-

2105 1673 2212 1721 νος
2244 1654 2623 1726 ἑρμηνεύεται,
2662 1653 2694 1723 ἢ
2741 1652 3086 1721 εὶρηνεύων,
3117 1649 3205 1703 διὰ
3239 1647 3398 1703 τοῦτο
3427 1648 3603 1705 ταῦτα
3628 1648 3696 1701 τὰ

420 1743 705 1810 paciiicato
728 1753 780 1796 et
807 1744 875 1797 ab
908 1743 1245 1798 oifendiculis
1304 1743 1666 1799 fornicatricis
1716 1744 2001 1813 cogitatio-

2114 1717 2384 1819 νᾼᾷμάὲῷ
2422 1717 2694 1818 ᾀσμάτων·
2736 1717 2901 1799 παντὶ
2955 1741 3034 1813 τῷ
3097 1741 3499 1813 εἰρηνευομένῳ
3525 1779 3540 1803 ,
3580 1736 3694 1792 ’καὶ

419 1834 506 1888 nis
542 1844 750 1889 semoto
780 1847 964 1905 parata
995 1846 1142 1891 sunt.
1196 1837 1296 1903 Qui
1331 1838 1473 1890 enim
1520 1851 1671 1890 suam
1701 1848 1935 1890 mentem
1969 1850 1998 1888 a

419 1929 734 1983 carnalibus
757 1927 1132 1983 affectionibus
1164 1944 1267 1983 non
1324 1926 1659 1994 liberaverit,
1698 1928 1824 1982 huic
1859 1925 1997 1979 nulla

420 2031 548 2075 sunt
580 2020 1184 2086 Canticacanticorum,
1232 2033 1405 2088 neque
1435 2018 1634 2073 Sancta
1666 2031 1999 2080 sanctorum,

421 2125 600 2179 neque
654 2109 887 2164 Sabbata
944 2110 1320 2165 sabbatorum.
1383 2110 1484 2177 Qui
1552 2126 1677 2164 vero
1737 2110 2001 2164 submutis

420 2202 757 2258 olfendieulis
785 2202 1061 2267 omnibus,
1100 2199 1393 2272 legitimam
1438 2209 1763 2268 exSpet-Ians
1789 2215 1998 2269 pacem,

421 2307 578 2348 suam
603 2293 773 2364 ipsius
803 2302 1035 2348 mentem
1063 2304 1117 2347 et
1146 2307 1346 2363 corpus
1384 2293 1450 2346 ad
1493 2293 1860 2361 temperantia:
1888 2293 1998 2345 vir-

424 2395 592 2441 tutem
627 2386 982 2450 converterit,
1018 2386 1092 2440 illi
1116 2394 1242 2443 sunt
1269 2385 1491 2440 Cantica
1519 2385 1851 2439 canticorum
1874 2401 1889 2449 ;
1909 2384 1998 2454 qui

422 2477 551 2531 nihil
590 2486 845 2532 terrestre
878 2478 957 2532 vel
989 2477 1205 2533 carnale
1253 2477 1486 2546 cogitet,
1524 2477 1617 2532 sed
1650 2478 1832 2531 omnia
1876 2492 1995 2541 quae

427 2570 631 2639 scripta
688 2579 836 2636 sunt,
872 2571 1230 2638 spiritualiter
1285 2571 1536 2638 accipiat,
1590 2578 1644 2624 et
1692 2585 1816 2624 vera
1870 2584 2002 2639 pace

424 2658 669 2714 fruatur:
699 2677 717 2712 ι
738 2658 848 2714 Pax
868 2660 1034 2725 enim,
1062 2679 1079 2713 ο
1112 2660 1286 2730 inquit
1307 2658 1657 2728 Scriptura“,
1690 2678 1709 2712 ι
1740 2659 2002 2729 diligenti-

420 2748 522 2805 bus
553 2750 725 2820 legem
757 2761 924 2812 tuam,
952 2763 1006 2805 et
1032 2767 1135 2806 non
1163 2761 1245 2805 est
1277 2750 1382 2804 illis
1410 2750 1778 2805 scandalum:
1803 2751 2001 2816 Quem-

424 2843 717 2897 admodum
749 2857 881 2897 vcro
905 2843 1050 2901 domi
1083 2852 1208 2896 sunt
1233 2842 1503 2897 vestibula
1540 2851 1595 2896 et
1624 2843 1760 2896 atria
1788 2853 1842 2896 et
1882 2858 2004 2911 μοι·-

424 2922 567 2991 licus
593 2945 641 2992 et
673 2935 906 2991 triclinia
942 2945 996 2991 et
1029 2936 1306 2990 conclavia
1349 2934 1610 3000 illustria;
1646 2949 1831 2990 eorum
1877 2951 2004 2989 vero

422 3029 663 3085 omnium
693 3030 940 3084 intimutn
966 3029 1271 3085 cubiculum
1294 3028 1437 3099 quod
1469 3026 1734 3082 thalamus
1777 3028 2005 3096 appella-

425 3132 533 3190 tur,
562 3124 652 3178 ubi
695 3139 888 3193 sponsa
935 3139 1058 3179 cum
1114 3139 1313 3194 sponso
1365 3123 1739 3193 requiescens,
1793 3130 2002 3176 secreta

425 3214 705 3286 profundae
735 3216 1099 3285 intelligentia
1124 3232 1245 3271 cum
1282 3230 1347 3270 eo
1376 3215 1587 3271 confert
1616 3233 1629 3268 :
1670 3216 1738 3268 ita
1783 3214 1835 3267 in
1874 3213 2008 3268 Can-

429 3312 552 3367 ticis
576 3311 909 3367 canticorum
959 3320 1143 3367 sancta
1197 3326 1393 3380 sponsa
1442 3309 1682 3366 Ecclesia
1714 3307 2009 3379 profundos

429 3415 487 3459 et
516 3405 775 3476 mystieos
810 3405 929 3461 fidei
969 3392 1250 3461 sermones
1294 3419 1416 3459 cum
1478 3418 1578 3460 suo
1632 3415 1832 3473 sponso
1882 3417 2006 3455 con-

428 3498 557 3565 fert,
583 3510 637 3554 et
667 3500 779 3553 ait:

1108 3765 1261 3822 CAP.
1298 3767 1336 3821 I.

500 3864 542 3920 I.
578 3864 736 3920 Vens.
760 3862 810 3915 i.
838 3860 1118 3915 Osculelur
1147 3876 1227 3913 me
1255 3859 1319 3912 ab
1348 3858 1540 3914 osculis
1567 3861 1671 3913 oris
1693 3860 1791 3914 sui.

503 4049 781 4120 Tanquam
823 4041 1231 4115 parauymphis,
1269 4052 1322 4095 ut
1368 4041 1440 4095 ita
1477 4041 1682 4106 dicam,
1726 4057 1753 4094 a
1805 4041 2013 4098 cmlesti

431 4155 630 4215 sponso
676 4137 854 4193 missis
900 4136 965 4188 ad
998 4132 1370 4187 charissimam
1401 4147 1678 4202 sponsam,
1711 4135 1868 4203 eique
1896 4135 2016 4202 pul-

433 4232 800 4291 chritudinem
844 4226 1025 4298 sponsi
1083 4224 1431 4277 narrantibus
1483 4223 1583 4293 (sic
1621 4225 1762 4278 enim
1792 4224 1858 4279 ad
1896 4240 2013 4279 eam

433 4326 695 4382 inclamat
752 4319 1023 4375 Isaias":
1066 4335 1084 4367 ι
1116 4317 1221 4371 Iste
1266 4316 1543 4384 speciosus
1590 4316 1640 4370 in
1685 4316 1859 4383 stola;
1902 4336 1920 4368 ι
1963 4328 2018 4371 et

433 4431 622 4474 rursus
653 4414 790 4468 alius
825 4412 953 4467 dicit
982 4410 1024 4443 ¹⁸
1063 4428 1074 4464 :

434 4508 744 4569 hominum;
792 4523 811 4555 i
858 4515 1021 4571 atque
1066 4503 1262 4555 iterum
1310 4502 1446 4555 alter
1496 4501 1780 4553 consilunn
1809 4502 1917 4560 dat.
1966 4510 2019 4555 et

435 4599 568 4655 dicit
600 4613 614 4651 :
650 4615 671 4648 ι
705 4596 925 4650 Amicus
961 4593 1158 4655 fidelis,
1203 4593 1473 4660 proiectio
1521 4590 1776 4645 fortis":
1811 4592 2017 4648 amicus

435 4690 632 4753 ﬁdelis,
675 4686 1026 4756 pharmacnm
1088 4684 1269 4737 vitaz”
1307 4700 1322 4737 :
1358 4684 1499 4736 ﬁdeli
1552 4683 1727 4737 amico
1784 4699 1887 4737 non
1936 4694 2017 4739 est

436 4778 809 4852 compensatio
861 4778 999 4843 ¹¹;›
1067 4784 1123 4830 et
1175 4774 1341 4829 David
1391 4776 1463 4828 ita
1516 4789 1634 4828 eam
1677 4775 2015 4846 alloquitur:

509 4919 554 4950 ¹³
587 4919 691 4972 lsa.
722 4930 774 4978 ν,
810 4915 859 4969 ¹Ι.
941 4912 985 4945 ³⁸
1011 4913 1027 4967 ι
1057 4913 1183 4979 licg.
1218 4928 1276 4971 tt.
1309 4912 1355 4964 i.

438 5004 587 5053 XLIV,
615 4988 670 5043 5.
749 4986 794 5017 ¹⁹
823 4985 987 5039 Eccli.
1023 5000 1092 5045 Vt,
1138 4983 1223 5037 15.
1301 4983 1346 5013 ¹⁰
1376 4983 1503 5037 ibid.
1546 4982 1628 5033 16.
1704 4985 1746 5015 ’⁸
1786 4985 1909 5066 ibid.
1945 4985 2030 5039 15.

513 5142 626 5213 (20)
678 5140 770 5195 Sic
826 5139 1214 5200 scribendum,
1274 5153 1378 5188 non
1435 5147 1492 5189 ut
1549 5138 1746 5192 habent
1796 5141 2029 5204 codices,
2073 5176 2081 5185 .

440 5216 627 5353 ῆσῗέί)
657 5279 840 5353 Barb.,
861 5280 1074 5353 Ausim.
1094 5287 1147 5353 et
1172 5293 1320 5353 meus
1351 5277 1488 5353 male
1506 5277 1792 5349 ἀκρίϐασε.
1832 5277 2024 5332 Thcat.

443 5348 745 5426 captane;
772 5351 830 5404 δέ
874 5367 984 5426 μοι.
1011 5349 1220 5426 Mallem
1251 5348 1578 5426 ἀκρίϐωσαι.

518 5417 633 5506 (‘22)
684 5417 885 5479 Theat.
929 5418 1279 5491 ὑπογραφῆς.
1325 5417 1481 5475 Meus
1524 5428 1575 5473 et
1627 5417 1847 5474 Barher.
1888 5419 2028 5473 ἀπο-

450 5511 767 5643 Υρῗξξῗςξίο
796 5562 1099 5643 emendavi.
1129 5559 1281 5643 ideas
1305 5569 1359 5614 et
1386 5560 1604 5643 Bar'her.
1635 5558 1913 5643 ποθείσαςΣ

521 5630 633 5703 (τι)
675 5636 889 5690 Auxim.
937 5634 1029 5688 καὶ
1093 5635 1192 5703 τῆς
1247 5630 1602 5703 σωφροσύνης
1656 5630 2016 5703 περιστρέψαι

449 5700 637 5779 ἀρετῇ.
669 5705 861 5763 Theat.
906 5706 1064 5762 habet
1107 5700 1464 5775 περιστρέᾦη-
1511 5700 1651 5769 ιηοιιυ
1688 5700 2014 5773 περιστέφει

1438 4912 1480 4943 ¹⁵
1517 4910 1654 4983 Psal.
1677 4928 1796 4971 xcv.
1823 4913 1915 4976 97,
1945 4923 1997 4966 ct
2017 4930 2174 4972 cxux
2197 4960 2209 4983 ,
2246 4918 2296 4973 i.

2108 1836 2419 1893 σκανδάλων
2484 1838 2746 1910 πορνικῆς
2803 1836 3011 1899 ἐννοίας
3078 1834 3488 1906 ἀπηλλαγμένῳ
3549 1834 3696 1904 ἡτοί-

2111 1949 2333 2005 μασται.
2396 1930 2521 1983 Ἐὰν
2556 1929 2666 2001 γὰρ
2713 1929 2786 2001 μή
2822 1946 2906 1992 τις
2950 1928 3012 1980 τὸ
3063 1926 3256 1981 ἑαυτοῦ
3304 1928 3557 1997 φρόνημα
3587 1925 3697 1978 τῶν

2111 2025 2390 2098 σαρκικῶν
2427 2022 2716 2095 ἀπαλλάξῃ
2754 2019 2965 2086 παθῶν,
2992 2021 3093 2073 οὐκ
3124 2019 3271 2072 ἐστιν
3312 2017 3461 2089 αὐτῷ
3488 2018 3556 2071 τὰ
3584 2017 3695 2088 νᾼο

2109 2135 2292 2188 σματα
2322 2117 2427 2170 τῶν
2457 2115 2736 2187 ᾀσμάτων,
2765 2113 2889 2166 οὔτε
2923 2112 2990 2165 τά
3012 2113 3178 2180 ’Ἅγια
3212 2110 3318 2164 τῶν
3343 2109 3535 2179 ἁγίων,
3564 2109 3689 2162 οὔτε

2106 2211 2175 2263 τὰ
2204 2210 2455 2263 Σάϐϐατα
2481 2208 2589 2262 τῶν
2620 2205 2927 2259 σαϐϐάτων.
2972 2205 3097 2259 Ἐὰν
3129 2204 3185 2258 δέ
3239 2221 3319 2268 τις
3356 2203 3693 2274 παρωσάμεα-

2108 2324 2195 2370 νος
2224 2307 2403 2359 πάντα
2431 2304 2499 2357 τὰ
2530 2299 2799 2356 σκάνδαλα
2829 2300 2922 2353 καὶ
2949 2298 3046 2370 τὴν
3072 2290 3296 2369 ἔννομον
3319 2296 3689 2368 ποθήσαςβό)

2109 2403 2351 2472 εἰρήνην,
2397 2398 2459 2451 τὺ
2506 2395 2696 2449 ἑαυτοῦ
2747 2394 3002 2465 φρόνημα
3040 2392 3134 2446 καὶ
3180 2392 3243 2444 τὸ
3295 2389 3455 2460 σῶμα
3489 2392 3554 2459 τῇ
3599 2388 3696 2457 τῆς

2109 2490 2461 2563 σωφροσύνης
2504 2485 2844 2560 περιστρέψη
2890 2486 3058 2556 ἀρετῇ
3114 2482 3248 2553 (Ἡ),
3292 2480 3442 2551 αύτῷ
3476 2481 3591 2533 ἐστι
3629 2480 3698 2532 τά

2112 2584 2368 2654 Ι’ᾼσματα
2416 2581 2525 2635 τῶν
2574 2577 2853 2651 ᾀσμάτων,
2917 2576 3069 2629 οὐδὲν
3116 2576 3304 2643 γήινον
3351 2571 3384 2643 ἢ
3435 2570 3705 2643 σαρκικὶν-

2108 2673 2337 2736 νοοῦντι,
2386 2671 2521 2726 ἀλλὰ
2568 2672 2743 2725 πάντα
2790 2666 3177 2739 πνευματικῶς
3222 2665 3288 2719 τὰ
3333 2662 3695 2735 γεγραμμένα

2107 2765 2400 2837 δεχομένῳ,
2432 2766 2528 2818 καὶ
2566 2764 2736 2828 ὅντως
2777 2760 3177 2834 εἰρηνευομένῳ
3197 2777 3210 2791 ·
3246 2776 3264 2808 ι
3289 2758 3493 2827 Εἰρήνη
3521 2756 3651 2824 γὰρ,
3675 2772 3697 2800 ι

2098 2859 2292 2929 φησιν,
2333 2877 2350 2908 ‹
2376 2858 2484 2919 τοῖς
2515 2855 2770 2923 ἀγαπῶσι
2800 2854 2890 2905 τὸν
2918 2853 3082 2922 νόμον
3129 2867 3245 2914 σου,
3295 2849 3387 2902 καὶ
3422 2847 3523 2901 οὐκ
3552 2845 3703 2898 ἔστιν

2109 2952 2293 3012 αὐτοῖς
2322 2947 2635 3001 σκάνδαλον.
2662 2965 2677 2995 γ
2714 2945 2926 3015 Ὥσπερ
2953 2942 3009 2994 δὲ
3038 2941 3187 2993 οἴκου
3214 2938 3321 2990 εἰσὶ
3362 2935 3697 3007 προπύλαια,

2111 3040 2207 3093 καὶ
2231 3036 2496 3100 πυλῶνες,
2528 3035 2679 3088 στοαί
2711 3051 2771 3086 τε
2806 3033 2901 3086 καὶ
2929 3029 3191 3100 τρίκλινοι
3233 3027 3328 3080 καὶ
3366 3022 3504 3079 οἶκοι
3541 3042 3697 3095 περι-

2110 3132 2298 3199 φανεῖς
2315 3143 2330 3158 ·
2352 3127 2558 3181 τούτων
2575 3127 2631 3180 δὲ
2655 3125 2872 3179 πάντων
2893 3120 3162 3176 ὲσώτατόν
3180 3121 3296 3172 ἐστι
3317 3121 3539 3188 ταμεῖον
3563 3117 3699 3187 (25),

2110 3221 2138 3273 ὁ
2169 3217 2714 3292 προσαγορευόμενος
2742 3212 2959 3277 κοιτὼν,
2990 3214 3046 3264 ὲν
3074 3204 3119 3278 ᾧ
3149 3212 3183 3281 ἡ
3213 3209 3399 3280 νύμφη
3436 3208 3576 3278 μετὰ
3602 3206 3698 3259 τοῦ

2110 3313 2344 3384 νυμφίου
2373 3308 2787 3380 ἀναπαυομένη,
2814 3307 2909 3359 καὶ
2934 3305 3002 3358 τὰ
3029 3303 3323 3373 ἀπόκρυφα
3347 3301 3448 3369 τῆς
3479 3298 3703 3370 βαθείας

2111 3402 2290 3459 αὐτῶν
2317 3402 2430 3473 (εδ)
2477 3400 2734 3470 γνώσεως
2775 3396 3099 3470 προσλαλεῖ·
3154 3393 3300 3448 οὕτω
3349 3393 3442 3447 καλ⁸
3488 3394 3545 3445 ὲν
3590 3394 3703 3453 τοῖς

2115 3497 2357 3568 ’ᾼσμασι
2386 3495 2496 3549 τῶν
2526 3493 2785 3566 ᾀσμάτων
2814 3494 2848 3562 ἡ
2902 3490 3033 3559 ἁγία
3076 3487 3261 3559 νύμφη
3305 3483 3600 3554 Ἐκκλησία
3635 3480 3702 3535 τά

2115 3589 2284 3662 βαθέα
2352 3589 2447 3642 καὶ
2503 3583 2855 3658 μυστηριώδη
2905 3583 3003 3653 τῆς
3054 3581 3292 3643 πίστεως
3352 3578 3574 3648 ῥήματα
3626 3572 3702 3643 τῷ

2117 3681 2230 3753 ἰδίῳ
2260 3679 2550 3752 προσλαλεῖ
2573 3678 2811 3748 νυμφίῳ,
2845 3674 2937 3727 καί
2969 3691 3101 3744 φησι
3121 3688 3167 3710 '-

2770 3767 2916 3820 ΚΕΦ.
2955 3767 3030 3819 Ᾱ¹.

2185 3863 2262 3919 A'.
2291 3864 2382 3917 Στ.
2424 3869 2491 3917 α’.
2533 3860 2850 3929 (Iul-r10de
2876 3876 2951 3928 με
2983 3855 3098 3911 ἀπὸ
3124 3853 3471 3924 φιλημάτων
3496 3848 3707 3916 στέψα-

2115 3952 2217 4002 τος
2258 3934 2464 3989 αὐτοῦ.

2187 4043 2289 4102 Οἷα
2315 4046 2717 4118 νυμφαγωγῶν,
2757 4043 2831 4106 ὡς
2878 4042 3075 4100 εἰπεῖν,
3113 4036 3261 4109 παρὰ
3312 4026 3404 4086 τοῧ
3465 4031 3704 4101 ἐπουρα-

2117 4141 2230 4195 νίου
2263 4140 2496 4209 νυμφίου
2531 4138 2623 4191 ἐπὶ
2654 4136 2755 4208 τὴν
2785 4135 2971 4203 τιμίαν
3002 4130 3222 4201 νύμφην
3252 4123 3702 4194 ἀπεσταλμένων,

2119 4231 2213 4285 καὶ
2236 4231 2330 4283 τοῦ
2364 4229 2598 4301 νυμφίου
2627 4228 2687 4281 τὸ
2722 4226 2916 4288 κάλλος
2939 4225 3073 4292 αὐτῇ
3100 4217 3472 4291 διηγουμένων
3514 4212 3709 4283 (οὓτως

2124 4323 2221 4393 μὲν
2258 4324 2478 4375 Ἡσαΐου
2526 4322 2757 4391 βοῶντος
2791 4318 2950 4387 αὐτῇ
2989 4334 3006 4366 ι
3041 4305 3210 4373 Οὗτος
3244 4311 3445 4382 ὡραῖος
3486 4310 3543 4360 ὲν
3582 4323 3707 4358 στο-

1117 4433 1134 4462 ι
1168 4407 1458 4479 Speciosus
1514 4408 1684 4461 forma
1738 4424 1847 4476 prae
1891 4409 2006 4464 ﬁliis

2118 4414 2203 4485 λῇ·
2247 4434 2264 4465 ι
2293 4415 2387 4468 καὶ
2416 4413 2577 4467 πάλιν
2600 4411 2759 4466 ἄλλου
2784 4409 3052 4476 λέγοντος·
3091 4424 3108 4456 ι
3150 4404 3365 4474 Ὠραῖος
3393 4398 3577 4453 κάλλει
3605 4415 3708 4451 πα-

2127 4504 2194 4577 ρὰ
2242 4508 2354 4568 τοῖς
2389 4505 2525 4567 υἱοῖς
2569 4501 2678 4555 τῶν
2718 4497 3039 4568 ἀνθρώπιον⁸
3086 4514 3103 4545 ι
3158 4492 3252 4545 καὶ
3305 4489 3467 4544 πάλιν
3522 4487 3709 4557 ἐτέρου

2124 4598 2604 4670 συμϐουλεύοντος,
2646 4594 2741 4649 καὶ
2768 4593 3038 4660 λέγοντοςσ
3079 4606 3096 4639 ι
3135 4586 3290 4647 Φίλος
3336 4583 3544 4646 πιστὸς,
3582 4581 3709 4634 σκέ-

2124 4708 2199 4760 πη
2228 4689 2486 4762 κραταιά-
2526 4688 2678 4757 φίλος
2741 4683 2953 4746 πιστὸς,
3009 4680 3300 4750 φάρμακον
3354 4675 3519 4748 ζωῆς·
3555 4672 3713 4741 φίλου
3766 4743 3783 4756 .

2093 4781 2318 4835 ρπιστοῦ
2348 4781 2451 4835 οὐκ
2480 4780 2628 4834 ἐστιν
2656 4775 3030 4843 ἀντάλλαγμα·
3070 4791 3088 4824 ι
3126 4771 3219 4825 καὶ
3260 4768 3355 4822 τοῦ
3391 4766 3553 4821 Δαϐὶδ
3583 4782 3710 4818 συν-

2374 4921 2418 4951 ¹⁶
2442 4920 2584 4975 Psal.
2609 4933 2795 4979 cxtttt,
2834 4914 2952 4970 H55.
3033 4912 3072 4942 ”
3110 4911 3207 4964 lsa.
3238 4926 3327 4968 ιχ.
3366 4908 3415 4959 i.
3494 4906 3535 4935 ‘“
3568 4904 3708 4960 Psal.

2139 5148 2194 5191 ct
2240 5139 2315 5192 sic
2354 5139 2547 5206 legisse
2583 5137 2798 5189 videtur
2832 5147 2986 5189 vetus
3036 5135 3335 5206 interpres,
3382 5131 3471 5206 qui
3517 5132 3669 5206 vertit
3696 5170 3712 5193 ,

2144 5228 2162 5260 ι
2201 5225 2351 5261 suam
2394 5201 2628 5261 animam
2665 5208 2821 5259 sintnl
2858 5216 2909 5259 et
2955 5219 3149 5271 corpus
3198 5202 3462 5255 castitatis
3509 5201 3708 5254 virtute

2137 5289 2412 5333 coronet.»
2451 5280 2543 5333 Sic
2584 5279 2746 5332 etiam
2793 5277 3042 5330 habuisse
3074 5272 3370 5343 putaverint
3405 5272 3456 5323 in
3490 5286 3588 5324 suo
3621 5285 3713 5323 en-

2136 5351 2253 5405 dice
2284 5348 2618 5412 Salutatum;
2667 5347 2827 5400 vertit
2878 5346 3020 5399 enim
3052 5342 3122 5396 :71
3153 5342 3393 5409 Corpore
3423 5351 3620 5412 castus
3656 5354 3714 5396 et

2136 5421 2317 5472 animo
2358 5411 2831 5487 tetnperantimtpte
2862 5414 3066 5487 viribus
3096 5412 3324 5466 vallatus
3354 5411 3478 5466 erit.
3510 5429 3528 5462 ι

2206 5489 2319 5565 (ἓξ)
2360 5485 2590 5565 ilcsj'cli.
2615 5489 2861 5558 ταμεῖον,
2886 5485 3144 5565 θάλαμοςἒ

2206 5550 2319 5629 (‘26)
2360 5550 2852 5629 Legendutn'pttlo
2901 5550 3069 5625 αὐτῷ.
3118 5552 3210 5609 Sic
3258 5552 3417 5624 paulo
3463 5560 3583 5623 post
3636 5550 3717 5624 τῷ

2132 5626 2250 5703 ίδίῳ
2278 5626 2574 5702 προσκαλεῖ
2604 5626 2836 5700 νυμφίῳ.
