4038 6134
304 374 373 432 Z3
1235 372 1640 428 ENARRA'IIU
1680 374 1748 425 1N
1798 374 1888 427 CA

1991 374 2171 428 IL‘L'M
2214 376 2688 432 CANTICORUM.
3504 381 3587 437 54⁸

304 489 617 564 ομιλοῧντος
658 488 775 563 (27)
809 488 969 562 αὐτῇ·
1010 507 1029 541 ι
1061 489 1349 553 Ἄκουσον,
1382 488 1643 560 θύγατερ,
1683 490 1778 543 καὶ
1807 489 1890 543 ἴδε

2016 511 2035 544 ‹
2072 495 2228 559 Audi,
2282 494 2387 548 tilia
2421 512 2434 547 :
2470 505 2519 546 et
2561 493 2705 557 vide,
2754 501 2806 549 et
2851 492 3045 548 inclina
3085 506 3269 549 aurem
3319 502 3497 557 tuam,
3525 504 3579 549 et
3663 547 3667 551 .

302 585 398 638 καὶ
451 583 634 638 κλῖνον
693 583 757 636 τὸ
807 578 907 646 οὖς
943 598 1069 635 σου·
1137 582 1231 635 καὶ
1291 582 1550 636 ἐπιλάθου
1618 574 1711 635 τού
1771 582 1900 635 λαοῦ

304 691 398 730 σου
437 674 573 745 (28),
609 673 828 728 καὶτοῦ
859 674 1009 727 οίκου
1039 672 1134 726 τοῦ
1172 672 1378 744 πατρός
1419 690 1533 725 σου·
1585 675 1681 726 καὶ
1712 673 1900 726 ἐπιθυ-

306 767 469 838 μήσει
501 767 535 817 ὁ
570 763 826 834 βασιλεὺς
873 763 968 816 τοῦ
1010 760 1241 824 κάλλους
1290 780 1404 819 σου.
1459 764 1543 817 ὅτι
1584 764 1745 827 αὐτός
1784 766 1900 818 ἐστι

301 858 510 931 Κύριός
536 875 651 912 σου·
700 877 720 908 ι
754 858 851 911 καὶ
880 856 1041 911 πάλιν
1082 857 1303 911 Ἡσαΐου
1335 857 1426 911 τὸν
1452 856 1673 927 ἔννομον
1698 857 1900 927 τιμῶν-

299 967 394 1014 τος
446 950 646 1020 γάμον,
683 950 779 1002 καὶ
831 948 1086 1018 λέγοντος
1129 949 1295 1021 αὑτῇο
1345 967 1363 999 ι
1408 949 1504 1002 Ὀν
1558 949 1759 1021 τρόπον
1805 951 1899 1003 εὖ·

303 1039 675 1112 φῳνθήσεται
719 1040 954 1110 νυμφίος
985 1040 1078 1093 ἐπὶ
1104 1042 1170 1111 τῇ
1200 1039 1408 1112 νύμφῃ,
1439 1039 1613 1104 οὕτως
1656 1043 1898 1114 εὐφραν-

302 1131 529 1204 θήσεται
560 1131 769 1203 Κύριος
798 1134 890 1185 ἐπὶ
916 1132 996 1185 σοί
1033 1132 1109 1203 ›)’
1154 1130 1343 1204 ὥσπερ
1369 1128 1462 1186 οὖν
1491 1132 1696 1187 τούτων
1721 1136 1900 1188 ἑνωτι-

298 1226 513 1296 σαμένη
555 1226 650 1278 καὶ
678 1224 854 1279 ἄλλων
890 1226 1091 1296 ὁμοίων
1128 1224 1162 1295 ἡ
1198 1223 1511 1297 καλουμένη
1542 1225 1727 1298 νύμφη
1760 1227 1895 1298 (29),

296 1319 579 1385 ἀντιφωνεῖ
614 1318 711 1371 καὶ
743 1316 913 1385 λέγει·
943 1316 1260 1384 Φιλησάτω
1291 1334 1370 1387 με
1401 1317 1521 1373 ἀπὸ
1547 1318 1897 1388 φιλημάτων

297 1412 599 1480 στόματος
632 1409 842 1464 αὑτοῦ.
876 1410 948 1464 Σὺ
993 1408 1147 1478 γοῦν,
1188 1411 1298 1474 πᾶς
1340 1411 1370 1463 ὁ
1404 1410 1754 1483 ἀκροώμενος
1786 1411 1895 1465 τῶν

297 1502 692 1573 πνευματικῶν
717 1503 999 1573 ᾀσμάτων,
1030 1503 1112 1556 ὅτι
1145 1503 1360 1574 φίλημα
1387 1504 1763 1573 πνευματικὸν
1796 1505 1891 1558 καὶ

296 1595 568 1667 ἄχραντον
601 1594 702 1664 τῆς
733 1592 936 1663 σαρκὸς
966 1592 1187 1657 ἀκούεις
1221 1593 1455 1665 φίλημα,
1485 1594 1560 1665 μὴ
1588 1593 1893 1666 τιτρώσκου

293 1689 397 1758 τὴν
441 1686 684 1740 διάνοιαν
736 1688 858 1748 ταῖς
894 1686 993 1756 τῆς
1025 1687 1227 1759 σαρκὸς
1265 1685 1636 1758 ἡδυπαθείαις.
1679 1687 1893 1758 Φίλημα

294 1778 409 1849 γὰρ
475 1776 846 1849 πνευματικὸν
913 1776 1211 1848 φιλήματος
1281 1775 1547 1848 σαρκικοῦ
1610 1775 1745 1830 πολὺ
1798 1777 1893 1830 καὶ

294 1871 645 1942 ἀσυγκρίτως
677 1870 973 1942 διενήνοχε,
1009 1869 1262 1941 καθάπερ
1284 1871 1318 1941 ἡ
1354 1869 1535 1941 ἡμέρα
1567 1870 1668 1940 τῆς
1700 1869 1891 1935 νυκτὸς

2005 586 2196 641 oblivis
2231 603 2321 641 ere
2359 589 2611 655 populum
2645 596 2792 641 tuum
2827 592 2881 640 et
2902 587 3119 643 domqu
3149 586 3315 655 patris
3370 589 3446 641 lui
3480 605 3494 642 :
3527 598 3580 642 et

2007 678 2350 746 Concupiscet
2405 694 2496 733 rex
2562 679 3015 749 pulchritudinem
3076 691 3257 743 tuaui,
3304 683 3427 748 quia
3472 694 3580 749 ipsc

2001 779 2083 821 est
2118 767 2377 824 Dominus
2410 771 2549 825 Deus
2581 780 2703 825 tuus
2734 773 2779 804 "
2809 788 2826 826 :
2858 790 2877 824 ι
2910 782 2964 827 et
2994 786 3182 826 rursus
3217 769 3388 827 Isaias
3410 770 3578 841 legiti-

2003 875 2119 914 mas
2170 861 2443 916 honor-aus
2473 863 2709 932 nuptias,
2758 863 2891 917 dicit
2934 878 2981 917 et
3031 863 3077 895 ³³
3110 883 3123 918 :
3162 881 3181 914 ι
3215 863 3582 930 Quemadmo-

1999 952 2125 1005 dum
2158 952 2426 1006 Imtabitur
2455 968 2687 1023 sponsus
2717 956 2767 1008 in
2799 970 3020 1023 sponsa,
3057 954 3137 1009 sic
3172 954 3443 1012 laetabitur
3476 953 3580 1008 Do-

2001 1045 2184 1099 minus
2222 1046 2272 1097 in
2311 1055 2360 1099 te
2387 1047 2472 1113 ›);
2515 1047 2665 1115 quasi
2713 1047 2874 1115 igitur
2909 1048 2993 1101 his
3054 1047 3278 1115 aliisque
3319 1045 3578 1115 ejusmodi

2009 1137 2352 1191 sermonibus
2382 1152 2574 1207 sponsa
2609 1140 2853 1206 praebens
2879 1152 3038 1191 aures
3066 1137 3287 1204 clamat,
3332 1148 3385 1191 et
3413 1137 3577 1190 dicit:

2010 1227 2293 1281 Oscnletur
2317 1245 2397 1282 me
2428 1231 2493 1281 ab
2521 1228 2712 1282 osculis
2745 1229 2849 1282 oris
2882 1230 2986 1282 sui.
3016 1226 3094 1281 Tu
3124 1229 3308 1299 igitur,
3336 1227 3578 1297 quisquis

1998 1320 2218 1375 Cantica
2256 1323 2588 1376 canticorum
2633 1324 2806 1385 audis,
2838 1322 3054 1391 quando
3094 1321 3372 1389 spirituale
3415 1330 3465 1375 et
3511 1323 3579 1377 ab

1996 1414 2140 1467 omni
2178 1429 2345 1468 carne
2385 1431 2578 1484 purum
2632 1416 2873 1470 osculum
2931 1416 3105 1479 audis,
3164 1414 3271 1468 noli
3344 1421 3577 1469 mentem

1996 1506 2304 1560 carnalibus
2354 1507 2555 1561 laedere
2595 1508 2979 1578 voluptatibus.
3014 1507 3269 1562 Osculum
3296 1508 3441 1559 enim
3471 1507 3572 1574 spio

1999 1597 2191 1651 rituale
2242 1598 2448 1652 carnali
2496 1597 2681 1653 osculo
2721 1600 2890 1653 multo
2923 1609 3092 1653 estet
3130 1601 3249 1654 sine
3288 1610 3579 1667 comparaa

1994 1689 2142 1744 tione
2164 1691 2529 1757 praestantius,
2561 1691 2703 1745 sicut
2727 1691 2842 1746 dies
2867 1701 3077 1745 noctem
3101 1690 3304 1744 lumine
3330 1698 3574 1758 superat.

1995 1781 2458 1848 Quemadmodum
2497 1783 2639 1836 enim
2707 1799 2903 1853 corpus
2955 1792 3037 1838 est
3068 1784 3322 1845 animale,
3367 1793 3421 1837 et
3451 1798 3573 1836 cor-

1993 1888 2090 1942 pus
2121 1873 2400 1943 spirituale
2427 1874 2510 1928 “:
2550 1877 2620 1930 ita
2668 1876 2907 1930 osculum
2939 1884 3022 1931 est
3052 1875 3294 1942 carnale,
3327 1886 3381 1929 et
3412 1890 3575 1930 oscu-

296 1964 439 2033 φωτὶ
470 1963 881 2035 ἐπερίσσευσεν.
913 1961 1124 2034 Ὥσπερ
1155 1960 1266 2032 γὰρ
1302 1961 1416 2013 ἔστι
1449 1960 1609 2031 σῶμα
1637 1959 1886 2030 ψυχικὸν,

1992 1965 2101 2019 lunt
2137 1966 2433 2035 spirituale.
2472 1965 2663 2020 Verum
2700 1967 2917 2022 carnale
2946 1978 3207 2023 terrestre
3247 1977 3367 2033 est;
3409 1967 3568 2038 spiri-

294 2060 390 2112 καὶ
447 2057 562 2111 ἐστι
616 2056 775 2127 σῶμα
836 2052 1222 2124 πνευματικόν·
1269 2052 1443 2116 οὕτως
1490 2053 1607 2106 ἐστι
1676 2053 1888 2126 φίλημα

297 2149 583 2223 σαρκικδν,
612 2151 707 2203 καὶ
752 2147 965 2218 φίλημα
1013 2146 1403 2216 πνευματικόν.
1458 2145 1619 2199 Ἀλλὰ
1667 2146 1727 2200 τὸ
1790 2147 1889 2219 μὲν

296 2240 561 2316 σαρκικῦν
591 2242 831 2310 ἐπίγειον
850 2257 863 2270 θ
893 2240 953 2292 τὸ
976 2239 1034 2292 δὲ
1058 2237 1426 2309 πνευματικὸν
1448 2238 1791 2311 ἐπουράνιον.
1822 2239 1889 2293 Ἡ

192 2316 205 2330 ’
291 2334 474 2391 τοίνυν
521 2335 615 2389 ἐπὶ
662 2335 766 2405 γῆς
792 2331 945 2402 φιλία
976 2332 1086 2403 (50)
1133 2330 1327 2400 ὲπιμίξ
1355 2332 1470 2384 ἐστι
1499 2330 1665 2384 καλοῦ
1703 2346 1763 2383 τε
1793 2331 1889 2384 καὶ

292 2426 489 2480 κακοῦ.
526 2423 683 2495 Καλὴ
710 2423 819 2495 γὰρ
846 2424 880 2493 ἡ
915 2422 1042 2494 περὶ
1064 2419 1242 2489 γάμον
1276 2417 1445 2488 φιλία,
1483 2418 1629 2490 κακὴ
1655 2417 1713 2470 δὲ
1732 2418 1766 2486 ἡ
1792 2433 1889 2469 πε-

293 2521 349 2590 ρὶ
395 2517 672 2590 πορνείαν.
708 2514 783 2568 Οὐ
834 2513 943 2585 γὰρ
989 2511 1125 2583 πρὸς
1168 2511 1335 2583 μόνας
1366 2509 1466 2573 τὰς
1501 2509 1606 2563 ὑπὸ
1631 2508 1767 2562 Θεοῦ
1794 2526 1889 2561 συ-
1926 2527 1931 2532 ·

291 2610 621 2681 ζευχθείσας
649 2610 830 2670 αὐτοῖς
857 2607 1105 2677 νομίμως
1128 2603 1375 2676 γαμετὰς
1399 2602 1648 2655 ἕλκονται
1683 2599 1889 2663 πάντες

289 2701 370 2773 τῷ
408 2700 560 2771 πόθῳ
589 2699 722 2771 (τοῖς
744 2698 788 2752 δ’
814 2696 1176 2769 ἀρκουμένοις
1199 2693 1394 2764 τούτῳ,
1420 2690 1621 2759 ἀγαθόν
1653 2690 1735 2763 [51
1829 2689 1888 2757 ἐξ

294 2793 505 2863 ἀγαθοῦ
528 2792 636 2864 γὰρ
670 2794 699 2845 ὁ
720 2791 941 2861 γάμος)·
968 2788 1103 2843 ἀλλὰ
1137 2787 1320 2841 πολλοὶ
1355 2786 1449 2840 κα)¹
1487 2785 1627 2856 μετὰ
1657 2783 1889 2854 ἀνομίας

295 2885 656 2956 κλεψιγάμοις
703 2884 885 2943 εὐναῖς
941 2881 1365 2953 συμπλέκονται,
1405 2878 1685 2948 δεινοτάτῃ
1734 2877 1888 2948 φιλίᾳ

289 2974 828 3050 οἰστρηλατούμενοι·
875 2974 996 3044 ἥτις
1028 2973 1211 3035 αὐτοῖς
1256 2971 1337 3033 είς
1373 2968 1574 3040 ἔχθραν
1615 2984 1889 3039 μετατρα-

292 3070 549 3140 πήσεται,
578 3069 711 3122 ὅταν
749 3065 892 3120 κατὰ
935 3064 1152 3119 πάντων
1179 3062 1289 3116 τῶν
1315 3061 1575 3133 κρυπτῶν
1618 3058 1886 3128 ἐποπτικὴ

290 3159 385 3214 τοῦ
419 3158 555 3212 Θεοῦ
591 3158 773 3229 κρίσις
825 3156 1189 3227 παραγίνεται
1248 3154 1463 3223 ἑκάστῳ
1506 3151 1575 3206 τὰ
1616 3151 1741 3218 ἄξια
1786 3168 1885 3204 τα-

294 3246 645 3319 μιεύσασθαι.
701 3246 765 3298 Ἦ
812 3244 868 3298 δὲ
920 3243 1126 3299 ἄνωθεν
1181 3243 1276 3296 καὶ
1323 3240 1551 3313 περὶτὰ
1581 3241 1693 3294 άνω
1732 3239 1884 3310 φιλία

292 3336 421 3405 ἁγία
451 3337 618 3401 ἐστὶν,
648 3334 899 3398 αἰωνίους
920 3333 1018 3398 τὰς
1039 3332 1380 3404 γλυκύτητας
1410 3331 1608 3402 ἔχουσα
1627 3370 1641 3393 ,
1673 3332 1883 3384 ἀκατα-

290 3428 566 3491 παύστους
622 3427 723 3492 τὰς
757 3425 1093 3498 εὐφροσύνας
1120 3424 1381 3497 βρύουσα,
1411 3422 1749 3494 ἀπεράντους
1785 3423 1886 3487 τὰς

289 3521 519 3584 εὐωδίας
560 3520 821 3584 πνέουσα,
853 3520 1126 3591 ἀρρήτους
1158 3517 1258 3581 τὰς
1295 3517 1452 3581 δόξας
1484 3516 1702 3586 ἔχουσα,
1730 3516 1884 3584 ίσαγ-

290 3613 482 3682 τέλους
536 3611 636 3676 τὰς
680 3611 851 3682 τιμὰς
896 3611 1156 3682 φέρουσα,
1186 3608 1349 3663 αὐτὸν
1390 3609 1480 3661 τὸν
1520 3609 1883 3678 ἀγαπήσαντα

294 3707 438 3778 ἡμᾶς
482 3703 689 3777 Κύριον
736 3706 869 3775 ἡμῖν
911 3700 1326 3775 ὲσοπτρίζουσα,
1369 3699 1468 3772 τὴν
1512 3700 1649 3771 πρὸς
1677 3700 1769 3753 τὸν
1793 3703 1884 3753 Δε-

292 3798 497 3870 σπότην
522 3796 840 3870 παρρησίαν
866 3793 1224 3869 προξενοῦσα,
1249 3794 1310 3846 τὺ
1348 3793 1634 3864 ἰσόρροπον
1659 3791 1760 3862 τῆς
1799 3791 1880 3844 δι-

290 3890 583 3961 καιοσύνης
617 3889 919 3956 ἐπάγουσα,
958 3886 1051 3941 καὶ
1103 3886 1197 3938 ἐπὶ
1254 3885 1360 3955 γῆς
1409 3884 1502 3938 καὶ
1545 3886 1602 3936 ὲν
1634 3884 1883 3955 οὐρανοῖς

290 3987 455 4058 τιμὴν
499 3985 595 4039 καὶ
633 3983 791 4050 δόξαν
826 3981 1091 4053 φέρουσα.
1131 3979 1403 4049 Ἀκήκοας
1445 3976 1745 4048 φιλήματος
1788 3975 1884 4028 καὶ

296 4079 601 4149 φιλήματος
636 4074 900 4145 διαφορὰν
954 4073 1048 4126 καὶ
1091 4070 1364 4142 διάκρισιν
1401 4067 1550 4139 (52);
1602 4068 1776 4122 Γνῶθι
1823 4071 1884 4121 τὸ

1999 2058 2142 2113 tuale
2195 2068 2277 2112 est
2331 2058 2571 2113 cmleSIe.
2626 2059 2792 2113 Amor
2826 2059 2991 2130 igitur
3029 2058 3082 2113 in
3132 2060 3233 2113 hac
3266 2070 3408 2113 terra
3450 2074 3579 2129 pros

1994 2149 2200 2204 miscue
2241 2157 2326 2204 est
2369 2160 2482 2204 tum
2521 2150 2645 2205 honi
2695 2160 2807 2203 tum
2857 2150 3002 2205 mali.
3059 2150 3240 2205 Bonus
3292 2151 3434 2206 enim
3490 2158 3575 2205 est

1992 2249 2144 2289 amor
2198 2236 2250 2290 in
2305 2238 2524 2306 nuptiis,
2584 2238 2862 2306 improbus
2921 2240 2974 2292 in
3023 2237 3412 2307 fornicatione;
3467 2254 3573 2295 non

1994 2326 2139 2380 enim
2174 2343 2363 2383 omnes
2404 2329 2673 2385 desiderio
2727 2332 2792 2384 ad
2849 2331 2990 2386 solas
3019 2333 3307 2385 trahuntur
3350 2345 3567 2396 uxores,

1996 2434 2120 2489 qua:
2176 2420 2282 2473 illis
2326 2435 2355 2472 a
2415 2420 2521 2474 Deo
2565 2421 2803 2490 legitime
2854 2432 2977 2476 sunt
3015 2424 3351 2493 conjuncjm;
3401 2433 3454 2476 et
3506 2423 3573 2479 iis

1990 2512 2210 2578 quidem
2267 2513 2357 2580 qui
2404 2528 2468 2565 eo
2518 2515 2758 2567 contenti
2810 2524 2954 2575 sunt,
2997 2515 3046 2566 id
3099 2515 3300 2568 bonum
3335 2526 3465 2568 est:
3503 2528 3571 2568 ex

1990 2601 2132 2655 bono
2157 2601 2299 2655 enim
2333 2602 2551 2671 nuptiae.
2587 2599 2783 2655 Verum
2834 2602 2981 2655 inulti
3016 2602 3216 2655 furtivo
3284 2602 3573 2657 concubitu

1991 2708 2113 2748 cum
2143 2693 2336 2748 alienis
2367 2693 2626 2747 uxoribus
2653 2695 3100 2758 tomutiscentnr,
3136 2693 3345 2748 nefario
3373 2695 3564 2763 perciti

1991 2801 2218 2851 amore;
2270 2786 2361 2855 qui
2404 2786 2621 2855 quidem
2659 2786 2710 2839 in
2743 2787 2922 2840 odium
2952 2787 3058 2841 illis
3089 2795 3280 2851 vertet,
3322 2801 3440 2841 cum
3480 2784 3574 2841 Dei

1984 2876 2250 2946 judicium
2288 2878 2496 2931 occulta
2534 2893 2762 2947 qua-que
2796 2880 3133 2947 perspiciens
3183 2880 3480 2946 advenerit,
3511 2888 3574 2935 ut

1990 2985 2148 3025 suum
2187 2985 2296 3039 quo
2326 2969 2552 3038 quisque
2582 2971 2775 3039 dignus
2802 2980 2902 3033 est,
2938 2972 3226 3040 unicuique
3258 2971 3571 3030 distribuat.

1992 3061 2225 3117 Sanctus
2288 3072 2468 3115 autem
2528 3076 2994 3133 superruo-nmque
3052 3074 3232 3117 rermn
3284 3078 3437 3118 amor
3484 3063 3573 3119 ille

1996 3164 2099 3217 est,
2137 3155 2230 3222 qui
2263 3153 2502 3207 infinitas
2544 3153 2784 3206 continet
2819 3154 3170 3220 dulcedines;
3234 3156 3324 3222 qui
3358 3155 3570 3223 gaudiis

1993 3259 2269 3313 nunquam
2304 3242 2681 3297 deﬁcientibus
2715 3251 2919 3308 scatet;
2977 3244 3405 3299 interminabilcs
3443 3245 3575 3297 odo-

1994 3353 2110 3391 rum
2145 3338 2313 3406 spirat
2351 3337 2644 3390 suavitates
2679 3351 2692 3400 ;
2735 3336 3058 3389 inell'ahilem
3099 3337 3259 3389 habet
3300 3335 3569 3405 gloriam;

1992 3429 2230 3483 honores
2287 3427 2442 3482 aﬂ‘ert
2500 3428 2760 3498 angelicis
2798 3428 3095 3481 honoribus
3139 3441 3334 3496 pares;
3394 3426 3571 3495 ipsum

1994 3519 2275 3572 Dominum
2311 3517 2401 3586 qui
2435 3532 2533 3570 nos
2557 3515 2765 3579 dilexit,
2802 3504 3056 3585 tanquam
3091 3515 3144 3569 in
3177 3515 3397 3585 speculo
3420 3514 3572 3568 nobis

1989 3611 2355 3681 aspicieudum
2395 3611 2654 3674 exhibet;
2702 3609 2954 3663 ﬁduciam
3004 3610 3070 3663 ad
3120 3609 3400 3663 Dominum
3432 3622 3571 3677 prte-

1989 3707 2112 3768 hct;
2165 3703 2475 3771 aequitatem
2524 3702 2748 3772 justitire
2794 3700 2991 3767 aﬂ‘ert;
3045 3710 3099 3754 et
3147 3701 3199 3754 in
3245 3710 3383 3754 terra
3425 3709 3478 3753 et
3516 3699 3571 3755 in

1993 3796 2146 3851 caelis
2172 3795 2431 3847 honorem
2472 3804 2523 3846 et
2553 3794 2781 3862 gloriam
2820 3794 2982 3861 parit.
3021 3793 3230 3847 Audisti
3257 3794 3398 3847 inter
3423 3807 3572 3845 oscuo

1991 3885 2102 3937 lttm
2136 3896 2191 3938 ct
2235 3888 2480 3938 osculum
2518 3886 2874 3939 dill'creutiant
2921 3897 2972 3939 et
3023 3885 3357 3939 discrimen?
3401 3883 3573 3938 Nosvﬂ

1997 3978 2123 4044 quid
2166 3977 2309 4032 inter
2350 3987 2641 4046 utrumque
2672 3977 2886 4032 intersit
2917 3996 2929 4032 :
2965 3979 3177 4048 seligito
3202 3979 3341 4047 quod
3380 3976 3575 4029 melius

1991 4081 2074 4124 est
2108 4089 2121 4124 :
2158 4071 2277 4138 lnge
2311 4073 2450 4139 quod
2482 4072 2620 4125 laulit
2658 4089 2671 4125 :
2705 4084 2826 4126 leue
2862 4073 3001 4141 quod
3035 4072 3262 4125 salutem
3293 4070 3456 4140 parit.

288 4172 565 4241 διάφορον,
626 4167 841 4232 ἔκλεξαι
897 4165 959 4218 τὸ
1006 4166 1274 4235 κρεῖττον,
1323 4161 1461 4229 φύγε
1516 4160 1575 4213 τὸ
1615 4158 1873 4229 βλάπτον,
1916 4162 2107 4232 κράτει
2129 4162 2190 4215 τὸ
2217 4162 2388 4227 σῶζον
2419 4163 2554 4233 (55).

358 4261 677 4328 Φιλησὰτω
698 4278 776 4330 με
808 4257 926 4314 ἀπὸ
955 4255 1306 4327 φιλημάτων
1337 4256 1637 4324 στόματος
1670 4253 1881 4307 αὐτοῦ·

2063 4257 2347 4311 Osculetur
2393 4274 2472 4310 me
2512 4260 2576 4310 ab
2614 4255 2805 4309 osculis
2835 4257 2941 4309 oris
2972 4257 3096 4309 sui:
3120 4256 3328 4309 scilicet
3374 4254 3565 4313 Filius.

288 4356 582 4415 τουτέστιν,
630 4355 658 4406 6
701 4353 844 4414 Υἱός.
874 4351 1023 4405 Ἀνω
1064 4351 1162 4420 τῆς
1203 4346 1444 4410 διανοίας
1495 4345 1557 4399 τὸ
1605 4345 1787 4415 ὄμμα·
1818 4347 1880 4399 οὑ

1992 4347 2217 4401 Sursum
2252 4345 2400 4408 erige
2429 4347 2624 4397 mentis
2651 4346 2889 4398 oculum.
2928 4344 3037 4396 Non
3066 4345 3207 4398 enim
3244 4346 3457 4398 carnale
3484 4355 3569 4401 est.

289 4450 399 4519 γάρ
444 4445 708 4518 σαρκικὺν
758 4443 821 4497 τὸ
869 4442 1183 4512 λεγόμενον,
1229 4438 1366 4494 ἀλλὰ
1407 4438 1778 4508 πνευματικὸν
1822 4437 1883 4490 τὸ

1991 4439 2040 4493 id
2082 4439 2147 4492 de
2175 4453 2278 4507 quo
2311 4448 2392 4490 est
2425 4451 2603 4489 sermo
2634 4455 2648 4503 ;
2699 4440 2790 4489 sed
2824 4437 3121 4504 spirituale,
3159 4438 3298 4503 quod
3334 4440 3568 4506 pr0phe.

294 4539 790 4612 πῳφητευὸμενον.
850 4535 924 4589 Οὐ
969 4532 1215 4604 βούλεται
1259 4530 1366 4602 γὰρ
1423 4528 1533 4600 (54)
1585 4528 1672 4583 διὰ
1718 4528 1882 4598 μόνου

1992 4531 2095 4584 tice
2146 4529 2362 4581 dicitur.
2406 4527 2516 4579 Non
2553 4530 2695 4579 enim
2731 4528 3066 4581 solummodo
3101 4545 3194 4597 per
3235 4543 3297 4583 os
3336 4531 3569 4598 prophe-

295 4628 562 4698 στόματος
606 4623 902 4698 προφητῶν
943 4621 1277 4693 διδαχθῆναι·
1329 4618 1443 4673 ἀλλ’
1475 4618 1657 4682 αὐτὸς,
1697 4622 1879 4689 φησιν,

1998 4634 2170 4674 tarum
2201 4620 2380 4673 doceri
2416 4620 2559 4685 vult;
2603 4623 2693 4672 sed
2729 4623 2858 4689 ipse,
2892 4622 3088 4690 inquit,
3141 4622 3361 4674 accedat
3391 4631 3442 4674 el
3481 4636 3567 4677 me

288 4719 567 4790 ὲγγισάτω
621 4717 716 4771 καὶ
762 4713 1026 4780 διδαξάτω
1068 4731 1135 4786 με
1162 4713 1318 4777 Υἱός.
1355 4711 1581 4783 Μεγάλη
1622 4711 1731 4782 γάρ
1766 4711 1877 4783 (55)

1991 4714 2169 4765 doceat
2202 4710 2389 4764 Filius.
2423 4708 2613 4764 Gravis
2651 4714 2813 4776 enim,
2857 4713 3033 4763 aiebat
3078 4711 3347 4780 quiuqdam
3380 4709 3566 4766 Eccle.

358 4858 406 4891 ”
435 4857 582 4913 Psal.
629 4871 778 4921 xuv,
816 4851 905 4906 10.
980 4849 1028 4883 “
1058 4850 1163 4905 lsa.
1195 4865 1328 4913 uti,
1356 4849 1410 4903 ὃ.
1485 4848 1530 4881 ’⁸
1559 4849 1575 4902 Ι
1600 4847 1727 4904 Cor.
1762 4864 1847 4913 xv,
1876 4846 1966 4902 44.
2014 4848 2019 4853 ⁷

2052 4981 2162 5051 ('52)
2205 4980 2365 5032 Vetus
2421 4976 2688 5051 interpres
2736 4977 2933 5051 vertit:
2977 4993 2997 5026 t
3051 4975 3296 5051 Audistis
3344 4974 3562 5051 quidem

502 4990 614 5065 _Si_c
652 5001 831 5054 meus,
859 4997 913 5041 et
944 4984 1108 5039 Barb.
1133 4993 1187 5040 et
1214 4982 1411 5039 Theat.
1439 4981 1494 5037 In
1534 4982 1870 5040 Vallicellatt.
2052 4981 2162 5065 (δῇ)
2205 4981 2365 5065 Vetus
2421 4981 2691 5065 i'tﬁtte'rt‘J‘res
2736 4981 2891 5065 vertit

1978 5046 2154 5107 osculi
2204 5061 2255 5101 et
2292 5047 2462 5101 IlSl'll“
2514 5049 2871 5099 dtll'ercutiatn
2916 5056 3076 5111 atque
3127 5046 3417 5111 judicium.
3459 5046 3566 5101 C0-

292 5083 355 5120 συ
363 5060 770 5137 μδουλεύοντος.

359 5124 472 5206 (28)
510 5132 739 5187 Βεειὶιυὶ
770 5144 887 5191 σου,
912 5141 1033 5197 qua:
1058 5124 1246 5195 vocula
1273 5140 1301 5178 a
1334 5138 1457 5179 meo
1479 5125 1601 5181 cod.
1629 5135 1683 5180 et
1712 5125 1867 5182 Barb.

520 5271 636 5343 Vel.
667 5272 895 5343 interpr.
934 5286 951 5319 ι
981 5276 1205 5343 evocata
1246 5280 1464 5343 sponsa.
1494 5284 1513 5316 ›
1539 5264 1664 5343 _Sed
1697 5266 1870 5343 ἡλια-

284 5335 523 5416 λουμένη
549 5341 736 5413 νύμφη
766 5335 913 5416 idem
935 5348 1107 5416 estne
1136 5335 1458 5416 simpliciter
1491 5336 1704 5416 νύμφη.
1746 5335 1866 5390 Vid.

286 5405 592 5471 Comment.
617 5405 803 5466 ineunt
850 5410 917 5463 ad
967 5406 1154 5462 Electr.
1219 5405 1500 5476 Sophucl.,
1539 5405 1604 5460 ad
1660 5420 1872 5460 versum

283 5488 470 5629 Ξῖἰῗῒίθ)
502 5552 766 5629 Vallicell.
793 5547 1193 5629 φιλανθρωπία,

354 5616 469 5699 (51)
517 5616 1032 5699 Τοῖς-’δῖι-ἁρκουμι.
1070 5634 1124 5699 τ.
1156 5617 1403 5699 ἀγαθόν.
1430 5617 1540 5699 _Sic
1561 5616 1869 5699 [interpun-

318 5686 519 5754 endu'rn
546 5686 839 5749 ex'Vallic.
870 5702 925 5744 et
959 5686 1151 5743 Theat.
1178 5686 1352 5759 τούτῳ
1387 5687 1466 5759 τῷ
1505 5687 1697 5759 πόθῳ.
1735 5686 1868 5738 Bar-

304 5757 527 5831 ierinus,
570 5774 627 5818 et
660 5776 814 5817 meus
862 5757 1288 5831 h_abent_'cot3-co,
1318 5757 1374 5814 et
1411 5757 1633 5828 pravam
1687 5757 1858 5810 inter-

281 5827 631 5911 punctionem
663 5832 867 5888 habent
892 5828 1053 5901 hujus
1082 5827 1205 5885 loci.

1980 5136 2185 5194 guosre
2205 5119 2630 5194 _t_liscretionem.
2666 5117 2812 5194 Elige
2842 5117 2980 5194 ipsud
3005 5116 3202 5194 inelius
3220 5124 3322 5181 est,
3358 5133 3375 5164 ι
3404 5127 3509 5194 etc.

2053 5193 2165 5260 (55)
2205 5189 2573 5260 Veiusyersio
2602 5188 2848 5260 quaedam
2885 5186 2972 5239 hic
3005 5185 3189 5251 habet,
3225 5201 3347 5255 quae
3367 5187 3563 5242 absunt

1978 5263 2046 5317 ab
2074 5256 2327 5314 omnibus
2361 5258 2566 5313 ϐαρεῖς
2596 5256 2892 5310 codicibus.

2051 5333 2164 5402 (54)
2212 5328 2445 5384 Restitui
2477 5327 2587 5399 γάρ
2638 5342 2705 5382 ex
2741 5326 2863 5380 aliis
2922 5326 3078 5381 codd.
3118 5324 3285 5381 Abest
3327 5327 3471 5380 enim
3529 5341 3559 5381 a

1973 5401 2151 5457 Barlt.’
2169 5411 2222 5454 el
2260 5415 2398 5454 meo.

2045 5474 2155 5545 (55)
2202 5470 2411 5545 llazeju
2442 5470 2612 5545 veteri
2649 5466 2898 5545 versione
2932 5467 3141 5545 reddita
3173 5475 3298 5545 sunt
3329 5480 3557 5545 perver-

1968 5535 2226 5598 sissime:
2265 5559 2283 5590 ε
2315 5540 2484 5594 Mater
2518 5540 2661 5593 enim
2695 5551 2809 5590 mea
2860 5537 3100 5590 Ecclesia
3153 5536 3447 5603 aliquando
3478 5535 3559 5587 di-

1967 5617 2123 5669 cebut
2152 5630 2163 5665 :
2193 5612 2410 5666 Pusillis
2437 5625 2540 5664 non
2567 5608 2856 5672 salvabor;
2891 5622 3142 5677 maguum
3174 5614 3227 5658 et
3256 5604 3554 5677 perfectum

1969 5684 2238 5738 medicum
2302 5682 2610 5746 requiram,
2661 5693 2810 5732 mero
2849 5675 3060 5746 perfusa
3115 5689 3277 5746 sunt,
3317 5675 3557 5746 tenehrze

1973 5762 2101 5808 sunt
2128 5753 2359 5806 lucerna:
2381 5743 2511 5818 legis
2533 5759 2587 5803 et
2607 5743 2880 5818 propheta;
2908 5748 3012 5800 :ait
3042 5744 3183 5797 enim
3210 5757 3229 5818 _:
3255 5762 3284 5818 Δι
3314 5743 3556 5818 Lucerna

1971 5823 2193 5894 pedibus
2259 5822 2394 5875 meis
2431 5812 2528 5875 'lex
2569 5812 2721 5883 tda,‘
2752 5827 2808 5871 et
2863 5816 3041 5867 lumen
3090 5813 3299 5867 semitis
3352 5812 3503 5867 meis.
3532 5828 3554 5864 ι
