3986 6128
267 326 324 380 ῃ
1153 315 1560 377 ENARRATIO
1603 317 1670 376 IN
1708 317 2064 381 CANTICUM
2103 323 2583 386 CANTICORUM.
2652 344 2655 347 ‘
3433 335 3508 391 38

266 443 358 498 ἀπὺ
408 438 693 513 προσώπου
752 436 1082 510 εὐπρεπείας
1144 436 1304 510 δόξης
1368 439 1568 496 αὑτοῦ·
1622 460 1641 493 ι
1702 442 1800 515 τὴν
1843 444 2145 518 ὑπερϐολὴν
2188 447 2289 519 τῆς
2326 448 2627 534 εὑιρρασίας
2662 450 2772 506 τῶν
2819 452 2911 506 τοῦ
2978 453 3113 509 Θεοῦ
3181 453 3374 527 λογίων
3414 458 3508 511 ὲκ·-

268 537 628 608 πληττόμενος.

327 628 390 681 1".
416 626 504 679 Et.
540 623 604 695 β’.
636 622 749 678 Καὶ
783 621 1173 709 ὀσμὴδμύρων
1198 638 1315 678 σου
1344 623 1496 694 ὑπὲρ
1526 623 1725 679 πάντα
1747 625 1820 679 τὰ

1997 622 2084 676 Ill.
2129 619 2294 676 Vens.
2333 621 2389 676 9.
2432 621 2499 676 Ει
2526 623 2659 678 odor
2682 635 3062 696 unguentorum
3106 635 3316 683 tuorum
3355 648 3509 702 super

270 719 779 880 ὰρέἷιςαῖιιροτροπὴν,
828 801 1027 878 οἶμαι,-
1050 808 1150 878 τῆς
1199 806 1526 879 Ἐκκλησίας
1566 806 1629 861 τὸ
1667 807 1822 877 ἅγιον

275 900 464 970 Πνεῦμα
498 896 721 953 τοιαῦτα
756 896 990 967 μελῳδεῖ
1027 895 1139 967 (46)
1172 895 1251 967 τῷ
1280 897 1472 968 Κυρίῳ
1498 912 1512 926 ⁸
1567 897 1632 951 ἵν’
1661 899 1822 969 ἡμεῖς

274 991 490 1063 τοιαύτης
522 988 748 1053 εὐωδίας
780 988 1118 1059 αἰσθόμενοι,
1147 988 1245 1059 τὴν
1269 989 1535 1043 δυσωδίαν
1569 990 1678 1044 τῶν
1719 1009 1822 1061 μυ-

276 1083 428 1154 σαρῶν
450 1080 860 1152 ἁμαρτημάτων
893 1077 1319 1150 ἁποπτύσωμεν·
1360 1080 1460 1151 τὴν
1503 1079 1560 1133 δὲ
1594 1080 1823 1133 εὐωδίαν

273 1176 350 1244 τῆς
373 1172 457 1228 τοῦ
496 1169 733 1244 Χριστοῦ
766 1169 1116 1240 δικαιοσύνης
1158 1172 1239 1233 εἰς
1278 1171 1505 1235 ἑαυτοὺς
1548 1171 1825 1241 ἀντλήσω-

274 1281 373 1334 μεν.
404 1282 420 1315 ι
461 1262 628 1332 Ὀσμὴ
687 1258 879 1332 μύρων
933 1275 1048 1323 σου,
1092 1277 1109 1310 ι
1161 1259 1347 1328 φησὶν,
1398 1278 1413 1310 ι
1456 1260 1594 1331 ὑπὲρ
1647 1259 1824 1312 πάντα

272 1353 523 1427 ἀρώματα.
564 1372 582 1404 ι
615 1350 693 1404 Τὸ
729 1351 922 1423 μύρον,
966 1349 1188 1419 ἀδελφοὶ
1232 1349 1365 1421 (47),
1403 1351 1507 1402 ἐπὶ
1538 1349 1824 1420 βασιλικῆς

273 1464 321 1500 τε
345 1448 426 1500 καὶ
446 1443 718 1516 ἱερατικῆς
740 1442 899 1507 ἀξίας
922 1441 1180 1513 τετάχθαι
1202 1443 1308 1496 ἀπὸ
1333 1442 1440 1496 τῶν
1468 1442 1639 1512 ἁγίων
1663 1442 1825 1514 ᾐσθή-

277 1539 394 1611 μεθα
418 1536 658 1611 Γραιρῶν.
694 1538 812 1591 Οὑκ
842 1536 1054 1607 ἄσημον
1095 1536 1203 1607 γὰρ
1238 1536 1366 1607 ὑμῖν
1399 1535 1541 1589 δοκῶ
1578 1539 1690 1601 τοῖς
1722 1553 1820 1590 πο-

273 1632 555 1703 λυμαθέσιν,
584 1631 668 1684 ὅτι
698 1631 749 1683 οί
778 1630 837 1682 ὲν
861 1632 981 1693 ταῖς
1010 1629 1254 1699 Γραφαῖς
1289 1627 1528 1698 βασιλεῖς
1554 1627 1632 1699 τῷ
1658 1627 1823 1699 ἐλαίῳ

272 1725 355 1796 τῆς
388 1724 601 1796 χρίσεως
637 1721 946 1794 βασιλεύειν
972 1720 1317 1777 καθίσταντο.
1351 1721 1588 1773 Κάκεῖνο
1611 1719 1667 1772 δὲ
1694 1720 1822 1791 ὑμῖν

274 1818 476 1889 φανερὸν
501 1813 636 1870 εἶναι
690 1814 976 1886 βούλομαι,
1007 1814 1089 1867 ὅτι
1119 1813 1213 1867 καὶ
1235 1815 1284 1867 οἱ
1313 1812 1434 1866 τότε
1465 1815 1630 1888 ἱερεῖς
1667 1813 1825 1884 μύρῳ

273 1909 534 1983 χριόμενοι,
586 1905 648 1959 τὸ
702 1903 1000 1976 ἱερατεύειν
1048 1901 1352 1974 ἐλάμϐανον
1399 1901 1534 1972 (48).
1604 1900 1823 1973 Ἐπειδὴ

1930 715 2109 769 omnia
2138 722 2403 767 aromata.

2001 807 2080 860 Ad
2112 805 2524 869 cohortaudam,
2563 814 2622 860 ut
2666 808 2880 876 opinor,
2925 809 3225 865 Ecclesiam
3272 810 3509 881 Spiritus

1930 910 2153 954 sanctus
2189 898 2312 951 talia
2347 899 2491 951 canit
2525 898 2780 965 Dmnino;
2821 911 2878 953 ιιι
2917 916 3014 955 nos
3038 902 3300 972 ejusmodi
3335 905 3511 958 suavi-

1932 991 2057 1046 tatis
2083 993 2249 1046 odore
2291 990 2442 1053 tacti,
2495 989 2826 1058 impurorum
2888 990 3114 1048 fetorem
3156 1004 3505 1063 peccatorum

1930 1099 2265 1147 aversemur,
2297 1093 2350 1136 et
2375 1082 2673 1152 jucundum
2704 1084 2930 1153 justitite
2966 1086 3165 1142 Christi
3196 1089 3419 1142 odorem
3455 1090 3508 1143 in

1930 1192 2030 1232 nos
2063 1176 2394 1230 hauriamus.
2421 1193 2438 1225 ι
2465 1173 2664 1239 ΟιΙι)1’,ι
2702 1177 2894 1247 inquit,
2931 1196 2950 1230 ι
2973 1189 3363 1249 unguentorum
3393 1190 3512 1235 tuo.

1931 1283 2047 1322 rum
2087 1282 2250 1336 super
2298 1266 2479 1321 omnia
2532 1264 2851 1320 aromatah
2912 1266 3288 1339 Unguentum,
3332 1270 3508 1325 dilecti

1931 1359 2150 1421 fratres,
2177 1359 2243 1411 ad
2277 1358 2482 1427 regiam
2514 1367 2568 1412 et
2595 1359 2986 1415 sacerdotalem
3014 1361 3325 1431 dignitatem
3355 1362 3512 1416 iusti.

1932 1462 2102 1507 totum
2131 1466 2249 1506 esse
2276 1466 2304 1504 a
2340 1451 2511 1504 sacris
2530 1451 2826 1519 Scripturis
2855 1453 3135 1518 novimus;
3168 1453 3330 1523 idque
3360 1454 3512 1508 vobis

1929 1542 2257 1598 doctissimis
2295 1542 2427 1596 viris
2468 1542 2745 1610 cognitum
2781 1558 2904 1598 esse
2949 1546 3206 1609 arbitror,
3259 1545 3401 1615 quod
3455 1546 3510 1600 in

1930 1636 2102 1692 sacris
2164 1635 2461 1705 Scripturis
2520 1649 2674 1703 reges
2725 1649 2820 1703 per
2881 1635 3056 1689 oleum
3116 1637 3389 1691 unctionis
3443 1637 3510 1690 ad

1932 1729 2263 1801 regnandum
2286 1727 2786 1783 constituebantur.
2819 1725 2952 1781 Illud
2978 1728 3145 1781 etiam
3176 1742 3273 1780 vos
3300 1727 3511 1781 nescios

1930 1836 2054 1877 esse
2103 1820 2247 1885 nolo,
2283 1819 2423 1889 quod
2464 1818 2778 1872 sacerdotes
2828 1832 3046 1887 quoque
3093 1828 3204 1872 tum
3255 1805 3512 1886 temporis

1930 1914 2049 1969 oleo
2077 1913 2325 1984 peruncti
2349 1911 2714 1966 sacerdotium
2750 1912 3143 1981 suscipiebant.
3181 1910 3317 1964 Cum
3348 1910 3513 1980 igitur

271 2001 424 2055 τοίνυν
452 1998 584 2053 κατὰ
635 1997 806 2069 νόμον
854 1994 1011 2066 μύρῳ
1054 1995 1299 2066 ἐχρίοντο
1355 1992 1587 2064 βασιλεῖς
1614 2010 1673 2045 τε
1716 1992 1825 2064 (49)

1944 2010 1984 2059 in
2018 2005 2133 2076 lege
2179 2015 2290 2059 tum
2334 2018 2504 2074 reges,
2545 2012 2657 2056 tum
2701 2004 3014 2057 sacerdotes
3040 2011 3312 2072 unguento
3342 2015 3512 2071 ungo.

274 2092 353 2146 καὶ
376 2093 544 2163 ἱερεῖς,
582 2086 857 2161 λαμπρῶς
894 2085 995 2158 ἠδη
1043 2086 1141 2156 τὴν
1182 2082 1475 2156 περιϐολὴν
1521 2083 1620 2154 τῆς
1673 2081 1825 2153 βασι·

270 2185 397 2249 λείας
421 2183 524 2254 (50)
550 2183 647 2236 καὶ
688 2179 961 2252 ίερατεῐας
989 2176 1083 2231 τοῦ
1117 2174 1454 2244 Μονογενοῦς
1488 2174 1762 2229 ἐκτίθεται
1787 2177 1823 2244 ἡ

272 2274 375 2329 θεία
400 2276 598 2347 Γραφὴ,
630 2292 651 2326 ι
698 2270 875 2343 Ὀσμὴ
904 2268 1089 2342 μύρων
1123 2285 1241 2332 σου,
1276 2286 1296 2320 t
1329 2267 1584 2336 λέγουσα,
1629 2286 1647 2319 ι
1685 2267 1826 2341 ὑπὲρ

269 2369 425 2422 πάντα
452 2368 517 2421 τὰ
537 2364 807 2440 ἀρώματα
830 2382 847 2414 ι
884 2362 959 2426 ὡς
991 2362 1182 2417 εἰπεῖν’
1210 2359 1385 2432 Ὀσμὴ
1413 2360 1514 2431 τῆς
1537 2359 1638 2429 σῆς
1670 2359 1825 2431 βασι-

269 2455 401 2523 λείας
434 2461 523 2512 καὶ
564 2454 979 2531 ἀρχιερωσύνης
1024 2454 1165 2525 ὑπὲρ
1202 2452 1382 2516 πάσας
1420 2452 1519 2516 τὰς
1552 2451 1827 2523 βασιλείας

268 2553 353 2605 καὶ
383 2551 771 2624 ἀρχιερατείας·
806 2546 987 2611 καθὼς
1018 2546 1047 2599 ὁ
1066 2544 1266 2616 Δανιήλ
1286 2561 1468 2615 φησιν·
1507 2563 1525 2595 ι
1568 2544 1831 2615 Ἀναστή-

274 2657 351 2695 σει
377 2642 547 2707 ὸΘεδς
568 2641 664 2695 τοῦ
696 2639 929 2713 οὐρανοῦ
961 2638 1259 2711 βασιλείαν,
1290 2636 1412 2707 ἥτις
1439 2635 1691 2708 ὑπερέξει
1724 2634 1829 2688 πὰο

270 2753 366 2799 σας
395 2735 490 2799 τὰς
515 2733 782 2807 βασιλείας
826 2732 929 2803 τῆς
964 2732 1091 2803 γῆς·
1122 2749 1141 2782 ι
1178 2730 1291 2797 καὶ,
1334 2748 1353 2782 ι
1400 2730 1472 2795 Σὺ
1522 2729 1701 2802 ἱερεὺς
1750 2729 1829 2792 εἰς

270 2829 354 2882 τὸν
401 2828 566 2884 αἰῶνα
630 2827 769 2882 κατὰ
812 2826 910 2896 τὴν
957 2824 1112 2891 τάξιν
1172 2823 1526 2894 Μελχισεδὲκ,
1572 2841 1590 2873 ι
1640 2823 1824 2892 φησίν.

272 2940 289 2975 t
332 2921 492 2994 Ὀσμῂ
522 2919 713 2993 μύρων
757 2936 904 2984 sou,»
939 2917 1123 2987 φησὶν,
1161 2935 1179 2967 ι
1205 2916 1346 2987 ὑπὲρ
1383 2914 1560 2968 πάντα
1585 2912 1652 2966 τὰ
1683 2910 1829 2983 ἀρώ-

270 3033 419 3086 ματα.
456 3035 476 3069 ι
516 3017 591 3070 Τὸ
632 3014 826 3087 μύρον,
869 3011 1085 3081 ἀδελφέ,
1118 3009 1239 3065 καθ’
1268 3009 1327 3063 ὃν
1363 3009 1527 3062 τόπον
1570 3006 1827 3078 ὑπάρχει,

266 3108 425 3161 ἐκεῖσε
461 3108 553 3162 καὶ
595 3108 697 3178 τὴν
732 3104 960 3158 εὐωδίαν
992 3101 1241 3175 παρέχει.
1282 3100 1518 3171 Χριστὸς
1561 3099 1619 3153 δὲ
1647 3098 1830 3152 τοίνυν

264 3200 317 3253 ὲν
342 3200 542 3272 οὐρανῷ
571 3200 670 3253 καὶ
698 3201 769 3270 γῇ
798 3198 890 3250 καὶ
915 3195 1159 3268 θαλάττῃ
1192 3187 1372 3248 πάντα
1404 3193 1692 3263 περιέχων,
1734 3190 1832 3261 τὴν

264 3287 559 3346 δεσποτείαν
588 3290 706 3363 (51)
740 3287 905 3342 αὑτοῦ
935 3288 1030 3340 καὶ
1063 3283 1339 3357 βασιλείαν
1370 3283 1545 3352 πάντη
1580 3281 1690 3352 (52)
1737 3279 1832 3334 καὶ

1931 2095 2149 2162 bantur,
2180 2095 2462 2164 perspicue
2490 2093 2602 2163 jam
2637 2107 2794 2148 sacra
2829 2094 3108 2163 Scriptura
3135 2102 3191 2147 et
3222 2095 3421 2164 regiam
3457 2101 3515 2149 et

1931 2185 2320 2241 sacerdotalem
2367 2185 2681 2253 dignitatem
2728 2186 2779 2239 in
2826 2183 3112 2255 Unigeuito
3145 2185 3365 2252 exponit
3392 2199 3514 2242 esse

1937 2276 2303 2346 conjunctam.
2336 2296 2353 2330 ι
2383 2277 2530 2332 Odor
2573 2287 2964 2346 unguentorum
3000 2285 3235 2343 tuorum,
3263 2297 3281 2330 ι
3319 2278 3511 2346 inquit,

1940 2387 1960 2422 ι
1989 2385 2151 2439 super
2176 2371 2357 2425 omnia
2401 2378 2645 2424 aromata
2675 2384 2689 2423 :
2724 2388 2743 2421 ι
2776 2370 2932 2439 quasi
2970 2370 3152 2425 dicat:
3184 2369 3332 2424 Odor
3366 2369 3514 2438 regni

1933 2470 1987 2517 et
2017 2462 2308 2517 sacerdotii
2352 2462 2428 2516 tui
2465 2477 2628 2530 super
2670 2463 2855 2519 omnia
2894 2476 3056 2532 regna
3089 2472 3141 2515 et
3174 2462 3513 2526 sacerdotia;

1935 2553 2387 2623 quemadmodum
2426 2553 2501 2606 ait
2537 2552 2721 2607 Daniel
2755 2570 2771 2607 :
2818 2572 2837 2604 ι
2868 2553 3164 2608 Suscitabit
3200 2555 3340 2606 Deus
3387 2552 3513 2607 caeli

1936 2659 2158 2714 regnum
2199 2644 2342 2713 quod
2367 2644 2643 2713 superabit
2667 2644 2847 2699 omnia
2877 2658 3039 2713 regna
3066 2652 3226 2698 terrae
3251 2644 3329 2709 ἐς
3359 2661 3378 2694 ι
3411 2654 3463 2697 et
3496 2662 3512 2699 :

1941 2754 1960 2787 ι
1991 2733 2070 2789 Tu
2102 2735 2355 2789 sacerdos
2398 2734 2449 2787 in
2480 2744 2744 2788 aeternum
2778 2735 3075 2789 secundum
3105 2735 3349 2788 ordinem
3383 2734 3515 2788 Mol-

1936 2827 2186 2883 chisedee
2204 2826 2270 2880 ²⁹.
2285 2843 2406 2876 ι-ι
2432 2822 2576 2880 Odor
2600 2835 2990 2895 unguentorum
3013 2834 3282 2892 tuorum,»
3321 2826 3514 2896 inquit,

1940 2937 1959 2971 ι
1989 2932 2151 2988 super
2179 2917 2361 2972 omnia
2410 2927 2672 2972 aromata.
2700 2936 2719 2969 ι
2753 2916 3090 2987 Unguentum
3112 2956 3127 2979 .
3187 2920 3374 2985 frater,
3411 2935 3519 2989 quo

1937 3006 2056 3060 loco
2084 3015 2190 3069 est,
2220 3004 2289 3060 ibi
2317 3019 2540 3060 suavem
2569 3005 2772 3075 praebet
2799 3009 3046 3063 odorem.
3100 3008 3375 3064 Christum
3418 3010 3519 3081 igi-

1940 3108 2028 3149 tur
2067 3096 2120 3150 in
2151 3093 2292 3151 cmlo
2328 3104 2384 3149 et
2423 3095 2475 3149 in
2524 3104 2749 3170 terrae:
2781 3096 2834 3150 in
2881 3098 3018 3152 mari
3068 3100 3249 3153 omnia
3279 3102 3520 3170 comple-

1938 3198 2112 3254 ctens,
2161 3187 2588 3244 dominationem
2622 3169 2775 3244 suam
2823 3200 2877 3244 et
2911 3206 3133 3260 regnum
3180 3207 3521 3262 quoquover.

1940 3300 2060 3339 sum
2096 3292 2151 3338 et
2181 3283 2380 3352 ubique
2412 3283 2697 3339 suavitatis
2723 3284 2889 3338 odore
2935 3284 3191 3352 complet.
3243 3284 3514 3340 Luculen-

263 3386 520 3457 πανταχοῦ
554 3382 865 3447 εὑωδιάζει,
903 3378 1188 3452 Λαμπρῶς
1216 3378 1282 3448 δὴ
1310 3376 1403 3429 xui.
1433 3374 1686 3440 ἐνταῦθα,
1736 3373 1828 3426 καὶ

1948 3388 2027 3432 ter
2045 3374 2158 3445 jam
2186 3385 2238 3430 et
2267 3374 2362 3439 ibi,
2394 3384 2446 3430 et
2472 3375 2762 3430 admodum
2805 3374 2953 3429 clare
2993 3374 3271 3446 Scriptura
3306 3377 3520 3432 divino-

264 3477 452 3549 σφόδρα
479 3475 799 3549 περιφανῶς
839 3474 874 3545 ἡ
900 3471 1009 3526 τῶν
1039 3471 1199 3525 Θείων
1235 3469 1330 3524 καὶ
1359 3466 1693 3539 ἀποκρύφων
1727 3483 1831 3537 μυ-

264 3567 484 3636 στηρίων
536 3562 973 3637 ὲμπεφορημένη
1017 3558 1231 3634 Γραφὴ,
1288 3559 1382 3612 καὶ
1422 3557 1482 3611 τὸ
1529 3557 1701 3628 ὄνομα
1737 3553 1831 3609 τοῦ

264 3658 485 3732 μεγάλου
506 3656 785 3719 Βασιλέως
806 3653 1170 3720 ἀναδείκνυσι,
1192 3650 1444 3721 λέγουσα·

323 3755 391 3806 Δ’.
423 3753 636 3820 Μύρον
683 3745 1017 3803 ἐκκενωθὲν
1072 3744 1260 3816 ὄνομά
1322 3760 1461 3810 σου,
1504 3743 1603 3798 διὰ
1657 3744 1834 3799 τοῦτο

263 3841 517 3909 νεάνιδες
548 3837 884 3911 ήγὰπησάν
913 3854 1008 3902 σε,
1033 3836 1332 3891 εἵλκυσάν
1358 3850 1433 3890 σε
1471 3835 1663 3888 ὀπίσω
1691 3849 1830 3890 σου.

326 3937 563 4005 Λέγουσα
620 3933 678 3987 δὲ
726 3934 761 4005 ἠ
815 3930 936 3985 θεία
974 3929 1186 4001 Γραφὴ,
1243 3948 1260 3979 ι
1303 3928 1488 4001 Μύρον
1533 3927 1834 3981 ὲκκενωθὲν

260 4028 416 4100 ὄνομά
438 4046 553 4093 σου,
591 4047 611 4080 ι
635 4025 680 4080 Χ
691 4024 873 4098 ριστὸν
901 4022 1063 4078 αὑτὸν
1096 4021 1441 4093 ἐπονομάζει.
1483 4021 1556 4074 Τὸ
1596 4020 1704 4092 γὰρ
1729 4019 1832 4092 μύ-

261 4137 345 4189 ρον
383 4117 773 4188 ὲκκενούμενον
817 4112 1022 4186 δηλαδὴ
1053 4115 1132 4177 εἰς
1166 4114 1344 4184 χρίσιν
1388 4112 1499 4183 (55)
1536 4114 1831 4183 προχωρεῖ.

260 4210 414 4265 Ὅθεν
438 4213 534 4266 καὶ
557 4210 619 4264 τὸ
643 4206 915 4282 ἱερατικὸν
944 4205 1114 4277 μύρον
1141 4205 1359 4273 λέγεται
1386 4203 1613 4275 χρίσμα.
1651 4203 1759 4255 Καὶ⁵
1785 4202 1835 4256 οἱ

258 4302 519 4375 πρότερον
557 4299 798 4372 βασιλεῖς
842 4298 920 4369 τῷ
970 4297 1126 4369 μύρῳ
1168 4296 1483 4368 χριόμενοι,
1529 4292 1836 4363 βασιλεύειν

257 4392 598 4447 καθίσταντο.
645 4393 813 4444 Ὅταν
857 4386 951 4443 οὖν
998 4387 1179 4457 λέγει,
1233 4405 1250 4439 ι
1301 4386 1487 4458 Μύρον
1535 4384 1836 4439 ὲκκενωθὲν

256 4485 421 4555 ὅνομά
463 4501 581 4551 σηυ,
622 4504 642 4537 ι
685 4481 779 4538 δύο
826 4481 1190 4551 ὑποσημαίνει
1238 4479 1475 4550 τρόπους
1509 4478 1642 4551 (54).
1682 4475 1835 4531 Καθ-

259 4574 398 4646 άπερ
423 4576 534 4647 γὰρ
560 4575 671 4641 (55)
700 4572 871 4645 μύρον
903 4568 1202 4625 ὲκκενωθὲν
1240 4567 1388 4623 οἶκον
1420 4568 1718 4634 εὑωδιάζευ
1744 4564 1836 4620 οὑ-

256 4682 331 4719 τω
351 4666 448 4720 τοῦ
476 4666 683 4738 Κυρίου
714 4665 872 4735 ἡμῶν
914 4662 1089 4735 Ἰησοῦ
1116 4661 1352 4735 Χριστοῦ
1384 4661 1480 4714 ἐπὶ
1506 4660 1611 4733 γῆς
1637 4658 1836 4715 κατελ-

1939 3484 2059 3524 rum
2096 3478 2151 3523 et
2182 3468 2467 3523 latentium
2508 3468 2663 3539 plena
2702 3469 3101 3540 mysteriorum,
3135 3469 3300 3525 etiam
3337 3470 3521 3541 magni

1939 3561 2102 3634 Regis
2124 3576 2321 3619 nomen
2353 3561 2559 3617 indicat
2580 3562 2764 3617 dicens
2795 3579 2811 3616 :

2010 3747 2099 3804 IV.
2135 3745 2468 3818 Unguentum
2494 3747 2720 3817 effusum
2750 3763 2935 3802 nomen
2986 3755 3155 3813 tuum,
3194 3746 3311 3801 ideo
3339 3745 3520 3803 adole.
3572 3762 3584 3772 ’

1939 3840 2187 3896 σσεηιιιίω
2227 3839 2524 3894 dilexerunt
2564 3852 2633 3905 te,
2670 3849 2717 3893 et
2747 3848 3020 3893 traxerunt
3059 3849 3108 3894 te
3146 3849 3259 3904 post
3287 3850 3356 3893 te.

2014 3935 2147 3987 Dum
2167 3932 2297 3987 dicit
2325 3931 2602 4000 Scriptura
2631 3932 2834 3995 divina,
2874 3931 3265 4009 «Unguentum
3291 3930 3520 3987 effusum

1941 4040 2135 4080 nomen
2168 4034 2341 4089 tuum,
2374 4043 2393 4076 ι
2433 4024 2605 4094 ipsum
2634 4022 2909 4079 Christum
2954 4023 3216 4077 nominat.
3261 4021 3519 4092 Unguen-

1945 4125 2054 4170 tum
2106 4115 2250 4170 enim
2290 4114 2517 4170 eﬂusnm
2562 4116 2629 4169 ad
2676 4114 2984 4168 unctionem
3030 4113 3240 4167 scilicet
3286 4113 3517 4180 prolicit.

1946 4205 2097 4261 Unde
2124 4215 2179 4259 et
2212 4208 2547 4261 sacerdotale
2575 4216 2908 4276 unguentum
2939 4206 3139 4259 dicitur
3166 4205 3422 4263 chrisma.
3457 4205 3523 4260 Et

1941 4308 2152 4354 veteres
2179 4313 2331 4370 reges
2357 4309 2630 4368 unguento
2663 4297 2904 4368 peruncti
2934 4311 3089 4366 reges
3116 4296 3521 4351 constitueban-

1944 4401 2051 4445 tur.
2099 4390 2235 4445 Cum
2282 4390 2446 4459 igitur
2496 4390 2674 4444 dicit:
2710 4409 2730 4441 ο
2761 4389 3104 4459 Unguentum
3147 4386 3375 4443 effusum
3421 4405 3523 4443 no-

1943 4491 2063 4531 men
2099 4487 2273 4541 tuum,
2299 4495 2319 4530 ›
2358 4478 2497 4532 duos
2521 4485 2707 4545 tropos
2739 4477 2965 4532 indicat.
2993 4477 3062 4533 Ut
3094 4478 3239 4533 enim
3277 4493 3524 4548 unguen-

1944 4579 2056 4623 tum
2120 4568 2350 4623 eﬂ‘usum
2413 4568 2630 4623 domum
2694 4568 2847 4624 suavi
2906 4568 3139 4638 complet
3181 4569 3347 4624 odore
3387 4587 3404 4624 :
3442 4571 3523 4628 sic

1945 4669 2227 4730 postquam
2260 4660 2518 4715 Dominus
2550 4669 2732 4716 noster
2760 4659 2919 4717 Jesus
2951 4660 3202 4717 Christtts
3228 4661 3281 4714 in
3319 4670 3518 4717 terram

258 4755 461 4823 δόντος,
492 4760 587 4811 καὶ
606 4755 705 4826 τῆς
726 4754 978 4827 οὐρανίου
1011 4753 1295 4825 δυνάμεως
1324 4753 1416 4808 ἐπὶ
1443 4755 1573 4820 τοῦς
1601 4752 1828 4810 ἀποστό-

1944 4752 2239 4820 descendit,
2262 4761 2317 4808 et
2347 4752 2585 4809 cmlcstis
2617 4753 2791 4810 virtus
2838 4769 3001 4824 super
3034 4753 3306 4824 apostolos
3353 4753 3521 4810 rti'nsa

321 4914 373 4946 ”
430 4914 564 4970 Dan.
615 4931 677 4982 tt,
720 4914 819 4980 4M;
858 4930 956 4982 vlt,
998 4914 1090 4969 25.
1168 4915 1213 4946 ²⁹
1254 4913 1398 4968 Psal.
1453 4927 1545 4978 cx,
1600 4927 1654 4964 4.

325 5072 441 5145 (46)
482 5074 572 5129 Sic
617 5073 953 5129 emendanda
998 5088 1099 5128 vox
1145 5070 1392 5145 μελῳδῇ,
1438 5087 1598 5142 quam
1634 5071 1834 5129 habent

325 5157 412 5197 sus
437 5153 496 5199 et
524 5143 687 5199 Barb.

258 5157 412 5197 ments
437 5153 496 5199 et
524 5153 687 5199 Barb.

330 5211 445 5285 (l7)
488 5213 776 5285 Ἀδελφοί,
808 5213 1022 5284 reposui
1072 5214 1139 5268 ad
1192 5212 1515 5283 implendam
1584 5214 1832 5285 lacunam

255 5281 367 5356 mei
396 5281 518 5338 cod.
542 5296 596 5340 et
630 5281 953 5356 Barber.'ex
985 5285 1155 5340 veteri
1201 5281 1518 5356 interprete,
1550 5285 1640 5354 qui
1672 5281 1837 5339 habet

259 5369 279 5403 ι
306 5350 535 5409 Fratres
552 5353 881 5410 charissimi.
904 5372 926 5407 ι

351 5421 452 5490 48)
483 5423 638 5479 Barh.
686 5422 1047 5496 ἑλλάμδανον,
1077 5424 1169 5496 qui
1214 5439 1358 5496 saepe
1402 5422 1638 5496 occurrit
1686 5421 1837 5496 ineo

360 5506 565 5565 ζιιι-ιιοιέ
589 5491 899 5565 duplicatidi
938 5491 1192 5564 liquidas,
1222 5491 1364 5551 ut'in
1390 5497 1512 5549 cod.
1554 5494 1673 5565 Vat.
1699 5491 1832 5548 edit.

252 5558 438 5636 ιιξι,
464 5564 598 5636 unde
628 5558 852 5636 apparet
880 5558 1012 5634 quae
1024 5574 1135 5619 tum
1162 5558 1323 5620 fuerit
1348 5564 1734 5636 pronuntiatio.

322 5632 449 5702 (49)
475 5633 640 5689 Abest
661 5632 945 5690 a'Darber.
979 5649 1081 5689 vox
1107 5649 1187 5691 τε.

321 5700 452 5775 (50)
483 5703 610 5769 Qua:
643 5705 972 5775 intenacent
1000 5704 1147 5775 inter
1189 5704 1327 5760 duas
1365 5717 1525 5759 voces
1557 5702 1838 5775 βασιλείας

254 5780 310 5827 et
343 5771 733 5845 ἀρχιερατειας
761 5771 960 5831 desunt
995 5774 1049 5828 in
1074 5773 1234 5831 Barb.
1264 5786 1319 5829 et
1360 5776 1412 5828 in
1445 5771 1568 5829 meo
1605 5777 1725 5829 cod.
1762 5771 1836 5829 Ea

1938 5088 2002 5128 ex
2020 5071 2385 5145 ‘Vallicellano
2407 5077 2708 5145 destttnpsi.

2033 5145 2122 5212 5|)
2152 5144 2375 5199 Bai-her.
2411 5143 2723 5205 δεσποτίαν.

1937 5213 2123 5339 πά(52)
2152 5214 2343 5280 Παντί,
2384 5221 2525 5284 quod
2559 5219 2756 5272 habent
2783 5230 2972 5273 omnes
2999 5214 3182 5281 codd.,
3216 5217 3419 5273 mutavi
3466 5217 3520 5273 in

2015 5301 2133 5339 ντη.

2015 5301 2133 5338 van.

2009 5302 2364 5430 ῗὲἑ)Χρῆσιν
2397 5354 2448 5409 in
2480 5355 2705 5430 Barber.
2729 5364 2784 5430 et
2811 5372 2951 5423 meo,
2981 5356 3184 5430 mutavi
3222 5358 3276 5413 in
3314 5358 3517 5430 χρίσιν.

1942 5424 2078 5480 Male
2104 5424 2271 5481 vetus
2295 5436 2584 5495 tttterpres,
2613 5425 2881 5481 Christum
2908 5445 3047 5495 eum,
3086 5429 3140 5482 id
3173 5439 3246 5483 est
3277 5424 3517 5490 unctum,

1939 5496 2242 5569 denominat
2274 5513 2292 5550 :
2317 5506 2640 5569 unguentum
2696 5498 2838 5551 cuius
2888 5499 3114 5569 omnum
3163 5498 3420 5568 signiﬁcat
3447 5498 3518 5551 ad

1939 5513 2242 5551 aenommat
2274 5513 2292 5550 :
2317 5514 2387 5550 un
2428 5513 2539 5550 uent

1938 5568 2232 5636 unctionem
2267 5513 2539 5636 proﬂgcere.

2009 5635 2123 5707 (54)
2143 5636 2290 5708 Duos
2328 5635 2524 5708 tropos,
2559 5636 2624 5708 id
2656 5647 2740 5692 est
2786 5638 2921 5693 duos
2966 5637 3281 5708 allegoricos
3305 5648 3517 5691 sensa».

1942 5705 2113 5761 Vetus
2141 5706 2340 5763 intern.
2364 5705 2526 5760 vertit
2556 5724 2575 5757 ι
2600 5707 2732 5761 duos
2765 5710 2974 5763 modos.
2999 5727 3018 5760 ι

2011 5775 2123 5838 (55)
2158 5775 2324 5831 Codd.
2365 5776 2563 5831 habent
2595 5775 2691 5830 καὶ
2725 5776 2849 5832 θαν.
