  <div class='ocr_page' id='page_1' title='image "/cluster/home/n/w/nwhite01/storage/ocr_20150623/40/mdp.39015041198055/027.png"; bbox 0 0 3986 6128; ppageno 0'>
   <div class='ocr_carea' id='block_1_1' title="bbox 441 302 3720 373">
    <p class='ocr_par' dir='ltr' id='par_1_1' title="bbox 441 302 3720 373">
     <span class='ocr_line' id='line_1_1' title="bbox 441 302 3720 373; baseline -0.002 -2"><span class='ocrx_word' id='word_1_1' title='bbox 441 311 523 373; x_wconf 73' lang='lat'><strong>39</strong></span> <span class='ocrx_word' id='word_1_2' title='bbox 1552 307 1876 367; x_wconf 85' lang='lat' dir='ltr'><strong>PHILONIS</strong></span> <span class='ocrx_word' id='word_1_3' title='bbox 1915 302 2231 366; x_wconf 74' lang='lat' dir='ltr'><strong>EPISCOPI</strong></span> <span class='ocrx_word' id='word_1_4' title='bbox 2270 307 2599 368; x_wconf 67' lang='lat' dir='ltr'><strong>CARPASII</strong></span> <span class='ocrx_word' id='word_1_5' title='bbox 3643 306 3720 365; x_wconf 63' lang='lat'><strong>1.0</strong></span> 
     </span>
    </p>
   </div>
   <div class='ocr_carea' id='block_1_2' title="bbox 433 415 2029 508">
    <p class='ocr_par' dir='ltr' id='par_1_2' title="bbox 433 430 2025 508">
     <span class='ocr_line' id='line_1_2' title="bbox 433 430 2025 508; baseline -0.006 -14"><span class='ocrx_word' id='word_1_6' title='bbox 433 450 540 508; x_wconf 87' lang='lat' dir='ltr'><strong>est,</strong></span> <span class='ocrx_word' id='word_1_7' title='bbox 591 436 735 493; x_wconf 87' lang='lat' dir='ltr'><strong>bono</strong></span> <span class='ocrx_word' id='word_1_8' title='bbox 784 431 1006 507; x_wconf 82' lang='lat' dir='ltr'><strong>pietatis</strong></span> <span class='ocrx_word' id='word_1_9' title='bbox 1052 433 1222 491; x_wconf 83' lang='lat' dir='ltr'><strong>odore</strong></span> <span class='ocrx_word' id='word_1_10' title='bbox 1276 430 1563 487; x_wconf 83' lang='lat' dir='ltr'><strong>universus</strong></span> <span class='ocrx_word' id='word_1_11' title='bbox 1632 432 1885 499; x_wconf 82' lang='lat' dir='ltr'><strong>perfusus</strong></span> <span class='ocrx_word' id='word_1_12' title='bbox 1942 440 2025 486; x_wconf 88' lang='lat' dir='ltr'><strong>est</strong></span> 
     </span>
    </p>
   </div>
   <div class='ocr_carea' id='block_1_3' title="bbox 2137 415 3726 508">
    <p class='ocr_par' dir='ltr' id='par_1_3' title="bbox 2137 415 3726 502">
     <span class='ocr_line' id='line_1_3' title="bbox 2137 415 3726 502; baseline -0.004 -17"><span class='ocrx_word' id='word_1_13' title='bbox 2137 433 2253 495; x_wconf 70' lang='grc' dir='ltr'>λους</span> <span class='ocrx_word' id='word_1_14' title='bbox 2292 432 2570 502; x_wconf 84' lang='grc' dir='ltr'>χυθείσης,</span> <span class='ocrx_word' id='word_1_15' title='bbox 2617 427 2737 492; x_wconf 81' lang='grc' dir='ltr'>ὅλος</span> <span class='ocrx_word' id='word_1_16' title='bbox 2778 429 2807 482; x_wconf 81' lang='grc' dir='ltr'>ὁ</span> <span class='ocrx_word' id='word_1_17' title='bbox 2844 427 3049 498; x_wconf 81' lang='grc' dir='ltr'>κόσμος</span> <span class='ocrx_word' id='word_1_18' title='bbox 3087 427 3153 498; x_wconf 78' lang='grc' dir='ltr'>τῇ</span> <span class='ocrx_word' id='word_1_19' title='bbox 3196 423 3449 496; x_wconf 77' lang='grc' dir='ltr'>εὐσεϐείᾳ</span> <span class='ocrx_word' id='word_1_20' title='bbox 3485 415 3726 479; x_wconf 74' lang='grc' dir='ltr'>εὐωδιάο’</span> 
     </span>
    </p>
   </div>
   <div class='ocr_carea' id='block_1_4' title="bbox 439 521 2014 597">
    <p class='ocr_par' dir='ltr' id='par_1_4' title="bbox 439 521 2014 597">
     <span class='ocr_line' id='line_1_4' title="bbox 439 521 2014 597; baseline -0.002 -18"><span class='ocrx_word' id='word_1_21' title='bbox 439 528 707 594; x_wconf 84' lang='lat' dir='ltr'><strong>mundus,</strong></span> <span class='ocrx_word' id='word_1_22' title='bbox 771 526 1223 597; x_wconf 83' lang='lat' dir='ltr'><strong>quemadmodum</strong></span> <span class='ocrx_word' id='word_1_23' title='bbox 1290 538 1429 578; x_wconf 90' lang='lat' dir='ltr'><strong>unus</strong></span> <span class='ocrx_word' id='word_1_24' title='bbox 1498 538 1563 577; x_wconf 79' lang='lat' dir='ltr'><strong>ex</strong></span> <span class='ocrx_word' id='word_1_25' title='bbox 1625 522 1692 577; x_wconf 89' lang='lat' dir='ltr'><strong>iis</strong></span> <span class='ocrx_word' id='word_1_26' title='bbox 1763 521 2014 578; x_wconf 78' lang='lat' dir='ltr'><strong>Paulus:</strong></span> 
     </span>
    </p>
   </div>
   <div class='ocr_carea' id='block_1_5' title="bbox 440 614 2019 688">
    <p class='ocr_par' dir='ltr' id='par_1_5' title="bbox 440 614 2019 688">
     <span class='ocr_line' id='line_1_5' title="bbox 440 614 2019 688; baseline -0.001 -18"><span class='ocrx_word' id='word_1_27' title='bbox 440 637 461 670; x_wconf 79' lang='grc' dir='ltr'><strong>ι</strong></span> <span class='ocrx_word' id='word_1_28' title='bbox 492 618 719 685; x_wconf 78' lang='lat' dir='ltr'><strong>Christi,</strong></span> <span class='ocrx_word' id='word_1_29' title='bbox 777 618 973 688; x_wconf 87' lang='lat' dir='ltr'><strong>inquit,</strong></span> <span class='ocrx_word' id='word_1_30' title='bbox 1029 617 1204 672; x_wconf 86' lang='lat' dir='ltr'><strong>bonus</strong></span> <span class='ocrx_word' id='word_1_31' title='bbox 1249 616 1383 670; x_wconf 91' lang='lat' dir='ltr'><strong>odor</strong></span> <span class='ocrx_word' id='word_1_32' title='bbox 1442 629 1632 670; x_wconf 88' lang='lat' dir='ltr'><strong>sumus</strong></span> <span class='ocrx_word' id='word_1_33' title='bbox 1682 615 1734 668; x_wconf 94' lang='lat' dir='ltr'><strong>in</strong></span> <span class='ocrx_word' id='word_1_34' title='bbox 1780 615 1863 669; x_wconf 88' lang='lat' dir='ltr'><strong>his</strong></span> <span class='ocrx_word' id='word_1_35' title='bbox 1926 614 2019 683; x_wconf 89' lang='lat' dir='ltr'><strong>qui</strong></span> 
     </span>
    </p>
   </div>
   <div class='ocr_carea' id='block_1_6' title="bbox 439 707 2022 779">
    <p class='ocr_par' dir='ltr' id='par_1_6' title="bbox 439 707 2022 779">
     <span class='ocr_line' id='line_1_6' title="bbox 439 707 2022 779; baseline -0.002 -14"><span class='ocrx_word' id='word_1_36' title='bbox 439 712 575 765; x_wconf 72' lang='lat' dir='ltr'><strong>salvi</strong></span> <span class='ocrx_word' id='word_1_37' title='bbox 604 712 760 775; x_wconf 87' lang='lat' dir='ltr'><strong>ﬁunt,</strong></span> <span class='ocrx_word' id='word_1_38' title='bbox 790 722 840 765; x_wconf 88' lang='lat' dir='ltr'><strong>ct</strong></span> <span class='ocrx_word' id='word_1_39' title='bbox 878 710 930 763; x_wconf 90' lang='lat' dir='ltr'><strong>in</strong></span> <span class='ocrx_word' id='word_1_40' title='bbox 973 710 1040 764; x_wconf 90' lang='lat' dir='ltr'><strong>iis</strong></span> <span class='ocrx_word' id='word_1_41' title='bbox 1070 710 1158 777; x_wconf 85' lang='lat' dir='ltr'><strong>qui</strong></span> <span class='ocrx_word' id='word_1_42' title='bbox 1187 718 1414 779; x_wconf 88' lang='lat' dir='ltr'><strong>pereunt</strong></span> <span class='ocrx_word' id='word_1_43' title='bbox 1439 726 1451 762; x_wconf 91' lang='lat'>:</span> <span class='ocrx_word' id='word_1_44' title='bbox 1479 707 1598 762; x_wconf 89' lang='lat' dir='ltr'><strong>aliis</strong></span> <span class='ocrx_word' id='word_1_45' title='bbox 1627 707 1843 777; x_wconf 88' lang='lat' dir='ltr'><strong>quidem</strong></span> <span class='ocrx_word' id='word_1_46' title='bbox 1887 709 2022 762; x_wconf 85' lang='lat' dir='ltr'><strong>odor</strong></span> 
     </span>
    </p>
   </div>
   <div class='ocr_carea' id='block_1_7' title="bbox 440 799 2014 867">
    <p class='ocr_par' dir='ltr' id='par_1_7' title="bbox 440 799 2014 867">
     <span class='ocr_line' id='line_1_7' title="bbox 440 799 2014 867; baseline -0.004 -10"><span class='ocrx_word' id='word_1_47' title='bbox 440 806 633 859; x_wconf 88' lang='lat' dir='ltr'><strong>mortis</strong></span> <span class='ocrx_word' id='word_1_48' title='bbox 660 804 713 857; x_wconf 91' lang='lat' dir='ltr'><strong>in</strong></span> <span class='ocrx_word' id='word_1_49' title='bbox 741 815 994 867; x_wconf 87' lang='lat' dir='ltr'><strong>mortem,</strong></span> <span class='ocrx_word' id='word_1_50' title='bbox 1025 802 1107 856; x_wconf 88' lang='lat' dir='ltr'><strong>his</strong></span> <span class='ocrx_word' id='word_1_51' title='bbox 1133 810 1312 855; x_wconf 90' lang='lat' dir='ltr'><strong>autem</strong></span> <span class='ocrx_word' id='word_1_52' title='bbox 1336 801 1469 854; x_wconf 89' lang='lat' dir='ltr'><strong>odor</strong></span> <span class='ocrx_word' id='word_1_53' title='bbox 1497 801 1619 853; x_wconf 65' lang='lat' dir='ltr'><strong>vitae</strong></span> <span class='ocrx_word' id='word_1_54' title='bbox 1652 800 1703 853; x_wconf 92' lang='lat' dir='ltr'><strong>in</strong></span> <span class='ocrx_word' id='word_1_55' title='bbox 1734 799 1897 853; x_wconf 84' lang='lat' dir='ltr'><strong>vitam</strong></span> <span class='ocrx_word' id='word_1_56' title='bbox 1915 799 2014 851; x_wconf 75' lang='lat' dir='ltr'><strong>“.i</strong></span> 
     </span>
    </p>
   </div>
   <div class='ocr_carea' id='block_1_8' title="bbox 2126 515 3714 593">
    <p class='ocr_par' dir='ltr' id='par_1_8' title="bbox 2126 515 3714 593">
     <span class='ocr_line' id='line_1_8' title="bbox 2126 515 3714 593; baseline -0.004 -16"><span class='ocrx_word' id='word_1_57' title='bbox 2126 523 2248 593; x_wconf 82' lang='grc' dir='ltr'>σθη’</span> <span class='ocrx_word' id='word_1_58' title='bbox 2285 523 2359 588; x_wconf 85' lang='grc' dir='ltr'><strong>ὡς</strong></span> <span class='ocrx_word' id='word_1_59' title='bbox 2387 523 2482 577; x_wconf 72' lang='grc' dir='ltr'><strong>καὶ</strong></span> <span class='ocrx_word' id='word_1_60' title='bbox 2518 516 2598 583; x_wconf 76' lang='grc' dir='ltr'>εἷς</span> <span class='ocrx_word' id='word_1_61' title='bbox 2629 521 2687 585; x_wconf 75' lang='grc' dir='ltr'>ἐξ</span> <span class='ocrx_word' id='word_1_62' title='bbox 2715 519 2893 574; x_wconf 81' lang='grc' dir='ltr'>αὐτῶν</span> <span class='ocrx_word' id='word_1_63' title='bbox 2920 517 3152 582; x_wconf 72' lang='grc' dir='ltr'>Παῦλοςο</span> <span class='ocrx_word' id='word_1_64' title='bbox 3188 537 3206 570; x_wconf 79' lang='grc' dir='ltr'><strong>ι</strong></span> <span class='ocrx_word' id='word_1_65' title='bbox 3239 515 3479 587; x_wconf 82' lang='grc' dir='ltr'><strong>Χριστοῦ</strong></span> <span class='ocrx_word' id='word_1_66' title='bbox 3515 518 3714 571; x_wconf 81' lang='grc' dir='ltr'>εὐωδία</span> 
     </span>
    </p>
   </div>
   <div class='ocr_carea' id='block_1_9' title="bbox 2124 606 3715 681">
    <p class='ocr_par' dir='ltr' id='par_1_9' title="bbox 2124 606 3715 681">
     <span class='ocr_line' id='line_1_9' title="bbox 2124 606 3715 681; baseline -0.003 -17"><span class='ocrx_word' id='word_1_67' title='bbox 2124 611 2289 681; x_wconf 73' lang='grc' dir='ltr'>ἐσμὲν</span> <span class='ocrx_word' id='word_1_68' title='bbox 2324 612 2382 664; x_wconf 84' lang='grc' dir='ltr'>ὲν</span> <span class='ocrx_word' id='word_1_69' title='bbox 2420 611 2532 671; x_wconf 82' lang='grc' dir='ltr'>τοῖς</span> <span class='ocrx_word' id='word_1_70' title='bbox 2558 609 2887 678; x_wconf 77' lang='grc' dir='ltr'><strong>σωζομένοις</strong></span> <span class='ocrx_word' id='word_1_71' title='bbox 2917 608 3013 662; x_wconf 78' lang='grc' dir='ltr'>καὶ</span> <span class='ocrx_word' id='word_1_72' title='bbox 3057 609 3115 662; x_wconf 82' lang='grc' dir='ltr'><strong>ἐν</strong></span> <span class='ocrx_word' id='word_1_73' title='bbox 3149 610 3260 672; x_wconf 85' lang='grc' dir='ltr'>τοῖς</span> <span class='ocrx_word' id='word_1_74' title='bbox 3296 606 3715 677; x_wconf 81' lang='grc' dir='ltr'>ἀπολλυμένοιςο</span> 
     </span>
    </p>
   </div>
   <div class='ocr_carea' id='block_1_10' title="bbox 2122 697 3717 783">
    <p class='ocr_par' dir='ltr' id='par_1_10' title="bbox 2122 697 3717 783">
     <span class='ocr_line' id='line_1_10' title="bbox 2122 697 3717 783; baseline 0 -26"><span class='ocrx_word' id='word_1_75' title='bbox 2122 698 2205 768; x_wconf 76' lang='grc' dir='ltr'>οἷς</span> <span class='ocrx_word' id='word_1_76' title='bbox 2249 704 2347 774; x_wconf 85' lang='grc' dir='ltr'><strong>μὲν</strong></span> <span class='ocrx_word' id='word_1_77' title='bbox 2388 704 2534 775; x_wconf 82' lang='grc' dir='ltr'>ὀσμὴ</span> <span class='ocrx_word' id='word_1_78' title='bbox 2571 705 2635 757; x_wconf 80' lang='grc' dir='ltr'><strong>ἐκ</strong></span> <span class='ocrx_word' id='word_1_79' title='bbox 2678 703 2789 771; x_wconf 73' lang='grc'><strong>(56)</strong></span> <span class='ocrx_word' id='word_1_80' title='bbox 2833 702 3064 783; x_wconf 88' lang='grc' dir='ltr'>θανάτου</span> <span class='ocrx_word' id='word_1_81' title='bbox 3119 703 3198 765; x_wconf 89' lang='grc' dir='ltr'><strong>είς</strong></span> <span class='ocrx_word' id='word_1_82' title='bbox 3249 700 3499 758; x_wconf 88' lang='grc' dir='ltr'>θάνατον·</span> <span class='ocrx_word' id='word_1_83' title='bbox 3531 697 3612 765; x_wconf 70' lang='grc' dir='ltr'>οἷς</span> <span class='ocrx_word' id='word_1_84' title='bbox 3659 699 3717 757; x_wconf 72' lang='grc' dir='ltr'>δὲ</span> 
     </span>
    </p>
   </div>
   <div class='ocr_carea' id='block_1_11' title="bbox 2123 794 3716 868">
    <p class='ocr_par' dir='ltr' id='par_1_11' title="bbox 2123 794 3716 868">
     <span class='ocr_line' id='line_1_11' title="bbox 2123 794 3716 868; baseline -0.001 -19"><span class='ocrx_word' id='word_1_85' title='bbox 2123 796 2266 868; x_wconf 85' lang='grc' dir='ltr'>ὀσμὴ</span> <span class='ocrx_word' id='word_1_86' title='bbox 2323 797 2388 850; x_wconf 84' lang='grc' dir='ltr'>ὲκ</span> <span class='ocrx_word' id='word_1_87' title='bbox 2444 798 2591 866; x_wconf 77' lang='grc' dir='ltr'>ζωῆς</span> <span class='ocrx_word' id='word_1_88' title='bbox 2644 796 2724 857; x_wconf 81' lang='grc' dir='ltr'>εἰς</span> <span class='ocrx_word' id='word_1_89' title='bbox 2774 794 2939 866; x_wconf 80' lang='grc' dir='ltr'>ζωήν.</span> <span class='ocrx_word' id='word_1_90' title='bbox 2981 812 3000 846; x_wconf 74' lang='grc' dir='ltr'><strong>ι</strong></span> <span class='ocrx_word' id='word_1_91' title='bbox 3041 794 3105 846; x_wconf 88' lang='grc' dir='ltr'>Ἡ</span> <span class='ocrx_word' id='word_1_92' title='bbox 3136 795 3276 864; x_wconf 80' lang='grc' dir='ltr'>αὑτὴ</span> <span class='ocrx_word' id='word_1_93' title='bbox 3307 795 3453 865; x_wconf 80' lang='grc' dir='ltr'>ὀσμὴ</span> <span class='ocrx_word' id='word_1_94' title='bbox 3491 794 3590 866; x_wconf 79' lang='grc' dir='ltr'>τῆς</span> <span class='ocrx_word' id='word_1_95' title='bbox 3621 794 3716 847; x_wconf 82' lang='grc' dir='ltr'>εὑ-</span> 
     </span>
    </p>
   </div>
   <div class='ocr_carea' id='block_1_12' title="bbox 440 881 2029 963">
    <p class='ocr_par' dir='ltr' id='par_1_12' title="bbox 440 891 2022 963">
     <span class='ocr_line' id='line_1_12' title="bbox 440 891 2022 963; baseline -0.001 -15"><span class='ocrx_word' id='word_1_96' title='bbox 440 892 584 951; x_wconf 88' lang='lat' dir='ltr'><strong>ldem</strong></span> <span class='ocrx_word' id='word_1_97' title='bbox 625 897 761 950; x_wconf 91' lang='lat' dir='ltr'><strong>odor</strong></span> <span class='ocrx_word' id='word_1_98' title='bbox 806 894 1093 949; x_wconf 83' lang='lat' dir='ltr'><strong>suavitatis</strong></span> <span class='ocrx_word' id='word_1_99' title='bbox 1137 893 1258 947; x_wconf 89' lang='lat' dir='ltr'><strong>aliis</strong></span> <span class='ocrx_word' id='word_1_100' title='bbox 1291 893 1507 963; x_wconf 80' lang='lat' dir='ltr'><strong>quidem</strong></span> <span class='ocrx_word' id='word_1_101' title='bbox 1537 893 1589 946; x_wconf 91' lang='lat' dir='ltr'><strong>in</strong></span> <span class='ocrx_word' id='word_1_102' title='bbox 1623 900 1872 957; x_wconf 86' lang='lat' dir='ltr'><strong>mortem,</strong></span> <span class='ocrx_word' id='word_1_103' title='bbox 1903 891 2022 946; x_wconf 83' lang='lat' dir='ltr'><strong>aliis</strong></span> 
     </span>
    </p>
   </div>
   <div class='ocr_carea' id='block_1_13' title="bbox 2137 881 3724 963">
    <p class='ocr_par' dir='ltr' id='par_1_13' title="bbox 2137 881 3724 957">
     <span class='ocr_line' id='line_1_13' title="bbox 2137 881 3724 957; baseline -0.001 -16"><span class='ocrx_word' id='word_1_104' title='bbox 2137 888 2308 952; x_wconf 68' lang='grc' dir='ltr'>υδίας,</span> <span class='ocrx_word' id='word_1_105' title='bbox 2343 881 2426 950; x_wconf 74' lang='grc' dir='ltr'>οἷς</span> <span class='ocrx_word' id='word_1_106' title='bbox 2460 886 2561 956; x_wconf 84' lang='grc' dir='ltr'><strong>μὲν</strong></span> <span class='ocrx_word' id='word_1_107' title='bbox 2611 888 2690 950; x_wconf 85' lang='grc' dir='ltr'><strong>είς</strong></span> <span class='ocrx_word' id='word_1_108' title='bbox 2728 885 2978 953; x_wconf 88' lang='grc' dir='ltr'>θάνατον,</span> <span class='ocrx_word' id='word_1_109' title='bbox 3002 881 3081 949; x_wconf 75' lang='grc' dir='ltr'>οἷς</span> <span class='ocrx_word' id='word_1_110' title='bbox 3111 885 3167 938; x_wconf 82' lang='grc' dir='ltr'><strong>δὲ</strong></span> <span class='ocrx_word' id='word_1_111' title='bbox 3198 887 3278 950; x_wconf 88' lang='grc' dir='ltr'><strong>είς</strong></span> <span class='ocrx_word' id='word_1_112' title='bbox 3316 883 3461 957; x_wconf 78' lang='grc' dir='ltr'>ζωὴν</span> <span class='ocrx_word' id='word_1_113' title='bbox 3491 884 3724 939; x_wconf 78' lang='grc' dir='ltr'>εὐωδιά-</span> 
     </span>
    </p>
   </div>
   <div class='ocr_carea' id='block_1_14' title="bbox 439 981 2025 1041">
    <p class='ocr_par' dir='ltr' id='par_1_14' title="bbox 439 981 2025 1041">
     <span class='ocr_line' id='line_1_14' title="bbox 439 981 2025 1041; baseline -0.004 0"><span class='ocrx_word' id='word_1_114' title='bbox 439 986 494 1041; x_wconf 90' lang='lat' dir='ltr'><strong>in</strong></span> <span class='ocrx_word' id='word_1_115' title='bbox 523 986 689 1039; x_wconf 82' lang='lat' dir='ltr'><strong>vitam</strong></span> <span class='ocrx_word' id='word_1_116' title='bbox 719 986 958 1039; x_wconf 84' lang='lat' dir='ltr'><strong>suaviter</strong></span> <span class='ocrx_word' id='word_1_117' title='bbox 988 982 1115 1036; x_wconf 90' lang='lat' dir='ltr'><strong>olet.</strong></span> <span class='ocrx_word' id='word_1_118' title='bbox 1158 981 1305 1038; x_wconf 77' lang='lat' dir='ltr'><strong>Odor</strong></span> <span class='ocrx_word' id='word_1_119' title='bbox 1352 982 1496 1035; x_wconf 82' lang='lat' dir='ltr'><strong>enim</strong></span> <span class='ocrx_word' id='word_1_120' title='bbox 1546 982 1737 1035; x_wconf 86' lang='lat' dir='ltr'><strong>mortis</strong></span> <span class='ocrx_word' id='word_1_121' title='bbox 1768 982 1832 1034; x_wconf 86' lang='lat' dir='ltr'><strong>iis</strong></span> <span class='ocrx_word' id='word_1_122' title='bbox 1866 987 2025 1035; x_wconf 86' lang='lat' dir='ltr'><strong>erant</strong></span> 
     </span>
    </p>
   </div>
   <div class='ocr_carea' id='block_1_15' title="bbox 439 1071 2023 1148">
    <p class='ocr_par' dir='ltr' id='par_1_15' title="bbox 439 1071 2023 1148">
     <span class='ocr_line' id='line_1_15' title="bbox 439 1071 2023 1148; baseline -0.004 -16"><span class='ocrx_word' id='word_1_123' title='bbox 439 1078 690 1148; x_wconf 74' lang='lat' dir='ltr'><strong>apostoli,</strong></span> <span class='ocrx_word' id='word_1_124' title='bbox 737 1079 827 1146; x_wconf 78' lang='lat' dir='ltr'><strong>qui</strong></span> <span class='ocrx_word' id='word_1_125' title='bbox 863 1092 919 1130; x_wconf 87' lang='lat' dir='ltr'><strong>se</strong></span> <span class='ocrx_word' id='word_1_126' title='bbox 952 1077 1436 1145; x_wconf 74' lang='lat' dir='ltr'><strong>persequebantur,</strong></span> <span class='ocrx_word' id='word_1_127' title='bbox 1480 1071 1812 1145; x_wconf 79' lang='lat' dir='ltr'><strong>aiiligebaut,</strong></span> <span class='ocrx_word' id='word_1_128' title='bbox 1851 1072 2023 1140; x_wconf 87' lang='lat' dir='ltr'><strong>conji-</strong></span> 
     </span>
    </p>
   </div>
   <div class='ocr_carea' id='block_1_16' title="bbox 438 1161 2020 1241">
    <p class='ocr_par' dir='ltr' id='par_1_16' title="bbox 438 1161 2020 1241">
     <span class='ocr_line' id='line_1_16' title="bbox 438 1161 2020 1241; baseline -0.006 -18"><span class='ocrx_word' id='word_1_129' title='bbox 438 1169 655 1223; x_wconf 85' lang='lat' dir='ltr'><strong>ciehant</strong></span> <span class='ocrx_word' id='word_1_130' title='bbox 705 1168 757 1221; x_wconf 90' lang='lat' dir='ltr'><strong>in</strong></span> <span class='ocrx_word' id='word_1_131' title='bbox 796 1166 1041 1233; x_wconf 87' lang='lat' dir='ltr'><strong>vincula;</strong></span> <span class='ocrx_word' id='word_1_132' title='bbox 1084 1180 1273 1219; x_wconf 78' lang='lat' dir='ltr'><strong>rursus</strong></span> <span class='ocrx_word' id='word_1_133' title='bbox 1306 1165 1425 1217; x_wconf 68' lang='lat' dir='ltr'><strong>vitae</strong></span> <span class='ocrx_word' id='word_1_134' title='bbox 1475 1164 1612 1241; x_wconf 86' lang='lat' dir='ltr'><strong>odor</strong></span> <span class='ocrx_word' id='word_1_135' title='bbox 1655 1161 2020 1224; x_wconf 88' lang='lat' dir='ltr'><strong>credentibus,</strong></span> 
     </span>
    </p>
   </div>
   <div class='ocr_carea' id='block_1_17' title="bbox 440 1254 2026 1328">
    <p class='ocr_par' dir='ltr' id='par_1_17' title="bbox 440 1254 2026 1328">
     <span class='ocr_line' id='line_1_17' title="bbox 440 1254 2026 1328; baseline -0.004 -13"><span class='ocrx_word' id='word_1_136' title='bbox 440 1262 531 1322; x_wconf 81' lang='lat' dir='ltr'><strong>qui</strong></span> <span class='ocrx_word' id='word_1_137' title='bbox 560 1262 704 1327; x_wconf 79' lang='lat' dir='ltr'><strong>digni</strong></span> <span class='ocrx_word' id='word_1_138' title='bbox 732 1261 899 1316; x_wconf 83' lang='lat' dir='ltr'><strong>habiti</strong></span> <span class='ocrx_word' id='word_1_139' title='bbox 922 1268 1050 1315; x_wconf 82' lang='lat' dir='ltr'><strong>sunt</strong></span> <span class='ocrx_word' id='word_1_140' title='bbox 1086 1257 1524 1328; x_wconf 66' lang='lat' dir='ltr'><strong>pranlicationem</strong></span> <span class='ocrx_word' id='word_1_141' title='bbox 1565 1256 1862 1324; x_wconf 77' lang='lat' dir='ltr'><strong>suscipere,</strong></span> <span class='ocrx_word' id='word_1_142' title='bbox 1903 1254 2026 1324; x_wconf 87' lang='lat' dir='ltr'><strong>qui-</strong></span> 
     </span>
    </p>
   </div>
   <div class='ocr_carea' id='block_1_18' title="bbox 437 1345 2024 1426">
    <p class='ocr_par' dir='ltr' id='par_1_18' title="bbox 437 1345 2024 1426">
     <span class='ocr_line' id='line_1_18' title="bbox 437 1345 2024 1426; baseline -0.002 -22"><span class='ocrx_word' id='word_1_143' title='bbox 437 1370 548 1426; x_wconf 83' lang='lat' dir='ltr'><strong>que</strong></span> <span class='ocrx_word' id='word_1_144' title='bbox 606 1354 762 1410; x_wconf 88' lang='lat' dir='ltr'><strong>ﬁdem</strong></span> <span class='ocrx_word' id='word_1_145' title='bbox 793 1353 1019 1421; x_wconf 66' lang='lat' dir='ltr'><strong>iustitiae</strong></span> <span class='ocrx_word' id='word_1_146' title='bbox 1067 1350 1323 1422; x_wconf 74' lang='lat' dir='ltr'><strong>operibus</strong></span> <span class='ocrx_word' id='word_1_147' title='bbox 1375 1347 1792 1404; x_wconf 78' lang='lat' dir='ltr'><strong>conﬁrmabant.</strong></span> <span class='ocrx_word' id='word_1_148' title='bbox 1863 1365 1881 1398; x_wconf 82' lang='grc' dir='ltr'><strong>ι</strong></span> <span class='ocrx_word' id='word_1_149' title='bbox 1910 1345 2024 1402; x_wconf 85' lang='lat' dir='ltr'><strong>Un—</strong></span> 
     </span>
    </p>
   </div>
   <div class='ocr_carea' id='block_1_19' title="bbox 441 1429 2025 1518">
    <p class='ocr_par' dir='ltr' id='par_1_19' title="bbox 441 1429 2025 1518">
     <span class='ocr_line' id='line_1_19' title="bbox 441 1429 2025 1518; baseline -0.004 -18"><span class='ocrx_word' id='word_1_150' title='bbox 441 1457 699 1518; x_wconf 83' lang='lat' dir='ltr'><strong>guentum</strong></span> <span class='ocrx_word' id='word_1_151' title='bbox 733 1444 963 1501; x_wconf 77' lang='lat' dir='ltr'><strong>&#39;eﬂ&#39;usum</strong></span> <span class='ocrx_word' id='word_1_152' title='bbox 995 1429 1190 1499; x_wconf 80' lang='lat' dir='ltr'><strong>nomen</strong></span> <span class='ocrx_word' id='word_1_153' title='bbox 1222 1455 1394 1497; x_wconf 91' lang='lat' dir='ltr'><strong>tuum.</strong></span> <span class='ocrx_word' id='word_1_154' title='bbox 1427 1460 1445 1494; x_wconf 75' lang='grc' dir='ltr'><strong>ι</strong></span> <span class='ocrx_word' id='word_1_155' title='bbox 1492 1440 1691 1495; x_wconf 86' lang='lat' dir='ltr'><strong>Eodem</strong></span> <span class='ocrx_word' id='word_1_156' title='bbox 1744 1441 1846 1495; x_wconf 88' lang='lat' dir='ltr'><strong>hoc</strong></span> <span class='ocrx_word' id='word_1_157' title='bbox 1877 1447 2025 1493; x_wconf 74' lang='lat' dir='ltr'><strong>textu</strong></span> 
     </span>
    </p>
   </div>
   <div class='ocr_carea' id='block_1_20' title="bbox 440 1531 2022 1607">
    <p class='ocr_par' dir='ltr' id='par_1_20' title="bbox 440 1531 2022 1607">
     <span class='ocr_line' id='line_1_20' title="bbox 440 1531 2022 1607; baseline -0.004 -16"><span class='ocrx_word' id='word_1_158' title='bbox 440 1538 816 1607; x_wconf 76' lang='lat' dir='ltr'><strong>propheticum</strong></span> <span class='ocrx_word' id='word_1_159' title='bbox 853 1538 1018 1592; x_wconf 84' lang='lat' dir='ltr'><strong>etiam</strong></span> <span class='ocrx_word' id='word_1_160' title='bbox 1057 1546 1273 1604; x_wconf 81' lang='lat' dir='ltr'><strong>tropum</strong></span> <span class='ocrx_word' id='word_1_161' title='bbox 1319 1533 1590 1603; x_wconf 86' lang='lat' dir='ltr'><strong>signiﬁcat</strong></span> <span class='ocrx_word' id='word_1_162' title='bbox 1618 1534 1791 1587; x_wconf 76' lang='lat' dir='ltr'><strong>beata:</strong></span> <span class='ocrx_word' id='word_1_163' title='bbox 1824 1531 2022 1599; x_wconf 66' lang='lat' dir='ltr'><strong>Mariae,</strong></span> 
     </span>
    </p>
   </div>
   <div class='ocr_carea' id='block_1_21' title="bbox 441 1624 2025 1699">
    <p class='ocr_par' dir='ltr' id='par_1_21' title="bbox 441 1624 2025 1699">
     <span class='ocr_line' id='line_1_21' title="bbox 441 1624 2025 1699; baseline -0.005 -16"><span class='ocrx_word' id='word_1_164' title='bbox 441 1644 562 1698; x_wconf 65' lang='lat' dir='ltr'><strong>quae</strong></span> <span class='ocrx_word' id='word_1_165' title='bbox 589 1629 847 1699; x_wconf 82' lang='lat' dir='ltr'><strong>unguenti</strong></span> <span class='ocrx_word' id='word_1_166' title='bbox 872 1628 1150 1683; x_wconf 84' lang='lat' dir='ltr'><strong>alabastro</strong></span> <span class='ocrx_word' id='word_1_167' title='bbox 1166 1624 1300 1680; x_wconf 84' lang='lat' dir='ltr'><strong>conf</strong></span> <span class='ocrx_word' id='word_1_168' title='bbox 1300 1635 1448 1681; x_wconf 85' lang='lat' dir='ltr'><strong>racto</strong></span> <span class='ocrx_word' id='word_1_169' title='bbox 1474 1625 1758 1679; x_wconf 83' lang='lat' dir='ltr'><strong>Dominum</strong></span> <span class='ocrx_word' id='word_1_170' title='bbox 1782 1634 2025 1678; x_wconf 90' lang='lat' dir='ltr'><strong>nostrmn</strong></span> 
     </span>
    </p>
   </div>
   <div class='ocr_carea' id='block_1_22' title="bbox 439 1714 2027 1789">
    <p class='ocr_par' dir='ltr' id='par_1_22' title="bbox 439 1714 2027 1789">
     <span class='ocr_line' id='line_1_22' title="bbox 439 1714 2027 1789; baseline -0.006 -12"><span class='ocrx_word' id='word_1_171' title='bbox 439 1721 624 1778; x_wconf 88' lang='lat' dir='ltr'><strong>Jesum</strong></span> <span class='ocrx_word' id='word_1_172' title='bbox 656 1720 935 1776; x_wconf 82' lang='lat' dir='ltr'><strong>Christum</strong></span> <span class='ocrx_word' id='word_1_173' title='bbox 970 1719 1258 1789; x_wconf 78' lang='lat' dir='ltr'><strong>perunxit;</strong></span> <span class='ocrx_word' id='word_1_174' title='bbox 1291 1727 1346 1773; x_wconf 88' lang='lat' dir='ltr'><strong>et</strong></span> <span class='ocrx_word' id='word_1_175' title='bbox 1379 1717 1508 1772; x_wconf 91' lang='lat' dir='ltr'><strong>illud</strong></span> <span class='ocrx_word' id='word_1_176' title='bbox 1533 1726 1862 1787; x_wconf 84' lang='lat' dir='ltr'><strong>unguentum</strong></span> <span class='ocrx_word' id='word_1_177' title='bbox 1895 1714 2027 1770; x_wconf 78' lang='lat' dir='ltr'><strong>cliu—</strong></span> 
     </span>
    </p>
   </div>
   <div class='ocr_carea' id='block_1_23' title="bbox 2126 973 3724 1051">
    <p class='ocr_par' dir='ltr' id='par_1_23' title="bbox 2126 973 3724 1051">
     <span class='ocr_line' id='line_1_23' title="bbox 2126 973 3724 1051; baseline -0.003 -17"><span class='ocrx_word' id='word_1_178' title='bbox 2126 981 2227 1045; x_wconf 79' lang='grc' dir='ltr'>ζει.</span> <span class='ocrx_word' id='word_1_179' title='bbox 2266 978 2442 1051; x_wconf 86' lang='grc' dir='ltr'>Ὀσμὴ</span> <span class='ocrx_word' id='word_1_180' title='bbox 2480 978 2589 1051; x_wconf 82' lang='grc' dir='ltr'>γὰρ</span> <span class='ocrx_word' id='word_1_181' title='bbox 2613 978 2845 1033; x_wconf 82' lang='grc' dir='ltr'><strong>Θανάτου</strong></span> <span class='ocrx_word' id='word_1_182' title='bbox 2870 973 3013 1050; x_wconf 79' lang='grc' dir='ltr'>ἦσαν</span> <span class='ocrx_word' id='word_1_183' title='bbox 3039 979 3085 1032; x_wconf 85' lang='grc' dir='ltr'>οἱ</span> <span class='ocrx_word' id='word_1_184' title='bbox 3113 976 3403 1031; x_wconf 81' lang='grc' dir='ltr'><strong>ἀπόστολοι</strong></span> <span class='ocrx_word' id='word_1_185' title='bbox 3438 979 3551 1041; x_wconf 72' lang='grc' dir='ltr'>τοῖς</span> <span class='ocrx_word' id='word_1_186' title='bbox 3586 974 3724 1030; x_wconf 82' lang='grc' dir='ltr'>διώ-</span> 
     </span>
    </p>
   </div>
   <div class='ocr_carea' id='block_1_24' title="bbox 2125 1058 3727 1141">
    <p class='ocr_par' dir='ltr' id='par_1_24' title="bbox 2125 1058 3727 1141">
     <span class='ocr_line' id='line_1_24' title="bbox 2125 1058 3727 1141; baseline -0.003 -15"><span class='ocrx_word' id='word_1_187' title='bbox 2125 1088 2281 1126; x_wconf 86' lang='grc' dir='ltr'>κουσι</span> <span class='ocrx_word' id='word_1_188' title='bbox 2335 1072 2428 1125; x_wconf 74' lang='grc' dir='ltr'><strong>καὶ</strong></span> <span class='ocrx_word' id='word_1_189' title='bbox 2472 1070 2715 1124; x_wconf 77' lang='grc' dir='ltr'>θλίϐουσι</span> <span class='ocrx_word' id='word_1_190' title='bbox 2757 1069 2851 1122; x_wconf 70' lang='grc' dir='ltr'>καὶ</span> <span class='ocrx_word' id='word_1_191' title='bbox 2898 1058 3247 1139; x_wconf 71' lang='grc' dir='ltr'>δεσμεύουσι³</span> <span class='ocrx_word' id='word_1_192' title='bbox 3284 1068 3429 1139; x_wconf 83' lang='grc' dir='ltr'>ὀσμὴ</span> <span class='ocrx_word' id='word_1_193' title='bbox 3474 1066 3531 1121; x_wconf 75' lang='grc' dir='ltr'>δὲ</span> <span class='ocrx_word' id='word_1_194' title='bbox 3571 1065 3727 1141; x_wconf 75' lang='grc' dir='ltr'>ζωῆς</span> 
     </span>
    </p>
   </div>
   <div class='ocr_carea' id='block_1_25' title="bbox 2125 1154 3725 1234">
    <p class='ocr_par' dir='ltr' id='par_1_25' title="bbox 2125 1154 3725 1234">
     <span class='ocr_line' id='line_1_25' title="bbox 2125 1154 3725 1234; baseline -0.004 -16"><span class='ocrx_word' id='word_1_195' title='bbox 2125 1164 2288 1218; x_wconf 82' lang='grc' dir='ltr'>πάλιν</span> <span class='ocrx_word' id='word_1_196' title='bbox 2321 1165 2435 1227; x_wconf 80' lang='grc' dir='ltr'>τοῖς</span> <span class='ocrx_word' id='word_1_197' title='bbox 2480 1160 2817 1227; x_wconf 76' lang='grc' dir='ltr'>πιστεύουσι,</span> <span class='ocrx_word' id='word_1_198' title='bbox 2869 1164 2985 1225; x_wconf 84' lang='grc' dir='ltr'>τοῖς</span> <span class='ocrx_word' id='word_1_199' title='bbox 3030 1160 3093 1214; x_wconf 76' lang='grc' dir='ltr'>τὸ</span> <span class='ocrx_word' id='word_1_200' title='bbox 3146 1161 3409 1234; x_wconf 78' lang='grc' dir='ltr'>κήρυγιια</span> <span class='ocrx_word' id='word_1_201' title='bbox 3464 1154 3725 1231; x_wconf 74' lang='grc' dir='ltr'>δέξασθαι</span> 
     </span>
    </p>
   </div>
   <div class='ocr_carea' id='block_1_26' title="bbox 2126 1250 3727 1326">
    <p class='ocr_par' dir='ltr' id='par_1_26' title="bbox 2126 1250 3727 1326">
     <span class='ocr_line' id='line_1_26' title="bbox 2126 1250 3727 1326; baseline -0.003 -17"><span class='ocrx_word' id='word_1_202' title='bbox 2126 1254 2574 1326; x_wconf 81' lang='grc' dir='ltr'>καταξιουμένοις</span> <span class='ocrx_word' id='word_1_203' title='bbox 2609 1253 2742 1324; x_wconf 81' lang='grc'><strong>(57),</strong></span> <span class='ocrx_word' id='word_1_204' title='bbox 2778 1255 2890 1316; x_wconf 85' lang='grc' dir='ltr'>τοῖς</span> <span class='ocrx_word' id='word_1_205' title='bbox 2938 1251 3037 1322; x_wconf 85' lang='grc' dir='ltr'>τὴν</span> <span class='ocrx_word' id='word_1_206' title='bbox 3082 1251 3266 1305; x_wconf 87' lang='grc' dir='ltr'>πίστιν</span> <span class='ocrx_word' id='word_1_207' title='bbox 3313 1254 3372 1305; x_wconf 85' lang='grc' dir='ltr'>ὲν</span> <span class='ocrx_word' id='word_1_208' title='bbox 3412 1250 3593 1323; x_wconf 77' lang='grc' dir='ltr'><strong>ἔργοις</strong></span> <span class='ocrx_word' id='word_1_209' title='bbox 3639 1250 3727 1304; x_wconf 86' lang='grc' dir='ltr'>δι-</span> 
     </span>
    </p>
   </div>
   <div class='ocr_carea' id='block_1_27' title="bbox 2125 1333 3728 1417">
    <p class='ocr_par' dir='ltr' id='par_1_27' title="bbox 2125 1333 3728 1417">
     <span class='ocr_line' id='line_1_27' title="bbox 2125 1333 3728 1417; baseline -0.002 -18"><span class='ocrx_word' id='word_1_210' title='bbox 2125 1343 2423 1417; x_wconf 82' lang='grc' dir='ltr'>καιοσύνης</span> <span class='ocrx_word' id='word_1_211' title='bbox 2486 1341 2811 1414; x_wconf 78' lang='grc' dir='ltr'>βεϐαιοῦσιν.</span> <span class='ocrx_word' id='word_1_212' title='bbox 2881 1358 2900 1391; x_wconf 80' lang='lat' dir='ltr'><strong>t</strong></span> <span class='ocrx_word' id='word_1_213' title='bbox 2944 1333 3131 1412; x_wconf 79' lang='grc' dir='ltr'>Μῦρον</span> <span class='ocrx_word' id='word_1_214' title='bbox 3170 1340 3474 1395; x_wconf 83' lang='grc' dir='ltr'>ὲκκενωθὲν</span> <span class='ocrx_word' id='word_1_215' title='bbox 3544 1340 3728 1413; x_wconf 74' lang='grc' dir='ltr'>δνομά</span> 
     </span>
    </p>
   </div>
   <div class='ocr_carea' id='block_1_28' title="bbox 2129 1420 3726 1509">
    <p class='ocr_par' dir='ltr' id='par_1_28' title="bbox 2129 1420 3726 1509">
     <span class='ocr_line' id='line_1_28' title="bbox 2129 1420 3726 1509; baseline -0.002 -16"><span class='ocrx_word' id='word_1_216' title='bbox 2129 1457 2243 1493; x_wconf 89' lang='grc' dir='ltr'>σου.</span> <span class='ocrx_word' id='word_1_217' title='bbox 2290 1458 2309 1491; x_wconf 76' lang='grc' dir='ltr'><strong>ι</strong></span> <span class='ocrx_word' id='word_1_218' title='bbox 2357 1439 2446 1492; x_wconf 87' lang='grc' dir='ltr'>Ἐν</span> <span class='ocrx_word' id='word_1_219' title='bbox 2481 1436 2667 1509; x_wconf 85' lang='grc' dir='ltr'>ταυτῷ</span> <span class='ocrx_word' id='word_1_220' title='bbox 2688 1436 2743 1490; x_wconf 82' lang='grc' dir='ltr'>δὲ</span> <span class='ocrx_word' id='word_1_221' title='bbox 2784 1435 3124 1508; x_wconf 83' lang='grc' dir='ltr'><strong>προφητικὸν</strong></span> <span class='ocrx_word' id='word_1_222' title='bbox 3154 1436 3409 1508; x_wconf 82' lang='grc' dir='ltr'>σημαίνει</span> <span class='ocrx_word' id='word_1_223' title='bbox 3432 1420 3558 1509; x_wconf 83' lang='grc'>(58)</span> <span class='ocrx_word' id='word_1_224' title='bbox 3591 1436 3726 1506; x_wconf 77' lang='grc' dir='ltr'>τρό-</span> 
     </span>
    </p>
   </div>
   <div class='ocr_carea' id='block_1_29' title="bbox 2127 1526 3726 1604">
    <p class='ocr_par' dir='ltr' id='par_1_29' title="bbox 2127 1526 3726 1604">
     <span class='ocr_line' id='line_1_29' title="bbox 2127 1526 3726 1604; baseline -0.003 -17"><span class='ocrx_word' id='word_1_225' title='bbox 2127 1550 2228 1587; x_wconf 85' lang='grc' dir='ltr'>πον</span> <span class='ocrx_word' id='word_1_226' title='bbox 2254 1533 2348 1587; x_wconf 73' lang='grc' dir='ltr'>καὶ</span> <span class='ocrx_word' id='word_1_227' title='bbox 2373 1532 2474 1603; x_wconf 80' lang='grc' dir='ltr'>τῆς</span> <span class='ocrx_word' id='word_1_228' title='bbox 2506 1532 2785 1604; x_wconf 84' lang='grc' dir='ltr'><strong>μακαρίας</strong></span> <span class='ocrx_word' id='word_1_229' title='bbox 2819 1530 3059 1602; x_wconf 81' lang='grc' dir='ltr'>Μαρίας,</span> <span class='ocrx_word' id='word_1_230' title='bbox 3101 1530 3224 1601; x_wconf 69' lang='grc' dir='ltr'>ἥτις</span> <span class='ocrx_word' id='word_1_231' title='bbox 3283 1530 3620 1600; x_wconf 62' lang='grc' dir='ltr'>συντρίψασα</span> <span class='ocrx_word' id='word_1_232' title='bbox 3659 1526 3726 1583; x_wconf 80' lang='grc' dir='ltr'>τὸ</span> 
     </span>
    </p>
   </div>
   <div class='ocr_carea' id='block_1_30' title="bbox 2127 1622 3729 1697">
    <p class='ocr_par' dir='ltr' id='par_1_30' title="bbox 2127 1622 3729 1697">
     <span class='ocr_line' id='line_1_30' title="bbox 2127 1622 3729 1697; baseline -0.001 -18"><span class='ocrx_word' id='word_1_233' title='bbox 2127 1624 2468 1697; x_wconf 79' lang='grc' dir='ltr'>ἀλάϐαστρον</span> <span class='ocrx_word' id='word_1_234' title='bbox 2510 1623 2605 1678; x_wconf 83' lang='grc' dir='ltr'>τοῦ</span> <span class='ocrx_word' id='word_1_235' title='bbox 2653 1625 2822 1696; x_wconf 79' lang='grc' dir='ltr'>μύρου</span> <span class='ocrx_word' id='word_1_236' title='bbox 2847 1622 3036 1695; x_wconf 76' lang='grc' dir='ltr'>ἤλειψε</span> <span class='ocrx_word' id='word_1_237' title='bbox 3073 1622 3163 1676; x_wconf 72' lang='grc' dir='ltr'>τὸν</span> <span class='ocrx_word' id='word_1_238' title='bbox 3189 1622 3391 1693; x_wconf 81' lang='grc' dir='ltr'>Κύριον</span> <span class='ocrx_word' id='word_1_239' title='bbox 3425 1624 3581 1695; x_wconf 81' lang='grc' dir='ltr'>ἡμῶν</span> <span class='ocrx_word' id='word_1_240' title='bbox 3614 1623 3729 1694; x_wconf 84' lang='grc' dir='ltr'><strong>Ἰη-</strong></span> 
     </span>
    </p>
   </div>
   <div class='ocr_carea' id='block_1_31' title="bbox 2132 1714 3725 1788">
    <p class='ocr_par' dir='ltr' id='par_1_31' title="bbox 2132 1714 3725 1788">
     <span class='ocr_line' id='line_1_31' title="bbox 2132 1714 3725 1788; baseline 0.001 -20"><span class='ocrx_word' id='word_1_241' title='bbox 2132 1716 2259 1770; x_wconf 82' lang='grc' dir='ltr'>σοῦν</span> <span class='ocrx_word' id='word_1_242' title='bbox 2316 1716 2571 1788; x_wconf 80' lang='grc' dir='ltr'>Χριστόν·</span> <span class='ocrx_word' id='word_1_243' title='bbox 2624 1717 2845 1771; x_wconf 85' lang='grc' dir='ltr'>κάκεῖνο</span> <span class='ocrx_word' id='word_1_244' title='bbox 2892 1714 2955 1768; x_wconf 86' lang='grc' dir='ltr'>τὸ</span> <span class='ocrx_word' id='word_1_245' title='bbox 3003 1714 3173 1787; x_wconf 80' lang='grc' dir='ltr'>μύρον</span> <span class='ocrx_word' id='word_1_246' title='bbox 3210 1715 3513 1769; x_wconf 78' lang='grc' dir='ltr'>ὲκκενωθὲν</span> <span class='ocrx_word' id='word_1_247' title='bbox 3547 1715 3725 1788; x_wconf 77' lang='grc' dir='ltr'>δνομα</span> 
     </span>
    </p>
   </div>
   <div class='ocr_carea' id='block_1_32' title="bbox 439 1795 2029 1880">
    <p class='ocr_par' dir='ltr' id='par_1_32' title="bbox 439 1802 2029 1877">
     <span class='ocr_line' id='line_1_32' title="bbox 439 1802 2029 1877; baseline -0.006 -6"><span class='ocrx_word' id='word_1_248' title='bbox 439 1828 560 1871; x_wconf 88' lang='lat' dir='ltr'><strong>sum</strong></span> <span class='ocrx_word' id='word_1_249' title='bbox 591 1802 804 1868; x_wconf 81' lang='lat' dir='ltr'><strong>celebre</strong></span> <span class='ocrx_word' id='word_1_250' title='bbox 852 1812 974 1877; x_wconf 80' lang='lat' dir='ltr'><strong>fuit,</strong></span> <span class='ocrx_word' id='word_1_251' title='bbox 1029 1821 1090 1866; x_wconf 89' lang='lat' dir='ltr'><strong>ut</strong></span> <span class='ocrx_word' id='word_1_252' title='bbox 1138 1811 1276 1867; x_wconf 78' lang='lat' dir='ltr'><strong>dixit</strong></span> <span class='ocrx_word' id='word_1_253' title='bbox 1307 1809 1601 1866; x_wconf 88' lang='lat' dir='ltr'><strong>Christus:</strong></span> <span class='ocrx_word' id='word_1_254' title='bbox 1641 1827 1661 1859; x_wconf 72' lang='grc' dir='ltr'><strong>ι</strong></span> <span class='ocrx_word' id='word_1_255' title='bbox 1692 1811 1860 1862; x_wconf 80' lang='lat' dir='ltr'><strong>Amen</strong></span> <span class='ocrx_word' id='word_1_256' title='bbox 1906 1807 2029 1863; x_wconf 88' lang='lat' dir='ltr'><strong>dico</strong></span> 
     </span>
    </p>
   </div>
   <div class='ocr_carea' id='block_1_33' title="bbox 2137 1795 3727 1880">
    <p class='ocr_par' dir='ltr' id='par_1_33' title="bbox 2137 1805 3727 1880">
     <span class='ocr_line' id='line_1_33' title="bbox 2137 1805 3727 1880; baseline 0.003 -23"><span class='ocrx_word' id='word_1_257' title='bbox 2137 1805 2286 1876; x_wconf 78' lang='grc' dir='ltr'>ἔσχεν</span> <span class='ocrx_word' id='word_1_258' title='bbox 2327 1805 2477 1877; x_wconf 83' lang='lat'><strong>(59).</strong></span> <span class='ocrx_word' id='word_1_259' title='bbox 2521 1806 2598 1869; x_wconf 84' lang='grc' dir='ltr'>ὡς</span> <span class='ocrx_word' id='word_1_260' title='bbox 2651 1808 2680 1860; x_wconf 87' lang='grc' dir='ltr'>ὁ</span> <span class='ocrx_word' id='word_1_261' title='bbox 2738 1805 2943 1876; x_wconf 79' lang='grc' dir='ltr'>Κύριος</span> <span class='ocrx_word' id='word_1_262' title='bbox 3001 1805 3215 1875; x_wconf 77' lang='grc' dir='ltr'>ἔλεγεν·</span> <span class='ocrx_word' id='word_1_263' title='bbox 3277 1824 3294 1858; x_wconf 84' lang='grc' dir='ltr'><strong>ι</strong></span> <span class='ocrx_word' id='word_1_264' title='bbox 3354 1807 3524 1880; x_wconf 82' lang='grc' dir='ltr'>Ἀμὴν</span> <span class='ocrx_word' id='word_1_265' title='bbox 3577 1807 3727 1876; x_wconf 80' lang='grc' dir='ltr'>λέγω</span> 
     </span>
    </p>
   </div>
   <div class='ocr_carea' id='block_1_34' title="bbox 441 1898 2027 1973">
    <p class='ocr_par' dir='ltr' id='par_1_34' title="bbox 441 1898 2027 1973">
     <span class='ocr_line' id='line_1_34' title="bbox 441 1898 2027 1973; baseline -0.002 -16"><span class='ocrx_word' id='word_1_266' title='bbox 441 1904 618 1971; x_wconf 85' lang='lat' dir='ltr'><strong>vobis,</strong></span> <span class='ocrx_word' id='word_1_267' title='bbox 645 1903 952 1973; x_wconf 79' lang='lat' dir='ltr'><strong>ubicunque</strong></span> <span class='ocrx_word' id='word_1_268' title='bbox 974 1903 1327 1972; x_wconf 81' lang='lat' dir='ltr'><strong>praedicatum</strong></span> <span class='ocrx_word' id='word_1_269' title='bbox 1360 1901 1524 1956; x_wconf 78' lang='lat' dir='ltr'><strong>fuerit</strong></span> <span class='ocrx_word' id='word_1_270' title='bbox 1550 1903 1650 1956; x_wconf 89' lang='lat' dir='ltr'><strong>hoc</strong></span> <span class='ocrx_word' id='word_1_271' title='bbox 1679 1898 2027 1969; x_wconf 80' lang='lat' dir='ltr'><strong>Erangeiium</strong></span> 
     </span>
    </p>
   </div>
   <div class='ocr_carea' id='block_1_35' title="bbox 441 1987 2028 2058">
    <p class='ocr_par' dir='ltr' id='par_1_35' title="bbox 441 1987 2028 2058">
     <span class='ocr_line' id='line_1_35' title="bbox 441 1987 2028 2058; baseline -0.005 -9"><span class='ocrx_word' id='word_1_272' title='bbox 441 1993 500 2049; x_wconf 86' lang='lat' dir='ltr'><strong>in</strong></span> <span class='ocrx_word' id='word_1_273' title='bbox 532 1992 790 2049; x_wconf 82' lang='lat' dir='ltr'><strong>universo</strong></span> <span class='ocrx_word' id='word_1_274' title='bbox 830 1992 1054 2052; x_wconf 88' lang='lat' dir='ltr'><strong>mundo.</strong></span> <span class='ocrx_word' id='word_1_275' title='bbox 1089 1990 1304 2044; x_wconf 82' lang='lat' dir='ltr'><strong>dicetur</strong></span> <span class='ocrx_word' id='word_1_276' title='bbox 1347 1997 1402 2043; x_wconf 91' lang='lat' dir='ltr'><strong>et</strong></span> <span class='ocrx_word' id='word_1_277' title='bbox 1451 1989 1598 2058; x_wconf 88' lang='lat' dir='ltr'><strong>quod</strong></span> <span class='ocrx_word' id='word_1_278' title='bbox 1640 1990 1757 2043; x_wconf 81' lang='lat' dir='ltr'><strong>haec</strong></span> <span class='ocrx_word' id='word_1_279' title='bbox 1807 1987 1933 2041; x_wconf 82' lang='lat' dir='ltr'><strong>fecit</strong></span> <span class='ocrx_word' id='word_1_280' title='bbox 1976 1988 2028 2041; x_wconf 91' lang='lat' dir='ltr'><strong>in</strong></span> 
     </span>
    </p>
   </div>
   <div class='ocr_carea' id='block_1_36' title="bbox 439 2080 2031 2157">
    <p class='ocr_par' dir='ltr' id='par_1_36' title="bbox 439 2080 2031 2157">
     <span class='ocr_line' id='line_1_36' title="bbox 439 2080 2031 2157; baseline -0.004 -16"><span class='ocrx_word' id='word_1_281' title='bbox 439 2085 560 2157; x_wconf 82' lang='lat' dir='ltr'><strong>ejus</strong></span> <span class='ocrx_word' id='word_1_282' title='bbox 613 2082 1023 2139; x_wconf 81' lang='lat' dir='ltr'><strong>memoriam&quot;.</strong></span> <span class='ocrx_word' id='word_1_283' title='bbox 1058 2103 1076 2134; x_wconf 75' lang='grc' dir='ltr'><strong>ι</strong></span> <span class='ocrx_word' id='word_1_284' title='bbox 1115 2081 1230 2137; x_wconf 85' lang='lat' dir='ltr'><strong>llos</strong></span> <span class='ocrx_word' id='word_1_285' title='bbox 1263 2080 1400 2136; x_wconf 77' lang='lat' dir='ltr'><strong>tinos</strong></span> <span class='ocrx_word' id='word_1_286' title='bbox 1455 2080 1781 2151; x_wconf 80' lang='lat' dir='ltr'><strong>allegoricos</strong></span> <span class='ocrx_word' id='word_1_287' title='bbox 1837 2095 2031 2135; x_wconf 81' lang='lat' dir='ltr'><strong>sensus</strong></span> 
     </span>
    </p>
   </div>
   <div class='ocr_carea' id='block_1_37' title="bbox 440 2171 2026 2242">
    <p class='ocr_par' dir='ltr' id='par_1_37' title="bbox 440 2171 2026 2242">
     <span class='ocr_line' id='line_1_37' title="bbox 440 2171 2026 2242; baseline -0.006 -8"><span class='ocrx_word' id='word_1_288' title='bbox 440 2178 702 2234; x_wconf 79' lang='lat' dir='ltr'><strong>existimo</strong></span> <span class='ocrx_word' id='word_1_289' title='bbox 756 2190 968 2230; x_wconf 85' lang='lat' dir='ltr'><strong>sacram</strong></span> <span class='ocrx_word' id='word_1_290' title='bbox 1028 2175 1171 2229; x_wconf 85' lang='lat' dir='ltr'><strong>hanc</strong></span> <span class='ocrx_word' id='word_1_291' title='bbox 1223 2172 1563 2242; x_wconf 84' lang='lat' dir='ltr'><strong>Scripturam</strong></span> <span class='ocrx_word' id='word_1_292' title='bbox 1608 2171 1854 2226; x_wconf 86' lang='lat' dir='ltr'><strong>indicare</strong></span> <span class='ocrx_word' id='word_1_293' title='bbox 1904 2186 2026 2226; x_wconf 89' lang='lat' dir='ltr'><strong>cum</strong></span> 
     </span>
    </p>
   </div>
   <div class='ocr_carea' id='block_1_38' title="bbox 442 2264 2030 2336">
    <p class='ocr_par' dir='ltr' id='par_1_38' title="bbox 442 2264 2030 2336">
     <span class='ocr_line' id='line_1_38' title="bbox 442 2264 2030 2336; baseline -0.005 -10"><span class='ocrx_word' id='word_1_294' title='bbox 442 2269 574 2326; x_wconf 85' lang='lat' dir='ltr'><strong>dicit</strong></span> <span class='ocrx_word' id='word_1_295' title='bbox 606 2286 621 2324; x_wconf 92' lang='lat'><strong>:</strong></span> <span class='ocrx_word' id='word_1_296' title='bbox 659 2285 680 2319; x_wconf 72' lang='grc' dir='ltr'><strong>ι</strong></span> <span class='ocrx_word' id='word_1_297' title='bbox 714 2266 1059 2336; x_wconf 75' lang='lat' dir='ltr'><strong>Unguentum</strong></span> <span class='ocrx_word' id='word_1_298' title='bbox 1112 2264 1345 2320; x_wconf 79' lang='lat' dir='ltr'><strong>eﬂ&#39;usum</strong></span> <span class='ocrx_word' id='word_1_299' title='bbox 1410 2279 1608 2318; x_wconf 85' lang='lat' dir='ltr'><strong>nomen</strong></span> <span class='ocrx_word' id='word_1_300' title='bbox 1675 2272 1827 2317; x_wconf 87' lang='lat' dir='ltr'><strong>tuum</strong></span> <span class='ocrx_word' id='word_1_301' title='bbox 1863 2281 1877 2317; x_wconf 90' lang='lat'><strong>:</strong></span> <span class='ocrx_word' id='word_1_302' title='bbox 1909 2264 2030 2318; x_wconf 91' lang='lat' dir='ltr'><strong>ideo</strong></span> 
     </span>
    </p>
   </div>
   <div class='ocr_carea' id='block_1_39' title="bbox 443 2354 2032 2422">
    <p class='ocr_par' dir='ltr' id='par_1_39' title="bbox 443 2354 2032 2422">
     <span class='ocr_line' id='line_1_39' title="bbox 443 2354 2032 2422; baseline -0.007 -4"><span class='ocrx_word' id='word_1_303' title='bbox 443 2360 865 2418; x_wconf 74' lang='lat' dir='ltr'><strong>adolescentqu</strong></span> <span class='ocrx_word' id='word_1_304' title='bbox 913 2357 1223 2412; x_wconf 71' lang='lat' dir='ltr'><strong>dilexerunt</strong></span> <span class='ocrx_word' id='word_1_305' title='bbox 1272 2367 1345 2411; x_wconf 85' lang='lat' dir='ltr'><strong>te.</strong></span> <span class='ocrx_word' id='word_1_306' title='bbox 1373 2374 1392 2408; x_wconf 72' lang='grc' dir='ltr'><strong>ι</strong></span> <span class='ocrx_word' id='word_1_307' title='bbox 1430 2354 1693 2422; x_wconf 88' lang='lat' dir='ltr'><strong>Quoniam</strong></span> <span class='ocrx_word' id='word_1_308' title='bbox 1735 2354 1902 2421; x_wconf 85' lang='lat' dir='ltr'><strong>enim,</strong></span> <span class='ocrx_word' id='word_1_309' title='bbox 1949 2354 2032 2408; x_wconf 84' lang='lat' dir='ltr'><strong>in-</strong></span> 
     </span>
    </p>
   </div>
   <div class='ocr_carea' id='block_1_40' title="bbox 442 2444 2032 2523">
    <p class='ocr_par' dir='ltr' id='par_1_40' title="bbox 442 2444 2032 2523">
     <span class='ocr_line' id='line_1_40' title="bbox 442 2444 2032 2523; baseline -0.006 -17"><span class='ocrx_word' id='word_1_310' title='bbox 442 2453 583 2523; x_wconf 89' lang='lat' dir='ltr'><strong>quit,</strong></span> <span class='ocrx_word' id='word_1_311' title='bbox 637 2463 860 2520; x_wconf 82' lang='lat' dir='ltr'><strong>regnum</strong></span> <span class='ocrx_word' id='word_1_312' title='bbox 895 2457 1047 2502; x_wconf 87' lang='lat' dir='ltr'><strong>tuum</strong></span> <span class='ocrx_word' id='word_1_313' title='bbox 1093 2454 1151 2502; x_wconf 90' lang='lat' dir='ltr'><strong>et</strong></span> <span class='ocrx_word' id='word_1_314' title='bbox 1202 2446 1481 2500; x_wconf 84' lang='lat' dir='ltr'><strong>incantata</strong></span> <span class='ocrx_word' id='word_1_315' title='bbox 1538 2444 1823 2514; x_wconf 71' lang='lat' dir='ltr'><strong>praesentia</strong></span> <span class='ocrx_word' id='word_1_316' title='bbox 1860 2445 2032 2497; x_wconf 84' lang='lat' dir='ltr'><strong>instar</strong></span> 
     </span>
    </p>
   </div>
   <div class='ocr_carea' id='block_1_41' title="bbox 442 2535 2033 2615">
    <p class='ocr_par' dir='ltr' id='par_1_41' title="bbox 442 2535 2033 2615">
     <span class='ocr_line' id='line_1_41' title="bbox 442 2535 2033 2615; baseline -0.007 -15"><span class='ocrx_word' id='word_1_317' title='bbox 442 2542 704 2615; x_wconf 72' lang='lat' dir='ltr'><strong>urguenti</strong></span> <span class='ocrx_word' id='word_1_318' title='bbox 765 2538 922 2596; x_wconf 82' lang='lat' dir='ltr'><strong>eﬂ‘usi</strong></span> <span class='ocrx_word' id='word_1_319' title='bbox 981 2538 1295 2593; x_wconf 85' lang='lat' dir='ltr'><strong>universum</strong></span> <span class='ocrx_word' id='word_1_320' title='bbox 1352 2535 1614 2590; x_wconf 87' lang='lat' dir='ltr'><strong>mundum</strong></span> <span class='ocrx_word' id='word_1_321' title='bbox 1672 2537 1815 2590; x_wconf 89' lang='lat' dir='ltr'><strong>bono</strong></span> <span class='ocrx_word' id='word_1_322' title='bbox 1863 2535 2033 2590; x_wconf 88' lang='lat' dir='ltr'><strong>odore</strong></span> 
     </span>
    </p>
   </div>
   <div class='ocr_carea' id='block_1_42' title="bbox 441 2626 2032 2708">
    <p class='ocr_par' dir='ltr' id='par_1_42' title="bbox 441 2626 2032 2708">
     <span class='ocr_line' id='line_1_42' title="bbox 441 2626 2032 2708; baseline -0.006 -18"><span class='ocrx_word' id='word_1_323' title='bbox 441 2635 704 2708; x_wconf 77' lang='lat' dir='ltr'><strong>pertudit,</strong></span> <span class='ocrx_word' id='word_1_324' title='bbox 728 2642 1018 2703; x_wconf 78' lang='lat' dir='ltr'><strong>propterea</strong></span> <span class='ocrx_word' id='word_1_325' title='bbox 1063 2627 1484 2685; x_wconf 68' lang='lat' dir='ltr'><strong>adulescentula:</strong></span> <span class='ocrx_word' id='word_1_326' title='bbox 1511 2628 1818 2683; x_wconf 75' lang='lat' dir='ltr'><strong>dilexerunt</strong></span> <span class='ocrx_word' id='word_1_327' title='bbox 1846 2636 1934 2697; x_wconf 84' lang='lat' dir='ltr'><strong>te;</strong></span> <span class='ocrx_word' id='word_1_328' title='bbox 1976 2626 2032 2681; x_wconf 88' lang='lat' dir='ltr'><strong>id</strong></span> 
     </span>
    </p>
   </div>
   <div class='ocr_carea' id='block_1_43' title="bbox 440 2719 2030 2794">
    <p class='ocr_par' dir='ltr' id='par_1_43' title="bbox 440 2719 2030 2794">
     <span class='ocr_line' id='line_1_43' title="bbox 440 2719 2030 2794; baseline -0.007 -11"><span class='ocrx_word' id='word_1_329' title='bbox 440 2737 528 2784; x_wconf 85' lang='lat' dir='ltr'><strong>est</strong></span> <span class='ocrx_word' id='word_1_330' title='bbox 587 2726 782 2780; x_wconf 63' lang='lat' dir='ltr'><strong>animm</strong></span> <span class='ocrx_word' id='word_1_331' title='bbox 834 2723 1127 2794; x_wconf 76' lang='lat' dir='ltr'><strong>iustorum.</strong></span> <span class='ocrx_word' id='word_1_332' title='bbox 1195 2719 1382 2790; x_wconf 80' lang='lat' dir='ltr'><strong>Neque</strong></span> <span class='ocrx_word' id='word_1_333' title='bbox 1430 2734 1558 2773; x_wconf 78' lang='lat' dir='ltr'><strong>vero</strong></span> <span class='ocrx_word' id='word_1_334' title='bbox 1611 2729 1767 2788; x_wconf 89' lang='lat' dir='ltr'><strong>putes</strong></span> <span class='ocrx_word' id='word_1_335' title='bbox 1816 2735 2030 2775; x_wconf 85' lang='lat' dir='ltr'><strong>sacram</strong></span> 
     </span>
    </p>
   </div>
   <div class='ocr_carea' id='block_1_44' title="bbox 447 2809 2032 2885">
    <p class='ocr_par' dir='ltr' id='par_1_44' title="bbox 447 2809 2032 2885">
     <span class='ocr_line' id='line_1_44' title="bbox 447 2809 2032 2885; baseline -0.006 -11"><span class='ocrx_word' id='word_1_336' title='bbox 447 2818 788 2885; x_wconf 86' lang='lat' dir='ltr'><strong>Scripturatn</strong></span> <span class='ocrx_word' id='word_1_337' title='bbox 836 2815 903 2869; x_wconf 84' lang='lat' dir='ltr'><strong>de</strong></span> <span class='ocrx_word' id='word_1_338' title='bbox 961 2810 1280 2867; x_wconf 82' lang='lat' dir='ltr'><strong>mulieribus</strong></span> <span class='ocrx_word' id='word_1_339' title='bbox 1334 2818 1545 2865; x_wconf 86' lang='lat' dir='ltr'><strong>tantum</strong></span> <span class='ocrx_word' id='word_1_340' title='bbox 1608 2809 2032 2865; x_wconf 85' lang='lat' dir='ltr'><strong>adolescentulis</strong></span> 
     </span>
    </p>
   </div>
   <div class='ocr_carea' id='block_1_45' title="bbox 444 2901 2031 2980">
    <p class='ocr_par' dir='ltr' id='par_1_45' title="bbox 444 2901 2031 2980">
     <span class='ocr_line' id='line_1_45' title="bbox 444 2901 2031 2980; baseline -0.005 -15"><span class='ocrx_word' id='word_1_341' title='bbox 444 2909 623 2980; x_wconf 84' lang='lat' dir='ltr'><strong>loqui;</strong></span> <span class='ocrx_word' id='word_1_342' title='bbox 669 2908 763 2963; x_wconf 87' lang='lat' dir='ltr'><strong>sed</strong></span> <span class='ocrx_word' id='word_1_343' title='bbox 801 2905 967 2961; x_wconf 82' lang='lat' dir='ltr'><strong>etiam</strong></span> <span class='ocrx_word' id='word_1_344' title='bbox 1017 2905 1159 2958; x_wconf 90' lang='lat' dir='ltr'><strong>inter</strong></span> <span class='ocrx_word' id='word_1_345' title='bbox 1196 2901 1454 2957; x_wconf 86' lang='lat' dir='ltr'><strong>mulieres</strong></span> <span class='ocrx_word' id='word_1_346' title='bbox 1507 2902 1810 2972; x_wconf 87' lang='lat' dir='ltr'><strong>reperimus</strong></span> <span class='ocrx_word' id='word_1_347' title='bbox 1843 2903 2031 2958; x_wconf 84' lang='lat' dir='ltr'><strong>adole-</strong></span> 
     </span>
    </p>
   </div>
   <div class='ocr_carea' id='block_1_46' title="bbox 446 2994 2033 3066">
    <p class='ocr_par' dir='ltr' id='par_1_46' title="bbox 446 2994 2033 3066">
     <span class='ocr_line' id='line_1_46' title="bbox 446 2994 2033 3066; baseline -0.006 -9"><span class='ocrx_word' id='word_1_348' title='bbox 446 3000 742 3065; x_wconf 73' lang='lat' dir='ltr'><strong>scentulos,</strong></span> <span class='ocrx_word' id='word_1_349' title='bbox 771 3013 879 3054; x_wconf 87' lang='lat' dir='ltr'><strong>non</strong></span> <span class='ocrx_word' id='word_1_350' title='bbox 927 3010 1176 3065; x_wconf 89' lang='lat' dir='ltr'><strong>corpore,</strong></span> <span class='ocrx_word' id='word_1_351' title='bbox 1237 2997 1452 3066; x_wconf 83' lang='lat' dir='ltr'><strong>(neque</strong></span> <span class='ocrx_word' id='word_1_352' title='bbox 1496 2994 1642 3049; x_wconf 89' lang='lat' dir='ltr'><strong>enim</strong></span> <span class='ocrx_word' id='word_1_353' title='bbox 1683 2996 1911 3064; x_wconf 71' lang='lat' dir='ltr'><strong>quaestio</strong></span> <span class='ocrx_word' id='word_1_354' title='bbox 1949 3004 2033 3050; x_wconf 88' lang='lat' dir='ltr'><strong>cst</strong></span> 
     </span>
    </p>
   </div>
   <div class='ocr_carea' id='block_1_47' title="bbox 447 3084 2031 3159">
    <p class='ocr_par' dir='ltr' id='par_1_47' title="bbox 447 3084 2031 3159">
     <span class='ocr_line' id='line_1_47' title="bbox 447 3084 2031 3159; baseline -0.005 -11"><span class='ocrx_word' id='word_1_355' title='bbox 447 3100 659 3148; x_wconf 77' lang='lat' dir='ltr'><strong>tantum</strong></span> <span class='ocrx_word' id='word_1_356' title='bbox 739 3090 807 3145; x_wconf 83' lang='lat' dir='ltr'><strong>de</strong></span> <span class='ocrx_word' id='word_1_357' title='bbox 869 3084 1370 3159; x_wconf 80' lang='lat' dir='ltr'><strong>corpore:tCaro</strong></span> <span class='ocrx_word' id='word_1_358' title='bbox 1426 3086 1570 3141; x_wconf 88' lang='lat' dir='ltr'><strong>enim</strong></span> <span class='ocrx_word' id='word_1_359' title='bbox 1646 3101 1751 3141; x_wconf 91' lang='lat' dir='ltr'><strong>non</strong></span> <span class='ocrx_word' id='word_1_360' title='bbox 1812 3087 2031 3155; x_wconf 81' lang='lat' dir='ltr'><strong>prodest</strong></span> 
     </span>
    </p>
   </div>
   <div class='ocr_carea' id='block_1_48' title="bbox 446 3177 2030 3257">
    <p class='ocr_par' dir='ltr' id='par_1_48' title="bbox 446 3177 2030 3257">
     <span class='ocr_line' id='line_1_48' title="bbox 446 3177 2030 3257; baseline -0.006 -16"><span class='ocrx_word' id='word_1_361' title='bbox 446 3187 777 3257; x_wconf 73' lang='lat' dir='ltr'><strong>quidquam;</strong></span> <span class='ocrx_word' id='word_1_362' title='bbox 836 3183 1061 3254; x_wconf 82' lang='lat' dir='ltr'><strong>spiritus</strong></span> <span class='ocrx_word' id='word_1_363' title='bbox 1096 3190 1276 3237; x_wconf 85' lang='lat' dir='ltr'><strong>autem</strong></span> <span class='ocrx_word' id='word_1_364' title='bbox 1304 3178 1543 3235; x_wconf 80' lang='lat' dir='ltr'><strong>viviﬁcat</strong></span> <span class='ocrx_word' id='word_1_365' title='bbox 1571 3177 1718 3250; x_wconf 76' lang='grc' dir='ltr'>³³),ι</span> <span class='ocrx_word' id='word_1_366' title='bbox 1776 3180 1870 3234; x_wconf 83' lang='lat' dir='ltr'><strong>sed</strong></span> <span class='ocrx_word' id='word_1_367' title='bbox 1927 3180 2030 3232; x_wconf 88' lang='lat' dir='ltr'><strong>iide</strong></span> 
     </span>
    </p>
   </div>
   <div class='ocr_carea' id='block_1_49' title="bbox 451 3272 2033 3340">
    <p class='ocr_par' dir='ltr' id='par_1_49' title="bbox 451 3272 2033 3340">
     <span class='ocr_line' id='line_1_49' title="bbox 451 3272 2033 3340; baseline -0.004 -7"><span class='ocrx_word' id='word_1_368' title='bbox 451 3273 910 3333; x_wconf 85' lang='lat' dir='ltr'><strong>adolescentulas.</strong></span> <span class='ocrx_word' id='word_1_369' title='bbox 953 3273 1088 3330; x_wconf 82' lang='lat' dir='ltr'><strong>Vide</strong></span> <span class='ocrx_word' id='word_1_370' title='bbox 1117 3272 1577 3329; x_wconf 83' lang='lat' dir='ltr'><strong>adolescentulam</strong></span> <span class='ocrx_word' id='word_1_371' title='bbox 1614 3272 1778 3338; x_wconf 88' lang='lat' dir='ltr'><strong>illam,</strong></span> <span class='ocrx_word' id='word_1_372' title='bbox 1805 3288 2033 3340; x_wconf 85' lang='lat' dir='ltr'><strong>corpore</strong></span> 
     </span>
    </p>
   </div>
   <div class='ocr_carea' id='block_1_50' title="bbox 447 3364 2031 3441">
    <p class='ocr_par' dir='ltr' id='par_1_50' title="bbox 447 3364 2031 3441">
     <span class='ocr_line' id='line_1_50' title="bbox 447 3364 2031 3441; baseline -0.004 -17"><span class='ocrx_word' id='word_1_373' title='bbox 447 3368 663 3441; x_wconf 79' lang='lat' dir='ltr'><strong>quidem</strong></span> <span class='ocrx_word' id='word_1_374' title='bbox 710 3383 934 3438; x_wconf 68' lang='lat' dir='ltr'><strong>aegram,</strong></span> <span class='ocrx_word' id='word_1_375' title='bbox 986 3368 1181 3421; x_wconf 70' lang='lat' dir='ltr'><strong>anima</strong></span> <span class='ocrx_word' id='word_1_376' title='bbox 1223 3380 1351 3420; x_wconf 85' lang='lat' dir='ltr'><strong>vero</strong></span> <span class='ocrx_word' id='word_1_377' title='bbox 1399 3365 1502 3419; x_wconf 90' lang='lat' dir='ltr'><strong>ﬁde</strong></span> <span class='ocrx_word' id='word_1_378' title='bbox 1531 3364 1761 3418; x_wconf 85' lang='lat' dir='ltr'><strong>validam</strong></span> <span class='ocrx_word' id='word_1_379' title='bbox 1794 3366 2031 3419; x_wconf 66' lang='lat' dir='ltr'><strong>inminer-</strong></span> 
     </span>
    </p>
   </div>
   <div class='ocr_carea' id='block_1_51' title="bbox 449 3455 2030 3529">
    <p class='ocr_par' dir='ltr' id='par_1_51' title="bbox 449 3455 2030 3529">
     <span class='ocr_line' id='line_1_51' title="bbox 449 3455 2030 3529; baseline -0.006 -11"><span class='ocrx_word' id='word_1_380' title='bbox 449 3463 740 3524; x_wconf 82' lang='lat' dir='ltr'><strong>rhoissam,</strong></span> <span class='ocrx_word' id='word_1_381' title='bbox 793 3474 916 3529; x_wconf 77' lang='lat' dir='ltr'><strong>qua:</strong></span> <span class='ocrx_word' id='word_1_382' title='bbox 960 3473 1083 3513; x_wconf 89' lang='lat' dir='ltr'><strong>cum</strong></span> <span class='ocrx_word' id='word_1_383' title='bbox 1135 3469 1285 3512; x_wconf 89' lang='lat' dir='ltr'><strong>retro</strong></span> <span class='ocrx_word' id='word_1_384' title='bbox 1335 3458 1603 3526; x_wconf 76' lang='lat' dir='ltr'><strong>tetigisset</strong></span> <span class='ocrx_word' id='word_1_385' title='bbox 1649 3468 1850 3512; x_wconf 81' lang='lat' dir='ltr'><strong>vestem</strong></span> <span class='ocrx_word' id='word_1_386' title='bbox 1881 3455 2030 3522; x_wconf 82' lang='lat' dir='ltr'><strong>Jesn,</strong></span> 
     </span>
    </p>
   </div>
   <div class='ocr_carea' id='block_1_52' title="bbox 452 3550 2032 3624">
    <p class='ocr_par' dir='ltr' id='par_1_52' title="bbox 452 3550 2032 3624">
     <span class='ocr_line' id='line_1_52' title="bbox 452 3550 2032 3624; baseline -0.003 -14"><span class='ocrx_word' id='word_1_387' title='bbox 452 3553 732 3624; x_wconf 79' lang='lat' dir='ltr'><strong>sanguinis</strong></span> <span class='ocrx_word' id='word_1_388' title='bbox 762 3551 966 3607; x_wconf 78' lang='lat' dir='ltr'><strong>ﬂuxum</strong></span> <span class='ocrx_word' id='word_1_389' title='bbox 1008 3551 1247 3605; x_wconf 84' lang='lat' dir='ltr'><strong>inhibuit</strong></span> <span class='ocrx_word' id='word_1_390' title='bbox 1274 3565 1379 3604; x_wconf 92' lang='lat' dir='ltr'><strong>non</strong></span> <span class='ocrx_word' id='word_1_391' title='bbox 1406 3550 1653 3617; x_wconf 86' lang='lat' dir='ltr'><strong>corporis</strong></span> <span class='ocrx_word' id='word_1_392' title='bbox 1697 3552 1913 3617; x_wconf 88' lang='lat' dir='ltr'><strong>robore,</strong></span> <span class='ocrx_word' id='word_1_393' title='bbox 1939 3552 2032 3605; x_wconf 90' lang='lat' dir='ltr'><strong>sed</strong></span> 
     </span>
    </p>
   </div>
   <div class='ocr_carea' id='block_1_53' title="bbox 454 3642 2031 3721">
    <p class='ocr_par' dir='ltr' id='par_1_53' title="bbox 454 3642 2031 3721">
     <span class='ocr_line' id='line_1_53' title="bbox 454 3642 2031 3721; baseline -0.003 -20"><span class='ocrx_word' id='word_1_394' title='bbox 454 3647 579 3702; x_wconf 83' lang='lat' dir='ltr'><strong>ﬁdei</strong></span> <span class='ocrx_word' id='word_1_395' title='bbox 610 3648 811 3700; x_wconf 82' lang='lat' dir='ltr'><strong>virtute</strong></span> <span class='ocrx_word' id='word_1_396' title='bbox 846 3643 910 3699; x_wconf 85' lang='grc'><strong>³³.</strong></span> <span class='ocrx_word' id='word_1_397' title='bbox 937 3642 1051 3697; x_wconf 83' lang='lat' dir='ltr'><strong>Non</strong></span> <span class='ocrx_word' id='word_1_398' title='bbox 1083 3643 1228 3697; x_wconf 88' lang='lat' dir='ltr'><strong>enim</strong></span> <span class='ocrx_word' id='word_1_399' title='bbox 1267 3644 1461 3697; x_wconf 87' lang='lat' dir='ltr'><strong>robore</strong></span> <span class='ocrx_word' id='word_1_400' title='bbox 1498 3643 1769 3721; x_wconf 81' lang='lat' dir='ltr'><strong>corporis,</strong></span> <span class='ocrx_word' id='word_1_401' title='bbox 1799 3644 1894 3699; x_wconf 89' lang='lat' dir='ltr'><strong>sed</strong></span> <span class='ocrx_word' id='word_1_402' title='bbox 1931 3659 2031 3697; x_wconf 77' lang='lat' dir='ltr'><strong>va-</strong></span> 
     </span>
    </p>
   </div>
   <div class='ocr_carea' id='block_1_54' title="bbox 370 3734 2026 3807">
    <p class='ocr_par' dir='ltr' id='par_1_54' title="bbox 370 3734 2026 3807">
     <span class='ocr_line' id='line_1_54' title="bbox 370 3734 2026 3807; baseline -0.001 -12"><span class='ocrx_word' id='word_1_403' title='bbox 370 3766 378 3775; x_wconf 92' lang='lat'><strong>-</strong></span> <span class='ocrx_word' id='word_1_404' title='bbox 449 3741 561 3795; x_wconf 88' lang='lat' dir='ltr'><strong>lido</strong></span> <span class='ocrx_word' id='word_1_405' title='bbox 600 3739 719 3793; x_wconf 84' lang='lat' dir='ltr'><strong>ﬁdei</strong></span> <span class='ocrx_word' id='word_1_406' title='bbox 756 3738 947 3807; x_wconf 85' lang='lat' dir='ltr'><strong>spiritu</strong></span> <span class='ocrx_word' id='word_1_407' title='bbox 975 3735 1305 3789; x_wconf 87' lang='lat' dir='ltr'><strong>inﬁrmitatis</strong></span> <span class='ocrx_word' id='word_1_408' title='bbox 1335 3734 1527 3790; x_wconf 90' lang='lat' dir='ltr'><strong>morbo</strong></span> <span class='ocrx_word' id='word_1_409' title='bbox 1559 3735 1719 3789; x_wconf 89' lang='lat' dir='ltr'><strong>ﬁnem</strong></span> <span class='ocrx_word' id='word_1_410' title='bbox 1751 3737 2026 3806; x_wconf 85' lang='lat' dir='ltr'><strong>imposuit.</strong></span> 
     </span>
    </p>
   </div>
   <div class='ocr_carea' id='block_1_55' title="bbox 452 3826 2035 3897">
    <p class='ocr_par' dir='ltr' id='par_1_55' title="bbox 452 3826 2035 3897">
     <span class='ocr_line' id='line_1_55' title="bbox 452 3826 2035 3897; baseline -0.005 -10"><span class='ocrx_word' id='word_1_411' title='bbox 452 3830 578 3887; x_wconf 66' lang='grc' dir='ltr'><strong>ΙΙωο</strong></span> <span class='ocrx_word' id='word_1_412' title='bbox 618 3829 1019 3884; x_wconf 79' lang='lat' dir='ltr'><strong>adolescentula</strong></span> <span class='ocrx_word' id='word_1_413' title='bbox 1066 3827 1235 3881; x_wconf 81' lang='lat' dir='ltr'><strong>traxit</strong></span> <span class='ocrx_word' id='word_1_414' title='bbox 1279 3826 1453 3895; x_wconf 89' lang='lat' dir='ltr'><strong>ipsum</strong></span> <span class='ocrx_word' id='word_1_415' title='bbox 1488 3834 1634 3879; x_wconf 85' lang='lat' dir='ltr'><strong>retro</strong></span> <span class='ocrx_word' id='word_1_416' title='bbox 1682 3834 1938 3897; x_wconf 85' lang='lat' dir='ltr'><strong>tangens,</strong></span> <span class='ocrx_word' id='word_1_417' title='bbox 1975 3835 2035 3880; x_wconf 90' lang='lat' dir='ltr'><strong>ut</strong></span> 
     </span>
    </p>
   </div>
   <div class='ocr_carea' id='block_1_56' title="bbox 453 3917 2033 3992">
    <p class='ocr_par' dir='ltr' id='par_1_56' title="bbox 453 3917 2033 3992">
     <span class='ocr_line' id='line_1_56' title="bbox 453 3917 2033 3992; baseline -0.003 -14"><span class='ocrx_word' id='word_1_418' title='bbox 453 3924 507 3979; x_wconf 88' lang='lat' dir='ltr'><strong>in</strong></span> <span class='ocrx_word' id='word_1_419' title='bbox 556 3937 619 3977; x_wconf 81' lang='lat' dir='ltr'><strong>ea</strong></span> <span class='ocrx_word' id='word_1_420' title='bbox 657 3920 972 3992; x_wconf 78' lang='lat' dir='ltr'><strong>impleretur</strong></span> <span class='ocrx_word' id='word_1_421' title='bbox 1004 3920 1148 3989; x_wconf 88' lang='lat' dir='ltr'><strong>quod</strong></span> <span class='ocrx_word' id='word_1_422' title='bbox 1204 3919 1467 3986; x_wconf 88' lang='lat' dir='ltr'><strong>scriptum</strong></span> <span class='ocrx_word' id='word_1_423' title='bbox 1516 3926 1647 3972; x_wconf 90' lang='lat' dir='ltr'><strong>est:</strong></span> <span class='ocrx_word' id='word_1_424' title='bbox 1688 3936 1707 3968; x_wconf 75' lang='grc' dir='ltr'><strong>ι</strong></span> <span class='ocrx_word' id='word_1_425' title='bbox 1742 3917 2033 3987; x_wconf 84' lang='lat' dir='ltr'><strong>Propterea</strong></span> 
     </span>
    </p>
   </div>
   <div class='ocr_carea' id='block_1_57' title="bbox 455 4000 2028 4080">
    <p class='ocr_par' dir='ltr' id='par_1_57' title="bbox 455 4000 2028 4080">
     <span class='ocr_line' id='line_1_57' title="bbox 455 4000 2028 4080; baseline -0.004 -12"><span class='ocrx_word' id='word_1_426' title='bbox 455 4011 875 4068; x_wconf 67' lang='lat' dir='ltr'><strong>adulescentula:</strong></span> <span class='ocrx_word' id='word_1_427' title='bbox 902 4011 1201 4064; x_wconf 81' lang='lat' dir='ltr'><strong>dilexerunt</strong></span> <span class='ocrx_word' id='word_1_428' title='bbox 1246 4019 1317 4074; x_wconf 91' lang='lat' dir='ltr'><strong>te,</strong></span> <span class='ocrx_word' id='word_1_429' title='bbox 1363 4018 1644 4063; x_wconf 76' lang='lat' dir='ltr'><strong>traxerunt</strong></span> <span class='ocrx_word' id='word_1_430' title='bbox 1677 4000 1729 4064; x_wconf 85' lang='lat' dir='ltr'><strong>te</strong></span> <span class='ocrx_word' id='word_1_431' title='bbox 1756 4020 1877 4080; x_wconf 89' lang='lat' dir='ltr'><strong>post</strong></span> <span class='ocrx_word' id='word_1_432' title='bbox 1905 4020 1975 4064; x_wconf 86' lang='lat' dir='ltr'><strong>le.</strong></span> <span class='ocrx_word' id='word_1_433' title='bbox 2009 4027 2028 4061; x_wconf 75' lang='grc' dir='ltr'><strong><em>ο</em></strong></span> 
     </span>
    </p>
   </div>
   <div class='ocr_carea' id='block_1_58' title="bbox 454 4101 2037 4172">
    <p class='ocr_par' dir='ltr' id='par_1_58' title="bbox 454 4101 2037 4172">
     <span class='ocr_line' id='line_1_58' title="bbox 454 4101 2037 4172; baseline -0.003 -12"><span class='ocrx_word' id='word_1_434' title='bbox 454 4106 522 4160; x_wconf 84' lang='grc' dir='ltr'>Ει</span> <span class='ocrx_word' id='word_1_435' title='bbox 547 4106 650 4159; x_wconf 87' lang='lat' dir='ltr'><strong>alia</strong></span> <span class='ocrx_word' id='word_1_436' title='bbox 686 4118 875 4158; x_wconf 86' lang='lat' dir='ltr'><strong>rursus</strong></span> <span class='ocrx_word' id='word_1_437' title='bbox 917 4101 1313 4156; x_wconf 85' lang='lat' dir='ltr'><strong>adolescentnia</strong></span> <span class='ocrx_word' id='word_1_438' title='bbox 1368 4112 1514 4156; x_wconf 90' lang='lat' dir='ltr'><strong>retro</strong></span> <span class='ocrx_word' id='word_1_439' title='bbox 1554 4113 1673 4172; x_wconf 87' lang='lat' dir='ltr'><strong>post</strong></span> <span class='ocrx_word' id='word_1_440' title='bbox 1711 4101 1894 4158; x_wconf 82' lang='lat' dir='ltr'><strong>Jesum</strong></span> <span class='ocrx_word' id='word_1_441' title='bbox 1923 4103 2037 4157; x_wconf 90' lang='lat' dir='ltr'><strong>cla-</strong></span> 
     </span>
    </p>
   </div>
   <div class='ocr_carea' id='block_1_59' title="bbox 456 4192 2038 4265">
    <p class='ocr_par' dir='ltr' id='par_1_59' title="bbox 456 4192 2038 4265">
     <span class='ocr_line' id='line_1_59' title="bbox 456 4192 2038 4265; baseline -0.003 -13"><span class='ocrx_word' id='word_1_442' title='bbox 456 4200 640 4252; x_wconf 81' lang='lat' dir='ltr'><strong>mabat</strong></span> <span class='ocrx_word' id='word_1_443' title='bbox 662 4196 990 4258; x_wconf 61' lang='lat' dir='ltr'><strong>Cltanaua’a,</strong></span> <span class='ocrx_word' id='word_1_444' title='bbox 1017 4194 1155 4265; x_wconf 85' lang='lat' dir='ltr'><strong>Syro</strong></span> <span class='ocrx_word' id='word_1_445' title='bbox 1181 4192 1459 4249; x_wconf 85' lang='lat' dir='ltr'><strong>Phoenissa</strong></span> <span class='ocrx_word' id='word_1_446' title='bbox 1489 4208 1709 4265; x_wconf 79' lang='lat' dir='ltr'><strong>genere,</strong></span> <span class='ocrx_word' id='word_1_447' title='bbox 1727 4194 2038 4250; x_wconf 64' lang='lat' dir='ltr'><strong>adolescent.</strong></span> 
     </span>
    </p>
   </div>
   <div class='ocr_carea' id='block_1_60' title="bbox 458 4287 2031 4356">
    <p class='ocr_par' dir='ltr' id='par_1_60' title="bbox 458 4287 2031 4356">
     <span class='ocr_line' id='line_1_60' title="bbox 458 4287 2031 4356; baseline -0.001 -13"><span class='ocrx_word' id='word_1_448' title='bbox 458 4290 569 4344; x_wconf 85' lang='lat' dir='ltr'><strong>tuia</strong></span> <span class='ocrx_word' id='word_1_449' title='bbox 624 4303 749 4343; x_wconf 85' lang='lat' dir='ltr'><strong>vero</strong></span> <span class='ocrx_word' id='word_1_450' title='bbox 818 4288 922 4341; x_wconf 85' lang='lat' dir='ltr'><strong>ﬁde</strong></span> <span class='ocrx_word' id='word_1_451' title='bbox 956 4304 970 4340; x_wconf 89' lang='lat'><strong>:</strong></span> <span class='ocrx_word' id='word_1_452' title='bbox 1003 4297 1058 4340; x_wconf 90' lang='lat' dir='ltr'><strong>et</strong></span> <span class='ocrx_word' id='word_1_453' title='bbox 1111 4287 1362 4356; x_wconf 86' lang='lat' dir='ltr'><strong>discipuli</strong></span> <span class='ocrx_word' id='word_1_454' title='bbox 1431 4287 1651 4356; x_wconf 88' lang='lat' dir='ltr'><strong>quidem</strong></span> <span class='ocrx_word' id='word_1_455' title='bbox 1720 4287 1972 4343; x_wconf 78' lang='lat' dir='ltr'><strong>dicebant</strong></span> <span class='ocrx_word' id='word_1_456' title='bbox 2018 4304 2031 4341; x_wconf 92' lang='lat'><strong>:</strong></span> 
     </span>
    </p>
   </div>
   <div class='ocr_carea' id='block_1_61' title="bbox 459 4372 2034 4450">
    <p class='ocr_par' dir='ltr' id='par_1_61' title="bbox 459 4372 2034 4450">
     <span class='ocr_line' id='line_1_61' title="bbox 459 4372 2034 4450; baseline -0.001 -16"><span class='ocrx_word' id='word_1_457' title='bbox 459 4401 481 4434; x_wconf 74' lang='grc' dir='ltr'><strong>ι</strong></span> <span class='ocrx_word' id='word_1_458' title='bbox 513 4381 736 4435; x_wconf 85' lang='lat' dir='ltr'><strong>Dimitte</strong></span> <span class='ocrx_word' id='word_1_459' title='bbox 782 4380 949 4445; x_wconf 87' lang='lat' dir='ltr'><strong>illam,</strong></span> <span class='ocrx_word' id='word_1_460' title='bbox 1000 4372 1371 4450; x_wconf 73' lang='lat' dir='ltr'><strong>quiaclamat</strong></span> <span class='ocrx_word' id='word_1_461' title='bbox 1424 4391 1545 4450; x_wconf 89' lang='lat' dir='ltr'><strong>post</strong></span> <span class='ocrx_word' id='word_1_462' title='bbox 1599 4396 1697 4435; x_wconf 86' lang='lat' dir='ltr'><strong>nos</strong></span> <span class='ocrx_word' id='word_1_463' title='bbox 1743 4379 1808 4436; x_wconf 72' lang='lat'><strong>&quot;.</strong></span> <span class='ocrx_word' id='word_1_464' title='bbox 1841 4399 1861 4432; x_wconf 76' lang='grc' dir='ltr'><strong>ι</strong></span> <span class='ocrx_word' id='word_1_465' title='bbox 1919 4380 2034 4450; x_wconf 84' lang='lat' dir='ltr'><strong>Ipsa</strong></span> 
     </span>
    </p>
   </div>
   <div class='ocr_carea' id='block_1_62' title="bbox 2131 1898 3728 1974">
    <p class='ocr_par' dir='ltr' id='par_1_62' title="bbox 2131 1898 3728 1974">
     <span class='ocr_line' id='line_1_62' title="bbox 2131 1898 3728 1974; baseline 0.003 -22"><span class='ocrx_word' id='word_1_466' title='bbox 2131 1898 2282 1969; x_wconf 84' lang='grc' dir='ltr'>ὑμῖν,</span> <span class='ocrx_word' id='word_1_467' title='bbox 2313 1899 2448 1952; x_wconf 83' lang='grc' dir='ltr'>ὅπου</span> <span class='ocrx_word' id='word_1_468' title='bbox 2476 1898 2570 1952; x_wconf 75' lang='grc' dir='ltr'><strong>ἐὰν</strong></span> <span class='ocrx_word' id='word_1_469' title='bbox 2605 1899 2853 1971; x_wconf 83' lang='grc' dir='ltr'>κηρυχθῇ</span> <span class='ocrx_word' id='word_1_470' title='bbox 2881 1899 2942 1952; x_wconf 83' lang='grc' dir='ltr'><strong>τὸ</strong></span> <span class='ocrx_word' id='word_1_471' title='bbox 2964 1898 3300 1969; x_wconf 81' lang='grc' dir='ltr'>Εὑαγγέλιον</span> <span class='ocrx_word' id='word_1_472' title='bbox 3330 1899 3489 1953; x_wconf 81' lang='grc' dir='ltr'>τοῦτο</span> <span class='ocrx_word' id='word_1_473' title='bbox 3527 1902 3585 1955; x_wconf 86' lang='grc' dir='ltr'>ἐν</span> <span class='ocrx_word' id='word_1_474' title='bbox 3614 1900 3728 1974; x_wconf 80' lang='grc' dir='ltr'><strong>ὅλῳ</strong></span> 
     </span>
    </p>
   </div>
   <div class='ocr_carea' id='block_1_63' title="bbox 2128 1986 3729 2064">
    <p class='ocr_par' dir='ltr' id='par_1_63' title="bbox 2128 1986 3729 2064">
     <span class='ocr_line' id='line_1_63' title="bbox 2128 1986 3729 2064; baseline 0 -20"><span class='ocrx_word' id='word_1_475' title='bbox 2128 1991 2206 2062; x_wconf 82' lang='grc' dir='ltr'>τῷ</span> <span class='ocrx_word' id='word_1_476' title='bbox 2234 1991 2445 2063; x_wconf 85' lang='grc' dir='ltr'>κόσμῳ,</span> <span class='ocrx_word' id='word_1_477' title='bbox 2471 1991 2838 2064; x_wconf 78' lang='grc' dir='ltr'>λαληθήσεται</span> <span class='ocrx_word' id='word_1_478' title='bbox 2867 1993 2962 2045; x_wconf 75' lang='grc' dir='ltr'><strong>καὶ</strong></span> <span class='ocrx_word' id='word_1_479' title='bbox 2986 1992 3014 2045; x_wconf 87' lang='grc' dir='ltr'><strong>ὃ</strong></span> <span class='ocrx_word' id='word_1_480' title='bbox 3036 1993 3292 2063; x_wconf 77' lang='grc' dir='ltr'>ἐποίησεν</span> <span class='ocrx_word' id='word_1_481' title='bbox 3314 1986 3454 2062; x_wconf 69' lang='grc' dir='ltr'>αὕτη</span> <span class='ocrx_word' id='word_1_482' title='bbox 3484 1993 3563 2056; x_wconf 84' lang='grc' dir='ltr'><strong>είς</strong></span> <span class='ocrx_word' id='word_1_483' title='bbox 3586 2010 3729 2064; x_wconf 85' lang='grc' dir='ltr'>μνη-</span> 
     </span>
    </p>
   </div>
   <div class='ocr_carea' id='block_1_64' title="bbox 2132 2078 3727 2155">
    <p class='ocr_par' dir='ltr' id='par_1_64' title="bbox 2132 2078 3727 2155">
     <span class='ocr_line' id='line_1_64' title="bbox 2132 2078 3727 2155; baseline 0.001 -20"><span class='ocrx_word' id='word_1_484' title='bbox 2132 2082 2363 2153; x_wconf 89' lang='grc' dir='ltr'>μόσυνον</span> <span class='ocrx_word' id='word_1_485' title='bbox 2405 2083 2596 2154; x_wconf 80' lang='grc' dir='ltr'>αὐτῆς.</span> <span class='ocrx_word' id='word_1_486' title='bbox 2634 2102 2652 2135; x_wconf 74' lang='lat' dir='ltr'><strong>i</strong></span> <span class='ocrx_word' id='word_1_487' title='bbox 2688 2081 2924 2147; x_wconf 81' lang='grc' dir='ltr'>Τούτους</span> <span class='ocrx_word' id='word_1_488' title='bbox 2970 2084 3099 2147; x_wconf 80' lang='grc' dir='ltr'>τοὺς</span> <span class='ocrx_word' id='word_1_489' title='bbox 3150 2082 3242 2136; x_wconf 85' lang='grc' dir='ltr'>δύο</span> <span class='ocrx_word' id='word_1_490' title='bbox 3292 2083 3525 2155; x_wconf 87' lang='grc' dir='ltr'>τρόπους</span> <span class='ocrx_word' id='word_1_491' title='bbox 3565 2078 3727 2153; x_wconf 83' lang='grc' dir='ltr'>οἶμαι</span> 
     </span>
    </p>
   </div>
   <div class='ocr_carea' id='block_1_65' title="bbox 2133 2173 3722 2247">
    <p class='ocr_par' dir='ltr' id='par_1_65' title="bbox 2133 2173 3722 2247">
     <span class='ocr_line' id='line_1_65' title="bbox 2133 2173 3722 2247; baseline 0 -19"><span class='ocrx_word' id='word_1_492' title='bbox 2133 2174 2534 2247; x_wconf 87' lang='grc' dir='ltr'>ὑποσημαίνειν</span> <span class='ocrx_word' id='word_1_493' title='bbox 2565 2174 2661 2246; x_wconf 77' lang='grc' dir='ltr'><strong>τὴν</strong></span> <span class='ocrx_word' id='word_1_494' title='bbox 2695 2174 2845 2228; x_wconf 81' lang='grc' dir='ltr'>Θείαν</span> <span class='ocrx_word' id='word_1_495' title='bbox 2869 2173 3076 2246; x_wconf 79' lang='grc' dir='ltr'>ταύτην</span> <span class='ocrx_word' id='word_1_496' title='bbox 3099 2174 3343 2246; x_wconf 72' lang='grc' dir='ltr'>Γραφὴν,</span> <span class='ocrx_word' id='word_1_497' title='bbox 3371 2175 3687 2245; x_wconf 80' lang='grc' dir='ltr'>φάσκουσαν</span> <span class='ocrx_word' id='word_1_498' title='bbox 3709 2190 3722 2206; x_wconf 79' lang='lat'>&#39;</span> 
     </span>
    </p>
   </div>
   <div class='ocr_carea' id='block_1_66' title="bbox 2137 2264 3728 2338">
    <p class='ocr_par' dir='ltr' id='par_1_66' title="bbox 2137 2264 3728 2338">
     <span class='ocr_line' id='line_1_66' title="bbox 2137 2264 3728 2338; baseline -0.001 -19"><span class='ocrx_word' id='word_1_499' title='bbox 2137 2285 2156 2319; x_wconf 74' lang='grc' dir='ltr'><strong>ι</strong></span> <span class='ocrx_word' id='word_1_500' title='bbox 2196 2266 2383 2336; x_wconf 81' lang='grc' dir='ltr'>Μύρον</span> <span class='ocrx_word' id='word_1_501' title='bbox 2408 2265 2712 2320; x_wconf 81' lang='grc' dir='ltr'>ὲκκενωθὲν</span> <span class='ocrx_word' id='word_1_502' title='bbox 2750 2265 2810 2319; x_wconf 80' lang='grc' dir='ltr'><strong>τὸ</strong></span> <span class='ocrx_word' id='word_1_503' title='bbox 2829 2264 3000 2338; x_wconf 73' lang='grc' dir='ltr'>ὄνομά</span> <span class='ocrx_word' id='word_1_504' title='bbox 3030 2281 3147 2319; x_wconf 85' lang='grc' dir='ltr'>σου·</span> <span class='ocrx_word' id='word_1_505' title='bbox 3175 2265 3262 2319; x_wconf 90' lang='grc' dir='ltr'><strong>διά</strong></span> <span class='ocrx_word' id='word_1_506' title='bbox 3289 2264 3450 2319; x_wconf 71' lang='grc' dir='ltr'>τοῦτο</span> <span class='ocrx_word' id='word_1_507' title='bbox 3483 2264 3728 2330; x_wconf 76' lang='grc' dir='ltr'>νεάνιδες</span> 
     </span>
    </p>
   </div>
   <div class='ocr_carea' id='block_1_67' title="bbox 2129 2357 3730 2431">
    <p class='ocr_par' dir='ltr' id='par_1_67' title="bbox 2129 2357 3730 2431">
     <span class='ocr_line' id='line_1_67' title="bbox 2129 2357 3730 2431; baseline -0.001 -17"><span class='ocrx_word' id='word_1_508' title='bbox 2129 2359 2426 2431; x_wconf 76' lang='grc' dir='ltr'>ἠγάπησαν</span> <span class='ocrx_word' id='word_1_509' title='bbox 2449 2376 2531 2412; x_wconf 82' lang='grc' dir='ltr'><strong>σε.</strong></span> <span class='ocrx_word' id='word_1_510' title='bbox 2564 2379 2583 2411; x_wconf 75' lang='grc' dir='ltr'><strong>ι</strong></span> <span class='ocrx_word' id='word_1_511' title='bbox 2622 2359 2840 2431; x_wconf 85' lang='grc' dir='ltr'>Ἐπειδὴ</span> <span class='ocrx_word' id='word_1_512' title='bbox 2863 2358 2992 2430; x_wconf 85' lang='grc' dir='ltr'>γάρ,</span> <span class='ocrx_word' id='word_1_513' title='bbox 3022 2359 3176 2431; x_wconf 69' lang='grc' dir='ltr'>φησὶ,</span> <span class='ocrx_word' id='word_1_514' title='bbox 3199 2359 3232 2430; x_wconf 87' lang='grc' dir='ltr'><strong>ἡ</strong></span> <span class='ocrx_word' id='word_1_515' title='bbox 3264 2357 3332 2429; x_wconf 81' lang='grc' dir='ltr'>σὴ</span> <span class='ocrx_word' id='word_1_516' title='bbox 3357 2358 3603 2429; x_wconf 88' lang='grc' dir='ltr'>βασιλεία</span> <span class='ocrx_word' id='word_1_517' title='bbox 3629 2360 3730 2413; x_wconf 83' lang='grc' dir='ltr'><strong>καὶ</strong></span> 
     </span>
    </p>
   </div>
   <div class='ocr_carea' id='block_1_68' title="bbox 2131 2444 3727 2521">
    <p class='ocr_par' dir='ltr' id='par_1_68' title="bbox 2131 2444 3727 2521">
     <span class='ocr_line' id='line_1_68' title="bbox 2131 2444 3727 2521; baseline 0.001 -20"><span class='ocrx_word' id='word_1_518' title='bbox 2131 2448 2394 2521; x_wconf 84' lang='grc' dir='ltr'>ἔνσαρκος</span> <span class='ocrx_word' id='word_1_519' title='bbox 2447 2450 2720 2521; x_wconf 80' lang='grc' dir='ltr'>παρουσία</span> <span class='ocrx_word' id='word_1_520' title='bbox 2759 2444 2931 2521; x_wconf 64' lang='grc' dir='ltr'>μῦρου</span> <span class='ocrx_word' id='word_1_521' title='bbox 2977 2448 3134 2510; x_wconf 83' lang='grc' dir='ltr'>δίκην</span> <span class='ocrx_word' id='word_1_522' title='bbox 3178 2447 3575 2511; x_wconf 80' lang='grc' dir='ltr'>ὲκκενωθέντος</span> <span class='ocrx_word' id='word_1_523' title='bbox 3601 2448 3727 2502; x_wconf 86' lang='grc' dir='ltr'>ὅλον</span> 
     </span>
    </p>
   </div>
   <div class='ocr_carea' id='block_1_69' title="bbox 2132 2539 3728 2613">
    <p class='ocr_par' dir='ltr' id='par_1_69' title="bbox 2132 2539 3728 2613">
     <span class='ocr_line' id='line_1_69' title="bbox 2132 2539 3728 2613; baseline 0.001 -18"><span class='ocrx_word' id='word_1_524' title='bbox 2132 2541 2427 2596; x_wconf 82' lang='grc' dir='ltr'>εὐωδίασεν</span> <span class='ocrx_word' id='word_1_525' title='bbox 2449 2543 2541 2595; x_wconf 81' lang='grc' dir='ltr'><strong>τὸν</strong></span> <span class='ocrx_word' id='word_1_526' title='bbox 2576 2543 2803 2612; x_wconf 83' lang='grc' dir='ltr'>κόσμον,</span> <span class='ocrx_word' id='word_1_527' title='bbox 2842 2540 2934 2595; x_wconf 89' lang='grc' dir='ltr'><strong>διά</strong></span> <span class='ocrx_word' id='word_1_528' title='bbox 2969 2539 3129 2594; x_wconf 82' lang='grc' dir='ltr'>τοῦτο</span> <span class='ocrx_word' id='word_1_529' title='bbox 3156 2540 3396 2605; x_wconf 88' lang='grc' dir='ltr'>νεάνιδες</span> <span class='ocrx_word' id='word_1_530' title='bbox 3428 2542 3728 2613; x_wconf 74' lang='grc' dir='ltr'>ἠγάπησαν</span> 
     </span>
    </p>
   </div>
   <div class='ocr_carea' id='block_1_70' title="bbox 2133 2632 3727 2707">
    <p class='ocr_par' dir='ltr' id='par_1_70' title="bbox 2133 2632 3727 2707">
     <span class='ocr_line' id='line_1_70' title="bbox 2133 2632 3727 2707; baseline 0 -19"><span class='ocrx_word' id='word_1_531' title='bbox 2133 2651 2226 2688; x_wconf 90' lang='grc' dir='ltr'>σε·</span> <span class='ocrx_word' id='word_1_532' title='bbox 2260 2635 2399 2707; x_wconf 80' lang='grc' dir='ltr'>ὅπερ</span> <span class='ocrx_word' id='word_1_533' title='bbox 2436 2636 2603 2697; x_wconf 71' lang='grc' dir='ltr'>ἐστὶν,</span> <span class='ocrx_word' id='word_1_534' title='bbox 2632 2635 2688 2687; x_wconf 82' lang='lat' dir='ltr'><strong>ai</strong></span> <span class='ocrx_word' id='word_1_535' title='bbox 2724 2633 2893 2705; x_wconf 72' lang='grc' dir='ltr'>ψυχαὶ</span> <span class='ocrx_word' id='word_1_536' title='bbox 2927 2632 3037 2686; x_wconf 84' lang='grc' dir='ltr'>τῶν</span> <span class='ocrx_word' id='word_1_537' title='bbox 3064 2633 3307 2686; x_wconf 87' lang='grc' dir='ltr'>δικαίων.</span> <span class='ocrx_word' id='word_1_538' title='bbox 3349 2633 3441 2706; x_wconf 80' lang='grc' dir='ltr'><strong>Μὴ</strong></span> <span class='ocrx_word' id='word_1_539' title='bbox 3482 2634 3590 2706; x_wconf 85' lang='grc' dir='ltr'><strong>γάρ</strong></span> <span class='ocrx_word' id='word_1_540' title='bbox 3631 2650 3727 2706; x_wconf 86' lang='grc' dir='ltr'><strong>μοι</strong></span> 
     </span>
    </p>
   </div>
   <div class='ocr_carea' id='block_1_71' title="bbox 2132 2724 3728 2799">
    <p class='ocr_par' dir='ltr' id='par_1_71' title="bbox 2132 2724 3728 2799">
     <span class='ocr_line' id='line_1_71' title="bbox 2132 2724 3728 2799; baseline 0.001 -19"><span class='ocrx_word' id='word_1_541' title='bbox 2132 2724 2320 2799; x_wconf 81' lang='grc' dir='ltr'>νόμιζε</span> <span class='ocrx_word' id='word_1_542' title='bbox 2346 2726 2506 2797; x_wconf 84' lang='grc' dir='ltr'>μόνον</span> <span class='ocrx_word' id='word_1_543' title='bbox 2534 2725 2781 2789; x_wconf 81' lang='grc' dir='ltr'>νεάνιδας</span> <span class='ocrx_word' id='word_1_544' title='bbox 2803 2724 2902 2789; x_wconf 83' lang='grc' dir='ltr'><strong>τὰς</strong></span> <span class='ocrx_word' id='word_1_545' title='bbox 2936 2728 3201 2795; x_wconf 84' lang='grc' dir='ltr'>γυναῖκας</span> <span class='ocrx_word' id='word_1_546' title='bbox 3223 2725 3404 2795; x_wconf 86' lang='grc' dir='ltr'>λέγειν</span> <span class='ocrx_word' id='word_1_547' title='bbox 3431 2727 3529 2798; x_wconf 79' lang='grc' dir='ltr'>τὴν</span> <span class='ocrx_word' id='word_1_548' title='bbox 3560 2726 3728 2796; x_wconf 77' lang='grc' dir='ltr'>ἁγίαν</span> 
     </span>
    </p>
   </div>
   <div class='ocr_carea' id='block_1_72' title="bbox 2133 2818 3728 2895">
    <p class='ocr_par' dir='ltr' id='par_1_72' title="bbox 2133 2818 3728 2895">
     <span class='ocr_line' id='line_1_72' title="bbox 2133 2818 3728 2895; baseline 0.001 -20"><span class='ocrx_word' id='word_1_549' title='bbox 2133 2821 2381 2894; x_wconf 84' lang='grc' dir='ltr'>Γραφήν·</span> <span class='ocrx_word' id='word_1_550' title='bbox 2413 2818 2549 2873; x_wconf 81' lang='grc' dir='ltr'><strong>ἀλλά</strong></span> <span class='ocrx_word' id='word_1_551' title='bbox 2587 2818 2681 2873; x_wconf 71' lang='grc' dir='ltr'><strong>καὶ</strong></span> <span class='ocrx_word' id='word_1_552' title='bbox 2708 2822 2766 2872; x_wconf 80' lang='grc' dir='ltr'>ὲν</span> <span class='ocrx_word' id='word_1_553' title='bbox 2805 2818 3022 2888; x_wconf 69' lang='grc' dir='ltr'>γυναιξὶ</span> <span class='ocrx_word' id='word_1_554' title='bbox 3059 2820 3157 2891; x_wconf 81' lang='grc' dir='ltr'><strong>μὲν</strong></span> <span class='ocrx_word' id='word_1_555' title='bbox 3192 2821 3436 2885; x_wconf 80' lang='grc' dir='ltr'>νεάνιδας</span> <span class='ocrx_word' id='word_1_556' title='bbox 3470 2822 3728 2895; x_wconf 81' lang='grc' dir='ltr'>εὑρίσκο-</span> 
     </span>
    </p>
   </div>
   <div class='ocr_carea' id='block_1_73' title="bbox 2137 2911 3730 2988">
    <p class='ocr_par' dir='ltr' id='par_1_73' title="bbox 2137 2911 3730 2988">
     <span class='ocr_line' id='line_1_73' title="bbox 2137 2911 3730 2988; baseline 0.003 -23"><span class='ocrx_word' id='word_1_557' title='bbox 2137 2930 2236 2986; x_wconf 84' lang='grc' dir='ltr'><strong>μεν</strong></span> <span class='ocrx_word' id='word_1_558' title='bbox 2259 2914 2320 2966; x_wconf 81' lang='grc' dir='ltr'><strong>οὐ</strong></span> <span class='ocrx_word' id='word_1_559' title='bbox 2346 2911 2424 2984; x_wconf 82' lang='grc' dir='ltr'>τῷ</span> <span class='ocrx_word' id='word_1_560' title='bbox 2448 2911 2659 2983; x_wconf 83' lang='grc' dir='ltr'>σώματι</span> <span class='ocrx_word' id='word_1_561' title='bbox 2685 2912 2765 2983; x_wconf 80' lang='grc' dir='ltr'><strong>(οὐ</strong></span> <span class='ocrx_word' id='word_1_562' title='bbox 2798 2912 2907 2985; x_wconf 82' lang='grc' dir='ltr'><strong>γὰρ</strong></span> <span class='ocrx_word' id='word_1_563' title='bbox 2938 2913 3007 2967; x_wconf 88' lang='grc' dir='ltr'><strong>τά</strong></span> <span class='ocrx_word' id='word_1_564' title='bbox 3037 2912 3133 2967; x_wconf 80' lang='grc' dir='ltr'>τοῦ</span> <span class='ocrx_word' id='word_1_565' title='bbox 3165 2912 3413 2985; x_wconf 84' lang='grc' dir='ltr'>σώματος</span> <span class='ocrx_word' id='word_1_566' title='bbox 3447 2915 3606 2987; x_wconf 83' lang='grc' dir='ltr'>μόνον</span> <span class='ocrx_word' id='word_1_567' title='bbox 3636 2915 3730 2988; x_wconf 78' lang='grc' dir='ltr'><strong>ξη-</strong></span> 
     </span>
    </p>
   </div>
   <div class='ocr_carea' id='block_1_74' title="bbox 2132 3002 3730 3080">
    <p class='ocr_par' dir='ltr' id='par_1_74' title="bbox 2132 3002 3730 3080">
     <span class='ocr_line' id='line_1_74' title="bbox 2132 3002 3730 3080; baseline 0.004 -23"><span class='ocrx_word' id='word_1_568' title='bbox 2132 3008 2305 3059; x_wconf 85' lang='grc' dir='ltr'>τεῖται</span> <span class='ocrx_word' id='word_1_569' title='bbox 2329 3021 2342 3036; x_wconf 88' lang='grc'>·</span> <span class='ocrx_word' id='word_1_570' title='bbox 2384 3025 2400 3056; x_wconf 84' lang='lat' dir='ltr'><strong>t</strong></span> <span class='ocrx_word' id='word_1_571' title='bbox 2436 3002 2503 3058; x_wconf 85' lang='grc' dir='ltr'><em>Ἢ</em></span> <span class='ocrx_word' id='word_1_572' title='bbox 2538 3004 2675 3076; x_wconf 81' lang='grc' dir='ltr'>σὰρξ</span> <span class='ocrx_word' id='word_1_573' title='bbox 2700 3004 2810 3076; x_wconf 86' lang='grc' dir='ltr'><strong>γὰρ</strong></span> <span class='ocrx_word' id='word_1_574' title='bbox 2843 3005 2994 3059; x_wconf 70' lang='grc' dir='ltr'>οὐδὲν</span> <span class='ocrx_word' id='word_1_575' title='bbox 3023 3005 3242 3077; x_wconf 77' lang='grc' dir='ltr'>ὠφελεῖ·</span> <span class='ocrx_word' id='word_1_576' title='bbox 3268 3006 3329 3060; x_wconf 85' lang='grc' dir='ltr'><strong>τὸ</strong></span> <span class='ocrx_word' id='word_1_577' title='bbox 3359 3006 3577 3080; x_wconf 79' lang='grc' dir='ltr'>πνεῦμά</span> <span class='ocrx_word' id='word_1_578' title='bbox 3607 3009 3730 3064; x_wconf 78' lang='grc' dir='ltr'>ἐστι</span> 
     </span>
    </p>
   </div>
   <div class='ocr_carea' id='block_1_75' title="bbox 2134 3092 3731 3165">
    <p class='ocr_par' dir='ltr' id='par_1_75' title="bbox 2134 3092 3731 3165">
     <span class='ocr_line' id='line_1_75' title="bbox 2134 3092 3731 3165; baseline 0.004 -17"><span class='ocrx_word' id='word_1_579' title='bbox 2134 3094 2195 3148; x_wconf 82' lang='grc' dir='ltr'><strong>τδ</strong></span> <span class='ocrx_word' id='word_1_580' title='bbox 2222 3092 2539 3160; x_wconf 76' lang='grc' dir='ltr'>ζωοποιοῦν,</span> <span class='ocrx_word' id='word_1_581' title='bbox 2572 3095 2615 3165; x_wconf 74' lang='grc' dir='ltr'>ι)</span> <span class='ocrx_word' id='word_1_582' title='bbox 2644 3093 2781 3147; x_wconf 88' lang='grc' dir='ltr'><strong>ἀλλά</strong></span> <span class='ocrx_word' id='word_1_583' title='bbox 2824 3095 3004 3148; x_wconf 82' lang='grc' dir='ltr'>πίστει</span> <span class='ocrx_word' id='word_1_584' title='bbox 3042 3095 3306 3160; x_wconf 85' lang='grc' dir='ltr'>νεάνιδας.</span> <span class='ocrx_word' id='word_1_585' title='bbox 3344 3097 3516 3151; x_wconf 84' lang='grc' dir='ltr'>Βλέπε</span> <span class='ocrx_word' id='word_1_586' title='bbox 3548 3099 3731 3154; x_wconf 83' lang='grc' dir='ltr'>νεάνι-</span> 
     </span>
    </p>
   </div>
   <div class='ocr_carea' id='block_1_76' title="bbox 2133 3184 3783 3261">
    <p class='ocr_par' dir='ltr' id='par_1_76' title="bbox 2133 3184 3783 3261">
     <span class='ocr_line' id='line_1_76' title="bbox 2133 3184 3783 3261; baseline 0.004 -22"><span class='ocrx_word' id='word_1_587' title='bbox 2133 3186 2199 3239; x_wconf 88' lang='grc' dir='ltr'><strong>δα</strong></span> <span class='ocrx_word' id='word_1_588' title='bbox 2235 3188 2451 3257; x_wconf 80' lang='grc' dir='ltr'>ἐκείνην</span> <span class='ocrx_word' id='word_1_589' title='bbox 2502 3188 2600 3259; x_wconf 77' lang='grc' dir='ltr'><strong>τὴν</strong></span> <span class='ocrx_word' id='word_1_590' title='bbox 2639 3186 2717 3258; x_wconf 80' lang='grc' dir='ltr'>τῷ</span> <span class='ocrx_word' id='word_1_591' title='bbox 2747 3185 2958 3257; x_wconf 83' lang='grc' dir='ltr'>σώματι</span> <span class='ocrx_word' id='word_1_592' title='bbox 2995 3184 3413 3261; x_wconf 78' lang='grc' dir='ltr'>ἀσθενεστέραν,</span> <span class='ocrx_word' id='word_1_593' title='bbox 3455 3189 3633 3261; x_wconf 72' lang='grc' dir='ltr'>ψυχῆς</span> <span class='ocrx_word' id='word_1_594' title='bbox 3668 3190 3729 3245; x_wconf 74' lang='grc' dir='ltr'>δὲ</span> <span class='ocrx_word' id='word_1_595' title='bbox 3779 3217 3783 3220; x_wconf 53' lang='grc' dir='ltr'><strong>ν</strong></span> 
     </span>
    </p>
   </div>
   <div class='ocr_carea' id='block_1_77' title="bbox 2137 3279 3730 3354">
    <p class='ocr_par' dir='ltr' id='par_1_77' title="bbox 2137 3279 3730 3354">
     <span class='ocr_line' id='line_1_77' title="bbox 2137 3279 3730 3354; baseline 0.003 -23"><span class='ocrx_word' id='word_1_596' title='bbox 2137 3279 2317 3332; x_wconf 82' lang='grc' dir='ltr'>πίστει</span> <span class='ocrx_word' id='word_1_597' title='bbox 2376 3280 2731 3351; x_wconf 79' lang='grc' dir='ltr'>ἰσχυροτέραν</span> <span class='ocrx_word' id='word_1_598' title='bbox 2787 3279 2921 3349; x_wconf 81' lang='grc'><strong>(60),</strong></span> <span class='ocrx_word' id='word_1_599' title='bbox 2956 3279 3053 3352; x_wconf 78' lang='grc' dir='ltr'><strong>τὴν</strong></span> <span class='ocrx_word' id='word_1_600' title='bbox 3112 3281 3533 3353; x_wconf 70' lang='grc' dir='ltr'>αἱμορροοῦσαν,</span> <span class='ocrx_word' id='word_1_601' title='bbox 3600 3284 3730 3354; x_wconf 74' lang='grc' dir='ltr'>ἥτις</span> 
     </span>
    </p>
   </div>
   <div class='ocr_carea' id='block_1_78' title="bbox 2137 3370 3730 3446">
    <p class='ocr_par' dir='ltr' id='par_1_78' title="bbox 2137 3370 3730 3446">
     <span class='ocr_line' id='line_1_78' title="bbox 2137 3370 3730 3446; baseline 0.002 -20"><span class='ocrx_word' id='word_1_602' title='bbox 2137 3371 2391 3443; x_wconf 72' lang='grc' dir='ltr'>ἁψαμένη</span> <span class='ocrx_word' id='word_1_603' title='bbox 2419 3370 2527 3424; x_wconf 83' lang='grc' dir='ltr'><strong>τῶν</strong></span> <span class='ocrx_word' id='word_1_604' title='bbox 2558 3372 2790 3442; x_wconf 78' lang='grc' dir='ltr'>ἱματίων</span> <span class='ocrx_word' id='word_1_605' title='bbox 2815 3370 3040 3425; x_wconf 71' lang='grc' dir='ltr'>ὄπισθεν</span> <span class='ocrx_word' id='word_1_606' title='bbox 3062 3372 3158 3425; x_wconf 78' lang='grc' dir='ltr'><strong>τοῦ</strong></span> <span class='ocrx_word' id='word_1_607' title='bbox 3200 3373 3395 3444; x_wconf 73' lang='grc' dir='ltr'>Ἰησοῦ,</span> <span class='ocrx_word' id='word_1_608' title='bbox 3435 3375 3533 3446; x_wconf 77' lang='grc' dir='ltr'>τὴν</span> <span class='ocrx_word' id='word_1_609' title='bbox 3562 3375 3730 3445; x_wconf 82' lang='grc' dir='ltr'>αἱμά-</span> 
     </span>
    </p>
   </div>
   <div class='ocr_carea' id='block_1_79' title="bbox 2135 3463 3731 3539">
    <p class='ocr_par' dir='ltr' id='par_1_79' title="bbox 2135 3463 3731 3539">
     <span class='ocr_line' id='line_1_79' title="bbox 2135 3463 3731 3539; baseline 0.003 -20"><span class='ocrx_word' id='word_1_610' title='bbox 2135 3482 2244 3519; x_wconf 88' lang='grc' dir='ltr'><strong>των</strong></span> <span class='ocrx_word' id='word_1_611' title='bbox 2284 3464 2479 3539; x_wconf 64' lang='grc' dir='ltr'>έστησε</span> <span class='ocrx_word' id='word_1_612' title='bbox 2508 3463 2615 3534; x_wconf 79' lang='lat' dir='ltr'><strong>(Gl)</strong></span> <span class='ocrx_word' id='word_1_613' title='bbox 2660 3463 2837 3534; x_wconf 78' lang='grc' dir='ltr'>ῥύσιν,</span> <span class='ocrx_word' id='word_1_614' title='bbox 2879 3465 2939 3517; x_wconf 83' lang='grc' dir='ltr'><strong>οὐ</strong></span> <span class='ocrx_word' id='word_1_615' title='bbox 2979 3464 3228 3537; x_wconf 84' lang='grc' dir='ltr'>σώματος</span> <span class='ocrx_word' id='word_1_616' title='bbox 3274 3467 3438 3538; x_wconf 76' lang='grc' dir='ltr'>ἰσχύϊ,</span> <span class='ocrx_word' id='word_1_617' title='bbox 3472 3468 3608 3523; x_wconf 84' lang='grc' dir='ltr'><strong>ἀλλά</strong></span> <span class='ocrx_word' id='word_1_618' title='bbox 3638 3471 3731 3523; x_wconf 84' lang='grc' dir='ltr'>πί-</span> 
     </span>
    </p>
   </div>
   <div class='ocr_carea' id='block_1_80' title="bbox 2138 3546 3729 3633">
    <p class='ocr_par' dir='ltr' id='par_1_80' title="bbox 2138 3546 3729 3633">
     <span class='ocr_line' id='line_1_80' title="bbox 2138 3546 3729 3633; baseline 0.004 -23"><span class='ocrx_word' id='word_1_619' title='bbox 2138 3573 2309 3620; x_wconf 82' lang='grc' dir='ltr'>στεως</span> <span class='ocrx_word' id='word_1_620' title='bbox 2366 3546 2614 3624; x_wconf 80' lang='grc' dir='ltr'>δυνάμει.</span> <span class='ocrx_word' id='word_1_621' title='bbox 2661 3556 2735 3609; x_wconf 77' lang='grc' dir='ltr'><strong>Οὐ</strong></span> <span class='ocrx_word' id='word_1_622' title='bbox 2786 3554 2893 3626; x_wconf 76' lang='grc' dir='ltr'>γὰρ</span> <span class='ocrx_word' id='word_1_623' title='bbox 2938 3559 3318 3633; x_wconf 84' lang='grc' dir='ltr'>νεανιευομένη</span> <span class='ocrx_word' id='word_1_624' title='bbox 3371 3561 3447 3631; x_wconf 79' lang='grc' dir='ltr'><strong>τῷ</strong></span> <span class='ocrx_word' id='word_1_625' title='bbox 3489 3561 3729 3632; x_wconf 82' lang='grc' dir='ltr'>σώματι,</span> 
     </span>
    </p>
   </div>
   <div class='ocr_carea' id='block_1_81' title="bbox 2136 3646 3729 3726">
    <p class='ocr_par' dir='ltr' id='par_1_81' title="bbox 2136 3646 3729 3726">
     <span class='ocr_line' id='line_1_81' title="bbox 2136 3646 3729 3726; baseline 0.004 -24"><span class='ocrx_word' id='word_1_626' title='bbox 2136 3647 2367 3718; x_wconf 85' lang='grc' dir='ltr'>νεανικῷ</span> <span class='ocrx_word' id='word_1_627' title='bbox 2399 3648 2456 3702; x_wconf 81' lang='grc' dir='ltr'>δὲ</span> <span class='ocrx_word' id='word_1_628' title='bbox 2488 3646 2567 3718; x_wconf 76' lang='grc' dir='ltr'><strong>τῷ</strong></span> <span class='ocrx_word' id='word_1_629' title='bbox 2616 3649 2713 3719; x_wconf 82' lang='grc' dir='ltr'>τῆς</span> <span class='ocrx_word' id='word_1_630' title='bbox 2766 3650 3002 3714; x_wconf 87' lang='grc' dir='ltr'>πίστεως</span> <span class='ocrx_word' id='word_1_631' title='bbox 3051 3654 3377 3723; x_wconf 81' lang='grc' dir='ltr'>φρονήματι,</span> <span class='ocrx_word' id='word_1_632' title='bbox 3408 3654 3579 3726; x_wconf 85' lang='grc' dir='ltr'>πέρας</span> <span class='ocrx_word' id='word_1_633' title='bbox 3628 3656 3729 3709; x_wconf 81' lang='grc' dir='ltr'><strong>ὲπ-</strong></span> 
     </span>
    </p>
   </div>
   <div class='ocr_carea' id='block_1_82' title="bbox 2140 3739 3731 3818">
    <p class='ocr_par' dir='ltr' id='par_1_82' title="bbox 2140 3739 3731 3818">
     <span class='ocr_line' id='line_1_82' title="bbox 2140 3739 3731 3818; baseline 0.004 -22"><span class='ocrx_word' id='word_1_634' title='bbox 2140 3742 2305 3814; x_wconf 86' lang='grc' dir='ltr'>έθηκε</span> <span class='ocrx_word' id='word_1_635' title='bbox 2346 3739 2424 3812; x_wconf 79' lang='grc' dir='ltr'>τῷ</span> <span class='ocrx_word' id='word_1_636' title='bbox 2475 3740 2574 3812; x_wconf 82' lang='grc' dir='ltr'>τῆς</span> <span class='ocrx_word' id='word_1_637' title='bbox 2628 3740 2911 3804; x_wconf 78' lang='grc' dir='ltr'>ἀσθενείας</span> <span class='ocrx_word' id='word_1_638' title='bbox 2962 3745 3261 3814; x_wconf 77' lang='grc' dir='ltr'>νοσήματι·</span> <span class='ocrx_word' id='word_1_639' title='bbox 3319 3744 3458 3817; x_wconf 71' lang='grc' dir='ltr'>αὕτη</span> <span class='ocrx_word' id='word_1_640' title='bbox 3510 3750 3542 3818; x_wconf 86' lang='grc' dir='ltr'>ἠ</span> <span class='ocrx_word' id='word_1_641' title='bbox 3597 3751 3731 3802; x_wconf 78' lang='grc' dir='ltr'>νεά-</span> 
     </span>
    </p>
   </div>
   <div class='ocr_carea' id='block_1_83' title="bbox 2137 3833 3732 3907">
    <p class='ocr_par' dir='ltr' id='par_1_83' title="bbox 2137 3833 3732 3907">
     <span class='ocr_line' id='line_1_83' title="bbox 2137 3833 3732 3907; baseline 0.004 -19"><span class='ocrx_word' id='word_1_642' title='bbox 2137 3852 2220 3897; x_wconf 86' lang='grc' dir='ltr'><strong>νις</strong></span> <span class='ocrx_word' id='word_1_643' title='bbox 2254 3833 2505 3887; x_wconf 67' lang='grc' dir='ltr'>εἵλκυσεν</span> <span class='ocrx_word' id='word_1_644' title='bbox 2534 3833 2714 3897; x_wconf 73' lang='grc' dir='ltr'>αὑτὸν,</span> <span class='ocrx_word' id='word_1_645' title='bbox 2754 3834 2975 3888; x_wconf 73' lang='grc' dir='ltr'>ὄπισθεν</span> <span class='ocrx_word' id='word_1_646' title='bbox 3003 3835 3276 3907; x_wconf 53' lang='grc' dir='ltr'>ἁψαμένη·</span> <span class='ocrx_word' id='word_1_647' title='bbox 3311 3838 3384 3902; x_wconf 80' lang='grc' dir='ltr'><strong>ὡς</strong></span> <span class='ocrx_word' id='word_1_648' title='bbox 3410 3840 3503 3892; x_wconf 82' lang='grc' dir='ltr'><strong>καὶ</strong></span> <span class='ocrx_word' id='word_1_649' title='bbox 3525 3842 3604 3904; x_wconf 86' lang='grc' dir='ltr'><strong>είς</strong></span> <span class='ocrx_word' id='word_1_650' title='bbox 3632 3842 3732 3894; x_wconf 69' lang='grc' dir='ltr'><strong>αὺ-</strong></span> 
     </span>
    </p>
   </div>
   <div class='ocr_carea' id='block_1_84' title="bbox 2137 3925 3732 4000">
    <p class='ocr_par' dir='ltr' id='par_1_84' title="bbox 2137 3925 3732 4000">
     <span class='ocr_line' id='line_1_84' title="bbox 2137 3925 3732 4000; baseline 0.007 -22"><span class='ocrx_word' id='word_1_651' title='bbox 2137 3925 2235 3996; x_wconf 82' lang='grc' dir='ltr'>τὴν</span> <span class='ocrx_word' id='word_1_652' title='bbox 2292 3925 2632 3999; x_wconf 80' lang='grc' dir='ltr'>πληροῦσθαι</span> <span class='ocrx_word' id='word_1_653' title='bbox 2687 3926 2749 3980; x_wconf 81' lang='grc' dir='ltr'>τὸ</span> <span class='ocrx_word' id='word_1_654' title='bbox 2788 3930 3191 4000; x_wconf 76' lang='grc' dir='ltr'>γεγραμμένον·</span> <span class='ocrx_word' id='word_1_655' title='bbox 3247 3950 3265 3981; x_wconf 76' lang='grc' dir='ltr'><strong>ι</strong></span> <span class='ocrx_word' id='word_1_656' title='bbox 3307 3932 3406 3985; x_wconf 82' lang='grc' dir='ltr'>Διά</span> <span class='ocrx_word' id='word_1_657' title='bbox 3448 3932 3606 3986; x_wconf 74' lang='grc' dir='ltr'>τοῦτο</span> <span class='ocrx_word' id='word_1_658' title='bbox 3673 3932 3732 3989; x_wconf 78' lang='grc' dir='ltr'>αἱ</span> 
     </span>
    </p>
   </div>
   <div class='ocr_carea' id='block_1_85' title="bbox 2140 4016 3727 4115">
    <p class='ocr_par' dir='ltr' id='par_1_85' title="bbox 2140 4016 3727 4115">
     <span class='ocr_line' id='line_1_85' title="bbox 2140 4016 3727 4115; baseline 0.006 -46"><span class='ocrx_word' id='word_1_659' title='bbox 2140 4016 2386 4080; x_wconf 82' lang='grc' dir='ltr'>νεάνιδες</span> <span class='ocrx_word' id='word_1_660' title='bbox 2443 4018 2735 4089; x_wconf 78' lang='grc' dir='ltr'>ὴγάπησάν</span> <span class='ocrx_word' id='word_1_661' title='bbox 2797 4036 2876 4071; x_wconf 87' lang='grc' dir='ltr'>σε·</span> <span class='ocrx_word' id='word_1_662' title='bbox 2935 4020 3281 4115; x_wconf 45' lang='grc' dir='ltr'>εἵλκυσάεμςε</span> <span class='ocrx_word' id='word_1_663' title='bbox 3320 4022 3494 4077; x_wconf 72' lang='grc' dir='ltr'>ὀπίσω</span> <span class='ocrx_word' id='word_1_664' title='bbox 3543 4041 3662 4079; x_wconf 91' lang='grc' dir='ltr'>σου.</span> <span class='ocrx_word' id='word_1_665' title='bbox 3708 4048 3727 4079; x_wconf 75' lang='grc' dir='ltr'><strong>ι</strong></span> 
     </span>
    </p>
   </div>
   <div class='ocr_carea' id='block_1_86' title="bbox 2140 4111 3731 4191">
    <p class='ocr_par' dir='ltr' id='par_1_86' title="bbox 2140 4111 3731 4191">
     <span class='ocr_line' id='line_1_86' title="bbox 2140 4111 3731 4191; baseline 0.008 -28"><span class='ocrx_word' id='word_1_666' title='bbox 2140 4111 2251 4164; x_wconf 73' lang='grc' dir='ltr'><strong>Καὶ</strong></span> <span class='ocrx_word' id='word_1_667' title='bbox 2290 4111 2452 4183; x_wconf 80' lang='grc' dir='ltr'>ἑτέρα</span> <span class='ocrx_word' id='word_1_668' title='bbox 2485 4113 2541 4165; x_wconf 79' lang='grc' dir='ltr'>δὲ</span> <span class='ocrx_word' id='word_1_669' title='bbox 2571 4112 2736 4166; x_wconf 86' lang='grc' dir='ltr'>πάλιν</span> <span class='ocrx_word' id='word_1_670' title='bbox 2768 4114 2949 4176; x_wconf 81' lang='grc' dir='ltr'>νεᾶνις</span> <span class='ocrx_word' id='word_1_671' title='bbox 2978 4111 3198 4168; x_wconf 76' lang='grc' dir='ltr'>ὄπισθεν</span> <span class='ocrx_word' id='word_1_672' title='bbox 3225 4117 3454 4188; x_wconf 74' lang='grc' dir='ltr'>ἔκραζεν</span> <span class='ocrx_word' id='word_1_673' title='bbox 3485 4118 3577 4172; x_wconf 81' lang='grc' dir='ltr'>τοῦ</span> <span class='ocrx_word' id='word_1_674' title='bbox 3623 4122 3731 4191; x_wconf 71' lang='grc' dir='ltr'><strong>’Ῑηο</strong></span> 
     </span>
    </p>
   </div>
   <div class='ocr_carea' id='block_1_87' title="bbox 2143 4202 3731 4283">
    <p class='ocr_par' dir='ltr' id='par_1_87' title="bbox 2143 4202 3731 4283">
     <span class='ocr_line' id='line_1_87' title="bbox 2143 4202 3731 4283; baseline 0.008 -27"><span class='ocrx_word' id='word_1_675' title='bbox 2143 4202 2257 4269; x_wconf 81' lang='grc' dir='ltr'>σοῦ,</span> <span class='ocrx_word' id='word_1_676' title='bbox 2286 4205 2319 4276; x_wconf 82' lang='grc' dir='ltr'><strong>η</strong></span> <span class='ocrx_word' id='word_1_677' title='bbox 2355 4206 2636 4259; x_wconf 87' lang='grc' dir='ltr'>Χαναναία</span> <span class='ocrx_word' id='word_1_678' title='bbox 2668 4207 2701 4277; x_wconf 84' lang='grc' dir='ltr'>ἡ</span> <span class='ocrx_word' id='word_1_679' title='bbox 2735 4207 3131 4278; x_wconf 72' lang='grc' dir='ltr'>Συροφοίνισσα</span> <span class='ocrx_word' id='word_1_680' title='bbox 3159 4209 3269 4280; x_wconf 70' lang='grc'><strong>(62)</strong></span> <span class='ocrx_word' id='word_1_681' title='bbox 3296 4210 3375 4283; x_wconf 83' lang='grc' dir='ltr'><strong>τῷ</strong></span> <span class='ocrx_word' id='word_1_682' title='bbox 3402 4212 3568 4281; x_wconf 79' lang='grc' dir='ltr'>γένει,</span> <span class='ocrx_word' id='word_1_683' title='bbox 3602 4217 3731 4268; x_wconf 80' lang='grc' dir='ltr'>νεᾶ-</span> 
     </span>
    </p>
   </div>
   <div class='ocr_carea' id='block_1_88' title="bbox 2139 4297 3731 4373">
    <p class='ocr_par' dir='ltr' id='par_1_88' title="bbox 2139 4297 3731 4373">
     <span class='ocr_line' id='line_1_88' title="bbox 2139 4297 3731 4373; baseline 0.008 -23"><span class='ocrx_word' id='word_1_684' title='bbox 2139 4313 2220 4362; x_wconf 87' lang='grc' dir='ltr'><strong>νις</strong></span> <span class='ocrx_word' id='word_1_685' title='bbox 2253 4297 2308 4351; x_wconf 82' lang='grc' dir='ltr'>δὲ</span> <span class='ocrx_word' id='word_1_686' title='bbox 2332 4301 2398 4370; x_wconf 79' lang='grc' dir='ltr'>τῇ</span> <span class='ocrx_word' id='word_1_687' title='bbox 2432 4299 2634 4352; x_wconf 70' lang='grc' dir='ltr'>πίστει*</span> <span class='ocrx_word' id='word_1_688' title='bbox 2659 4300 2752 4353; x_wconf 71' lang='grc' dir='ltr'><strong>καὶ</strong></span> <span class='ocrx_word' id='word_1_689' title='bbox 2778 4301 2826 4352; x_wconf 81' lang='grc' dir='ltr'>οἱ</span> <span class='ocrx_word' id='word_1_690' title='bbox 2854 4300 2953 4370; x_wconf 80' lang='grc' dir='ltr'>μὲν</span> <span class='ocrx_word' id='word_1_691' title='bbox 2988 4302 3227 4372; x_wconf 78' lang='grc' dir='ltr'>μαθηταὶ</span> <span class='ocrx_word' id='word_1_692' title='bbox 3262 4303 3464 4373; x_wconf 76' lang='grc' dir='ltr'>ἔλεγον·</span> <span class='ocrx_word' id='word_1_693' title='bbox 3501 4325 3518 4356; x_wconf 78' lang='lat' dir='ltr'><strong>t</strong></span> <span class='ocrx_word' id='word_1_694' title='bbox 3569 4308 3731 4362; x_wconf 78' lang='grc' dir='ltr'>Ἀπό-</span> 
     </span>
    </p>
   </div>
   <div class='ocr_carea' id='block_1_89' title="bbox 2139 4389 3729 4474">
    <p class='ocr_par' dir='ltr' id='par_1_89' title="bbox 2139 4389 3729 4474">
     <span class='ocr_line' id='line_1_89' title="bbox 2139 4389 3729 4474; baseline 0.008 -33"><span class='ocrx_word' id='word_1_695' title='bbox 2139 4389 2300 4443; x_wconf 87' lang='grc' dir='ltr'>λυσον</span> <span class='ocrx_word' id='word_1_696' title='bbox 2328 4391 2516 4461; x_wconf 75' lang='grc' dir='ltr'>αὐτὴν,</span> <span class='ocrx_word' id='word_1_697' title='bbox 2552 4392 2633 4443; x_wconf 85' lang='grc' dir='ltr'><strong>ὅτι</strong></span> <span class='ocrx_word' id='word_1_698' title='bbox 2669 4392 2863 4462; x_wconf 76' lang='grc' dir='ltr'>κράζει</span> <span class='ocrx_word' id='word_1_699' title='bbox 2897 4392 3121 4447; x_wconf 78' lang='grc' dir='ltr'>ὄπισθεν</span> <span class='ocrx_word' id='word_1_700' title='bbox 3152 4394 3325 4467; x_wconf 80' lang='grc' dir='ltr'>ἡμῶν.</span> <span class='ocrx_word' id='word_1_701' title='bbox 3368 4418 3385 4446; x_wconf 76' lang='grc' dir='ltr'><strong>ι</strong></span> <span class='ocrx_word' id='word_1_702' title='bbox 3428 4401 3537 4452; x_wconf 75' lang='grc' dir='ltr'><strong>Καὶ</strong></span> <span class='ocrx_word' id='word_1_703' title='bbox 3590 4401 3729 4474; x_wconf 77' lang='grc' dir='ltr'>αὐτὴ</span> 
     </span>
    </p>
   </div>
   <div class='ocr_carea' id='block_1_90' title="bbox 456 4471 2029 4565">
    <p class='ocr_par' dir='ltr' id='par_1_90' title="bbox 456 4471 2029 4544">
     <span class='ocr_line' id='line_1_90' title="bbox 456 4471 2029 4544; baseline -0.003 -15"><span class='ocrx_word' id='word_1_704' title='bbox 456 4475 624 4544; x_wconf 78' lang='lat' dir='ltr'><strong>igitur</strong></span> <span class='ocrx_word' id='word_1_705' title='bbox 650 4484 796 4528; x_wconf 90' lang='lat' dir='ltr'><strong>retro</strong></span> <span class='ocrx_word' id='word_1_706' title='bbox 820 4471 1007 4528; x_wconf 66' lang='lat' dir='ltr'><strong>Iesum</strong></span> <span class='ocrx_word' id='word_1_707' title='bbox 1039 4473 1227 4537; x_wconf 77' lang='lat' dir='ltr'><strong>traxit,</strong></span> <span class='ocrx_word' id='word_1_708' title='bbox 1251 4474 1337 4528; x_wconf 91' lang='lat' dir='ltr'><strong>cui</strong></span> <span class='ocrx_word' id='word_1_709' title='bbox 1370 4474 1485 4543; x_wconf 89' lang='lat' dir='ltr'><strong>ipse</strong></span> <span class='ocrx_word' id='word_1_710' title='bbox 1508 4473 1675 4526; x_wconf 81' lang='lat' dir='ltr'><strong>dixit:</strong></span> <span class='ocrx_word' id='word_1_711' title='bbox 1705 4490 1724 4523; x_wconf 78' lang='grc' dir='ltr'><strong>ι</strong></span> <span class='ocrx_word' id='word_1_712' title='bbox 1746 4471 1860 4525; x_wconf 82' lang='lat' dir='ltr'><strong>Non</strong></span> <span class='ocrx_word' id='word_1_713' title='bbox 1882 4472 2029 4526; x_wconf 88' lang='lat' dir='ltr'><strong>decet</strong></span> 
     </span>
    </p>
   </div>
   <div class='ocr_carea' id='block_1_91' title="bbox 2137 4471 3728 4565">
    <p class='ocr_par' dir='ltr' id='par_1_91' title="bbox 2141 4471 3728 4565">
     <span class='ocr_line' id='line_1_91' title="bbox 2141 4471 3728 4565; baseline -0.003 -33"><span class='ocrx_word' id='word_1_714' title='bbox 2141 4475 2233 4533; x_wconf 81' lang='grc' dir='ltr'>οὖν</span> <span class='ocrx_word' id='word_1_715' title='bbox 2261 4480 2484 4534; x_wconf 76' lang='grc' dir='ltr'>ὄπισθεν</span> <span class='ocrx_word' id='word_1_716' title='bbox 2512 4481 2728 4536; x_wconf 79' lang='grc' dir='ltr'>εἵλκυσε</span> <span class='ocrx_word' id='word_1_717' title='bbox 2755 4484 2846 4539; x_wconf 83' lang='grc' dir='ltr'><strong>τὸν</strong></span> <span class='ocrx_word' id='word_1_718' title='bbox 2893 4485 3120 4557; x_wconf 59' lang='grc' dir='ltr'>Ἰησοῦν</span> <span class='ocrx_word' id='word_1_719' title='bbox 3155 4489 3288 4560; x_wconf 83' lang='grc' dir='ltr'>πρὸς</span> <span class='ocrx_word' id='word_1_720' title='bbox 3319 4490 3384 4561; x_wconf 75' lang='grc' dir='ltr'>ἢν</span> <span class='ocrx_word' id='word_1_721' title='bbox 3410 4492 3570 4557; x_wconf 79' lang='grc' dir='ltr'>αὐτὸς</span> <span class='ocrx_word' id='word_1_722' title='bbox 3602 4471 3728 4565; x_wconf 51' lang='grc' dir='ltr'><strong>ἐφηξ</strong></span> 
     </span>
    </p>
   </div>
   <div class='ocr_carea' id='block_1_92' title="bbox 458 4563 2032 4636">
    <p class='ocr_par' dir='ltr' id='par_1_92' title="bbox 458 4563 2032 4636">
     <span class='ocr_line' id='line_1_92' title="bbox 458 4563 2032 4636; baseline -0.002 -15"><span class='ocrx_word' id='word_1_723' title='bbox 458 4567 644 4622; x_wconf 87' lang='lat' dir='ltr'><strong>tollere</strong></span> <span class='ocrx_word' id='word_1_724' title='bbox 682 4583 873 4636; x_wconf 88' lang='lat' dir='ltr'><strong>panem</strong></span> <span class='ocrx_word' id='word_1_725' title='bbox 926 4565 1072 4630; x_wconf 85' lang='lat' dir='ltr'><strong>ﬁliis,</strong></span> <span class='ocrx_word' id='word_1_726' title='bbox 1122 4576 1178 4619; x_wconf 83' lang='lat' dir='ltr'><strong>et</strong></span> <span class='ocrx_word' id='word_1_727' title='bbox 1224 4566 1490 4634; x_wconf 83' lang='lat' dir='ltr'><strong>projicere</strong></span> <span class='ocrx_word' id='word_1_728' title='bbox 1531 4565 1757 4619; x_wconf 83' lang='lat' dir='ltr'><strong>canibus</strong></span> <span class='ocrx_word' id='word_1_729' title='bbox 1786 4563 1851 4616; x_wconf 85' lang='grc'><strong>³⁵.</strong></span> <span class='ocrx_word' id='word_1_730' title='bbox 1884 4582 1902 4615; x_wconf 75' lang='grc' dir='ltr'><strong>ι</strong></span> <span class='ocrx_word' id='word_1_731' title='bbox 1940 4564 2032 4618; x_wconf 89' lang='lat' dir='ltr'><strong>llla</strong></span> 
     </span>
    </p>
   </div>
   <div class='ocr_carea' id='block_1_93' title="bbox 456 4658 2037 4725">
    <p class='ocr_par' dir='ltr' id='par_1_93' title="bbox 456 4658 2037 4725">
     <span class='ocr_line' id='line_1_93' title="bbox 456 4658 2037 4725; baseline -0.003 -11"><span class='ocrx_word' id='word_1_732' title='bbox 456 4676 585 4714; x_wconf 80' lang='lat' dir='ltr'><strong>vero</strong></span> <span class='ocrx_word' id='word_1_733' title='bbox 612 4660 1010 4714; x_wconf 74' lang='lat' dir='ltr'><strong>adulescentula</strong></span> <span class='ocrx_word' id='word_1_734' title='bbox 1055 4660 1232 4713; x_wconf 90' lang='lat' dir='ltr'><strong>adhuc</strong></span> <span class='ocrx_word' id='word_1_735' title='bbox 1280 4660 1403 4721; x_wconf 89' lang='lat' dir='ltr'><strong>ﬁde,</strong></span> <span class='ocrx_word' id='word_1_736' title='bbox 1440 4658 1691 4710; x_wconf 83' lang='lat' dir='ltr'><strong>innovata</strong></span> <span class='ocrx_word' id='word_1_737' title='bbox 1723 4667 1901 4709; x_wconf 86' lang='lat' dir='ltr'><strong>tamen</strong></span> <span class='ocrx_word' id='word_1_738' title='bbox 1930 4658 2037 4725; x_wconf 86' lang='lat' dir='ltr'><strong>spi-</strong></span> 
     </span>
    </p>
   </div>
   <div class='ocr_carea' id='block_1_94' title="bbox 2138 4570 3733 4648">
    <p class='ocr_par' dir='ltr' id='par_1_94' title="bbox 2138 4570 3733 4648">
     <span class='ocr_line' id='line_1_94' title="bbox 2138 4570 3733 4648; baseline 0.009 -27"><span class='ocrx_word' id='word_1_739' title='bbox 2138 4574 2167 4621; x_wconf 77' lang='grc' dir='ltr'><strong>ἰ</strong></span> <span class='ocrx_word' id='word_1_740' title='bbox 2200 4571 2312 4623; x_wconf 84' lang='grc' dir='ltr'>Οὐκ</span> <span class='ocrx_word' id='word_1_741' title='bbox 2353 4570 2469 4623; x_wconf 74' lang='grc' dir='ltr'>ἔστι</span> <span class='ocrx_word' id='word_1_742' title='bbox 2515 4572 2678 4626; x_wconf 80' lang='grc' dir='ltr'>καλὸν</span> <span class='ocrx_word' id='word_1_743' title='bbox 2707 4574 2893 4628; x_wconf 77' lang='grc' dir='ltr'>λαϐεῖν</span> <span class='ocrx_word' id='word_1_744' title='bbox 2928 4575 3019 4629; x_wconf 76' lang='grc' dir='ltr'>τὸν</span> <span class='ocrx_word' id='word_1_745' title='bbox 3049 4577 3210 4648; x_wconf 81' lang='grc' dir='ltr'>ἄρτον</span> <span class='ocrx_word' id='word_1_746' title='bbox 3238 4581 3350 4641; x_wconf 84' lang='grc' dir='ltr'>τοῖς</span> <span class='ocrx_word' id='word_1_747' title='bbox 3374 4580 3605 4645; x_wconf 82' lang='grc' dir='ltr'>τέκνοις,</span> <span class='ocrx_word' id='word_1_748' title='bbox 3636 4583 3733 4635; x_wconf 77' lang='grc' dir='ltr'>καὶ</span> 
     </span>
    </p>
   </div>
   <div class='ocr_carea' id='block_1_95' title="bbox 2148 4661 3733 4741">
    <p class='ocr_par' dir='ltr' id='par_1_95' title="bbox 2148 4661 3733 4741">
     <span class='ocr_line' id='line_1_95' title="bbox 2148 4661 3733 4741; baseline 0.008 -26"><span class='ocrx_word' id='word_1_749' title='bbox 2148 4661 2328 4731; x_wconf 79' lang='grc' dir='ltr'>βαλεῖν</span> <span class='ocrx_word' id='word_1_750' title='bbox 2365 4664 2478 4726; x_wconf 82' lang='grc' dir='ltr'>τοῖς</span> <span class='ocrx_word' id='word_1_751' title='bbox 2515 4666 2813 4736; x_wconf 84' lang='grc' dir='ltr'>κυναρίοις.</span> <span class='ocrx_word' id='word_1_752' title='bbox 2855 4686 2871 4717; x_wconf 76' lang='grc' dir='ltr'><strong>ι</strong></span> <span class='ocrx_word' id='word_1_753' title='bbox 2916 4666 2979 4721; x_wconf 83' lang='grc' dir='ltr'><strong>Ἦ</strong></span> <span class='ocrx_word' id='word_1_754' title='bbox 3011 4667 3066 4721; x_wconf 77' lang='grc' dir='ltr'>δὲ</span> <span class='ocrx_word' id='word_1_755' title='bbox 3093 4671 3272 4733; x_wconf 77' lang='grc' dir='ltr'>νεᾶνις</span> <span class='ocrx_word' id='word_1_756' title='bbox 3309 4670 3417 4740; x_wconf 81' lang='grc'><strong>(65)</strong></span> <span class='ocrx_word' id='word_1_757' title='bbox 3465 4671 3543 4741; x_wconf 81' lang='grc' dir='ltr'><strong>τῷ</strong></span> <span class='ocrx_word' id='word_1_758' title='bbox 3570 4676 3733 4727; x_wconf 72' lang='grc' dir='ltr'>πνεύ-</span> 
     </span>
    </p>
   </div>
   <div class='ocr_carea' id='block_1_96' title="bbox 529 4762 2029 4851">
    <p class='ocr_par' dir='ltr' id='par_1_96' title="bbox 529 4762 2029 4838">
     <span class='ocr_line' id='line_1_96' title="bbox 529 4762 2029 4838; baseline 0.001 -15"><span class='ocrx_word' id='word_1_759' title='bbox 529 4771 574 4803; x_wconf 83' lang='grc'><strong><em>³⁴³</em></strong></span> <span class='ocrx_word' id='word_1_760' title='bbox 611 4762 649 4825; x_wconf 90' lang='lat' dir='ltr'><strong>ll</strong></span> <span class='ocrx_word' id='word_1_761' title='bbox 679 4772 805 4825; x_wconf 80' lang='lat' dir='ltr'><strong>Cor.</strong></span> <span class='ocrx_word' id='word_1_762' title='bbox 835 4786 895 4833; x_wconf 84' lang='lat' dir='ltr'><strong>tt,</strong></span> <span class='ocrx_word' id='word_1_763' title='bbox 936 4771 1018 4837; x_wconf 77' lang='lat'><strong>15,</strong></span> <span class='ocrx_word' id='word_1_764' title='bbox 1048 4771 1131 4825; x_wconf 82' lang='grc'><strong>16.</strong></span> <span class='ocrx_word' id='word_1_765' title='bbox 1210 4771 1252 4801; x_wconf 86' lang='grc'><strong>³¹</strong></span> <span class='ocrx_word' id='word_1_766' title='bbox 1286 4771 1475 4826; x_wconf 82' lang='lat' dir='ltr'><strong>Matth.</strong></span> <span class='ocrx_word' id='word_1_767' title='bbox 1505 4772 1766 4838; x_wconf 62' lang='grc' dir='ltr'>κκν1,1ἱ’›.</span> <span class='ocrx_word' id='word_1_768' title='bbox 1842 4772 1887 4804; x_wconf 82' lang='grc'><strong>³²</strong></span> <span class='ocrx_word' id='word_1_769' title='bbox 1920 4769 2029 4826; x_wconf 81' lang='lat' dir='ltr'><strong>Joat</strong></span> 
     </span>
    </p>
   </div>
   <div class='ocr_carea' id='block_1_97' title="bbox 2137 4762 3726 4851">
    <p class='ocr_par' dir='ltr' id='par_1_97' title="bbox 2146 4774 3726 4851">
     <span class='ocr_line' id='line_1_97' title="bbox 2146 4774 3726 4851; baseline 0.011 -23"><span class='ocrx_word' id='word_1_770' title='bbox 2146 4789 2182 4839; x_wconf 92' lang='lat' dir='ltr'><strong>I,</strong></span> <span class='ocrx_word' id='word_1_771' title='bbox 2216 4774 2303 4830; x_wconf 80' lang='grc'><strong>65.</strong></span> <span class='ocrx_word' id='word_1_772' title='bbox 2383 4776 2427 4807; x_wconf 89' lang='grc'>³³</span> <span class='ocrx_word' id='word_1_773' title='bbox 2457 4776 2646 4832; x_wconf 80' lang='lat' dir='ltr'><strong>Matth.</strong></span> <span class='ocrx_word' id='word_1_774' title='bbox 2675 4795 2749 4846; x_wconf 82' lang='lat' dir='ltr'><strong>Ix,</strong></span> <span class='ocrx_word' id='word_1_775' title='bbox 2783 4781 2873 4837; x_wconf 70' lang='grc'>20.</span> <span class='ocrx_word' id='word_1_776' title='bbox 2950 4782 2996 4815; x_wconf 67' lang='grc'><strong>³⁸</strong></span> <span class='ocrx_word' id='word_1_777' title='bbox 3025 4783 3212 4838; x_wconf 82' lang='lat' dir='ltr'><strong>Matth.</strong></span> <span class='ocrx_word' id='word_1_778' title='bbox 3237 4801 3323 4851; x_wconf 77' lang='lat' dir='ltr'><strong>xv,</strong></span> <span class='ocrx_word' id='word_1_779' title='bbox 3348 4786 3438 4839; x_wconf 69' lang='grc'><strong>23.</strong></span> <span class='ocrx_word' id='word_1_780' title='bbox 3517 4788 3562 4819; x_wconf 83' lang='grc'><strong><em>³⁵</em></strong></span> <span class='ocrx_word' id='word_1_781' title='bbox 3597 4790 3726 4845; x_wconf 88' lang='lat' dir='ltr'><strong>ibid.</strong></span> 
     </span>
    </p>
   </div>
   <div class='ocr_carea' id='block_1_98' title="bbox 455 4844 526 4899">
    <p class='ocr_par' dir='ltr' id='par_1_98' title="bbox 455 4844 526 4899">
     <span class='ocr_line' id='line_1_98' title="bbox 455 4844 526 4899; baseline -0.028 0"><span class='ocrx_word' id='word_1_782' title='bbox 455 4844 526 4899; x_wconf 74' lang='grc'><strong>26</strong></span> 
     </span>
    </p>
   </div>
   <div class='ocr_carea' id='block_1_99' title="bbox 529 4931 2022 5003">
    <p class='ocr_par' dir='ltr' id='par_1_99' title="bbox 529 4931 2022 5003">
     <span class='ocr_line' id='line_1_99' title="bbox 529 4931 2022 5003; baseline 0.001 -17"><span class='ocrx_word' id='word_1_783' title='bbox 529 4931 642 5003; x_wconf 81' lang='grc'><strong>(56)</strong></span> <span class='ocrx_word' id='word_1_784' title='bbox 673 4932 951 5001; x_wconf 80' lang='lat' dir='ltr'><strong>Pracposit.</strong></span> <span class='ocrx_word' id='word_1_785' title='bbox 1001 4936 1067 4989; x_wconf 84' lang='grc' dir='ltr'>ὲκ</span> <span class='ocrx_word' id='word_1_786' title='bbox 1105 4937 1256 4990; x_wconf 86' lang='lat' dir='ltr'><strong>abest</strong></span> <span class='ocrx_word' id='word_1_787' title='bbox 1286 4950 1315 4988; x_wconf 90' lang='lat' dir='ltr'><strong>a</strong></span> <span class='ocrx_word' id='word_1_788' title='bbox 1354 4932 1417 4988; x_wconf 84' lang='lat' dir='ltr'><strong>N.</strong></span> <span class='ocrx_word' id='word_1_789' title='bbox 1451 4932 1514 4986; x_wconf 85' lang='grc' dir='ltr'>Τ.</span> <span class='ocrx_word' id='word_1_790' title='bbox 1550 4933 1689 5003; x_wconf 81' lang='lat' dir='ltr'><strong>typis</strong></span> <span class='ocrx_word' id='word_1_791' title='bbox 1734 4931 2022 5000; x_wconf 84' lang='lat' dir='ltr'><strong>impresso.</strong></span> 
     </span>
    </p>
   </div>
   <div class='ocr_carea' id='block_1_100' title="bbox 458 5003 2024 5073">
    <p class='ocr_par' dir='ltr' id='par_1_100' title="bbox 458 5003 2024 5073">
     <span class='ocr_line' id='line_1_100' title="bbox 458 5003 2024 5073; baseline -0.001 -15"><span class='ocrx_word' id='word_1_792' title='bbox 458 5003 589 5058; x_wconf 80' lang='lat' dir='ltr'><strong>Enni</strong></span> <span class='ocrx_word' id='word_1_793' title='bbox 632 5017 811 5056; x_wconf 61' lang='lat' dir='ltr'><strong>tamen</strong></span> <span class='ocrx_word' id='word_1_794' title='bbox 861 5009 1103 5073; x_wconf 74' lang='lat' dir='ltr'><strong>agnoscit</strong></span> <span class='ocrx_word' id='word_1_795' title='bbox 1141 5019 1297 5059; x_wconf 81' lang='lat' dir='ltr'><strong>vetus</strong></span> <span class='ocrx_word' id='word_1_796' title='bbox 1348 5006 1633 5071; x_wconf 73' lang='lat' dir='ltr'><strong>interpres,</strong></span> <span class='ocrx_word' id='word_1_797' title='bbox 1682 5006 1773 5071; x_wconf 90' lang='lat' dir='ltr'><strong>qui</strong></span> <span class='ocrx_word' id='word_1_798' title='bbox 1818 5016 2024 5057; x_wconf 72' lang='lat' dir='ltr'><strong>vertit:</strong></span> 
     </span>
    </p>
   </div>
   <div class='ocr_carea' id='block_1_101' title="bbox 464 5073 2032 5143">
    <p class='ocr_par' dir='ltr' id='par_1_101' title="bbox 464 5073 2032 5143">
     <span class='ocr_line' id='line_1_101' title="bbox 464 5073 2032 5143; baseline 0.002 -18"><span class='ocrx_word' id='word_1_799' title='bbox 464 5093 483 5125; x_wconf 72' lang='grc' dir='ltr'><strong>ι</strong></span> <span class='ocrx_word' id='word_1_800' title='bbox 508 5074 630 5125; x_wconf 71' lang='lat' dir='ltr'><strong>aliis</strong></span> <span class='ocrx_word' id='word_1_801' title='bbox 663 5075 880 5143; x_wconf 88' lang='lat' dir='ltr'><strong>quidem</strong></span> <span class='ocrx_word' id='word_1_802' title='bbox 911 5079 1045 5128; x_wconf 88' lang='lat' dir='ltr'><strong>odor</strong></span> <span class='ocrx_word' id='word_1_803' title='bbox 1078 5079 1142 5129; x_wconf 91' lang='lat' dir='ltr'><strong>de</strong></span> <span class='ocrx_word' id='word_1_804' title='bbox 1192 5085 1365 5129; x_wconf 88' lang='lat' dir='ltr'><strong>morte</strong></span> <span class='ocrx_word' id='word_1_805' title='bbox 1392 5077 1456 5126; x_wconf 87' lang='lat' dir='ltr'><strong>ad</strong></span> <span class='ocrx_word' id='word_1_806' title='bbox 1494 5087 1745 5139; x_wconf 90' lang='lat' dir='ltr'><strong>mortem,</strong></span> <span class='ocrx_word' id='word_1_807' title='bbox 1780 5073 1902 5129; x_wconf 86' lang='lat' dir='ltr'><strong>aliis</strong></span> <span class='ocrx_word' id='word_1_808' title='bbox 1933 5091 2032 5130; x_wconf 92' lang='lat' dir='ltr'><strong>au-</strong></span> 
     </span>
    </p>
   </div>
   <div class='ocr_carea' id='block_1_102' title="bbox 460 5147 1311 5200">
    <p class='ocr_par' dir='ltr' id='par_1_102' title="bbox 460 5147 1311 5200">
     <span class='ocr_line' id='line_1_102' title="bbox 460 5147 1311 5200; baseline -0.002 -2"><span class='ocrx_word' id='word_1_809' title='bbox 460 5154 565 5198; x_wconf 88' lang='lat' dir='ltr'><strong>tetn</strong></span> <span class='ocrx_word' id='word_1_810' title='bbox 601 5147 733 5195; x_wconf 86' lang='lat' dir='ltr'><strong>odor</strong></span> <span class='ocrx_word' id='word_1_811' title='bbox 757 5148 822 5198; x_wconf 92' lang='lat' dir='ltr'><strong>de</strong></span> <span class='ocrx_word' id='word_1_812' title='bbox 851 5147 955 5197; x_wconf 80' lang='lat' dir='ltr'><strong>vita</strong></span> <span class='ocrx_word' id='word_1_813' title='bbox 989 5148 1053 5199; x_wconf 88' lang='lat' dir='ltr'><strong>ad</strong></span> <span class='ocrx_word' id='word_1_814' title='bbox 1084 5147 1265 5200; x_wconf 81' lang='lat' dir='ltr'><strong>vitam.</strong></span> <span class='ocrx_word' id='word_1_815' title='bbox 1292 5165 1311 5196; x_wconf 78' lang='grc' dir='ltr'><strong>ο</strong></span> 
     </span>
    </p>
   </div>
   <div class='ocr_carea' id='block_1_103' title="bbox 531 5214 1292 5286">
    <p class='ocr_par' dir='ltr' id='par_1_103' title="bbox 531 5214 1292 5286">
     <span class='ocr_line' id='line_1_103' title="bbox 531 5214 1292 5286; baseline 0.001 -19"><span class='ocrx_word' id='word_1_816' title='bbox 531 5216 643 5284; x_wconf 83' lang='grc'><strong>(57)</strong></span> <span class='ocrx_word' id='word_1_817' title='bbox 673 5214 813 5286; x_wconf 51' lang='grc' dir='ltr'><strong>ιαμ-ευ</strong></span> <span class='ocrx_word' id='word_1_818' title='bbox 845 5214 1292 5286; x_wconf 82' lang='grc' dir='ltr'>κατηξιωμένοις.</span> 
     </span>
    </p>
   </div>
   <div class='ocr_carea' id='block_1_104' title="bbox 531 5285 1677 5357">
    <p class='ocr_par' dir='ltr' id='par_1_104' title="bbox 531 5285 1677 5357">
     <span class='ocr_line' id='line_1_104' title="bbox 531 5285 1677 5357; baseline 0.002 -19"><span class='ocrx_word' id='word_1_819' title='bbox 531 5286 644 5357; x_wconf 71' lang='lat' dir='ltr'><strong>(b8)</strong></span> <span class='ocrx_word' id='word_1_820' title='bbox 671 5285 805 5357; x_wconf 71' lang='lat' dir='ltr'><strong>Male</strong></span> <span class='ocrx_word' id='word_1_821' title='bbox 841 5285 1116 5357; x_wconf 70' lang='lat' dir='ltr'><strong>Bai-berin.</strong></span> <span class='ocrx_word' id='word_1_822' title='bbox 1149 5296 1203 5339; x_wconf 82' lang='lat' dir='ltr'><strong>et</strong></span> <span class='ocrx_word' id='word_1_823' title='bbox 1230 5302 1381 5340; x_wconf 83' lang='lat' dir='ltr'><strong>uicus</strong></span> <span class='ocrx_word' id='word_1_824' title='bbox 1417 5286 1677 5357; x_wconf 86' lang='grc' dir='ltr'>σιμαίνει.</span> 
     </span>
    </p>
   </div>
   <div class='ocr_carea' id='block_1_105' title="bbox 534 5355 2037 5425">
    <p class='ocr_par' dir='ltr' id='par_1_105' title="bbox 534 5355 2037 5425">
     <span class='ocr_line' id='line_1_105' title="bbox 534 5355 2037 5425; baseline 0.002 -16"><span class='ocrx_word' id='word_1_825' title='bbox 534 5355 647 5425; x_wconf 80' lang='grc'><strong>(59)</strong></span> <span class='ocrx_word' id='word_1_826' title='bbox 682 5355 901 5425; x_wconf 76' lang='grc' dir='ltr'>Ὄνομα</span> <span class='ocrx_word' id='word_1_827' title='bbox 932 5355 1121 5425; x_wconf 78' lang='grc' dir='ltr'>ἔσχεν</span> <span class='ocrx_word' id='word_1_828' title='bbox 1164 5355 1573 5425; x_wconf 55' lang='lat' dir='ltr'><strong>lot&#39;utioproba:</strong></span> <span class='ocrx_word' id='word_1_829' title='bbox 1601 5369 1757 5413; x_wconf 68' lang='lat' dir='ltr'><strong>notae.</strong></span> <span class='ocrx_word' id='word_1_830' title='bbox 1797 5357 1948 5413; x_wconf 89' lang='lat' dir='ltr'><strong>Plato</strong></span> <span class='ocrx_word' id='word_1_831' title='bbox 1986 5358 2037 5412; x_wconf 89' lang='lat' dir='ltr'><strong>in</strong></span> 
     </span>
    </p>
   </div>
   <div class='ocr_carea' id='block_1_106' title="bbox 464 5423 2035 5500">
    <p class='ocr_par' dir='ltr' id='par_1_106' title="bbox 464 5423 2035 5500">
     <span class='ocr_line' id='line_1_106' title="bbox 464 5423 2035 5500; baseline 0.001 -20"><span class='ocrx_word' id='word_1_832' title='bbox 464 5423 660 5494; x_wconf 72' lang='lat' dir='ltr'><strong>Hippia</strong></span> <span class='ocrx_word' id='word_1_833' title='bbox 698 5423 854 5500; x_wconf 61' lang='grc' dir='ltr'>Παλ..</span> <span class='ocrx_word' id='word_1_834' title='bbox 889 5423 1124 5495; x_wconf 70' lang='lat' dir='ltr'><strong>pag.95,</strong></span> <span class='ocrx_word' id='word_1_835' title='bbox 1156 5427 1325 5496; x_wconf 79' lang='grc' dir='ltr'>ΐ.,ἀφ’</span> <span class='ocrx_word' id='word_1_836' title='bbox 1352 5423 1428 5480; x_wconf 82' lang='grc' dir='ltr'>ὧν</span> <span class='ocrx_word' id='word_1_837' title='bbox 1458 5427 1519 5481; x_wconf 81' lang='grc' dir='ltr'><strong>τὸ</strong></span> <span class='ocrx_word' id='word_1_838' title='bbox 1539 5427 1709 5498; x_wconf 81' lang='grc' dir='ltr'>ὄνομα</span> <span class='ocrx_word' id='word_1_839' title='bbox 1750 5429 1895 5500; x_wconf 74' lang='grc' dir='ltr'>ἔσχε,</span> <span class='ocrx_word' id='word_1_840' title='bbox 1929 5447 1947 5479; x_wconf 81' lang='grc' dir='ltr'><strong>ι</strong></span> <span class='ocrx_word' id='word_1_841' title='bbox 1972 5443 2035 5500; x_wconf 58' lang='lat' dir='ltr'><strong>es</strong></span> 
     </span>
    </p>
   </div>
   <div class='ocr_carea' id='block_1_107' title="bbox 463 5497 2040 5566">
    <p class='ocr_par' dir='ltr' id='par_1_107' title="bbox 463 5497 2040 5566">
     <span class='ocr_line' id='line_1_107' title="bbox 463 5497 2040 5566; baseline 0.002 -18"><span class='ocrx_word' id='word_1_842' title='bbox 463 5500 658 5565; x_wconf 82' lang='lat' dir='ltr'><strong>quibus</strong></span> <span class='ocrx_word' id='word_1_843' title='bbox 686 5499 907 5564; x_wconf 74' lang='lat' dir='ltr'><strong>gloriam</strong></span> <span class='ocrx_word' id='word_1_844' title='bbox 933 5501 1157 5566; x_wconf 84' lang='lat' dir='ltr'><strong>adeptus</strong></span> <span class='ocrx_word' id='word_1_845' title='bbox 1185 5510 1290 5553; x_wconf 79' lang='lat' dir='ltr'><strong>est.</strong></span> <span class='ocrx_word' id='word_1_846' title='bbox 1319 5518 1336 5548; x_wconf 71' lang='grc' dir='ltr'><strong>ι</strong></span> <span class='ocrx_word' id='word_1_847' title='bbox 1378 5500 1500 5551; x_wconf 67' lang='lat' dir='ltr'><strong>llaec</strong></span> <span class='ocrx_word' id='word_1_848' title='bbox 1530 5497 1659 5552; x_wconf 81' lang='lat' dir='ltr'><strong>vero</strong></span> <span class='ocrx_word' id='word_1_849' title='bbox 1685 5519 1696 5553; x_wconf 92' lang='lat'>:</span> <span class='ocrx_word' id='word_1_850' title='bbox 1727 5497 1949 5553; x_wconf 72' lang='grc' dir='ltr'>κάκἐῖνο</span> <span class='ocrx_word' id='word_1_851' title='bbox 1979 5497 2040 5551; x_wconf 83' lang='grc' dir='ltr'>τὸ</span> 
     </span>
    </p>
   </div>
   <div class='ocr_carea' id='block_1_108' title="bbox 466 5567 2041 5640">
    <p class='ocr_par' dir='ltr' id='par_1_108' title="bbox 466 5567 2041 5640">
     <span class='ocr_line' id='line_1_108' title="bbox 466 5567 2041 5640; baseline 0.003 -21"><span class='ocrx_word' id='word_1_852' title='bbox 466 5567 636 5637; x_wconf 86' lang='grc' dir='ltr'>μύρον</span> <span class='ocrx_word' id='word_1_853' title='bbox 677 5570 797 5620; x_wconf 84' lang='grc' dir='ltr'>ὲκκ.</span> <span class='ocrx_word' id='word_1_854' title='bbox 842 5567 1013 5639; x_wconf 74' lang='grc' dir='ltr'>ὄνομα</span> <span class='ocrx_word' id='word_1_855' title='bbox 1060 5567 1237 5638; x_wconf 75' lang='grc' dir='ltr'>ἔσχεν,</span> <span class='ocrx_word' id='word_1_856' title='bbox 1277 5567 1351 5632; x_wconf 82' lang='grc' dir='ltr'>ὡς</span> <span class='ocrx_word' id='word_1_857' title='bbox 1383 5570 1411 5621; x_wconf 86' lang='grc' dir='ltr'>ὁ</span> <span class='ocrx_word' id='word_1_858' title='bbox 1453 5567 1655 5640; x_wconf 76' lang='grc' dir='ltr'>Κύριος</span> <span class='ocrx_word' id='word_1_859' title='bbox 1700 5570 1906 5638; x_wconf 75' lang='grc' dir='ltr'>ἔλεγεν,</span> <span class='ocrx_word' id='word_1_860' title='bbox 1946 5572 2041 5623; x_wconf 81' lang='lat' dir='ltr'><strong>ah-&#39;</strong></span> 
     </span>
    </p>
   </div>
   <div class='ocr_carea' id='block_1_109' title="bbox 464 5640 2037 5708">
    <p class='ocr_par' dir='ltr' id='par_1_109' title="bbox 464 5640 2037 5708">
     <span class='ocr_line' id='line_1_109' title="bbox 464 5640 2037 5708; baseline 0.002 -17"><span class='ocrx_word' id='word_1_861' title='bbox 464 5649 593 5691; x_wconf 82' lang='lat' dir='ltr'><strong>sunt</strong></span> <span class='ocrx_word' id='word_1_862' title='bbox 619 5655 646 5689; x_wconf 87' lang='lat' dir='ltr'><strong>a</strong></span> <span class='ocrx_word' id='word_1_863' title='bbox 679 5641 843 5693; x_wconf 80' lang='lat' dir='ltr'><strong>veteri</strong></span> <span class='ocrx_word' id='word_1_864' title='bbox 878 5640 1345 5708; x_wconf 86' lang='lat' dir='ltr'><strong>interpretatione,</strong></span> <span class='ocrx_word' id='word_1_865' title='bbox 1371 5655 1489 5707; x_wconf 72' lang='lat' dir='ltr'><strong>qua:</strong></span> <span class='ocrx_word' id='word_1_866' title='bbox 1528 5651 1706 5694; x_wconf 88' lang='lat' dir='ltr'><strong>tamen</strong></span> <span class='ocrx_word' id='word_1_867' title='bbox 1733 5643 2037 5695; x_wconf 88' lang='lat' dir='ltr'><strong>necessaria</strong></span> 
     </span>
    </p>
   </div>
   <div class='ocr_carea' id='block_1_110' title="bbox 465 5710 2040 5778">
    <p class='ocr_par' dir='ltr' id='par_1_110' title="bbox 465 5710 2040 5778">
     <span class='ocr_line' id='line_1_110' title="bbox 465 5710 2040 5778; baseline 0.002 -16"><span class='ocrx_word' id='word_1_868' title='bbox 465 5716 611 5762; x_wconf 87' lang='lat' dir='ltr'><strong>sunt.</strong></span> <span class='ocrx_word' id='word_1_869' title='bbox 655 5710 709 5762; x_wconf 75' lang='lat' dir='ltr'><strong>Si</strong></span> <span class='ocrx_word' id='word_1_870' title='bbox 735 5710 878 5762; x_wconf 87' lang='lat' dir='ltr'><strong>cnim</strong></span> <span class='ocrx_word' id='word_1_871' title='bbox 905 5712 1100 5774; x_wconf 84' lang='lat' dir='ltr'><strong>desint,</strong></span> <span class='ocrx_word' id='word_1_872' title='bbox 1140 5712 1411 5778; x_wconf 91' lang='lat' dir='ltr'><strong>quomodo</strong></span> <span class='ocrx_word' id='word_1_873' title='bbox 1457 5711 1782 5770; x_wconf 71' lang='lat' dir='ltr'><strong>colitereanl,</strong></span> <span class='ocrx_word' id='word_1_874' title='bbox 1812 5725 1931 5777; x_wconf 67' lang='lat' dir='ltr'><strong>quae</strong></span> <span class='ocrx_word' id='word_1_875' title='bbox 1953 5725 2040 5765; x_wconf 83' lang='lat' dir='ltr'><strong>sc-</strong></span> 
     </span>
    </p>
   </div>
   <div class='ocr_carea' id='block_1_111' title="bbox 474 5778 1861 5850">
    <p class='ocr_par' dir='ltr' id='par_1_111' title="bbox 474 5778 1861 5850">
     <span class='ocr_line' id='line_1_111' title="bbox 474 5778 1861 5850; baseline 0.002 -19"><span class='ocrx_word' id='word_1_876' title='bbox 474 5778 742 5849; x_wconf 81' lang='lat' dir='ltr'><strong>quuntur?</strong></span> <span class='ocrx_word' id='word_1_877' title='bbox 776 5799 794 5831; x_wconf 76' lang='grc' dir='ltr'><strong>ι</strong></span> <span class='ocrx_word' id='word_1_878' title='bbox 818 5780 924 5837; x_wconf 85' lang='lat' dir='ltr'><strong>llos</strong></span> <span class='ocrx_word' id='word_1_879' title='bbox 952 5782 1086 5837; x_wconf 90' lang='lat' dir='ltr'><strong>duos</strong></span> <span class='ocrx_word' id='word_1_880' title='bbox 1118 5780 1433 5850; x_wconf 78' lang='lat' dir='ltr'><strong>allegoricos</strong></span> <span class='ocrx_word' id='word_1_881' title='bbox 1468 5793 1679 5846; x_wconf 70' lang='lat' dir='ltr'><strong>sensus,</strong></span> <span class='ocrx_word' id='word_1_882' title='bbox 1709 5799 1726 5831; x_wconf 70' lang='grc' dir='ltr'><strong>ι</strong></span> <span class='ocrx_word' id='word_1_883' title='bbox 1757 5790 1861 5835; x_wconf 89' lang='lat' dir='ltr'><strong>etc.</strong></span> 
     </span>
    </p>
   </div>
   <div class='ocr_carea' id='block_1_112' title="bbox 2206 4936 3731 5007">
    <p class='ocr_par' dir='ltr' id='par_1_112' title="bbox 2206 4936 3731 5007">
     <span class='ocr_line' id='line_1_112' title="bbox 2206 4936 3731 5007; baseline 0.007 -17"><span class='ocrx_word' id='word_1_884' title='bbox 2206 4936 2321 5007; x_wconf 88' lang='lat'><strong>(60)</strong></span> <span class='ocrx_word' id='word_1_885' title='bbox 2348 4937 2571 4991; x_wconf 89' lang='lat' dir='ltr'><strong>Barbar.</strong></span> <span class='ocrx_word' id='word_1_886' title='bbox 2592 4947 2645 4992; x_wconf 91' lang='lat' dir='ltr'><strong>ct</strong></span> <span class='ocrx_word' id='word_1_887' title='bbox 2673 4955 2822 4994; x_wconf 91' lang='lat' dir='ltr'><strong>meus</strong></span> <span class='ocrx_word' id='word_1_888' title='bbox 2847 4956 3034 4996; x_wconf 83' lang='lat' dir='ltr'><strong>vocem</strong></span> <span class='ocrx_word' id='word_1_889' title='bbox 3063 4943 3212 4995; x_wconf 89' lang='lat' dir='ltr'><strong>nihili</strong></span> <span class='ocrx_word' id='word_1_890' title='bbox 3262 4944 3458 4997; x_wconf 87' lang='lat' dir='ltr'><strong>habent</strong></span> <span class='ocrx_word' id='word_1_891' title='bbox 3498 4960 3731 5000; x_wconf 81' lang='grc' dir='ltr'>πιστειο-</span> 
     </span>
    </p>
   </div>
   <div class='ocr_carea' id='block_1_113' title="bbox 2138 5008 3733 5080">
    <p class='ocr_par' dir='ltr' id='par_1_113' title="bbox 2138 5008 3733 5080">
     <span class='ocr_line' id='line_1_113' title="bbox 2138 5008 3733 5080; baseline 0.006 -21"><span class='ocrx_word' id='word_1_892' title='bbox 2138 5008 2439 5080; x_wconf 83' lang='grc' dir='ltr'>χρωτέραν,</span> <span class='ocrx_word' id='word_1_893' title='bbox 2474 5025 2635 5074; x_wconf 85' lang='lat' dir='ltr'><strong>quam</strong></span> <span class='ocrx_word' id='word_1_894' title='bbox 2660 5014 2937 5065; x_wconf 85' lang='lat' dir='ltr'><strong>emendavi</strong></span> <span class='ocrx_word' id='word_1_895' title='bbox 2970 5013 3019 5064; x_wconf 91' lang='lat' dir='ltr'><strong>in</strong></span> <span class='ocrx_word' id='word_1_896' title='bbox 3054 5023 3219 5067; x_wconf 82' lang='lat' dir='ltr'><strong>textu.</strong></span> <span class='ocrx_word' id='word_1_897' title='bbox 3249 5042 3320 5054; x_wconf 86' lang='lat'><strong>-—-</strong></span> <span class='ocrx_word' id='word_1_898' title='bbox 3347 5015 3492 5069; x_wconf 82' lang='lat' dir='ltr'><strong>Codd</strong></span> <span class='ocrx_word' id='word_1_899' title='bbox 3543 5016 3733 5069; x_wconf 88' lang='lat' dir='ltr'><strong>lectio-</strong></span> 
     </span>
    </p>
   </div>
   <div class='ocr_carea' id='block_1_114' title="bbox 2140 5081 3726 5156">
    <p class='ocr_par' dir='ltr' id='par_1_114' title="bbox 2140 5081 3726 5156">
     <span class='ocr_line' id='line_1_114' title="bbox 2140 5081 3726 5156; baseline 0.004 -23"><span class='ocrx_word' id='word_1_900' title='bbox 2140 5095 2267 5156; x_wconf 68' lang='lat' dir='ltr'><strong>nem</strong></span> <span class='ocrx_word' id='word_1_901' title='bbox 2287 5081 2598 5156; x_wconf 67' lang='lat' dir='ltr'><strong>retinuerim</strong></span> <span class='ocrx_word' id='word_1_902' title='bbox 2620 5082 2890 5156; x_wconf 79' lang='lat' dir='ltr'><strong>equidem,</strong></span> <span class='ocrx_word' id='word_1_903' title='bbox 2911 5082 3132 5151; x_wconf 87' lang='lat' dir='ltr'><strong>legendo</strong></span> <span class='ocrx_word' id='word_1_904' title='bbox 3156 5084 3336 5139; x_wconf 86' lang='grc' dir='ltr'>πίστει</span> <span class='ocrx_word' id='word_1_905' title='bbox 3360 5085 3726 5156; x_wconf 79' lang='grc' dir='ltr'>ὀχυρωτέραν.</span> 
     </span>
    </p>
   </div>
   <div class='ocr_carea' id='block_1_115' title="bbox 2215 5150 3731 5223">
    <p class='ocr_par' dir='ltr' id='par_1_115' title="bbox 2215 5150 3731 5223">
     <span class='ocr_line' id='line_1_115' title="bbox 2215 5150 3731 5223; baseline 0.005 -20"><span class='ocrx_word' id='word_1_906' title='bbox 2215 5150 2324 5219; x_wconf 86' lang='lat' dir='ltr'><strong>(6t)</strong></span> <span class='ocrx_word' id='word_1_907' title='bbox 2363 5150 2528 5223; x_wconf 64' lang='lat' dir='ltr'><strong>Vetus</strong></span> <span class='ocrx_word' id='word_1_908' title='bbox 2556 5154 2731 5203; x_wconf 73' lang='lat' dir='ltr'><strong>versio</strong></span> <span class='ocrx_word' id='word_1_909' title='bbox 2761 5152 2941 5216; x_wconf 86' lang='lat' dir='ltr'><strong>habet,</strong></span> <span class='ocrx_word' id='word_1_910' title='bbox 2970 5150 3245 5221; x_wconf 73' lang='lat' dir='ltr'><strong>sanguinis</strong></span> <span class='ocrx_word' id='word_1_911' title='bbox 3279 5150 3481 5222; x_wconf 71' lang='lat' dir='ltr'><strong>ﬂuxum</strong></span> <span class='ocrx_word' id='word_1_912' title='bbox 3523 5150 3731 5223; x_wconf 62' lang='lat' dir='ltr'><strong>repente</strong></span> 
     </span>
    </p>
   </div>
   <div class='ocr_carea' id='block_1_116' title="bbox 2143 5219 3728 5300">
    <p class='ocr_par' dir='ltr' id='par_1_116' title="bbox 2143 5219 3728 5300">
     <span class='ocr_line' id='line_1_116' title="bbox 2143 5219 3728 5300; baseline 0.006 -29"><span class='ocrx_word' id='word_1_913' title='bbox 2143 5219 2430 5300; x_wconf 67' lang='lat' dir='ltr'><strong>damnor-it.</strong></span> <span class='ocrx_word' id='word_1_914' title='bbox 2460 5222 2621 5273; x_wconf 79' lang='lat' dir='ltr'><strong>Error</strong></span> <span class='ocrx_word' id='word_1_915' title='bbox 2660 5223 3001 5286; x_wconf 75' lang='lat' dir='ltr'><strong>manifestus.</strong></span> <span class='ocrx_word' id='word_1_916' title='bbox 3037 5219 3348 5293; x_wconf 78' lang='lat' dir='ltr'><strong>Legendum</strong></span> <span class='ocrx_word' id='word_1_917' title='bbox 3378 5219 3728 5293; x_wconf 69' lang='lat' dir='ltr'><strong>crediderim,</strong></span> 
     </span>
    </p>
   </div>
   <div class='ocr_carea' id='block_1_117' title="bbox 2146 5300 2371 5343">
    <p class='ocr_par' dir='ltr' id='par_1_117' title="bbox 2146 5300 2371 5343">
     <span class='ocr_line' id='line_1_117' title="bbox 2146 5300 2371 5343; baseline 0 0"><span class='ocrx_word' id='word_1_918' title='bbox 2146 5300 2371 5343; x_wconf 75' lang='lat' dir='ltr'><strong>sanavu.</strong></span> 
     </span>
    </p>
   </div>
   <div class='ocr_carea' id='block_1_118' title="bbox 2220 5359 3370 5435">
    <p class='ocr_par' dir='ltr' id='par_1_118' title="bbox 2220 5359 3370 5435">
     <span class='ocr_line' id='line_1_118' title="bbox 2220 5359 3370 5435; baseline 0.006 -22"><span class='ocrx_word' id='word_1_919' title='bbox 2220 5359 2332 5435; x_wconf 51' lang='lat' dir='ltr'><strong>(li?)</strong></span> <span class='ocrx_word' id='word_1_920' title='bbox 2364 5359 2590 5435; x_wconf 84' lang='lat' dir='ltr'><strong>_Barbcr.</strong></span> <span class='ocrx_word' id='word_1_921' title='bbox 2626 5372 2681 5415; x_wconf 86' lang='lat' dir='ltr'><strong>et</strong></span> <span class='ocrx_word' id='word_1_922' title='bbox 2709 5377 2860 5418; x_wconf 89' lang='lat' dir='ltr'><strong>meus</strong></span> <span class='ocrx_word' id='word_1_923' title='bbox 2892 5362 3370 5435; x_wconf 82' lang='grc' dir='ltr'>Συροφοινήκισσα.</span> 
     </span>
    </p>
   </div>
   <div class='ocr_carea' id='block_1_119' title="bbox 2220 5431 3732 5504">
    <p class='ocr_par' dir='ltr' id='par_1_119' title="bbox 2220 5431 3732 5504">
     <span class='ocr_line' id='line_1_119' title="bbox 2220 5431 3732 5504; baseline 0.006 -21"><span class='ocrx_word' id='word_1_924' title='bbox 2220 5431 2332 5504; x_wconf 78' lang='grc'><strong>(65)</strong></span> <span class='ocrx_word' id='word_1_925' title='bbox 2363 5431 2557 5504; x_wconf 70' lang='lat' dir='ltr'><strong>Locus,</strong></span> <span class='ocrx_word' id='word_1_926' title='bbox 2580 5442 2637 5485; x_wconf 88' lang='lat' dir='ltr'><strong>tit</strong></span> <span class='ocrx_word' id='word_1_927' title='bbox 2666 5444 2906 5500; x_wconf 87' lang='lat' dir='ltr'><strong>apparet,</strong></span> <span class='ocrx_word' id='word_1_928' title='bbox 2938 5431 3244 5503; x_wconf 70' lang='lat' dir='ltr'><strong>corruptus.</strong></span> <span class='ocrx_word' id='word_1_929' title='bbox 3270 5436 3380 5504; x_wconf 72' lang='lat' dir='ltr'><strong>Ego</strong></span> <span class='ocrx_word' id='word_1_930' title='bbox 3399 5437 3451 5490; x_wconf 83' lang='lat' dir='ltr'><strong>in</strong></span> <span class='ocrx_word' id='word_1_931' title='bbox 3480 5437 3732 5492; x_wconf 80' lang='lat' dir='ltr'><strong>versione</strong></span> 
     </span>
    </p>
   </div>
   <div class='ocr_carea' id='block_1_120' title="bbox 2146 5501 3727 5571">
    <p class='ocr_par' dir='ltr' id='par_1_120' title="bbox 2146 5501 3727 5571">
     <span class='ocr_line' id='line_1_120' title="bbox 2146 5501 3727 5571; baseline 0.003 -15"><span class='ocrx_word' id='word_1_932' title='bbox 2146 5503 2336 5569; x_wconf 73' lang='lat' dir='ltr'><strong>soripsi</strong></span> <span class='ocrx_word' id='word_1_933' title='bbox 2382 5514 2439 5555; x_wconf 91' lang='lat' dir='ltr'><strong>ut</strong></span> <span class='ocrx_word' id='word_1_934' title='bbox 2484 5501 2801 5556; x_wconf 84' lang='lat' dir='ltr'><strong>Salutatns:</strong></span> <span class='ocrx_word' id='word_1_935' title='bbox 2841 5523 2859 5555; x_wconf 85' lang='lat' dir='ltr'><strong>t</strong></span> <span class='ocrx_word' id='word_1_936' title='bbox 2891 5501 3535 5561; x_wconf 54' lang='lat' dir='ltr'><strong>Atlolcscentnla&#39;adhuc</strong></span> <span class='ocrx_word' id='word_1_937' title='bbox 3599 5509 3727 5571; x_wconf 85' lang='lat' dir='ltr'><strong>lide,</strong></span> 
     </span>
    </p>
   </div>
   <div class='ocr_carea' id='block_1_121' title="bbox 2147 5573 3727 5640">
    <p class='ocr_par' dir='ltr' id='par_1_121' title="bbox 2147 5573 3727 5640">
     <span class='ocr_line' id='line_1_121' title="bbox 2147 5573 3727 5640; baseline 0.002 -15"><span class='ocrx_word' id='word_1_938' title='bbox 2147 5573 2400 5625; x_wconf 83' lang='lat' dir='ltr'><strong>innovata</strong></span> <span class='ocrx_word' id='word_1_939' title='bbox 2447 5581 2625 5626; x_wconf 88' lang='lat' dir='ltr'><strong>tamen</strong></span> <span class='ocrx_word' id='word_1_940' title='bbox 2677 5576 2866 5640; x_wconf 78' lang='lat' dir='ltr'><strong>Spiritu</strong></span> <span class='ocrx_word' id='word_1_941' title='bbox 2898 5585 2950 5626; x_wconf 81' lang='lat' dir='ltr'><strong>et</strong></span> <span class='ocrx_word' id='word_1_942' title='bbox 2984 5577 3106 5631; x_wconf 88' lang='lat' dir='ltr'><strong>tide.</strong></span> <span class='ocrx_word' id='word_1_943' title='bbox 3136 5594 3154 5627; x_wconf 73' lang='grc' dir='ltr'><strong>ι</strong></span> <span class='ocrx_word' id='word_1_944' title='bbox 3196 5577 3349 5631; x_wconf 89' lang='lat' dir='ltr'><strong>Unde</strong></span> <span class='ocrx_word' id='word_1_945' title='bbox 3386 5579 3593 5632; x_wconf 81' lang='lat' dir='ltr'><strong>videtur</strong></span> <span class='ocrx_word' id='word_1_946' title='bbox 3635 5579 3727 5630; x_wconf 54' lang='lat' dir='ltr'><strong>lia.</strong></span> 
     </span>
    </p>
   </div>
   <div class='ocr_carea' id='block_1_122' title="bbox 2147 5641 3731 5715">
    <p class='ocr_par' dir='ltr' id='par_1_122' title="bbox 2147 5641 3731 5715">
     <span class='ocr_line' id='line_1_122' title="bbox 2147 5641 3731 5715; baseline 0.002 -18"><span class='ocrx_word' id='word_1_947' title='bbox 2147 5642 2338 5715; x_wconf 85' lang='lat' dir='ltr'><strong>huisse_</strong></span> <span class='ocrx_word' id='word_1_948' title='bbox 2373 5641 2588 5715; x_wconf 72' lang='lat' dir='ltr'><strong>in__suo</strong></span> <span class='ocrx_word' id='word_1_949' title='bbox 2619 5645 2817 5715; x_wconf 58' lang='lat' dir='ltr'><strong>codice</strong></span> <span class='ocrx_word' id='word_1_950' title='bbox 2839 5658 2853 5696; x_wconf 89' lang='lat'><strong>:</strong></span> <span class='ocrx_word' id='word_1_951' title='bbox 2879 5643 3068 5715; x_wconf 79' lang='grc' dir='ltr'>Πίστει</span> <span class='ocrx_word' id='word_1_952' title='bbox 3119 5645 3216 5715; x_wconf 84' lang='grc' dir='ltr'><strong>μὲν</strong></span> <span class='ocrx_word' id='word_1_953' title='bbox 3244 5646 3326 5698; x_wconf 72' lang='grc' dir='ltr'>ἔτι</span> <span class='ocrx_word' id='word_1_954' title='bbox 3363 5648 3562 5711; x_wconf 84' lang='grc' dir='ltr'>νεᾶνις,</span> <span class='ocrx_word' id='word_1_955' title='bbox 3597 5648 3731 5700; x_wconf 81' lang='grc' dir='ltr'>ἀνα-</span> 
     </span>
    </p>
   </div>
   <div class='ocr_carea' id='block_1_123' title="bbox 2083 5709 3735 5788">
    <p class='ocr_par' dir='ltr' id='par_1_123' title="bbox 2083 5709 3735 5788">
     <span class='ocr_line' id='line_1_123' title="bbox 2083 5709 3735 5788; baseline 0.007 -25"><span class='ocrx_word' id='word_1_956' title='bbox 2083 5770 2091 5777; x_wconf 48' lang='grc'><strong>,</strong></span> <span class='ocrx_word' id='word_1_957' title='bbox 2146 5710 2409 5788; x_wconf 59' lang='grc' dir='ltr'>νεωμένη</span> <span class='ocrx_word' id='word_1_958' title='bbox 2430 5711 2486 5788; x_wconf 60' lang='lat' dir='ltr'><strong>gs</strong></span> <span class='ocrx_word' id='word_1_959' title='bbox 2512 5709 2598 5788; x_wconf 43' lang='lat' dir='ltr'><strong>eo</strong></span> <span class='ocrx_word' id='word_1_960' title='bbox 2618 5711 2899 5788; x_wconf 69' lang='grc' dir='ltr'>Πνεύματι</span> <span class='ocrx_word' id='word_1_961' title='bbox 2939 5714 3035 5768; x_wconf 82' lang='grc' dir='ltr'>καὶ</span> <span class='ocrx_word' id='word_1_962' title='bbox 3066 5709 3131 5785; x_wconf 74' lang='grc' dir='ltr'>τῇ</span> <span class='ocrx_word' id='word_1_963' title='bbox 3162 5716 3343 5769; x_wconf 85' lang='grc' dir='ltr'>πίστει</span> <span class='ocrx_word' id='word_1_964' title='bbox 3369 5735 3380 5749; x_wconf 93' lang='grc'><strong>·</strong></span> <span class='ocrx_word' id='word_1_965' title='bbox 3410 5727 3491 5774; x_wconf 83' lang='lat' dir='ltr'><strong>est</strong></span> <span class='ocrx_word' id='word_1_966' title='bbox 3519 5709 3735 5788; x_wconf 79' lang='lat' dir='ltr'><strong>phrasis</strong></span> 
     </span>
    </p>
   </div>
   <div class='ocr_carea' id='block_1_124' title="bbox 2150 5768 2861 5851">
    <p class='ocr_par' dir='ltr' id='par_1_124' title="bbox 2150 5768 2861 5851">
     <span class='ocr_line' id='line_1_124' title="bbox 2150 5768 2861 5851; baseline 0.004 -16"><span class='ocrx_word' id='word_1_967' title='bbox 2150 5768 2409 5848; x_wconf 48' lang='lat' dir='ltr'><strong>Paulina;</strong></span> <span class='ocrx_word' id='word_1_968' title='bbox 2430 5768 2639 5850; x_wconf 44' lang='lat' dir='ltr'><strong>Ephes.</strong></span> <span class='ocrx_word' id='word_1_969' title='bbox 2659 5796 2733 5851; x_wconf 87' lang='lat' dir='ltr'><strong>tv,</strong></span> <span class='ocrx_word' id='word_1_970' title='bbox 2768 5768 2861 5837; x_wconf 61' lang='grc' dir='ltr'><strong>ΞΖ».</strong></span> 
     </span>
    </p>
   </div>
  </div>
