4038 6134
421 233 500 289 45
1542 223 1865 280 PHILONIS
1900 223 2210 282 EPISCOPI
2249 221 2570 279 CARPASII
3601 219 3672 274 44

427 346 692 404 thesauri.
760 340 1013 397 Calestis
1063 338 1207 412 regis
1277 343 1705 410 promptuarium
1759 341 1998 396 ostendit

2112 341 2166 394 ιὰ
2192 339 2628 410 θησαυρίσματα.
2666 336 2771 390 Τοῦ
2800 337 2857 391 δὲ
2892 336 3007 408 (75)
3041 337 3362 408 ἐπουρανίου
3408 335 3671 417 βασιλέως

429 445 608 516 primo
653 453 773 495 esse
816 449 1032 506 corpus,
1084 435 1137 489 in
1187 447 1296 503 quo
1340 434 1454 503 ipse
1518 451 1538 484 ι
1568 434 1854 489 aediﬁcavit
1895 432 1998 487 sibi

2112 435 2322 502 ταμεῖον
2371 431 2526 499 δῆλον
2568 431 2650 482 ὅτι
2690 429 2905 499 πρῶτον
2948 431 3044 500 μὲν
3080 429 3140 482 τὸ
3190 429 3378 500 σῶμα,
3423 449 3458 510 ι-
3559 431 3672 501 (74)

430 535 648 590 domum
703 528 789 582 ⁸ος
823 547 842 580 ι
897 526 1091 584 deinde
1149 525 1409 581 ccelorum
1470 540 1719 598 regnum.
1775 525 2000 592 Quando

429 627 594 696 igitur
651 620 903 676 Salvator
947 619 1127 673 dicit:
1169 635 1187 668 ι
1217 616 1367 674 Beati
1423 617 1514 686 qui
1565 617 1996 687 persecutionem

433 717 712 787 ptiuntur
757 720 978 783 propter
1006 710 1292 777 justitiam,
1331 708 1586 777 quoniam
1632 709 1868 778 ipsorum
1918 715 2002 762 est

432 821 656 877 regnum
689 805 949 862 caelorum
974 803 1056 869 M;
1088 821 1107 854 ι
1146 801 1339 856 merito
1361 810 1414 856 et
1442 797 1996 868 consequenter'prae-

434 901 574 956 dicta
613 905 699 952 est
741 911 804 951 ea
838 910 940 949 vox
974 894 1070 949 :hi
1101 891 1244 946 enim
1289 892 1630 946 intraverunt
1673 890 1727 944 in
1773 904 1998 958 regnum

437 989 718 1044 «telorum.
751 985 1014 1053 Quoniam
1036 997 1166 1038 vero
1190 990 1246 1036 et
1273 982 1370 1053 ipsi
1399 981 1829 1052 persecutionem
1857 979 1998 1048 passi

441 1086 569 1132 sunt
615 1083 836 1147 propter
861 1072 1159 1145 justitiam,
1213 1079 1495 1140 propterea
1539 1079 1594 1124 et
1637 1069 1910 1124 exsultant
1946 1067 2001 1122 in

434 1168 551 1231 illo,
578 1179 632 1222 et
659 1167 910 1221 laetantur
933 1164 1170 1218 dicentes
1196 1178 1210 1214 :
1245 1178 1264 1211 ι
1288 1158 1712 1223 Exsultabimus,
1764 1165 1817 1210 et
1855 1157 2002 1212 laeta-

436 1258 620 1312 bimur
687 1257 741 1310 in
805 1266 924 1310 te.)
993 1252 1250 1307 Videntes
1307 1261 1630 1305 mlernarum
1699 1250 2001 1318 nuptiarum

435 1347 704 1410 laetitiam;
784 1343 1028 1397 videntes
1106 1356 1225 1411 qua:
1297 1349 1596 1408 praeparata
1665 1349 1792 1394 sunt
1877 1349 2002 1392 ante

434 1437 618 1491 mundi
668 1432 1141 1497 constitutionem,
1185 1440 1240 1486 et
1289 1440 1570 1485 narrantes
1619 1429 2003 1500 promissione:

434 1529 620 1584 dicunt
654 1543 668 1578 :

505 1615 616 1672 ιιι.
653 1616 942 1688 Diligemut
966 1614 1124 1669 ubera
1154 1622 1244 1667 tua
1272 1628 1426 1680 super
1451 1612 1649 1666 vinum.

505 1709 563 1764 ld
587 1717 672 1764 est
704 1725 719 1762 :
757 1707 1049 1776 Diligemus
1077 1705 1182 1759 duo
1215 1703 1584 1765 Testamenta:
1619 1717 1715 1771 per
1751 1717 1871 1772 qua:
1902 1717 2000 1757 nos
2031 1693 2073 1747 Β

437 1803 637 1857 docens
680 1797 798 1854 Rex
842 1798 896 1853 in
939 1794 1364 1867 promptuarium
1423 1795 1719 1849 introduxit
1761 1794 2000 1850 caeleste.

436 1892 574 1948 Nam
605 1891 745 1960 quod
789 1902 883 1958 per
923 1888 1028 1942 duo
1077 1886 1422 1942 Testamenta
1476 1886 1737 1941 caelorum
1778 1901 2002 1954 regnum

436 1980 667 2037 assecuti
719 1993 928 2041 sumus,
971 1975 1096 2030 vide
1139 1973 1307 2030 Vetus
1356 1987 1411 2028 et
1457 1973 1665 2029 Novum
1711 1974 2002 2044 quemlibet

437 2071 820 2132 adhortantia,
894 2075 953 2122 ut
1015 2081 1114 2136 pro
1157 2064 1370 2134 iustitia
1425 2075 1482 2119 et
1532 2068 1751 2120 nomine
1803 2065 2004 2120 Christi

440 2165 730 2235 patiamur,
779 2170 835 2214 et
863 2173 958 2227 per
987 2166 1270 2228 angustam
1297 2165 1352 2212 et
1384 2166 1591 2211 arctam
1623 2157 1744 2211 vita:
1774 2155 1918 2210 viam
1958 2156 2004 2188 δ’

439 2254 796 2311 ambulemus.
826 2250 892 2305 Et
924 2265 995 2304 ex-
1023 2250 1198 2304 Veteri
1232 2250 1446 2317 quidem
1489 2247 1836 2304 Testamento
1881 2248 2004 2303 audi

439 2348 795 2422 Sapientiam.
838 2360 958 2415 qua:
989 2344 1162 2400 dicit:
1201 2363 1220 2396 ι
1253 2343 1440 2413 Usque
1480 2343 1548 2398 ad
1587 2352 1814 2398 mortem
1863 2352 2008 2397 certa

439 2457 538 2513 pro
563 2440 791 2494 veritate
819 2437 887 2490 ⁸³.
921 2455 940 2488 ι
981 2434 1168 2490 Simile
1191 2434 1444 2504 quiddam
1470 2434 1522 2488 in
1558 2432 1730 2499 Novo,
1762 2433 1814 2488 in
1843 2433 2009 2488 Evan-

437 2531 591 2602 geliis
651 2529 1008 2599 audi'ipsum
1071 2526 1356 2580 Dominum
1426 2525 1742 2580 dicentem:
1785 2543 1803 2576 ι
1833 2524 2010 2580 Nolite

445 2624 636 2678 timere
667 2635 760 2677 eos
805 2624 896 2689 qui
927 2616 1184 2674 occidunt
1220 2630 1441 2684 corpus,
1487 2615 1683 2671 animae
1713 2631 1842 2670 vero
1875 2614 2009 2670 nihil

439 2722 664 2786 possunt
693 2711 871 2767 facere
899 2711 999 2763 δι.»
1032 2707 1168 2762 Audi
1193 2717 1373 2760 autem
1403 2714 1458 2759 et
1495 2704 1657 2760 Vetus
1687 2705 2009 2762 Testamen-

439 2818 552 2862 tum
585 2805 814 2859 dicens:
857 2819 876 2851 ι
903 2800 1099 2854 Audite
1140 2797 1364 2851 verbum
1404 2794 1638 2858 Domini,
1681 2796 1772 2865 qui
1810 2794 2010 2849 timetis

437 2897 657 2952 verbum
688 2893 839 2962 ejus;
873 2890 1054 2954 dicite,
1087 2886 1304 2942 Fratres
1325 2887 1519 2949 nostri,
1547 2887 1671 2941 odio
1693 2901 1786 2941 vos
1816 2885 2014 2941 haben-

2100 524 2277 594 ὲαυτῷ
2307 523 2653 594 ᾠκοδόμησεν
2679 517 2827 576 οἶκον
2847 540 2859 553 ο
2900 541 2919 573 ι
2958 521 3148 576 ἔπειτα
3176 523 3232 576 δὲ
3265 523 3359 576 καὶ
3390 524 3424 594 ἡ
3447 507 3557 576 τῶν
3584 522 3676 575 οὐ⁴

2102 615 2278 688 ρανῶν
2325 615 2588 685 βασιλεία.
2637 615 2806 667 Ὅταν
2837 609 2932 667 οὖν
2972 614 3118 683 λέγει
3151 616 3181 667 ὁ
3219 615 3444 686 Σωτήρ·
3489 633 3506 665 ι
3548 615 3672 667 Μα-

2102 708 2282 778 κάριοι
2321 709 2368 760 οἱ
2415 705 2762 776 δεδιωγμένοι
2795 705 2979 759 ἕνεκεν
3011 705 3394 776 δικαιοσύνης,
3449 706 3529 760 ὅτι
3577 706 3676 759 αὐ-

2105 799 2212 851 τῶν
2247 799 2393 852 ἐστιν
2441 799 2474 869 ἡ
2509 797 2753 869 βασιλεία
2783 797 2892 851 τῶν
2939 797 3214 867 οὐρανῶν,
3253 815 3270 848 ι
3312 797 3536 860 εἰκότως
3580 796 3676 848 καὶ

2100 894 2407 959 ἀκολούθως
2442 893 2764 965 προείρηται
2802 893 2898 945 καὶ
2932 893 3069 963 αὐτὴ
3101 892 3321 962 ἡ“φωνή
3347 908 3360 922 ·
3394 886 3538 945 οὗτοι
3567 892 3676 963 γὰρ

2101 986 2348 1056 εἰσῆλθον
2371 986 2450 1048 είς
2481 985 2579 1056 τὴν
2611 983 2719 1036 τῶν
2742 981 2986 1054 οὐρανῶν
3013 981 3308 1052 βασιλείαν.
3348 982 3678 1052 Ἐπειὸήπερ

2102 1080 2197 1130 καὶ
2255 1077 2408 1131 αὐτοὶ
2444 1073 2776 1147 ἐδιώχθησαν
2823 1074 3011 1134 ἕνεκεν
3045 1063 3422 1142 δικαιοσύνης,
3465 1073 3544 1126 διὸ
3584 1074 3679 1126 καὶ

2102 1168 2462 1236 ἀγαλλιῶνται
2517 1169 2573 1219 ὲν
2614 1165 2796 1236 αὐτῷ,
2840 1165 2933 1218 καὶ
2971 1163 3351 1234 εὐφραίνονται
3395 1163 3673 1232 λέγοντες’

2109 1278 2125 1310 ι
2170 1256 2649 1328 Ἀγαλλιασώμεθα
2694 1256 2791 1310 καὶ
2818 1254 3210 1326 εὐφρανθῶμεν
3248 1257 3306 1309 ἐν
3345 1254 3447 1307 σοί.
3497 1273 3515 1305 ι
3549 1255 3678 1307 Βλέ-

2103 1368 2295 1414 ποντες
2327 1350 2423 1422 τὴν
2463 1349 2571 1402 τῶν
2602 1348 2834 1402 αἰωνίων
2867 1347 3070 1417 χαράν·
3109 1346 3397 1415 βλέποντες
3429 1346 3495 1400 τὰ
3534 1349 3680 1417 ἡτοι-

2106 1441 2357 1511 μασμένα
2383 1439 2488 1510 πρὸ
2525 1439 2830 1509 καταϐολῆς
2858 1436 3086 1507 κόσμου,
3119 1438 3212 1490 καὶ
3245 1437 3679 1506 ἀπαγγέλλοντες

2102 1533 2200 1594 τὰς
2225 1531 2554 1600 ἐπαγγελίας
2571 1571 2585 1594 ,
2614 1530 2794 1600 φασίν⁶

2174 1623 2248 1676 Ζ¹.
2280 1619 2696 1689 Ἀγαπήσωμεν
2718 1617 2989 1686 μαστούς
3017 1631 3133 1670 σου
3165 1615 3317 1685 ὑπὲρ
3347 1613 3531 1671 οἶνον.

2178 1712 2356 1780 Ὅπερ
2386 1710 2562 1763 ἐστίν*
2599 1710 2998 1778 Ἀγαπήσωμεν
3026 1707 3125 1770 τὰς
3157 1707 3248 1760 δύο
3278 1707 3571 1779 Διαθήκας,
3606 1707 3673 1762 δι’

2103 1794 2176 1856 ὧν
2214 1803 2360 1872 ἡμᾶς
2392 1802 2420 1854 ὁ
2469 1800 2723 1871 βασιλεὺς
2756 1798 3184 1869 παιδαγωγήσας
3206 1839 3220 1864 ,
3249 1799 3328 1860 είς
3356 1798 3418 1850 τὸ
3455 1801 3680 1867 ταμεῖον

2105 1891 2362 1960 εἰσήγαγε
2391 1890 2450 1942 τὸ
2489 1888 2806 1960 ἐπουράνιον
2830 1904 2843 1917 ·
2879 1887 2959 1940 ὅτι
2983 1887 3087 1958 γὰρ
3120 1885 3206 1939 διὰ
3234 1886 3342 1939 τῶν
3365 1885 3458 1939 δύο
3483 1887 3680 1958 Διαθη-

2104 1982 2214 2036 κῶν
2245 1981 2506 2051 ἐτύχομεν
2536 1981 2633 2050 τῆς
2663 1981 2915 2056 οὐρανίου
2939 1979 3236 2051 βασιλείας,
3272 1977 3434 2048 βλέπε
3460 1979 3554 2031 κα).
3580 1979 3682 2050 τὴν

2106 2072 2346 2126 Παλαιὰν
2375 2072 2471 2126 καὶ
2503 2072 2599 2142 τὴν
2630 2073 2834 2143 Καινὴν
2859 2071 3137 2143 Διαθήκην
3163 2070 3532 2142 παρορμῶσαν
3554 2072 3681 2133 τοὺς

2109 2162 2464 2233 βουλομένους
2494 2161 2634 2232 ὑπὲρ
2665 2162 2762 2233 τῆς
2791 2161 3136 2231 δικαιοσύνης
3169 2161 3264 2215 καὶ
3288 2160 3381 2214 τοῦ
3419 2161 3682 2230 ὀνόματος

2105 2255 2196 2307 τοῦ
2226 2252 2465 2324 Χριστοῦ
2502 2253 2753 2324 πάσχειν,
2784 2253 2879 2306 καὶ
2905 2252 3002 2323 τὴν
3033 2251 3224 2315 στενὴν
3259 2254 3352 2306 καὶ
3390 2251 3684 2322 τεθλιμμέ-

2107 2362 2204 2416 νην
2233 2345 2350 2398 ὁδὸν
2377 2346 2476 2416 τῆς
2509 2344 2652 2416 ζωῆς
2689 2345 2918 2399 ὁδεύειν.
2951 2346 3063 2399 Καὶ
3096 2347 3159 2398 ὲκ
3195 2346 3292 2416 μὲν
3321 2345 3418 2416 τῆς
3441 2345 3684 2408 Παλαιᾶς

2107 2436 2206 2506 τὴν
2237 2437 2437 2504 Σοφίαν
2468 2437 2630 2490 ἄκουε
2664 2435 2926 2505 λέγουσαν
2946 2453 2959 2467 ·
3003 2455 3021 2488 ι
3055 2435 3198 2500 Ἕως
3221 2436 3452 2490 θανάτου
3481 2434 3683 2504 ἀγώνι-

2111 2544 2201 2581 σαι
2228 2527 2369 2599 ὐπὲρ
2394 2529 2492 2598 τῆς
2512 2528 2788 2598 ἀληθείας.
2826 2549 2844 2582 ι
2871 2529 2944 2582 Τὸ
2971 2530 3153 2598 ὅμοιον
3187 2530 3281 2582 καὶ
3301 2530 3358 2581 ὲν
3388 2532 3456 2599 τῇ
3482 2530 3682 2600 Καινῇ,

2110 2621 2168 2673 ὲν
2211 2621 2324 2682 τοῖς
2357 2619 2708 2688 Εὐαγγελίοις
2747 2620 2910 2674 αὐτὸν
2956 2620 3046 2673 τὸν
3082 2619 3567 2691 Κύριονὲνωτίζου
3596 2619 3686 2673 λέ-

2109 2726 2301 2777 γοντα·
2349 2727 2367 2759 ι
2409 2711 2499 2779 Μὴ
2536 2710 2810 2779 φοϐηθῆτε
2858 2710 2966 2762 άπὸ
3009 2707 3117 2763 τῶν
3162 2710 3592 2764 ἀποκτεινόντων
3625 2710 3685 2764 τὸ

2113 2800 2306 2869 σῶμα,
2358 2799 2455 2869 τὴν
2518 2799 2576 2852 δὲ
2626 2800 2802 2869 ψυχὴν
2871 2800 2944 2870 μὴ
2987 2801 3222 2870 ἐχόντων
3260 2819 3314 2854 τι
3356 2803 3597 2872 ποιῆσαι.
3661 2821 3680 2854 ι

2116 2891 2312 2944 ’Ἄκουε
2349 2890 2406 2943 δὲ
2438 2889 2533 2943 καὶ
2558 2890 2659 2960 τῆς
2702 2889 2945 2953 Παλαιᾶς
2977 2889 3243 2961 λεγούσης
3264 2907 3278 2920 ·
3323 2909 3340 2942 ι
3391 2891 3684 2945 Ἀκούσατε

441 2989 585 3044 tibus
614 2995 669 3040 et
695 2982 1134 3040 abominantibus
1170 2979 1238 3034 "'.
1266 2997 1285 3030 ι
1324 2978 1402 3032 Ex
1444 2977 1749 3047 Evangeliis
1784 2993 1912 3032 vero
1941 2994 2006 3032 ex

2112 2982 2202 3034 τὸν
2245 2981 2399 3048 λόγον
2449 2979 2686 3050 Κυρίου,
2731 2981 2782 3033 οἱ
2834 2980 3130 3051 τρέμοντες
3182 2981 3241 3034 τὸ
3289 2982 3438 3053 ῥῆμα
3481 2983 3682 3050 αὐτοῦξ

439 3092 535 3133 ore
590 3075 760 3144 ipsius
825 3071 1038 3128 Domini
1090 3069 1212 3123 audi
1248 3084 1262 3120 :
1295 3085 1316 3120 ι
1349 3067 1565 3137 Diligite
1611 3068 1861 3123 inimicos
1915 3083 2006 3122 ve-

439 3182 584 3226 stros
614 3166 695 3233 “;
729 3184 749 3218 ι
783 3173 842 3220 et
876 3177 1066 3218 rursus
1096 3178 1110 3216 :
1145 3178 1164 3212 ι
1195 3158 1503 3214 Benefacite
1543 3159 1625 3214 his
1653 3159 1742 3228 qui
1782 3159 2012 3214 oderunt

438 3274 537 3314 vos
563 3258 631 3312 ⁸⁷.
663 3275 682 3308 ι
719 3254 776 3309 ιιι
816 3254 934 3325 lege
963 3263 1139 3307 autem
1168 3250 1344 3306 simile
1369 3249 1496 3303 illud
1527 3267 1541 3302 :
1573 3265 1594 3300 ι
1619 3248 1675 3303 Si
1711 3249 2012 3306 obviaveris

438 3350 745 3422 jumentum
779 3345 991 3400 inimici
1019 3344 1091 3398 tui
1129 3343 1272 3412 quod
1303 3343 1510 3396 corruit
1533 3341 1633 3395 sub
1664 3355 1802 3396 onus
1830 3355 2009 3406 suum,

440 3456 548 3496 non
579 3448 890 3510 praetereas,
919 3434 1013 3489 sed
1046 3433 1215 3488 alleva
1247 3432 1379 3486 illud
1408 3431 1488 3498 ";
1518 3449 1536 3482 ι
1577 3429 1720 3498 quod
1756 3431 1895 3484 idem
1930 3439 2012 3484 est

441 3547 507 3586 ac
540 3527 671 3584 illud
702 3544 716 3581 :
753 3545 772 3578 ι
809 3524 1117 3580 Benelacite
1144 3523 1230 3576 bis
1261 3522 1355 3592 qui
1388 3521 1620 3576 oderunt
1647 3535 1760 3574 vos.
1788 3538 1807 3572 ι
1864 3517 2012 3574 Unus

441 3623 586 3679 enim
626 3629 682 3674 et
727 3619 867 3673 idem
903 3623 987 3670 est
1026 3614 1322 3685 legislator,
1377 3612 1467 3683 qui
1517 3620 1781 3680 praecepta
1836 3614 1928 3664 dat
1959 3611 2011 3664 iu

445 3725 676 3784 utroque
725 3711 1091 3766 Testamento.
1137 3706 1251 3762 Duo
1295 3705 1458 3775 igitur
1494 3707 1659 3758 ubera
1704 3703 1874 3772 ipsius
1908 3704 2013 3758 duo

443 3805 784 3877 appellantur
831 3801 1203 3864 Testamenta,
1257 3806 1421 3868 atque
1467 3812 1534 3852 ex
1585 3810 1690 3850 uno
1723 3793 2013 3850 immortali

444 3899 594 3952 fonte
614 3892 909 3964 spiritualis
936 3892 1088 3946 lactis
1111 3889 1437 3947 aiIluentiam
1458 3888 1729 3944 habentia.
1764 3887 2017 3956 Propter-

443 4005 507 4044 ea
549 3985 658 4058 qui,
677 3988 726 4042 in
751 3983 1012 4040 caelorum
1043 3981 1346 4037 cubiculum
1372 3979 1598 4047 ingressi
1627 3989 1773 4044 sunt,
1801 3979 2011 4034 dicunt:

448 4099 469 4134 ι
501 4080 796 4148 Diligemus
844 4075 1009 4130 ubera
1046 4084 1135 4129 tua
1175 4087 1338 4141 super
1377 4074 1584 4126 vinum.
1608 4090 1627 4124 ι
1683 4071 1822 4137 Quid
1870 4070 2013 4124 enim

443 4171 575 4227 facit
615 4167 843 4224 vinum?
888 4164 1086 4222 Vinum
1123 4164 1411 4220 immodice
1449 4165 1704 4219 haustum
1765 4163 2017 4218 tenebras

443 4261 675 4317 oﬂ'undit
727 4277 743 4315 :
792 4258 1068 4329 splendida
1143 4271 1273 4312 vero
1353 4255 1696 4312 Testamenta
1781 4265 2014 4309 mentem

2113 3073 2301 3124 εἴπατε
2349 3071 2460 3131 τοῖς
2505 3069 2755 3140 μισοῦσιν
2797 3070 2974 3140 ὑμᾶς⁹
3021 3069 3466 3141 Ἀδελφοὶὴμῶν.
3527 3089 3546 3123 ι
3598 3071 3687 3125 Ἐν

2114 3161 2466 3231 Εὑαγγελίοις
2503 3161 2560 3214 δὲ
2593 3163 2656 3223 ὲκ
2693 3161 2785 3214 τοῦ
2817 3161 3148 3216 Δεσποτικοῦ
3183 3163 3445 3234 στόματος
3487 3163 3682 3218 ἄκουε·

2121 3273 2139 3306 ι
2189 3255 2464 3322 Ἀγαπᾶτε
2491 3253 2619 3317 τοὺς
2648 3252 2874 3324 ἐχθροὺς
2898 3253 3050 3324 ὑμῶν
3068 3271 3080 3283 ·
3117 3273 3135 3306 ι
3173 3255 3266 3308 κα)¹
3299 3256 3458 3310 πάλιν
3479 3273 3492 3286 ·
3525 3274 3543 3306 ι
3572 3257 3687 3310 Κα-

2115 3345 2220 3408 λῶς
2245 3348 2447 3398 ποιεῖτε
2480 3347 2592 3407 τοῖς
2620 3343 2868 3414 μισοῦσιν
3047 3347 3190 3416 ὑμᾶς
3212 3365 3225 3378 ο
3261 3365 3280 3399 ι
3323 3348 3380 3400 ἐν
3409 3347 3467 3400 δὲ
3495 3346 3573 3418 τῷ
3602 3348 3687 3402 νό-

2119 3455 2204 3508 μῳ
2229 3437 2289 3489 τὸ
2316 3437 2528 3506 ὅμοιον·
2576 3454 2596 3488 ι
2655 3434 2780 3489 Ἐὰν
2826 3437 3140 3509 ἀπαντήσῃς
3171 3437 3248 3508 τῷ
3281 3437 3556 3508 ὑποζυγίῳ
3591 3437 3686 3492 τοῦ

2116 3526 2309 3598 ἐχθροῦ
2333 3543 2426 3579 σου
2457 3527 2764 3580 πεπτωκότι
2791 3527 2894 3580 ὑπὸ
2916 3528 3005 3582 τὸν
3027 3529 3195 3600 γόμον
3235 3530 3422 3594 αὐτοῦ,
3455 3533 3514 3584 οὐ
3548 3549 3687 3602 παρ-

2117 3618 2480 3691 ελεύσῃ,ὰλλὰ
2503 3623 2812 3691 ωνεγερείς
2831 3621 2941 3689 (76)
2955 3621 3108 3677 αὐτό.
3152 3641 3172 3674 ι
3193 3652 3262 3661 -
3287 3640 3306 3674 ι
3346 3621 3540 3684 Καλῶς
3574 3622 3686 3693 (77)

2119 3714 2320 3766 ποιεῖτε
2347 3714 2458 3774 τοῖς
2490 3711 2735 3782 μισοῦσιν
2760 3713 2932 3783 ὑμᾶς·
2969 3731 2987 3765 ι
3027 3707 3108 3776 εἷς
3151 3712 3260 3784 γὰρ
3295 3712 3386 3766 καὶ
3414 3713 3574 3776 αὐτὸς
3603 3730 3688 3766 νο-

2077 3804 2080 3808 ’
2122 3801 2354 3874 μοθέτης
2387 3801 2674 3872 ἑκατέραις
2700 3803 3004 3858 διετάττετο
3039 3803 3353 3890 Διαθηκαις.
3380 3803 3484 3858 Δύο
3511 3803 3690 3858 τοίνυν

2122 3893 2317 3964 μαστοὶ
2359 3891 2524 3946 αὐτοῦ
2557 3894 2612 3946 αί
2657 3893 2749 3946 δύο
2805 3894 3094 3966 κέκληνται
3137 3894 3441 3964 Διαθῆκαι·
3488 3897 3584 3947 καὶ
3625 3897 3690 3948 ἐκ

2123 3983 2252 4055 μιᾶς
2281 3981 2381 4052 τῆς
2420 3980 2687 4034 ἀθανάτου
2731 3982 2914 4053 πηγῆς
2955 3982 3052 4053 τὴν
3093 3983 3352 4055 ἐπιρῤοὴν
3388 3981 3484 4034 τοῦ
3521 3999 3689 4036 πνευ-

2125 4071 2354 4143 ματικοῦ
2398 4071 2666 4139 γάλακτος
2709 4071 2947 4142 ἔχουσαι.
2991 4073 3081 4125 Διὸ
3122 4072 3368 4142 λέγουσιν
3407 4074 3455 4126 οἱ
3499 4073 3579 4137 είς
3629 4074 3691 4126 τὸ

2117 4165 2342 4233 ταμεῖον
2368 4163 2477 4216 τῶν
2499 4163 2740 4235 οὐρανῶν
2763 4162 3163 4234 εἰσεληλυθότες
3185 4179 3198 4192 ·
3233 4181 3252 4212 ‹
3293 4163 3689 4235 Ἀγαπήσωμεν

2123 4252 2360 4324 μαστούς
2389 4270 2479 4306 σου
2511 4254 2649 4324 ὑπὲρ
2677 4249 2837 4307 οἶνον.
2878 4272 2897 4306 ι
2933 4252 2999 4307 Τί
3026 4253 3133 4325 γὰρ
3165 4255 3308 4306 ποιεῖ
3335 4249 3508 4320 οἷνος;
3537 4250 3690 4318 Οἴνος

442 4353 787 4420 conﬁrmant,
815 4352 972 4407 (idem
1000 4348 1297 4416 stabiliunt,
1322 4346 1545 4404 fundant
1567 4347 1634 4402 ad
1663 4360 1882 4418 regnum
1907 4359 2009 4399 coe-

2121 4343 2376 4416 ἀμέτρως
2405 4343 2588 4410 ποθεὶς
2615 4345 2878 4408 σκοτίζει·
2910 4346 2966 4397 αἱ
2992 4343 3047 4396 δὲ
3076 4346 3396 4414 φωταγωγοὶ
3427 4345 3691 4416 Διαθῆκαι

443 4445 635 4501 lorum.

513 4621 648 4676 Vlll.
685 4619 958 4676 Rectitudo
996 4617 1176 4671 dilexit
1203 4626 1268 4672 te.

517 4711 708 4770 Omnia
741 4711 963 4781 quidem
1003 4709 1304 4764 divinarum
1347 4705 1752 4776 Scripturarum
1796 4705 2012 4777 eloquia

2124 4434 2437 4506 στηρίζουσι
2463 4435 2524 4488 τὸ
2554 4436 2826 4506 φρόνημα,
2853 4433 3128 4506 στερεοῦσι
3161 4434 3270 4504 (78)
3301 4436 3503 4503 πίστιν,
3526 4435 3690 4507 θεμε-

2121 4525 2325 4580 λιοῦσιν
2351 4527 2431 4589 εἰς
2455 4527 2553 4597 τὴν
2580 4526 2824 4596 οὐρανῶν
2854 4525 3146 4594 βασιλείαν.

2194 4622 2274 4673 ll'.
2310 4619 2582 4685 Εὐθύτης
2611 4615 2890 4684 ἠγάπησέ
2920 4632 3013 4670 σε.

2189 4713 2395 4774 Πάντες
2428 4709 2527 4779 μὲν
2563 4708 2612 4760 οἱ
2648 4708 2758 4760 τῶν
2797 4706 2955 4762 θείων
2981 4708 3212 4779 Γραφῶν
3241 4709 3409 4778 λόγοι,
3445 4709 3538 4763 καὶ
3564 4709 3693 4763 ταύ-

517 4852 563 4884 δο
586 4851 743 4906 Prov.
770 4865 847 4911 Ix.
887 4850 938 4903 l.
1013 4847 1057 4879 “
1094 4845 1280 4901 Matth.
1307 4844 1494 4916 v._l0.
1569 4845 1613 4877 δ’
1643 4845 1830 4903 Matth.
1874 4865 1972 4915 vn,
2007 4873 2009 4904 τ

2171 4851 2215 4882 ⁸³
2244 4849 2408 4905 Eccli.
2433 4864 2509 4915 Iv,
2536 4847 2627 4902 9.8.
2702 4848 2746 4879 “
2779 4846 2970 4902 Matth.
3007 4865 3062 4914 ι,
3086 4849 3176 4904 28.
3250 4848 3296 4880 ⁸⁸
3324 4847 3423 4904 lsa.
3460 4866 3604 4916 an,
3637 4851 3690 4904 5.

444 4925 490 4960 “
523 4923 712 4977 Matth.
742 4937 796 4988 ν,
829 4919 921 4974 Η.
998 4917 1044 4948 ⁸⁷
1075 4918 1204 4973 ibid.
1309 4915 1354 4948 ⁵⁸
1380 4914 1550 4972 Exod.
1585 4933 1740 4984 χχιιι,
1773 4918 1825 4976 5.
1848 4930 1864 4955 ’

519 5036 634 5108 (75)
661 5035 862 5108 Locum
887 5035 1122 5108 hunepx
1151 5030 1373 5108 lf‘hilone
1394 5031 2025 5108 all‘ert_Co_smasltidico-
2132 5045 2337 5108 terpres
2363 5032 2438 5086 ait
2465 5047 2478 5084 :
2509 5050 2528 5108 ι
2555 5031 2691 5098 Quid
2717 5040 2801 5108 est
2830 5031 2920 5108 hic
2950 4988 3093 5088 aliud
3138 5032 3239 5108 nisi
3279 5032 3428 5108 illud,
3467 5031 3693 5108 Benefa-

447 5101 798 5182 pleust'esnlib.
816 5122 870 5182 x_,
894 5104 1069 5182 p.329
1083 5101 1298 5182 Collect.
1326 5121 1469 5158 nova:
1496 5103 1606 5158 PP.
1624 5104 1878 5182 _Gra:cor.,
1899 5117 1936 5161 t.
1957 5107 2020 5160 ll.

523 5178 639 5248 (74)
673 5176 792 5232 Vet.
828 5171 1024 5244 interp.
1050 5173 1399 5248 legit_6,_nec
1422 5177 1665 5248 agnoscit
1694 5171 1865 5248 οἷκρν.

519 5243 631 5317 (⁷75)
660 5248 825 5301 Sacer
854 5243 1028 5300 textus
1049 5243 1297 5317 Matthxi
1316 5243 1475 5298 habet
1493 5245 1618 5306 τοὺς
1645 5244 1959 5317 μισοῦντας.

519 5249 612 5317 (75
660 5249 825 5301 Sacer
854 5256 1028 5300 textus
1049 5249 1279 5297 Matthaei
1316 5249 1475 5298 habet
1493 5249 1618 5306 τοὺς
1645 5249 1959 5314 μισοῦντας.

517 5249 631 5388 (76)
660 5317 754 5372 Sic
811 5313 1116 5388 emendavi.
1171 5313 1395 5388 Codices
1417 5326 1702 5388 _co_r_rupte
1756 5315 2018 5388 exhibent

449 5381 790 5458 euvafepeig.
814 5385 989 5458 Locus
1013 5391 1190 5458 autem
1219 5384 1308 5458 hic
1334 5384 1384 5437 in
1417 5381 1911 5458 Bibliis’irnpressis
1940 5385 2016 5438 ita

450 5452 679 5527 legitur}
713 5456 839 5527 Ἐὰν
859 5453 914 5527 δὲ
933 5453 1046 5525 ἴδῃς
1065 5453 1126 5527 τὸ
1142 5453 1432 5527 ὑποζύγιον
1455 5452 1670 5527 τοῦλὲχθ
1680 5453 1770 5527 ροῦ
1795 5471 2015 5527 πεπτωτ

449 5521 546 5589 κὸς
581 5525 686 5579 ὑπὸ
717 5525 806 5578 τὸν
834 5521 1016 5593 γόμοιῖ
1041 5523 1228 5594 αὐτοῦ,
1251 5525 1311 5576 οὐ
1331 5521 1650 5594 παρελεύσῂ
1680 5521 1849 5590 ἀύτὸ,
1879 5523 2015 5577 ἀλλὰ

449 5599 702 5665 συναρεῖς
726 5595 855 5649 αὐτὸ
877 5595 990 5665 μετ’
1017 5593 1201 5648 αὐτοῦ.

520 5659 634 5726 ιιι)
668 5659 810 5722 Ante
842 5659 1020 5728 καλῶς
1051 5666 1261 5720 videtur
1281 5659 1481 5732 aliquid
1509 5662 1716 5721 deesse.
1739 5661 1903 5719 Vetus
1930 5664 2015 5718 in-

2129 5101 2300 5167 cité,»
2353 5113 2459 5157 etc.
2504 5103 2571 5155 At
2625 5116 2652 5154 a
2705 5103 2824 5156 cod.
2859 5101 3049 5156 Theat.
3102 5104 3294 5157 absunt
3347 5103 3481 5164 haec,
3515 5103 3693 5165 καλῶς

2130 5177 2334 5228 ποιεῖτε
2371 5175 2484 5234 τοῖς
2517 5170 2763 5244 μισοῦσιν
2786 5172 2967 5244 ὐμᾷς.
2997 5173 3100 5244 Sed
3131 5182 3256 5244 post
3277 5171 3360 5244 illa
3387 5177 3694 5244 συνεγερεῐς

2128 5245 2258 5298 αὐτό
2293 5243 2534 5310 sequitur
2551 5243 2718 5312 signa
2739 5242 2845 5312 γὰρ
2868 5242 3073 5303 ὁαύτὸς
3104 5242 3417 5312 νομοθέτης,
3436 5258 3552 5308 qua-
3576 5242 3693 5296 eor-

2131 5323 2285 5383 rupta
2299 5307 2423 5367 suitt
2441 5327 2555 5384 pro,
2575 5307 2654 5375 εἷς
2674 5307 2782 5384 γάρ
2809 5307 2902 5384 καὶ
2923 5313 3084 5384 αὐτὸς
3106 5307 3418 5384 νομοθέτης.
3433 5307 3693 5384 (Lucrum

2125 5386 2178 5437 in
2198 5380 2454 5437 'versione
2503 5382 2624 5438 ideo
2674 5380 2849 5437 addidi
2881 5399 2896 5434 :
2924 5401 2940 5432 ι
2969 5380 3120 5448 Quod
3154 5381 3293 5434 idem
3319 5380 3400 5438 est
3424 5397 3487 5435 ac
3525 5383 3693 5436 illud:

2125 5450 2453 5515 Benefacite,
2478 5471 2496 5504 ι
2549 5463 2680 5520 etc.,
2724 5461 2783 5507 ut
2819 5452 2956 5504 bene
3002 5451 3309 5505 cohmreant
3349 5467 3410 5505 ea
3448 5467 3565 5519 qua:
3608 5467 3695 5505 se-

2125 5531 2364 5592 quuntur
2396 5537 2408 5573 :
2444 5521 2638 5592 clinus
2669 5523 2811 5576 enim
2855 5533 2908 5592 et
2934 5520 3072 5574 idem
3103 5529 3185 5592 e_st
3213 5520 3507 5592 legislator,
3536 5539 3553 5570 ι
3587 5531 3693 5577 etc.

2194 5591 2630 5725 ﬁgﬁg‘vamc.
2668 5589 2883 5662 reposui
2925 5589 3222 5659 στερεοῦσι.
3275 5591 3433 5646 Bari).
3463 5600 3515 5646 et
3543 5606 3694 5647 meus

2124 5677 2452 5731 στηριςουσι.
