3986 6128
208 336 254 393 15
1148 347 1543 404 ENARRATIO
1582 348 1648 404 IN
1680 348 2031 407 CANTICUM
2071 352 2542 411 CANTICORUM.
3395 365 3464 422 46

219 473 288 526 της
304 454 394 526 τῆς
416 454 595 526 ἁγίας
614 458 722 511 καὶ
755 477 830 531 μυ
840 460 1172 532 στηριώδους
1193 463 1431 534 γραφῆς,
1451 463 1584 534 εὐθῆ
1603 465 1669 517 τὰ
1687 465 1778 534 (79

1905 475 2065 536 atque
2115 468 2270 538 hujus
2324 479 2522 526 sanctae
2569 478 2622 526 et
2665 472 2908 542 mystica:
2957 471 3249 545 Scriptura:
3302 480 3464 535 verba

235 552 438 623 ῥηματα·
467 545 636 615 οὗτος
665 551 730 604 δὲ
761 553 792 601 ὁ
815 554 951 624 περὶ
979 553 1080 623 τῆς
1099 553 1394 626 εὐθύτητος
1415 557 1508 608 καὶ
1539 556 1793 626 μάλιστα,

243 670 258 696 ι
283 643 492 714 εὒθύτης
538 661 558 695 δ
590 642 731 714 γὰρ,
760 645 968 716 φησὶν,
1008 664 1027 696 ι
1063 645 1316 717 ἠγάπησέ
1363 663 1440 701 σε.
1488 665 1507 699 ι
1556 646 1682 701 Ἐὰν
1722 651 1794 720 μή

249 755 325 791 τινι
343 736 442 807 γὰρ
463 733 699 804 εὐθύτης
727 735 992 805 ὑπάρχει,
1012 736 1104 788 τὸν
1131 735 1410 807 Μονογενῆ
1437 738 1511 809 μὴ
1540 739 1638 791 οὐκ
1664 739 1798 807 ἀγα-

254 829 389 900 πήσῃ.
407 846 422 877 ι
442 825 734 897 Βδέλυγμα
760 826 872 894 γὰρ
903 827 1206 898 ἀμαρτωλῷ
1230 827 1389 896 σοφία
1408 828 1542 898 (80).
1568 849 1586 880 ι
1621 829 1795 892 Εὐθὺς

246 917 290 970 δὲ
314 915 492 987 καρδία
533 917 730 989 ἀγαπᾷ
776 917 878 988 τὴν
919 917 1131 986 σοφίαν.
1165 916 1411 989 Εὑθύτης
1451 919 1646 988 (81)δὲ
1678 922 1794 973 ἐστι

247 1007 737 1062 τὸαπαλλάττεσθαι
773 1009 876 1079 μὲν
915 1009 1184 1062 παντοίων
1229 1010 1437 1072 κακῶν,
1475 1010 1794 1085 συνήδεσθαι

243 1100 289 1152 δὲ
312 1099 378 1168 τῷ
402 1099 548 1170 νόμῳ
571 1101 666 1153 τοῦ
690 1099 849 1162 Θεοῦ,
875 1101 968 1153 καὶ
995 1101 1093 1162 τὰς
1122 1101 1341 1166 ἐντολὰς
1366 1103 1530 1156 αὐτοῦ
1559 1104 1618 1157 ὲν
1643 1105 1794 1156 ὲκτε-

243 1191 314 1261 νία
337 1190 444 1260 (82)
473 1191 704 1262 καρδίας
729 1191 1024 1245 ὲπιτελεῖνο
1048 1192 1124 1256 ὦς
1151 1210 1316 1264 φησιν
1343 1195 1371 1246 ὁ
1403 1194 1566 1247 Δαὸίδ
1587 1212 1598 1224 ·
1639 1213 1658 1245 ι
1704 1195 1792 1248 Ἐν

236 1280 378 1350 βουλῇ
417 1280 618 1334 εὖθέων
652 1282 745 1334 καὶ
779 1285 1068 1354 συναγωγῇ
1091 1326 1104 1349 ,
1143 1283 1352 1354 μεγάλα
1393 1283 1463 1337 τὰ
1498 1284 1634 1356 ἔργα
1674 1288 1792 1340 Κυ-

235 1373 357 1443 ρίου.
393 1391 412 1423 ›

295 1459 368 1513 8'.
401 1461 495 1513 Στ.
520 1461 584 1513 δ’.
615 1461 886 1515 Μέλαινά
909 1464 1025 1532 εἰμι
1057 1464 1156 1517 καὶ
1188 1465 1368 1531 καλή.

286 1552 526 1605 Μέλαινα
564 1551 655 1605 διὰ
681 1553 782 1616 τὰς
816 1554 1121 1625 ἁμαρτίας·
1169 1557 1308 1628 καλὴ
1345 1556 1434 1610 διὰ
1477 1557 1576 1630 τὴν
1621 1561 1786 1630 μετά-

227 1660 380 1697 νοιαν.
421 1644 497 1697 Οὐ
546 1642 796 1713 σώματος
839 1644 953 1714 (85)
993 1647 1026 1716 ἡ
1069 1647 1328 1717 μελανία⁹
1373 1648 1493 1700 οὐδὲ
1531 1650 1789 1718 σαρκικὺν

224 1737 372 1789 πάλιν
395 1737 599 1805 ταύτης
619 1737 720 1805 τῆς
749 1735 966 1822 νύμφης
998 1737 1058 1790 τὸ
1082 1739 1292 1802 κάλλος.
1343 1738 1504 1792 Ἀλλὰ
1531 1739 1789 1810 μέλαιναν

1900 568 2025 613 sunt
2071 571 2216 616 recta
2251 579 2264 616 :
2299 562 2402 616 hoc
2450 577 2580 618 vero
2639 563 2704 618 de
2749 564 3000 634 aequitate
3051 567 3408 624 rectissimum
3445 586 3460 624 :

1905 664 1924 698 σ
1959 646 2243 703 ltectitudo
2266 667 2286 703 ι
2322 651 2486 716 enim,
2521 653 2616 715 ait,
2649 669 2669 703 ‹
2691 652 2881 708 dilexit
2906 662 2976 709 le.
3004 673 3024 708 ι
3063 655 3158 710 Cui
3185 657 3328 712 enim
3356 674 3464 716 non

1899 744 1982 789 est
2015 737 2303 803 rectitudo,
2344 739 2389 794 is
2419 737 2763 810 Unigenitum
2798 757 2903 799 non
2940 745 3124 815 diliget
3154 762 3169 798 :
3203 765 3224 798 ι
3247 747 3469 804 Abomi-

1901 826 2049 881 natio
2099 829 2242 882 enim
2293 831 2562 899 peccaturi
2625 833 2974 904 sapientia”.
3032 853 3052 887 ι
3120 836 3227 892 Cor
3285 849 3466 895 autem

1898 924 2102 971 rectum
2156 918 2332 988 diligit
2399 923 2736 992 sapientiam.
2799 924 3082 983 Rectitudo
3143 940 3324 988 autem
3385 942 3469 988 est

1896 1009 1964 1062 ab
1990 1009 2292 1080 omnigenis
2318 1012 2473 1068 malis
2490 1029 2608 1069 sese
2631 1015 2934 1086 seiungere,
2959 1017 3212 1077 delectari
3229 1022 3344 1094 lege
3371 1023 3466 1079 Dei

1895 1107 1949 1152 et
1989 1103 2241 1156 mandata
2287 1103 2405 1174 ejus
2458 1104 2668 1161 intento
2713 1108 2876 1163 corde
2925 1110 3201 1179 perﬁcere.
3267 1113 3335 1168 Ut
3390 1115 3468 1168 sit

1898 1190 2110 1246 David:
2154 1210 2174 1245 ι
2205 1193 2260 1248 1η
2311 1195 2540 1250 consilio
2590 1207 2863 1254 rectorum
2919 1208 2973 1254 et
3025 1202 3462 1274 congregatione,

1894 1295 2085 1350 magna
2117 1297 2278 1352 opera
2315 1285 2521 1340 Domini
2556 1289 2626 1342 ⁵⁰.
2659 1305 2679 1336 ι

1963 1458 2052 1513 ΙΧ.
2079 1448 2084 1454 ’
2107 1458 2264 1514 Vens.
2321 1462 2376 1515 ὦ.
2428 1460 2601 1530 Nigra
2633 1479 2749 1516 sum
2778 1475 2824 1518 et
2854 1466 3108 1535 formosa.

1967 1550 2126 1621 Nigra
2181 1564 2399 1623 prepter
2428 1565 2651 1623 peccata
2685 1569 2700 1608 :
2732 1555 2967 1612 formosa
3014 1569 3236 1629 propter
3283 1561 3461 1631 pani-

1896 1644 2140 1698 tentiam.
2175 1643 2291 1698 Non
2327 1645 2570 1712 corporis
2615 1646 2828 1715 nigror;
2881 1664 3057 1716 neque
3105 1667 3292 1709 rursus
3333 1668 3458 1708 car-

1899 1735 2038 1787 nalis
2066 1735 2225 1802 hujus
2248 1749 2460 1804 Sponsae
2488 1736 2829 1805 pulchritudo
2857 1758 2871 1794 :
2902 1741 2994 1795 sed
3024 1743 3233 1812 nigram
3259 1758 3320 1800 se
3339 1758 3462 1800 esse

219 1828 409 1898 ἑαυτὴν
467 1827 616 1897 λέγει
670 1828 758 1882 διὰ
801 1828 900 1891 τὰς
945 1830 1192 1901 ἀνομίας,
1233 1832 1421 1902 ἐπειδὴ
1465 1832 1688 1896 ταύταις
1725 1831 1779 1904 ἧι

1895 1823 2025 1877 dicit
2069 1835 2287 1894 propter
2330 1824 2680 1895 iniquitates;
2715 1830 2970 1897 quoniam
3016 1845 3084 1886 ex
3123 1832 3253 1902 ipsis
3282 1835 3461 1905 nigro-

219 1917 664 1988 μεμελανωμένη,
694 1917 750 1970 ἔν
779 1935 838 1972 τε
865 1921 930 1989 τῇ
965 1919 1378 1992 είδωλολατρεία
1407 1923 1501 1975 καὶ
1529 1925 1649 1986 ταῖς
1682 1923 1788 1976 λοι-

219 2014 339 2071 tui;
361 2010 461 2078 τῆς
489 2007 802 2080 ἀφροσύνης
831 2009 1084 2073 ἀπάταις.

1894 1929 2006 1970 rem
2067 1925 2414 1973 contraxerat
2479 1917 2535 1972 in
2598 1919 2864 1977 idolorum
2924 1925 3071 1980 cultu
3147 1931 3462 2001 cat-terisque

1890 2007 2173 2064 dementiae
2202 2025 2312 2066 Sua:
2335 2009 2632 2066 erroribus.

279 2102 334 2155 l'.
357 2100 630 2155 Μέλαινά
654 2103 770 2172 ειμι
791 2102 891 2156 καὶ
921 2101 1102 2172 καλὴ,
1129 2103 1452 2174 θυγατέρες
1491 2106 1779 2175 Ἰερουσα·

1961 2098 2026 2153 Χ.
2072 2100 2244 2172 Nigra
2278 2120 2393 2159 sum
2430 2115 2477 2159 ct
2516 2110 2772 2175 formosa,
2802 2108 2932 2174 ﬁlia:
2957 2109 3310 2170 Hierusalem.

215 2191 351 2260 λήμ.

275 2285 595 2357 Θυγατέρας
633 2285 987 2358 Ἰερουσαλὴμ
1026 2281 1178 2358 οἴμαι
1210 2286 1396 2341 καλεῖν
1439 2289 1536 2358 τὴν
1569 2289 1786 2360 νύμφην

212 2376 303 2439 τὰς
344 2376 696 2448 πῳφητικάς
737 2374 846 2428 τῶν
887 2375 1114 2428 δικαίων
1149 2376 1348 2446 ψυχάς.
1389 2375 1786 2446 Ἐξομολογου-

213 2468 343 2538 μένη
382 2468 483 2536 μὲν
513 2467 582 2520 τὰ
608 2466 1006 2538 ἁμαρτήματα,
1039 2465 1435 2537 φαιδρυνομένη
1458 2466 1514 2520 δὲ
1546 2467 1658 2535 (84)
1692 2469 1787 2520 ἐπὶ

209 2563 269 2630 τῇ
303 2559 400 2612 τοῦ
442 2558 672 2629 νυμφίου
707 2557 1090 2628 φιλανθρωπίᾳ
1114 2573 1127 2587 °
1164 2558 1246 2610 ὃτι
1283 2557 1496 2610 δίδωσιν
1543 2557 1655 2628 (85)
1691 2558 1788 2610 ἐπὶ

208 2651 577 2720 ἁμαρτήμασι
618 2649 918 2718 μετάνοιαν.
960 2649 1064 2701 Ἴδε
1096 2649 1300 2720 ταύτην
1335 2648 1591 2719 μέλαιναν
1619 2644 1785 2703 οὖσαν

208 2742 281 2804 ὡς
349 2740 602 2814 ἀληθῶς,
656 2741 744 2793 καὶ
804 2740 998 2810 καλὴν,
1069 2739 1439 2811 ἐναρχομένην
1519 2741 1628 2794 ἀπὸ
1690 2741 1783 2794 τοῦ

208 2829 466 2894 Αἰθίοπος
489 2831 583 2884 τοῦ
607 2831 854 2902 εὐνούχου
881 2831 941 2884 τὸ
974 2831 1234 2901 κήρυγμα
1262 2831 1514 2902 δέχεσθαι
1546 2831 1642 2886 τοῦ
1671 2833 1784 2886 Μο-

211 2923 463 2990 νογενοῧς
486 2922 575 2976 διὰ
599 2922 866 2976 Φιλίππου
896 2921 990 2975 τοῦ
1014 2922 1314 2988 ἀποστόλου
1339 2912 1472 2994 (86).
1501 2923 1662 2976 Ὅθεν
1691 2924 1785 2978 καὶ

209 3020 368 3074 Δαῦίδ
396 3037 562 3091 φησιν
580 3036 597 3051 ο
626 3039 645 3073 ι
683 3019 962 3076 Αίθιωπία
993 3019 1296 3092 προφθάσει
1325 3022 1482 3092 χεῖρα
1512 3019 1682 3091 αὐτῆς
1707 3019 1784 3090 τῷ

210 3113 338 3184 Θεῷ.
402 3132 423 3165 ι

275 3208 375 3260 lA'.
430 3206 528 3273 Ὠς
566 3204 928 3275 σκηνώματα
973 3203 1174 3272 Κηδὰρ
1192 3243 1207 3267 ,

207 3297 344 3366 ptiar.

271 3389 462 3461 Κηδάρ
515 3389 628 3460 (87)
687 3388 1048 3460 ἑρμηνεύεται
1126 3389 1498 3458 Ὀστρακίνη.
1563 3389 1780 3460 Ἐπειδὴ

211 3479 453 3548 πανταχῆ
473 3479 523 3532 οἱ
559 3477 866 3548 Κηδαρῖται
911 3477 1265 3549 διεϐλήθησαν
1300 3477 1449 3547 (88),
1498 3476 1570 3540 ὥς
1616 3496 1780 3549 φησιν

218 3570 482 3641 Ἱερεμίας
499 3585 512 3597 ·
544 3586 563 3619 ε
593 3567 844 3621 Διέλθετε
869 3569 948 3632 είς
969 3569 1164 3639 νήσους
1184 3571 1466 3639 Κεττιεὶμ,
1496 3569 1590 3622 καὶ
1614 3569 1774 3634 ἴδετε,

208 3663 295 3715 καὶ
324 3663 410 3724 είς
435 3660 626 3731 Κηδάρ
660 3660 1051 3722 ἁποστείλατε,
1081 3661 1174 3714 καὶ
1206 3662 1434 3732 νοήσατε
1463 3660 1668 3731 σφόδρα
1686 3701 1701 3726 ,
1728 3662 1777 3715 εἰ

208 3753 385 3821 γέγονε
413 3752 642 3806 τοιαῦτα
667 3769 680 3782 ·
726 3753 774 3805 εί
814 3749 1147 3814 ἀλλάξωνται
1182 3751 1308 3823 ἔθνη
1336 3752 1489 3815 θεοὺς
1519 3752 1716 3807 αὐτῶν.
1752 3773 1771 3806 ι

220 3844 429 3914 Ἐπειδὴ
464 3845 575 3914 γὰρ
606 3841 668 3907 ἐξ
699 3842 923 3896 ἐκείνων
960 3842 1334 3913 είδωλομανῶν
1365 3839 1431 3912 ἦν
1456 3845 1489 3915 ή
1529 3844 1777 3915 ἐξομολο-

207 3934 456 4003 γουμένη,
481 3934 665 4002 λέγει’
703 3952 718 3983 ι
771 3933 857 3996 Ὡς
885 3931 1218 4004 σκηνώματα
1243 3934 1453 4006 Κηδὰρ,
1494 3934 1570 3998 ὡς
1593 3935 1778 4007 esset;

205 4024 472 4096 Σαλομιών.
512 4045 532 4076 ι
576 4023 738 4092 Λέγει
783 4025 877 4078 καὶ
917 4024 978 4077 τὸ
1019 4022 1079 4088 ἐξ
1135 4026 1403 4079 Ἰουδαίων
1445 4026 1555 4096 (89)
1587 4028 1680 4080 καὶ
1714 4027 1774 4094 ἐξ

207 4116 397 4181 ἐθνῶν,
441 4115 765 4186 σκηνώμασι
804 4116 901 4186 μὲν
945 4116 1136 4187 Κηδὰρ
1176 4117 1304 4180 τοὺς
1341 4116 1402 4182 ἐξ
1433 4116 1602 4171 ἐθνῶν
1635 4119 1772 4190 αύτῇ

203 4208 430 4278 ἥκοντας
481 4207 888 4271 ἀπεικάζουσα,
935 4210 1002 4279 τῇ
1058 4207 1210 4278 δέῥρι
1255 4208 1312 4260 δὲ
1369 4208 1463 4261 τοῦ
1515 4207 1772 4279 Σαλομὼν

201 4298 396 4367 ὁμοίως
423 4298 550 4361 τοὺς
573 4298 682 4351 ἀπὸ
723 4297 989 4350 Ἰουδαίων
1015 4298 1260 4361 πιστοὺς,
1285 4298 1379 4350 καὶ
1407 4299 1616 4363 πάντας
1646 4300 1773 4364 τοὺς

203 4390 386 4458 σάκκῳ
424 4387 828 4458 ὲξιλεουμένους
853 4388 913 4441 τὸ
944 4387 1116 4442 Θεῖον.

267 4480 364 4533 lB'.
401 4481 494 4533 Στ.
531 4487 592 4532 ε’.
633 4479 728 4548 Μὴ
756 4478 1034 4548 βλέψητέ
1069 4497 1147 4550 με
1182 4481 1271 4533 ὅτι
1303 4480 1416 4549 ἐγώ
1444 4482 1561 4552 ειμι
1588 4499 1765 4552 μεμε-

199 4571 532 4642 λαγωμέν-η.
570 4572 660 4625 ὅτι
689 4570 1030 4640 παρέόλεψέ
1053 4589 1130 4640 με
1162 4575 1194 4626 ὀ
1223 4571 1413 4640 ἣλιος.

265 4665 356 4734 Μὴ
395 4661 732 4733 ἀπελπίσητέ
769 4679 867 4734 με,
895 4663 1063 4734 φησὶ,
1089 4661 1178 4715 διὰ
1216 4662 1315 4724 τὰς
1341 4661 1450 4714 τῶν
1484 4661 1768 4734 ἁμαρτιῶν

266 4777 310 4808 ⁸⁹
335 4777 502 4832 Eccli.
531 4793 572 4844 ι,
602 4778 692 4832 32.
767 4777 814 4810 '°
841 4776 1086 4842 Psal.cs,
1119 4778 1170 4844 1,
1209 4777 1261 4834 2.
1339 4779 1382 4809 ⁸⁸
1411 4779 1534 4832 Act.
1562 4793 1681 4843 vni,
1706 4777 1776 4832 30
1801 4791 1922 4847 sqq.

268 4892 377 4963 (:19)
411 4889 502 4947 Sic
553 4891 855 4963 legendum.
907 4891 1066 4948 Barb.
1104 4891 1267 4946 habet
1300 4890 1587 4963 εὐθύτητα.
1622 4893 1758 4948 Vall.

203 4971 251 5014 et
281 4962 466 5016 Tbeat.
495 4961 625 5015 εὐθὺ
653 4961 739 5016 τά.

268 5030 379 5098 (80)
413 5032 582 5086 Sacer
612 5042 788 5086 textus
820 5029 979 5086 habet
1005 5028 1305 5085 θεοσέϐεια.

270 5102 372 5168 (81)
408 5101 650 5155 Pessime
703 5110 808 5155 vet.
849 5101 1080 5169 interpr.
1143 5115 1377 5166 tasquus
1427 5109 1609 5156 autem
1654 5113 1767 5167 est,

202 5174 290 5238 qui
309 5172 460 5225 malis
472 5171 725 5226 omnibus
742 5170 1003 5239 privatur,
1021 5171 1430 5226 condelectatur
1449 5186 1598 5235 vero,
1612 5192 1630 5223 ι
1660 5183 1768 5227 etc.

267 5239 374 5309 (8'2)
400 5239 538 5311 Lego
566 5241 797 5311 ἑντονίᾳ.

262 5307 374 5380 (85)
406 5307 527 5380 llaEc
554 5323 661 5365 vet.
699 5307 924 5378 interpr.
954 5309 1035 5366 sic
1061 5310 1226 5365 vertit
1251 5327 1264 5362 :
1291 5327 1310 5360 ι
1334 5307 1449 5365 Non
1479 5320 1561 5367 est
1589 5321 1768 5366 autem

200 5382 434 5448 corporis
465 5379 697 5435 fuscatio
733 5398 745 5410 ·
772 5395 947 5450 neque
970 5381 1208 5450 carnalis
1236 5379 1395 5446 hujus
1415 5396 1628 5450 sponsae
1662 5384 1762 5435 ite-

203 5396 434 5448 corports
465 5396 697 5435 tuscauo
733 5398 745 5410 ·
772 5396 840 5434 ne
882 5397 947 5434 ne
970 5396 1208 5437 carnalis
1237 5396 1395 5446 Inuus
1415 5396 1628 5450 sponsae
1662 5396 1761 5435 tte-

203 5465 308 5520 rum
326 5462 545 5520 putetur
571 5396 1282 5520 pulcltritugoﬁedl‘uscam
1309 5465 1428 5506 eain
1454 5453 1633 5520 dicit,»
1655 5461 1761 5507 etc.

203 5518 338 5574 Nihil
362 5518 638 5590 ejusmodi
658 5523 955 5590 interprete
987 5519 1281 5576 infelicius.

259 5591 369 5662 (88)
393 5587 474 5645 ’Δέ
502 5607 571 5644 ex
596 5587 861 5646 Vallicell.

261 5659 371 5730 (85)
427 5661 728 5724 Salutatus,
790 5659 1032 5730 tquippe
1083 5660 1148 5716 de
1198 5661 1432 5729 peccatis
1484 5661 1757 5729 acceperit

1961 2281 2222 2352 Sponsam
2281 2285 2520 2342 arbitror
2588 2287 2728 2344 ﬁlias
2791 2287 3120 2346 l-liernsalem
3188 2295 3458 2363 appellare

1889 2374 2231 2442 prepheticas
2274 2375 2541 2444 justorunt
2599 2378 2828 2436 animas.
2884 2382 2952 2436 Et
2989 2396 3206 2453 peccata
3239 2388 3458 2456 quidem

1888 2466 2206 2531 conﬁtetur;
2257 2469 2442 2536 sponsi
2487 2483 2620 2524 vero
2675 2471 3012 2530 humanitate
3055 2475 3289 2545 laetatur,
3328 2481 3456 2549 quia

1887 2554 2134 2607 concedit
2199 2565 2542 2622 peccatorum
2628 2559 3027 2626 paenitentiam.
3111 2559 3244 2618 Vide
3318 2564 3458 2618 banc

1887 2642 2094 2697 fuscam
2143 2657 2330 2698 revera
2364 2653 2419 2700 et
2463 2643 2789 2714 lormosam,
2831 2665 2951 2720 quae
2982 2651 3135 2706 initio
3189 2651 3348 2707 ducto
3391 2655 3458 2709 ab

1886 2735 2134 2788 eunucho
2167 2734 2421 2803 Aﬁtbiope
2447 2737 2884 2806 praedicationem
2916 2740 3186 2811 Unigcnili
3225 2745 3456 2812 suscepit

1888 2841 1984 2896 per
2016 2823 2318 2895 Philippum
2356 2827 2657 2896 apostolum
2690 2829 2756 2881 ".
2792 2828 2942 2885 Unde
2961 2833 3121 2886 etiam
3154 2833 3320 2888 David
3345 2835 3457 2888 ait:

1891 2936 1909 2968 ι
1940 2917 2216 2987 Aitbiopia
2246 2919 2536 2987 praeveniet
2561 2936 2776 2975 manum
2810 2921 2930 2992 ejus
2962 2925 3067 2979 Deo
3093 2925 3157 2979 ⁸’.
3187 2945 3207 2978 ι

1247 3203 1328 3270 ὡς
1359 3203 1556 3272 δέῤῥις
1585 3206 1776 3258 Σαλο-

1955 3170 2047 3227 ΧΙ.
2092 3169 2159 3226 Ut
2197 3173 2535 3228 tabernacula
2563 3173 2754 3243 Cedar,
2787 3185 2843 3230 ut
2881 3177 3038 3246 pelles
3066 3176 3386 3239 Salomonis.

1960 3369 2135 3426 Cedar
2179 3370 2568 3440 interpretatur
2606 3369 2897 3426 Ostracine.
2942 3371 3205 3440 Quoniam
3257 3378 3455 3446 ubique

1880 3462 2145 3519 Cedaritae
2172 3461 2310 3516 male
2349 3460 2659 3528 audiebant,
2690 3470 2748 3516 ut
2771 3462 2847 3517 ait
2873 3460 3139 3520 Jeremias
3181 3483 3194 3520 :
3227 3465 3453 3522 «Trans-

1880 3556 1954 3612 ite
1998 3555 2065 3608 ad
2107 3553 2310 3609 insulas
2367 3551 2657 3620 Chettiim',
2702 3562 2758 3608 et
2802 3553 3026 3609 videte:
3067 3564 3122 3612 et
3171 3556 3224 3612 in
3280 3557 3453 3614 Cedar

1879 3646 2098 3711 mittite,
2141 3655 2197 3700 et
2233 3645 2579 3701 considerate
2631 3646 3003 3712 vehementer,
3044 3647 3090 3702 si
3137 3647 3280 3705 facta
3327 3661 3453 3705 sunt

1879 3737 2036 3802 talia;
2083 3739 2127 3792 si
2186 3737 2513 3792 mutaverint
2554 3747 2740 3808 gentes
2784 3737 2914 3793 deos
2967 3754 3094 3795 suos
3127 3741 3208 3822 \”.
3237 3761 3258 3794 ι
3318 3741 3451 3797 Cum

1878 3831 2020 3886 enim
2054 3845 2116 3884 ea
2151 3841 2294 3886 esset
2343 3832 2409 3886 de
2450 3830 2655 3886 insanis
2685 3830 2787 3886 illis
2834 3829 3097 3886 idolorum
3131 3833 3448 3900 cultoribus,
3539 3903 3544 3908 ,

1878 3921 2167 3976 conﬁtetur
2213 3930 2269 3977 et
2326 3921 2500 3978 dicit:
2538 3940 2557 3972 ι
2591 3921 2659 3977 Ut
2719 3921 3062 3977 tabernacula
3127 3923 3321 3991 Cedar,
3391 3936 3451 3980 ut

1877 4013 2040 4084 pelles
2070 4013 2398 4069 Salomonis.
2431 4033 2450 4065 ο
2509 4011 2650 4068 Dicit
2675 4026 2734 4068 se
2767 4011 2936 4082 ipsam
2976 4029 3118 4080 esse,
3157 4026 3208 4071 et
3255 4031 3318 4073 ex
3351 4017 3450 4072 Ju-

1877 4109 2026 4173 daeis,
2071 4118 2125 4163 et
2161 4123 2226 4163 ex
2262 4109 2554 4180 gentibus:
2591 4109 2956 4164 tabernaculis
3006 4111 3222 4179 quidem
3271 4111 3450 4166 Cedar

1875 4202 2180 4257 assimilans
2233 4216 2326 4257 eos
2357 4203 2449 4272 qui
2493 4202 2558 4258 ad
2600 4218 2716 4258 eam
2752 4213 3016 4259 venerunt
3047 4219 3113 4257 ex
3156 4205 3444 4272 gentibus;

1875 4292 1998 4360 pelli
2028 4300 2207 4347 autem
2244 4292 2552 4348 Salomonis
2582 4293 2834 4348 similiter
2867 4294 3071 4358 ﬁdeles,
3123 4295 3212 4362 qui
3257 4294 3323 4348 ab
3352 4291 3448 4348 ιιι-

1871 4380 2002 4433 datis
2030 4377 2255 4448 profecti
2285 4388 2448 4444 sunt;
2497 4389 2552 4434 et
2576 4395 2768 4435 omnes
2798 4396 2957 4435 sacco
2991 4381 3157 4436 Deum
3206 4381 3444 4452 placant.

1942 4470 2057 4526 XII.
2102 4470 2266 4526 Vens.
2317 4468 2370 4522 5.
2413 4468 2497 4523 Ne
2535 4470 2751 4524 videatis
2799 4471 2940 4539 quod
2990 4486 3083 4542 ego
3131 4471 3282 4540 fusca
3321 4475 3444 4540 sim,

1799 4543 1840 4598 θ
1872 4565 2116 4637 quoniam
2143 4562 2374 4632 despexit
2399 4577 2477 4615 me
2501 4560 2603 4615 sol.

1946 4656 2028 4709 Ne
2052 4669 2156 4718 me,
2190 4653 2387 4723 inquit,
2419 4653 2708 4724 desperare
2740 4653 2972 4721 faciatis,
2997 4667 3218 4727 propter
3241 4672 3438 4728 pecca-

2021 4775 2066 4806 ⁸²
2094 4771 2236 4828 Psal.
2269 4786 2438 4838 van,
2477 4770 2566 4824 51.
2675 4770 2721 4804 ⁸³
2748 4771 2948 4828 Jerem.
2981 4789 3042 4838 υ,
3073 4775 3158 4828 10.

1867 4892 2126 4962 Inclinat,
2160 4887 2254 4950 9.5,
2284 4888 2492 4962 μῄποτε
2543 4887 2618 4959 δῷ
2670 4889 2853 4953 αὐτοῖς
2905 4891 2934 4942 ὁ
2984 4889 3116 4954 Θεὸς
3151 4892 3442 4962 μετάνοιαν

1869 4962 1947 5022 είς
1974 4960 2262 5026 ἐπίγνωσιν
2293 4958 2569 5028 ἀληθείας.

1943 5030 2058 5099 (86)
2088 5027 2496 5099 ΡΙιίΙὶρριιείὶΙΙο
2548 5038 2666 5082 erat
2699 5043 2840 5082 unus
2872 5043 2901 5081 e
2941 5038 3146 5097 septem
3197 5030 3442 5087 disi-onis

1874 5096 2011 5168 quos
2035 5098 2153 5151 Act.
2189 5113 2262 5162 vr,
2290 5097 2343 5162 5,
2373 5098 2433 5150 ο.
2465 5096 2639 5152 Lucas
2664 5096 3069 5152 commemorat.
3109 5100 3214 5154 Sed
3235 5114 3444 5159 veteres

1878 5167 2122 5222 Solebant
2156 5167 2480 5233 apostolicos
2507 5168 2650 5221 viros
2682 5168 2953 5237 appellare
2983 5169 3278 5236 apostolos.
3311 5171 3447 5227 Vide"

1879 5254 1998 5308 qua;
2022 5237 2220 5308 veteris
2249 5237 2512 5308 versionjs
2541 5237 2948 5308 editor_erudite
2977 5240 3042 5308 ad
3073 5241 3218 5294 hunc
3241 5240 3438 5296 locum.

1946 5307 2056 5377 (87)
2075 5307 2146 5360 De
2175 5306 2346 5377 Ccdar
2368 5315 2421 5359 et
2448 5305 2730 5377 Ostracine
2771 5307 2936 5360 multa
2965 5307 3183 5364 disserit
3207 5313 3272 5363 ad
3298 5313 3441 5365 hunc

1813 5381 1817 5388 '
1875 5375 2050 5432 locum
2087 5377 2222 5430 lectu
2256 5376 2410 5444 plane
2436 5376 2596 5446 digna
2639 5377 2780 5431 idem
2811 5387 2918 5431 vet.
2947 5380 3216 5432 versionis
3238 5381 3435 5434 editor.

1939 5447 2050 5514 (88)
2081 5446 2244 5502 Vetus
2277 5448 2541 5514 interpres
2581 5447 2907 5501 luculentius
2950 5461 3170 5502 Sensum
3200 5452 3437 5503 auctoris

1865 5516 2085 5583 exponit
2114 5535 2130 5570 :
2170 5534 2188 5567 ι
2219 5514 2424 5583 Ubique
2460 5516 2792 5570 Cedarenses
2825 5516 2876 5570 in
2931 5515 3209 5584 Scriptura
3255 5520 3436 5573 divina

1865 5587 1930 5640 de
1959 5586 2260 5640 idololatria
2294 5587 2595 5653 culpantur,
2625 5588 2763 5640 sicut
2788 5587 2857 5637 ait
2884 5596 2938 5640 et
2967 5587 3287 5642 Jeremias.»

1933 5657 2041 5724 (89)
2078 5654 2145 5710 Τὸ
2182 5654 2251 5719 ἐξ
2296 5655 2610 5710 Ἰουδαίων.
2653 5656 2891 5724 ιΙΙιηΙγτό
2946 5669 3030 5708 est
3059 5674 3086 5708 a
3122 5659 3239 5724 rod.
3282 5655 3438 5708 Valli-

200 5723 580 5797 po-aiitentiam.
609 5749 629 5782 ι
670 5723 788 5786 νει.
851 5723 1134 5799 interpres,
1189 5723 1482 5799 {quoniam
1517 5731 1563 5783 ei
1595 5723 1755 5781 datur

1893 5723 2106 5799 elliano.
2135 5724 2391 5799 Legerem
2425 5726 2635 5799 lubens,
2671 5724 2732 5799 τὸ
2760 5723 2858 5793 μὲν
2890 5726 2942 5790 ἐξ
2987 5723 3273 5788 Ἰουδαίων,
3297 5727 3356 5780 τὸ
3381 5729 3439 5781 δὲ

198 5801 500 5868 pauitantia
543 5809 912 5873 peccatorum.
937 5817 954 5850 ι
985 5798 1077 5854 Est
1103 5798 1320 5855 Paulina
1368 5799 1560 5856 locutio
1583 5799 1622 5852 ll
1654 5799 1748 5855 Ti-

1857 5795 1916 5862 ἐξ
1944 5795 2130 5861 ἐθνῶν,
2165 5813 2181 5845 ι
2204 5796 2400 5864 partim
2427 5810 2491 5850 ex
2525 5797 2749 5860 Judmis,
2783 5807 2980 5864 parum
3014 5810 3075 5848 ex
3113 5799 3385 5856 sonitibus.
3411 5816 3429 5845 ι
