4038 6134
415 325 423 334 ’
524 323 592 379 ιτ
1639 318 1973 376 'PIIILONIS
2011 319 2318 378 EPISCOPI
2359 319 2674 378 CABPASII
3696 316 3766 368 48

523 455 696 499 torum
731 456 972 500 meorum
1007 441 1305 510 nigrorem,
1341 441 1483 510 quod
1511 439 1726 511 oblique
1755 457 1841 498 me
1870 457 2092 514 aspexe-

2202 443 2478 515 μελανίας,
2504 445 2585 497 ὅτι
2610 441 2916 514 παρέὸλεψέ
2949 459 3017 514 με
3046 439 3303 510 Χριστὸς.
3381 439 3478 510 τῆς
3502 435 3770 490 δικαιοσύ-

523 536 594 588 rit
622 532 868 591 Christus
901 533 1127 603 justitite
1174 531 1274 587 sol.
1323 530 1378 588 Si
1409 533 1552 587 enim
1581 533 1833 595 sensibile
1865 543 2010 589 esset
2039 533 2093 588 id

524 627 590 679 de
613 641 722 696 quo
750 638 929 680 sermo
953 635 1058 690 est,
1089 633 1144 678 et
1168 624 1234 677 de
1265 625 1378 678 sole
1404 623 1714 693 aspectabili
1759 624 2092 708 loqueretur,

524 733 632 773 non
665 719 888 781 diceret,
943 734 960 767 ι
991 715 1216 784 Oblique
1259 728 1346 769 me
1379 714 1468 767 hic
1497 713 1574 769 sol
1607 715 1815 784 aspexit
1842 734 1854 770 :
1885 734 1905 767 ι
1947 731 2092 780 nam,

526 808 620 879 qui
653 811 706 863 in
741 811 929 863 umbra
954 808 1044 862 alti
1075 807 1394 874 educatique
1415 815 1557 871 sunt,
1587 807 1769 877 potius
1791 807 2088 863 albescunt.

527 901 618 957 illa
677 909 856 955 autem
915 909 1038 953 ante
1075 898 1229 952 ﬁdem
1279 897 1331 952 in
1378 912 1591 951 vesano
1633 897 1894 953 idolorum
1947 898 2093 953 cultu

521 1001 761 1064 versata,
810 999 865 1046 et
919 990 988 1044 ab
1033 989 1253 1058 iustitia:
1297 986 1410 1043 sole
1469 989 1815 1043 transversim
1853 998 2094 1058 aspecta,

528 1086 673 1138 fusca
707 1065 852 1136 facta
886 1090 990 1146 est,
1027 1080 1198 1134 donec
1245 1097 1264 1131 ι
1294 1071 1572 1148 speciosus
1613 1076 1785 1131 forma
1823 1094 1935 1148 prae
1968 1078 2093 1133 ﬁliis

529 1173 800 1230 hominum
839 1171 888 1204 “
917 1189 936 1222 ι
995 1171 1212 1225 veniens
1255 1170 1529 1240 impressit
1571 1170 1623 1223 in
1687 1183 1751 1223 ea
1793 1183 1890 1238 per
1917 1168 2094 1238 bapti-

531 1279 706 1317 smum
743 1261 1193 1331 pulchritudinem
1225 1258 1861 1327 suam,quemadmodum
1887 1259 1962 1312 ait
1989 1258 2096 1312 Da-

527 1355 612 1410 vid
647 1373 662 1410 :
698 1352 1021 1424 «Signatum
1082 1359 1166 1406 est
1214 1351 1266 1405 in
1333 1349 1488 1405 nobis
1535 1350 1710 1403 lumen
1764 1349 1944 1404 vultus
1995 1350 2092 1415 tui,

531 1445 752 1502 Domine
796 1445 842 1476 ⁸⁵
869 1459 886 1509 ;
918 1461 937 1495 ι
966 1451 1020 1496 ει
1072 1456 1262 1497 rursus
1314 1440 1446 1495 alibi
1479 1457 1493 1495 :
1530 1458 1549 1492 ι
1580 1440 1648 1496 Et
1694 1439 1800 1495 erit
1842 1439 2093 1511 splendor

528 1537 736 1592 Domini
771 1535 864 1591 Dei
894 1535 1062 1590 nostri
1100 1547 1263 1603 super
1291 1547 1392 1588 nos
1414 1531 1481 1586 ⁸⁸.
1512 1550 1532 1584 ι

595 1734 734 1792 Xlll.
773 1733 906 1789 Filii
942 1731 1125 1788 matris
1163 1747 1290 1787 mete
1327 1711 1685 1803 pugnaverant
1723 1733 1778 1788 in
1821 1749 1922 1787 me.

2202 551 2300 604 νης
2330 535 2358 586 ὁ
2379 533 2548 604 ἣλιος.
2581 533 2646 585 Εἰ
2685 531 2794 602 γὰρ
2834 529 3088 601 αίσθητδν
3127 527 3238 600 (90)
3272 523 3340 598 ἦν
3388 526 3450 578 τὸ
3481 524 3771 594 λεγόμενον
3857 547 3865 553 ·

2202 625 2298 678 καὶ
2323 625 2449 696 περὶ
2472 623 2661 677 τούτου
2695 621 2789 675 τοῦ
2822 621 2971 692 ἡλίου
2997 617 3065 692 ἦν
3097 619 3157 672 τὸ
3192 615 3538 699 λαλούμενον,
3572 615 3672 668 οὐκ
3704 613 3774 667 ἀν

2203 712 2388 781 ἔλεγεν
2410 752 2424 777 ,
2445 714 2527 766 ὃτι
2564 710 2906 784 «Παρέὸλεψέ
2943 728 3010 782 με
3033 713 3060 762 ὁ
3076 709 3225 780 ἥλιος
3239 699 3408 771 ὀὗτος
3427 723 3440 736 ·
3457 724 3475 758 ι
3499 703 3635 760 ἀλλά
3658 705 3740 776 (91
3752 714 3771 772 )

2208 806 2407 878 μᾶλλον
2457 809 2506 861 oi
2582 808 2709 878 σκιᾷ
2769 805 3125 877 τροφούμενοι
3187 800 3320 872 (92)
3377 797 3765 852 λευκαίνονται.

2215 897 2426 968 Ἐκείνη
2455 896 2513 950 δὲ
2537 898 2594 950 ἐν
2625 899 2745 960 ταῖς
2772 897 2878 949 τῶν
2909 895 3139 949 εἰδώλων
3159 888 3519 962 ἐξεταζομένη
3555 885 3772 958 μανίαις

2204 983 2432 1060 πρὸτῆς
2462 988 2716 1054 πίστεως,
2742 988 2834 1040 και)¹
2868 987 2972 1040 ὑπὸ
3003 984 3096 1040 τοῦ
3119 985 3217 1054 τῆς
3243 981 3589 1051 δικαιοσύνης
3620 976 3772 1048 ἡλίου

2205 1079 2605 1151 παρεωραμένη
2669 1080 2879 1150 ὑπῆρχε
2933 1075 3392 1148 μεμελανωμένη·
3451 1072 3556 1134 ἕως
3593 1064 3654 1124 οῦ
3697 1071 3775 1121 «ό

2201 1170 2400 1242 ὡραῖος
2413 1170 2595 1225 κάλλει
2621 1170 2772 1240 παρά
2793 1171 2918 1233 τοὺς
2940 1169 3088 1231 υἱοὺς
3101 1166 3207 1220 τῶν
3230 1163 3530 1236 ἀνθρώπων
3559 1181 3580 1214 ι
3600 1176 3766 1232 παρα-

2201 1263 2512 1333 γενόμενος,
2551 1262 2613 1316 τὸ
2655 1262 2846 1316 ἐαυτοῦ
2893 1261 3089 1323 κάλλος
3134 1259 3222 1313 διά
3261 1256 3356 1311 τοῦ
3401 1254 3773 1325 βαπτίσματος

2201 1354 2620 1408 ἐναπετύπωσεν
2651 1355 2733 1416 είς
2769 1354 2964 1425 αὐτήν·
3015 1349 3199 1414 καθὼς
3223 1349 3318 1404 καὶ
3355 1348 3518 1402 Δασὶδ
3546 1347 3770 1416 φάσκει·

2207 1466 2225 1499 ι
2277 1445 2620 1517 Ἐσημειὼθη
2651 1448 2734 1516 ἐφ’
2775 1447 2924 1516 ἡμᾶς
2952 1443 3012 1498 τὸ
3041 1443 3156 1512 φῶς
3193 1441 3286 1495 τοῦ
3327 1438 3618 1512 προσώπου
3653 1453 3769 1498 σου,

2200 1537 2374 1610 Κύριε
2393 1556 2407 1571 ο
2445 1556 2463 1589 ι
2499 1539 2594 1592 καὶ
2613 1536 2848 1608 ἀλλαχοῦ
2882 1536 3042 1590 πάλιν
3062 1549 3075 1564 ·
3115 1554 3133 1586 ι
3162 1535 3273 1586 Καὶ
3300 1534 3439 1585 ἔστω
3462 1533 3496 1602 ἡ
3529 1527 3774 1601 λαμπρό-

2201 1647 2301 1702 της
2327 1630 2532 1703 Κυρίου
2563 1629 2657 1684 τοῦ
2682 1629 2816 1683 Θεοῦ
2842 1629 2997 1700 ἡμῶν
3025 1627 3110 1697 ἐφ’
3139 1627 3302 1697 ἡμᾶς.
3343 1643 3362 1677 ι

2273 1742 2371 1796 ll".
2409 1741 2528 1796 Υἱοὶ
2549 1742 2780 1811 μητρός
2801 1758 2920 1810 μου
2946 1738 3317 1810 ἐμαχέσαντο
3350 1737 3420 1790 ἐν
3445 1734 3595 1804 ἐμοί.

591 1829 760 1887 Filios
809 1827 997 1882 matris
1045 1838 1156 1880 sua:
1199 1826 1435 1880 arbitror
1483 1826 1661 1881 dicere
1687 1825 1958 1895 sapientes
1991 1838 2094 1881 Cte-

2273 1833 2438 1896 Υἱοὺς
2463 1833 2666 1905 μητρὸς
2681 1833 2852 1904 αὐτῆς
2878 1827 3030 1902 οἶμαι
3049 1830 3174 1892 τοὺς
3199 1829 3393 1898 σοφοὺς
3413 1828 3510 1897 τῆς
3539 1827 3776 1896 ἐπουρα-

530 1921 682 1976 lestis
718 1919 866 1990 regni
909 1917 1081 1983 ﬁlios,
1117 1915 1405 1987 apostolos.
1444 1915 1516 1972 Ut
1571 1927 1750 1972 autem
1805 1917 2105 1973 luculenter

528 2016 927 2068 demonstretur
972 2019 1247 2065 strenuam
1301 2017 1356 2062 et
1398 2008 1678 2078 pulchram
1722 2023 1952 2079 pugnam
2009 2024 2104 2078 pa-

528 2118 647 2158 rere
674 2117 890 2172 pacem,
931 2101 1212 2168 zelumtu
1250 2096 1433 2152 amare
1478 2099 1754 2164 divinum,
1815 2099 1936 2155 vide
1977 2099 2102 2169 quid

530 2195 724 2251 Paulus
752 2195 896 2248 dicat
921 2211 936 2248 :
965 2211 984 2245 ι
1014 2193 1132 2247 Dixi
1164 2192 1358 2262 Cephea
1384 2229 1400 2256 ,
1437 2210 1457 2243 ι
1491 2190 1695 2260 inquit,
1728 2209 1747 2243 ι
1781 2206 1961 2246 coram
1987 2207 2102 2246 om-

527 2285 686 2340 nibus
714 2302 728 2338 :
766 2284 823 2338 Si
862 2293 914 2338 tu
944 2298 1064 2338 cum
1090 2282 1306 2338 Judaaus
1338 2281 1446 2347 sis,
1479 2281 1755 2352 gentiliter
1781 2293 1836 2336 et
1868 2298 1972 2336 non
2007 2281 2103 2338 Ju-

528 2374 683 2426 daice
699 2373 885 2426 vivere
919 2370 1194 2426 instituisti
1228 2379 1448 2439 prapter
1474 2369 1746 2425 Christum
1775 2381 1830 2425 et
1857 2371 2094 2426 aediﬁca-

528 2460 728 2516 tionem
773 2459 1038 2526 ﬁdelium,
1073 2474 1173 2514 cur
1215 2468 1404 2528 gentes
1445 2459 1596 2529 cogis
1639 2459 1925 2526 judaizare
1950 2463 1996 2496 "
2024 2461 2047 2514 ?
2075 2479 2094 2512 ι

526 2555 842 2626 Hujusmodi
895 2553 1175 2623 paciﬁcam
1227 2566 1536 2622 pugnavere
1591 2567 1826 2623 pugnam
1880 2555 1933 2610 in
1984 2570 2091 2620 ea;

524 2658 808 2718 pr0pterea
847 2644 979 2702 dicit
1014 2649 1090 2701 ε’(
1127 2641 1253 2698 Filii
1293 2644 1484 2698 matris
1534 2657 1670 2700 meae
1719 2654 2098 2716 pugnaverunt

525 2742 581 2796 in
618 2756 721 2796 me.
755 2759 774 2792 ι

593 2849 736 2907 XIV.
781 2850 1076 2904 Posuerunt
1115 2865 1195 2904 me
1233 2847 1503 2920 custodem
1545 2849 1601 2902 in
1638 2847 1817 2903 vineis.
1884 2847 2095 2902 Vineam

526 2955 694 2994 meam
735 2955 840 2992 non
875 2939 1151 2992 custodivi.

605 3031 769 3086 Vinea
809 3030 1050 3100 pluribus
1073 3030 1210 3087 locis
1248 3031 1304 3086 in
1344 3028 1518 3086 sacris
1558 3027 1854 3098 Seripturis
1893 3029 2094 3099 scripta

2204 1923 2315 1979 νίου
2352 1924 2625 1994 βασιλείας
2659 1924 2829 1987 υἱοὺς,
2854 1922 2980 1985 τοὺς
3006 1920 3336 1983 ἀποστόλους
3364 1917 3700 1986 λέγειν.⁶’1να
3715 1915 3772 1969 δὲ

2204 2015 2517 2085 σαφέστατα
2541 2014 2724 2085 δειχθῇ
2759 2013 2870 2084 (95)
2900 1996 3110 2084 ἀγαθήν
3155 2027 3214 2063 τε
3247 2010 3340 2064 καὶ
3391 2008 3561 2079 καλὴν
3592 2006 3772 2076 μάχην

2202 2103 2297 2159 καὶ
2327 2103 2546 2175 είρήνης
2579 2100 2946 2173 παρεκτικὴν,
2993 2100 3088 2153 καὶ
3123 2099 3284 2170 ζήλου
3317 2096 3656 2169 ἐμπνέουσαν
3684 2095 3772 2147 ἐν-

2203 2195 2350 2262 θέον,
2395 2193 2556 2265 βλέπε
2579 2193 2630 2247 τί
2664 2192 2876 2256 Παῦλος
2905 2192 3080 2261 λέγει·
3116 2209 3134 2242 ι
3177 2189 3522 2262 Ἐμπροσθεν
3552 2188 3770 2242 πάντων

2202 2286 2351 2341 εἷπον
2389 2286 2467 2357 τῷ
2496 2288 2662 2357 Κηφᾷ
2684 2301 2697 2315 ·
2737 2287 2800 2339 Εἰ
2840 2285 2904 2339 σὺ
2942 2284 3188 2348 Ἰουδαῖος
3214 2284 3492 2355 ὑπάρχων,
3516 2277 3766 2342 ἐθνικῶς,

2201 2380 2294 2434 καὶ
2330 2381 2430 2433 οὐκ
2464 2378 2785 2444 Ἰουδαϊκῶς,
2817 2378 2915 2450 ζῇν
2943 2377 3252 2449 προῄρησαι
3291 2376 3402 2447 (94)
3423 2374 3509 2428 διά
3535 2373 3771 2445 Χριστὸν

2200 2475 2294 2524 καὶ
2326 2471 2422 2543 τὴν
2449 2471 2734 2542 οἰκοδομὴν
2762 2469 2871 2525 τῶν
2887 2469 3113 2531 πιστῶν,
3146 2468 3263 2531 πῶς
3283 2467 3349 2520 τά
3378 2465 3504 2536 ἔθνη
3530 2465 3774 2534 ἀναγκά·

2201 2560 2312 2624 ζεις
2358 2559 2668 2625 ἰουδαΐζειν;
2713 2578 2731 2610 ι
2771 2559 3037 2630 Τοιαύτην
3081 2558 3360 2630 εἰρηνικὴν
3432 2556 3773 2627 ἐμαχέσαντο

2201 2653 2380 2724 μάχην
2409 2654 2467 2706 ὲν
2498 2653 2636 2724 αὐτῇ
2665 2671 2678 2684 ·
2713 2653 2792 2706 διὸ
2820 2651 2968 2720 λέγει
2989 2668 3001 2680 ·
3034 2669 3050 2703 ι
3095 2650 3213 2704 Υἱοὶ
3241 2649 3446 2720 μητρός
3488 2665 3589 2718 μου
3633 2649 3772 2718 ἐμα-

2196 2744 2422 2816 χέσαντο
2446 2746 2503 2798 ἐν
2527 2745 2667 2815 ἐμοί.
2702 2765 2720 2796 ι
2800 2803 2806 2807 _

2268 2858 2366 2910 IA'.
2398 2858 2646 2910 Ἔθεντό
2662 2873 2739 2926 με
2763 2855 3156 2925 φυλάκισοάν
3179 2856 3249 2908 ἐν
3283 2855 3626 2925 ἀμπελῶσι·
3665 2853 3774 2912 τὸν

2197 2945 2514 3016 ἀμπελῶνα
2544 2947 2652 3018 (95)
2675 2948 2821 3016 ἐμὸν
2851 2949 2962 3000 οὐκ
2983 2947 3273 3016 ἐφύλαξα.

2279 3037 2563 3108 Ἀμπελὼν
2627 3037 3039 3108 ἀναγέγραπται
3102 3038 3342 3108 πολλαχῆ
3391 3037 3490 3108 μὲν
3539 3039 3598 3091 ἐν
3650 3039 3772 3101 ταῖς

533 3125 822 3196 reperitur.
859 3120 1108 3177 Breviter
1139 3121 1421 3177 dicendum
1457 3131 1541 3176 est
1567 3119 1934 3189 evangelicum
1967 3117 2092 3172 illud

2200 3126 2369 3190 θείαις
2392 3127 2634 3197 Γραφαϊς
2653 3142 2665 3155 ·
2699 3127 2754 3178 ἐν
2783 3127 3015 3197 ἐπιτομῇ
3044 3125 3098 3178 δέ
3124 3125 3340 3179 λεκτέον
3381 3127 3440 3180 τὸ
3489 3126 3770 3196 εὐαγγελιυ

528 3215 741 3270 Domini
795 3216 859 3268 de
908 3215 975 3270 iis
1007 3215 1099 3284 qui
1157 3230 1261 3269 non
1313 3215 1444 3268 dant
1491 3212 1736 3277 fructus,
1786 3213 1851 3265 iis
1889 3211 1979 3280 qui
2020 3208 2096 3281 (a

526 3303 955 3374 patrefamilias)
1016 3303 1162 3358 missi
1217 3302 1432 3357 fuerunt
1477 3319 1491 3356 :
1545 3317 1564 3351 ι
1596 3298 1788 3354 Veniet
1849 3297 2096 3353 dominus

523 3396 728 3460 vineas,
775 3405 830 3451 et
885 3395 1055 3449 malos
1107 3394 1246 3448 male
1295 3395 1482 3464 perciet
1535 3391 1724 3461 ipsos,
1777 3398 1832 3445 et
1887 3391 2096 3444 vineam

527 3487 728 3541 locabit
759 3485 880 3539 aliis
913 3484 1166 3553 agricolis
1198 3484 1287 3554 qui
1339 3484 1565 3538 reddent
1605 3481 1816 3535 fructus
1862 3490 2099 3550 tempore

526 3591 625 3633 suo
660 3578 730 3631 ⁸⁸.
768 3595 788 3630 ι
839 3577 1142 3630 Conﬁrmat
1203 3585 1382 3630 autem
1437 3573 1700 3628 "Dominus
1755 3572 1994 3638 dictum,
2045 3580 2100 3627 et

525 3667 710 3721 subdit
746 3667 931 3721 dicens
965 3667 1032 3718 ad
1067 3680 1203 3722 eos:
1245 3682 1264 3715 ι
1300 3664 1589 3717 Auferetur
1621 3677 1649 3714 a
1687 3662 1841 3716 vobis
1872 3675 2097 3731 regnum

527 3757 620 3810 Dei
655 3755 724 3813 ³⁸.
764 3774 784 3808 ι
848 3755 1049 3809 Deinde
1099 3753 1334 3823 loquitur
1387 3755 1455 3807 de
1501 3753 1602 3807 hae
1653 3764 1877 3822 sponsa,
1935 3766 2096 3821 quam

526 3849 674 3900 novit
721 3847 772 3900 iu
822 3845 1065 3900 Canticis
1112 3844 1449 3898 canticorum
1505 3857 1626 3897 cum
1678 3857 1736 3896 se
1772 3841 1893 3911 ipso
1928 3841 2096 3896 collo-

523 3939 710 4009 quium
748 3940 950 3993 liabere
983 3954 998 3991 :
1033 3955 1052 3988 ι
1088 3937 1154 3990 Ει
1186 3935 1403 3990 dabitur
1437 3935 1584 4005 genti
1626 3934 1844 3989 facienti
1881 3932 2097 3989 fructus

523 4032 640 4102 ejus
673 4031 742 4086 ⁶⁰.
773 4049 794 4083 ›
826 4030 948 4084 Ηωο
1001 4028 1070 4082 ab
1120 4028 1378 4098 apostolis
1432 4027 1652 4097 ponitur
1701 4027 1754 4080 iu
1817 4027 1919 4081 liae
1973 4026 2096 4080 ﬁdei

525 4123 679 4177 vinea
737 4131 921 4176 custos
980 4119 1190 4174 fructus
1252 4119 1464 4173 multos.
1515 4132 1763 4172 racemos
1824 4117 2091 4172 habentis.

528 4232 548 4264 ι
593 4213 892 4269 Posueruut
932 4227 1017 4264 me
1043 4211 1322 4265 custodem
1364 4209 1417 4262 in
1456 4207 1631 4262 vinea.
1665 4226 1685 4260 ι
1723 4205 1925 4260 Deinde
1959 4220 2092 4260 con-

523 4306 811 4361 fessionem
909 4319 1063 4358 suam
1127 4301 1348 4371 exponit
1409 4298 1713 4354 Juda‘orum
1784 4313 2089 4371 synagoga,

523 4397 745 4465 ipsaque
796 4395 1016 4461 fatetur,
1071 4409 1128 4449 se
1175 4409 1202 4448 a
1249 4392 1448 4448 Judaeis
1480 4393 1546 4447 ad
1590 4401 1833 4446 sanctam
1879 4391 2091 4445 venisse

2200 3218 2294 3271 κδν
2326 3218 2501 3271 ἐκεῖνο
2527 3218 2731 3288 Κυρίου
2774 3215 2886 3287 (96)
2917 3217 3045 3287 περ).
3089 3217 3196 3269 τῶν
3233 3217 3307 3288 μὴ
3346 3216 3596 3273 διδόντων
3643 3219 3770 3282 τοὺς

2199 3308 2446 3378 καρποὺς
2479 3309 2592 3370 τοῖς
2635 3306 3046 3359 ἀποσταλεῖσιν·
3085 3325 3104 3358 ι
3161 3306 3468 3360 Ἐλεύσεται
3501 3308 3530 3359 δ
3584 3308 3774 3382 κύριος

2199 3397 2290 3451 τοῦ
2318 3397 2659 3469 ἀμπελῶνος,
2692 3398 2786 3451 καὶ
2807 3398 3011 3460 κακοὺς
3034 3397 3218 3461 κακῶς
3248 3397 3503 3452 ἀπολέσει
3536 3400 3734 3464 αὐτούς
3753 3414 3768 3430 ·

2200 3490 2293 3542 καὶ
2320 3489 2410 3542 τὸν
2430 3488 2730 3559 ἀμπελῶνα
2773 3486 3068 3541 ἐκδώσεται
3115 3486 3294 3552 ἄλλοις
3325 3491 3610 3560 γεωργοῖς,
3640 3488 3777 3543 οἵτι-

2185 3595 2288 3642 νες
2325 3576 2554 3631 δώσουσι
2595 3579 2720 3641 τοὺς
2759 3579 3006 3648 καρποὺς
3031 3579 3089 3631 ἐν
3121 3581 3232 3642 τοῖς
3265 3582 3476 3651 καιροῖς
3502 3579 3704 3634 αὐτῶν.
3743 3598 3764 3633 ι

2211 3669 2268 3721 '0
2310 3667 2366 3720 δὲ
2409 3665 2612 3737 Κύριος
2659 3666 2867 3736 βεϐαιοῖ
2900 3667 2960 3719 τὸ
3006 3670 3176 3738 ῥῆμα,
3221 3671 3320 3720 καὶ
3362 3669 3556 3736 ὲπάγει
3595 3667 3771 3737 λέγων

2200 3759 2334 3831 πρὸς
2355 3759 2623 3823 ἐκείνους·
2663 3775 2682 3810 ι
2737 3758 3058 3829 Ἀρθήσεται
3093 3760 3185 3828 ἀφ’
3231 3759 3384 3830 ὑμῶν
3425 3761 3457 3832 η
3522 3758 3769 3829 βασιλεία

2197 3849 2290 3902 τοῦ
2322 3848 2478 3902 Θεοῦ.
2513 3867 2531 3901 ι
2560 3849 2669 3902 Kal.
2705 3848 2856 3918 λέγει
2888 3851 3018 3921 περὶ
3053 3849 3276 3920 ταύτης,
3309 3844 3376 3922 ἧς
3404 3847 3513 3904 οἶδε
3546 3849 3769 3922 νύμφης

2197 3935 2299 4005 τῆς
2329 3937 2387 3988 ἐν
2420 3936 2691 4008 ’ᾼσμασιν
2715 3937 2862 4008 αὐτῷ
2902 3938 3362 4010 προσομιλούσης·
3399 3958 3417 3990 ι
3453 3940 3562 3992 Καὶ
3587 3940 3765 4013 δωθή-

2199 4041 2350 4079 σεται
2383 4025 2524 4080 ἔθνει
2544 4027 2621 4099 τῷ
2647 4027 2886 4081 ποιοῦντι
2916 4030 3041 4092 τοὺς
3073 4031 3321 4101 καρποὺς
3358 4029 3541 4083 αὐτοῦ.
3569 4050 3588 4083 ι
3612 4031 3764 4104 Αὕτη

2196 4116 2303 4169 ὑπὸ
2329 4116 2438 4170 τῶν
2468 4119 2778 4173 ἀποστόλων
2805 4119 3013 4172 τίθεται
3051 4119 3360 4190 φυλάκισσα
3394 4123 3450 4175 ἐν
3480 4122 3766 4192 ἀμπελῶνι

2194 4209 2367 4280 τούτῳ
2393 4210 2492 4280 τῆς
2515 4209 2754 4274 ’πίστεως
2775 4210 3097 4281 πολυϐότρυῖ
3131 4210 3345 4282 καρπῷ.
3387 4229 3406 4262 ι
3441 4213 3664 4266 Ἐθεντό
3696 4232 3764 4285 με

2196 4297 2536 4368 φυλάκισσαν
2568 4303 2626 4354 ἐν
2654 4301 2954 4372 ἀμπελῶνι.
2989 4320 3008 4354 ι
3043 4298 3177 4355 Εἶτα
3220 4301 3684 4376 ἐξομολογουμένη
3729 4307 3764 4376 ἡ

2207 4391 2476 4444 Ἰουδαίων
2512 4392 2822 4462 συναγωγὴ,
2849 4393 2944 4446 καὶ
2979 4392 3114 4462 αὐτὴ
3149 4394 3399 4462 ὁμολογεί
3429 4395 3503 4460 ὡς
3532 4394 3761 4448 ἐλθοῦσα

522 4487 859 4553 Ecclesiam,
918 4497 975 4542 et
1025 4487 1148 4541 ait:
1184 4503 1203 4538 ι
1237 4486 1460 4540 Vineam
1519 4498 1691 4538 meam
1749 4497 1856 4535 non
1906 4491 2086 4536 custo-

2200 4481 2302 4536 ἀπὺ
2347 4483 2616 4537 Ἰουδαίων
2637 4487 2716 4548 είς
2742 4485 2839 4554 τὴν
2863 4485 3025 4552 ἀγίαν
3073 4485 3417 4555 Ἐκκλησίαν,
3451 4486 3544 4540 καί
3588 4504 3760 4556 φησι·

520 4580 626 4635 divi
660 4596 676 4635 :
712 4598 732 4632 ι
764 4579 817 4634 id
849 4589 966 4643 est,
999 4593 1119 4646 qua:
1165 4576 1222 4632 in
1269 4576 1385 4646 lege
1431 4583 1594 4628 antea
1641 4581 1908 4643 praecepta
1966 4571 2085 4628 fue-

2196 4592 2217 4627 ι
2256 4575 2359 4628 Τὸν
2380 4576 2672 4646 ἀμπελῶνα
2705 4576 2835 4646 ἐμὸν
2868 4577 2966 4630 οὐκ
2987 4575 3250 4646 ἐφύλαξα·
3287 4598 3304 4629 ›
3341 4579 3479 4650 ὅπερ
3508 4581 3661 4634 ἐστί·
3681 4580 3764 4634 Τά

588 4775 636 4810 ³⁸
674 4773 992 4846 Βουμτιιν,
1029 4773 1083 4829 5.
1160 4771 1206 4803 "
1252 4768 1392 4826 Psal.
1419 4783 1495 4835 iv,
1525 4767 1581 4823 Ἰ.
1654 4769 1704 4802 ³⁸
1742 4767 1885 4825 I'sal.
1922 4785 2094 4826 um

2200 4771 2276 4826 I7.
2353 4779 2396 4811 ⁸⁷
2431 4775 2604 4831 Galat.
2654 4793 2715 4840 tt,
2753 4778 2838 4830 Η.
2918 4777 2964 4807 ⁸⁸
3005 4776 3193 4832 Matth.
3230 4795 3344 4846 xxi,
3375 4780 3462 4834 41.
3543 4782 3587 4813 ⁸⁸
3628 4781 3760 4837 ibid.

520 4850 612 4904 43.
689 4845 735 4876 ⁸⁸
774 4844 904 4899 ibid.

590 5025 705 5100 (90)
743 5027 813 5080 El
841 4998 956 5095 γὰρ
985 5023 1292 5100 αἰσθητῶς.
1342 5021 1464 5100 limo
1517 5023 1744 5100 barbare
1793 5025 1872 5100 sic
1926 5027 2087 5100 vertit

2255 5026 2760 5105 (92)_Omnes_quos
2793 5025 2956 5105 _vidi,_
2983 5027 3332 5095 manuscripti
3378 5027 3582 5105 habent
3630 5035 3761 5105 σκιᾷ

520 5093 628 5153 vei.
651 5093 934 5169 interpres,
961 5107 1016 5149 ut
1038 5110 1226 5169 canon
1256 5094 1410 5169 facile
1435 5094 1697 5169 intelligas
1719 5111 1731 5148 :
1755 5113 1773 5147 ι
1798 5093 1912 5149 Νοη
1940 5098 2082 5169 enim

2200 5093 2560 5169 ςροφούμενοι.
2596 5093 2901 5169 Legendum
2934 5095 3164 5169 fortasse
3196 5093 3717 5169 σκιατραφούμενοι.

519 5177 637 5222 erat
677 5165 929 5220 sensibile
974 5166 1114 5234 quod
1162 5164 1394 5227 dicebat,
1427 5165 1518 5217 sed
1557 5167 1624 5218 de
1654 5165 1758 5219 isto
1789 5174 1906 5219 erat
1949 5165 2081 5231 sole,

519 5237 660 5309 quod
690 5234 1187 5309 loquebatur._Nam
1228 5248 1331 5287 non
1365 5234 1641 5309 diceret,_¢
1663 5237 1792 5309 quia
1837 5235 2084 5309 despexit

518 5301 606 5361 {ne
632 5305 732 5359 sol.
762 5301 793 5356 “»
819 5301 934 5374 Non
964 5305 1106 5358 enim
1132 5301 1410 5358 fuscantur
1423 5317 1558 5373 quos
1584 5301 1811 5374 despicit
1835 5304 1916 5359 sol
1939 5301 2079 5370 iste;
2145 5357 2161 5370 ,

519 5377 610 5432 sed
630 5374 821 5443 magis,
837 5373 958 5426 dum
979 5376 1166 5428 umbra
1191 5384 1502 5443 pascuntur,
1525 5373 1866 5430 candidiores
1891 5377 2077 5427 ﬁunt.)

588 5445 700 5515 (9|)
756 5443 883 5515 Inde
922 5443 1463 5515 apparetul’hilouem
1529 5444 1617 5515 illa
1665 5445 1804 5500 sacri
1857 5453 2070 5515 textus;

515 5511 639 5570 Ὅτι
669 5511 1070 5586 παρέδλεψέμε
1090 5511 1121 5566 '6
1147 5513 1420 5586 mtoc,_sic
1439 5513 1788 5586 intellexisse,
1824 5522 1881 5568 ut
1911 5513 2078 5586 inter-

523 5582 891 5654 premturAD“
919 5582 1235 5639 Ambrosius
1289 5582 1526 5637 Homilia
1577 5586 1642 5636 de
1683 5582 1862 5648 Isaac,
1895 5584 1986 5654 qui
2021 5592 2078 5636 ut

517 5651 820 5776 obsicrvavilt
849 5651 1110 5722 Nobilius,
1141 5655 1300 5711 vertit
1327 5671 1339 5708 :
1378 5654 1684 5721 «Quoniam
1710 5669 1817 5711 nou
1850 5651 2079 5710 intuitus

517 5739 574 5776 II
621 5736 707 5776 me
733 5735 796 5776 50
820 5761 831 5776 .
853 5739 874 5776 ο

515 5731 600 5779 σοι
621 5736 707 5778 m0
733 5731 831 5779 SOI.
853 5739 874 5776 ι

2258 5168 2370 5237 (95)
2395 5166 2500 5220 Sic
2541 5167 2844 5228 emendavi,
2869 5181 3008 5237 ﬁcum
3047 5166 3208 5220 Barb.
3255 5175 3310 5221 et
3352 5166 3554 5222 Vallic.‘
3590 5171 3756 5226 habe-

2184 5236 2296 5291 rent
2337 5236 2520 5307 λεχθῇ.
2545 5246 2610 5307 ~et
2651 5236 2834 5307 itidem
2866 5236 3054 5307 The-at.

2254 5307 2368 5374 (94)
2399 5303 2499 5360 'Sie
2537 5305 2846 5377 legendum.
2889 5304 3050 5377 Bari).
3094 5307 3456 5377 προαιρεῖται.
3485 5303 3751 5366 Vallicell.

2183 5377 2484 5448 προαιρεῖς.
2528 5376 2718 5448 Tlteat.
2754 5375 3089 5448 προαιρεῖσε.

2259 5445 2370 5515 (95)
2408 5445 2529 5516 llaec
2557 5446 2720 5498 verba
2748 5445 3125 5516 _addit_li,‘quia
3165 5458 3226 5499 ea
3271 5445 3536 5516 explicata
3586 5447 3758 5505 habes

2189 5516 2243 5569 in
2269 5512 2388 5569 line
2429 5515 2594 5586 hujus
2640 5512 3048 5586 explanationis.
3082 5514 3253 5586 _Vetus
3307 5512 3531 5586 interpr.
3572 5517 3645 5571 ita
3687 5533 3754 5574 ea

2188 5594 2447 5654 separata,
2474 5584 2626 5653 ponit
2664 5599 2786 5654 cum
2827 5583 3222 5652 explanatione,
3259 5594 3315 5640 ut
3348 5583 3561 5641 versum
3603 5602 3758 5644 seor-

2189 5653 2288 5710 sim
2311 5655 2378 5705 ab
2403 5653 2521 5709 aliis
2549 5653 2896 5708 constituant.

2259 5721 2370 5794 (96)
2413 5721 2498 5779 Sic
2532 5723 2828 5791 legendum.
2859 5721 2992 5778 Male
3014 5723 3169 5779 Barb.
3197 5734 3250 5780 et
3282 5723 3466 5781 Vallis.
3521 5727 3751 5798 κυρίως,
