4038 6134
479 289 541 344 51

1621 273 1940 340 PHILOle
1979 285 2283 342 EPISCOPI
2323 285 2639 341 CAﬂPASll
3653 273 3722 332 ΞΩ

484 401 755 470 indignam
783 399 1104 470 praestiteris
1131 415 1252 458 mea
1280 400 1447 472 gloria
1471 441 1486 466 ,
1519 415 1680 472 pasce
1713 403 1893 460 lim-dos
1913 444 1928 470 ,
1959 403 2059 461 hoc

2181 406 2397 476 τεαυτὴν
2424 406 2688 477 καθιστᾷς
2720 405 2820 475 τῆς
2851 405 2986 474 ἐμῆς
3005 403 3182 473 δόξης,
3208 402 3459 472 ποίμαινε
3480 397 3577 459 τὰς
3609 395 3723 468 ἐρί-

486 501 599 555 est,
629 498 976 557 peccatorum
1009 491 1238 547 animas.

557 582 697 636 XIX.
739 581 804 635 In
848 575 1197 640 tabernaculis
1233 594 1524 650 pastorum.

556 673 610 726 In
648 673 1007 730 tabernaculis
1061 675 1189 730 dicit
1227 690 1412 746 regum
1465 677 1674 744 Israel;
1712 688 1896 748 aperte
1929 693 2059 750 apo-

451 785 455 790 ·
500 763 689 818 stolica
733 779 869 820 voce
908 765 1213 822 clamante:
1245 784 1264 818 ι
1311 767 1523 823 Etenim
1573 771 1648 826 illi
1701 787 1806 826 non
1858 772 2060 844 effuge-

493 862 619 906 runt
660 867 821 924 super
863 853 1066 910 terram
1109 868 1422 911 recusantes
1489 873 1711 927 regnum
1756 861 1958 915 Christi
2004 871 2059 916 et

493 945 582 999 Dei
613 947 702 1014 qui
735 944 951 1000 oracula
977 946 1171 1001 edebat
1197 945 1262 1001 ".
1301 965 1320 1000 ι

562 1122 682 1178 XX.
725 1124 887 1179 Vrsas.
917 1123 971 1178 8.
1014 1121 1288 1194 Equitatui
1321 1142 1430 1181 meo
1459 1126 1514 1180 in
1542 1127 1780 1182 curribus
1817 1126 2058 1182 Pharao-

495 1215 574 1268 nis
603 1214 889 1268 assimilam‘
917 1224 964 1269 te
984 1257 999 1282 ,
1028 1216 1434 1288 proximantem

566 1305 909 1375 Equitatum,
955 1306 1167 1375 Opinor,
1218 1321 1411 1373 suum,
1446 1305 1718 1376 justorum
1763 1323 2057 1378 congrega-

501 1394 702 1449 tionem
744 1395 992 1464 intelligit
1031 1407 1248 1466 propter
1291 1397 1521 1454 celerem
1548 1398 1816 1468 justorum
1856 1400 1910 1453 in
1951 1401 2062 1468 pie-

498 1488 628 1540 tatis
673 1488 851 1542 stadio
880 1502 1120 1543 cursum.
1167 1489 1259 1543 Ait
1296 1490 1438 1544 enim
1474 1509 1492 1542 ι
1524 1491 1575 1545 in
1624 1491 1873 1547 curribus
1925 1492 2061 1547 Pha-

495 1575 714 1639 raonis;
749 1595 766 1628 ι
793 1576 921 1646 quia
957 1577 1206 1632 curribus
1229 1578 1577 1650 intelligibilis
1610 1578 1903 1636 Pharaonis
1936 1581 2061 1636 olim

495 1664 682 1733 juncta
714 1675 860 1734 erat,
893 1667 959 1722 ad
1005 1683 1223 1723 cursum
1269 1668 1322 1722 in
1373 1668 1704 1738 equitatione
1746 1668 2060 1724 idololatrize

2161 512 2316 564 φους,
2346 495 2590 547 τουτέστι
2613 493 2712 558 τὰς
2735 493 2842 546 τῶν
2876 491 3214 563 ἁμαρτωλῶν
3247 490 3442 560 ψυχάς.

2232 585 2334 640 18';
2387 584 2518 638 Ἐπὶ
2549 583 2902 651 σκηνώμασι
2925 581 3043 634 τῶν
3067 579 3383 648 ποιμένων.

2247 676 2370 729 ’Enl.
2402 675 2722 746 σκηνώμασι
2753 675 2899 743 λέγει
2918 673 3026 727 τῶν
3051 673 3146 726 τοῦ
3185 669 3398 742 Ἰσραὴλ
3423 667 3681 738 βασιλέων
3707 683 3723 698 ο

2163 767 2388 837 ἀντικρὺ
2436 767 2530 820 τοῦ
2568 764 2923 819 ἀποστολικοῦ
2971 765 3212 835 ῥήματος
3253 760 3512 832 βοῶντοςσ
3554 777 3572 809 ι
3617 759 3728 811 Καὶ

2163 857 2272 928 γὰρ
2301 858 2496 910 ἐκεῖνοι
2530 856 2630 910 οὐκ
2663 856 2923 925 ἐξέφυγον
2964 857 3057 907 ἐπὶ
3090 855 3217 923 γῆς,
3260 850 3727 923 παραιτησάμενοι

2159 947 2257 1018 τὴν
2316 947 2593 1016 βασιλείαν
2640 947 2734 1000 τοῦ
2767 946 3192 1018 χρηματίζοντος
3248 944 3324 1016 (7)
3363 942 3599 1014 Χριστοῦ
3635 943 3728 995 καὶ

2161 1037 2316 1090 Θεοῦ.
2344 1057 2362 1088 ι

2233 1129 2315 1180 Κ’.
2362 1129 2450 1181 Στ.
2503 1135 2572 1198 η’.
2627 1127 2702 1196 Τῇ
2757 1129 2919 1191 ἵππῳ
2967 1145 3087 1198 μου
3133 1127 3204 1181 ἐν
3255 1124 3477 1195 ἅρμασι
3522 1123 3734 1193 Φαραὼ

2161 1219 2435 1289 ὠμοίωσά
2476 1236 2570 1284 σε,
2602 1221 2640 1286 ἠ
2666 1221 2931 1287 πλησίον
2951 1237 3092 1290 μου.

2237 1311 2434 1364 Ἵππον
2463 1312 2562 1382 (8),
2595 1307 2772 1382 οἶμαι,
2814 1311 3028 1376 ἑαυτοῦ,
3061 1311 3162 1380 τὴν
3195 1307 3303 1362 τῶν
3349 1308 3574 1363 δικαίων
3605 1324 3731 1360 συν-

2162 1403 2382 1473 αγωγὴν
2404 1402 2570 1472 λέγει,
2593 1403 2681 1456 διὰ
2699 1403 2788 1457 τὸν
2809 1403 3061 1457 momen
3078 1401 3185 1456 τῶν
3207 1400 3429 1455 δικαίων
3452 1401 3510 1452 ὲν
3537 1399 3734 1470 σταδίῳ

2162 1495 2261 1564 τῆς
2287 1493 2564 1557 εὐσεϐείας
2582 1495 2800 1566 δρόμον.
2837 1495 2910 1548 Τὺ
2938 1493 3067 1567 γὰρ,
3107 1512 3128 1546 ι
3161 1494 3218 1546 ὲν
3257 1491 3465 1564 ἅρμασι
3501 1491 3595 1544 τοῦ
3625 1493 3732 1544 Φα-

2166 1582 2333 1654 ραὼ,»
2355 1582 2714 1654 λέγει(9),ὃτι
2741 1587 2797 1638 ὲν
2825 1586 3034 1658 ἅρμασι
3063 1582 3155 1636 τοῦ
3192 1581 3383 1653 νοητοῦ
3407 1580 3734 1652 paganum

2166 1672 2466 1744 ἐζευγμένη
2524 1670 2594 1746 ἦν
2650 1693 2782 1728 ποτε
2837 1675 2971 1747 (11),
3022 1677 3086 1747 τῇ
3137 1675 3235 1745 τῆς
3294 1672 3737 1743 εἱδωλολατρεῖας

501 1757 569 1810 ab
605 1756 722 1826 ipso
769 1757 1010 1812 incitata.
1049 1758 1226 1833 Talis,
1262 1759 1462 1828 inquit,
1499 1774 1618 1814 cum
1650 1775 1831 1828 esses,
1861 1781 1878 1812 (
1909 1763 2062 1830 equi-

2181 1764 2354 1836 ;λασίᾳ
2373 1766 2461 1817 ὑπ’
2483 1765 2648 1818 αὐτοῦ
2679 1767 3028 1836 ἐλαυνομένη.
3055 1784 3072 1816 ι
3097 1765 3364 1834 Τοιαύτην
3383 1779 3462 1826 σε,
3493 1782 3512 1815 ι
3549 1764 3734 1833 φησὶν,

500 1847 633 1899 tatui
693 1862 814 1900 meo
871 1848 1162 1903 assimilavi
1225 1859 1316 1904 te:
1359 1850 1552 1905 inulla
1614 1852 1822 1908 ratione
1878 1852 2062 1907 habita

502 1947 712 1990 tuorum
766 1937 820 1990 in
873 1937 1137 1992 idolorum
1193 1938 1338 1994 cultu
1394 1948 1448 1995 et
1497 1941 1547 1996 in
1599 1942 1744 1997 omni
1792 1942 2063 1997 dementia

499 2015 839 2095 peccatorum
884 2068 900 2092 ,
951 2031 1352 2099 compendiaria
1405 2033 1576 2102 gratia
1634 2048 1729 2103 per
1787 2032 2063 2089 lavacrum

500 2119 926 2186 regenerationis
979 2130 1165 2174 nostro
1195 2139 1215 2172 ι
1250 2130 1302 2176 ιε
1358 2123 1619 2193 equitatui
1670 2124 1960 2180 assimilavi
1989 2142 2008 2194 ;
2041 2145 2060 2178 ›

498 2209 762 2286 iustorum
822 2208 1028 2264 scilicet
1071 2213 1512 2283 congregationi,
1561 2213 1791 2270 celerem
1847 2216 2063 2270 habenti

503 2315 716 2354 cursum
751 2300 804 2356 in
836 2301 1010 2356 stadio
1040 2303 1258 2370 pietatis
1286 2322 1299 2368 ;
1331 2305 1780 2375 quemadmodum
1819 2305 1979 2360 etiam
2013 2305 2065 2359 in

501 2391 806 2462 Evangeliis
844 2392 1099 2448 Dominus
1133 2394 1201 2449 iis
1233 2396 1322 2464 qui
1359 2411 1519 2451 unam
1548 2399 1916 2452 tantummodo
1945 2412 2069 2466 ope-

505 2481 608 2535 rati
663 2481 877 2537 fuerant
932 2483 1164 2548 horam,
1224 2487 1468 2540 eamdem
1517 2487 1822 2542 mercedem
1882 2487 2064 2554 dedit,

512 2588 670 2644 quam
704 2575 770 2628 iis
801 2575 892 2645 qui
920 2575 1127 2645 pondus
1157 2589 1318 2631 omne
1348 2577 1451 2631 diei
1485 2587 1832 2646 portaverant
1864 2579 1932 2633 “.

573 2744 716 2799 XXI.
759 2743 923 2799 Vrsas.
959 2744 1014 2801 9.
1057 2742 1227 2809 Quam
1273 2745 1517 2813 speciosa:
1564 2746 1722 2816 facta
1759 2758 1878 2803 sunt
1927 2765 2072 2818 gena:

503 2847 606 2890 tua:
635 2847 689 2888 ut
720 2836 960 2889 turturis.

573 2924 853 2980 Castitatis
908 2940 1133 2983 servans
1188 2937 1270 2982 est
1319 2926 1436 2984 haec
1488 2929 1756 2996 volucris,
1807 2932 2069 3002 agrestis,

503 3015 868 3086 gemebunda,
913 3031 1019 3071 uno
1053 3017 1248 3072 marito
1280 3027 1534 3074 contenta
1565 3037 1578 3075 :
1615 3022 2069 3090 quemadmodum

2176 1851 2385 1908 «οὖσαν
2413 1859 2477 1926 τῇ
2505 1858 2657 1926 ἵππῳ
2679 1873 2779 1926 μου
2805 1856 3066 1926 ὡμοίωσα
3089 1855 3253 1926 (12),›
3277 1854 3351 1926 μὴ
3382 1851 3736 1923 λογισάμενός

2171 1964 2263 2001 σου
2320 1946 2389 2000 τά
2440 1948 2811 2019 ἁμαρτήματα
2862 1947 2929 2000 τά
2983 1947 3085 2014 τῆς
3135 1945 3594 2016 εἰδωλολατρείας,
3659 1941 3737 2014 μὴ

2168 2037 2238 2090 τὰ
2263 2037 2371 2107 (15)
2421 2037 2520 2108 τῆς
2545 2038 2729 2100 ἀνοίας
2759 2037 2959 2108 πάσης,
3001 2037 3250 2107 συντόμῳ
3285 2037 3468 2107 χάριτι
3494 2033 3583 2088 διὰ
3611 2033 3738 2086 λου-

2169 2129 2299 2199 τροῦ
2331 2129 2431 2198 τῆς
2460 2129 2571 2199 (id)
2603 2128 3020 2196 παλιγγενεσίας
3043 2130 3109 2199 τῇ
3135 2127 3382 2198 ἡμετέρᾳ
3416 2144 3433 2177 ι
3472 2123 3740 2196 ὡμοίωσά

2175 2235 2234 2270 σε
2279 2219 2463 2288 ἵππῳ,
2503 2236 2521 2269 ι
2555 2220 2621 2288 τῇ
2674 2218 2782 2270 τῶν
2827 2217 3051 2270 δικαίων
3105 2216 3217 2286 (15)
3265 2217 3594 2284 συναγωγῇ,
3647 2213 3741 2266 τὸν

2171 2308 2369 2380 δρόμον
2399 2307 2524 2371 ὀξὺν
2553 2308 2692 2361 κατὰ
2715 2307 2825 2376 (16)
2855 2307 2916 2361 τὸ
2949 2307 3047 2378 τῆς
3069 2307 3352 2368 εὐσεὸείας
3389 2303 3585 2374 ἐχούσῃ
3615 2302 3742 2356 στά-

2173 2398 2282 2452 διον
2309 2399 2454 2470 (17).
2481 2400 2691 2470 Ὥσπερ
2720 2399 2814 2452 καὶ
2857 2400 2914 2451 ὲν
2966 2397 3318 2466 Εὑαγγελίοις
3344 2398 3372 2449 ὁ
3409 2394 3604 2465 Κύριος
3627 2395 3742 2457 τοῖς

2172 2490 2270 2561 τὴν
2326 2489 2455 2561 μίαν
2511 2489 2660 2561 ὥραν
2718 2490 3116 2560 ἐργασαμένοις
3177 2489 3356 2558 μόνον,
3381 2483 3386 2492 ’
3413 2485 3503 2538 τὸν
3555 2485 3743 2555 ὅμοιον

2178 2580 2366 2650 μισθὸν
2394 2580 2685 2652 ἐχαρίσατο
2714 2583 2825 2644 τοῖς
2859 2581 2978 2633 ὅλον
3006 2579 3067 2632 τὸ
3111 2579 3274 2650 βάρος
3310 2575 3609 2648 βαστάσασι
3643 2573 3742 2643 τῆς

2175 2671 2409 2742 ἡμέραςσ
2999 2737 3014 2751 ,

2249 2763 2380 2815 KA'.
2418 2764 2508 2815 Στ.
2540 2762 2606 2820 6'.
2633 2762 2693 2816 Τί
2716 2759 3103 2830 ὠραιώθησιιν
3121 2763 3180 2814 αἱ
3213 2761 3493 2828 σιαγόνες
3524 2772 3640 2811 σου
3663 2755 3746 2824 ὡς

2175 2853 2461 2921 τρυγόνος
2474 2869 2492 2913 ;

2249 2941 2604 3012 Σωφροσύνης
2635 2942 2826 3012 ἔφορον
2869 2942 2930 2996 τὸ
2965 2941 3074 3014 (18)
3102 2941 3258 3005 ζῶον,
3311 2940 3523 3010 ἄγριον,
3572 2954 3743 3008 μιμη-

2176 3031 2266 3086 λὸν
2283 3029 2416 3102 (19),
2445 3030 2735 3102 μόνανδρον
2758 3049 2770 3061 ·
2795 3031 2983 3102 ὥσπερ
3005 3031 3098 3084 καὶ
3122 3030 3259 3101 αὑτὴ
3285 3031 3318 3100 ή
3350 3028 3478 3097 άγία
3518 3027 3747 3096 Ἐκκλη-

507 3106 620 3173 ipsa
671 3113 856 3161 sancta
910 3102 1156 3162 Ecclesia
1207 3108 1336 3163 olim
1375 3109 1590 3179 quidem
1639 3111 1869 3179 agrestis
1912 3121 2072 3177 erat,

2181 3123 2267 3199 σία
2303 3123 2470 3178 πάλαι
2516 3123 2614 3194 μὲν
2650 3119 2718 3194 ἦν
2758 3124 2944 3195 ἀγρία,
3009 3123 3170 3194 μόνον
3211 3123 3268 3175 δὲ
3333 3122 3499 3192 ἄνδρα
3548 3119 3748 3190 ἔχουσα

510 3213 675 3252 unum
706 3199 879 3252 virum
910 3199 1114 3254 habens
1144 3215 1435 3270 sponsum,
1484 3203 1573 3271 qui
1607 3216 1724 3255 eam
1771 3204 1855 3258 his
1895 3205 2074 3259 verbis

511 3289 824 3358 alloquitur,
883 3290 1337 3360 quemadmodum
1394 3293 1556 3346 etiam
1605 3293 1894 3362 Apostolus
1947 3295 2070 3350 ait:

517 3399 539 3433 ι
570 3379 836 3450 Despondi
888 3381 1032 3436 enim
1087 3395 1185 3435 vos
1237 3381 1329 3438 uni
1387 3377 1504 3438 viro
1557 3384 1814 3454 virginem
1869 3396 2072 3442 castam

511 3472 765 3527 exhibere
796 3471 1010 3526 Christo
1041 3471 1106 3527 ⁸⁷.
1139 3491 1160 3524 ι

581 3560 743 3617 XXII.
776 3560 982 3616 Collum
1011 3574 1156 3616 munt
1183 3564 1316 3618 sicut
1345 3565 1557 3620 monile.

582 3651 774 3706 Mirum
813 3663 897 3707 est
925 3651 1240 3722 intelligere,
1276 3669 1434 3723 quam
1461 3655 1600 3711 bene
1626 3655 1738 3724 ipsa
1771 3671 1828 3712 se
1862 3665 2076 3712 tueatur

511 3743 836 3798 cohaerentia
864 3758 1115 3798 sensuum
1143 3745 1524 3814 Spiritualinm,
1556 3749 1646 3817 qui
1679 3749 1766 3803 hic
1795 3761 2078 3821 exponun-

515 3846 620 3889 tur.
669 3835 802 3889 Cum
851 3835 996 3888 enim
1049 3834 1244 3889 turturi
1291 3845 1510 3905 propter
1547 3837 1814 3892 feritatem
1853 3839 2080 3908 gentiles

517 3927 803 3993 assimilet,
847 3942 952 3981 nou
985 3926 1174 3980 tacitos
1207 3927 1569 3995 praetermittit
1590 3927 1773 3984 ﬁdeles
1793 3943 1858 3985 ex
1885 3926 2081 3984 Iudaeis

2177 3213 2426 3284 νυμφίον,
2457 3213 2515 3278 ὃς
2538 3215 2633 3267 καὶ
2660 3215 2829 3267 ταῦτα
2859 3216 2994 3286 αὐτῇ
3023 3214 3336 3286 προσλαλεῖ,
3374 3210 3556 3274 καθὼς
3589 3209 3684 3263 καὶ
3717 3211 3750 3284 ό-

2194 3304 2513 3368 Ἀπόστολος
2542 3305 2720 3375 λέγει·
2763 3323 2783 3356 ι
2835 3306 3192 3377 Ἦρμοσάμην
3225 3304 3334 3376 γὰρ
3363 3305 3506 3375 ὑμᾶς
3538 3302 3618 3355 ἐν).
3655 3302 3747 3354 άν-

2183 3395 2278 3468 δρὶ
2312 3395 2581 3466 παρθένον
2609 3397 2776 3467 ἁγνὴν
2807 3397 3154 3468 παραστῆσαι
3182 3395 3261 3468 τῷ
3292 3394 3531 3466 Χριστῷ.
3580 3411 3599 3444 ι

2245 3569 2372 3623 KB’.
2421 3569 2722 3639 Τράχηλός
2755 3587 2870 3624 σου
2899 3573 2978 3637 ὡς
3006 3572 3292 3642 ὁρμίσκος
3319 3569 3451 3639 (20).

2260 3661 2587 3732 Ἐκπλήττει
2617 3661 2650 3731 ἡ
2679 3660 2911 3729 γνῶσις,
2940 3662 3058 3725 πῶς
3086 3665 3118 3732 ἡ
3143 3660 3432 3719 ἀκολουθία
3455 3658 3565 3715 τῶν
3593 3659 3746 3728 λεγο-

2185 3753 2359 3823 μένων
2386 3753 2771 3824 πνευματικῶν
2799 3755 3085 3824 νοημάτων
3115 3751 3311 3824 ἑαυτὴν
3343 3751 3522 3815 σώζει.
3566 3751 3749 3803 Ἀπει-

2187 3843 2361 3906 κάσας
2392 3842 2501 3914 γὰρ
2532 3842 2620 3896 διὰ
2648 3845 2746 3915 τὴν
2787 3844 3084 3915 ἀγριότητα
3117 3843 3335 3913 τρυγόνι
3365 3843 3475 3912 (21)
3504 3842 3573 3896 τὰ
3602 3840 3749 3909 ιἔθνη,

2189 3933 2249 3984 οὐ
2283 3933 2462 4004 σιωπᾷ
2497 3932 2744 3996 καὶτοὺς
2783 3933 2891 3988 ἀπὸ
2932 3933 3198 3988 Ἰουδαίων
3239 3931 3634 4002 συναγομένους
3663 3945 3752 3983 πι-

587 4131 632 4162 ⁶⁸
673 4116 834 4184 Hebr.
871 4143 978 4193 xu,
1015 4127 1104 4182 ‘25.
1181 4127 1225 4158 “
1261 4127 1445 4182 Matth.
1481 4141 1572 4190 xx,
1607 4126 1692 4181 12.
1768 4127 1812 4157 ⁸⁷
1850 4125 1892 4180 11
1920 4126 2044 4182 Cor.
2079 4142 2152 4192 ιι,
2182 4129 2235 4182 2.

591 4294 666 4364 (7)
701 4291 870 4346 Sacer
900 4301 1080 4364 textus
1125 4290 1185 4364 l).
1235 4289 1383 4364 Bauli
1421 4291 1500 4345 sic
1533 4298 1616 4345 est
1635 4307 1654 4364 7:
1683 4291 1730 4343 εί
1753 4291 1861 4361 γάρ
1898 4292 2094 4364 ἐκεῖνοι

518 4361 616 4458 οὐδὲ
647 4361 967 4458 ἔιρυέογήτὸν¹
986 4361 1195 4458 ὲπὶιτῆς
1217 4361 1330 4458 γῆξ
1343 4363 1805 4458 πμραιτησάμενοι
1825 4363 2095 4456 χρηματί-
2122 4404 2164 4458 D

443 4467 446 4469 -
520 4439 701 4502 ζοντα.
736 4431 868 4485 Male
885 4441 990 4488 vet.
1023 4431 1286 4502 interpres
1307 4432 1399 4484 ἐπὶ
1413 4431 1513 4500 τῆς
1541 4432 1642 4502 γῆς
1661 4431 2091 4501 χρηματίζοντα,

527 4501 546 4559 ι
573 4506 660 4573 qui
690 4504 926 4573 interra
964 4501 1285 4568 praedicatus
1305 4513 1407 4558 est.
1432 4520 1451 4552 ι
1485 4501 1728 4570 Vulgata,
1761 4519 1779 4551 ι
1805 4502 1896 4570 qui
1930 4517 2092 4572 super

531 4571 728 4632 terram
754 4571 1092 4640 loquebatur.
1120 4589 1138 4623 ι

595 4644 676 4714 (8)
696 4638 1180 4714 Mirumauantum
1200 4650 1518 4714 monstrosa
1541 4640 1630 4714 _sit
1664 4639 1716 4693 in
1741 4638 1897 4714 hujus
1921 4640 2092 4696 νει-εἰ-

525 4709 632 4770 culi
656 4709 1017 4775 explicatione
1048 4709 1244 4764 veteris
1277 4709 1585 4777 interpretis
1615 4711 1814 4765 versio.

595 4781 676 4852 (9)
697 4779 865 4852 ηιμ-ιη
888 4789 941 4834 et
967 4777 1101 4852 Vall.
1124 4779 1324 4852 φαραῶ
1347 4778 1547 4852 λέγειν.

598 4847 711 4923 (10)
747 4847 910 4923 Barb.
948 4859 1002 4904 et
1041 4847 1177 4923 Yall‘.
1212 4847 1442 4923 φαραῶ.
1489 4848 1677 4923 Thea_t.
1745 4857 1931 4923 totum‘
1956 4848 2098 4923 hunc

526 4917 700 4976 locum
728 4919 806 4990 sic
828 4917 1005 4981 habet,
1030 4919 1092 4971 τὸ
1110 4918 1216 4990 γὰρ
1231 4921 1288 4974 ὲν
1301 4917 1537 4990 ἅρμασιν
1560 4918 1653 4971 τοῦ
1682 4919 1870 4990 νοητοῦ
1899 4919 2097 4990 Φαραῶ

526 4988 860 5059 ἐζευγμένην
887 4989 1036 5042 ποτέ.

601 5055 712 5182 (ἐιί)
746 5055 827 5111 ιιεί
859 5058 1161 5179 Emendavi.
1197 5055 1396 5115 Omnes
1437 5058 1649 5115 codices
1703 5059 1903 5116 habent
1937 5058 2094 5124 ἐζευ-

601 5151 610 5182 ‘.
641 5147 736 5182 νην
762 5144 862 5180 ποτ
898 5167 912 5180 ο

641 5147 736 5182 νην
762 5144 912 5180 ποτε.

527 5147 736 5202 γμενην
762 5147 912 5180 ποτε.

605 5201 716 5269 (12)
749 5197 910 5269 Barb.
945 5195 1206 5268 ὠμοίωσά
1237 5214 1316 5262 σε,
1339 5213 1458 5266 quae
1510 5209 1779 5268 postrema
1834 5199 2096 5269 particula

535 5267 743 5390 abesfta
773 5267 958 5323 Vallic.
1000 5267 1236 5336 eamque
1263 5267 1585 5337 expunctarn
1607 5267 1869 5348 oportuii.
1904 5269 2095 5324 Theat.

535 5356 646 5390 ωηο
670 5355 835 5390 ωσας.

527 5341 835 5400 ὠμοίωσας.
1645 5344 1648 5348 ’

578 5356 835 5410 μοιωσας.

605 5407 716 5479 (15)
745 5407 848 5479 l_’_ro
886 5405 961 5477 μὴ
990 5405 1060 5479 τά
1078 5405 1306 5461 libenter
1338 5407 1568 5479 legerem
1599 5409 1734 5479 μήτε
1763 5409 1848 5461 τά.

631 5476 719 5548 id)
752 5476 1074 5548 γοοοιητῆς
1109 5479 1352 5548 τονθοωῄ
1383 5476 1447 5532 ex
1489 5476 1676 5548 The—at.

633 5545 722 5619 15)
747 5547 837 5619 Sic
860 5545 1284 5619 emendavimus.
1317 5545 1776 5619 Barb._et_\'allic.
1807 5547 2002 5619 habent
2029 5549 2096 5619 τῇ

736 5616 993 5691 ὡμοίωσά
1038 5633 1096 5671 σε
1132 5615 1300 5672 εἰπὼν
1343 5619 1408 5688 τῇ
1438 5616 1543 5672 τῶν
1571 5615 1700 5684 δικη
1731 5626 1782 5672 et
1810 5617 1886 5673 sic
1937 5615 2096 5673 etiatii

649 5705 677 5743 a
710 5727 725 5743 .

649 5696 725 5743 at.

2274 4293 2386 4362 (16)
2419 4292 2656 4361 Uterque
2680 4293 2849 4347 codex
2875 4293 2934 4346 B.
2967 4302 3020 4346 et
3048 4291 3112 4362 Υ.
3143 4289 3344 4344 habent
3377 4288 3498 4362 καί,
3528 4288 3669 4362 quod
3701 4289 3758 4346 in

2202 4358 2340 4416 κατὰ
2369 4358 2736 4426 'mutavituus,
2767 4365 2844 4417 sic
2891 4361 3194 4430 postulante
3243 4359 3526 4430 sententia.
3564 4358 3754 4430 Theat.

2194 4435 2352 4488 etiam
2393 4433 2555 4487 habet
2596 4433 2707 4486 καί.
2752 4428 2904 4501 Lego
2949 4429 3090 4484 κατὰ
3138 4434 3236 4500 τῆς
3273 4428 3453 4482 εὺσεῦ.
3521 4428 3754 4501 στάδιον.

2198 4502 2393 4558 Vocem
2428 4501 2636 4555 στάδιον
2665 4516 2768 4556 non
2793 4500 2952 4554 modo
2991 4511 3096 4554 vet.
3140 4501 3423 4566 interpres,
3461 4500 3553 4551 sed
3590 4500 3754 4552 etiam

2197 4573 2491 4635 Salutatus,
2520 4573 2570 4625 in
2593 4587 2692 4626 suo
2727 4573 2956 4640 quisque
2989 4571 3174 4640 codice
3207 4569 3528 4640 habuerunt.
3558 4567 3622 4621 Et
3672 4567 3754 4623 sic

2196 4643 2352 4710 paulo
2373 4651 2496 4695 ante
2523 4641 2729 4695 dixerat
2746 4637 2815 4693 ’έν
2837 4637 3032 4710 σταδίῳ
3050 4639 3148 4710 τῆς
3173 4637 3473 4700 εὐσεϐείας.

2266 4711 2380 4782 (17)
2409 4709 2530 4765 Vet.
2556 4710 2842 4782 interpres,
2872 4726 2964 4763 seu
3005 4707 3182 4778 potius
3208 4718 3381 4771 vetus,
3416 4717 3474 4761 ut
3508 4715 3658 4777 puto,
3691 4707 3758 4762 li-

2197 4779 2407 4836 brarius
2428 4782 2618 4834 iterum
2647 4779 2891 4834 eumdem
2917 4795 3074 4848 quem
3103 4793 3284 4848 supra,
3310 4787 3456 4832 errat
3477 4792 3751 4834 errorem:

2204 4869 2222 4901 ‹
2247 4851 2300 4904 iu
2331 4851 2508 4905 studio
2544 4850 2776 4917 pietatis.
2804 4867 2823 4900 ι

2267 4920 2380 4990 (18)
2411 4917 2752 4990 Ερτιείτοῦτο
2776 4918 2856 4972 τό.

2273 4984 2386 5061 (19⁷)
2427 4988 2546 5061 Yet.
2574 4989 2770 5061 interp.
2799 5007 2812 5042 :
2845 5005 2862 5039 ι
2890 4986 3000 5061 Hoc
3019 4987 3215 5061 animal
3238 4984 3472 5042 castitati
3503 4985 3754 5061 devotum

2199 5055 2302 5127 est,
2343 5061 2484 5128 quod
2515 5058 2639 5112 licet
2663 5055 2836 5128 rerum
2871 5059 2964 5120 sit,
2996 5058 3246 5128 tamenin
3279 5071 3382 5128 una
3416 5055 3754 5128 conjunctio-

2203 5125 2582 5198 ne'perdurat.
2610 5146 2630 5180 ι
2678 5127 2952 5182 Salutatus
2984 5128 3074 5198 qui
3128 5127 3301 5198 locum
3372 5125 3514 5198 hunc
3559 5126 3754 5188 reddit,

2206 5218 2224 5250 ι
2245 5194 2508 5268 castitatis
2539 5198 2756 5261 animal,
2787 5194 3018 5268 agreste,
3055 5197 3321 5268 getnihile.
3352 5194 3614 5268 r_vidett_tr
3660 5210 3758 5263 pro

2203 5267 2436 5340 μιμηλάν
2470 5267 2662 5340 legisse
2686 5264 2928 5340 utvuédv,
2956 5264 3077 5340 quae
3112 5267 3276 5340 lectio
3308 5264 3434 5340 mihi
3463 5264 3752 5340 probatur;

2199 5334 2372 5407 neque
2403 5334 2544 5392 enini
2553 5334 2831 5460 ίμιμηλόςζ
2865 5356 2882 5388 ι
2912 5334 3155 5391 imitandi
3201 5335 3418 5390 solertia
3444 5334 3756 5404 praeditus,»

2199 5409 2324 5463 huic
2361 5407 2476 5461 loco
2500 5408 2548 5460 vi
2591 5417 2710 5460 etur
2747 5407 3051 5460 convenire.

2217 5423 2324 5462 11116
2361 5421 2476 5461 IOCO
2500 5421 2710 5460 VIGCIUI'
2747 5421 3051 5460 convenire.

2271 5477 2384 5548 (20)
2415 5475 2489 5530 Ita
2531 5477 2697 5531 codex
2734 5476 3026 5548 alexandr.
3057 5488 3213 5548 quem
3255 5473 3567 5544 plerumque
3609 5472 3760 5528 vide-

2207 5543 2295 5602 tur
2319 5543 2506 5601 auctor
2527 5547 2701 5613 sequi.
2738 5544 2878 5599 Edit.
2913 5543 3034 5598 Vat.
3073 5545 3349 5614 ὁρμίσκοι.

2267 5616 2379 5685 (ei)
2416 5617 2506 5670 Sic
2527 5609 2826 5685 emendavi,
2859 5623 2914 5669 ut
2956 5609 3119 5671 habet
3147 5609 3330 5671 'colcx
3359 5612 3545 5671 Vallic.
3569 5609 3764 5670 Caeteri

2198 5684 2367 5744 codd.
2386 5684 2655 5756 τριγόνος.
