  <div class='ocr_page' id='page_1' title='image "/cluster/home/n/w/nwhite01/storage/ocr_20150623/40/mdp.39015041198055/034.png"; bbox 0 0 3986 6128; ppageno 0'>
   <div class='ocr_carea' id='block_1_1' title="bbox 1569 146 1600 179">
    <p class='ocr_par' dir='ltr' id='par_1_1' title="bbox 1569 146 1600 179">
     <span class='ocr_line' id='line_1_1' title="bbox 1569 146 1600 179; baseline 0 0"><span class='ocrx_word' id='word_1_1' title='bbox 1569 146 1600 179; x_wconf 78' lang='grc' dir='ltr'><em>Ι</em></span> 
     </span>
    </p>
   </div>
   <div class='ocr_carea' id='block_1_2' title="bbox 238 338 3494 404">
    <p class='ocr_par' dir='ltr' id='par_1_2' title="bbox 238 338 3494 404">
     <span class='ocr_line' id='line_1_2' title="bbox 238 338 3494 404; baseline 0.001 -4"><span class='ocrx_word' id='word_1_2' title='bbox 238 345 294 400; x_wconf 78' lang='lat'><strong>5&#39;5</strong></span> <span class='ocrx_word' id='word_1_3' title='bbox 1178 346 1577 404; x_wconf 73' lang='lat' dir='ltr'><strong>ENARRATIO</strong></span> <span class='ocrx_word' id='word_1_4' title='bbox 1618 346 1683 401; x_wconf 82' lang='lat' dir='ltr'><strong>IN</strong></span> <span class='ocrx_word' id='word_1_5' title='bbox 1723 346 2072 403; x_wconf 80' lang='lat' dir='ltr'><strong>CANTlCUM</strong></span> <span class='ocrx_word' id='word_1_6' title='bbox 2112 343 2584 403; x_wconf 79' lang='lat' dir='ltr'><strong>CANTICORUM.</strong></span> <span class='ocrx_word' id='word_1_7' title='bbox 3423 338 3494 392; x_wconf 57' lang='lat'><strong>5‘</strong></span> 
     </span>
    </p>
   </div>
   <div class='ocr_carea' id='block_1_3' title="bbox 248 461 1832 540">
    <p class='ocr_par' dir='ltr' id='par_1_3' title="bbox 248 468 1821 540">
     <span class='ocr_line' id='line_1_3' title="bbox 248 468 1821 540; baseline -0.001 -16"><span class='ocrx_word' id='word_1_8' title='bbox 248 470 408 532; x_wconf 75' lang='grc' dir='ltr'>στούς.</span> <span class='ocrx_word' id='word_1_9' title='bbox 432 468 596 523; x_wconf 75' lang='grc' dir='ltr'>Μετὰ</span> <span class='ocrx_word' id='word_1_10' title='bbox 625 469 746 539; x_wconf 77' lang='grc' dir='ltr'><strong>γάρ</strong></span> <span class='ocrx_word' id='word_1_11' title='bbox 775 470 841 523; x_wconf 71' lang='grc' dir='ltr'>τὸ</span> <span class='ocrx_word' id='word_1_12' title='bbox 871 471 1062 535; x_wconf 80' lang='grc' dir='ltr'>εἰπεῖν,</span> <span class='ocrx_word' id='word_1_13' title='bbox 1093 489 1112 522; x_wconf 77' lang='grc' dir='ltr'><strong>ι</strong></span> <span class='ocrx_word' id='word_1_14' title='bbox 1143 471 1396 540; x_wconf 83' lang='grc' dir='ltr'>Σιαγόνες</span> <span class='ocrx_word' id='word_1_15' title='bbox 1415 487 1529 533; x_wconf 86' lang='grc' dir='ltr'>σου,</span> <span class='ocrx_word' id='word_1_16' title='bbox 1564 490 1581 522; x_wconf 73' lang='grc' dir='ltr'><strong>ι</strong></span> <span class='ocrx_word' id='word_1_17' title='bbox 1604 471 1821 538; x_wconf 84' lang='grc' dir='ltr'>ὲπάγει·</span> 
     </span>
    </p>
   </div>
   <div class='ocr_carea' id='block_1_4' title="bbox 1934 461 3490 540">
    <p class='ocr_par' dir='ltr' id='par_1_4' title="bbox 1934 461 3490 538">
     <span class='ocr_line' id='line_1_4' title="bbox 1934 461 3490 538; baseline -0.009 -11"><span class='ocrx_word' id='word_1_18' title='bbox 1934 471 2201 527; x_wconf 88' lang='lat' dir='ltr'><strong>collcctos.</strong></span> <span class='ocrx_word' id='word_1_19' title='bbox 2246 469 2534 538; x_wconf 79' lang='lat' dir='ltr'><strong>Postquam</strong></span> <span class='ocrx_word' id='word_1_20' title='bbox 2570 465 2712 522; x_wconf 88' lang='lat' dir='ltr'><strong>enim</strong></span> <span class='ocrx_word' id='word_1_21' title='bbox 2749 464 2993 524; x_wconf 80' lang='lat' dir='ltr'><strong>dixisset.</strong></span> <span class='ocrx_word' id='word_1_22' title='bbox 3041 481 3060 513; x_wconf 82' lang='grc' dir='ltr'><strong>ι</strong></span> <span class='ocrx_word' id='word_1_23' title='bbox 3103 461 3261 517; x_wconf 65' lang='lat' dir='ltr'><strong>Genua</strong></span> <span class='ocrx_word' id='word_1_24' title='bbox 3301 468 3424 525; x_wconf 82' lang='lat' dir='ltr'><strong>tuae,</strong></span> <span class='ocrx_word' id='word_1_25' title='bbox 3465 477 3490 512; x_wconf 72' lang='grc' dir='ltr'><strong>ι</strong></span> 
     </span>
    </p>
   </div>
   <div class='ocr_carea' id='block_1_5' title="bbox 263 560 1824 634">
    <p class='ocr_par' dir='ltr' id='par_1_5' title="bbox 263 560 1824 634">
     <span class='ocr_line' id='line_1_5' title="bbox 263 560 1824 634; baseline 0.002 -22"><span class='ocrx_word' id='word_1_26' title='bbox 263 583 277 612; x_wconf 85' lang='grc' dir='ltr'><strong>ι</strong></span> <span class='ocrx_word' id='word_1_27' title='bbox 302 560 569 633; x_wconf 67' lang='grc' dir='ltr'>Τρὶχηλός</span> <span class='ocrx_word' id='word_1_28' title='bbox 617 578 718 615; x_wconf 87' lang='grc' dir='ltr'><strong>σου</strong></span> <span class='ocrx_word' id='word_1_29' title='bbox 759 562 842 625; x_wconf 78' lang='grc' dir='ltr'>ὡς</span> <span class='ocrx_word' id='word_1_30' title='bbox 871 564 1131 634; x_wconf 85' lang='grc' dir='ltr'>ὁρμίσκος</span> <span class='ocrx_word' id='word_1_31' title='bbox 1152 581 1164 594; x_wconf 77' lang='grc' dir='ltr'><strong><em>ο</em></strong></span> <span class='ocrx_word' id='word_1_32' title='bbox 1205 583 1223 614; x_wconf 70' lang='grc' dir='ltr'><strong>ι</strong></span> <span class='ocrx_word' id='word_1_33' title='bbox 1272 563 1360 617; x_wconf 80' lang='grc' dir='ltr'><strong>ἵνα</strong></span> <span class='ocrx_word' id='word_1_34' title='bbox 1387 562 1532 634; x_wconf 79' lang='grc' dir='ltr'>δείξῃ</span> <span class='ocrx_word' id='word_1_35' title='bbox 1563 562 1656 615; x_wconf 75' lang='grc' dir='ltr'><strong>καὶ</strong></span> <span class='ocrx_word' id='word_1_36' title='bbox 1699 564 1824 626; x_wconf 82' lang='grc' dir='ltr'>τοὺς</span> 
     </span>
    </p>
   </div>
   <div class='ocr_carea' id='block_1_6' title="bbox 260 650 1826 724">
    <p class='ocr_par' dir='ltr' id='par_1_6' title="bbox 260 650 1826 724">
     <span class='ocr_line' id='line_1_6' title="bbox 260 650 1826 724; baseline -0.002 -18"><span class='ocrx_word' id='word_1_37' title='bbox 260 653 352 706; x_wconf 72' lang='grc' dir='ltr'><strong>ἀπὸ</strong></span> <span class='ocrx_word' id='word_1_38' title='bbox 375 653 642 705; x_wconf 78' lang='grc' dir='ltr'>Ἰουδαίων</span> <span class='ocrx_word' id='word_1_39' title='bbox 666 654 1130 716; x_wconf 82' lang='grc' dir='ltr'><strong>πεπιστευκότας,</strong></span> <span class='ocrx_word' id='word_1_40' title='bbox 1149 654 1238 708; x_wconf 81' lang='grc' dir='ltr'><strong>τὸν</strong></span> <span class='ocrx_word' id='word_1_41' title='bbox 1255 653 1518 724; x_wconf 86' lang='grc' dir='ltr'>ὁρμίσκον</span> <span class='ocrx_word' id='word_1_42' title='bbox 1538 651 1628 706; x_wconf 79' lang='grc' dir='ltr'>τοῦ</span> <span class='ocrx_word' id='word_1_43' title='bbox 1659 650 1826 704; x_wconf 81' lang='grc' dir='ltr'>Ἰούδα</span> 
     </span>
    </p>
   </div>
   <div class='ocr_carea' id='block_1_7' title="bbox 263 741 1822 815">
    <p class='ocr_par' dir='ltr' id='par_1_7' title="bbox 263 741 1822 815">
     <span class='ocr_line' id='line_1_7' title="bbox 263 741 1822 815; baseline 0 -20"><span class='ocrx_word' id='word_1_44' title='bbox 263 743 340 795; x_wconf 71' lang='grc' dir='ltr'>τὸν</span> <span class='ocrx_word' id='word_1_45' title='bbox 379 741 590 796; x_wconf 83' lang='grc' dir='ltr'>δοθέντα</span> <span class='ocrx_word' id='word_1_46' title='bbox 616 744 688 813; x_wconf 77' lang='grc' dir='ltr'>τῇ</span> <span class='ocrx_word' id='word_1_47' title='bbox 720 741 927 814; x_wconf 81' lang='grc' dir='ltr'>Θάμαρ</span> <span class='ocrx_word' id='word_1_48' title='bbox 953 745 1287 815; x_wconf 81' lang='grc' dir='ltr'><strong>ὑπομνήσας.</strong></span> <span class='ocrx_word' id='word_1_49' title='bbox 1336 761 1354 794; x_wconf 79' lang='grc' dir='ltr'><strong>ι</strong></span> <span class='ocrx_word' id='word_1_50' title='bbox 1391 743 1665 814; x_wconf 78' lang='grc' dir='ltr'><strong>Πρόδηλον</strong></span> <span class='ocrx_word' id='word_1_51' title='bbox 1691 742 1822 812; x_wconf 89' lang='grc' dir='ltr'>γὰρ,</span> 
     </span>
    </p>
   </div>
   <div class='ocr_carea' id='block_1_8' title="bbox 266 832 1828 906">
    <p class='ocr_par' dir='ltr' id='par_1_8' title="bbox 266 832 1828 906">
     <span class='ocr_line' id='line_1_8' title="bbox 266 832 1828 906; baseline -0.001 -19"><span class='ocrx_word' id='word_1_52' title='bbox 266 837 338 887; x_wconf 75' lang='grc' dir='ltr'><strong>δτι</strong></span> <span class='ocrx_word' id='word_1_53' title='bbox 379 833 436 897; x_wconf 69' lang='grc' dir='ltr'><strong>ἐξ</strong></span> <span class='ocrx_word' id='word_1_54' title='bbox 479 832 652 886; x_wconf 78' lang='grc' dir='ltr'>Ἰούδα</span> <span class='ocrx_word' id='word_1_55' title='bbox 693 833 1062 887; x_wconf 79' lang='grc' dir='ltr'>ἀνατέταλκεν</span> <span class='ocrx_word' id='word_1_56' title='bbox 1108 834 1136 887; x_wconf 84' lang='grc' dir='ltr'><strong>δ</strong></span> <span class='ocrx_word' id='word_1_57' title='bbox 1176 835 1378 906; x_wconf 83' lang='grc' dir='ltr'>Κύριος</span> <span class='ocrx_word' id='word_1_58' title='bbox 1411 833 1569 904; x_wconf 75' lang='grc' dir='ltr'>ἡμῶν</span> <span class='ocrx_word' id='word_1_59' title='bbox 1622 833 1828 904; x_wconf 80' lang='grc' dir='ltr'>Ἰησοῦς</span> 
     </span>
    </p>
   </div>
   <div class='ocr_carea' id='block_1_9' title="bbox 268 919 1827 994">
    <p class='ocr_par' dir='ltr' id='par_1_9' title="bbox 268 919 1827 994">
     <span class='ocr_line' id='line_1_9' title="bbox 268 919 1827 994; baseline -0.001 -17"><span class='ocrx_word' id='word_1_60' title='bbox 268 923 495 993; x_wconf 74' lang='grc' dir='ltr'>Χριστὸς,</span> <span class='ocrx_word' id='word_1_61' title='bbox 543 940 561 974; x_wconf 79' lang='grc' dir='ltr'><strong>ι</strong></span> <span class='ocrx_word' id='word_1_62' title='bbox 596 922 744 976; x_wconf 77' lang='grc' dir='ltr'>κατὰ</span> <span class='ocrx_word' id='word_1_63' title='bbox 789 922 882 975; x_wconf 84' lang='grc' dir='ltr'><strong>τὸν</strong></span> <span class='ocrx_word' id='word_1_64' title='bbox 938 922 1275 978; x_wconf 81' lang='grc' dir='ltr'>Ἀπόστολον.</span> <span class='ocrx_word' id='word_1_65' title='bbox 1326 919 1457 976; x_wconf 79' lang='grc' dir='ltr'>Εἶτα</span> <span class='ocrx_word' id='word_1_66' title='bbox 1495 922 1593 994; x_wconf 84' lang='grc' dir='ltr'>τὴν</span> <span class='ocrx_word' id='word_1_67' title='bbox 1635 921 1827 992; x_wconf 82' lang='grc' dir='ltr'>γενεάν</span> 
     </span>
    </p>
   </div>
   <div class='ocr_carea' id='block_1_10' title="bbox 270 1012 1824 1085">
    <p class='ocr_par' dir='ltr' id='par_1_10' title="bbox 270 1012 1824 1085">
     <span class='ocr_line' id='line_1_10' title="bbox 270 1012 1824 1085; baseline -0.001 -18"><span class='ocrx_word' id='word_1_68' title='bbox 270 1016 420 1084; x_wconf 75' lang='grc' dir='ltr'>αὐτῆς</span> <span class='ocrx_word' id='word_1_69' title='bbox 442 1012 849 1084; x_wconf 74' lang='grc' dir='ltr'><strong>διηγησάμενος</strong></span> <span class='ocrx_word' id='word_1_70' title='bbox 881 1013 1014 1084; x_wconf 70' lang='grc'>(22),</span> <span class='ocrx_word' id='word_1_71' title='bbox 1038 1015 1131 1068; x_wconf 75' lang='grc' dir='ltr'>καὶ</span> <span class='ocrx_word' id='word_1_72' title='bbox 1153 1014 1244 1067; x_wconf 80' lang='grc' dir='ltr'><strong>τὸν</strong></span> <span class='ocrx_word' id='word_1_73' title='bbox 1267 1013 1469 1084; x_wconf 86' lang='grc' dir='ltr'>κόσμον</span> <span class='ocrx_word' id='word_1_74' title='bbox 1495 1015 1662 1084; x_wconf 83' lang='grc' dir='ltr'>ὅνπερ</span> <span class='ocrx_word' id='word_1_75' title='bbox 1687 1015 1824 1085; x_wconf 79' lang='grc' dir='ltr'>αὐτῇ</span> 
     </span>
    </p>
   </div>
   <div class='ocr_carea' id='block_1_11' title="bbox 269 1104 1621 1178">
    <p class='ocr_par' dir='ltr' id='par_1_11' title="bbox 269 1104 1621 1178">
     <span class='ocr_line' id='line_1_11' title="bbox 269 1104 1621 1178; baseline -0.01 -6"><span class='ocrx_word' id='word_1_76' title='bbox 269 1104 529 1178; x_wconf 66' lang='grc' dir='ltr'>χαρίζεται</span> <span class='ocrx_word' id='word_1_77' title='bbox 562 1107 591 1159; x_wconf 74' lang='grc' dir='ltr'>ὁ</span> <span class='ocrx_word' id='word_1_78' title='bbox 620 1107 878 1176; x_wconf 79' lang='grc' dir='ltr'>νυμφίος,</span> <span class='ocrx_word' id='word_1_79' title='bbox 909 1107 1202 1176; x_wconf 80' lang='grc' dir='ltr'>ἐπάγουσιν</span> <span class='ocrx_word' id='word_1_80' title='bbox 1228 1109 1278 1161; x_wconf 78' lang='grc' dir='ltr'>οἱ</span> <span class='ocrx_word' id='word_1_81' title='bbox 1305 1106 1621 1161; x_wconf 64' lang='grc' dir='ltr'>ἀπόστολον</span> 
     </span>
    </p>
   </div>
   <div class='ocr_carea' id='block_1_12' title="bbox 328 1279 1826 1353">
    <p class='ocr_par' dir='ltr' id='par_1_12' title="bbox 328 1279 1826 1353">
     <span class='ocr_line' id='line_1_12' title="bbox 328 1279 1826 1353; baseline -0.003 -15"><span class='ocrx_word' id='word_1_82' title='bbox 328 1285 445 1338; x_wconf 73' lang='lat' dir='ltr'><strong>Kl&quot;.</strong></span> <span class='ocrx_word' id='word_1_83' title='bbox 496 1284 589 1337; x_wconf 87' lang='grc' dir='ltr'><strong>Στ.</strong></span> <span class='ocrx_word' id='word_1_84' title='bbox 639 1289 689 1337; x_wconf 83' lang='grc' dir='ltr'><strong>ι’.</strong></span> <span class='ocrx_word' id='word_1_85' title='bbox 749 1282 1111 1353; x_wconf 81' lang='grc' dir='ltr'>Ὀμοιώματα</span> <span class='ocrx_word' id='word_1_86' title='bbox 1161 1283 1423 1353; x_wconf 83' lang='grc' dir='ltr'><strong>χρυσίου</strong></span> <span class='ocrx_word' id='word_1_87' title='bbox 1479 1279 1826 1350; x_wconf 79' lang='grc' dir='ltr'>ποιήσωμέν</span> 
     </span>
    </p>
   </div>
   <div class='ocr_carea' id='block_1_13' title="bbox 263 1373 1359 1444">
    <p class='ocr_par' dir='ltr' id='par_1_13' title="bbox 263 1373 1359 1444">
     <span class='ocr_line' id='line_1_13' title="bbox 263 1373 1359 1444; baseline -0.005 -15"><span class='ocrx_word' id='word_1_88' title='bbox 263 1390 353 1429; x_wconf 86' lang='grc' dir='ltr'><strong>σοι</strong></span> <span class='ocrx_word' id='word_1_89' title='bbox 370 1373 520 1444; x_wconf 80' lang='grc' dir='ltr'>μετὰ</span> <span class='ocrx_word' id='word_1_90' title='bbox 547 1373 886 1444; x_wconf 76' lang='grc' dir='ltr'>στιγμάτων</span> <span class='ocrx_word' id='word_1_91' title='bbox 917 1374 1024 1428; x_wconf 84' lang='grc' dir='ltr'>τοῦ</span> <span class='ocrx_word' id='word_1_92' title='bbox 1053 1373 1359 1443; x_wconf 72' lang='grc' dir='ltr'>ἀργιφίου.</span> 
     </span>
    </p>
   </div>
   <div class='ocr_carea' id='block_1_14' title="bbox 341 1458 1824 1538">
    <p class='ocr_par' dir='ltr' id='par_1_14' title="bbox 341 1458 1824 1538">
     <span class='ocr_line' id='line_1_14' title="bbox 341 1458 1824 1538; baseline -0.005 -17"><span class='ocrx_word' id='word_1_93' title='bbox 341 1465 686 1538; x_wconf 80' lang='grc' dir='ltr'>Ὀμοιὼματα</span> <span class='ocrx_word' id='word_1_94' title='bbox 709 1467 936 1538; x_wconf 82' lang='grc' dir='ltr'>χρυσίου</span> <span class='ocrx_word' id='word_1_95' title='bbox 960 1467 1060 1536; x_wconf 79' lang='grc' dir='ltr'><strong>οὐχ</strong></span> <span class='ocrx_word' id='word_1_96' title='bbox 1087 1467 1251 1537; x_wconf 71' lang='grc' dir='ltr'>ἕτερα</span> <span class='ocrx_word' id='word_1_97' title='bbox 1283 1461 1438 1536; x_wconf 78' lang='grc' dir='ltr'>οἶμαι</span> <span class='ocrx_word' id='word_1_98' title='bbox 1462 1458 1618 1527; x_wconf 77' lang='grc' dir='ltr'>εἶναι,</span> <span class='ocrx_word' id='word_1_99' title='bbox 1649 1461 1761 1516; x_wconf 82' lang='grc' dir='ltr'>ἀλλ’</span> <span class='ocrx_word' id='word_1_100' title='bbox 1791 1462 1824 1533; x_wconf 78' lang='grc' dir='ltr'><strong>ἢ</strong></span> 
     </span>
    </p>
   </div>
   <div class='ocr_carea' id='block_1_15' title="bbox 264 1551 1827 1628">
    <p class='ocr_par' dir='ltr' id='par_1_15' title="bbox 264 1551 1827 1628">
     <span class='ocr_line' id='line_1_15' title="bbox 264 1551 1827 1628; baseline -0.003 -20"><span class='ocrx_word' id='word_1_101' title='bbox 264 1557 382 1619; x_wconf 70' lang='grc' dir='ltr'>τοὺς</span> <span class='ocrx_word' id='word_1_102' title='bbox 410 1557 599 1624; x_wconf 81' lang='grc' dir='ltr'>άγίους</span> <span class='ocrx_word' id='word_1_103' title='bbox 635 1555 915 1628; x_wconf 85' lang='grc' dir='ltr'>μάρτυρας</span> <span class='ocrx_word' id='word_1_104' title='bbox 935 1570 950 1586; x_wconf 78' lang='grc' dir='ltr'><strong>ο</strong></span> <span class='ocrx_word' id='word_1_105' title='bbox 981 1554 1280 1625; x_wconf 77' lang='grc' dir='ltr'>ἐπειδήπερ</span> <span class='ocrx_word' id='word_1_106' title='bbox 1306 1553 1395 1606; x_wconf 80' lang='grc' dir='ltr'><strong>διὰ</strong></span> <span class='ocrx_word' id='word_1_107' title='bbox 1416 1552 1587 1623; x_wconf 83' lang='grc' dir='ltr'>πυρὸς</span> <span class='ocrx_word' id='word_1_108' title='bbox 1611 1551 1827 1621; x_wconf 78' lang='grc' dir='ltr'>δοκιμα-</span> 
     </span>
    </p>
   </div>
   <div class='ocr_carea' id='block_1_16' title="bbox 266 1640 1827 1715">
    <p class='ocr_par' dir='ltr' id='par_1_16' title="bbox 266 1640 1827 1715">
     <span class='ocr_line' id='line_1_16' title="bbox 266 1640 1827 1715; baseline -0.004 -18"><span class='ocrx_word' id='word_1_109' title='bbox 266 1645 497 1710; x_wconf 84' lang='grc' dir='ltr'>σθέντες,</span> <span class='ocrx_word' id='word_1_110' title='bbox 527 1644 916 1715; x_wconf 82' lang='grc' dir='ltr'>λαμπροτέραν</span> <span class='ocrx_word' id='word_1_111' title='bbox 947 1642 1290 1707; x_wconf 77' lang='grc' dir='ltr'>ἐπεδείξαντο</span> <span class='ocrx_word' id='word_1_112' title='bbox 1321 1641 1417 1713; x_wconf 77' lang='grc' dir='ltr'>τὴν</span> <span class='ocrx_word' id='word_1_113' title='bbox 1441 1641 1642 1694; x_wconf 78' lang='grc' dir='ltr'>πίστιν.</span> <span class='ocrx_word' id='word_1_114' title='bbox 1677 1658 1696 1691; x_wconf 80' lang='grc' dir='ltr'><strong>ι</strong></span> <span class='ocrx_word' id='word_1_115' title='bbox 1741 1640 1827 1702; x_wconf 85' lang='grc' dir='ltr'>Ὡς</span> 
     </span>
    </p>
   </div>
   <div class='ocr_carea' id='block_1_17' title="bbox 265 1731 1825 1807">
    <p class='ocr_par' dir='ltr' id='par_1_17' title="bbox 265 1731 1825 1807">
     <span class='ocr_line' id='line_1_17' title="bbox 265 1731 1825 1807; baseline -0.004 -17"><span class='ocrx_word' id='word_1_116' title='bbox 265 1738 476 1806; x_wconf 79' lang='grc' dir='ltr'>χρυσίον</span> <span class='ocrx_word' id='word_1_117' title='bbox 512 1755 533 1789; x_wconf 78' lang='lat' dir='ltr'><strong>s</strong></span> <span class='ocrx_word' id='word_1_118' title='bbox 571 1737 701 1807; x_wconf 86' lang='grc' dir='ltr'>γὰρ,</span> <span class='ocrx_word' id='word_1_119' title='bbox 746 1737 934 1805; x_wconf 69' lang='grc' dir='ltr'>φησιν,</span> <span class='ocrx_word' id='word_1_120' title='bbox 967 1753 986 1786; x_wconf 77' lang='grc' dir='ltr'><strong>ι</strong></span> <span class='ocrx_word' id='word_1_121' title='bbox 1026 1737 1084 1788; x_wconf 82' lang='grc' dir='ltr'>ὲν</span> <span class='ocrx_word' id='word_1_122' title='bbox 1127 1733 1477 1804; x_wconf 85' lang='grc' dir='ltr'>χωνευτηρίῳ</span> <span class='ocrx_word' id='word_1_123' title='bbox 1506 1731 1825 1802; x_wconf 78' lang='grc' dir='ltr'>ἐδοκίμασεν</span> 
     </span>
    </p>
   </div>
   <div class='ocr_carea' id='block_1_18' title="bbox 266 1807 1900 1896">
    <p class='ocr_par' dir='ltr' id='par_1_18' title="bbox 266 1807 1900 1896">
     <span class='ocr_line' id='line_1_18' title="bbox 266 1807 1900 1896; baseline -0.004 -16"><span class='ocrx_word' id='word_1_124' title='bbox 266 1829 486 1892; x_wconf 71' lang='grc' dir='ltr'>αὐτοὺς,</span> <span class='ocrx_word' id='word_1_125' title='bbox 546 1826 642 1880; x_wconf 77' lang='grc' dir='ltr'>καὶ</span> <span class='ocrx_word' id='word_1_126' title='bbox 683 1826 760 1889; x_wconf 83' lang='grc' dir='ltr'>ὡς</span> <span class='ocrx_word' id='word_1_127' title='bbox 807 1825 1175 1896; x_wconf 78' lang='grc' dir='ltr'>ὁλοκάρπωμα</span> <span class='ocrx_word' id='word_1_128' title='bbox 1223 1825 1411 1887; x_wconf 85' lang='grc' dir='ltr'>θυσίας</span> <span class='ocrx_word' id='word_1_129' title='bbox 1470 1820 1827 1895; x_wconf 78' lang='grc' dir='ltr'>προσεδέξατο</span> <span class='ocrx_word' id='word_1_130' title='bbox 1859 1807 1900 1863; x_wconf 79' lang='grc' dir='ltr'><strong><em>Β</em></strong></span> 
     </span>
    </p>
   </div>
   <div class='ocr_carea' id='block_1_19' title="bbox 262 1913 1826 1986">
    <p class='ocr_par' dir='ltr' id='par_1_19' title="bbox 262 1913 1826 1986">
     <span class='ocr_line' id='line_1_19' title="bbox 262 1913 1826 1986; baseline -0.003 -16"><span class='ocrx_word' id='word_1_131' title='bbox 262 1916 473 1981; x_wconf 68' lang='grc' dir='ltr'>αὐτούς.</span> <span class='ocrx_word' id='word_1_132' title='bbox 503 1936 522 1969; x_wconf 80' lang='lat' dir='ltr'><strong>s</strong></span> <span class='ocrx_word' id='word_1_133' title='bbox 549 1917 670 1971; x_wconf 82' lang='grc' dir='ltr'>Ἵνα</span> <span class='ocrx_word' id='word_1_134' title='bbox 701 1915 758 1970; x_wconf 85' lang='grc' dir='ltr'>δὲ</span> <span class='ocrx_word' id='word_1_135' title='bbox 784 1917 850 1970; x_wconf 75' lang='grc' dir='ltr'>ἐκ</span> <span class='ocrx_word' id='word_1_136' title='bbox 872 1916 976 1986; x_wconf 82' lang='grc' dir='ltr'>τῆς</span> <span class='ocrx_word' id='word_1_137' title='bbox 1008 1914 1328 1978; x_wconf 78' lang='grc' dir='ltr'>ἀκολουθίας</span> <span class='ocrx_word' id='word_1_138' title='bbox 1350 1913 1558 1984; x_wconf 83' lang='grc' dir='ltr'>δειχθῇ,</span> <span class='ocrx_word' id='word_1_139' title='bbox 1582 1913 1666 1968; x_wconf 80' lang='grc' dir='ltr'>ὅτι</span> <span class='ocrx_word' id='word_1_140' title='bbox 1699 1913 1826 1984; x_wconf 76' lang='grc' dir='ltr'>περὶ</span> 
     </span>
    </p>
   </div>
   <div class='ocr_carea' id='block_1_20' title="bbox 267 2002 1826 2080">
    <p class='ocr_par' dir='ltr' id='par_1_20' title="bbox 267 2002 1826 2080">
     <span class='ocr_line' id='line_1_20' title="bbox 267 2002 1826 2080; baseline -0.004 -18"><span class='ocrx_word' id='word_1_141' title='bbox 267 2008 551 2080; x_wconf 80' lang='grc' dir='ltr'>μαρτύρων</span> <span class='ocrx_word' id='word_1_142' title='bbox 571 2007 738 2076; x_wconf 82' lang='grc' dir='ltr'>λέγει,</span> <span class='ocrx_word' id='word_1_143' title='bbox 767 2007 931 2077; x_wconf 87' lang='grc' dir='ltr'>βλέπε</span> <span class='ocrx_word' id='word_1_144' title='bbox 959 2006 1012 2058; x_wconf 89' lang='grc' dir='ltr'><strong>τί</strong></span> <span class='ocrx_word' id='word_1_145' title='bbox 1037 2005 1232 2074; x_wconf 74' lang='grc' dir='ltr'>ἐπάγει</span> <span class='ocrx_word' id='word_1_146' title='bbox 1251 2021 1265 2036; x_wconf 89' lang='grc'><strong>·</strong></span> <span class='ocrx_word' id='word_1_147' title='bbox 1291 2023 1310 2054; x_wconf 81' lang='grc' dir='ltr'><strong>ι</strong></span> <span class='ocrx_word' id='word_1_148' title='bbox 1339 2003 1494 2058; x_wconf 80' lang='grc' dir='ltr'>Μετὰ</span> <span class='ocrx_word' id='word_1_149' title='bbox 1516 2002 1826 2072; x_wconf 85' lang='grc' dir='ltr'>στιγμάτων</span> 
     </span>
    </p>
   </div>
   <div class='ocr_carea' id='block_1_21' title="bbox 262 2091 1827 2168">
    <p class='ocr_par' dir='ltr' id='par_1_21' title="bbox 262 2091 1827 2168">
     <span class='ocr_line' id='line_1_21' title="bbox 262 2091 1827 2168; baseline -0.005 -18"><span class='ocrx_word' id='word_1_150' title='bbox 262 2097 351 2150; x_wconf 79' lang='grc' dir='ltr'><strong>τοῦ</strong></span> <span class='ocrx_word' id='word_1_151' title='bbox 395 2097 681 2168; x_wconf 84' lang='grc' dir='ltr'>ἀργυρίου.</span> <span class='ocrx_word' id='word_1_152' title='bbox 723 2114 742 2147; x_wconf 79' lang='lat' dir='ltr'><strong>s</strong></span> <span class='ocrx_word' id='word_1_153' title='bbox 781 2094 1060 2165; x_wconf 81' lang='grc' dir='ltr'>Στίγματα</span> <span class='ocrx_word' id='word_1_154' title='bbox 1089 2092 1199 2163; x_wconf 87' lang='grc' dir='ltr'>γὰρ</span> <span class='ocrx_word' id='word_1_155' title='bbox 1246 2091 1432 2160; x_wconf 76' lang='grc' dir='ltr'>σαφῶς</span> <span class='ocrx_word' id='word_1_156' title='bbox 1470 2093 1524 2145; x_wconf 80' lang='grc' dir='ltr'>αἱ</span> <span class='ocrx_word' id='word_1_157' title='bbox 1568 2091 1827 2161; x_wconf 86' lang='grc' dir='ltr'>μάστιγες</span> 
     </span>
    </p>
   </div>
   <div class='ocr_carea' id='block_1_22' title="bbox 265 2179 1826 2257">
    <p class='ocr_par' dir='ltr' id='par_1_22' title="bbox 265 2179 1826 2257">
     <span class='ocr_line' id='line_1_22' title="bbox 265 2179 1826 2257; baseline -0.006 -15"><span class='ocrx_word' id='word_1_158' title='bbox 265 2189 353 2242; x_wconf 73' lang='grc' dir='ltr'><strong>καὶ</strong></span> <span class='ocrx_word' id='word_1_159' title='bbox 384 2189 440 2240; x_wconf 76' lang='grc' dir='ltr'>αἱ</span> <span class='ocrx_word' id='word_1_160' title='bbox 479 2187 701 2257; x_wconf 83' lang='grc' dir='ltr'>βάσανοι</span> <span class='ocrx_word' id='word_1_161' title='bbox 728 2184 837 2238; x_wconf 87' lang='grc' dir='ltr'>τῶν</span> <span class='ocrx_word' id='word_1_162' title='bbox 859 2185 998 2256; x_wconf 84' lang='grc' dir='ltr'>ὑπὲρ</span> <span class='ocrx_word' id='word_1_163' title='bbox 1019 2181 1254 2254; x_wconf 81' lang='grc' dir='ltr'>Χριστοῦ</span> <span class='ocrx_word' id='word_1_164' title='bbox 1277 2181 1619 2252; x_wconf 82' lang='grc' dir='ltr'>πασχόντων·</span> <span class='ocrx_word' id='word_1_165' title='bbox 1646 2179 1826 2243; x_wconf 87' lang='grc' dir='ltr'>καθώς</span> 
     </span>
    </p>
   </div>
   <div class='ocr_carea' id='block_1_23' title="bbox 266 2269 1827 2349">
    <p class='ocr_par' dir='ltr' id='par_1_23' title="bbox 266 2269 1827 2349">
     <span class='ocr_line' id='line_1_23' title="bbox 266 2269 1827 2349; baseline -0.006 -17"><span class='ocrx_word' id='word_1_166' title='bbox 266 2297 351 2349; x_wconf 82' lang='grc' dir='ltr'><strong>μοι</strong></span> <span class='ocrx_word' id='word_1_167' title='bbox 385 2279 656 2349; x_wconf 81' lang='grc' dir='ltr'>μαρτυρεῖ</span> <span class='ocrx_word' id='word_1_168' title='bbox 683 2277 778 2329; x_wconf 79' lang='grc' dir='ltr'>καὶ</span> <span class='ocrx_word' id='word_1_169' title='bbox 803 2275 832 2327; x_wconf 86' lang='grc' dir='ltr'>ὁ</span> <span class='ocrx_word' id='word_1_170' title='bbox 872 2273 1082 2337; x_wconf 76' lang='grc' dir='ltr'>Παῦλος</span> <span class='ocrx_word' id='word_1_171' title='bbox 1112 2273 1284 2343; x_wconf 89' lang='grc' dir='ltr'>λέγων</span> <span class='ocrx_word' id='word_1_172' title='bbox 1305 2290 1319 2303; x_wconf 79' lang='grc' dir='ltr'><strong>ο</strong></span> <span class='ocrx_word' id='word_1_173' title='bbox 1366 2291 1385 2324; x_wconf 79' lang='grc' dir='ltr'><strong>ι</strong></span> <span class='ocrx_word' id='word_1_174' title='bbox 1441 2271 1582 2340; x_wconf 89' lang='grc' dir='ltr'><strong>Ἐγὼ</strong></span> <span class='ocrx_word' id='word_1_175' title='bbox 1621 2271 1727 2342; x_wconf 89' lang='grc' dir='ltr'><strong>γάρ</strong></span> <span class='ocrx_word' id='word_1_176' title='bbox 1758 2269 1827 2323; x_wconf 79' lang='grc' dir='ltr'>τὰ</span> 
     </span>
    </p>
   </div>
   <div class='ocr_carea' id='block_1_24' title="bbox 262 2360 1827 2438">
    <p class='ocr_par' dir='ltr' id='par_1_24' title="bbox 262 2360 1827 2438">
     <span class='ocr_line' id='line_1_24' title="bbox 262 2360 1827 2438; baseline -0.004 -17"><span class='ocrx_word' id='word_1_177' title='bbox 262 2370 532 2438; x_wconf 82' lang='grc' dir='ltr'>στίγματα</span> <span class='ocrx_word' id='word_1_178' title='bbox 577 2365 672 2418; x_wconf 79' lang='grc' dir='ltr'>τοῦ</span> <span class='ocrx_word' id='word_1_179' title='bbox 718 2364 925 2434; x_wconf 86' lang='grc' dir='ltr'>Κυρίου</span> <span class='ocrx_word' id='word_1_180' title='bbox 971 2363 1131 2436; x_wconf 86' lang='grc' dir='ltr'>ήμῶν</span> <span class='ocrx_word' id='word_1_181' title='bbox 1177 2362 1351 2433; x_wconf 86' lang='grc' dir='ltr'><strong>Ἰησοῦ</strong></span> <span class='ocrx_word' id='word_1_182' title='bbox 1398 2361 1632 2432; x_wconf 84' lang='grc' dir='ltr'>Χριστοῦ</span> <span class='ocrx_word' id='word_1_183' title='bbox 1662 2364 1719 2414; x_wconf 83' lang='grc' dir='ltr'>ὲν</span> <span class='ocrx_word' id='word_1_184' title='bbox 1749 2360 1827 2432; x_wconf 81' lang='grc' dir='ltr'>τῷ</span> 
     </span>
    </p>
   </div>
   <div class='ocr_carea' id='block_1_25' title="bbox 264 2453 1578 2531">
    <p class='ocr_par' dir='ltr' id='par_1_25' title="bbox 264 2453 1578 2531">
     <span class='ocr_line' id='line_1_25' title="bbox 264 2453 1578 2531; baseline -0.008 -17"><span class='ocrx_word' id='word_1_185' title='bbox 264 2460 473 2531; x_wconf 82' lang='grc' dir='ltr'>σώματί</span> <span class='ocrx_word' id='word_1_186' title='bbox 507 2475 608 2530; x_wconf 88' lang='grc' dir='ltr'><strong>μου</strong></span> <span class='ocrx_word' id='word_1_187' title='bbox 642 2456 912 2528; x_wconf 79' lang='grc' dir='ltr'>βαστάζω.</span> <span class='ocrx_word' id='word_1_188' title='bbox 949 2473 970 2508; x_wconf 71' lang='grc' dir='ltr'><strong>ι</strong></span> <span class='ocrx_word' id='word_1_189' title='bbox 1013 2455 1236 2523; x_wconf 88' lang='grc' dir='ltr'>Ἐπάγει</span> <span class='ocrx_word' id='word_1_190' title='bbox 1257 2453 1312 2506; x_wconf 78' lang='grc' dir='ltr'><strong>δὲ</strong></span> <span class='ocrx_word' id='word_1_191' title='bbox 1337 2456 1366 2507; x_wconf 84' lang='grc' dir='ltr'><strong>ὁ</strong></span> <span class='ocrx_word' id='word_1_192' title='bbox 1390 2453 1578 2522; x_wconf 88' lang='grc' dir='ltr'>λόγος·</span> 
     </span>
    </p>
   </div>
   <div class='ocr_carea' id='block_1_26' title="bbox 334 2625 1828 2698">
    <p class='ocr_par' dir='ltr' id='par_1_26' title="bbox 334 2625 1828 2698">
     <span class='ocr_line' id='line_1_26' title="bbox 334 2625 1828 2698; baseline -0.003 -12"><span class='ocrx_word' id='word_1_193' title='bbox 334 2637 462 2688; x_wconf 77' lang='lat' dir='ltr'><strong>KA&#39;.</strong></span> <span class='ocrx_word' id='word_1_194' title='bbox 503 2635 594 2688; x_wconf 85' lang='grc' dir='ltr'><strong>Στ.</strong></span> <span class='ocrx_word' id='word_1_195' title='bbox 637 2640 720 2687; x_wconf 87' lang='grc' dir='ltr'>ια’.</span> <span class='ocrx_word' id='word_1_196' title='bbox 753 2633 911 2698; x_wconf 84' lang='grc' dir='ltr'>Ἕως</span> <span class='ocrx_word' id='word_1_197' title='bbox 937 2625 1010 2687; x_wconf 82' lang='grc' dir='ltr'>οὗ</span> <span class='ocrx_word' id='word_1_198' title='bbox 1042 2632 1076 2684; x_wconf 84' lang='grc' dir='ltr'><em>ό</em></span> <span class='ocrx_word' id='word_1_199' title='bbox 1099 2629 1400 2696; x_wconf 74' lang='grc' dir='ltr'>,βασιλεὺς</span> <span class='ocrx_word' id='word_1_200' title='bbox 1423 2629 1493 2683; x_wconf 76' lang='grc' dir='ltr'><strong>ἐν</strong></span> <span class='ocrx_word' id='word_1_201' title='bbox 1514 2629 1828 2684; x_wconf 73' lang='grc' dir='ltr'>ἀνακλίσει</span> 
     </span>
    </p>
   </div>
   <div class='ocr_carea' id='block_1_27' title="bbox 260 2724 475 2778">
    <p class='ocr_par' dir='ltr' id='par_1_27' title="bbox 260 2724 475 2778">
     <span class='ocr_line' id='line_1_27' title="bbox 260 2724 475 2778; baseline -0.009 0"><span class='ocrx_word' id='word_1_202' title='bbox 260 2724 475 2778; x_wconf 75' lang='grc' dir='ltr'>αὑτοῦ.</span> 
     </span>
    </p>
   </div>
   <div class='ocr_carea' id='block_1_28' title="bbox 334 2809 1826 2886">
    <p class='ocr_par' dir='ltr' id='par_1_28' title="bbox 334 2809 1826 2886">
     <span class='ocr_line' id='line_1_28' title="bbox 334 2809 1826 2886; baseline -0.005 -17"><span class='ocrx_word' id='word_1_203' title='bbox 334 2817 456 2870; x_wconf 85' lang='grc' dir='ltr'>Ἵνα</span> <span class='ocrx_word' id='word_1_204' title='bbox 488 2816 614 2886; x_wconf 70' lang='grc' dir='ltr'>εἴπῃ</span> <span class='ocrx_word' id='word_1_205' title='bbox 640 2831 654 2848; x_wconf 81' lang='grc' dir='ltr'><strong><em>ο</em></strong></span> <span class='ocrx_word' id='word_1_206' title='bbox 697 2815 842 2878; x_wconf 86' lang='grc' dir='ltr'>Ἕως</span> <span class='ocrx_word' id='word_1_207' title='bbox 873 2814 974 2883; x_wconf 83' lang='grc' dir='ltr'>τῆς</span> <span class='ocrx_word' id='word_1_208' title='bbox 1013 2811 1432 2881; x_wconf 84' lang='grc' dir='ltr'>παλιγγενεσίας</span> <span class='ocrx_word' id='word_1_209' title='bbox 1472 2809 1561 2863; x_wconf 86' lang='grc' dir='ltr'>διὰ</span> <span class='ocrx_word' id='word_1_210' title='bbox 1592 2809 1690 2880; x_wconf 85' lang='grc' dir='ltr'>τῆς</span> <span class='ocrx_word' id='word_1_211' title='bbox 1719 2810 1826 2863; x_wconf 81' lang='grc' dir='ltr'>τῶν</span> 
     </span>
    </p>
   </div>
   <div class='ocr_carea' id='block_1_29' title="bbox 261 2899 1824 2979">
    <p class='ocr_par' dir='ltr' id='par_1_29' title="bbox 261 2899 1824 2979">
     <span class='ocr_line' id='line_1_29' title="bbox 261 2899 1824 2979; baseline -0.005 -18"><span class='ocrx_word' id='word_1_212' title='bbox 261 2909 456 2979; x_wconf 77' lang='grc' dir='ltr'>γάμων</span> <span class='ocrx_word' id='word_1_213' title='bbox 501 2906 760 2977; x_wconf 77' lang='grc' dir='ltr'>εὐωχίας·</span> <span class='ocrx_word' id='word_1_214' title='bbox 789 2907 895 2968; x_wconf 74' lang='grc' dir='ltr'>ἕως</span> <span class='ocrx_word' id='word_1_215' title='bbox 919 2905 1040 2958; x_wconf 87' lang='grc' dir='ltr'>τότε</span> <span class='ocrx_word' id='word_1_216' title='bbox 1074 2903 1143 2956; x_wconf 82' lang='grc' dir='ltr'>τὰ</span> <span class='ocrx_word' id='word_1_217' title='bbox 1179 2900 1499 2972; x_wconf 84' lang='grc' dir='ltr'>ὁμοιώματα</span> <span class='ocrx_word' id='word_1_218' title='bbox 1531 2901 1703 2955; x_wconf 81' lang='grc' dir='ltr'>ταῦτα</span> <span class='ocrx_word' id='word_1_219' title='bbox 1731 2899 1824 2954; x_wconf 83' lang='grc' dir='ltr'>τοῦ</span> 
     </span>
    </p>
   </div>
   <div class='ocr_carea' id='block_1_30' title="bbox 263 2993 1827 3070">
    <p class='ocr_par' dir='ltr' id='par_1_30' title="bbox 263 2993 1827 3070">
     <span class='ocr_line' id='line_1_30' title="bbox 263 2993 1827 3070; baseline -0.006 -17"><span class='ocrx_word' id='word_1_220' title='bbox 263 2999 522 3070; x_wconf 79' lang='grc' dir='ltr'>ἀργυρίου</span> <span class='ocrx_word' id='word_1_221' title='bbox 552 2999 843 3066; x_wconf 84' lang='grc' dir='ltr'>συνάγεται</span> <span class='ocrx_word' id='word_1_222' title='bbox 859 3013 873 3028; x_wconf 73' lang='grc' dir='ltr'><strong><em>ο</em></strong></span> <span class='ocrx_word' id='word_1_223' title='bbox 892 2995 1168 3050; x_wconf 83' lang='grc' dir='ltr'>τουτέστιν</span> <span class='ocrx_word' id='word_1_224' title='bbox 1182 3013 1196 3026; x_wconf 76' lang='grc' dir='ltr'><strong>ο</strong></span> <span class='ocrx_word' id='word_1_225' title='bbox 1223 2995 1286 3046; x_wconf 84' lang='lat' dir='ltr'><strong>Ol.</strong></span> <span class='ocrx_word' id='word_1_226' title='bbox 1311 2993 1451 3062; x_wconf 85' lang='grc' dir='ltr'>ὑπὲρ</span> <span class='ocrx_word' id='word_1_227' title='bbox 1473 2993 1572 3062; x_wconf 84' lang='grc' dir='ltr'>τῆς</span> <span class='ocrx_word' id='word_1_228' title='bbox 1592 2993 1827 3054; x_wconf 84' lang='grc' dir='ltr'>πίστεως</span> 
     </span>
    </p>
   </div>
   <div class='ocr_carea' id='block_1_31' title="bbox 263 3072 1894 3160">
    <p class='ocr_par' dir='ltr' id='par_1_31' title="bbox 263 3072 1894 3160">
     <span class='ocr_line' id='line_1_31' title="bbox 263 3072 1894 3160; baseline -0.007 -18"><span class='ocrx_word' id='word_1_229' title='bbox 263 3091 581 3160; x_wconf 82' lang='grc' dir='ltr'>πάσχοντες,</span> <span class='ocrx_word' id='word_1_230' title='bbox 616 3089 678 3140; x_wconf 76' lang='grc' dir='ltr'><strong>οὐ</strong></span> <span class='ocrx_word' id='word_1_231' title='bbox 707 3088 868 3158; x_wconf 82' lang='grc' dir='ltr'>μόνον</span> <span class='ocrx_word' id='word_1_232' title='bbox 888 3088 946 3139; x_wconf 85' lang='grc' dir='ltr'>ὲν</span> <span class='ocrx_word' id='word_1_233' title='bbox 974 3084 1150 3156; x_wconf 84' lang='grc' dir='ltr'>καιρῷ</span> <span class='ocrx_word' id='word_1_234' title='bbox 1167 3082 1422 3153; x_wconf 85' lang='grc' dir='ltr'>διωγμῶν</span> <span class='ocrx_word' id='word_1_235' title='bbox 1441 3082 1528 3136; x_wconf 86' lang='grc' dir='ltr'><strong>διά</strong></span> <span class='ocrx_word' id='word_1_236' title='bbox 1559 3082 1822 3152; x_wconf 81' lang='grc' dir='ltr'>βασάνων,</span> <span class='ocrx_word' id='word_1_237' title='bbox 1853 3072 1894 3130; x_wconf 87' lang='lat' dir='ltr'>C</span> 
     </span>
    </p>
   </div>
   <div class='ocr_carea' id='block_1_32' title="bbox 262 3171 1829 3248">
    <p class='ocr_par' dir='ltr' id='par_1_32' title="bbox 262 3171 1829 3248">
     <span class='ocr_line' id='line_1_32' title="bbox 262 3171 1829 3248; baseline -0.004 -16"><span class='ocrx_word' id='word_1_238' title='bbox 262 3179 506 3232; x_wconf 74' lang='grc' dir='ltr'>ἀλλὰκαὶ</span> <span class='ocrx_word' id='word_1_239' title='bbox 539 3180 599 3232; x_wconf 79' lang='grc' dir='ltr'>ὲν</span> <span class='ocrx_word' id='word_1_240' title='bbox 639 3177 818 3248; x_wconf 85' lang='grc' dir='ltr'>καιρῷ</span> <span class='ocrx_word' id='word_1_241' title='bbox 849 3177 1073 3247; x_wconf 74' lang='grc' dir='ltr'>εἰρήνης</span> <span class='ocrx_word' id='word_1_242' title='bbox 1101 3173 1190 3228; x_wconf 82' lang='grc' dir='ltr'>διὰ</span> <span class='ocrx_word' id='word_1_243' title='bbox 1225 3172 1321 3226; x_wconf 83' lang='grc' dir='ltr'>τοῦ</span> <span class='ocrx_word' id='word_1_244' title='bbox 1361 3172 1461 3244; x_wconf 83' lang='grc' dir='ltr'>τὴν</span> <span class='ocrx_word' id='word_1_245' title='bbox 1503 3171 1695 3243; x_wconf 82' lang='grc' dir='ltr'>στενὴν</span> <span class='ocrx_word' id='word_1_246' title='bbox 1735 3173 1829 3226; x_wconf 74' lang='grc' dir='ltr'>καὶ</span> 
     </span>
    </p>
   </div>
   <div class='ocr_carea' id='block_1_33' title="bbox 261 3262 1828 3340">
    <p class='ocr_par' dir='ltr' id='par_1_33' title="bbox 261 3262 1828 3340">
     <span class='ocr_line' id='line_1_33' title="bbox 261 3262 1828 3340; baseline -0.004 -18"><span class='ocrx_word' id='word_1_247' title='bbox 261 3269 626 3340; x_wconf 82' lang='grc' dir='ltr'>τεθλιμμένην</span> <span class='ocrx_word' id='word_1_248' title='bbox 657 3268 772 3339; x_wconf 70' lang='grc'>(25)</span> <span class='ocrx_word' id='word_1_249' title='bbox 801 3267 918 3321; x_wconf 84' lang='grc' dir='ltr'>ὁδὸν</span> <span class='ocrx_word' id='word_1_250' title='bbox 940 3267 1178 3337; x_wconf 87' lang='grc' dir='ltr'>τρέχειν,</span> <span class='ocrx_word' id='word_1_251' title='bbox 1201 3266 1296 3318; x_wconf 73' lang='grc' dir='ltr'>καὶ</span> <span class='ocrx_word' id='word_1_252' title='bbox 1314 3267 1434 3327; x_wconf 86' lang='grc' dir='ltr'>ταῖς</span> <span class='ocrx_word' id='word_1_253' title='bbox 1461 3262 1572 3334; x_wconf 67' lang='grc'>(24)</span> <span class='ocrx_word' id='word_1_254' title='bbox 1597 3263 1828 3336; x_wconf 82' lang='grc' dir='ltr'>πράξεσι</span> 
     </span>
    </p>
   </div>
   <div class='ocr_carea' id='block_1_34' title="bbox 259 3349 1828 3427">
    <p class='ocr_par' dir='ltr' id='par_1_34' title="bbox 259 3349 1828 3427">
     <span class='ocr_line' id='line_1_34' title="bbox 259 3349 1828 3427; baseline -0.003 -19"><span class='ocrx_word' id='word_1_255' title='bbox 259 3357 378 3418; x_wconf 75' lang='grc' dir='ltr'>τοὺς</span> <span class='ocrx_word' id='word_1_256' title='bbox 431 3355 720 3427; x_wconf 86' lang='grc' dir='ltr'>μάρτυρας</span> <span class='ocrx_word' id='word_1_257' title='bbox 769 3353 1070 3425; x_wconf 76' lang='grc' dir='ltr'>μιμεῖσθαι.</span> <span class='ocrx_word' id='word_1_258' title='bbox 1106 3349 1241 3407; x_wconf 77' lang='grc' dir='ltr'>Εἶτα</span> <span class='ocrx_word' id='word_1_259' title='bbox 1289 3353 1740 3423; x_wconf 86' lang='grc' dir='ltr'>ἀνταποκρίνεται</span> <span class='ocrx_word' id='word_1_260' title='bbox 1794 3353 1828 3423; x_wconf 82' lang='grc' dir='ltr'><strong>ἡ</strong></span> 
     </span>
    </p>
   </div>
   <div class='ocr_carea' id='block_1_35' title="bbox 261 3446 1350 3518">
    <p class='ocr_par' dir='ltr' id='par_1_35' title="bbox 261 3446 1350 3518">
     <span class='ocr_line' id='line_1_35' title="bbox 261 3446 1350 3518; baseline 0.001 -20"><span class='ocrx_word' id='word_1_261' title='bbox 261 3446 461 3518; x_wconf 77' lang='grc' dir='ltr'>νύμφη,</span> <span class='ocrx_word' id='word_1_262' title='bbox 486 3447 584 3500; x_wconf 76' lang='grc' dir='ltr'><strong>καὶ</strong></span> <span class='ocrx_word' id='word_1_263' title='bbox 614 3447 764 3515; x_wconf 86' lang='grc' dir='ltr'>λέγει</span> <span class='ocrx_word' id='word_1_264' title='bbox 795 3447 931 3516; x_wconf 82' lang='grc' dir='ltr'>πρὸς</span> <span class='ocrx_word' id='word_1_265' title='bbox 961 3447 1052 3500; x_wconf 83' lang='grc' dir='ltr'><strong>τὸν</strong></span> <span class='ocrx_word' id='word_1_266' title='bbox 1084 3446 1314 3517; x_wconf 77' lang='grc' dir='ltr'>νυμφίον</span> <span class='ocrx_word' id='word_1_267' title='bbox 1337 3461 1350 3475; x_wconf 93' lang='grc'><strong>·</strong></span> 
     </span>
    </p>
   </div>
   <div class='ocr_carea' id='block_1_36' title="bbox 325 3525 1713 3606">
    <p class='ocr_par' dir='ltr' id='par_1_36' title="bbox 325 3525 1713 3606">
     <span class='ocr_line' id='line_1_36' title="bbox 325 3525 1713 3606; baseline -0.001 -16"><span class='ocrx_word' id='word_1_268' title='bbox 325 3538 454 3591; x_wconf 72' lang='grc' dir='ltr'>κε’.</span> <span class='ocrx_word' id='word_1_269' title='bbox 497 3536 733 3605; x_wconf 76' lang='grc' dir='ltr'>Νάρδος</span> <span class='ocrx_word' id='word_1_270' title='bbox 759 3554 880 3606; x_wconf 82' lang='grc' dir='ltr'>μου</span> <span class='ocrx_word' id='word_1_271' title='bbox 909 3536 1131 3590; x_wconf 76' lang='grc' dir='ltr'>ἔδωκεν</span> <span class='ocrx_word' id='word_1_272' title='bbox 1163 3537 1366 3606; x_wconf 80' lang='grc' dir='ltr'>ὀσμὴν</span> <span class='ocrx_word' id='word_1_273' title='bbox 1391 3535 1600 3592; x_wconf 86' lang='grc' dir='ltr'>αὐτοῦ.</span> <span class='ocrx_word' id='word_1_274' title='bbox 1709 3525 1713 3534; x_wconf 34' lang='grc' dir='ltr'><strong><em>τ</em></strong></span> 
     </span>
    </p>
   </div>
   <div class='ocr_carea' id='block_1_37' title="bbox 339 3626 1828 3701">
    <p class='ocr_par' dir='ltr' id='par_1_37' title="bbox 339 3626 1828 3701">
     <span class='ocr_line' id='line_1_37' title="bbox 339 3626 1828 3701; baseline 0.001 -21"><span class='ocrx_word' id='word_1_275' title='bbox 339 3628 428 3680; x_wconf 83' lang='grc' dir='ltr'>Ἔν</span> <span class='ocrx_word' id='word_1_276' title='bbox 465 3627 542 3697; x_wconf 82' lang='grc' dir='ltr'>τῷ</span> <span class='ocrx_word' id='word_1_277' title='bbox 579 3626 692 3696; x_wconf 82' lang='grc' dir='ltr'>γὰρ</span> <span class='ocrx_word' id='word_1_278' title='bbox 726 3627 819 3680; x_wconf 82' lang='grc' dir='ltr'><strong>τὸν</strong></span> <span class='ocrx_word' id='word_1_279' title='bbox 851 3627 1080 3698; x_wconf 84' lang='grc' dir='ltr'>νυμφίον</span> <span class='ocrx_word' id='word_1_280' title='bbox 1124 3628 1286 3682; x_wconf 82' lang='grc' dir='ltr'>αὐτὸν</span> <span class='ocrx_word' id='word_1_281' title='bbox 1337 3631 1508 3682; x_wconf 75' lang='grc' dir='ltr'>εἰπεῖν</span> <span class='ocrx_word' id='word_1_282' title='bbox 1559 3629 1686 3701; x_wconf 80' lang='grc' dir='ltr'>περὶ</span> <span class='ocrx_word' id='word_1_283' title='bbox 1721 3629 1828 3682; x_wconf 84' lang='grc' dir='ltr'><strong>τῶν</strong></span> 
     </span>
    </p>
   </div>
   <div class='ocr_carea' id='block_1_38' title="bbox 263 3717 1830 3791">
    <p class='ocr_par' dir='ltr' id='par_1_38' title="bbox 263 3717 1830 3791">
     <span class='ocr_line' id='line_1_38' title="bbox 263 3717 1830 3791; baseline 0.003 -22"><span class='ocrx_word' id='word_1_284' title='bbox 263 3717 571 3788; x_wconf 72' lang='grc' dir='ltr'>μαρτύρων,</span> <span class='ocrx_word' id='word_1_285' title='bbox 612 3718 1073 3788; x_wconf 87' lang='grc' dir='ltr'>άνταποκρίνεται</span> <span class='ocrx_word' id='word_1_286' title='bbox 1104 3719 1498 3791; x_wconf 79' lang='grc' dir='ltr'>εὐχαριστοῢσα</span> <span class='ocrx_word' id='word_1_287' title='bbox 1525 3720 1693 3791; x_wconf 85' lang='grc' dir='ltr'>αὐτῷ,</span> <span class='ocrx_word' id='word_1_288' title='bbox 1736 3721 1830 3774; x_wconf 79' lang='grc' dir='ltr'>καὶ</span> 
     </span>
    </p>
   </div>
   <div class='ocr_carea' id='block_1_39' title="bbox 260 3805 1825 3885">
    <p class='ocr_par' dir='ltr' id='par_1_39' title="bbox 260 3805 1825 3885">
     <span class='ocr_line' id='line_1_39' title="bbox 260 3805 1825 3885; baseline 0.003 -25"><span class='ocrx_word' id='word_1_289' title='bbox 260 3805 427 3876; x_wconf 72' lang='grc' dir='ltr'>λέγει·</span> <span class='ocrx_word' id='word_1_290' title='bbox 467 3828 486 3860; x_wconf 80' lang='grc' dir='ltr'><strong>ι</strong></span> <span class='ocrx_word' id='word_1_291' title='bbox 518 3809 732 3879; x_wconf 83' lang='grc' dir='ltr'>Νάρδος</span> <span class='ocrx_word' id='word_1_292' title='bbox 785 3827 888 3880; x_wconf 87' lang='grc' dir='ltr'><strong>μου</strong></span> <span class='ocrx_word' id='word_1_293' title='bbox 935 3809 1134 3865; x_wconf 76' lang='grc' dir='ltr'>ἔδωκεν</span> <span class='ocrx_word' id='word_1_294' title='bbox 1161 3813 1335 3885; x_wconf 83' lang='grc' dir='ltr'>ὀσμὴν</span> <span class='ocrx_word' id='word_1_295' title='bbox 1381 3811 1547 3865; x_wconf 84' lang='grc' dir='ltr'>αὑτοῦ</span> <span class='ocrx_word' id='word_1_296' title='bbox 1569 3829 1581 3841; x_wconf 93' lang='grc'><strong>·</strong></span> <span class='ocrx_word' id='word_1_297' title='bbox 1615 3831 1634 3864; x_wconf 71' lang='grc' dir='ltr'><strong>ι</strong></span> <span class='ocrx_word' id='word_1_298' title='bbox 1669 3829 1825 3866; x_wconf 89' lang='grc' dir='ltr'>τουτ-</span> 
     </span>
    </p>
   </div>
   <div class='ocr_carea' id='block_1_40' title="bbox 259 3897 1827 3976">
    <p class='ocr_par' dir='ltr' id='par_1_40' title="bbox 259 3897 1827 3976">
     <span class='ocr_line' id='line_1_40' title="bbox 259 3897 1827 3976; baseline 0.005 -25"><span class='ocrx_word' id='word_1_299' title='bbox 259 3897 369 3951; x_wconf 73' lang='grc' dir='ltr'>έστι</span> <span class='ocrx_word' id='word_1_300' title='bbox 396 3898 509 3970; x_wconf 75' lang='grc'>(25)</span> <span class='ocrx_word' id='word_1_301' title='bbox 529 3915 543 3928; x_wconf 72' lang='grc' dir='ltr'><strong>ο</strong></span> <span class='ocrx_word' id='word_1_302' title='bbox 572 3901 646 3953; x_wconf 86' lang='grc' dir='ltr'><strong>Σὺ</strong></span> <span class='ocrx_word' id='word_1_303' title='bbox 669 3901 841 3954; x_wconf 83' lang='grc' dir='ltr'>ταῦτα</span> <span class='ocrx_word' id='word_1_304' title='bbox 864 3901 932 3954; x_wconf 83' lang='grc' dir='ltr'>τὰ</span> <span class='ocrx_word' id='word_1_305' title='bbox 956 3902 1135 3972; x_wconf 84' lang='grc' dir='ltr'>ἀγαθὰ</span> <span class='ocrx_word' id='word_1_306' title='bbox 1179 3903 1428 3974; x_wconf 85' lang='grc' dir='ltr'>άπήρξω.</span> <span class='ocrx_word' id='word_1_307' title='bbox 1456 3904 1554 3958; x_wconf 89' lang='grc' dir='ltr'><strong>Διά</strong></span> <span class='ocrx_word' id='word_1_308' title='bbox 1594 3905 1701 3976; x_wconf 90' lang='grc' dir='ltr'>γὰρ</span> <span class='ocrx_word' id='word_1_309' title='bbox 1727 3904 1827 3974; x_wconf 80' lang='grc' dir='ltr'>τῆς</span> 
     </span>
    </p>
   </div>
   <div class='ocr_carea' id='block_1_41' title="bbox 261 3988 1828 4067">
    <p class='ocr_par' dir='ltr' id='par_1_41' title="bbox 261 3988 1828 4067">
     <span class='ocr_line' id='line_1_41' title="bbox 261 3988 1828 4067; baseline 0.006 -27"><span class='ocrx_word' id='word_1_310' title='bbox 261 3988 471 4058; x_wconf 80' lang='grc' dir='ltr'>νάρδου,</span> <span class='ocrx_word' id='word_1_311' title='bbox 491 3990 588 4044; x_wconf 85' lang='grc' dir='ltr'>τοῦ</span> <span class='ocrx_word' id='word_1_312' title='bbox 611 3991 721 4061; x_wconf 71' lang='lat'><strong>(26)</strong></span> <span class='ocrx_word' id='word_1_313' title='bbox 742 3992 1082 4064; x_wconf 79' lang='grc' dir='ltr'>άλαδάστρου</span> <span class='ocrx_word' id='word_1_314' title='bbox 1107 3995 1200 4048; x_wconf 78' lang='grc' dir='ltr'>τοῦ</span> <span class='ocrx_word' id='word_1_315' title='bbox 1224 3995 1416 4067; x_wconf 85' lang='grc' dir='ltr'>μύρου,</span> <span class='ocrx_word' id='word_1_316' title='bbox 1446 3996 1572 4066; x_wconf 80' lang='grc' dir='ltr'>περὶ</span> <span class='ocrx_word' id='word_1_317' title='bbox 1592 3992 1651 4050; x_wconf 74' lang='grc' dir='ltr'><strong>οὗ</strong></span> <span class='ocrx_word' id='word_1_318' title='bbox 1669 3999 1696 4049; x_wconf 93' lang='grc' dir='ltr'>ὁ</span> <span class='ocrx_word' id='word_1_319' title='bbox 1717 3996 1828 4049; x_wconf 84' lang='grc' dir='ltr'><strong>Κύ-</strong></span> 
     </span>
    </p>
   </div>
   <div class='ocr_carea' id='block_1_42' title="bbox 260 4081 1822 4157">
    <p class='ocr_par' dir='ltr' id='par_1_42' title="bbox 260 4081 1822 4157">
     <span class='ocr_line' id='line_1_42' title="bbox 260 4081 1822 4157; baseline 0.004 -25"><span class='ocrx_word' id='word_1_320' title='bbox 260 4096 368 4150; x_wconf 82' lang='grc' dir='ltr'>ριος</span> <span class='ocrx_word' id='word_1_321' title='bbox 392 4081 572 4148; x_wconf 83' lang='grc' dir='ltr'>λέγει·</span> <span class='ocrx_word' id='word_1_322' title='bbox 613 4101 632 4133; x_wconf 81' lang='grc' dir='ltr'><strong>ι</strong></span> <span class='ocrx_word' id='word_1_323' title='bbox 647 4083 870 4151; x_wconf 82' lang='grc' dir='ltr'>Ἀφετε,</span> <span class='ocrx_word' id='word_1_324' title='bbox 889 4084 983 4136; x_wconf 76' lang='grc' dir='ltr'><strong>καὶ</strong></span> <span class='ocrx_word' id='word_1_325' title='bbox 1007 4084 1082 4156; x_wconf 83' lang='grc' dir='ltr'><strong>μή</strong></span> <span class='ocrx_word' id='word_1_326' title='bbox 1103 4085 1304 4148; x_wconf 85' lang='grc' dir='ltr'>κόπους</span> <span class='ocrx_word' id='word_1_327' title='bbox 1333 4085 1599 4157; x_wconf 88' lang='grc' dir='ltr'>παρέχετε</span> <span class='ocrx_word' id='word_1_328' title='bbox 1619 4089 1686 4157; x_wconf 76' lang='grc' dir='ltr'>τῇ</span> <span class='ocrx_word' id='word_1_329' title='bbox 1721 4102 1822 4154; x_wconf 86' lang='grc' dir='ltr'>γυ-</span> 
     </span>
    </p>
   </div>
   <div class='ocr_carea' id='block_1_43' title="bbox 259 4173 1824 4247">
    <p class='ocr_par' dir='ltr' id='par_1_43' title="bbox 259 4173 1824 4247">
     <span class='ocr_line' id='line_1_43' title="bbox 259 4173 1824 4247; baseline 0.004 -24"><span class='ocrx_word' id='word_1_330' title='bbox 259 4174 400 4224; x_wconf 74' lang='grc' dir='ltr'>ναικί</span> <span class='ocrx_word' id='word_1_331' title='bbox 419 4189 432 4202; x_wconf 75' lang='grc' dir='ltr'><strong><em>ο</em></strong></span> <span class='ocrx_word' id='word_1_332' title='bbox 465 4173 632 4226; x_wconf 78' lang='grc' dir='ltr'>καλὸν</span> <span class='ocrx_word' id='word_1_333' title='bbox 662 4173 772 4244; x_wconf 82' lang='grc' dir='ltr'>γὰρ</span> <span class='ocrx_word' id='word_1_334' title='bbox 797 4174 956 4244; x_wconf 71' lang='grc' dir='ltr'>ἔργον</span> <span class='ocrx_word' id='word_1_335' title='bbox 983 4176 1277 4247; x_wconf 74' lang='grc' dir='ltr'>εἰργάσατο</span> <span class='ocrx_word' id='word_1_336' title='bbox 1304 4178 1383 4240; x_wconf 85' lang='grc' dir='ltr'><strong>είς</strong></span> <span class='ocrx_word' id='word_1_337' title='bbox 1416 4177 1536 4247; x_wconf 75' lang='grc' dir='ltr'>ἐμὲ,</span> <span class='ocrx_word' id='word_1_338' title='bbox 1580 4198 1598 4229; x_wconf 77' lang='grc' dir='ltr'><strong>ι</strong></span> <span class='ocrx_word' id='word_1_339' title='bbox 1633 4180 1725 4230; x_wconf 75' lang='grc' dir='ltr'><strong>καὶ</strong></span> <span class='ocrx_word' id='word_1_340' title='bbox 1753 4177 1824 4230; x_wconf 85' lang='grc' dir='ltr'>τὰ</span> 
     </span>
    </p>
   </div>
   <div class='ocr_carea' id='block_1_44' title="bbox 260 4260 1826 4340">
    <p class='ocr_par' dir='ltr' id='par_1_44' title="bbox 260 4260 1826 4340">
     <span class='ocr_line' id='line_1_44' title="bbox 260 4260 1826 4340; baseline 0.006 -27"><span class='ocrx_word' id='word_1_341' title='bbox 260 4261 404 4330; x_wconf 76' lang='grc' dir='ltr'><strong>ἑξῆς.</strong></span> <span class='ocrx_word' id='word_1_342' title='bbox 442 4263 658 4333; x_wconf 84' lang='grc' dir='ltr'>Ὠσπερ</span> <span class='ocrx_word' id='word_1_343' title='bbox 697 4260 788 4317; x_wconf 75' lang='grc' dir='ltr'><strong>οὖν</strong></span> <span class='ocrx_word' id='word_1_344' title='bbox 828 4266 1210 4340; x_wconf 68' lang='grc' dir='ltr'>ἀντιφωνοῦσα</span> <span class='ocrx_word' id='word_1_345' title='bbox 1239 4270 1306 4339; x_wconf 84' lang='grc' dir='ltr'>τῇ</span> <span class='ocrx_word' id='word_1_346' title='bbox 1334 4269 1653 4340; x_wconf 74' lang='grc' dir='ltr'>εὐχαριστίᾳ</span> <span class='ocrx_word' id='word_1_347' title='bbox 1680 4269 1826 4338; x_wconf 88' lang='grc' dir='ltr'>λέγει</span> 
     </span>
    </p>
   </div>
   <div class='ocr_carea' id='block_1_45' title="bbox 259 4354 1901 4454">
    <p class='ocr_par' dir='ltr' id='par_1_45' title="bbox 259 4354 1901 4454">
     <span class='ocr_line' id='line_1_45' title="bbox 259 4354 1901 4454; baseline 0.007 -50"><span class='ocrx_word' id='word_1_348' title='bbox 259 4354 536 4454; x_wconf 43' lang='grc' dir='ltr'>ή.νύμφη·</span> <span class='ocrx_word' id='word_1_349' title='bbox 559 4356 872 4454; x_wconf 37' lang='lat' dir='ltr'><strong>Abudius:</strong></span> <span class='ocrx_word' id='word_1_350' title='bbox 900 4357 997 4454; x_wconf 81' lang='grc' dir='ltr'>τὴν</span> <span class='ocrx_word' id='word_1_351' title='bbox 1029 4359 1255 4413; x_wconf 83' lang='grc' dir='ltr'>εὐωδίαν</span> <span class='ocrx_word' id='word_1_352' title='bbox 1300 4360 1507 4424; x_wconf 75' lang='grc' dir='ltr'>ἔδωκας</span> <span class='ocrx_word' id='word_1_353' title='bbox 1532 4362 1641 4414; x_wconf 86' lang='grc' dir='ltr'><strong>τῶν</strong></span> <span class='ocrx_word' id='word_1_354' title='bbox 1682 4378 1824 4431; x_wconf 89' lang='grc' dir='ltr'>μαρ-</span> <span class='ocrx_word' id='word_1_355' title='bbox 1857 4399 1901 4454; x_wconf 79' lang='lat' dir='ltr'><strong>D</strong></span> 
     </span>
    </p>
   </div>
   <div class='ocr_carea' id='block_1_46' title="bbox 261 4444 1820 4522">
    <p class='ocr_par' dir='ltr' id='par_1_46' title="bbox 261 4444 1820 4522">
     <span class='ocr_line' id='line_1_46' title="bbox 261 4444 1820 4522; baseline 0.007 -28"><span class='ocrx_word' id='word_1_356' title='bbox 261 4444 454 4515; x_wconf 80' lang='grc' dir='ltr'>τύρων.</span> <span class='ocrx_word' id='word_1_357' title='bbox 492 4465 511 4498; x_wconf 81' lang='grc' dir='ltr'><strong>ι</strong></span> <span class='ocrx_word' id='word_1_358' title='bbox 559 4447 624 4500; x_wconf 85' lang='grc' dir='ltr'><strong><em>Ἦ</em></strong></span> <span class='ocrx_word' id='word_1_359' title='bbox 647 4447 839 4517; x_wconf 82' lang='grc' dir='ltr'>νάρδος</span> <span class='ocrx_word' id='word_1_360' title='bbox 880 4467 900 4500; x_wconf 77' lang='lat' dir='ltr'><strong>s</strong></span> <span class='ocrx_word' id='word_1_361' title='bbox 931 4449 1040 4520; x_wconf 90' lang='grc' dir='ltr'><strong>γὰρ</strong></span> <span class='ocrx_word' id='word_1_362' title='bbox 1071 4468 1091 4501; x_wconf 80' lang='grc' dir='ltr'><strong>ι</strong></span> <span class='ocrx_word' id='word_1_363' title='bbox 1124 4449 1322 4504; x_wconf 80' lang='grc' dir='ltr'>ἔδωκεν</span> <span class='ocrx_word' id='word_1_364' title='bbox 1355 4450 1528 4522; x_wconf 82' lang='grc' dir='ltr'>ὀσμὴν</span> <span class='ocrx_word' id='word_1_365' title='bbox 1565 4451 1730 4505; x_wconf 74' lang='grc' dir='ltr'>αὐτοῦ</span> <span class='ocrx_word' id='word_1_366' title='bbox 1751 4471 1764 4483; x_wconf 89' lang='grc'><strong>·</strong></span> <span class='ocrx_word' id='word_1_367' title='bbox 1801 4471 1820 4505; x_wconf 79' lang='lat' dir='ltr'><strong>s</strong></span> 
     </span>
    </p>
   </div>
   <div class='ocr_carea' id='block_1_47' title="bbox 262 4537 1827 4614">
    <p class='ocr_par' dir='ltr' id='par_1_47' title="bbox 262 4537 1827 4614">
     <span class='ocr_line' id='line_1_47' title="bbox 262 4537 1827 4614; baseline 0.005 -25"><span class='ocrx_word' id='word_1_368' title='bbox 262 4537 392 4608; x_wconf 79' lang='grc' dir='ltr'>ὅπερ</span> <span class='ocrx_word' id='word_1_369' title='bbox 435 4537 588 4590; x_wconf 70' lang='grc' dir='ltr'>ἐστί’</span> <span class='ocrx_word' id='word_1_370' title='bbox 637 4537 710 4590; x_wconf 81' lang='grc' dir='ltr'><strong>Τὸ</strong></span> <span class='ocrx_word' id='word_1_371' title='bbox 757 4539 848 4592; x_wconf 85' lang='grc' dir='ltr'><strong>σὺν</strong></span> <span class='ocrx_word' id='word_1_372' title='bbox 904 4540 1232 4614; x_wconf 79' lang='grc' dir='ltr'>μαρτύριον,</span> <span class='ocrx_word' id='word_1_373' title='bbox 1282 4542 1376 4595; x_wconf 66' lang='grc' dir='ltr'><strong>καὶ</strong></span> <span class='ocrx_word' id='word_1_374' title='bbox 1421 4544 1454 4613; x_wconf 88' lang='grc' dir='ltr'><strong>ή</strong></span> <span class='ocrx_word' id='word_1_375' title='bbox 1509 4542 1827 4614; x_wconf 64' lang='grc' dir='ltr'>σὴτεύωδία</span> 
     </span>
    </p>
   </div>
   <div class='ocr_carea' id='block_1_48' title="bbox 269 4627 1828 4703">
    <p class='ocr_par' dir='ltr' id='par_1_48' title="bbox 269 4627 1828 4703">
     <span class='ocr_line' id='line_1_48' title="bbox 269 4627 1828 4703; baseline 0.004 -21"><span class='ocrx_word' id='word_1_376' title='bbox 269 4627 639 4698; x_wconf 78' lang='grc' dir='ltr'>προετρέψατο</span> <span class='ocrx_word' id='word_1_377' title='bbox 669 4631 793 4692; x_wconf 79' lang='grc' dir='ltr'>τοὺς</span> <span class='ocrx_word' id='word_1_378' title='bbox 827 4630 1106 4702; x_wconf 84' lang='grc' dir='ltr'>μάρτυρας</span> <span class='ocrx_word' id='word_1_379' title='bbox 1132 4632 1271 4703; x_wconf 84' lang='grc' dir='ltr'>ὑπὲρ</span> <span class='ocrx_word' id='word_1_380' title='bbox 1297 4632 1392 4685; x_wconf 73' lang='grc' dir='ltr'><strong>τοῦ</strong></span> <span class='ocrx_word' id='word_1_381' title='bbox 1414 4634 1608 4688; x_wconf 89' lang='grc' dir='ltr'>παθεῖν</span> <span class='ocrx_word' id='word_1_382' title='bbox 1629 4651 1641 4664; x_wconf 88' lang='grc'><strong>·</strong></span> <span class='ocrx_word' id='word_1_383' title='bbox 1679 4635 1828 4688; x_wconf 76' lang='grc' dir='ltr'>ἐπει-</span> 
     </span>
    </p>
   </div>
   <div class='ocr_carea' id='block_1_49' title="bbox 263 4719 1829 4796">
    <p class='ocr_par' dir='ltr' id='par_1_49' title="bbox 263 4719 1829 4796">
     <span class='ocr_line' id='line_1_49' title="bbox 263 4719 1829 4796; baseline 0.006 -25"><span class='ocrx_word' id='word_1_384' title='bbox 263 4719 430 4790; x_wconf 72' lang='grc' dir='ltr'>δήπερ</span> <span class='ocrx_word' id='word_1_385' title='bbox 460 4719 554 4772; x_wconf 74' lang='grc' dir='ltr'><strong>καὶ</strong></span> <span class='ocrx_word' id='word_1_386' title='bbox 591 4719 655 4772; x_wconf 78' lang='grc' dir='ltr'><strong>σὺ</strong></span> <span class='ocrx_word' id='word_1_387' title='bbox 685 4719 887 4784; x_wconf 83' lang='grc' dir='ltr'>έπαθες</span> <span class='ocrx_word' id='word_1_388' title='bbox 915 4722 1056 4793; x_wconf 83' lang='grc' dir='ltr'>ὑπὲρ</span> <span class='ocrx_word' id='word_1_389' title='bbox 1093 4723 1272 4794; x_wconf 84' lang='grc' dir='ltr'>ήμῶν.</span> <span class='ocrx_word' id='word_1_390' title='bbox 1329 4724 1460 4777; x_wconf 86' lang='grc' dir='ltr'>Ἀπὸ</span> <span class='ocrx_word' id='word_1_391' title='bbox 1482 4725 1540 4778; x_wconf 83' lang='grc' dir='ltr'>δὲ</span> <span class='ocrx_word' id='word_1_392' title='bbox 1570 4725 1670 4796; x_wconf 86' lang='grc' dir='ltr'>τῆς</span> <span class='ocrx_word' id='word_1_393' title='bbox 1698 4729 1829 4781; x_wconf 72' lang='lat' dir='ltr'><strong>dmo-</strong></span> 
     </span>
    </p>
   </div>
   <div class='ocr_carea' id='block_1_50' title="bbox 266 4810 1829 4890">
    <p class='ocr_par' dir='ltr' id='par_1_50' title="bbox 266 4810 1829 4890">
     <span class='ocr_line' id='line_1_50' title="bbox 266 4810 1829 4890; baseline 0.006 -27"><span class='ocrx_word' id='word_1_394' title='bbox 266 4810 478 4876; x_wconf 79' lang='grc' dir='ltr'>λουθίας</span> <span class='ocrx_word' id='word_1_395' title='bbox 521 4814 836 4882; x_wconf 84' lang='grc' dir='ltr'>γινωσκέτω</span> <span class='ocrx_word' id='word_1_396' title='bbox 880 4817 988 4879; x_wconf 79' lang='grc' dir='ltr'>πᾶς</span> <span class='ocrx_word' id='word_1_397' title='bbox 1028 4833 1110 4881; x_wconf 84' lang='grc' dir='ltr'><strong>τις</strong></span> <span class='ocrx_word' id='word_1_398' title='bbox 1147 4816 1256 4871; x_wconf 83' lang='grc' dir='ltr'><strong>τῶν</strong></span> <span class='ocrx_word' id='word_1_399' title='bbox 1301 4816 1472 4886; x_wconf 89' lang='grc' dir='ltr'>λόγων</span> <span class='ocrx_word' id='word_1_400' title='bbox 1515 4817 1612 4890; x_wconf 78' lang='grc' dir='ltr'><strong>τήν</strong></span> <span class='ocrx_word' id='word_1_401' title='bbox 1657 4819 1829 4889; x_wconf 85' lang='grc' dir='ltr'>ἁρμο-</span> 
     </span>
    </p>
   </div>
   <div class='ocr_carea' id='block_1_51' title="bbox 265 4901 394 4955">
    <p class='ocr_par' dir='ltr' id='par_1_51' title="bbox 265 4901 394 4955">
     <span class='ocr_line' id='line_1_51' title="bbox 265 4901 394 4955; baseline 0.031 -4"><span class='ocrx_word' id='word_1_402' title='bbox 265 4901 394 4955; x_wconf 83' lang='grc' dir='ltr'>νίαν.</span> 
     </span>
    </p>
   </div>
   <div class='ocr_carea' id='block_1_52' title="bbox 332 4995 1822 5067">
    <p class='ocr_par' dir='ltr' id='par_1_52' title="bbox 332 4995 1822 5067">
     <span class='ocr_line' id='line_1_52' title="bbox 332 4995 1822 5067; baseline 0.004 -19"><span class='ocrx_word' id='word_1_403' title='bbox 332 4997 470 5062; x_wconf 75' lang='lat' dir='ltr'><strong>Kq&quot;.</strong></span> <span class='ocrx_word' id='word_1_404' title='bbox 515 4997 608 5049; x_wconf 87' lang='grc' dir='ltr'><strong>Στ.</strong></span> <span class='ocrx_word' id='word_1_405' title='bbox 653 4995 740 5049; x_wconf 71' lang='grc' dir='ltr'><strong>ιϐ’.</strong></span> <span class='ocrx_word' id='word_1_406' title='bbox 795 4996 1152 5067; x_wconf 78' lang='grc' dir='ltr'>Ἀπόδεσμος</span> <span class='ocrx_word' id='word_1_407' title='bbox 1180 4997 1293 5067; x_wconf 84' lang='grc' dir='ltr'>τῆς</span> <span class='ocrx_word' id='word_1_408' title='bbox 1335 4998 1604 5066; x_wconf 80' lang='grc' dir='ltr'>στακτῆς</span> <span class='ocrx_word' id='word_1_409' title='bbox 1646 4998 1822 5054; x_wconf 71' lang='grc' dir='ltr'>ἀδελ-</span> 
     </span>
    </p>
   </div>
   <div class='ocr_carea' id='block_1_53' title="bbox 273 5083 1242 5156">
    <p class='ocr_par' dir='ltr' id='par_1_53' title="bbox 273 5083 1242 5156">
     <span class='ocr_line' id='line_1_53' title="bbox 273 5083 1242 5156; baseline 0 -19"><span class='ocrx_word' id='word_1_410' title='bbox 273 5085 427 5152; x_wconf 63' lang='grc' dir='ltr'>φιδὸς</span> <span class='ocrx_word' id='word_1_411' title='bbox 445 5103 565 5156; x_wconf 76' lang='grc' dir='ltr'>μου</span> <span class='ocrx_word' id='word_1_412' title='bbox 597 5086 751 5156; x_wconf 81' lang='grc' dir='ltr'>ἐμοί.</span> <span class='ocrx_word' id='word_1_413' title='bbox 1239 5083 1242 5086; x_wconf 40' lang='grc'><em>⁴</em></span> 
     </span>
    </p>
   </div>
   <div class='ocr_carea' id='block_1_54' title="bbox 336 5172 1821 5253">
    <p class='ocr_par' dir='ltr' id='par_1_54' title="bbox 336 5172 1821 5253">
     <span class='ocr_line' id='line_1_54' title="bbox 336 5172 1821 5253; baseline 0.005 -24"><span class='ocrx_word' id='word_1_414' title='bbox 336 5176 501 5241; x_wconf 74' lang='grc' dir='ltr'>Εὐθὺς</span> <span class='ocrx_word' id='word_1_415' title='bbox 529 5177 940 5248; x_wconf 80' lang='grc' dir='ltr'>ὑπομιμνήσκει</span> <span class='ocrx_word' id='word_1_416' title='bbox 965 5176 1026 5232; x_wconf 82' lang='grc' dir='ltr'><strong>τὸ</strong></span> <span class='ocrx_word' id='word_1_417' title='bbox 1051 5172 1193 5249; x_wconf 76' lang='grc' dir='ltr'>αἷμα</span> <span class='ocrx_word' id='word_1_418' title='bbox 1218 5179 1312 5233; x_wconf 71' lang='grc' dir='ltr'>καὶ</span> <span class='ocrx_word' id='word_1_419' title='bbox 1337 5179 1398 5232; x_wconf 76' lang='grc' dir='ltr'>τὸ</span> <span class='ocrx_word' id='word_1_420' title='bbox 1426 5179 1566 5253; x_wconf 79' lang='grc' dir='ltr'>ὕδωρ</span> <span class='ocrx_word' id='word_1_421' title='bbox 1601 5181 1660 5234; x_wconf 86' lang='grc' dir='ltr'><strong>τὸ</strong></span> <span class='ocrx_word' id='word_1_422' title='bbox 1692 5184 1821 5237; x_wconf 84' lang='grc' dir='ltr'>στά-</span> 
     </span>
    </p>
   </div>
   <div class='ocr_carea' id='block_1_55' title="bbox 1928 551 3496 617">
    <p class='ocr_par' dir='ltr' id='par_1_55' title="bbox 1928 551 3496 617">
     <span class='ocr_line' id='line_1_55' title="bbox 1928 551 3496 617; baseline -0.007 -2"><span class='ocrx_word' id='word_1_423' title='bbox 1928 560 2139 615; x_wconf 87' lang='lat' dir='ltr'><strong>subdit:</strong></span> <span class='ocrx_word' id='word_1_424' title='bbox 2193 578 2211 610; x_wconf 80' lang='grc' dir='ltr'><strong>ι</strong></span> <span class='ocrx_word' id='word_1_425' title='bbox 2246 557 2450 614; x_wconf 82' lang='lat' dir='ltr'><strong>Collum</strong></span> <span class='ocrx_word' id='word_1_426' title='bbox 2495 564 2643 610; x_wconf 88' lang='lat' dir='ltr'><strong>tuum</strong></span> <span class='ocrx_word' id='word_1_427' title='bbox 2692 557 2832 611; x_wconf 90' lang='lat' dir='ltr'><strong>sicut</strong></span> <span class='ocrx_word' id='word_1_428' title='bbox 2876 553 3105 617; x_wconf 86' lang='lat' dir='ltr'><strong>monile;</strong></span> <span class='ocrx_word' id='word_1_429' title='bbox 3142 570 3161 604; x_wconf 71' lang='grc' dir='ltr'><strong>ι</strong></span> <span class='ocrx_word' id='word_1_430' title='bbox 3202 560 3261 606; x_wconf 82' lang='grc' dir='ltr'><strong>ιιι</strong></span> <span class='ocrx_word' id='word_1_431' title='bbox 3297 551 3496 604; x_wconf 68' lang='lat' dir='ltr'><strong>indicet</strong></span> 
     </span>
    </p>
   </div>
   <div class='ocr_carea' id='block_1_56' title="bbox 1927 641 3496 718">
    <p class='ocr_par' dir='ltr' id='par_1_56' title="bbox 1927 641 3496 718">
     <span class='ocr_line' id='line_1_56' title="bbox 1927 641 3496 718; baseline -0.008 -13"><span class='ocrx_word' id='word_1_432' title='bbox 1927 651 2086 705; x_wconf 87' lang='lat' dir='ltr'><strong>etiam</strong></span> <span class='ocrx_word' id='word_1_433' title='bbox 2113 664 2206 704; x_wconf 86' lang='lat' dir='ltr'><strong>eos</strong></span> <span class='ocrx_word' id='word_1_434' title='bbox 2239 648 2329 718; x_wconf 89' lang='lat' dir='ltr'><strong>qui</strong></span> <span class='ocrx_word' id='word_1_435' title='bbox 2359 661 2425 701; x_wconf 79' lang='lat' dir='ltr'><strong>ex</strong></span> <span class='ocrx_word' id='word_1_436' title='bbox 2455 645 2658 701; x_wconf 72' lang='lat' dir='ltr'><strong>Judmis</strong></span> <span class='ocrx_word' id='word_1_437' title='bbox 2681 644 3062 700; x_wconf 89' lang='lat' dir='ltr'><strong>crediderunt:</strong></span> <span class='ocrx_word' id='word_1_438' title='bbox 3090 643 3142 696; x_wconf 91' lang='lat' dir='ltr'><strong>in</strong></span> <span class='ocrx_word' id='word_1_439' title='bbox 3180 641 3496 696; x_wconf 81' lang='lat' dir='ltr'><strong>memoriam</strong></span> 
     </span>
    </p>
   </div>
   <div class='ocr_carea' id='block_1_57' title="bbox 1929 731 3491 806">
    <p class='ocr_par' dir='ltr' id='par_1_57' title="bbox 1929 731 3491 806">
     <span class='ocr_line' id='line_1_57' title="bbox 1929 731 3491 806; baseline -0.008 -11"><span class='ocrx_word' id='word_1_440' title='bbox 1929 756 2184 796; x_wconf 84' lang='lat' dir='ltr'><strong>revocans</strong></span> <span class='ocrx_word' id='word_1_441' title='bbox 2211 739 2360 794; x_wconf 73' lang='lat' dir='ltr'><strong>Juda:</strong></span> <span class='ocrx_word' id='word_1_442' title='bbox 2393 738 2590 794; x_wconf 88' lang='lat' dir='ltr'><strong>monile</strong></span> <span class='ocrx_word' id='word_1_443' title='bbox 2612 738 2656 769; x_wconf 77' lang='grc'><strong>⁸⁸</strong></span> <span class='ocrx_word' id='word_1_444' title='bbox 2689 736 2834 806; x_wconf 87' lang='lat' dir='ltr'><strong>quod</strong></span> <span class='ocrx_word' id='word_1_445' title='bbox 2872 734 3109 790; x_wconf 82' lang='lat' dir='ltr'><strong>Thamar</strong></span> <span class='ocrx_word' id='word_1_446' title='bbox 3147 734 3338 788; x_wconf 84' lang='lat' dir='ltr'><strong>datum</strong></span> <span class='ocrx_word' id='word_1_447' title='bbox 3372 731 3491 785; x_wconf 80' lang='lat' dir='ltr'><strong>fuit.</strong></span> 
     </span>
    </p>
   </div>
   <div class='ocr_carea' id='block_1_58' title="bbox 1934 823 3495 896">
    <p class='ocr_par' dir='ltr' id='par_1_58' title="bbox 1934 823 3495 896">
     <span class='ocr_line' id='line_1_58' title="bbox 1934 823 3495 896; baseline -0.007 -11"><span class='ocrx_word' id='word_1_448' title='bbox 1934 853 1952 885; x_wconf 80' lang='grc' dir='ltr'><strong>ι</strong></span> <span class='ocrx_word' id='word_1_449' title='bbox 1990 830 2328 887; x_wconf 77' lang='lat' dir='ltr'><strong>Manifestum</strong></span> <span class='ocrx_word' id='word_1_450' title='bbox 2385 829 2530 883; x_wconf 88' lang='lat' dir='ltr'><strong>enim</strong></span> <span class='ocrx_word' id='word_1_451' title='bbox 2571 836 2676 891; x_wconf 87' lang='lat' dir='ltr'><strong>est,</strong></span> <span class='ocrx_word' id='word_1_452' title='bbox 2725 826 2868 896; x_wconf 89' lang='lat' dir='ltr'><strong>quod</strong></span> <span class='ocrx_word' id='word_1_453' title='bbox 2913 840 2982 880; x_wconf 84' lang='lat' dir='ltr'><strong>ex</strong></span> <span class='ocrx_word' id='word_1_454' title='bbox 3033 823 3168 880; x_wconf 82' lang='lat' dir='ltr'><strong>Juda</strong></span> <span class='ocrx_word' id='word_1_455' title='bbox 3219 831 3370 877; x_wconf 88' lang='lat' dir='ltr'><strong>ortus</strong></span> <span class='ocrx_word' id='word_1_456' title='bbox 3410 829 3495 875; x_wconf 86' lang='lat' dir='ltr'><strong>est</strong></span> 
     </span>
    </p>
   </div>
   <div class='ocr_carea' id='block_1_59' title="bbox 1922 913 3492 997">
    <p class='ocr_par' dir='ltr' id='par_1_59' title="bbox 1922 913 3492 997">
     <span class='ocr_line' id='line_1_59' title="bbox 1922 913 3492 997; baseline -0.008 -20"><span class='ocrx_word' id='word_1_457' title='bbox 1922 921 2185 997; x_wconf 75' lang='lat' dir='ltr'><strong>Dominus</strong></span> <span class='ocrx_word' id='word_1_458' title='bbox 2227 929 2412 974; x_wconf 79' lang='lat' dir='ltr'><strong>noster</strong></span> <span class='ocrx_word' id='word_1_459' title='bbox 2440 917 2596 976; x_wconf 82' lang='lat' dir='ltr'><strong>Jesus</strong></span> <span class='ocrx_word' id='word_1_460' title='bbox 2625 917 2875 973; x_wconf 86' lang='lat' dir='ltr'><strong>Christus</strong></span> <span class='ocrx_word' id='word_1_461' title='bbox 2899 956 2915 982; x_wconf 90' lang='lat'><strong>,</strong></span> <span class='ocrx_word' id='word_1_462' title='bbox 2959 935 2978 968; x_wconf 72' lang='grc' dir='ltr'><strong>ι</strong></span> <span class='ocrx_word' id='word_1_463' title='bbox 3015 915 3313 970; x_wconf 88' lang='lat' dir='ltr'><strong>secundum</strong></span> <span class='ocrx_word' id='word_1_464' title='bbox 3345 913 3492 982; x_wconf 85' lang='lat' dir='ltr'><strong>Apo-</strong></span> 
     </span>
    </p>
   </div>
   <div class='ocr_carea' id='block_1_60' title="bbox 1927 1002 3496 1078">
    <p class='ocr_par' dir='ltr' id='par_1_60' title="bbox 1927 1002 3496 1078">
     <span class='ocr_line' id='line_1_60' title="bbox 1927 1002 3496 1078; baseline -0.005 -14"><span class='ocrx_word' id='word_1_465' title='bbox 1927 1009 2209 1064; x_wconf 77' lang='lat' dir='ltr'><strong>stolum”.</strong></span> <span class='ocrx_word' id='word_1_466' title='bbox 2251 1008 2452 1064; x_wconf 89' lang='lat' dir='ltr'><strong>Deinde</strong></span> <span class='ocrx_word' id='word_1_467' title='bbox 2485 1008 2887 1078; x_wconf 78' lang='lat' dir='ltr'><strong>generationem</strong></span> <span class='ocrx_word' id='word_1_468' title='bbox 2929 1004 3044 1074; x_wconf 85' lang='lat' dir='ltr'><strong>ejus</strong></span> <span class='ocrx_word' id='word_1_469' title='bbox 3078 1002 3331 1074; x_wconf 62' lang='lat' dir='ltr'><strong>(sponsae)</strong></span> <span class='ocrx_word' id='word_1_470' title='bbox 3370 1017 3496 1057; x_wconf 89' lang='lat' dir='ltr'><strong>cum</strong></span> 
     </span>
    </p>
   </div>
   <div class='ocr_carea' id='block_1_61' title="bbox 1927 1097 3493 1168">
    <p class='ocr_par' dir='ltr' id='par_1_61' title="bbox 1927 1097 3493 1168">
     <span class='ocr_line' id='line_1_61' title="bbox 1927 1097 3493 1168; baseline -0.004 -14"><span class='ocrx_word' id='word_1_471' title='bbox 1927 1099 2282 1165; x_wconf 88' lang='lat' dir='ltr'><strong>enarraverit,</strong></span> <span class='ocrx_word' id='word_1_472' title='bbox 2332 1108 2390 1154; x_wconf 90' lang='lat' dir='ltr'><strong>et</strong></span> <span class='ocrx_word' id='word_1_473' title='bbox 2431 1107 2680 1153; x_wconf 88' lang='lat' dir='ltr'><strong>ornatum</strong></span> <span class='ocrx_word' id='word_1_474' title='bbox 2728 1113 2888 1168; x_wconf 89' lang='lat' dir='ltr'><strong>quem</strong></span> <span class='ocrx_word' id='word_1_475' title='bbox 2932 1097 3009 1152; x_wconf 91' lang='lat' dir='ltr'><strong>illi</strong></span> <span class='ocrx_word' id='word_1_476' title='bbox 3045 1097 3210 1152; x_wconf 91' lang='lat' dir='ltr'><strong>donat</strong></span> <span class='ocrx_word' id='word_1_477' title='bbox 3243 1107 3493 1164; x_wconf 85' lang='lat' dir='ltr'><strong>sponsus,</strong></span> 
     </span>
    </p>
   </div>
   <div class='ocr_carea' id='block_1_62' title="bbox 1927 1189 2446 1259">
    <p class='ocr_par' dir='ltr' id='par_1_62' title="bbox 1927 1189 2446 1259">
     <span class='ocr_line' id='line_1_62' title="bbox 1927 1189 2446 1259; baseline 0 -15"><span class='ocrx_word' id='word_1_478' title='bbox 1927 1190 2164 1245; x_wconf 90' lang='lat' dir='ltr'><strong>subdunt</strong></span> <span class='ocrx_word' id='word_1_479' title='bbox 2189 1189 2446 1259; x_wconf 81' lang='lat' dir='ltr'><strong>apostoli:</strong></span> 
     </span>
    </p>
   </div>
   <div class='ocr_carea' id='block_1_63' title="bbox 1997 1272 3497 1345">
    <p class='ocr_par' dir='ltr' id='par_1_63' title="bbox 1997 1272 3497 1345">
     <span class='ocr_line' id='line_1_63' title="bbox 1997 1272 3497 1345; baseline -0.005 -12"><span class='ocrx_word' id='word_1_480' title='bbox 1997 1279 2182 1334; x_wconf 81' lang='lat' dir='ltr'><strong>XXlll.</strong></span> <span class='ocrx_word' id='word_1_481' title='bbox 2217 1281 2379 1335; x_wconf 69' lang='lat' dir='ltr'><strong>Vens.</strong></span> <span class='ocrx_word' id='word_1_482' title='bbox 2414 1279 2502 1335; x_wconf 82' lang='lat' dir='ltr'><strong>lO.</strong></span> <span class='ocrx_word' id='word_1_483' title='bbox 2544 1278 2926 1335; x_wconf 73' lang='lat' dir='ltr'><strong>Similitudines</strong></span> <span class='ocrx_word' id='word_1_484' title='bbox 2969 1277 3088 1331; x_wconf 87' lang='lat' dir='ltr'><strong>auri</strong></span> <span class='ocrx_word' id='word_1_485' title='bbox 3118 1275 3372 1345; x_wconf 73' lang='lat' dir='ltr'><strong>faciemus</strong></span> <span class='ocrx_word' id='word_1_486' title='bbox 3401 1272 3497 1327; x_wconf 82' lang='lat' dir='ltr'><strong>tibi</strong></span> 
     </span>
    </p>
   </div>
   <div class='ocr_carea' id='block_1_64' title="bbox 1928 1359 2640 1441">
    <p class='ocr_par' dir='ltr' id='par_1_64' title="bbox 1928 1359 2640 1441">
     <span class='ocr_line' id='line_1_64' title="bbox 1928 1359 2640 1441; baseline -0.001 -16"><span class='ocrx_word' id='word_1_487' title='bbox 1928 1387 2044 1425; x_wconf 80' lang='lat' dir='ltr'><strong>cum</strong></span> <span class='ocrx_word' id='word_1_488' title='bbox 2065 1371 2392 1440; x_wconf 84' lang='lat' dir='ltr'><strong>stigmatibus</strong></span> <span class='ocrx_word' id='word_1_489' title='bbox 2419 1359 2640 1441; x_wconf 73' lang='lat' dir='ltr'><strong>argenti.</strong></span> 
     </span>
    </p>
   </div>
   <div class='ocr_carea' id='block_1_65' title="bbox 2003 1456 3497 1524">
    <p class='ocr_par' dir='ltr' id='par_1_65' title="bbox 2003 1456 3497 1524">
     <span class='ocr_line' id='line_1_65' title="bbox 2003 1456 3497 1524; baseline -0.007 -7"><span class='ocrx_word' id='word_1_490' title='bbox 2003 1462 2400 1518; x_wconf 87' lang='lat' dir='ltr'><strong>Similitudines</strong></span> <span class='ocrx_word' id='word_1_491' title='bbox 2435 1461 2550 1516; x_wconf 83' lang='lat' dir='ltr'><strong>auri</strong></span> <span class='ocrx_word' id='word_1_492' title='bbox 2592 1476 2699 1516; x_wconf 91' lang='lat' dir='ltr'><strong>non</strong></span> <span class='ocrx_word' id='word_1_493' title='bbox 2734 1460 2869 1516; x_wconf 90' lang='lat' dir='ltr'><strong>alias</strong></span> <span class='ocrx_word' id='word_1_494' title='bbox 2905 1473 3025 1514; x_wconf 87' lang='lat' dir='ltr'><strong>esse</strong></span> <span class='ocrx_word' id='word_1_495' title='bbox 3069 1456 3306 1512; x_wconf 75' lang='lat' dir='ltr'><strong>arbitror</strong></span> <span class='ocrx_word' id='word_1_496' title='bbox 3336 1468 3497 1524; x_wconf 84' lang='lat' dir='ltr'><strong>quam</strong></span> 
     </span>
    </p>
   </div>
   <div class='ocr_carea' id='block_1_66' title="bbox 1933 1543 3498 1622">
    <p class='ocr_par' dir='ltr' id='par_1_66' title="bbox 1933 1543 3498 1622">
     <span class='ocr_line' id='line_1_66' title="bbox 1933 1543 3498 1622; baseline -0.008 -13"><span class='ocrx_word' id='word_1_497' title='bbox 1933 1562 2150 1610; x_wconf 85' lang='lat' dir='ltr'><strong>sanctos</strong></span> <span class='ocrx_word' id='word_1_498' title='bbox 2169 1562 2469 1622; x_wconf 87' lang='lat' dir='ltr'><strong>martyres;</strong></span> <span class='ocrx_word' id='word_1_499' title='bbox 2496 1551 2927 1621; x_wconf 88' lang='lat' dir='ltr'><strong>quandoquidem</strong></span> <span class='ocrx_word' id='word_1_500' title='bbox 2947 1550 3070 1618; x_wconf 92' lang='lat' dir='ltr'><strong>igne</strong></span> <span class='ocrx_word' id='word_1_501' title='bbox 3091 1543 3299 1616; x_wconf 83' lang='lat' dir='ltr'><strong>probati</strong></span> <span class='ocrx_word' id='word_1_502' title='bbox 3321 1543 3498 1613; x_wconf 87' lang='lat' dir='ltr'><strong>splen-</strong></span> 
     </span>
    </p>
   </div>
   <div class='ocr_carea' id='block_1_67' title="bbox 1929 1637 3498 1707">
    <p class='ocr_par' dir='ltr' id='par_1_67' title="bbox 1929 1637 3498 1707">
     <span class='ocr_line' id='line_1_67' title="bbox 1929 1637 3498 1707; baseline -0.008 -7"><span class='ocrx_word' id='word_1_503' title='bbox 1929 1644 2188 1700; x_wconf 89' lang='lat' dir='ltr'><strong>didiorem</strong></span> <span class='ocrx_word' id='word_1_504' title='bbox 2236 1644 2596 1698; x_wconf 83' lang='lat' dir='ltr'><strong>exhibuerunt</strong></span> <span class='ocrx_word' id='word_1_505' title='bbox 2643 1641 2839 1707; x_wconf 83' lang='lat' dir='ltr'><strong>ﬁdem;</strong></span> <span class='ocrx_word' id='word_1_506' title='bbox 2876 1642 2952 1695; x_wconf 90' lang='lat' dir='ltr'><strong>ait</strong></span> <span class='ocrx_word' id='word_1_507' title='bbox 2985 1640 3126 1694; x_wconf 88' lang='lat' dir='ltr'><strong>enim</strong></span> <span class='ocrx_word' id='word_1_508' title='bbox 3171 1637 3498 1703; x_wconf 82' lang='lat' dir='ltr'><strong>Scriptura:</strong></span> 
     </span>
    </p>
   </div>
   <div class='ocr_carea' id='block_1_68' title="bbox 1934 1722 3498 1803">
    <p class='ocr_par' dir='ltr' id='par_1_68' title="bbox 1934 1722 3498 1803">
     <span class='ocr_line' id='line_1_68' title="bbox 1934 1722 3498 1803; baseline -0.008 -16"><span class='ocrx_word' id='word_1_509' title='bbox 1934 1753 1954 1787; x_wconf 80' lang='grc' dir='ltr'><strong>ι</strong></span> <span class='ocrx_word' id='word_1_510' title='bbox 1994 1734 2272 1803; x_wconf 85' lang='lat' dir='ltr'><strong>Tanquam</strong></span> <span class='ocrx_word' id='word_1_511' title='bbox 2333 1747 2522 1788; x_wconf 89' lang='lat' dir='ltr'><strong>aurum</strong></span> <span class='ocrx_word' id='word_1_512' title='bbox 2574 1732 2627 1786; x_wconf 92' lang='lat' dir='ltr'><strong>in</strong></span> <span class='ocrx_word' id='word_1_513' title='bbox 2678 1730 2897 1787; x_wconf 81' lang='lat' dir='ltr'><strong>fornace</strong></span> <span class='ocrx_word' id='word_1_514' title='bbox 2949 1727 3210 1784; x_wconf 85' lang='lat' dir='ltr'><strong>conﬂatos</strong></span> <span class='ocrx_word' id='word_1_515' title='bbox 3255 1722 3498 1794; x_wconf 81' lang='lat' dir='ltr'><strong>probavit</strong></span> 
     </span>
    </p>
   </div>
   <div class='ocr_carea' id='block_1_69' title="bbox 1929 1815 3496 1891">
    <p class='ocr_par' dir='ltr' id='par_1_69' title="bbox 1929 1815 3496 1891">
     <span class='ocr_line' id='line_1_69' title="bbox 1929 1815 3496 1891; baseline -0.01 -11"><span class='ocrx_word' id='word_1_516' title='bbox 1929 1840 2044 1891; x_wconf 89' lang='lat' dir='ltr'><strong>eos,</strong></span> <span class='ocrx_word' id='word_1_517' title='bbox 2081 1833 2136 1880; x_wconf 92' lang='lat' dir='ltr'><strong>et</strong></span> <span class='ocrx_word' id='word_1_518' title='bbox 2159 1825 2298 1881; x_wconf 81' lang='lat' dir='ltr'><strong>sicut</strong></span> <span class='ocrx_word' id='word_1_519' title='bbox 2326 1825 2698 1880; x_wconf 85' lang='lat' dir='ltr'><strong>holocaustum</strong></span> <span class='ocrx_word' id='word_1_520' title='bbox 2737 1821 2988 1878; x_wconf 79' lang='lat' dir='ltr'><strong>sacriﬁcii</strong></span> <span class='ocrx_word' id='word_1_521' title='bbox 3019 1815 3446 1886; x_wconf 81' lang='lat' dir='ltr'><strong>suscepiteos&quot;.</strong></span> <span class='ocrx_word' id='word_1_522' title='bbox 3475 1831 3496 1865; x_wconf 73' lang='grc' dir='ltr'><strong>ι</strong></span> 
     </span>
    </p>
   </div>
   <div class='ocr_carea' id='block_1_70' title="bbox 1928 1911 3561 1985">
    <p class='ocr_par' dir='ltr' id='par_1_70' title="bbox 1928 1911 3561 1985">
     <span class='ocr_line' id='line_1_70' title="bbox 1928 1911 3561 1985; baseline -0.006 -15"><span class='ocrx_word' id='word_1_523' title='bbox 1928 1913 2000 1970; x_wconf 94' lang='lat' dir='ltr'><strong>Ut</strong></span> <span class='ocrx_word' id='word_1_524' title='bbox 2027 1923 2204 1970; x_wconf 89' lang='lat' dir='ltr'><strong>autem</strong></span> <span class='ocrx_word' id='word_1_525' title='bbox 2233 1930 2302 1971; x_wconf 80' lang='lat' dir='ltr'><strong>ex</strong></span> <span class='ocrx_word' id='word_1_526' title='bbox 2333 1915 2398 1971; x_wconf 91' lang='lat' dir='ltr'><strong>iis</strong></span> <span class='ocrx_word' id='word_1_527' title='bbox 2424 1930 2544 1985; x_wconf 80' lang='lat' dir='ltr'><strong>quae</strong></span> <span class='ocrx_word' id='word_1_528' title='bbox 2578 1923 2877 1982; x_wconf 87' lang='lat' dir='ltr'><strong>sequuntur</strong></span> <span class='ocrx_word' id='word_1_529' title='bbox 2923 1911 3329 1966; x_wconf 84' lang='lat' dir='ltr'><strong>demonstretur</strong></span> <span class='ocrx_word' id='word_1_530' title='bbox 3378 1919 3498 1960; x_wconf 87' lang='lat' dir='ltr'><strong>ser-</strong></span> <span class='ocrx_word' id='word_1_531' title='bbox 3555 1953 3561 1960; x_wconf 90' lang='lat'><strong>.</strong></span> 
     </span>
    </p>
   </div>
   <div class='ocr_carea' id='block_1_71' title="bbox 1927 1996 3499 2077">
    <p class='ocr_par' dir='ltr' id='par_1_71' title="bbox 1927 1996 3499 2077">
     <span class='ocr_line' id='line_1_71' title="bbox 1927 1996 3499 2077; baseline -0.008 -15"><span class='ocrx_word' id='word_1_532' title='bbox 1927 2022 2141 2062; x_wconf 76' lang='lat' dir='ltr'><strong>mortem</strong></span> <span class='ocrx_word' id='word_1_533' title='bbox 2165 2021 2286 2062; x_wconf 91' lang='lat' dir='ltr'><strong>esse</strong></span> <span class='ocrx_word' id='word_1_534' title='bbox 2311 2009 2375 2062; x_wconf 92' lang='lat' dir='ltr'><strong>de</strong></span> <span class='ocrx_word' id='word_1_535' title='bbox 2396 2005 2743 2077; x_wconf 87' lang='lat' dir='ltr'><strong>martyribus,</strong></span> <span class='ocrx_word' id='word_1_536' title='bbox 2761 2005 2884 2059; x_wconf 86' lang='lat' dir='ltr'><strong>vide</strong></span> <span class='ocrx_word' id='word_1_537' title='bbox 2906 2002 3048 2072; x_wconf 90' lang='lat' dir='ltr'><strong>quod</strong></span> <span class='ocrx_word' id='word_1_538' title='bbox 3070 1999 3279 2055; x_wconf 89' lang='lat' dir='ltr'><strong>subdit:</strong></span> <span class='ocrx_word' id='word_1_539' title='bbox 3310 2015 3330 2050; x_wconf 81' lang='grc' dir='ltr'><strong>ι</strong></span> <span class='ocrx_word' id='word_1_540' title='bbox 3367 1996 3499 2051; x_wconf 92' lang='lat' dir='ltr'><strong>Cum</strong></span> 
     </span>
    </p>
   </div>
   <div class='ocr_carea' id='block_1_72' title="bbox 1927 2091 3499 2173">
    <p class='ocr_par' dir='ltr' id='par_1_72' title="bbox 1927 2091 3499 2173">
     <span class='ocr_line' id='line_1_72' title="bbox 1927 2091 3499 2173; baseline -0.007 -18"><span class='ocrx_word' id='word_1_541' title='bbox 1927 2102 2272 2173; x_wconf 84' lang='lat' dir='ltr'><strong>stigmatibus</strong></span> <span class='ocrx_word' id='word_1_542' title='bbox 2323 2100 2552 2171; x_wconf 79' lang='lat' dir='ltr'><strong>argenti.</strong></span> <span class='ocrx_word' id='word_1_543' title='bbox 2610 2117 2630 2153; x_wconf 73' lang='grc' dir='ltr'><strong>ι</strong></span> <span class='ocrx_word' id='word_1_544' title='bbox 2692 2098 2956 2170; x_wconf 82' lang='lat' dir='ltr'><strong>Stigmata</strong></span> <span class='ocrx_word' id='word_1_545' title='bbox 3016 2096 3160 2152; x_wconf 89' lang='lat' dir='ltr'><strong>enim</strong></span> <span class='ocrx_word' id='word_1_546' title='bbox 3216 2091 3499 2149; x_wconf 82' lang='lat' dir='ltr'><strong>manifesto</strong></span> 
     </span>
    </p>
   </div>
   <div class='ocr_carea' id='block_1_73' title="bbox 1928 2181 3500 2258">
    <p class='ocr_par' dir='ltr' id='par_1_73' title="bbox 1928 2181 3500 2258">
     <span class='ocr_line' id='line_1_73' title="bbox 1928 2181 3500 2258; baseline -0.009 -10"><span class='ocrx_word' id='word_1_547' title='bbox 1928 2204 2050 2249; x_wconf 90' lang='lat' dir='ltr'><strong>sunt</strong></span> <span class='ocrx_word' id='word_1_548' title='bbox 2099 2195 2324 2249; x_wconf 84' lang='lat' dir='ltr'><strong>verbera</strong></span> <span class='ocrx_word' id='word_1_549' title='bbox 2382 2205 2438 2248; x_wconf 91' lang='lat' dir='ltr'><strong>et</strong></span> <span class='ocrx_word' id='word_1_550' title='bbox 2480 2201 2745 2248; x_wconf 89' lang='lat' dir='ltr'><strong>tormenta</strong></span> <span class='ocrx_word' id='word_1_551' title='bbox 2795 2203 2982 2245; x_wconf 89' lang='lat' dir='ltr'><strong>eorum</strong></span> <span class='ocrx_word' id='word_1_552' title='bbox 3029 2187 3122 2258; x_wconf 88' lang='lat' dir='ltr'><strong>qui</strong></span> <span class='ocrx_word' id='word_1_553' title='bbox 3155 2199 3253 2256; x_wconf 80' lang='lat' dir='ltr'><strong>pro</strong></span> <span class='ocrx_word' id='word_1_554' title='bbox 3285 2181 3500 2238; x_wconf 86' lang='lat' dir='ltr'><strong>Christo</strong></span> 
     </span>
    </p>
   </div>
   <div class='ocr_carea' id='block_1_74' title="bbox 1934 2276 3500 2356">
    <p class='ocr_par' dir='ltr' id='par_1_74' title="bbox 1934 2276 3500 2356">
     <span class='ocr_line' id='line_1_74' title="bbox 1934 2276 3500 2356; baseline -0.008 -18"><span class='ocrx_word' id='word_1_555' title='bbox 1934 2286 2080 2356; x_wconf 86' lang='lat' dir='ltr'><strong>passi</strong></span> <span class='ocrx_word' id='word_1_556' title='bbox 2110 2295 2269 2342; x_wconf 85' lang='lat' dir='ltr'><strong>sunt:</strong></span> <span class='ocrx_word' id='word_1_557' title='bbox 2311 2283 2762 2355; x_wconf 87' lang='lat' dir='ltr'><strong>quemadmodum</strong></span> <span class='ocrx_word' id='word_1_558' title='bbox 2794 2289 3023 2336; x_wconf 85' lang='lat' dir='ltr'><strong>testatur</strong></span> <span class='ocrx_word' id='word_1_559' title='bbox 3053 2277 3253 2333; x_wconf 89' lang='lat' dir='ltr'><strong>Paulus</strong></span> <span class='ocrx_word' id='word_1_560' title='bbox 3280 2276 3500 2330; x_wconf 89' lang='lat' dir='ltr'><strong>dicens:</strong></span> 
     </span>
    </p>
   </div>
   <div class='ocr_carea' id='block_1_75' title="bbox 1933 2367 3500 2448">
    <p class='ocr_par' dir='ltr' id='par_1_75' title="bbox 1933 2367 3500 2448">
     <span class='ocr_line' id='line_1_75' title="bbox 1933 2367 3500 2448; baseline -0.007 -18"><span class='ocrx_word' id='word_1_561' title='bbox 1933 2397 1952 2430; x_wconf 81' lang='grc' dir='ltr'><strong>ι</strong></span> <span class='ocrx_word' id='word_1_562' title='bbox 1989 2378 2099 2446; x_wconf 83' lang='lat' dir='ltr'><strong>Ego</strong></span> <span class='ocrx_word' id='word_1_563' title='bbox 2125 2379 2267 2434; x_wconf 91' lang='lat' dir='ltr'><strong>enim</strong></span> <span class='ocrx_word' id='word_1_564' title='bbox 2301 2377 2552 2448; x_wconf 83' lang='lat' dir='ltr'><strong>stigmata</strong></span> <span class='ocrx_word' id='word_1_565' title='bbox 2589 2374 2797 2430; x_wconf 91' lang='lat' dir='ltr'><strong>Domini</strong></span> <span class='ocrx_word' id='word_1_566' title='bbox 2833 2372 3000 2427; x_wconf 89' lang='lat' dir='ltr'><strong>nostri</strong></span> <span class='ocrx_word' id='word_1_567' title='bbox 3037 2369 3165 2426; x_wconf 74' lang='lat' dir='ltr'><strong>Iesu</strong></span> <span class='ocrx_word' id='word_1_568' title='bbox 3203 2367 3403 2425; x_wconf 90' lang='lat' dir='ltr'><strong>Christi</strong></span> <span class='ocrx_word' id='word_1_569' title='bbox 3446 2367 3500 2420; x_wconf 90' lang='lat' dir='ltr'><strong>in</strong></span> 
     </span>
    </p>
   </div>
   <div class='ocr_carea' id='block_1_76' title="bbox 1926 2455 3500 2538">
    <p class='ocr_par' dir='ltr' id='par_1_76' title="bbox 1926 2455 3500 2538">
     <span class='ocr_line' id='line_1_76' title="bbox 1926 2455 3500 2538; baseline -0.009 -16"><span class='ocrx_word' id='word_1_570' title='bbox 1926 2483 2160 2538; x_wconf 84' lang='lat' dir='ltr'><strong>corpore</strong></span> <span class='ocrx_word' id='word_1_571' title='bbox 2211 2481 2333 2522; x_wconf 92' lang='lat' dir='ltr'><strong>meo</strong></span> <span class='ocrx_word' id='word_1_572' title='bbox 2385 2465 2631 2536; x_wconf 83' lang='lat' dir='ltr'><strong>porto&quot;.</strong></span> <span class='ocrx_word' id='word_1_573' title='bbox 2692 2482 2712 2516; x_wconf 69' lang='grc' dir='ltr'><strong>ο</strong></span> <span class='ocrx_word' id='word_1_574' title='bbox 2773 2462 3030 2533; x_wconf 86' lang='lat' dir='ltr'><strong>Sequitur</strong></span> <span class='ocrx_word' id='word_1_575' title='bbox 3085 2468 3264 2514; x_wconf 89' lang='lat' dir='ltr'><strong>autem</strong></span> <span class='ocrx_word' id='word_1_576' title='bbox 3319 2455 3500 2511; x_wconf 81' lang='lat' dir='ltr'><strong>oratio</strong></span> 
     </span>
    </p>
   </div>
   <div class='ocr_carea' id='block_1_77' title="bbox 1927 2560 2149 2614">
    <p class='ocr_par' dir='ltr' id='par_1_77' title="bbox 1927 2560 2149 2614">
     <span class='ocr_line' id='line_1_77' title="bbox 1927 2560 2149 2614; baseline -0.009 0"><span class='ocrx_word' id='word_1_577' title='bbox 1927 2560 2113 2614; x_wconf 86' lang='lat' dir='ltr'><strong>dicens</strong></span> <span class='ocrx_word' id='word_1_578' title='bbox 2135 2576 2149 2612; x_wconf 92' lang='lat'><strong>:</strong></span> 
     </span>
    </p>
   </div>
   <div class='ocr_carea' id='block_1_78' title="bbox 1928 2639 3495 2714">
    <p class='ocr_par' dir='ltr' id='par_1_78' title="bbox 1928 2639 3495 2714">
     <span class='ocr_line' id='line_1_78' title="bbox 1928 2639 3495 2714; baseline -0.006 -13"><span class='ocrx_word' id='word_1_579' title='bbox 1928 2647 2118 2703; x_wconf 75' lang='lat' dir='ltr'><strong>XXIV.</strong></span> <span class='ocrx_word' id='word_1_580' title='bbox 2153 2646 2314 2701; x_wconf 67' lang='lat' dir='ltr'><strong>Visus.</strong></span> <span class='ocrx_word' id='word_1_581' title='bbox 2349 2647 2438 2704; x_wconf 84' lang='lat' dir='ltr'><strong>ll.</strong></span> <span class='ocrx_word' id='word_1_582' title='bbox 2477 2644 2668 2710; x_wconf 84' lang='lat' dir='ltr'><strong>Quoad</strong></span> <span class='ocrx_word' id='word_1_583' title='bbox 2701 2659 2865 2714; x_wconf 83' lang='lat' dir='ltr'><strong>usque</strong></span> <span class='ocrx_word' id='word_1_584' title='bbox 2902 2659 2995 2697; x_wconf 82' lang='lat' dir='ltr'><strong>rea:</strong></span> <span class='ocrx_word' id='word_1_585' title='bbox 3031 2643 3085 2695; x_wconf 80' lang='lat' dir='ltr'><strong>in</strong></span> <span class='ocrx_word' id='word_1_586' title='bbox 3117 2639 3351 2694; x_wconf 82' lang='lat' dir='ltr'><strong>recubitu</strong></span> <span class='ocrx_word' id='word_1_587' title='bbox 3379 2653 3495 2692; x_wconf 85' lang='lat' dir='ltr'><strong>suo.</strong></span> 
     </span>
    </p>
   </div>
   <div class='ocr_carea' id='block_1_79' title="bbox 2003 2817 3500 2900">
    <p class='ocr_par' dir='ltr' id='par_1_79' title="bbox 2003 2817 3500 2900">
     <span class='ocr_line' id='line_1_79' title="bbox 2003 2817 3500 2900; baseline -0.007 -18"><span class='ocrx_word' id='word_1_588' title='bbox 2003 2826 2070 2882; x_wconf 87' lang='lat' dir='ltr'><strong>Ut</strong></span> <span class='ocrx_word' id='word_1_589' title='bbox 2093 2826 2231 2880; x_wconf 89' lang='lat' dir='ltr'><strong>dicat</strong></span> <span class='ocrx_word' id='word_1_590' title='bbox 2254 2844 2269 2881; x_wconf 90' lang='lat'><strong>:</strong></span> <span class='ocrx_word' id='word_1_591' title='bbox 2297 2825 2475 2894; x_wconf 89' lang='lat' dir='ltr'><strong>Usque</strong></span> <span class='ocrx_word' id='word_1_592' title='bbox 2504 2823 2572 2878; x_wconf 90' lang='lat' dir='ltr'><strong>ad</strong></span> <span class='ocrx_word' id='word_1_593' title='bbox 2592 2822 3050 2900; x_wconf 86' lang='lat' dir='ltr'><strong>regenerationem</strong></span> <span class='ocrx_word' id='word_1_594' title='bbox 3076 2833 3173 2890; x_wconf 85' lang='lat' dir='ltr'><strong>per</strong></span> <span class='ocrx_word' id='word_1_595' title='bbox 3193 2817 3500 2874; x_wconf 79' lang='lat' dir='ltr'><strong>convivium</strong></span> 
     </span>
    </p>
   </div>
   <div class='ocr_carea' id='block_1_80' title="bbox 1933 2912 3498 2990">
    <p class='ocr_par' dir='ltr' id='par_1_80' title="bbox 1933 2912 3498 2990">
     <span class='ocr_line' id='line_1_80' title="bbox 1933 2912 3498 2990; baseline -0.005 -16"><span class='ocrx_word' id='word_1_596' title='bbox 1933 2918 2282 2990; x_wconf 77' lang='lat' dir='ltr'><strong>(ccelestium)</strong></span> <span class='ocrx_word' id='word_1_597' title='bbox 2322 2918 2650 2988; x_wconf 88' lang='lat' dir='ltr'><strong>nuptiarum.</strong></span> <span class='ocrx_word' id='word_1_598' title='bbox 2693 2915 2874 2984; x_wconf 86' lang='lat' dir='ltr'><strong>Usque</strong></span> <span class='ocrx_word' id='word_1_599' title='bbox 2899 2924 3028 2970; x_wconf 90' lang='lat' dir='ltr'><strong>tunc</strong></span> <span class='ocrx_word' id='word_1_600' title='bbox 3065 2915 3148 2969; x_wconf 77' lang='lat' dir='ltr'><strong>lue</strong></span> <span class='ocrx_word' id='word_1_601' title='bbox 3179 2913 3387 2984; x_wconf 87' lang='lat' dir='ltr'><strong>argenti</strong></span> <span class='ocrx_word' id='word_1_602' title='bbox 3419 2912 3498 2968; x_wconf 85' lang='lat' dir='ltr'><strong>si-</strong></span> 
     </span>
    </p>
   </div>
   <div class='ocr_carea' id='block_1_81' title="bbox 1927 3004 3503 3079">
    <p class='ocr_par' dir='ltr' id='par_1_81' title="bbox 1927 3004 3503 3079">
     <span class='ocr_line' id='line_1_81' title="bbox 1927 3004 3503 3079; baseline -0.004 -15"><span class='ocrx_word' id='word_1_603' title='bbox 1927 3009 2255 3064; x_wconf 89' lang='lat' dir='ltr'><strong>militudines</strong></span> <span class='ocrx_word' id='word_1_604' title='bbox 2286 3019 2714 3079; x_wconf 85' lang='lat' dir='ltr'><strong>congregantur:</strong></span> <span class='ocrx_word' id='word_1_605' title='bbox 2746 3009 2846 3063; x_wconf 93' lang='lat' dir='ltr'><strong>hoc</strong></span> <span class='ocrx_word' id='word_1_606' title='bbox 2876 3015 2980 3070; x_wconf 90' lang='lat' dir='ltr'><strong>est,</strong></span> <span class='ocrx_word' id='word_1_607' title='bbox 3006 3005 3108 3072; x_wconf 82' lang='lat' dir='ltr'><strong>Qui</strong></span> <span class='ocrx_word' id='word_1_608' title='bbox 3139 3019 3238 3073; x_wconf 91' lang='lat' dir='ltr'><strong>pro</strong></span> <span class='ocrx_word' id='word_1_609' title='bbox 3266 3004 3372 3059; x_wconf 82' lang='lat' dir='ltr'><strong>ﬁde</strong></span> <span class='ocrx_word' id='word_1_610' title='bbox 3406 3019 3503 3074; x_wconf 84' lang='lat' dir='ltr'><strong>pa-</strong></span> 
     </span>
    </p>
   </div>
   <div class='ocr_carea' id='block_1_82' title="bbox 1932 3100 3504 3168">
    <p class='ocr_par' dir='ltr' id='par_1_82' title="bbox 1932 3100 3504 3168">
     <span class='ocr_line' id='line_1_82' title="bbox 1932 3100 3504 3168; baseline -0.004 -13"><span class='ocrx_word' id='word_1_611' title='bbox 1932 3101 2135 3156; x_wconf 78' lang='lat' dir='ltr'><strong>tiuntur</strong></span> <span class='ocrx_word' id='word_1_612' title='bbox 2163 3113 2268 3154; x_wconf 90' lang='lat' dir='ltr'><strong>non</strong></span> <span class='ocrx_word' id='word_1_613' title='bbox 2305 3101 2480 3153; x_wconf 87' lang='lat' dir='ltr'><strong>solum</strong></span> <span class='ocrx_word' id='word_1_614' title='bbox 2511 3100 2945 3168; x_wconf 89' lang='lat' dir='ltr'><strong>persecutionum</strong></span> <span class='ocrx_word' id='word_1_615' title='bbox 2992 3105 3231 3164; x_wconf 88' lang='lat' dir='ltr'><strong>tempore</strong></span> <span class='ocrx_word' id='word_1_616' title='bbox 3259 3109 3355 3165; x_wconf 87' lang='lat' dir='ltr'><strong>per</strong></span> <span class='ocrx_word' id='word_1_617' title='bbox 3390 3104 3504 3150; x_wconf 86' lang='lat' dir='ltr'><strong>tor-</strong></span> 
     </span>
    </p>
   </div>
   <div class='ocr_carea' id='block_1_83' title="bbox 1932 3190 3504 3259">
    <p class='ocr_par' dir='ltr' id='par_1_83' title="bbox 1932 3190 3504 3259">
     <span class='ocr_line' id='line_1_83' title="bbox 1932 3190 3504 3259; baseline -0.004 -12"><span class='ocrx_word' id='word_1_618' title='bbox 1932 3201 2134 3256; x_wconf 89' lang='lat' dir='ltr'><strong>menta,</strong></span> <span class='ocrx_word' id='word_1_619' title='bbox 2177 3192 2271 3247; x_wconf 80' lang='lat' dir='ltr'><strong>sed</strong></span> <span class='ocrx_word' id='word_1_620' title='bbox 2311 3190 2473 3247; x_wconf 88' lang='lat' dir='ltr'><strong>etiam</strong></span> <span class='ocrx_word' id='word_1_621' title='bbox 2522 3192 2672 3259; x_wconf 90' lang='lat' dir='ltr'><strong>pacis</strong></span> <span class='ocrx_word' id='word_1_622' title='bbox 2720 3200 2963 3259; x_wconf 90' lang='lat' dir='ltr'><strong>tempore</strong></span> <span class='ocrx_word' id='word_1_623' title='bbox 2995 3203 3092 3256; x_wconf 91' lang='lat' dir='ltr'><strong>per</strong></span> <span class='ocrx_word' id='word_1_624' title='bbox 3136 3196 3420 3258; x_wconf 88' lang='lat' dir='ltr'><strong>angustam</strong></span> <span class='ocrx_word' id='word_1_625' title='bbox 3447 3196 3504 3241; x_wconf 87' lang='lat' dir='ltr'><strong>et</strong></span> 
     </span>
    </p>
   </div>
   <div class='ocr_carea' id='block_1_84' title="bbox 1931 3277 3500 3347">
    <p class='ocr_par' dir='ltr' id='par_1_84' title="bbox 1931 3277 3500 3347">
     <span class='ocr_line' id='line_1_84' title="bbox 1931 3277 3500 3347; baseline -0.003 -11"><span class='ocrx_word' id='word_1_626' title='bbox 1931 3292 2138 3338; x_wconf 88' lang='lat' dir='ltr'><strong>arctam</strong></span> <span class='ocrx_word' id='word_1_627' title='bbox 2168 3281 2309 3337; x_wconf 82' lang='lat' dir='ltr'><strong>viam</strong></span> <span class='ocrx_word' id='word_1_628' title='bbox 2344 3282 2632 3345; x_wconf 87' lang='lat' dir='ltr'><strong>currendo,</strong></span> <span class='ocrx_word' id='word_1_629' title='bbox 2649 3282 2719 3334; x_wconf 73' lang='lat' dir='ltr'><strong>‘et</strong></span> <span class='ocrx_word' id='word_1_630' title='bbox 2747 3279 3053 3335; x_wconf 85' lang='lat' dir='ltr'><strong>actionibus</strong></span> <span class='ocrx_word' id='word_1_631' title='bbox 3083 3277 3198 3332; x_wconf 90' lang='lat' dir='ltr'><strong>suis</strong></span> <span class='ocrx_word' id='word_1_632' title='bbox 3233 3286 3500 3347; x_wconf 83' lang='lat' dir='ltr'><strong>martyres</strong></span> 
     </span>
    </p>
   </div>
   <div class='ocr_carea' id='block_1_85' title="bbox 1932 3367 3504 3447">
    <p class='ocr_par' dir='ltr' id='par_1_85' title="bbox 1932 3367 3504 3447">
     <span class='ocr_line' id='line_1_85' title="bbox 1932 3367 3504 3447; baseline -0.006 -17"><span class='ocrx_word' id='word_1_633' title='bbox 1932 3375 2216 3430; x_wconf 88' lang='lat' dir='ltr'><strong>imitando.</strong></span> <span class='ocrx_word' id='word_1_634' title='bbox 2252 3371 2454 3447; x_wconf 68' lang='lat' dir='ltr'><strong>Deinde</strong></span> <span class='ocrx_word' id='word_1_635' title='bbox 2484 3371 2724 3427; x_wconf 89' lang='lat' dir='ltr'><strong>vicissim</strong></span> <span class='ocrx_word' id='word_1_636' title='bbox 2757 3384 2954 3441; x_wconf 88' lang='lat' dir='ltr'><strong>sponsa</strong></span> <span class='ocrx_word' id='word_1_637' title='bbox 2986 3367 3292 3437; x_wconf 87' lang='lat' dir='ltr'><strong>respondet,</strong></span> <span class='ocrx_word' id='word_1_638' title='bbox 3326 3375 3380 3421; x_wconf 86' lang='lat' dir='ltr'><strong>et</strong></span> <span class='ocrx_word' id='word_1_639' title='bbox 3423 3367 3504 3422; x_wconf 89' lang='lat' dir='ltr'><strong>di-</strong></span> 
     </span>
    </p>
   </div>
   <div class='ocr_carea' id='block_1_86' title="bbox 1930 3467 2263 3535">
    <p class='ocr_par' dir='ltr' id='par_1_86' title="bbox 1930 3467 2263 3535">
     <span class='ocr_line' id='line_1_86' title="bbox 1930 3467 2263 3535; baseline -0.006 -14"><span class='ocrx_word' id='word_1_640' title='bbox 1930 3467 2002 3522; x_wconf 87' lang='lat' dir='ltr'><strong>cit</strong></span> <span class='ocrx_word' id='word_1_641' title='bbox 2033 3479 2263 3535; x_wconf 75' lang='lat' dir='ltr'><strong>Sponso:</strong></span> 
     </span>
    </p>
   </div>
   <div class='ocr_carea' id='block_1_87' title="bbox 2001 3550 3182 3612">
    <p class='ocr_par' dir='ltr' id='par_1_87' title="bbox 2001 3550 3182 3612">
     <span class='ocr_line' id='line_1_87' title="bbox 2001 3550 3182 3612; baseline -0.003 -3"><span class='ocrx_word' id='word_1_642' title='bbox 2001 3554 2168 3612; x_wconf 77' lang='lat' dir='ltr'><strong>XXV.</strong></span> <span class='ocrx_word' id='word_1_643' title='bbox 2197 3552 2417 3608; x_wconf 83' lang='lat' dir='ltr'><strong>Nardus</strong></span> <span class='ocrx_word' id='word_1_644' title='bbox 2449 3567 2564 3606; x_wconf 85' lang='lat' dir='ltr'><strong>mea</strong></span> <span class='ocrx_word' id='word_1_645' title='bbox 2593 3550 2734 3606; x_wconf 83' lang='lat' dir='ltr'><strong>dedit</strong></span> <span class='ocrx_word' id='word_1_646' title='bbox 2762 3551 2976 3604; x_wconf 85' lang='lat' dir='ltr'><strong>odorem</strong></span> <span class='ocrx_word' id='word_1_647' title='bbox 3007 3565 3182 3606; x_wconf 87' lang='lat' dir='ltr'><strong>suum.</strong></span> 
     </span>
    </p>
   </div>
   <div class='ocr_carea' id='block_1_88' title="bbox 2001 3641 3499 3714">
    <p class='ocr_par' dir='ltr' id='par_1_88' title="bbox 2001 3641 3499 3714">
     <span class='ocr_line' id='line_1_88' title="bbox 2001 3641 3499 3714; baseline 0.001 -17"><span class='ocrx_word' id='word_1_648' title='bbox 2001 3644 2136 3698; x_wconf 87' lang='lat' dir='ltr'><strong>Dum</strong></span> <span class='ocrx_word' id='word_1_649' title='bbox 2164 3644 2280 3714; x_wconf 88' lang='lat' dir='ltr'><strong>ipse</strong></span> <span class='ocrx_word' id='word_1_650' title='bbox 2308 3657 2537 3714; x_wconf 86' lang='lat' dir='ltr'><strong>sponsus</strong></span> <span class='ocrx_word' id='word_1_651' title='bbox 2561 3641 2798 3710; x_wconf 86' lang='lat' dir='ltr'><strong>loquitur</strong></span> <span class='ocrx_word' id='word_1_652' title='bbox 2826 3642 2892 3696; x_wconf 91' lang='lat' dir='ltr'><strong>de</strong></span> <span class='ocrx_word' id='word_1_653' title='bbox 2913 3641 3264 3711; x_wconf 85' lang='lat' dir='ltr'><strong>martyribus,</strong></span> <span class='ocrx_word' id='word_1_654' title='bbox 3292 3642 3499 3711; x_wconf 82' lang='lat' dir='ltr'><strong>gratias</strong></span> 
     </span>
    </p>
   </div>
   <div class='ocr_carea' id='block_1_89' title="bbox 1931 3731 3505 3805">
    <p class='ocr_par' dir='ltr' id='par_1_89' title="bbox 1931 3731 3505 3805">
     <span class='ocr_line' id='line_1_89' title="bbox 1931 3731 3505 3805; baseline -0.002 -15"><span class='ocrx_word' id='word_1_655' title='bbox 1931 3737 2004 3791; x_wconf 89' lang='lat' dir='ltr'><strong>illi</strong></span> <span class='ocrx_word' id='word_1_656' title='bbox 2053 3749 2216 3805; x_wconf 81' lang='lat' dir='ltr'><strong>agens</strong></span> <span class='ocrx_word' id='word_1_657' title='bbox 2260 3748 2455 3802; x_wconf 88' lang='lat' dir='ltr'><strong>sponsa</strong></span> <span class='ocrx_word' id='word_1_658' title='bbox 2489 3732 2798 3802; x_wconf 87' lang='lat' dir='ltr'><strong>respondet,</strong></span> <span class='ocrx_word' id='word_1_659' title='bbox 2845 3741 2901 3786; x_wconf 93' lang='lat' dir='ltr'><strong>et</strong></span> <span class='ocrx_word' id='word_1_660' title='bbox 2940 3731 3050 3786; x_wconf 87' lang='lat' dir='ltr'><strong>ait:</strong></span> <span class='ocrx_word' id='word_1_661' title='bbox 3087 3749 3106 3783; x_wconf 80' lang='grc' dir='ltr'><strong>ι</strong></span> <span class='ocrx_word' id='word_1_662' title='bbox 3139 3731 3348 3786; x_wconf 86' lang='lat' dir='ltr'><strong>Nardus</strong></span> <span class='ocrx_word' id='word_1_663' title='bbox 3385 3749 3505 3787; x_wconf 85' lang='lat' dir='ltr'><strong>mea</strong></span> 
     </span>
    </p>
   </div>
   <div class='ocr_carea' id='block_1_90' title="bbox 1929 3821 3588 3890">
    <p class='ocr_par' dir='ltr' id='par_1_90' title="bbox 1929 3821 3588 3890">
     <span class='ocr_line' id='line_1_90' title="bbox 1929 3821 3588 3890; baseline -0.003 -9"><span class='ocrx_word' id='word_1_664' title='bbox 1929 3826 2074 3881; x_wconf 88' lang='lat' dir='ltr'><strong>dedit</strong></span> <span class='ocrx_word' id='word_1_665' title='bbox 2104 3824 2325 3881; x_wconf 87' lang='lat' dir='ltr'><strong>odorem</strong></span> <span class='ocrx_word' id='word_1_666' title='bbox 2367 3839 2522 3879; x_wconf 87' lang='lat' dir='ltr'><strong>suum</strong></span> <span class='ocrx_word' id='word_1_667' title='bbox 2551 3843 2562 3878; x_wconf 94' lang='lat'><strong>:</strong></span> <span class='ocrx_word' id='word_1_668' title='bbox 2604 3842 2622 3876; x_wconf 75' lang='grc' dir='ltr'><strong>ι</strong></span> <span class='ocrx_word' id='word_1_669' title='bbox 2657 3824 2760 3879; x_wconf 84' lang='lat' dir='ltr'><strong>hoc</strong></span> <span class='ocrx_word' id='word_1_670' title='bbox 2797 3831 2900 3887; x_wconf 88' lang='lat' dir='ltr'><strong>est,</strong></span> <span class='ocrx_word' id='word_1_671' title='bbox 2933 3821 3058 3878; x_wconf 79' lang='lat' dir='ltr'><strong>llaec</strong></span> <span class='ocrx_word' id='word_1_672' title='bbox 3112 3824 3254 3879; x_wconf 87' lang='lat' dir='ltr'><strong>bona</strong></span> <span class='ocrx_word' id='word_1_673' title='bbox 3281 3832 3334 3878; x_wconf 93' lang='lat' dir='ltr'><strong>tu</strong></span> <span class='ocrx_word' id='word_1_674' title='bbox 3367 3824 3500 3878; x_wconf 88' lang='lat' dir='ltr'><strong>deli-</strong></span> <span class='ocrx_word' id='word_1_675' title='bbox 3585 3887 3588 3890; x_wconf 94' lang='lat'><strong><em>_</em></strong></span> 
     </span>
    </p>
   </div>
   <div class='ocr_carea' id='block_1_91' title="bbox 1929 3899 3571 3985">
    <p class='ocr_par' dir='ltr' id='par_1_91' title="bbox 1929 3899 3571 3985">
     <span class='ocr_line' id='line_1_91' title="bbox 1929 3899 3571 3985; baseline -0.001 -15"><span class='ocrx_word' id='word_1_676' title='bbox 1929 3917 2101 3982; x_wconf 85' lang='lat' dir='ltr'><strong>basti;</strong></span> <span class='ocrx_word' id='word_1_677' title='bbox 2131 3929 2253 3969; x_wconf 88' lang='lat' dir='ltr'><strong>nam</strong></span> <span class='ocrx_word' id='word_1_678' title='bbox 2283 3929 2380 3984; x_wconf 89' lang='lat' dir='ltr'><strong>per</strong></span> <span class='ocrx_word' id='word_1_679' title='bbox 2435 3913 2661 3968; x_wconf 89' lang='lat' dir='ltr'><strong>nardum</strong></span> <span class='ocrx_word' id='word_1_680' title='bbox 2701 3913 3030 3969; x_wconf 86' lang='lat' dir='ltr'><strong>alabastrum</strong></span> <span class='ocrx_word' id='word_1_681' title='bbox 3060 3914 3316 3985; x_wconf 89' lang='lat' dir='ltr'><strong>unguenti</strong></span> <span class='ocrx_word' id='word_1_682' title='bbox 3348 3901 3521 3971; x_wconf 50' lang='lat' dir='ltr'><strong>com:</strong></span> <span class='ocrx_word' id='word_1_683' title='bbox 3567 3899 3571 3904; x_wconf 52' lang='grc'><em>’</em></span> 
     </span>
    </p>
   </div>
   <div class='ocr_carea' id='block_1_92' title="bbox 1931 4003 3502 4073">
    <p class='ocr_par' dir='ltr' id='par_1_92' title="bbox 1931 4003 3502 4073">
     <span class='ocr_line' id='line_1_92' title="bbox 1931 4003 3502 4073; baseline 0 -13"><span class='ocrx_word' id='word_1_684' title='bbox 1931 4013 2215 4071; x_wconf 87' lang='lat' dir='ltr'><strong>memorat,</strong></span> <span class='ocrx_word' id='word_1_685' title='bbox 2253 4006 2318 4059; x_wconf 91' lang='lat' dir='ltr'><strong>de</strong></span> <span class='ocrx_word' id='word_1_686' title='bbox 2355 4019 2461 4073; x_wconf 92' lang='lat' dir='ltr'><strong>quo</strong></span> <span class='ocrx_word' id='word_1_687' title='bbox 2493 4004 2748 4059; x_wconf 90' lang='lat' dir='ltr'><strong>Dominus</strong></span> <span class='ocrx_word' id='word_1_688' title='bbox 2780 4004 2942 4058; x_wconf 87' lang='lat' dir='ltr'><strong>dicit:</strong></span> <span class='ocrx_word' id='word_1_689' title='bbox 2979 4021 2998 4055; x_wconf 77' lang='grc' dir='ltr'><strong>ι</strong></span> <span class='ocrx_word' id='word_1_690' title='bbox 3037 4003 3232 4071; x_wconf 89' lang='lat' dir='ltr'><strong>Sinite,</strong></span> <span class='ocrx_word' id='word_1_691' title='bbox 3263 4020 3362 4060; x_wconf 90' lang='lat' dir='ltr'><strong>nec</strong></span> <span class='ocrx_word' id='word_1_692' title='bbox 3386 4021 3502 4060; x_wconf 85' lang='lat' dir='ltr'><strong>mo-</strong></span> 
     </span>
    </p>
   </div>
   <div class='ocr_carea' id='block_1_93' title="bbox 1930 4096 3507 4166">
    <p class='ocr_par' dir='ltr' id='par_1_93' title="bbox 1930 4096 3507 4166">
     <span class='ocr_line' id='line_1_93' title="bbox 1930 4096 3507 4166; baseline -0.001 -13"><span class='ocrx_word' id='word_1_693' title='bbox 1930 4098 2052 4156; x_wconf 86' lang='lat' dir='ltr'><strong>lesti</strong></span> <span class='ocrx_word' id='word_1_694' title='bbox 2077 4098 2198 4153; x_wconf 90' lang='lat' dir='ltr'><strong>sitis</strong></span> <span class='ocrx_word' id='word_1_695' title='bbox 2227 4096 2469 4163; x_wconf 90' lang='lat' dir='ltr'><strong>mulieri;</strong></span> <span class='ocrx_word' id='word_1_696' title='bbox 2504 4097 2702 4152; x_wconf 92' lang='lat' dir='ltr'><strong>bonum</strong></span> <span class='ocrx_word' id='word_1_697' title='bbox 2735 4096 2878 4152; x_wconf 90' lang='lat' dir='ltr'><strong>enim</strong></span> <span class='ocrx_word' id='word_1_698' title='bbox 2910 4109 3046 4166; x_wconf 83' lang='lat' dir='ltr'><strong>Opus</strong></span> <span class='ocrx_word' id='word_1_699' title='bbox 3071 4106 3294 4165; x_wconf 88' lang='lat' dir='ltr'><strong>operata</strong></span> <span class='ocrx_word' id='word_1_700' title='bbox 3333 4105 3417 4151; x_wconf 91' lang='lat' dir='ltr'><strong>est</strong></span> <span class='ocrx_word' id='word_1_701' title='bbox 3447 4097 3507 4151; x_wconf 85' lang='lat' dir='ltr'><strong>in</strong></span> 
     </span>
    </p>
   </div>
   <div class='ocr_carea' id='block_1_94' title="bbox 1929 4183 3500 4254">
    <p class='ocr_par' dir='ltr' id='par_1_94' title="bbox 1929 4183 3500 4254">
     <span class='ocr_line' id='line_1_94' title="bbox 1929 4183 3500 4254; baseline -0.001 -15"><span class='ocrx_word' id='word_1_702' title='bbox 1929 4185 2111 4251; x_wconf 84' lang='lat' dir='ltr'><strong>me&quot;;</strong></span> <span class='ocrx_word' id='word_1_703' title='bbox 2152 4203 2171 4237; x_wconf 71' lang='grc' dir='ltr'><strong>ι</strong></span> <span class='ocrx_word' id='word_1_704' title='bbox 2201 4194 2256 4239; x_wconf 89' lang='lat' dir='ltr'><strong>et</strong></span> <span class='ocrx_word' id='word_1_705' title='bbox 2281 4200 2402 4254; x_wconf 82' lang='lat' dir='ltr'><strong>quae</strong></span> <span class='ocrx_word' id='word_1_706' title='bbox 2432 4185 2702 4254; x_wconf 75' lang='lat' dir='ltr'><strong>deinceps.</strong></span> <span class='ocrx_word' id='word_1_707' title='bbox 2754 4183 2963 4252; x_wconf 88' lang='lat' dir='ltr'><strong>Sponsa</strong></span> <span class='ocrx_word' id='word_1_708' title='bbox 2995 4184 3160 4252; x_wconf 82' lang='lat' dir='ltr'><strong>igitur</strong></span> <span class='ocrx_word' id='word_1_709' title='bbox 3182 4184 3346 4238; x_wconf 89' lang='lat' dir='ltr'><strong>veluti</strong></span> <span class='ocrx_word' id='word_1_710' title='bbox 3375 4199 3500 4238; x_wconf 88' lang='lat' dir='ltr'><strong>cum</strong></span> 
     </span>
    </p>
   </div>
   <div class='ocr_carea' id='block_1_95' title="bbox 1931 4273 3502 4346">
    <p class='ocr_par' dir='ltr' id='par_1_95' title="bbox 1931 4273 3502 4346">
     <span class='ocr_line' id='line_1_95' title="bbox 1931 4273 3502 4346; baseline -0.001 -17"><span class='ocrx_word' id='word_1_711' title='bbox 1931 4277 2230 4346; x_wconf 85' lang='lat' dir='ltr'><strong>gratiarum</strong></span> <span class='ocrx_word' id='word_1_712' title='bbox 2255 4277 2468 4330; x_wconf 87' lang='lat' dir='ltr'><strong>actione</strong></span> <span class='ocrx_word' id='word_1_713' title='bbox 2497 4275 2832 4344; x_wconf 90' lang='lat' dir='ltr'><strong>respondens</strong></span> <span class='ocrx_word' id='word_1_714' title='bbox 2861 4275 2972 4330; x_wconf 87' lang='lat' dir='ltr'><strong>ait:</strong></span> <span class='ocrx_word' id='word_1_715' title='bbox 3005 4273 3124 4344; x_wconf 88' lang='lat' dir='ltr'><strong>Ipse</strong></span> <span class='ocrx_word' id='word_1_716' title='bbox 3152 4273 3280 4327; x_wconf 82' lang='lat' dir='ltr'><strong>mihi</strong></span> <span class='ocrx_word' id='word_1_717' title='bbox 3306 4274 3502 4328; x_wconf 80' lang='lat' dir='ltr'><strong>dedisti</strong></span> 
     </span>
    </p>
   </div>
   <div class='ocr_carea' id='block_1_96' title="bbox 1929 4363 3505 4434">
    <p class='ocr_par' dir='ltr' id='par_1_96' title="bbox 1929 4363 3505 4434">
     <span class='ocr_line' id='line_1_96' title="bbox 1929 4363 3505 4434; baseline 0.001 -14"><span class='ocrx_word' id='word_1_718' title='bbox 1929 4365 2146 4420; x_wconf 88' lang='lat' dir='ltr'><strong>odorem</strong></span> <span class='ocrx_word' id='word_1_719' title='bbox 2177 4372 2496 4434; x_wconf 84' lang='lat' dir='ltr'><strong>martyrum.</strong></span> <span class='ocrx_word' id='word_1_720' title='bbox 2537 4383 2556 4416; x_wconf 78' lang='grc' dir='ltr'><strong>ι</strong></span> <span class='ocrx_word' id='word_1_721' title='bbox 2589 4363 2798 4418; x_wconf 87' lang='lat' dir='ltr'><strong>Nardus</strong></span> <span class='ocrx_word' id='word_1_722' title='bbox 2830 4383 2849 4416; x_wconf 71' lang='grc' dir='ltr'><strong>ι</strong></span> <span class='ocrx_word' id='word_1_723' title='bbox 2881 4365 3026 4418; x_wconf 88' lang='lat' dir='ltr'><strong>enim</strong></span> <span class='ocrx_word' id='word_1_724' title='bbox 3055 4382 3075 4416; x_wconf 82' lang='grc' dir='ltr'><strong>ι</strong></span> <span class='ocrx_word' id='word_1_725' title='bbox 3104 4365 3250 4420; x_wconf 88' lang='lat' dir='ltr'><strong>dedit</strong></span> <span class='ocrx_word' id='word_1_726' title='bbox 3272 4364 3505 4423; x_wconf 74' lang='lat' dir='ltr'><strong>odorem.</strong></span> 
     </span>
    </p>
   </div>
   <div class='ocr_carea' id='block_1_97' title="bbox 1930 4454 3500 4529">
    <p class='ocr_par' dir='ltr' id='par_1_97' title="bbox 1930 4454 3500 4529">
     <span class='ocr_line' id='line_1_97' title="bbox 1930 4454 3500 4529; baseline 0.001 -17"><span class='ocrx_word' id='word_1_727' title='bbox 1930 4474 2118 4524; x_wconf 86' lang='lat' dir='ltr'><strong>suum;</strong></span> <span class='ocrx_word' id='word_1_728' title='bbox 2151 4477 2169 4511; x_wconf 73' lang='grc' dir='ltr'><strong>ι</strong></span> <span class='ocrx_word' id='word_1_729' title='bbox 2204 4457 2306 4512; x_wconf 89' lang='lat' dir='ltr'><strong>hoc</strong></span> <span class='ocrx_word' id='word_1_730' title='bbox 2335 4464 2438 4520; x_wconf 90' lang='lat' dir='ltr'><strong>est,</strong></span> <span class='ocrx_word' id='word_1_731' title='bbox 2466 4454 2641 4529; x_wconf 80' lang='lat' dir='ltr'><strong>Tuum</strong></span> <span class='ocrx_word' id='word_1_732' title='bbox 2673 4454 2988 4526; x_wconf 88' lang='lat' dir='ltr'><strong>martyrium</strong></span> <span class='ocrx_word' id='word_1_733' title='bbox 3013 4466 3070 4511; x_wconf 91' lang='lat' dir='ltr'><strong>et</strong></span> <span class='ocrx_word' id='word_1_734' title='bbox 3089 4458 3223 4512; x_wconf 90' lang='lat' dir='ltr'><strong>odor</strong></span> <span class='ocrx_word' id='word_1_735' title='bbox 3253 4467 3377 4528; x_wconf 84' lang='lat' dir='ltr'><strong>tuus</strong></span> <span class='ocrx_word' id='word_1_736' title='bbox 3409 4473 3500 4513; x_wconf 85' lang='lat' dir='ltr'><strong>co-</strong></span> 
     </span>
    </p>
   </div>
   <div class='ocr_carea' id='block_1_98' title="bbox 1932 4551 3495 4619">
    <p class='ocr_par' dir='ltr' id='par_1_98' title="bbox 1932 4551 3495 4619">
     <span class='ocr_line' id='line_1_98' title="bbox 1932 4551 3495 4619; baseline -0.001 -15"><span class='ocrx_word' id='word_1_737' title='bbox 1932 4551 2180 4605; x_wconf 85' lang='lat' dir='ltr'><strong>hortatus</strong></span> <span class='ocrx_word' id='word_1_738' title='bbox 2209 4557 2290 4603; x_wconf 89' lang='lat' dir='ltr'><strong>est</strong></span> <span class='ocrx_word' id='word_1_739' title='bbox 2323 4556 2614 4619; x_wconf 88' lang='lat' dir='ltr'><strong>martyres,</strong></span> <span class='ocrx_word' id='word_1_740' title='bbox 2653 4555 2712 4601; x_wconf 94' lang='lat' dir='ltr'><strong>ut</strong></span> <span class='ocrx_word' id='word_1_741' title='bbox 2739 4561 2836 4617; x_wconf 92' lang='lat' dir='ltr'><strong>pro</strong></span> <span class='ocrx_word' id='word_1_742' title='bbox 2867 4556 2919 4603; x_wconf 88' lang='lat' dir='ltr'><strong>te</strong></span> <span class='ocrx_word' id='word_1_743' title='bbox 2948 4557 3284 4618; x_wconf 89' lang='lat' dir='ltr'><strong>paterentur,</strong></span> <span class='ocrx_word' id='word_1_744' title='bbox 3315 4564 3495 4618; x_wconf 88' lang='lat' dir='ltr'><strong>quan-</strong></span> 
     </span>
    </p>
   </div>
   <div class='ocr_carea' id='block_1_99' title="bbox 1933 4641 3503 4711">
    <p class='ocr_par' dir='ltr' id='par_1_99' title="bbox 1933 4641 3503 4711">
     <span class='ocr_line' id='line_1_99' title="bbox 1933 4641 3503 4711; baseline 0 -16"><span class='ocrx_word' id='word_1_745' title='bbox 1933 4642 2217 4711; x_wconf 89' lang='lat' dir='ltr'><strong>doquidem</strong></span> <span class='ocrx_word' id='word_1_746' title='bbox 2248 4651 2303 4696; x_wconf 90' lang='lat' dir='ltr'><strong>tu</strong></span> <span class='ocrx_word' id='word_1_747' title='bbox 2346 4655 2566 4710; x_wconf 91' lang='lat' dir='ltr'><strong>quoque</strong></span> <span class='ocrx_word' id='word_1_748' title='bbox 2609 4657 2706 4710; x_wconf 91' lang='lat' dir='ltr'><strong>pro</strong></span> <span class='ocrx_word' id='word_1_749' title='bbox 2752 4641 2908 4696; x_wconf 88' lang='lat' dir='ltr'><strong>nobis</strong></span> <span class='ocrx_word' id='word_1_750' title='bbox 2957 4656 3017 4697; x_wconf 91' lang='lat' dir='ltr'><strong>es</strong></span> <span class='ocrx_word' id='word_1_751' title='bbox 3057 4655 3270 4710; x_wconf 86' lang='lat' dir='ltr'><strong>passus.</strong></span> <span class='ocrx_word' id='word_1_752' title='bbox 3307 4641 3387 4697; x_wconf 76' lang='lat' dir='ltr'><strong>Ex</strong></span> <span class='ocrx_word' id='word_1_753' title='bbox 3434 4641 3503 4696; x_wconf 85' lang='lat' dir='ltr'><strong>iis</strong></span> 
     </span>
    </p>
   </div>
   <div class='ocr_carea' id='block_1_100' title="bbox 1933 4729 3500 4800">
    <p class='ocr_par' dir='ltr' id='par_1_100' title="bbox 1933 4729 3500 4800">
     <span class='ocr_line' id='line_1_100' title="bbox 1933 4729 3500 4800; baseline 0.003 -18"><span class='ocrx_word' id='word_1_754' title='bbox 1933 4745 2063 4786; x_wconf 87' lang='lat' dir='ltr'><strong>vero</strong></span> <span class='ocrx_word' id='word_1_755' title='bbox 2095 4745 2216 4800; x_wconf 84' lang='lat' dir='ltr'><strong>quae</strong></span> <span class='ocrx_word' id='word_1_756' title='bbox 2243 4738 2560 4799; x_wconf 85' lang='lat' dir='ltr'><strong>sequuntur,</strong></span> <span class='ocrx_word' id='word_1_757' title='bbox 2592 4731 2821 4800; x_wconf 88' lang='lat' dir='ltr'><strong>quisque</strong></span> <span class='ocrx_word' id='word_1_758' title='bbox 2859 4729 3160 4800; x_wconf 88' lang='lat' dir='ltr'><strong>intelligere</strong></span> <span class='ocrx_word' id='word_1_759' title='bbox 3188 4732 3388 4800; x_wconf 87' lang='lat' dir='ltr'><strong>poterit</strong></span> <span class='ocrx_word' id='word_1_760' title='bbox 3416 4739 3500 4786; x_wconf 92' lang='lat' dir='ltr'><strong>to-</strong></span> 
     </span>
    </p>
   </div>
   <div class='ocr_carea' id='block_1_101' title="bbox 1935 4821 2754 4878">
    <p class='ocr_par' dir='ltr' id='par_1_101' title="bbox 1935 4821 2754 4878">
     <span class='ocr_line' id='line_1_101' title="bbox 1935 4821 2754 4878; baseline 0.002 -2"><span class='ocrx_word' id='word_1_761' title='bbox 1935 4822 2039 4878; x_wconf 90' lang='lat' dir='ltr'><strong>tius</strong></span> <span class='ocrx_word' id='word_1_762' title='bbox 2066 4822 2326 4878; x_wconf 87' lang='lat' dir='ltr'><strong>orationis</strong></span> <span class='ocrx_word' id='word_1_763' title='bbox 2347 4821 2754 4878; x_wconf 79' lang='lat' dir='ltr'><strong>connexionem.</strong></span> 
     </span>
    </p>
   </div>
   <div class='ocr_carea' id='block_1_102' title="bbox 2003 4999 3496 5072">
    <p class='ocr_par' dir='ltr' id='par_1_102' title="bbox 2003 4999 3496 5072">
     <span class='ocr_line' id='line_1_102' title="bbox 2003 4999 3496 5072; baseline -0.005 -14"><span class='ocrx_word' id='word_1_764' title='bbox 2003 5003 2188 5058; x_wconf 74' lang='lat' dir='ltr'><strong>XXVI.</strong></span> <span class='ocrx_word' id='word_1_765' title='bbox 2214 5002 2375 5058; x_wconf 70' lang='lat' dir='ltr'><strong>Vens.</strong></span> <span class='ocrx_word' id='word_1_766' title='bbox 2424 5001 2513 5057; x_wconf 76' lang='grc'><strong>12.</strong></span> <span class='ocrx_word' id='word_1_767' title='bbox 2542 5001 2851 5056; x_wconf 75' lang='lat' dir='ltr'><strong>Fasciculus</strong></span> <span class='ocrx_word' id='word_1_768' title='bbox 2878 5011 3038 5072; x_wconf 77' lang='lat' dir='ltr'><strong>gutta:</strong></span> <span class='ocrx_word' id='word_1_769' title='bbox 3066 4999 3334 5071; x_wconf 73' lang='lat' dir='ltr'><strong>fratruelis</strong></span> <span class='ocrx_word' id='word_1_770' title='bbox 3353 5013 3496 5051; x_wconf 82' lang='lat' dir='ltr'><strong>meus</strong></span> 
     </span>
    </p>
   </div>
   <div class='ocr_carea' id='block_1_103' title="bbox 1928 5097 3506 5252">
    <p class='ocr_par' dir='ltr' id='par_1_103' title="bbox 1928 5097 3506 5252">
     <span class='ocr_line' id='line_1_103' title="bbox 1928 5097 2674 5150; baseline -0.001 -1"><span class='ocrx_word' id='word_1_771' title='bbox 1928 5097 2075 5150; x_wconf 83' lang='lat' dir='ltr'><strong>mihi.</strong></span> <span class='ocrx_word' id='word_1_772' title='bbox 2664 5112 2674 5126; x_wconf 84' lang='grc'><strong>’</strong></span> 
     </span>
     <span class='ocr_line' id='line_1_104' title="bbox 2001 5179 3506 5252; baseline -0.005 -12"><span class='ocrx_word' id='word_1_773' title='bbox 2001 5184 2194 5240; x_wconf 91' lang='lat' dir='ltr'><strong>Statim</strong></span> <span class='ocrx_word' id='word_1_774' title='bbox 2227 5179 2622 5239; x_wconf 73' lang='lat' dir='ltr'><strong>commemorat</strong></span> <span class='ocrx_word' id='word_1_775' title='bbox 2660 5181 2978 5252; x_wconf 83' lang='lat' dir='ltr'><strong>sanguinem</strong></span> <span class='ocrx_word' id='word_1_776' title='bbox 3031 5188 3087 5236; x_wconf 90' lang='lat' dir='ltr'><strong>et</strong></span> <span class='ocrx_word' id='word_1_777' title='bbox 3124 5188 3344 5252; x_wconf 72' lang='lat' dir='ltr'><strong>a&#39;qitam,</strong></span> <span class='ocrx_word' id='word_1_778' title='bbox 3381 5195 3506 5250; x_wconf 61' lang='lat' dir='ltr'><strong>quas</strong></span> 
     </span>
    </p>
   </div>
   <div class='ocr_carea' id='block_1_104' title="bbox 334 5288 3199 5363">
    <p class='ocr_par' dir='ltr' id='par_1_104' title="bbox 334 5288 3199 5363">
     <span class='ocr_line' id='line_1_105' title="bbox 334 5288 3199 5363; baseline 0 -17"><span class='ocrx_word' id='word_1_779' title='bbox 334 5288 377 5319; x_wconf 85' lang='lat'><strong>&quot;&#39;</strong></span> <span class='ocrx_word' id='word_1_780' title='bbox 408 5290 912 5354; x_wconf 76' lang='lat' dir='ltr'><strong>Gen.xxxvm,l8.</strong></span> <span class='ocrx_word' id='word_1_781' title='bbox 989 5290 1339 5356; x_wconf 71' lang='lat' dir='ltr'><strong>“ilebnvn,</strong></span> <span class='ocrx_word' id='word_1_782' title='bbox 1371 5294 1458 5348; x_wconf 78' lang='lat' dir='ltr'><strong>M.</strong></span> <span class='ocrx_word' id='word_1_783' title='bbox 1538 5295 1584 5325; x_wconf 85' lang='lat'><strong>&#39;°</strong></span> <span class='ocrx_word' id='word_1_784' title='bbox 1608 5293 1842 5363; x_wconf 84' lang='lat' dir='ltr'><strong>Sap.m,</strong></span> <span class='ocrx_word' id='word_1_785' title='bbox 1879 5294 1931 5351; x_wconf 86' lang='lat'><strong>6.</strong></span> <span class='ocrx_word' id='word_1_786' title='bbox 2006 5294 2250 5351; x_wconf 75' lang='lat' dir='ltr'><strong>&quot;Galat.</strong></span> <span class='ocrx_word' id='word_1_787' title='bbox 2305 5309 2382 5358; x_wconf 81' lang='lat' dir='ltr'><strong>vr,</strong></span> <span class='ocrx_word' id='word_1_788' title='bbox 2434 5291 2522 5347; x_wconf 82' lang='lat' dir='ltr'><strong>l7.</strong></span> <span class='ocrx_word' id='word_1_789' title='bbox 2595 5291 2642 5322; x_wconf 87' lang='lat'>&quot;</span> <span class='ocrx_word' id='word_1_790' title='bbox 2692 5291 2882 5346; x_wconf 80' lang='lat' dir='ltr'><strong>Matth.</strong></span> <span class='ocrx_word' id='word_1_791' title='bbox 2916 5305 3068 5357; x_wconf 76' lang='lat' dir='ltr'><strong>uri,</strong></span> <span class='ocrx_word' id='word_1_792' title='bbox 3113 5291 3199 5347; x_wconf 72' lang='grc'><strong>10.</strong></span> 
     </span>
    </p>
   </div>
   <div class='ocr_carea' id='block_1_105' title="bbox 335 5399 1832 5476">
    <p class='ocr_par' dir='ltr' id='par_1_105' title="bbox 335 5399 1832 5476">
     <span class='ocr_line' id='line_1_106' title="bbox 335 5399 1832 5476; baseline 0.005 -21"><span class='ocrx_word' id='word_1_793' title='bbox 335 5401 440 5476; x_wconf 67' lang='grc'>(22)</span> <span class='ocrx_word' id='word_1_794' title='bbox 469 5399 850 5476; x_wconf 62' lang='lat' dir='ltr'><strong>Nominativus</strong></span> <span class='ocrx_word' id='word_1_795' title='bbox 911 5405 1223 5474; x_wconf 88' lang='lat' dir='ltr'><strong>absolutus;</strong></span> <span class='ocrx_word' id='word_1_796' title='bbox 1282 5422 1456 5476; x_wconf 89' lang='lat' dir='ltr'><strong>neque</strong></span> <span class='ocrx_word' id='word_1_797' title='bbox 1499 5406 1698 5462; x_wconf 89' lang='lat' dir='ltr'><strong>idcirco</strong></span> <span class='ocrx_word' id='word_1_798' title='bbox 1745 5407 1832 5462; x_wconf 90' lang='lat' dir='ltr'><strong>hic</strong></span> 
     </span>
    </p>
   </div>
   <div class='ocr_carea' id='block_1_106' title="bbox 270 5473 822 5527">
    <p class='ocr_par' dir='ltr' id='par_1_106' title="bbox 270 5473 822 5527">
     <span class='ocr_line' id='line_1_107' title="bbox 270 5473 822 5527; baseline 0.005 -4"><span class='ocrx_word' id='word_1_799' title='bbox 270 5473 402 5524; x_wconf 87' lang='lat' dir='ltr'><strong>locus</strong></span> <span class='ocrx_word' id='word_1_800' title='bbox 421 5473 822 5527; x_wconf 65' lang='lat' dir='ltr'><strong>&#39;sollicitandus.</strong></span> 
     </span>
    </p>
   </div>
   <div class='ocr_carea' id='block_1_107' title="bbox 332 5541 1833 5616">
    <p class='ocr_par' dir='ltr' id='par_1_107' title="bbox 332 5541 1833 5616">
     <span class='ocr_line' id='line_1_108' title="bbox 332 5541 1833 5616; baseline 0.001 -20"><span class='ocrx_word' id='word_1_801' title='bbox 332 5541 439 5616; x_wconf 70' lang='lat'><strong>(23)</strong></span> <span class='ocrx_word' id='word_1_802' title='bbox 473 5542 902 5616; x_wconf 64' lang='grc' dir='ltr'>τεθλιμμένην.</span> <span class='ocrx_word' id='word_1_803' title='bbox 940 5542 1224 5616; x_wconf 71' lang='lat' dir='ltr'><strong>salutatus</strong></span> <span class='ocrx_word' id='word_1_804' title='bbox 1259 5545 1449 5616; x_wconf 87' lang='lat' dir='ltr'><strong>legisse</strong></span> <span class='ocrx_word' id='word_1_805' title='bbox 1496 5546 1712 5601; x_wconf 80' lang='lat' dir='ltr'><strong>videtur</strong></span> <span class='ocrx_word' id='word_1_806' title='bbox 1742 5562 1833 5599; x_wconf 79' lang='grc' dir='ltr'>τε·</span> 
     </span>
    </p>
   </div>
   <div class='ocr_carea' id='block_1_108' title="bbox 269 5610 1645 5684">
    <p class='ocr_par' dir='ltr' id='par_1_108' title="bbox 269 5610 1645 5684">
     <span class='ocr_line' id='line_1_109' title="bbox 269 5610 1645 5684; baseline 0.005 -23"><span class='ocrx_word' id='word_1_807' title='bbox 269 5610 624 5684; x_wconf 65' lang='grc' dir='ltr'>τελειωμένην</span> <span class='ocrx_word' id='word_1_808' title='bbox 641 5610 855 5684; x_wconf 36' lang='lat' dir='ltr'><strong>{vertit</strong></span> <span class='ocrx_word' id='word_1_809' title='bbox 883 5613 1027 5684; x_wconf 83' lang='lat' dir='ltr'><strong>enim</strong></span> <span class='ocrx_word' id='word_1_810' title='bbox 1065 5633 1082 5665; x_wconf 86' lang='grc' dir='ltr'><strong>ι</strong></span> <span class='ocrx_word' id='word_1_811' title='bbox 1108 5610 1400 5684; x_wconf 64' lang='lat' dir='ltr'><strong>perfectam</strong></span> <span class='ocrx_word' id='word_1_812' title='bbox 1429 5616 1592 5670; x_wconf 80' lang='lat' dir='ltr'><strong>viain.</strong></span> <span class='ocrx_word' id='word_1_813' title='bbox 1625 5636 1645 5668; x_wconf 75' lang='grc' dir='ltr'><strong>ι</strong></span> 
     </span>
    </p>
   </div>
   <div class='ocr_carea' id='block_1_109' title="bbox 331 5681 1833 5751">
    <p class='ocr_par' dir='ltr' id='par_1_109' title="bbox 331 5681 1833 5751">
     <span class='ocr_line' id='line_1_110' title="bbox 331 5681 1833 5751; baseline 0.004 -18"><span class='ocrx_word' id='word_1_814' title='bbox 331 5681 856 5751; x_wconf 61' lang='grc' dir='ltr'>(ευειινυιιίεειι.</span> <span class='ocrx_word' id='word_1_815' title='bbox 897 5681 1122 5740; x_wconf 69' lang='grc' dir='ltr'>ωειὶιυῑ</span> <span class='ocrx_word' id='word_1_816' title='bbox 1143 5687 1282 5750; x_wconf 82' lang='grc' dir='ltr'>ταῖς.</span> <span class='ocrx_word' id='word_1_817' title='bbox 1333 5685 1494 5743; x_wconf 81' lang='lat' dir='ltr'><strong>Barb.</strong></span> <span class='ocrx_word' id='word_1_818' title='bbox 1543 5686 1704 5743; x_wconf 84' lang='lat' dir='ltr'><strong>habet</strong></span> <span class='ocrx_word' id='word_1_819' title='bbox 1742 5685 1833 5741; x_wconf 72' lang='grc' dir='ltr'><strong>καὶ</strong></span> 
     </span>
    </p>
   </div>
   <div class='ocr_carea' id='block_1_110' title="bbox 265 5751 700 5823">
    <p class='ocr_par' dir='ltr' id='par_1_110' title="bbox 265 5751 700 5823">
     <span class='ocr_line' id='line_1_111' title="bbox 265 5751 700 5823; baseline 0.011 -20"><span class='ocrx_word' id='word_1_820' title='bbox 265 5751 424 5808; x_wconf 78' lang='grc' dir='ltr'>ταῦτα</span> <span class='ocrx_word' id='word_1_821' title='bbox 450 5751 700 5823; x_wconf 76' lang='grc' dir='ltr'>πράξεσι.</span> 
     </span>
    </p>
   </div>
   <div class='ocr_carea' id='block_1_111' title="bbox 2005 5403 3496 5478">
    <p class='ocr_par' dir='ltr' id='par_1_111' title="bbox 2005 5403 3496 5478">
     <span class='ocr_line' id='line_1_112' title="bbox 2005 5403 3496 5478; baseline -0.003 -16"><span class='ocrx_word' id='word_1_822' title='bbox 2005 5407 2118 5478; x_wconf 76' lang='lat'><strong>(9.5)</strong></span> <span class='ocrx_word' id='word_1_823' title='bbox 2154 5405 2452 5463; x_wconf 86' lang='grc' dir='ltr'>Τουτέστι.</span> <span class='ocrx_word' id='word_1_824' title='bbox 2483 5403 2585 5478; x_wconf 76' lang='lat' dir='ltr'><strong>llic</strong></span> <span class='ocrx_word' id='word_1_825' title='bbox 2619 5403 2672 5457; x_wconf 92' lang='lat' dir='ltr'><strong>in</strong></span> <span class='ocrx_word' id='word_1_826' title='bbox 2701 5421 2851 5478; x_wconf 78' lang='lat' dir='ltr'><strong>meo,</strong></span> <span class='ocrx_word' id='word_1_827' title='bbox 2882 5417 2937 5462; x_wconf 91' lang='lat' dir='ltr'><strong>et</strong></span> <span class='ocrx_word' id='word_1_828' title='bbox 2978 5405 3140 5478; x_wconf 86' lang='lat' dir='ltr'><strong>Barb.</strong></span> <span class='ocrx_word' id='word_1_829' title='bbox 3184 5405 3372 5474; x_wconf 87' lang='lat' dir='ltr'><strong>incipit</strong></span> <span class='ocrx_word' id='word_1_830' title='bbox 3398 5404 3496 5458; x_wconf 86' lang='lat' dir='ltr'><strong>hu-</strong></span> 
     </span>
    </p>
   </div>
   <div class='ocr_carea' id='block_1_112' title="bbox 1933 5474 3506 5546">
    <p class='ocr_par' dir='ltr' id='par_1_112' title="bbox 1933 5474 3506 5546">
     <span class='ocr_line' id='line_1_113' title="bbox 1933 5474 3506 5546; baseline -0.004 -15"><span class='ocrx_word' id='word_1_831' title='bbox 1933 5474 2024 5543; x_wconf 76' lang='lat' dir='ltr'><strong>ius.</strong></span> <span class='ocrx_word' id='word_1_832' title='bbox 2049 5474 2235 5533; x_wconf 76' lang='lat' dir='ltr'><strong>versus</strong></span> <span class='ocrx_word' id='word_1_833' title='bbox 2258 5475 2584 5546; x_wconf 66' lang='lat' dir='ltr'><strong>explanatio,</strong></span> <span class='ocrx_word' id='word_1_834' title='bbox 2608 5474 2824 5546; x_wconf 76' lang='lat' dir='ltr'><strong>omissis</strong></span> <span class='ocrx_word' id='word_1_835' title='bbox 2853 5477 3220 5546; x_wconf 86' lang='lat' dir='ltr'><strong>superioribus</strong></span> <span class='ocrx_word' id='word_1_836' title='bbox 3241 5488 3360 5546; x_wconf 71' lang='lat' dir='ltr'><strong>qua:</strong></span> <span class='ocrx_word' id='word_1_837' title='bbox 3382 5489 3506 5542; x_wconf 86' lang='lat' dir='ltr'><strong>sup-</strong></span> 
     </span>
    </p>
   </div>
   <div class='ocr_carea' id='block_1_113' title="bbox 1933 5543 3503 5616">
    <p class='ocr_par' dir='ltr' id='par_1_113' title="bbox 1933 5543 3503 5616">
     <span class='ocr_line' id='line_1_114' title="bbox 1933 5543 3503 5616; baseline -0.001 -16"><span class='ocrx_word' id='word_1_838' title='bbox 1933 5549 2068 5616; x_wconf 88' lang='lat' dir='ltr'><strong>plevi</strong></span> <span class='ocrx_word' id='word_1_839' title='bbox 2096 5563 2161 5603; x_wconf 84' lang='lat' dir='ltr'><strong>ex</strong></span> <span class='ocrx_word' id='word_1_840' title='bbox 2216 5543 2400 5602; x_wconf 79' lang='lat' dir='ltr'><strong>codice</strong></span> <span class='ocrx_word' id='word_1_841' title='bbox 2453 5543 2821 5611; x_wconf 82' lang='lat' dir='ltr'><strong>Vallicellano,</strong></span> <span class='ocrx_word' id='word_1_842' title='bbox 2862 5543 3034 5616; x_wconf 78' lang='lat' dir='ltr'><strong>eaque</strong></span> <span class='ocrx_word' id='word_1_843' title='bbox 3073 5543 3318 5614; x_wconf 85' lang='lat' dir='ltr'><strong>agnoscit</strong></span> <span class='ocrx_word' id='word_1_844' title='bbox 3347 5551 3503 5599; x_wconf 84' lang='lat' dir='ltr'><strong>vetus</strong></span> 
     </span>
    </p>
   </div>
   <div class='ocr_carea' id='block_1_114' title="bbox 1933 5619 3498 5756">
    <p class='ocr_par' dir='ltr' id='par_1_114' title="bbox 1933 5619 3498 5756">
     <span class='ocr_line' id='line_1_115' title="bbox 1933 5619 3498 5756; baseline -0.01 -13"><span class='ocrx_word' id='word_1_845' title='bbox 1933 5619 2289 5756; x_wconf 45' lang='lat' dir='ltr'><strong>“:‘glgelfego</strong></span> <span class='ocrx_word' id='word_1_846' title='bbox 2329 5684 2417 5739; x_wconf 82' lang='grc' dir='ltr'>τὸν</span> <span class='ocrx_word' id='word_1_847' title='bbox 2455 5684 2792 5756; x_wconf 79' lang='grc' dir='ltr'>άλάδαστρον</span> <span class='ocrx_word' id='word_1_848' title='bbox 2819 5684 2964 5754; x_wconf 85' lang='grc' dir='ltr'>λέγει</span> <span class='ocrx_word' id='word_1_849' title='bbox 3011 5682 3104 5738; x_wconf 81' lang='grc' dir='ltr'>τοῦ</span> <span class='ocrx_word' id='word_1_850' title='bbox 3131 5679 3304 5751; x_wconf 85' lang='grc' dir='ltr'>μύρου</span> <span class='ocrx_word' id='word_1_851' title='bbox 3325 5696 3338 5712; x_wconf 77' lang='grc' dir='ltr'><strong>ο</strong></span> <span class='ocrx_word' id='word_1_852' title='bbox 3372 5681 3498 5752; x_wconf 77' lang='grc' dir='ltr'>περὶ</span> 
     </span>
    </p>
   </div>
   <div class='ocr_carea' id='block_1_115' title="bbox 1932 5750 2798 5826">
    <p class='ocr_par' dir='ltr' id='par_1_115' title="bbox 1932 5750 2798 5826">
     <span class='ocr_line' id='line_1_116' title="bbox 1932 5750 2798 5826; baseline 0.001 -17"><span class='ocrx_word' id='word_1_853' title='bbox 1932 5750 1992 5810; x_wconf 70' lang='grc' dir='ltr'><strong>οἶδ</strong></span> <span class='ocrx_word' id='word_1_854' title='bbox 2015 5750 2050 5811; x_wconf 56' lang='grc' dir='ltr'><strong>’ὁ</strong></span> <span class='ocrx_word' id='word_1_855' title='bbox 2077 5750 2297 5826; x_wconf 71' lang='grc' dir='ltr'>Κύριός·</span> <span class='ocrx_word' id='word_1_856' title='bbox 2328 5757 2546 5824; x_wconf 69' lang='grc' dir='ltr'>Ἅφετε,</span> <span class='ocrx_word' id='word_1_857' title='bbox 2577 5773 2628 5809; x_wconf 85' lang='grc' dir='ltr'>κ.</span> <span class='ocrx_word' id='word_1_858' title='bbox 2664 5750 2714 5809; x_wconf 70' lang='grc' dir='ltr'>τξ</span> <span class='ocrx_word' id='word_1_859' title='bbox 2751 5754 2798 5810; x_wconf 89' lang='grc' dir='ltr'>λ.</span> 
     </span>
    </p>
   </div>
  </div>
