3986 6128
454 360 517 416 59
1257 339 1262 356 '
1577 357 1894 415 PHILONIS
1935 357 2242 414 EPISCOPI
2282 356 2602 413 CARI’ASII
3637 360 3707 412 oo

456 477 624 540 διαδὺς)
678 482 859 543 surget
913 489 1207 543 cupressus
1228 475 1296 531 "'.
1333 473 1820 545 tQuanduquidt-m
1887 477 2028 530 enim

2142 492 2267 544 φησι
2289 491 2302 505 ·
2346 494 2362 524 t
2402 475 2508 527 Καὶ
2540 473 2662 528 ἀντὶ
2699 475 2796 545 τῆς
2834 474 3051 544 στοιϐῆς
3081 474 3192 544 (55)
3247 476 3574 546 ἀναϐήσεται
3610 495 3705 530 κυ-

457 567 597 633 tigua
644 565 870 617 interius
909 575 1054 629 sunt,
1087 575 1141 619 et
1177 564 1518 632 laquearibus
1571 565 1714 632 tigna
1746 565 2025 620 occultan-

457 662 571 711 tur;
609 650 880 718 laquearia
932 662 1112 707 autem
1163 652 1380 708 domum
1419 652 1714 721 jucundam
1755 653 2026 720 efﬁciunt;

455 751 736 810 prapterea
763 744 996 810 primum
1025 745 1311 814 prophetas
1333 746 1493 814 lignis
1524 747 1806 811 assimilat,
1835 747 2027 804 deinde

456 844 674 901 propter
706 835 917 891 illustre
942 848 1320 892 ornamentum
1355 838 1607 892 Ecclesia:
1631 838 1773 908 quod
1803 840 1868 892 ab
1897 853 2027 908 apo-

455 925 604 978 stolis
629 928 1010 995 proﬁciscitur,
1043 931 1118 984 ait
1145 946 1158 982 :
1197 949 1214 980 t
1242 930 1539 999 Laquearia
1570 940 1776 996 nostra,
1809 945 2028 998 cupres-

455 1017 496 1070 si
529 1033 543 1070 :
575 1035 594 1068 ι
630 1027 686 1071 ιιι
730 1020 1084 1088 apostolicum
1129 1021 1259 1075 illud
1294 1029 1756 1094 prmtnonstretur,
1790 1022 1979 1076 dicens
2008 1040 2021 1076 :

456 1103 684 1162 (Posuit
709 1108 968 1165 Dominus
991 1111 1042 1164 in
1069 1110 1306 1164 Ecclesia
1343 1111 1575 1180 primum
1613 1110 1904 1178 apostolos,
1941 1126 2026 1166 se-

457 1199 632 1253 cundo
690 1201 1108 1270 prophetas".r
1168 1200 1491 1267 Praelulgeut
1551 1201 1694 1256 enim
1752 1203 2030 1270 prolihetis

457 1291 718 1356 apostoli;
768 1293 1197 1362 quandoquidem
1247 1303 1468 1362 propter
1511 1307 1604 1346 eos
1640 1293 1901 1361 appellata
1941 1303 2028 1348 est

456 1378 679 1444 pulchra
708 1379 910 1435 Christi
938 1397 1159 1450 sponsa,
1195 1397 1315 1451 quae
1353 1392 1407 1435 et
1439 1381 1768 1447 insequendo
1797 1381 1871 1434 ait
1902 1399 1917 1438 :

2131 568 2411 639 πάρισσος.
2453 586 2471 618 ι
2527 567 2742 639 Ἐπειδὴ
2781 567 2888 639 γὰρ
2922 567 3035 638 (56)
3071 569 3127 622 αἱ
3160 568 3306 621 δοκοὶ
3337 568 3446 622 τῶν
3493 587 3708 638 φατνω-

2133 660 2317 729 μάτων
2351 660 2490 712 εἰσιν
2519 658 2808 732 ὲσώτεραι,
2841 661 2934 712 καὶ
2969 659 3074 712 ὑπὸ
3104 659 3214 713 τῶν
3239 659 3614 731 φατνωμάτων
3643 662 3696 713 ai

2133 753 2279 806 δοκοὶ
2318 751 2681 805 καλύπτονται
2707 767 2722 782 ·
2757 754 3056 825 τερπνότης
3077 752 3142 805 ⁴δὲ
3170 751 3264 805 τοῦ
3300 754 3448 806 οίκου
3496 752 3566 804 τὰ
3598 770 3704 823 φα-

2128 843 2418 914 τνώματα·
2457 843 2544 896 διά
2577 843 2734 916 τοῦτο
2781 844 2997 912 πρῶτον
3039 844 3166 908 τοὺς
3207 846 3495 914 προφήτας
3527 844 3705 908 δοκοῖς

2130 931 2449 996 ἀπεικάζει·
2505 934 2695 987 ἔπειτα
2744 933 2832 986 διὰ
2881 933 2974 986 τὸν
3023 934 3295 1005 περιφανῆ
3351 933 3556 1002 κόσμον
3605 934 3706 1003 τῆς

2143 1023 2467 1092 Ἐκκλησίας
2515 1025 2579 1077 ὲκ
2629 1023 2736 1076 τῶν
2789 1024 3102 1078 ἀποστόλων
3148 1024 3284 1095 αὐτῇ
3340 1024 3705 1094 γεγενημένον

2129 1115 2306 1183 λέγει·
2346 1135 2362 1166 t
2387 1114 2725 1186 Φατνὼματα
2747 1114 2924 1187 ἡμῶν,
2945 1115 3293 1186 κυπάρισσοι·
3323 1135 3341 1168 ι
3370 1115 3458 1170 ἵνα
3485 1115 3546 1168 τὺ
3577 1115 3708 1168 ἀπο-

2138 1205 2383 1259 στολικὸν
2435 1207 2611 1259 έκεῖνο
2667 1206 2991 1278 προμηνυθῇ
3049 1206 3197 1276 (57),
3257 1204 3320 1258 τὸ
3376 1205 3670 1275 λεγόμενον
3686 1221 3720 1237 ·’

2137 1314 2153 1346 t
2195 1295 2385 1365 Ἔθετο
2418 1295 2622 1367 Κύριος
2668 1299 2725 1350 έν
2763 1301 2830 1370 τῇ
2883 1296 3179 1367 Ἐκκλησία
3217 1293 3430 1366 πρῶτον
3469 1295 3704 1348 ἀποστό-

2130 1383 2274 1448 λους,
2306 1385 2555 1457 δεύτερον
2583 1389 2884 1460 προφήτας.
2928 1407 2946 1440 ι
2985 1386 3376 1459 Προλάμπουσι
3410 1386 3517 1459 γάρ
3546 1389 3604 1441 ὲν
3636 1390 3703 1459 τῇ

465 1469 760 1541 Ἑκκλησίᾳ
798 1470 907 1525 τῶν
945 1473 1240 1554 προφητῶν
1279 1474 1329 1527 oi.
1369 1472 1690 1526 ἀπόστολοι·
1727 1473 2026 1545 ἐπειδήπερ
2063 1474 2129 1528 δι’
2163 1476 2342 1531 αὐτῶν
2411 1479 2613 1550 ὲκλήθη
2679 1482 2711 1552 ἡ
2747 1478 2884 1552 καλὴ
2925 1479 3020 1533 τοῦ
3053 1477 3288 1552 Χριστοῦ
3320 1477 3502 1552 νύμφη
3533 1496 3543 1509 ·
3586 1481 3708 1552 ἥτις

455 1562 547 1618 καὶ
577 1562 872 1646 ἀκολουθοῦ
880 1581 948 1619 σα
975 1564 1122 1636 λέγει
1141 1583 1156 1597 ·

459 1746 676 1806 XXXV.
707 1751 866 1806 Vens.
889 1753 938 1808 I.
959 1751 1070 1824 Ego
1100 1661 1394 1822 βίθῗῗάύίρὶ
1421 1763 1467 1808 ει
1491 1754 1660 1810 lilium
1690 1756 2024 1814 convallium.

526 1929 1164 2000 Tanquam-blandiendo
1190 1950 1288 1992 suo
1322 1935 1492 2006 ipsius
1527 1954 1726 2010 sponso
1753 1943 1804 1996 in
1835 1943 2025 1999 iisdem

457 2023 807 2091 immoratur;
845 2029 1231 2082 convenienter
1273 2029 1387 2098 ipsa
1433 2045 1493 2087 se
1518 2031 1702 2090 liorem
1733 2037 1906 2106 campi
1931 2052 2024 2108 ap-

458 2116 640 2183 pellat,
666 2118 790 2184 quia
829 2133 948 2172 cum
984 2121 1236 2176 meditata
1280 2124 1350 2178 sit
1386 2126 1700 2195 prophetica
1745 2130 2024 2196 vaticinia,

455 2208 603 2260 audit
640 2209 708 2262 ab
755 2209 908 2273 Isaia,
970 2227 988 2260 t
1019 2209 1260 2275 Laetare.
1290 2213 1503 2269 deserta
1541 2215 1765 2271 sitiens:
1796 2221 2029 2273 exsultet

457 2299 667 2353 deserta
701 2318 714 2354 :
743 2309 798 2355 et
850 2301 1038 2355 ﬂoreat
1100 2313 1156 2356 ut
1195 2303 1362 2358 lilium
1390 2322 1403 2358 :
1430 2313 1485 2360 et
1518 2303 1780 2361 emorebit
1813 2308 2026 2365 deserta

456 2391 758 2460 antiqua".
794 2411 812 2444 ι
851 2392 955 2446 Sed
1012 2409 1154 2448 nunc
1209 2410 1312 2448 non
1367 2396 1539 2451 solum
1588 2397 1810 2453 ﬂoribus
1863 2415 2028 2456 suave

455 2481 584 2545 olet,
625 2483 718 2536 sed
755 2493 805 2537 et
831 2483 1056 2552 iustitiae
1090 2481 1354 2539 fructibus
1393 2486 1729 2541 dulcedinem
1769 2489 2026 2556 multipli-

456 2583 564 2627 cat.
592 2572 724 2627 Cum
767 2574 928 2643 igitur
959 2573 1129 2628 dicit:
1165 2592 1184 2626 t
1206 2575 1317 2646 Ego
1351 2575 1448 2631 llos
1493 2580 1690 2648 campi,
1717 2597 1734 2630 ι
1773 2580 2027 2634 vaticinia

456 2665 742 2730 edisserit;
775 2681 894 2719 cum
922 2675 1098 2721 autem
1144 2682 1330 2722 rursus
1369 2669 1534 2724 dicit:
1561 2687 1581 2721 t
1609 2671 1673 2724 Et
1701 2670 1868 2726 lilium
1899 2686 2030 2725 con-

456 2755 693 2819 vallium,
715 2771 735 2804 ι
772 2754 1094 2824 evangelicis
1129 2756 1532 2828 salutiferisque
1567 2769 1621 2813 et
1667 2761 1920 2814 suavibus
1948 2761 2030 2815 di-

457 2846 562 2899 ctis
613 2845 912 2899 delectatur
943 2846 1022 2900 sui
1075 2847 1280 2916 sponsi,
1321 2850 1536 2917 quando
1569 2850 1860 2919 discipulos
1901 2865 2030 2906 suos

458 2935 727 3000 hortatur,
763 2947 821 2989 ut
855 2937 986 2990 nihil
1019 2937 1233 2992 solliciti
1279 2938 1408 3002 sint,
1457 2939 1681 2994 dicens:
1720 2959 1739 2992 t
1769 2940 2026 2995 Conside-

2783 1663 2940 1718 ΚΕΦ.
2977 1663 3019 1715 Β
3039 1702 3056 1714 .

2128 1753 2249 1809 AE'.
2286 1753 2376 1805 Στ.
2410 1758 2478 1807 α’.
2527 1750 2669 1822 Ἐγὼ
2697 1751 2881 1818 ἄνθος
2907 1753 3011 1807 τοῦ
3039 1755 3268 1820 πεδίου,
3305 1753 3405 1807 καὶ
3439 1754 3548 1828 (58)
3582 1757 3708 1825 κρι-

2620 1861 2732 1897 νον
2760 1843 2877 1897 τῶν
2910 1843 3225 1899 κοιλὰδων.

2201 1937 2411 2007 ’Ὠσπερ
2449 1935 2894 2007 χαριεντιζομένη
2945 1936 3082 2008 πρὸς
3111 1937 3203 1990 τὸν
3233 1939 3433 2008 ἑαυτῆς
3475 1939 3708 2009 νυμφίον

2129 2029 2186 2080 ὲν
2210 2031 2322 2091 τοῖς
2366 2029 2549 2091 αὐτοῖς
2590 2027 2935 2099 διατρίϐουσα
2963 2028 3076 2100 (59)
3106 2069 3120 2094 ,
3153 2030 3464 2094 ἀκολούθως
3509 2031 3708 2102 ἑαυτὴν

2127 2120 2284 2184 ἄνθος
2316 2120 2462 2188 λέγει
2495 2119 2588 2173 τοῦ
2620 2119 2824 2184 πεδίου,
2860 2121 2939 2174 ὅτι
2963 2121 3032 2174 τά
3055 2123 3369 2193 προφητικά
3402 2124 3705 2196 μελετῶσα,

2129 2211 2314 2265 ἀκούει
2335 2211 2484 2282 ποιρά
2519 2211 2760 2264 Ἡσαΐου·
2794 2230 2812 2263 t
2845 2211 3215 2283 Εὐφράνθητι,
3249 2213 3454 2286 ἕρημος
3475 2215 3704 2285 διψῶσα·

2127 2301 2472 2370 ἀγαλλιάσθω
2506 2302 2537 2371 ή
2569 2300 2796 2372 ἔρημος,
2855 2301 2950 2354 καὶ
2981 2300 3212 2354 ἀνθείτω
3243 2303 3318 2366 ὡς
3362 2304 3568 2376 κρίνον·
3614 2303 3710 2360 καὶ

2127 2394 2408 2465 ὲξανθήσει
2453 2393 2657 2464 ἔρημος
2701 2397 2734 2464 ή
2776 2392 3003 2447 παλαιά.
3042 2412 3058 2444 ι
3119 2395 3278 2448 Ἀλλά
3317 2396 3410 2450 νῦν
3455 2397 3515 2449 ού
3550 2396 3710 2468 μόνον

2128 2487 2237 2547 τοῖς
2297 2483 2514 2538 ἄνθεσιν
2577 2482 2890 2548 εύωδιάζει,
2959 2484 3094 2538 ἀλλά
3143 2485 3236 2538 καὶ
3298 2490 3405 2550 τοῖς
3469 2487 3568 2558 τῆς
3633 2487 3712 2540 δι-

2129 2576 2423 2647 καιοσύνης
2483 2579 2716 2646 καρποῖς
2764 2576 2874 2646 (60)
2937 2577 3034 2648 τὴν
3077 2577 3387 2650 γλυκύτητα
3432 2580 3710 2636 πολυπλα-

2131 2668 2323 2732 σιόιζει.
2363 2669 2489 2723 Ὅτε
2543 2665 2634 2723 οὖν
2667 2669 2835 2738 λέγει,
2873 2687 2891 2720 t
2940 2668 3082 2738 Ἐγὼ
3115 2669 3274 2734 ἄνθος
3306 2671 3399 2724 τοῦ
3429 2672 3612 2726 πεδίου
3639 2713 3653 2736 ,
3687 2692 3707 2725 ο

2129 2758 2196 2812 τά
2240 2762 2550 2830 προφητικά
2597 2760 2989 2830 διαλαμϐάνει·
3047 2761 3132 2812 ὅτε
3185 2759 3242 2812 δὲ
3288 2761 3470 2823 πάλιν,
3516 2780 3536 2812 t
3598 2763 3711 2816 Kal.

2129 2851 2314 2920 κρίνον
2348 2849 2454 2902 τῶν
2487 2849 2771 2913 κοιλάδων,
2813 2868 2830 2900 ι
2867 2851 2980 2912 τοῖς
3005 2849 3380 2918 εὐαγγελικοῖς
3408 2852 3562 2905 ὲπιτέ
3575 2871 3710 2924 ρπε-

2128 2956 2218 2992 ται
2253 2937 2622 3010 σωτηριώδεσι
2653 2939 2745 2992 καὶ
2778 2937 3025 3008 εὐόδμοις
3055 2939 3261 3008 ῥήμασι
3287 2937 3383 2990 τοῦ
3414 2937 3543 2992 ἰδίου
3573 2957 3710 3012 νυμ-

457 3039 572 3083 rate
624 3029 734 3083 lilia
780 3031 915 3101 agri,
950 3031 1220 3100 quomodo
1273 3031 1607 3095 adolescunt,
1657 3033 1799 3102 quod
1857 3048 2028 3102 neque

2142 3030 2280 3098 φίου,
2313 3009 2401 3083 ὅτε
2438 3030 2498 3082 τὸ
2531 3030 2831 3101 ἀμέριμνον
2862 3031 2976 3092 τοῖς
3013 3026 3178 3081 αὐτοῦ
3220 3026 3492 3097 μαθηταῖς
3518 3009 3710 3101 εύτρ-ε-

460 3121 703 3175 laboraut
737 3137 909 3190 neque
942 3131 1067 3176 nent
1089 3123 1157 3177 ⁸⁸.
1188 3141 1206 3174 ι
1244 3121 1378 3176 Cum
1417 3123 1580 3193 igitur
1611 3138 1670 3178 se
1706 3126 1877 3194 ipsam
1920 3144 1938 3176 ι
1964 3125 2030 3179 Ιί-

459 3214 588 3268 lium
648 3215 1020 3269 convallium»
1094 3215 1343 3286 appellat,
1397 3218 1706 3288 evangelica
1765 3227 2033 3286 praecepta

2134 3120 2276 3185 πίζει
2303 3121 2395 3175 καὶ
2427 3121 2612 3186 αὐτὸς,
2639 3120 2813 3190 λέγων
2837 3135 2851 3149 °
2891 3138 2908 3171 t
2943 3117 3308 3189 Καταμάθετε
3331 3118 3400 3171 τὰ
3426 3118 3587 3190 κρίνα
3616 3119 3711 3173 τοῦ

2133 3211 2302 3283 ἀγροῦ
2332 3212 2449 3277 πῶς
2472 3213 2713 3279 αὐξάνει,
2734 3213 2814 3266 ὅτι
2846 3211 2906 3265 ού
2932 3212 3117 3282 κοπιᾷ,
3142 3208 3264 3262 οὔτε
3294 3208 3464 3280 νήθει.
3496 3229 3513 3260 ι
3542 3211 3714 3266 Ὅταν

460 3317 887 3362 commemorat:
919 3323 1042 3362 cum
1097 3323 1224 3362 vero
1274 3309 1406 3365 dicit
1459 3327 1478 3362 t
1509 3311 1616 3366 nos
1645 3311 1840 3381 campi,
1867 3329 1886 3363 ι
1918 3325 2028 3380 pro-

2142 3299 2226 3356 οῦν
2266 3304 2489 3375 ἑαυτὴν,
2535 3322 2553 3355 t
2591 3303 2775 3375 κρίνον
2828 3301 2938 3356 τῶν
2990 3300 3272 3363 κοιλάδων,
3317 3318 3336 3351 ι
3385 3300 3556 3370 λέγει,
3602 3301 3714 3356 τῶν

462 3403 795 3470 pheticorum
859 3403 1237 3459 vaticiniorum
1297 3404 1636 3458 characteres
1707 3402 2030 3458 subindicat.

462 3493 664 3547 Deinde
716 3494 764 3546 ei
816 3495 1100 3564 respondet
1152 3511 1402 3565 sponsus,
1446 3495 1633 3550 dicens
1675 3495 1744 3549 ad
1799 3509 1860 3551 ea
1915 3508 2034 3564 qua:

462 3585 637 3638 locuta
669 3595 749 3640 est
774 3601 790 3639 :

537 3761 778 3816 XXXVI.
813 3763 973 3818 Vens.
1004 3763 1059 3818 2.
1102 3762 1170 3817 Ut
1211 3763 1382 3817 lilium
1429 3763 1480 3816 in
1525 3763 1695 3817 medio
1740 3763 2032 3833 spinarum,

463 3856 538 3907 ita
573 3855 816 3921 proxima
841 3871 952 3908 mea
977 3857 1030 3908 in
1065 3856 1234 3909 medio
1264 3854 1521 3928 ﬁliarimt.

539 3945 595 3996 Id
633 3945 764 4012 vult,
795 3943 937 3998 illam
964 3933 1166 4013 justam
1194 3959 1312 4000 esse
1347 3945 1398 3999 in
1445 3945 1621 4000 medio
1667 3945 2033 4017 injustorum,

465 4038 608 4107 piam
659 4036 712 4090 in
766 4036 943 4091 medio
994 4037 1277 4106 impiorum
1328 4037 1535 4090 versari
1571 4037 1624 4090 in
1661 4038 1762 4093 hoc
1791 4041 2031 4095 mundo:

2133 3394 2503 3464 εὐαγγελικῶν
2525 3394 2809 3465 δογμάτων
2840 3392 3203 3465 μνημονεύει·
3233 3393 3361 3446 ὅταν
3388 3391 3464 3455 δὲ,
3502 3411 3520 3444 t
3553 3391 3712 3456 ἄνθος

2140 3484 2235 3539 τοῦ
2267 3485 2478 3549 πεδίου,
2519 3503 2538 3537 ι
2565 3484 2673 3537 τῶν
2704 3484 3058 3556 προφητικῶν
3099 3481 3438 3554 μηνυμάτων
3458 3485 3713 3554 τοὺςθχα-

2138 3575 2308 3645 ρακτῆ
2319 3591 2417 3646 ρας
2433 3575 2816 3644 ὑποσημαίνει.
2842 3571 2976 3628 Εἶτα
3000 3573 3354 3645 ἀποκρίνεται
3379 3573 3515 3645 πρὸς
3542 3575 3711 3647 αὐτὴν

2133 3668 2164 3719 ὁ
2190 3667 2444 3737 νυμφίος,
2476 3667 2651 3736 λέγων
2685 3668 2820 3738 πρὸς
2849 3665 2885 3722 ἀ
2914 3664 3033 3721 εἷπε
3055 3685 3068 3698 ·

2207 3759 2350 3826 AG’.
2386 3760 2476 3812 Στ.
2517 3759 2582 3830 β’.
2629 3759 2722 3826 Ὠς
2751 3761 2960 3828 κρίνον
2991 3761 3062 3814 ἐν
3083 3761 3251 3830 μέσῳ
3273 3757 3570 3823 ἀκανθῶν,
3613 3756 3715 3812 οὕ-

2136 3867 2247 3915 τως
2277 3851 2314 3918 ἠ
2348 3850 2616 3918 πλησίον
2635 3868 2756 3920 μου
2789 3851 3098 3920 ἀναμέσον
3129 3851 3247 3906 τῶν
3268 3851 3639 3921 θυγατέρων.

2207 3942 2326 3994 Ἵνα
2353 3943 2523 4012 αὐτὴν
2558 3944 2687 4016 είπῃ
2723 3942 2936 3996 δικαίαν
2966 3943 3238 4013 ἀναμέσον
3265 3942 3484 4007 ἀδίκων,
3511 3941 3713 4013 εὐσεϐῆ

2137 4032 2196 4084 ὲν
2227 4032 2377 4102 μέσῳ
2418 4032 2650 4099 ἀσεϐῶν,
2687 4035 2745 4086 ὲν
2791 4034 2926 4104 τῷδε
2962 4032 3038 4104 τῷ
3080 4034 3268 4105 κόσμῳ
3297 4035 3714 4105 ἀναστρεφομέ-

467 4129 554 4184 cui
584 4130 713 4184 dicit
753 4128 1038 4198 Apostolus
1067 4147 1080 4182 :
1119 4147 1137 4180 t
1167 4127 1232 4183 Ut
1256 4128 1377 4183 sitis
1404 4129 1497 4183 filii
1525 4130 1616 4184 Dei
1643 4130 2028 4200 irreprehensi-

2142 4141 2253 4196 νην,
2287 4125 2424 4196 πρὸς
2451 4125 2519 4195 ἦν
2553 4141 2684 4196 φησι
2709 4127 2802 4180 καὶ
2832 4129 2860 4180 ὁ
2900 4125 3250 4190 Ἀπόστολος·
3289 4145 3306 4177 t
3343 4126 3460 4179 Ἵνα
3483 4124 3714 4196 γένησθε

470 4221 604 4276 biles
631 4222 683 4275 in
714 4222 889 4276 medio
923 4222 1289 4292 generationis
1329 4236 1510 4291 prava:
1546 4233 1599 4276 et
1628 4225 1976 4292 perversae".
2010 4245 2030 4278 ι

469 4314 672 4370 Deinde
705 4315 939 4370 vicissim
971 4330 1163 4384 sponsa
1199 4314 1265 4369 ad
1299 4330 1455 4370 suum
1494 4331 1753 4386 sponsum
1787 4331 1804 4371 :

534 4488 794 4545 XXXVII.
833 4489 994 4543 VEns.
1025 4488 1078 4544 5.
1115 4487 1182 4541 Ut
1215 4489 1408 4543 malum
1454 4491 1508 4543 in
1552 4489 1707 4560 liquis
1759 4491 1926 4558 silvw,
1961 4493 2034 4546 sic

462 4582 733 4650 fratruelis
760 4598 901 4636 meus
940 4583 994 4636 in
1018 4584 1184 4636 medio
1208 4582 1459 4652 ﬁliorum.

539 4758 733 4812 Malum
787 4761 839 4812 in
887 4775 944 4814 se
991 4760 1106 4830 ipso
1148 4760 1326 4815 cibum
1376 4769 1432 4815 et
1461 4769 1644 4829 potum
1675 4761 1934 4816 continet.
1964 4761 2032 4817 Ut

462 4850 626 4921 igitur
658 4851 923 4921 signiﬁcet
951 4853 1230 4923 mysticam
1256 4853 1498 4907 lanitium
1523 4867 1684 4921 quam
1721 4854 1796 4908 illi
1825 4856 2034 4924 peperit

537 5014 582 5045 ⁷⁸
609 5013 709 5067 Isa.
742 5028 830 5078 Lv,
861 5012 946 5067 I5.
1019 5009 1108 5064 "l
1141 5009 1378 5075 Coum,
1403 5010 1495 5064 ‘28.
1571 5011 1741 5067 “Isa.
1775 5029 1938 5081 xxxv,
1972 5018 2024 5084 I,

2193 5019 2234 5052 "
2261 5017 2451 5074 Matth.
2479 5035 2554 5084 v1,
2589 5018 2681 5074 98.

539 5173 651 5242 (5‘5)
683 5168 846 5223 Vetus
899 5169 1178 5242 interpres
1217 5168 1379 5222 vertit
1409 5187 1420 5221 :
1459 5188 1478 5220 t
1510 5185 1605 5239 pro
1640 5174 2034 5241 constipatione

465 5237 674 5299 orietur
726 5240 1052 5309 cyparissus.
1083 5258 1102 5290 ι
1131 5237 1332 5309 _Lo_cqs
1365 5249 1475 5309 est
1511 5237 1669 5297 Isaia:
1702 5258 1789 5308 ιν,
1820 5237 1911 5307 I5,
1968 5245 2034 5299 ad

468 5328 624 5382 quem
668 5305 840 5382 locum
885 5305 1242 5382 adnotavitg

1323 5307 1466 5381 ilius.
1499 5329 1517 5361 ι
1543 5309 1747 5377 Stmba,
1775 5307 1902 5367 hoc
1933 5324 2037 5381 est,

468 5375 732 5453 vilissimo
775 5379 956 5453 stipite
990 5379 1160 5453 juxta
1191 5377 1252 5431 D.
1285 5375 1689 5453 Hieronymum.
1719 5375 1742 5434 »⁷
1771 5375 2038 5438 Cartcruui

2135 4217 2300 4270 τέκνα
2331 4217 2467 4272 Θεοῦ
2515 4218 2792 4290 ἀμώμητα
2830 4222 2888 4272 ὲν
2936 4219 3086 4290 μέσῳ
3133 4220 3328 4286 γενεᾶς
3363 4217 3581 4283 σκολιᾶς
3621 4219 3718 4272 καὶ

2069 4345 2110 4398 D
2139 4310 2594 4380 διεστραμμένης.
2625 4330 2642 4363 ι
2674 4306 2804 4364 Εἶτα
2825 4312 2858 4381 ή
2883 4309 3068 4382 νύμφη
3098 4311 3257 4363 πάλιν
3283 4310 3418 4381 πρὸς
3435 4311 3527 4363 τὸν
3547 4311 3714 4381 αὐτῆς
3743 4311 3750 4315 ’

2142 4401 2371 4472 νυμφίον
2395 4415 2410 4430 ·

2213 4496 2336 4547 AZ'.
2379 4494 2468 4546 Στ.
2501 4499 2570 4560 γ’.
2637 4493 2730 4558 Ὡς
2745 4490 2948 4561 μῆλον
2977 4492 3088 4562 (6|)
3123 4493 3194 4547 ἐν
3215 4493 3342 4559 τοῖς
3371 4491 3579 4558 ξύλοις
3607 4490 3715 4544 τοῦ

2141 4582 2399 4651 δρυμοῦ,
2450 4583 2638 4648 οὕτως
2698 4581 3023 4651 ἀδελφιδός
3066 4600 3187 4652 μου
3239 4581 3548 4651 ἀναμέσον
3598 4579 3716 4636 τῶν

2144 4673 2305 4728 υἱῶν.

2217 4765 2289 4817 Τὸ
2327 4764 2494 4836 μῆλον
2524 4768 2580 4819 ὲν
2609 4765 2686 4837 τῷ
2719 4766 2868 4837 αὐτῷ
2905 4766 3001 4820 καὶ
3032 4766 3233 4837 βρῶσιν
3257 4766 3371 4838 ἔχει
3407 4767 3502 4820 καὶ
3533 4765 3711 4818 πόσιν.

2137 4858 2255 4912 Ἵνα
2305 4858 2435 4928 γοῦν
2486 4858 2584 4930 τὴν
2631 4861 2898 4931 μυστικὴν
2949 4858 3078 4932 εἴπῃ
3130 4859 3492 4932 εὐφροσύνην,
3537 4859 3714 4929 ἥνπερ

2793 5020 2839 5052 α·
2862 5018 3091 5089 Philipp.
3111 4979 3174 5086 II,
3209 5019 3295 5074 I5.

2360 5175 2544 5249 Yallic.
2577 5176 3004 5249 ἐνδιατρίϐουσα.

2213 5246 2457 5331 ίϐθλδίο
2511 5245 2790 5316 legendum
2821 5265 2835 5302 :
2871 5248 3010 5301 male
3051 5245 3222 5301 ωτι).
3274 5252 3328 5299 et
3378 5259 3530 5300 meus
3585 5246 3715 5311 τοὺς

2143 5333 2404 5387 καρπούς.

2219 5385 2332 5456 (6i)
2365 5385 2553 5439 Nescio
2600 5401 2697 5440 cur
2749 5395 2849 5439 vet.
2887 5385 3136 5456 interpr._
3160 5383 3489 5440 reddiderit:
3523 5384 3713 5456 IUSiCIII

469 5450 657 5524 στοιδή
695 5451 980 5524 herbarum
1009 5447 1226 5524 frondes
1253 5455 1398 5515 sunt,
1431 5447 1629 5521 quibus
1657 5454 1762 5508 tori
1788 5463 1844 5510 et
1873 5454 2042 5510 culci-
2147 5447 2323 5511 arbor'
2358 5456 2484 5510 mali
2532 5456 2584 5510 in
2635 5456 2810 5509 medio
2840 5456 3005 5510 silvai.
3034 5447 3054 5506 ἱ
3093 5453 3228 5510 Tata
3268 5469 3396 5508 vero
3427 5454 3713 5524 explicatio

472 5534 568 5578 Irae
601 5519 896 5577 farciuntur
927 5529 982 5573 el
1007 5520 1294 5585 stipantur.

542 5595 656 5657 (56)
685 5590 810 5659 Γάρ
834 5604 900 5644 cx
927 5589 1046 5644 cod.
1074 5589 1266 5644 Valltc.

543 5663 654 5799 (57)
686 5660 755 5713 Ba
766 5663 844 5714 rb.
869 5670 925 5715 et
950 5675 1102 5714 meus
1127 5661 1488 5731 προμηνυθέν.

569 5733 658 5799 58)
699 5729 865 5785 Vatic.
903 5746 1008 5785 non
1044 5731 1202 5785 habet
1242 5730 1354 5793 καί,
1408 5749 1488 5790 net

569 5729 865 5803 58)7Vatic.
903 5746 1008 5803 non
1044 5729 1354 5803 habethxa'l,
1408 5749 1578 5803 neque
1638 5742 1720 5789 cst
1764 5734 1814 5789 in
1871 5733 2035 5789 variis

474 5801 793 5860 lectionibus
815 5803 944 5860 edit.
973 5799 1162 5859 Lamb.
1201 5799 1360 5856 Bosii.

2147 5527 2264 5582 haec
2311 5525 2363 5579 in
2405 5539 2469 5579 ea
2511 5524 2760 5579 versione
2791 5535 2873 5580 est
2905 5525 3160 5595 impleta,
3189 5533 3244 5580 et
3265 5524 3511 5593 quaedam
3548 5525 3713 5578 etiam

2151 5595 2334 5659 habet,
2365 5609 2485 5663 qua:
2507 5610 2671 5663 sensu
2703 5593 2994 5660 carent,ut
3020 5593 3106 5648 illa
3137 5611 3152 5648 :
3183 5612 3203 5647 ι
3229 5595 3404 5649 Arbor
3429 5607 3558 5662 ergo
3589 5595 3710 5648 tuali

2140 5675 2227 5719 est
2267 5662 2446 5731 homo,
2481 5662 2680 5718 Christi
2716 5665 2906 5718 domus
2963 5665 3103 5719 inter
3132 5664 3277 5731 ligna
3317 5665 3482 5726 silvae,
3523 5663 3602 5716 sic
3660 5665 3711 5718 in

2143 5734 2319 5856 iuedio
2377 5730 2682 5788 Judzeorum
2742 5733 3048 5802 cxsislcus,
3096 5730 3235 5791 sicut
3287 5733 3350 5790 de
3401 5733 3530 5804 ipsis
3576 5733 3707 5788 dicit

2168 5818 2327 5856 satas.
2355 5820 2371 5852 ι
2405 5811 2506 5856 etc.

2168 5811 2327 5867 satas,
2355 5820 2371 5852 ι
2405 5811 2506 5856 etc.
