3986 6128
275 335 323 388 ιι
1201 333 1605 392 ENARRATIO
1644 337 1712 392 IN
1749 337 2104 396 CANTICUM
2143 339 2614 400 CANTICORUM.
3468 344 3537 399 62

277 447 398 516 αὐτῇ
427 444 663 498 δέδωκεν
694 447 726 500 6
763 447 1021 517 νυμφίος,
1052 447 1224 515 λέγων
1243 465 1256 478 ο
1297 467 1314 499 ι
1359 449 1586 513 Λάϐετε,
1617 451 1847 520 φάγετε-

1975 470 2184 525 sponsus
2267 459 2484 513 dicens:
2519 460 2830 530 «Accipite.
2885 463 3235 530 manducate;
3285 463 3387 518 hoc
3451 459 3532 517 es:

279 537 422 591 τοῦτο
454 553 554 606 μου
588 537 712 589 ἐστὶ
749 539 814 590 τὸ
851 537 1048 608 σῶμα·
1095 557 1114 591 ι
1153 539 1270 602 καὶ,
1326 557 1345 590 ι
1387 540 1594 594 Λάϐετε
1616 581 1631 605 ,
1671 542 1855 597 πίετε·

279 627 426 680 τοῦτο
453 629 569 679 ἐστι
595 627 658 680 τὸ
687 622 834 698 αἷμά
867 646 971 698 μου
993 667 1009 693 ,
1057 627 1118 680 τὸ
1145 629 1286 702 ὑπὲρ
1319 629 1473 701 ὑμῶν
1504 633 1861 703 ἐκχυνόμενον

284 720 357 779 είς
404 717 594 785 ἄφεσιν
642 717 969 789 ἁμαρτιῶνο
1025 736 1044 769 ι
1097 717 1184 771 διὰ
1241 719 1421 784 τοῦτο,
1469 717 1656 792 οἶμαι,
1713 741 1731 772 ι
1784 722 1861 786 ὡς

289 807 466 878 μῆλον,
509 827 529 858 ι
582 808 756 877 λέγει.
805 809 945 880 Τρία
992 809 1101 881 γὰρ
1149 810 1330 879 ἀγαθὰ
1379 811 1441 864 τὸ
1497 813 1664 883 μῆλον
1707 813 1854 884 ἔχει·

290 899 502 971 βρῶσιν,
557 901 625 954 δι’
660 896 730 972 ἦς
766 899 1132 971 ὑποσημαίνει
1166 901 1228 954 τὸ
1259 901 1496 973 Χριστοῦ
1535 901 1694 973 σῶμα
1717 919 1730 933 ·
1763 885 1861 957 ’καὶ

288 991 450 1056 πόσιν,
485 990 552 1044 δι’
601 985 671 1063 ἧς
716 993 1079 1062 ὑποσημαίνει
1119 992 1182 1046 τὸ
1241 995 1507 1065 σωτήριον
1549 989 1721 1064 αἷμα·
1769 995 1861 1048 καὶ

288 1087 526 1149 εὐωδίαν,
575 1088 701 1157 ἥτις
745 1087 858 1157 (62)
910 1087 1307 1160 χαρακτηρίζει
1357 1088 1456 1160 τὴν
1505 1090 1704 1144 πίστιν.
1749 1090 1860 1144 Καὶ

287 1174 438 1228 πάλιν
495 1175 653 1246 μήλῳ
701 1175 990 1240 ἀπεικάζει
1029 1177 1120 1231 τὸν
1163 1178 1502 1249 ἀνθρώπινον
1553 1180 1646 1232 τοῦ
1684 1180 1858 1248 Λόγου

283 1269 605 1337 χαρακτῆρα
641 1266 751 1338 (65)
785 1271 843 1321 ὲν
894 1268 1072 1335 ξύλοις
1125 1269 1284 1323 δντιν
1341 1269 1653 1341 προθεμένη
1699 1271 1859 1324 αὑτὸν

284 1359 368 1410 ἐπὶ
394 1357 492 1410 τοῦ
521 1358 680 1422 ξύλου
707 1359 800 1412 τοῦ
835 1360 1091 1432 σταυροῦ,
1129 1353 1216 1414 οἷα
1245 1361 1434 1432 μῆλον,
1470 1362 1856 1427 εὐωδιὰζοντα.

283 1448 386 1501 Καί
420 1467 589 1520 φησιν
615 1467 630 1482 ·
668 1467 687 1501 ι
740 1450 827 1513 Ὠς
868 1451 1036 1523 μῆλον
1080 1453 1136 1504 ὲν
1162 1454 1272 1516 τοῖς
1301 1452 1478 1517 ξύλοις
1505 1453 1598 1507 τοῦ
1628 1452 1858 1522 δρυμοῦ,

283 1539 451 1604 οὕτως
498 1539 774 1610 ἀδελφιδός
824 1559 925 1612 μου
977 1545 1252 1614 ἀναμέσον
1285 1544 1394 1597 τῶν
1441 1544 1605 1597 υἱῶν·
1649 1563 1667 1596 ι
1723 1545 1860 1616 ὅπερ

283 1632 449 1695 ἐστὶν,
487 1634 762 1704 ἀναμέσον
803 1632 912 1687 τῶν
962 1634 1247 1689 Ἰουδαίων.
1305 1636 1468 1698 Υίοὺς
1501 1635 1609 1706 γὰρ
1662 1636 1860 1699 αὐτοὺς

283 1727 339 1778 ὲν
397 1726 597 1797 Ἡσαΐᾳ.
641 1727 828 1790 καλεῖ,
866 1725 1075 1792 λέγων’
1141 1746 1158 1780 ι
1219 1728 1382 1792 Υίοὺς
1429 1724 1727 1799 ἐγέννησα,
1766 1728 1860 1781 καὶ

284 1817 500 1887 ὓῷωσα·
533 1817 688 1870 αὐτοὶ
718 1818 774 1870 δέ
810 1835 876 1888 με
913 1817 1206 1889 ἠθέτησαν.
1259 1837 1276 1868 ι
1315 1814 1454 1873 Εἶτα
1480 1838 1643 1890 φησιν
1663 1839 1677 1854 ο

350 1909 480 1962 AH'.
524 1909 630 1962 Ἔν
693 1907 766 1977 τῇ
835 1907 982 1976 σκιᾷ
1063 1907 1251 1964 αὑτοῦ
1327 1911 1707 1981 ἐπεθύμησα,
1763 1913 1864 1969 καί

281 2001 549 2055 ἐκάθισα.
1663 2060 1675 2064 -

363 2092 650 2166 Ἐπιθυμετ
679 2092 788 2164 γὰρ
818 2093 912 2147 καί
943 2092 1031 2148 τὸν
1057 2095 1219 2165 νόμον
1248 2093 1421 2148 τελεῖν
1455 2097 1487 2166 ἡ
1535 2096 1850 2167 Ἐκκλησία.

281 2183 416 2236 Σκιὰ
459 2183 569 2254 γὰρ
605 2184 700 2237 τοῦ
728 2183 1066 2253 Μονογενοῦς
1092 2187 1120 2240 6
1163 2185 1328 2256 νόμος
1351 2203 1363 2215 ·
1399 2187 1495 2240 καὶ
1519 2186 1706 2241 τοῦτον
1744 2191 1862 2243 ἑπι-

283 2274 442 2346 θυμεϊ
494 2278 645 2330 πᾶσα
689 2276 929 2330 εὐσεϐῶν
956 2277 1140 2348 ψυχὴ,
1196 2280 1318 2342 ταῖς
1360 2278 1640 2347 διαταγαῖς
1696 2281 1872 2335 αὐτοῦ·

280 2368 688 2440 ὲπιτερπομὲνη
737 2371 858 2432 ταῖς
897 2367 1224 2433 κωλυτικαῖς
1265 2371 1374 2423 τῶν
1408 2371 1859 2442 ἁμαρτημάτων*

281 2453 369 2515 τὸ,
408 2473 427 2506 ι
463 2455 541 2508 Ού
583 2457 888 2526 μοιχεύσεις
911 2497 927 2521 ,
955 2457 1016 2510 ού
1049 2458 1349 2526 φονεύσεις,
1394 2463 1454 2514 οὐ
1501 2461 1741 2531 κλέψεις,
1799 2463 1859 2515 οὐ

281 2542 860 2619 ψευδομαρτυρήσεις,
918 2548 1055 2618 τίμα
1083 2550 1174 2602 τὸν
1232 2552 1448 2622 πατέρα
1491 2569 1586 2606 σου
1625 2553 1720 2606 καὶ
1764 2553 1862 2624 τὴν

292 2638 531 2708 μητέρα,
556 2659 573 2691 ι
599 2640 688 2694 καὶ
711 2639 808 2703 τὰς
833 2639 1002 2704 ἄλλας
1025 2639 1218 2704 λοιπὰς
1243 2643 1481 2705 ἐντολάς.
1526 2644 1615 2696 Ἐν
1638 2642 1863 2714 ταύταις

289 2730 417 2790 ταῖς
447 2731 624 2792 σκιαῖς
657 2729 1008 2801 ἐπιθυμοῦσιν
1046 2732 1103 2784 αί
1139 2731 1249 2786 τῶν
1277 2731 1516 2786 εὐσεϐῶν
1548 2732 1718 2803 ψυχαὶ
1744 2734 1863 2795 ταῖς

287 2818 400 2871 τῶν
427 2819 832 2891 ἁμαρτημάτων
863 2821 1212 2886 κωλυτικαῖς.
1246 2823 1338 2877 Διὸ
1378 2823 1581 2896 λέγειή
1635 2825 1865 2896 Ἐκκλη-

288 2910 408 2965 σίαο
438 2929 459 2962 ι
493 2913 577 2966 Ἐν
601 2915 666 2984 τῇ
706 2914 834 2984 σκιᾷ
858 2912 1022 2967 αὑτοῦ
1055 2913 1398 2982 ἐπεθύμησα,
1428 2915 1523 2968 καὶ
1554 2914 1800 2970 ἐκάθισα.
1833 2934 1853 2968 ι

1963 562 2160 616 corpus
2205 563 2382 602 meum
2407 549 2486 613 ⁸³;
2511 568 2529 600 ι
2565 559 2655 604 et:
2695 570 2714 602 ι
2743 551 3001 622 Accipite,
3047 553 3249 630 bibite;
3311 554 3399 607 hic
3443 565 3532 606 est

1963 640 2185 709 sanguis
2217 656 2367 696 meus
2399 642 2487 711 qui
2522 657 2618 711 pro
2642 643 2798 700 vobis
2829 644 3136 700 elfundetur
3167 646 3219 699 itt
3254 644 3530 699 remissio-

1963 745 2082 784 nem
2110 745 2455 802 peccatorum
2476 735 2556 789 ll‘*:
2594 754 2612 787 ι
2645 736 2844 792 idcirco
2867 738 3018 803 dicit,
3053 757 3071 789 ι
3097 737 3237 792 sicut
3269 739 3522 792 malum.»

1964 822 2090 876 Tria
2126 824 2268 877 enim
2299 824 2434 878 bona
2467 825 2662 880 malum
2690 829 2966 884 continet:
3000 830 3203 896 cibum,
3237 844 3346 899 quo
3373 829 3535 899 signi-

1964 913 2092 968 ﬁcat
2135 930 2331 983 corpus
2361 916 2598 982 Christi;
2632 929 2838 988 potum,
2871 935 2978 991 quo
3009 921 3281 991 significat
3327 921 3531 976 saluta-

1965 1017 2076 1056 rem
2115 1005 2431 1072 sanguinem
2454 1023 2483 1073 ;-
2521 1015 2575 1060 et
2619 1010 2804 1064 odoris
2851 1012 3197 1075 suavitatem,
3228 1026 3326 1080 per
3370 1024 3530 1079 quam

1963 1095 2220 1162 exprimit
2272 1096 2452 1150 ﬁdem.
2503 1098 2566 1152 Et
2599 1115 2784 1156 rursus
2815 1103 2952 1158 malo
2978 1113 3255 1172 comparat
3283 1105 3536 1157 humani-

1965 1191 2131 1238 tatem
2169 1183 2322 1239 Verbi
2361 1198 2714 1257 assumptam,
2751 1205 2870 1259 qua:
2911 1200 2996 1246 est
3046 1192 3187 1244 inter
3211 1189 3374 1259 ligna,
3406 1203 3535 1259 pro.

1963 1291 2167 1345 ponens
2215 1278 2388 1346 ipsum
2447 1280 2500 1333 in
2551 1280 2698 1350 ligno
2740 1283 2923 1337 crucis
2988 1283 3224 1338 suaviter
3278 1282 3534 1348 olentem,

1963 1375 2218 1436 tanquam
2257 1368 2477 1429 malum.
2513 1369 2578 1424 Et
2621 1372 2736 1426 ait:
2773 1393 2792 1424 ι
2826 1372 2892 1428 Ut
2947 1372 3144 1426 malum
3193 1374 3332 1426 inter
3392 1370 3533 1439 ligna

1962 1461 2129 1525 silvae,
2183 1461 2261 1515 sic
2308 1461 2580 1517 fratruelis
2627 1478 2776 1518 meus
2829 1464 2880 1517 in
2931 1465 3108 1518 medio
3134 1465 3397 1530 lilior’um;
3427 1481 3446 1515 ι
3481 1461 3536 1515 id

1902 1613 1906 1620 ,
1963 1562 2063 1617 est,
2097 1554 2148 1606 in
2186 1553 2722 1628 ntediotJudaeorum.
2762 1556 2911 1624 Ipsos
2940 1557 3085 1611 enim
3129 1554 3538 1625 filios.appellat

1963 1643 2016 1696 in
2076 1644 2215 1698 Isaia
2277 1646 2506 1700 dicens:
2543 1646 2748 1701 «Filios
2799 1648 2959 1717 genui
3019 1657 3075 1701 et
3123 1648 3393 1713 exaltavi;
3434 1647 3536 1717 ipsi

1963 1751 2092 1791 vero
2118 1749 2438 1806 spreverunt
2461 1739 2625 1793 me“.
2653 1757 2672 1791 ι
2702 1740 2900 1794 Deinde
2928 1739 3057 1794 dicit
3083 1754 3099 1793 :

2032 1915 2320 1972 XXXVIII.
2353 1915 2422 1971 In
2463 1917 2647 1971 umbro
2673 1916 2837 1986 ipsius
2876 1915 3145 1986 concupiui
3193 1923 3240 1970 et
3273 1916 3502 1970 consedi.

2036 2096 2317 2150 Desiderat
2353 2096 2496 2151 enim
2545 2096 2707 2150 etiam
2743 2094 2915 2166 legem
2956 2093 3218 2164 perlicere
3268 2092 3532 2147 Ecclesia.

1964 2187 2168 2244 Umbra
2203 2189 2361 2242 enim
2394 2188 2662 2258 Unigeniti
2708 2197 2789 2241 est
2822 2187 2946 2253 lex;
2979 2195 3032 2241 et
3083 2187 3223 2240 hanc
3266 2185 3540 2239 desiderat

1961 2283 2163 2350 quaevis
2214 2282 2425 2350 piorum
2485 2281 2688 2345 anima,
2740 2279 2908 2349 ipsius
2943 2277 3205 2333 delectata
3257 2277 3539 2346 praeceptis

1961 2388 2081 2444 quae
2129 2384 2350 2443 peccata
2406 2373 2739 2443 prohibent:
2774 2371 2942 2425 «Non
2998 2369 3378 2436 muacbaberis,
3432 2383 3538 2422 non

1962 2466 2198 2529 occides,
2236 2480 2339 2520 non
2370 2464 2572 2519 furtum
2599 2465 2786 2528 facies,
2812 2477 2919 2519 non
2944 2461 3134 2516 falsum
3165 2461 3533 2516 testimonium

1963 2559 2127 2621 dices,
2163 2558 2368 2610 honora
2400 2566 2604 2625 patrem
2664 2564 2812 2608 tuum
2867 2565 2923 2608 et
2975 2562 3201 2606 matrem
3218 2552 3286 2616 ⁸⁸,
3307 2571 3328 2603 ι
3358 2559 3412 2604 ει
3437 2565 3540 2604 ca:—

1965 2657 2077 2702 tera
2113 2647 2386 2701 mandata.
2424 2645 2480 2699 In
2529 2646 2612 2699 his
2643 2644 2854 2698 umbris
2903 2657 3023 2713 quae
3054 2650 3274 2712 peccata
3332 2651 3539 2704 vetant,

1963 2741 2156 2794 animae
2179 2738 2454 2806 iustorum
2499 2735 2904 2804 concupiscunt.
2937 2733 3228 2802 Propterea
3273 2732 3403 2786 dicit
3436 2731 3535 2786 Ec-

1963 2832 2126 2888 clesia
2157 2849 2170 2886 :
2203 2849 2222 2882 ι
2249 2831 2308 2884 In
2343 2829 2530 2882 umbra
2563 2825 2681 2896 ejus
2709 2823 3001 2902 .concupivi
3045 2831 3101 2877 et
3141 2821 3384 2876 consedi.
3417 2838 3438 2874 ι
3465 2848 3541 2863 -

1968 2945 1987 2978 ι
2017 2924 2272 2985 Umbram
2291 2921 2434 2976 enim
2460 2920 2692 2974 habebat
2715 2917 2796 2971 lex
2816 2916 3116 2969 futurorum
3141 2913 3481 2979 bonorum",
3515 2930 3536 2964 ι

283 3023 378 3052 -ι
401 3002 563 3056 Σκιὰν
583 3003 691 3076 γὰρ
712 2999 856 3075 εἶχεν
874 3007 902 3058 6
925 3003 1086 3074 νόμος
1109 3004 1216 3056 τῶν
1241 3004 1540 3075 μελλόντων
1561 3005 1801 3073 ἀγαθῶν,
1834 3024 1852 3058 ι

1975 3017 2113 3080 iuxta
2137 3014 2532 3072 divinissimum
2559 3009 2897 3079 Apostolum.
2919 3009 3122 3062 Idcirco
3150 3007 3332 3061 statim
3361 3005 3491 3060 dicit
3519 3019 3535 3057 :

281 3095 423 3148 κατὰ
450 3095 541 3148 τὸν
568 3095 844 3150 θειότατον
883 3096 1200 3149 Ἀπόστολον
1218 3114 1232 3127 ο
1261 3095 1342 3149 διὸ
1365 3095 1527 3160 εὐθὺς
1551 3095 1698 3165 λέγει
1721 3113 1735 3129 ο

353 3185 481 3239 ΛΘ.
511 3186 622 3240 Καὶ
645 3187 876 3254 καρπὸς
900 3186 1086 3242 αὐτοῦ
1107 3185 1340 3256 γλυκὺς
1359 3185 1430 3238 ἐν·
1446 3162 1702 3254 λάρυγτι
1720 3201 1858 3255 μου.

2039 3190 2277 3248 XXXIX.
2317 3189 2385 3243 Et
2415 3188 2618 3258 [ructus
2643 3188 2756 3256 ejus
2787 3186 2957 3240 dulcis
2982 3187 3038 3238 in
3068 3184 3310 3254 faucibus
3341 3182 3493 3236 meis.

354 3277 421 3330 Οί
453 3277 564 3347 γὰρ
589 3277 696 3330 ὑπὸ
719 3277 819 3348 τὴν
845 3276 1004 3330 σκιὰν
1035 3276 1129 3329 τοῦ
1158 3277 1323 3346 νόμου
1358 3275 1740 3345 καθεζόμενοι,
1767 3274 1864 3347 δῆ-

283 3366 394 3432 λον,
421 3367 497 3431 ὡς
528 3368 743 3422 καὶτοῦ
770 3367 1125 3436 εύαγγελικοῦ
1157 3365 1372 3437 καρποῦ
1405 3365 1505 3436 τὴν
1542 3366 1861 3438 σωτηριώδη

282 3457 516 3526 εὐωχίαν
570 3456 1068 3528 μεταλαμϐάνουσι.
1137 3451 1273 3509 Εἶτα
1335 3454 1522 3509 λοιπὸν
1578 3457 1707 3526 περὶ
1767 3455 1861 3508 τοῦ

281 3551 449 3620 νόμον
485 3550 736 3617 εἰποῦσα,
770 3551 850 3614 είς
879 3566 940 3602 τε
987 3551 1084 3621 τὴν
1129 3548 1407 3602 τελείωσιν
1460 3549 1640 3620 ἥνπερ
1673 3547 1864 3602 ἐλαϐεν

286 3644 353 3696 ὲκ
399 3641 494 3694 τοῦ
539 3641 730 3712 νόμου,
773 3640 1033 3696 εἰσελθεῖν
1091 3639 1351 3706 θέλουσα,
1391 3639 1538 3711 λέγει
1581 3643 1694 3704 τοῖς
1724 3641 1864 3694 ἁπο-

286 3733 494 3796 στόλοις
511 3748 528 3764 ·

356 3827 446 3880 Μ’.
503 3826 596 3879 Στ.
655 3826 725 3880 δ’.
777 3823 1067 3895 Εἱσάγετέ
1129 3841 1207 3894 με
1257 3825 1344 3890 εἰς
1390 3819 1562 3878 οἷκον
1616 3823 1728 3879 τοῦ
1780 3824 1865 3878 ol-

285 3931 398 3969 m
427 3913 566 3987 (οι).
777 3941 788 3949 -
1107 3973 1122 3980 ._
1716 3909 1722 3922 “

353 4007 451 4070 Εἰς
483 4007 548 4060 τὸ
585 4004 682 4059 τοῦ
740 4005 950 4077 Κυρίου
1001 4004 1164 4076 σῶμα
1215 4005 1590 4076 συγκεράσατέ
1625 4024 1693 4076 με
1729 4006 1863 4078 (65),

287 4101 442 4171 φησι,
473 4098 624 4168 αὐτῷ
651 4097 741 4152 διὰ
768 4097 860 4151 τοῦ
890 4094 1113 4168 λουτροῦ
1140 4099 1239 4168 τῆς
1271 4096 1708 4165 παλιγγενεσίας.

355 4191 496 4247 MA'.
536 4193 757 4256 Τάξατε
779 4192 870 4244 ἐπ’
893 4190 998 4260 ἐμὲ
1025 4189 1292 4260 ἀγάπην.
1665 4259 1670 4266 ι

357 4286 493 4337 Δότε
538 4301 627 4355 μοι
683 4285 780 4355 τὴν
825 4285 1046 4355 ἀγάπην
1090 4284 1189 4354 τὴν
1238 4283 1331 4337 τοῦ
1380 4283 1707 4356 ἐπουρανίου
1751 4284 1862 4355 (66)

287 4376 525 4446 Πατρὸς,
561 4379 625 4446 ἡν
667 4378 694 4428 6
739 4375 1050 4446 Μονογενὴς
1081 4374 1260 4442 λέγει·
1303 4391 1322 4424 ι
1363 4374 1549 4438 Οὕτως
1580 4375 1865 4445 ἠγάπησεν

2039 3284 2139 3350 Qui
2173 3282 2316 3337 enim
2345 3282 2445 3336 sub
2482 3280 2614 3348 legis
2649 3277 2838 3332 umbra
2869 3277 3168 3341 consident,
3198 3272 3540 3328 manilestutn

1965 3384 2050 3430 est
2079 3387 2173 3429 eos
2224 3373 2385 3427 etiam
2421 3367 2673 3424 salutaris
2703 3366 2932 3421 convivii
2988 3364 3040 3418 in
3088 3377 3197 3430 quo
3243 3359 3538 3429 evangelici

1966 3466 2176 3520 fructus
2205 3471 2564 3534 apponuntur,
2599 3474 2720 3514 esse
2745 3456 3059 3527 participes.
3089 3453 3292 3508 Deinde
3325 3451 3392 3506 de
3423 3450 3538 3518 lege

1965 3557 2210 3625 loquens,
2243 3564 2298 3610 et
2319 3555 2384 3608 ad
2416 3568 2534 3608 eam
2566 3551 2948 3622 perfectionem
2973 3547 3154 3603 venire
3169 3545 3354 3601 volens
3375 3557 3538 3614 quant

1964 3649 2169 3719 accepit
2203 3663 2232 3702 a
2258 3647 2393 3718 lege,
2425 3643 2558 3700 dicit
2593 3641 2886 3714 apostolis:

2036 3827 2147 3883 XL.
2177 3826 2340 3882 Vens.
2375 3825 2430 3880 4.
2465 3822 2787 3878 Introducite
2824 3835 2906 3875 nte
2928 3819 2981 3873 in
3009 3818 3222 3872 domum
3247 3814 3372 3870 vini.

2037 4007 2094 4062 In
2127 4005 2338 4061 Domini
2370 4001 2580 4058 scilicet
2615 4015 2810 4070 corpus
2840 3999 3186 4054 commisccte
3207 4009 3314 4061 me,
3347 3990 3540 4062 inquit,

1964 4113 2087 4155 cum
2117 4099 2233 4167 ipso
2261 4109 2358 4166 per
2389 4094 2658 4149 lavacrum
2691 4089 3130 4160 regenerationis.

2037 4187 2175 4244 XLI.
2212 4188 2468 4242 Ordinate
2504 4186 2670 4239 inme
2707 4183 3037 4238 charitatem.

2037 4280 2170 4335 Date
2207 4280 2340 4334 mihi
2390 4277 2733 4334 dilectionem
2782 4274 2956 4328 Patris
3009 4267 3267 4330 caelestis,
3317 4266 3384 4322 de
3435 4279 3541 4335 qua

1969 4371 2287 4442 Uuigenitus
2316 4369 2555 4438 loquitur
2581 4386 2596 4422 :
2625 4385 2644 4419 ι
2673 4365 2765 4421 Sic
2800 4364 2939 4416 Deus
2959 4361 3146 4416 dilexit
3179 4358 3458 4421 mundum,
3487 4368 3543 4410 ut

287 4472 314 4522 6
339 4469 476 4533 Θεὸς
498 4469 588 4522 τὸν
609 4468 828 4538 κόσμον,
858 4467 998 4521 ὥστε
1021 4467 1114 4521 τὸν
1141 4467 1266 4521 Υίὸν
1288 4466 1456 4521 αὑτοῦ
1479 4467 1569 4520 τὸν
1598 4469 1859 4538 μονογενῆ

1975 4466 2168 4522 Filium
2199 4479 2353 4520 suum
2382 4457 2720 4531 unigenitum
2750 4459 2930 4526 daret;
2962 4465 3019 4509 ut
3044 4453 3223 4509 omnis
3248 4451 3337 4521 qui
3369 4450 3544 4504 credit

289 4565 512 4624 ἑδωκεν,
547 4563 634 4614 ἵνα
667 4563 770 4624 πᾶς
798 4563 826 4615 6
855 4559 1124 4613 πιστεύων
1154 4562 1233 4623 εἰς
1266 4561 1429 4614 αὑτὸν
1473 4560 1547 4632 μὴ
1575 4561 1863 4632 ἀπόληται,

436 4655 534 4726 ἔχῃ
562 4654 706 4725 ζωὴν
737 4652 974 4707 αἰώνιον.
1021 4672 1040 4706 ι
1272 4643 1281 4651 ’

360 4746 496 4800 ΜΒ’.
537 4747 626 4799 Στ.
660 4751 721 4797 ε’.
754 4742 1086 4812 Στηρίσατέ
1112 4742 1224 4813 (67)
1259 4759 1336 4812 με
1363 4742 1433 4796 ἐν
1451 4743 1684 4812 μύροις.

378 4839 465 4891 Ἑν
493 4839 628 4890 πᾶσι
659 4840 770 4900 τοῖς
799 4837 964 4900 θείοις
991 4837 1086 4891 τοῦ
1115 4837 1354 4908 Χριστοῦ
1380 4837 1602 4907 λογίοις.

361 4931 491 4985 MI".
525 4928 892 4985 Στοιόάσατέ
911 4947 988 4998 με
1021 4930 1090 4984 ἐν
1122 4929 1366 5000 μήλοις.

363 5023 581 5094 Θὰψατέ
613 5041 683 5095 με
710 5025 771 5077 ὲν
798 5021 879 5095 τῷ
908 5022 1127 5094 ἀριθμῷ
1151 5023 1259 5076 τῶν
1286 5021 1532 5078 δικαίων.

1975 4561 2028 4616 in
2052 4558 2220 4620 illum,
2249 4569 2356 4609 non
2382 4558 2589 4622 pereat,
2621 4549 2716 4605 sed
2745 4549 2944 4604 habeat
2971 4545 3136 4601 vitam
3158 4551 3413 4598 aeternam
3435 4540 3538 4594 ⁸⁸.»

2039 4745 2198 4801 XLII.
2239 4745 2403 4799 VERS.
2437 4741 2490 4796 5.
2527 4739 2851 4809 Conﬁrmata
2875 4755 2954 4793 me
2983 4739 3036 4792 in
3067 4735 3366 4804 unguentis.

2039 4839 2095 4894 In
2117 4840 2369 4894 omnibus
2397 4834 2600 4891 Christi
2633 4834 2829 4890 divinis
2861 4832 3106 4901 eloquiis.

2043 4929 2229 4984 XLIII.
2266 4927 2468 4995 Stipate
2506 4941 2586 4979 me
2616 4927 2671 4978 in
2697 4923 2872 4978 malis.

2044 5024 2277 5094 Sepelite
2307 5036 2394 5077 me
2425 5020 2476 5074 in
2506 5031 2733 5072 numero
2758 5016 3051 5086 justorunt.

366 5162 411 5194 ⁸³
434 5161 624 5217 Matth.
661 5174 813 5226 xxvr,
852 5159 944 5214 26.
1020 5158 1068 5190 ⁸⁸
1090 5159 1218 5213 ibid.
1252 5158 1344 5222 27,
1369 5156 1460 5212 28.
1541 5156 1712 5212 "Isa.
1747 5173 1784 5223 ι,
1808 5155 1861 5212 2.

1975 5153 2177 5211 3Exod.
2217 5171 2308 5219 xx,
2333 5153 2525 5209 12-16.
2598 5151 2644 5184 ⁸⁷
2674 5151 2832 5208 Hebr.
2864 5166 2920 5217 χ,
2953 5151 3005 5204 1.
3076 5148 3121 5180 ⁸⁸
3144 5145 3301 5204 Joan.
3341 5164 3422 5210 ιιι,
3455 5147 3540 5204 IG.

368 5299 473 5372 (σε)
500 5298 913 5356 Emendandum
941 5297 1007 5352 δι’
1044 5291 1135 5368 ἧς,
1166 5303 1224 5351 ut
1255 5296 1452 5352 habent
1492 5298 1664 5351 codex
1719 5310 1870 5352 meus
1974 5297 2043 5372 tit
2070 5314 2084 5350 :
2115 5299 2413 5372 «coaptate
2443 5309 2528 5348 tne
2560 5293 2607 5372 ei
2636 5307 2731 5372 per
2750 5289 3044 5354 lavacrum,
3071 5303 3089 5337 ι
3120 5295 3227 5340 etc.
3263 5283 3553 5337 Salutatus

297 5380 348 5423 et
373 5370 527 5424 Bari).

368 5442 477 5508 (63)
508 5439 645 5495 Vide
669 5454 840 5508 supra
868 5445 1048 5494 notam
1089 5438 1154 5492 ad
1179 5451 1320 5492 vers.
1353 5443 1462 5508 κη’.
1487 5449 1686 5508 XXVII].

369 5505 476 5581 (65)
507 5511 624 5566 Yet.
657 5505 912 5581 inierpr.
947 5528 964 5560 ι
998 5512 1076 5581 ἰιι
1101 5508 1317 5581 domum
1347 5505 1536 5581 vineae.
1563 5526 1582 5558 ι
1615 5505 1867 5581 Fortasse

300 5576 510 5636 secutus
537 5591 619 5635 est
654 5579 780 5634 lect.
809 5579 1118 5649 Symmachi
1151 5580 1231 5642 είς
1260 5577 1352 5649 τὸν
1384 5576 1598 5640 οἰνῶνα,
1623 5597 1641 5627 ‹
1673 5579 1724 5649 in
1756 5578 1864 5632 cel-

301 5650 402 5702 lam
450 5652 741 5712 vinariam,
775 5669 794 5700 ι
830 5647 1059 5716 eamque
1108 5649 1247 5703 idem
1277 5648 1500 5716 interpr.
1535 5647 1738 5715 putavit
1764 5662 1862 5716 ap-

301 5719 476 5788 pellari
513 5735 678 5791 posse
705 5738 723 5768 ι
753 5719 971 5772 domum
1003 5719 1190 5791 vincte.
1209 5737 1228 5770 ι

373 5791 481 5863 (65)
513 5782 634 5848 Vet.
669 5790 938 5858 interpres
961 5788 1084 5856 quid
1117 5782 1375 5858 intelligat
1403 5788 1602 5857 nescio,
1629 5787 1717 5858 qui
1741 5801 1861 5843 vcr-

1973 5365 2110 5422 bene
2157 5369 2335 5433 vertit,
2373 5365 2878 5433 «commisceteme.
2906 5376 2924 5410 ι

2038 5438 2166 5518 (66)
2189 5421 2335 5518 _Vet.'
2355 5437 2642 5518 interpr..¢
2669 5431 2986 5518 charitatept
3022 5421 3544 5518 npigeni‘timﬁiI-itna:

1977 5494 2162 5564 miitus
2189 5510 2344 5564 bene.
2383 5494 2529 5561 Sane
2579 5505 2644 5557 de
2683 5499 2860 5553 Patris
2899 5494 3166 5552 charitate
3197 5495 3252 5548 in
3281 5494 3546 5547 mundum

1973 5579 2211 5648 loquitur
2240 5577 2550 5646 Apostolus.
2642 5643 2654 5648 _
2808 5641 2836 5648 _
2984 5646 2991 5648 _

2044 5641 2159 5721 (67)
2185 5641 2483 5721 salutatus
2519 5643 2721 5700 vertit:
2760 5641 3031 5721 tServate
3082 5649 3166 5692 me
3190 5650 3203 5687 :
3227 5651 3245 5686 ι
3286 5647 3374 5702 qut
3413 5643 3550 5702 pro-

1971 5714 2155 5791 ptcrea
2184 5719 2375 5791 legisse
2399 5716 2609 5771 videtur
2641 5714 2938 5785 τηρήσατε.
