4038 6134
407 350 476 406 63
1534 338 1856 397 PIIILONIS
1893 336 2206 394 EPISCOPI
2243 336 2564 394 CARPASII
3586 329 3654 385 66

480 453 662 510 XLIV.
691 454 828 521 Quia
857 453 1122 510 uulnerata
1145 471 1260 511 sum
1288 456 1563 512 charitate.

480 547 585 602 Per
643 556 864 602 sanctos
903 546 1107 601 scilicet
1153 556 1458 617 martyres;
1511 561 1608 617 per
1652 561 1826 616 quos,
1859 563 1979 604 cum

409 637 684 692 Christum
719 635 996 706 diligerem
1014 676 1030 702 ,
1057 635 1339 690 vulnerata
1393 649 1510 691 sum
1531 675 1548 704 ,
1594 643 1769 691 morte
1797 650 1893 706 pro
1917 650 1982 691 eo

409 738 679 795 suscepta.

479 817 640 872 XLV.
682 817 838 873 Vens.
874 819 928 874 6.
962 817 1114 873 Laeva
1143 819 1256 887 ejus
1283 818 1376 873 sub
1400 817 1571 888 capite
1600 833 1749 884 meo;
1771 826 1818 872 et
1854 817 1980 872 dex-

407 921 517 964 tera
561 909 705 964 illius
741 910 1122 978 amplexabitur
1160 925 1262 964 me.

481 1000 637 1057 Larva
662 1003 876 1070 quidem
905 1012 1221 1070 praesentem
1270 1001 1434 1055 vitam
1455 1040 1471 1066 ,
1497 1008 1556 1054 ut
1589 999 1844 1063 arbitror,
1882 1012 1980 1052 ex-

406 1093 622 1162 primit;
650 1093 871 1147 dextera
904 1106 1030 1146 vero
1062 1092 1297 1147 futuram
1334 1102 1390 1147 et
1419 1102 1732 1161 perpetuam
1764 1098 1978 1146 sancto-

406 1198 522 1236 rum
559 1179 744 1238 vitam.
781 1201 800 1235 ι
833 1183 1133 1252 Longitudo
1167 1184 1310 1238 enim
1362 1183 1568 1238 dierum
1595 1226 1610 1250 ,
1663 1201 1681 1235 ι
1719 1183 1794 1237 ait
1829 1182 1978 1239 Scri-

404 1285 581 1344 ptura.
613 1293 642 1331 ι,
668 1283 721 1329 et
748 1274 873 1328 anni
906 1275 1028 1329 vitae
1059 1275 1111 1328 in
1153 1276 1375 1333 dextera
1413 1275 1568 1344 ejus;
1605 1274 1655 1328 in
1687 1274 1817 1329 Iazva
1846 1290 1975 1329 vero

405 1365 522 1434 ejus
541 1366 741 1420 divitiae
771 1377 828 1421 et
852 1366 1019 1435 gloria
1042 1362 1148 1421 ⁸³.»
1173 1365 1250 1421 Ibi
1281 1366 1424 1420 enim
1453 1366 1694 1422 cmlestis
1711 1367 1973 1436 sapientia

403 1460 762 1517 indelicientia
786 1464 921 1517 bona
949 1463 1132 1517 tribuit
1167 1461 1444 1524 Ecclesiae,
1467 1459 1618 1526 juxta
1646 1459 1972 1530 PrOphetam

403 1553 710 1609 dicentem:
769 1571 789 1606 ι
828 1554 1084 1609 Dominus
1124 1567 1230 1607 non
1278 1553 1509 1619 privabit
1551 1554 1707 1609 bonis
1750 1568 1844 1608 eos
1882 1553 1971 1624 qui

401 1645 677 1699 ambulant
723 1646 774 1699 in
811 1644 1115 1699 innocentia
1145 1644 1214 1697 ⁸⁸.
1258 1661 1278 1696 s
1331 1643 1396 1698 Et
1432 1643 1483 1697 in
1508 1643 1690 1698 futuro
1737 1643 1968 1709 saeculo,

401 1735 659 1802 sapientia
695 1735 1075 1805 longitudinem
1107 1735 1230 1789 vitae
1252 1744 1308 1789 et
1338 1735 1495 1804 longa
1521 1733 1716 1790 saecula
1743 1734 1966 1790 dextera

399 1841 497 1880 sua
529 1837 740 1889 tenens,
770 1837 1084 1881 sanctarum
1113 1827 1525 1894 promissionum
1554 1825 1744 1894 gaudia
1767 1828 1968 1894 praihet
2002 1813 2044 1869 Β

401 1915 469 1969 iis
483 1916 678 1980 verbis,
707 1916 992 1985 quaejuxta
1019 1916 1370 1984 Evangelium
1401 1931 1612 1986 sponsae
1639 1931 1750 1972 sum
1781 1932 1810 1970 a
1839 1919 1971 1972 dex-

401 2008 498 2061 tris
528 2009 658 2062 dicit
692 2025 706 2062 :
753 2025 771 2058 ι
806 2006 1015 2072 Venite,
1053 2009 1316 2063 benedicti
1343 2009 1518 2063 Patris
1540 2009 1679 2076 mei;
1713 2011 1971 2078 percipite

400 2113 626 2168 regnum
673 2101 816 2168 quod
875 2110 1120 2170 paratum
1176 2111 1259 2156 est
1301 2101 1455 2156 vobis
1504 2115 1534 2154 a
1586 2102 1970 2158 constitutione

325 2219 327 2222 ‹
399 2193 663 2247 mundi“.
690 2211 709 2244 ›
739 2193 814 2247 Ita
834 2212 853 2245 ι
881 2203 936 2248 et
967 2196 1155 2248 dextra
1193 2193 1335 2249 illius
1363 2192 1762 2262 amplexabitur
1791 2208 1904 2260 me;
1943 2212 1963 2246 ι

398 2297 520 2336 cum
544 2298 572 2335 a
597 2284 802 2338 dextris
826 2287 938 2339 suis
984 2284 1135 2351 quasi
1163 2299 1318 2338 ovem
1361 2299 1447 2339 me
1479 2286 1770 2339 constituet
1799 2282 1969 2340 bonus

398 2370 610 2436 Pastor,
648 2372 738 2442 qui
765 2373 819 2427 in
852 2373 1086 2443 paradisi
1118 2373 1334 2442 pascuis
1363 2383 1750 2428 commoratur.

468 2547 650 2604 XLVI.
693 2547 859 2604 Vsus.
898 2549 950 2603 7.
986 2549 1240 2618 Adjuravs
1271 2564 1388 2611 vos,
1427 2546 1554 2612 Μίαν
1595 2545 1925 2600 Hierusalem
1948 2585 1964 2609 ,

395 2632 460 2692 in
481 2639 761 2693 uirtutibus
803 2651 850 2694 et
883 2639 1080 2693 viribus
1125 2641 1276 2708 agri,
1312 2640 1357 2692 si
1383 2639 1654 2694 suscitatis
1679 2648 1724 2692 et
1754 2639 1968 2709 vigilare

395 2727 612 2797 faciatis
635 2727 970 2792 charitatem,
998 2729 1162 2782 donec
1191 2727 1330 2782 velit.

467 2903 634 2957 Filias
670 2901 1003 2956 Hierusalem
1035 2909 1191 2956 vocat
1233 2899 1443 2956 animas
1500 2911 1810 2956 sanctorum
1843 2916 1967 2971 pro-

396 2995 678 3063 phetarum
700 3003 753 3048 et
781 2993 1166 3062 apostolorum.
1207 2993 1330 3047 Illas
1361 2994 1574 3064 adjurat
1605 3009 1700 3063 per
1731 2995 1960 3048 virtutes

396 3093 451 3137 et
482 3083 626 3138 vires
657 3083 770 3148 agri
795 3083 1069 3150 (nimirum
1107 3096 1202 3152 per
1224 3082 1405 3135 divina
1450 3083 1730 3149 miracula,
1763 3099 1881 3152 quas
1912 3085 1964 3137 in

396 3179 597 3260 mundo
653 3175 922 3245 Unigeniti
976 3175 1145 3229 virtus
1183 3174 1399 3228 edidit:
1445 3191 1465 3225 ι
1513 3175 1655 3244 Ager
1698 3176 1841 3230 enim
1885 3153 2036 3231 estC

395 3261 647 3330 mundus,
669 3286 688 3320 ι
718 3278 774 3321 ut
798 3268 874 3321 ait
898 3268 1257 3336 Dominus"),
1288 3267 1606 3322 utexcitent
1639 3267 1966 3322 desiderium

397 3358 577 3426 sponsi
619 3371 745 3424 erga
778 3357 976 3426 ipsam;
1009 3356 1165 3410 modo
1206 3370 1304 3424 pro
1329 3370 1394 3411 ea
1424 3369 1612 3424 preces
1641 3354 1963 3418 adhibendo,

395 3447 576 3512 modo,
602 3461 720 3514 quae
747 3446 843 3514 ipsi
876 3445 1068 3514 placita
1096 3456 1243 3510 sunt,
1269 3446 1320 3499 in
1349 3461 1411 3499 ea
1441 3430 1773 3515 disponendo
1797 3463 1811 3501 :
1844 3461 1972 3520 pro.

395 3546 579 3608 pterea
607 3546 792 3608 aperte
817 3537 1030 3604 subdit,
1065 3554 1085 3589 ι
1117 3537 1292 3594 donec
1313 3536 1462 3594 Velit.
1497 3555 1518 3590 s

473 3815 678 3873 XLVII.
710 3818 868 3873 Vens.
898 3818 953 3873 8.
1002 3818 1118 3874 Vos:
1143 3820 1414 3889 fratruelis
1443 3822 1565 3877 mei.

467 3907 557 3972 Ut,
594 3923 716 3979 quae
753 3924 854 3963 vox
877 3910 994 3980 ejus
1017 3911 1246 3966 voluerit
1267 3953 1282 3975 ,
1312 3913 1415 3968 hoc
1442 3923 1526 3970 est
1558 3929 1677 3984 quae
1711 3914 1966 3984 jusserit,

395 4001 462 4056 de
503 4001 569 4055 iis
604 4001 806 4055 certior
833 4000 973 4057 facta
997 4041 1014 4068 ,
1051 4003 1374 4059 charitatem
1411 4005 1530 4076 ejus
1561 4019 1968 4078 consequatur:

394 4091 848 4161 quemadmodum
876 4102 934 4148 et
981 4094 1096 4163 ipse
1122 4094 1176 4148 in
1196 4094 1512 4165 ,Evangeliis
1542 4115 1557 4150 :
1599 4116 1620 4150 ι
1658 4099 1759 4166 Qui
1795 4099 1970 4170 diligit

395 4199 504 4248 me,
536 4203 556 4237 s
591 4183 784 4253 inquit,
820 4202 840 4236 ι
875 4187 1129 4240 mandata
1155 4203 1271 4242 mea
1298 4189 1537 4244 servabit
1563 4191 1632 4246 ”.
1662 4210 1681 4244 s

472 4275 700 4334 XLVIII.
757 4275 893 4332 Ecce
943 4279 1054 4350 ipse
1107 4281 1242 4335 vertit
1296 4281 1488 4336 saliens
1525 4299 1681 4353 super
1731 4296 1968 4354 montes,

392 4369 692 4424 transiliens
728 4371 904 4426 colles.

2012 458 2058 516 Α
2161 455 2284 508 MA'.
2329 457 2452 508 Ὀτι
2479 450 2807 521 τετρωμένη
2832 451 3068 522 ἀγάπης
3102 452 3232 521 ἐγώ.

2152 543 2250 596 Διά
2274 541 2382 595 τῶν
2410 541 2578 610 ἁγίων
2609 538 2917 611 μαρτύρωνδ
2958 541 3025 595 δι’
3058 533 3152 604 ὧν,
3180 539 3512 610 ἀγαπήσασα
3536 538 3648 609 (68)

2080 634 2170 688 τὸν
2195 634 2445 704 Χριστὸν,
2507 631 2748 705 ὲτρώθην
2773 630 2905 703 (69),
2931 632 3022 686 τὸν
3045 631 3185 703 ὑπὲρ
3200 629 3362 684 αὑτοῦ
3384 629 3648 700 δεξαμένη

2080 728 2329 782 θάνατον.

2141 820 2274 878 ME'.
2303 823 2395 876 Στ.
2430 818 2503 887 ς’.
2536 818 2856 889 Εὐώνυμος
2888 817 3074 872 αὐτοῦ
3090 816 3210 871 ὑπὸ
3242 816 3356 885 τὴν
3375 816 3651 887 κεφαλήν

2073 930 2191 982 μου
2208 929 2221 943 ⁸
2255 913 2353 966 καὶ
2379 913 2416 980 ἡ
2443 911 2611 977 δεξιὰ
2637 910 2824 966 αὐτοῦ
2854 908 3247 978 περιλήψεται
3267 925 3364 978 με.

2147 1005 2439 1077 Εὐώνυμος
2480 1005 2578 1076 μὲν
2608 1005 2849 1077 παρόντα
2900 1002 3011 1074 βίον
3043 1003 3348 1066 ἀπεικάζει,
3371 1001 3446 1066 ὡς
3473 991 3648 1073 οἶμαιο

2076 1097 2225 1165 δεξιά
2250 1098 2307 1152 δὲ
2342 1099 2435 1152 τὸν
2458 1097 2738 1169 μέλλοντα,
2770 1095 2862 1151 τὸν
2896 1095 3120 1149 ἁένναον
3149 1093 3261 1164 βίον
3291 1094 3403 1166 (7D)
3437 1094 3545 1148 τῶν
3561 1095 3652 1146 εὑ-

2078 1192 2269 1246 σεϐῶν.
2309 1211 2328 1244 ι
2358 1194 2546 1261 Μῆκος
2571 1190 2680 1261 γὰρ
2715 1189 2851 1260 βίου,
2892 1207 2911 1242 s
2935 1189 3086 1260 φησι,
3127 1207 3146 1239 ι
3176 1187 3268 1240 καὶ
3295 1185 3390 1257 ἔτη
3418 1186 3564 1258 ζωῆς
3592 1189 3650 1240 ὲν

2075 1288 2142 1356 τῇ
2167 1283 2316 1355 δεξιᾷ
2350 1283 2540 1353 αὐτῆς·
2571 1284 2625 1334 ὲν
2647 1281 2704 1334 δὲ
2728 1283 2798 1352 τῇ
2819 1280 3085 1353 ἀριστερᾷ
3111 1277 3280 1347 αὐτῆς
3310 1275 3537 1340 πλοῦτος
3554 1279 3650 1330 καὶ

2073 1377 2218 1441 δόξα.
2255 1395 2272 1426 ι
2328 1375 2542 1430 Ἐνθὰδε
2573 1373 2682 1446 γὰρ
2714 1373 3055 1444 ἀνυστέρητα
3090 1370 3158 1424 τά
3203 1369 3382 1440 ἀγαθά
3411 1371 3444 1441 ἡ
3485 1371 3649 1422 ἐπου-

2075 1468 2259 1540 ράνιος
2293 1465 2518 1538 παρέχει
2552 1465 2713 1535 σοφία
2759 1467 2826 1535 τῇ
2875 1461 3190 1534 Ἐκκλησίᾳ,
3248 1460 3390 1514 κατὰ
3443 1461 3532 1514 τὸν
3565 1460 3651 1513 λέ-

2083 1578 2246 1631 γοντα
2279 1561 2598 1630 Προφήτηνο
2629 1576 2648 1610 ι
2679 1556 2884 1628 Κύριος
2924 1555 3022 1625 οὐχ
3051 1554 3338 1625 ὑστερήσει
3365 1552 3434 1606 τά
3467 1551 3649 1621 ἀγαθά

2071 1655 2197 1716 τοὺς
2258 1652 2656 1722 πορευομένους
2707 1651 2762 1702 ἐν
2806 1646 3070 1719 ἀκακία.»
3123 1642 3233 1699 Καὶ
3291 1646 3347 1698 ὲν
3395 1643 3472 1714 τῷ
3525 1644 3648 1716 μέλ-

2071 1743 2214 1797 λοντι
2245 1743 2409 1797 αίῶνι
2451 1745 2624 1813 μῆκος
2680 1739 2818 1810 βίου,
2849 1740 2976 1801 τοὺς
3018 1737 3260 1809 μακροὺς
3307 1736 3524 1800 αἰῶναςο
3554 1735 3648 1789 καὶ
3731 1785 3734 1788 .

2071 1835 2140 1890 τά
2167 1834 2540 1904 εὐφραντήρια
2559 1832 2666 1885 τῶν
2699 1832 2869 1899 ἁγίων
2916 1828 3352 1899 ὲπαγγελμάτων
3385 1828 3442 1881 ὲν
3471 1830 3535 1898 τῇ
3563 1828 3650 1881 δε-

2072 1927 2160 1998 ξιᾷ
2187 1925 2354 1996 αὐτῆς
2380 1927 2413 1996 ἡ
2437 1925 2597 1993 σοφία
2623 1923 2843 1994 ἔχουσα,
2882 1921 3131 1992 παρέχει,
3159 1921 3218 1974 ὲν
3251 1915 3333 1984 οἷς
3369 1919 3478 1988 (71)
3509 1919 3651 1974 κατά

2071 2017 2132 2070 τὸ
2155 2015 2486 2084 Εὐαγγέλιον
2499 2018 2564 2086 τῇ
2593 2014 2700 2086 ἰδίᾳ
2733 2013 2918 2084 νύμφῃ
2937 2014 3000 2065 ὲκ
3026 2010 3214 2075 δεξιῶν
3240 2009 3404 2079 λέγει’
3425 2029 3443 2061 ι
3464 2009 3647 2074 Δεῦτε,

2069 2109 2118 2160 οἱ
2157 2105 2509 2176 εὐλογημένοι
2548 2104 2641 2158 τοῦ
2674 2104 2888 2176 Πατρός
2924 2119 3046 2174 μου,
3081 2101 3524 2173 κληρονομήσατε
3547 2101 3649 2172 τὴν

2070 2196 2476 2267 ἡτοιμασμένην
2492 2196 2619 2266 ὑμῖν
2645 2193 2920 2265 βασιλείαν
2943 2194 3049 2264 πρὸ
3064 2193 3372 2264 καταϐολῆς
3387 2194 3607 2264 κόσμου.
3625 2212 3644 2244 s

2071 2284 2226 2338 Οὕτω
2267 2303 2286 2338 ι
2315 2287 2407 2339 καὶ
2440 2287 2473 2356 ἡ
2501 2285 2648 2350 δεξιά
2666 2285 2829 2338 αὐτοῦ
2859 2283 3221 2355 περιλήψεταί
3256 2301 3322 2354 με
3341 2301 3354 2314 ·
3385 2302 3403 2335 ι
3425 2283 3554 2336 ὅταν
3581 2299 3649 2354 με

2071 2378 2244 2450 στήσῃ
2269 2379 2332 2430 ἐκ
2367 2376 2556 2444 δεξιῶν
2590 2377 2656 2429 αὑ
2669 2375 2754 2429 τοῦ
2783 2375 3070 2447 προϐάτων
3096 2375 3250 2444 δίκην
3276 2375 3304 2427 ό
3336 2373 3497 2437 καλὸς
3530 2373 3652 2427 Ποι-

2072 2469 2198 2539 μὴν.
2235 2471 2314 2531 είς
2339 2468 2438 2531 τὰς
2467 2466 2561 2520 τοῦ
2599 2466 2928 2537 παραδείσου
2963 2464 3133 2536 νομὰς
3163 2463 3414 2526 αὐλίζων.

2137 2554 2286 2619 MCT.
2319 2554 2408 2606 Στ.
2441 2552 2507 2616 ζ’.
2539 2553 2784 2620 ’Ὡρκισα
2820 2550 2998 2622 ὑμᾶς,
3029 2551 3344 2621 θυγατέρες
3357 2551 3649 2619 Ἰερουσα-

2066 2642 2220 2712 lim,
2237 2644 2307 2697 ἐν
2343 2643 2470 2710 ταῖς
2500 2643 2794 2712 δυνάμεσι
2835 2643 2934 2697 καὶ
2965 2644 3035 2697 ὲν
3071 2643 3203 2710 ταῖς
3225 2643 3336 2714 (⁸72)
3364 2643 3650 2711 ὶσχύσεσι

2067 2735 2172 2789 τοῦ
2201 2735 2404 2804 ἀγροῦ·
2431 2735 2542 2789 ἐὰν
2561 2737 2824 2805 ἐγείρητε
2867 2738 2964 2791 καὶ
2987 2735 3328 2806 ἐξεγείρητε
3361 2734 3475 2806 τὴν
3501 2734 3646 2804 ἁγά-

2066 2842 2210 2894 amr,
2247 2825 2360 2890 ἕως
2391 2821 2463 2881 οὗ
2495 2825 2748 2894 θελήσῃ.

2135 2918 2444 2989 Θυγατέρες
2490 2918 2860 2989 Ἰερουσαλὴμ,
2918 2919 3018 2980 τὰς
3063 2917 3239 2988 ψυχὰς
3305 2917 3415 2970 τῶν
3479 2919 3650 2986 ἁγίων

2065 3011 2213 3079 λέγει
2247 3009 2542 3082 προφητῶν
2600 3026 2659 3062 τε
2704 3011 2799 3063 καὶ
2846 3008 3177 3061 ἀποστόλωνο
3205 3008 3416 3072 ὲκείνας
3446 3009 3504 3062 ἐν
3531 3012 3651 3074 ταῖς

2069 3103 2328 3173 δυνάμεσι
2357 3101 2451 3155 καὶ
2479 3103 2537 3154 ὲν
2564 3103 2686 3165 ταῖς
2732 3099 2975 3170 ἰσχύσεσι
3007 3101 3101 3153 τοῦ
3135 3100 3306 3172 ἀγροῦ
3333 3098 3539 3169 ὁρκίζει
3567 3101 3651 3170 (ὲν

2069 3196 2182 3264 τοῖς
2213 3192 2574 3263 θεοσημείοις,
2630 3186 2712 3255 οἷς
2761 3191 3016 3260 ἐποίησεν
3043 3192 3102 3245 ἐν
3135 3191 3212 3262 τῷ
3259 3190 3450 3262 κόσμῳ
3482 3192 3516 3263 ἡ
3553 3190 3648 3244 τοῦ

2069 3283 2407 3355 Μονογενοῦς
2450 3283 2707 3354 δύναμις·
2742 3301 2762 3334 ι
2803 3281 2996 3352 Ἀγρὸς
3042 3282 3150 3353 γὰρ
3182 3284 3211 3335 ὁ
3257 3282 3479 3353 κόσμος,
3506 3299 3525 3333 s
3574 3280 3651 3344 ῶς

2071 3393 2234 3448 φησιν
2275 3377 2304 3429 ὁ
2331 3374 2581 3446 Κύριος)·
2618 3374 2707 3428 ἵνα
2739 3372 3052 3445 έξεγείρωσι
3075 3372 3168 3426 τὸν
3200 3371 3362 3425 πόθον
3389 3371 3483 3425 τοῦ
3510 3389 3648 3443 νυμ-

2071 3469 2193 3537 φίου
2247 3467 2384 3538 πρὸς
2438 3466 2628 3536 αὑτήν⁴
2681 3465 2770 3518 ὁτὲ
2834 3464 2932 3535 μὲν
2984 3461 3276 3536 πρεσϐείας
3309 3462 3650 3534 εἰσφέροντες

2072 3558 2212 3631 ὑπὲρ
2266 3557 2456 3627 αὐτῆς,
2502 3555 2592 3608 ὁτὲ
2635 3555 2692 3607 δὲ
2730 3555 2824 3607 καὶ
2860 3553 2928 3607 τὰ
2957 3554 3163 3625 ἀρεστὰ
3197 3553 3344 3624 αὐτῷ
3397 3554 3532 3626 πρὸς
3559 3554 3650 3607 ali-

2071 3651 2170 3724 τὴν
2187 3649 2572 3720 διατιθέμενοι.
2609 3646 2698 3700 Διὸ
2728 3645 2911 3716 σαφῶς
2939 3645 3198 3715 ἐπιλέγει·
3229 3665 3248 3698 ι
3278 3646 3425 3710 Ἕως
3465 3640 3524 3700 οὗ
3554 3645 3646 3700 θε-

2074 3741 2232 3816 λήσῃ.
2276 3759 2296 3793 s

2105 3743 2402 3888 {132.231.
2437 3837 2507 3902 η’.
2537 3829 2708 3899 Φωνὴ
2739 3829 2845 3884 τοῦ
2885 3827 2999 3901 (73)
3025 3827 3352 3898 ἀδελφιδοῦ
3383 3847 3525 3898 μου.

2147 3923 2288 3988 Ἵνα,
2323 3921 2467 3994 ειπερ
2499 3921 2533 3991 ἡ
2561 3919 2712 3991 φωνὴ
2741 3918 2905 3973 αὐτοῦ
2957 3919 3099 3973 ϐέλει
3131 3919 3445 3989 (τουτέστιν,
3505 3922 3650 3990 άπερ

2072 4015 2443 4088 προστάττει),
2471 4012 2642 4066 ταῦτα
2669 4011 2936 4083 μαθοῦσα,
2958 4011 3057 4083 τῆς
3085 4011 3304 4081 ἀγάπης
3333 4010 3494 4064 αὐτοῦ
3527 3995 3649 4065 ἐπι-

2070 4106 2210 4178 τύχῃ
2241 4103 2394 4179 _(74)°
2443 4101 2624 4167 καθὼς
2655 4103 2750 4158 καὶ
2796 4103 2956 4166 αὐτὸς
2985 4103 3044 4156 ὲν
3081 4102 3433 4171 Εὐαγγελίοις
3477 4102 3648 4174 λέγει·

2077 4216 2096 4250 ι
2143 4198 2200 4250 '0
2223 4193 2453 4265 ἀγαπῶν
2488 4212 2555 4265 με
2575 4193 2675 4257 τὰς
2724 4193 2944 4257 ἐντολάς
2982 4210 3083 4263 μου
3106 4191 3349 4261 φυλάξει.
3380 4221 3398 4246 ο

2134 4291 2274 4344 MH'.
2307 4287 2464 4344 ’Ῑδοὺ
2493 4282 2673 4352 οὗτος
2702 4285 2832 4353 ἣκει
2866 4281 3074 4353 πηδῶν
3093 4283 3192 4337 ἐπὶ
3225 4284 3296 4338 τὰ
3326 4283 3454 4353 ὄρη,
3481 4284 3648 4339 om-

2085 4383 2329 4451 ιόμενος
2354 4378 2454 4432 ἐπὶ
2475 4377 2617 4444 τοὺς
2645 4377 2933 4442 βουνούς.

466 4461 604 4517 Salit
651 4463 795 4516 enim
823 4479 986 4534 super
1021 4475 1262 4531 montes,
1291 4465 1395 4521 hoc
1426 4475 1511 4522 est
1539 4481 1700 4536 super
1737 4471 1968 4538 prophe-

2146 4471 2298 4542 Πηδᾷ
2324 4469 2432 4540 γάρ
2455 4467 2549 4520 ἐπὶ
2583 4467 2654 4519 τά
2673 4466 2796 4537 ὅρη,
2831 4464 3111 4520 τουτέστιν
3151 4465 3242 4518 ἐπὶ
3271 4466 3396 4530 τοὺς
3439 4468 3649 4538 προφή-

395 4567 517 4612 tas:
557 4566 613 4611 et
654 4572 844 4612 rursus
904 4557 1028 4611 inde
1070 4558 1303 4612 transilit
1342 4573 1506 4626 super
1553 4560 1754 4624 colles,
1792 4561 1845 4615 id
1889 4568 1972 4615 est

2072 4579 2188 4627 ταςο
2231 4561 2325 4614 καὶ
2368 4559 2529 4613 πάλιν
2573 4557 2782 4612 ἐκεῖθεν
2830 4555 3050 4610 ἅλλεται
3107 4558 3200 4609 ἐπὶ
3239 4559 3364 4621 τοὺς
3408 4557 3649 4628 βουνοὺς,

393 4645 702 4714 apostolos;
741 4660 837 4714 per
885 4646 1288 4716 generationem
1320 4655 1376 4701 et
1421 4647 1823 4716 generationem
1877 4665 1969 4704 sa-

2066 4659 2204 4726 ὅπερ
2238 4651 2386 4706 ἐστὶν
2410 4650 2503 4702 ἐπὶ
2552 4649 2678 4712 τοὺς
2716 4648 3068 4712 ἀποστόλους.
3098 4649 3258 4702 Κατὰ
3301 4649 3494 4718 γενεὰν
3542 4648 3658 4718 γὰρ

392 4733 594 4802 pientia
629 4747 795 4800 super
815 4732 1028 4786 animas
1068 4743 1282 4789 sanctas
1312 4737 1611 4790 ascendens
1641 4737 1845 4792 amicos
1875 4739 1970 4794 Dei

2072 4747 2163 4801 καὶ
2191 4742 2385 4814 γενεὰν
2407 4743 2439 4812 ἡ
2462 4739 2622 4809 σοφία
2646 4741 2726 4803 είς
2754 4738 2933 4809 ψυχὰς
2966 4739 3119 4803 ὁσίας
3143 4739 3534 4804 ἀναϐαίνουσα,
3568 4744 3663 4811 φί-

391 4824 552 4879 elIicit
576 4833 629 4879 et
657 4824 970 4894 prdphetas.
997 4824 1151 4892 Quod
1194 4841 1324 4880 vero
1355 4827 1630 4882 montibus
1663 4828 1970 4884 assimilen-

2067 4839 2193 4900 λους
2219 4833 2353 4890 Θεοῦ
2381 4833 2475 4887 καὶ
2501 4831 2784 4902 προφήτας
2806 4830 3224 4895 κατασκευάζει.
3251 4833 3369 4886 Ὅτι
3399 4832 3507 4903 γὰρ
3533 4832 3653 4902 δρε-

395 4928 482 4972 tur
513 4918 790 4987 prophetae
813 4957 828 4982 ,
861 4927 916 4972 et
951 4917 1181 4988 apostoli
1217 4917 1449 4972 collibus
1471 4957 1487 4982 ,
1515 4929 1704 4988 aperte
1747 4920 1973 4978 habetur

2072 4947 2153 4983 σιν
2180 4923 2564 4988 ἀπεικάζονται
2581 4925 2628 4975 οἱ
2649 4922 2945 4992 προφῆται,
2973 4922 3069 4976 καὶ
3095 4922 3305 4994 βουνοῖς
3332 4926 3382 4976 οι
3420 4925 3651 4978 ἀπόστο-

404 5008 545 5079 apud
591 5007 783 5063 Isaiam
821 5010 1103 5081 prophetia
1124 5010 1172 5043 “
1205 5028 1221 5066 :
1270 5026 1291 5061 ι
1346 5008 1461 5064 Erit
1490 5011 1664 5076 enim,
1708 5031 1728 5065 s
1764 5013 1970 5084 inquit,

464 5125 511 5156 “
543 5123 704 5182 Prov.
760 5140 846 5192 ut,
901 5125 989 5192 16.

394 5196 441 5231 ’⁸
466 5193 569 5250 Isa.
606 5198 676 5259 tl,’
703 5197 762 5251 2.

1099 5126 1146 5158 ⁸ο
1174 5124 1316 5182 PsaI.
1355 5141 1584 5192 unum,
1621 5125 1708 5181 15.

470 5291 582 5360 (68)
644 5289 866 5343 Barher.
914 5297 970 5360 et
1016 5301 1168 5342 meus
1200 5286 1514 5360 ἠγάπησας,
1565 5286 1724 5343 male.
1774 5287 1968 5344 'I‘heat.

395 5359 680 5434 ἠγάπησα.
712 5359 1068 5434 Scribendum
1097 5368 1150 5409 ut
1171 5359 1334 5412 edidi.

470 5427 586 5501 (69)
625 5430 737 5501 Iloc
764 5440 842 5482 est
869 5447 887 5477 ι
908 5443 1000 5501 per
1027 5427 1168 5482 latus
1193 5440 1484 5501 martyrum
1511 5429 1748 5484 sauciata
1781 5443 1922 5484 sum.
1947 5447 1967 5483 ι

469 5497 584 5574 (70)
627 5500 836 5574 Vallit.
851 5497 1044 5552 αἰῶνα.

471 5567 586 5644 (7t)
629 5570 982 5644 Perturbatus
1021 5567 1243 5644 videtur
1293 5567 1382 5622 hic
1422 5567 1602 5644 locus.
1654 5567 1971 5644 _Legent_lum

1090 5638 1355 5710 péllowt
1378 5639 1537 5710 αἰῶνι
1562 5681 1576 5703 ,
1613 5639 1784 5710 μῆκος
1817 5638 1935 5710 βίου
1957 5677 1973 5700 ,

401 5637 689 5714 putarem:
744 5639 856 5714 Καὶ
900 5637 1056 5714 ένῌτῷ

401 5709 527 5777 τοὺς
579 5711 822 5837 patrii;
878 5709 1081 5774 αἰῶνας
1121 5711 1180 5762 ὲν
1217 5713 1294 5792 τῇ
1341 5709 1489 5781 δεξιᾷ

401 5786 634 5837 ἔγουσα.
774 5781 1147 5837 εὐφραντήοια
1178 5797 1282 5835 των
1329 5781 1489 5837 ἁγίων

401 5787 600 5855 ἔχουσα
618 5824 634 5852 ,

1540 5711 1708 5780 αὐτῆς

1809 5129 1853 5162 ⁹¹
1885 5129 2072 5188 Matth.
2104 5149 2232 5199 xxv,
2276 5132 2365 5187 54.

2029 5047 2044 5060 ο
2067 5019 2170 5086 λοι,
2205 5017 2390 5088 σαφῶς
2429 5016 2487 5069 έν
2532 5013 2729 5085 Ἡσαΐᾳ
2767 5016 2944 5069 κεῖται
2975 5017 3008 5086 ἡ
3051 5015 3373 5088 προφητεία.
3405 5033 3424 5068 t
3458 5016 3651 5071 Ἔσται

2466 5129 2512 5162 ’⁸
2542 5127 2730 5183 Matth.
2786 5143 2905 5195 xm,
2932 5127 3022 5184 58.
3128 5128 3173 5162 ³³
3207 5125 3364 5184 Joan.
3399 5144 3522 5196 xw,
3559 5129 3643 5185 15.

2075 5293 2336 5367 παρέχει,
2365 5294 2430 5347 ὲν
2457 5287 2540 5356 οἷς
2563 5334 2578 5358 ,
2629 5311 2685 5350 κ.
2729 5312 2782 5350 τ.
2832 5295 2884 5348 λ.
2945 5291 3097 5348 Hanc
3132 5291 3416 5348 lectionem
3451 5292 3502 5347 iu
3533 5308 3656 5350 vcr-

2077 5367 2227 5419 sione
2252 5375 2466 5417 secutus
2493 5377 2632 5418 sum.
2791 5367 2800 5374 ”

2148 5433 2259 5502 (72)
2303 5434 2372 5486 Ita
2392 5433 2512 5486 cod.
2548 5432 2948 5488 Alexandrinus
2977 5430 3137 5485 habet
3177 5431 3324 5488 hunc
3357 5430 3648 5488 articulum

2077 5506 2197 5565 ταῖς
2217 5542 2230 5565 ,
2262 5504 2352 5572 qui
2381 5503 2531 5572 abest
2570 5517 2601 5556 a
2631 5504 2807 5558 Vatic.
2832 5502 2961 5555 edit.

2175 5575 2240 5628 73
2282 5568 2446 5627 'Edit.
2488 5569 2604 5627 Vat.
2635 5588 2739 5627 non
2780 5572 2942 5626 habet
2967 5568 3083 5624 τοῦ.

2175 5573 2262 5712 ἳιζ
2303 5642 2393 5696 Sic
2415 5643 2714 5712 emendavi.
2746 5641 2896 5699 Meus
2915 5641 3080 5698 codex

2173 5639 2262 5700 nl
2303 5642 2393 5696 Sic
2415 5643 2714 5700 emendavi.
2746 5641 2896 5699 Meus
2915 5641 3080 5698 codex
3103 5644 3159 5698 et'
3187 5641 3348 5699 Barb.
3376 5652 3432 5698 et
3455 5639 3642 5700 VaIIIc.

1815 5709 1976 5783 σῼφία
2082 5709 2280 5772 habent
2313 5710 2573 5783 ἐπιτύχω.

774 5781 1147 5856 εὐφραντήρια
1178 5779 1291 5835 τῶν
1329 5779 1497 5851 ἁγίων
1546 5779 1976 5853 ἐπαγγελμάτων
