4038 6134
359 351 418 403 55
1273 343 1673 403 ENARRATIO
1710 342 1777 398 IN
1815 343 2173 400 CANTICUM
2212 344 2686 403 CANTICORU‘M.
3532 353 3602 408 66

360 466 475 534 γὰρ,
509 482 527 516 ι
567 464 756 534 φησὶν,
788 480 806 515 ι
829 463 888 515 ὲν
909 462 1029 524 ταῖς
1055 459 1311 532 ἐσχάταις
1337 460 1573 533 ἡμέραις
1609 457 1851 530 ἐμφανὲς
1874 458 1934 512 τὸ

2046 477 2065 510 ι
2106 459 2158 514 in
2189 460 2390 515 ultimis
2413 460 2601 516 diebus
2620 462 2935 518 manifestus
2969 478 3121 521 mons
3146 464 3351 522 Domini
3384 479 3606 537 paratus

354 559 473 624 ὅρος
491 557 724 626 Κυρίου,
746 554 960 625 ἕτοιμον
975 554 1066 607 ἐπὶ
1080 554 1180 618 τὰς
1201 552 1442 625 κορυφὰς
1453 552 1561 606 τῶν
1575 550 1744 622 ὁρέων
1756 570 1772 600 ι
1783 549 1936 623 (ὅπερ

358 648 517 710 ἐστὶν,
551 647 642 699 ἐπὶ
663 645 731 699 τὰ
758 644 893 716 μέλη
925 643 1042 716 [75]
1068 644 1178 697 τῶν
1199 643 1535 716 προφητῶν),
1565 660 1585 694 ι
1609 643 1704 696 καὶ
1722 641 1936 712 ὑψωθὴ-

358 756 505 793 σεται
539 737 796 808 ὑπεράνω
821 735 930 788 τῶν
981 735 1204 806 βουνῶν·
1245 754 1264 788 ι
1309 735 1446 804 ὅπερ
1474 733 1642 796 ἐστὶν,
1679 732 1934 803 ὑπεράνω

359 830 458 883 τῶν
487 828 818 882 ἀποστόλων.
857 826 970 880 Καὶ
998 825 1244 889 εἰκότως.
1281 824 1550 895 Καθάπερ
1574 823 1684 892 γὰρ
1705 822 1931 876 ἀνατέλ-

359 919 459 972 λων
481 921 508 970 6
531 919 702 989 ἣλιος,
736 916 952 989 πρῶτον
987 916 1080 969 ἐπὶ
1099 917 1199 978 τὰς
1227 915 1470 987 κορυφὰς
1497 915 1606 968 τῶν
1639 914 1811 985 ὀρέων
1835 914 1930 966 καὶ

359 1008 555 1078 βουνῶν
581 1008 680 1072 τὰς
727 1007 994 1076 φωτεινὰς
1046 1006 1276 1059 ἐκτείνει
1304 1005 1728 1080 στροφάλιγγας·
1788 1003 1934 1058 οὕτω

359 1101 448 1155 καὶ
495 1103 524 1153 6
557 1100 813 1169 Χριστὸς,
847 1102 877 1153 6
921 1099 1022 1168 τῆς
1070 1098 1413 1169 δικαιοσύνης
1441 1098 1612 1168 ἣλιος,
1663 1097 1934 1168 ἀστράψαι

355 1193 412 1247 τὸ
446 1193 547 1263 τῆς
586 1191 754 1244 αὐτοῦ
803 1190 1051 1262 θεότητος
1085 1189 1201 1260 φῶς
1246 1189 1506 1260 ἠθέλησεν
1549 1189 1628 1251 είς
1669 1188 1788 1241 ὅλον
1842 1189 1933 1241 τὸν

353 1283 573 1354 κόσμον·
634 1281 850 1352 πρῶτον
881 1280 1132 1351 καθάπερ
1176 1280 1268 1332 ἐπὶ
1297 1279 1449 1349 ὄρεσι
1491 1277 1584 1357 καὶ
1613 1277 1822 1347 βουνοῖς
1876 1278 1934 1330 ὲν

2043 565 2206 620 super
2230 553 2462 607 vertices
2491 554 2772 620 montium,
2808 573 2827 608 ι
2862 555 2914 610 id
2943 565 3026 612 est
3056 559 3106 610 in
3135 561 3358 615 canticis
3381 565 3604 634 prephe-

2038 648 2238 707 tarum,
2280 661 2299 694 ι
2337 653 2391 698 et
2415 646 2740 700 exaltabitur
2770 661 2929 713 supra
2967 648 3162 711 colles.
3207 670 3226 704 ι
3263 653 3362 706 hoc
3386 667 3470 709 est
3512 672 3603 710 su-

2034 746 2130 799 per
2155 733 2446 800 apostolos.
2486 735 2544 788 Et
2580 737 2773 790 merito
2806 754 2818 791 :
2853 741 3306 806 quemadmodum
3345 745 3490 798 enim
3523 748 3605 802 sol

2031 824 2210 877 oriens
2245 826 2482 892 primum
2512 826 2565 879 in
2612 827 2872 882 montium
2911 838 2967 883 et
3009 831 3226 885 collium
3265 834 3496 889 vertices
3526 835 3608 890 lu-

2035 915 2214 969 cidum
2250 917 2491 971 extendit
2513 932 2741 986 gyrum;
2771 920 2843 974 ita
2875 921 3127 978 Christus
3153 923 3243 979 Sol
3264 925 3487 993 justitia:
3509 943 3605 983 vo-

2030 1005 2166 1073 luit,
2226 1017 2285 1060 ut
2342 1008 2638 1063 divinitatis
2689 1025 2802 1066 suae
2855 1011 3036 1067 lumen
3112 1025 3225 1071 toto
3297 1029 3608 1075 coruscare:

2033 1097 2252 1152 mundo.
2299 1098 2537 1154 Primum
2578 1099 2741 1155 veluti
2793 1117 2955 1172 super
2995 1116 3207 1161 montes
3250 1115 3306 1160 et
3351 1109 3520 1164 colles
3551 1111 3604 1164 in

2031 1189 2308 1257 prophetis
2352 1199 2407 1244 et
2445 1192 2708 1259 apostolis
2741 1193 2940 1272 'lumen
2987 1195 3198 1260 illuxit,
3241 1212 3334 1266 per
3362 1213 3497 1268 quos
3539 1214 3608 1256 ex

2033 1279 2180 1333 omni
2211 1290 2479 1335 terrarum
2509 1283 2641 1338 urbe
2667 1285 2988 1354 ignorantia:
3015 1287 3234 1354 dispulit
3262 1289 3535 1343 tenebras.

353 1377 655 1449 προφήταις
680 1376 775 1428 καὶ
801 1375 1112 1438 ἀποστόλοις
1147 1373 1461 1445 κατηύγασε
1487 1373 1549 1425 τὸ
1583 1373 1716 1444 φῶς,
1747 1372 1814 1425 δι’
1878 1366 1954 1427 ὧν
1991 1373 2055 1426 ὲκ
2103 1374 2203 1444 τῆς
2255 1379 2580 1450 οἰκουμένης
2625 1379 2688 1432 τὸ
2735 1380 2924 1444 σκότος
2999 1382 3245 1452 ἀπήλασε
3286 1383 3383 1455 τῆς
3429 1383 3607 1453 ἀγνώ-

353 1469 492 1532 σίας.

419 1561 553 1616 ΜΘθ.
577 1563 670 1616 Στ.
706 1560 770 1614 θ’.
814 1559 1054 1629 Ὅμοιός
1080 1559 1252 1613 ἐστιν
1289 1561 1323 1613 ὁ
1361 1559 1683 1630 ἀδελφιδός
1697 1577 1816 1629 μου
1858 1557 1933 1628 τῇ
1967 1563 2009 1619 Β

348 1654 616 1723 δορκάδι,
642 1653 680 1721 ἢ
706 1652 893 1721 νεϐρῷ
913 1653 1030 1707 τῶν
1053 1651 1294 1720 ἐλάφων
1315 1651 1414 1705 ἐπὶ
1445 1654 1518 1706 τὰ
1543 1653 1650 1720 ὅρη
1678 1651 1925 1716 Βαιθήλ.

420 1744 634 1815 Δορκὰς
686 1743 972 1814 ὀξυδερκές
1005 1745 1120 1795 ἐστι
1157 1743 1315 1807 ζῶον·
1354 1743 1434 1796 διὸ
1462 1742 1556 1796 καὶ
1597 1741 1931 1812 φερωνύμιικ

350 1835 612 1906 κέκληται
649 1833 848 1905 δορκάς
879 1850 895 1865 ·
930 1833 1023 1886 καὶ
1065 1833 1256 1905 νεὸρὸς
1307 1833 1544 1902 ἐλάφων·
1590 1833 1930 1902 άναιρετικὸς

353 1929 457 1999 γάρ
512 1931 627 1981 ἐστι
653 1926 761 1980 τῶν
797 1925 1014 1980 ίοόόλων
1068 1925 1290 1996 Θηρίων.
1331 1928 1470 1998 Ὄρη
1527 1925 1583 1978 δὲ
1625 1925 1827 1996 Βαιθὴλ
1859 1925 1929 1978 τὰ

350 2017 658 2087 ἐξοχώτατα
704 2015 811 2069 τῶν
864 2015 1087 2069 δικαίων
1138 2014 1592 2085 τάγματα-εστιν·
1630 2014 1929 2085 ἐπειδήπερ

351 2108 554 2178 Βαιθὴλ
583 2104 750 2173 οἶκος
775 2106 921 2160 Θεοῦ
941 2105 1316 2178 ἑρμηνεύεται·
1335 2101 1474 2158 οἴκοι
1503 2099 1560 2158 ’δὲ
1585 2103 1739 2168 Θεοῦ,
1771 2103 1929 2172 δῆλον

347 2201 431 2254 ὅτι
456 2202 506 2254 οἱ
536 2200 768 2264 δίκαιοι,
799 2197 888 2252 διὰ
912 2198 1002 2250 τὸν
1033 2198 1275 2250 εἰπόντα·
1315 2215 1336 2248 ι
1375 2198 1665 2267 Ἐνοικήσω
1699 2197 1756 2248 ὲν
1801 2196 1930 2265 ὑμῖν

348 2293 443 2346 καὶ
466 2291 924 2362 έμπεριπατήσω·
962 2308 980 2340 ι
1019 2289 1114 2342 καὶ
1144 2287 1302 2342 πάλιν
1334 2291 1362 2342 6
1405 2286 1774 2350 Ἀπόστολος·ι
1797 2284 1928 2338 Θεοῦ

347 2379 496 2447 οἶκός
533 2384 901 2453 ὲσμενήμεῖς.
943 2399 962 2431 ι
1009 2381 1069 2431 '0
1099 2375 1192 2432 οὖν
1221 2377 1498 2446 ἀδελφιδὸς
1530 2376 1721 2446 αὐτῆς,
1753 2379 1780 2429 ὁ
1802 2376 1932 2429 ταύ-

347 2470 696 2540 τηςνυμφίος
746 2468 1002 2540 Χριστὸς,
1027 2467 1305 2540 ὁμοιοῦται
1346 2466 1445 2538 μὲν
1475 2466 1702 2536 δόρκωνι
1741 2465 1828 2519 διὰ
1871 2465 1934 2519 τὸ

349 2562 654 2633 ὀξυδερκιῖκ
684 2560 1038 2615 κατοπτεύειν
1073 2561 1166 2612 ἐπὶ
1210 2558 1308 2621 τὰς
1341 2558 1449 2611 τῶν
1479 2556 1778 2629 ἀνθρώπων
1801 2549 1933 2628 καρ-

2110 1556 2300 1611 XLIX.
2325 1557 2486 1612 Vsus.
2521 1556 2574 1612 9.
2602 1557 2803 1612 Similis
2833 1568 2908 1612 est
2931 1557 3205 1628 fratruelis
3239 1575 3382 1613 meus
3405 1574 3604 1629 caprea:

2033 1649 2107 1704 uel
2131 1651 2347 1703 hinnulo
2381 1666 2647 1704 ceruorum
2676 1665 2832 1718 super
2863 1661 3061 1704 montes
3098 1651 3317 1704 Brut/rel.

2100 1741 2306 1808 Caprea
2357 1751 2513 1794 acute
2563 1756 2793 1795 cernens
2836 1751 2918 1797 est
2957 1743 3194 1795 animal:
3233 1744 3433 1798 idcirco
3465 1745 3606 1799 veri.

2033 1840 2194 1886 tatem
2251 1833 2334 1886 sui
2387 1833 2620 1886 nominis
2683 1832 2858 1886 ferens
2907 1833 3098 1887 dorcas
3150 1835 3498 1903 appellatur:
3551 1845 3608 1890 et

2030 1923 2287 1980 hinnulus
2348 1938 2628 1978 cervorum
2665 1945 2677 1980 :
2711 1925 2979 1978 veneﬁcas
3019 1925 3162 1978 enim
3206 1927 3406 1981 bestias
3433 1929 3604 1982 inter-

2031 2015 2161 2069 ﬁcit.
2191 2014 2398 2069 Montes
2433 2026 2613 2069 autem
2643 2015 2847 2070 Bwthel
2880 2017 3408 2085 summosjustorum
3437 2020 3600 2088 signi-

2033 2106 2194 2160 ﬁcant
2245 2107 2492 2172 ordines;
2549 2109 2984 2179 quandoquidem
3030 2109 3444 2164 Birtheldomus
3510 2111 3604 2166 Dei

2033 2198 2420 2268 interpretatur
2449 2217 2464 2254 :
2506 2202 2695 2255 domos
2717 2203 2860 2255 enim
2889 2203 2980 2257 Dei
3007 2203 3348 2257 manifestum
3375 2212 3458 2258 est
3484 2218 3604 2258 esse

2023 2287 2238 2357 justos:
2287 2291 2362 2344 ait
2393 2293 2536 2345 enim
2589 2292 2906 2362 Scriptura:
2947 2313 2964 2346 ι
3008 2294 3320 2348 lnhabitabo
3349 2295 3400 2348 in
3429 2295 3601 2357 vobis,

2032 2388 2086 2433 et
2141 2379 2483 2437 inambulabo
2511 2383 2592 2447 ";
2633 2400 2652 2433 ι
2705 2393 2758 2438 et
2821 2400 3008 2439 rursus
3051 2386 3389 2453 Apostolus:
3455 2406 3475 2439 ι
3510 2389 3604 2443 Del

2032 2470 2223 2523 domus
2253 2486 2438 2525 sumus
2471 2487 2569 2528 nos
2597 2473 2663 2526 “.
2703 2493 2722 2525 ›
2762 2474 2891 2541 Ejus
2931 2476 3094 2545 igitur
3128 2478 3420 2542 fratruelis,
3456 2483 3601 2546 ejus-

2033 2559 2262 2628 demque
2309 2576 2537 2627 sponsus
2578 2562 2829 2618 Christus
2879 2565 3209 2619 assimilatur
3255 2569 3472 2635 quidem
3506 2583 3604 2622 cae-

349 2653 496 2718 δίας,
539 2652 722 2715 καθὼς
769 2652 937 2722 λέγει·
974 2671 992 2703 ι
1041 2650 1183 2719 Ἐγὼ
1225 2650 1428 2721 Κύριος
1471 2650 1678 2713 ὲτάζων
1705 2649 1934 2718 νεφροὺς

2033 2663 2216 2717 prcaa,
2272 2649 2412 2716 quod
2465 2660 2680 2704 acutum
2742 2651 2793 2703 in
2852 2657 3014 2704 corda
3063 2654 3335 2707 hominum
3393 2664 3604 2719 cernat,

351 2746 454 2799 καὶ
486 2744 791 2815 δοκιμάζων
816 2742 1066 2814 καρδίας·
1110 2741 1236 2794 εἴτι
1263 2740 1374 2810 (76)
1407 2741 1619 2809 ποιήσει
1649 2738 1934 2810 ἄνθρωπος

2034 2742 2484 2809 quemadmodum
2518 2741 2627 2797 ait:
2676 2759 2696 2793 ι
2731 2742 2842 2812 Ego
2869 2744 3124 2798 Dominus
3151 2755 3398 2800 scrutans
3423 2763 3603 2813 rencs.

351 2837 413 2888 ὲν
447 2833 750 2904 κρυφαίοις,
775 2831 932 2900 κάγὼ
975 2832 1075 2884 οὐκ
1106 2831 1218 2902 (77)
1252 2829 1523 2900 ἐπόψομαι
1549 2828 1746 2894 αύτόν;
1785 2847 1804 2880 s
1841 2828 1932 2881 Διὸ

2033 2842 2085 2886 et
2113 2833 2344 2901 probans
2373 2835 2536 2888 corda
2559 2836 2624 2886 ³⁷.
2655 2835 2856 2906 Ecquid
2884 2836 3042 2890 homo
3069 2837 3255 2893 fecerit
3286 2839 3336 2892 in
3369 2839 3602 2905 occulto,

348 2925 641 2989 ἀπεικάζει
698 2923 860 2976 αὑτὸν
888 2925 920 2992 ὴ
949 2922 1134 2993 νύμφη
1176 2921 1255 2990 τῷ
1301 2921 1547 2991 δόρκωνι,
1581 2919 1613 2992 ἢ
1647 2919 1724 2990 τῷ
1755 2919 1930 2992 νεϐρῷ

2034 2935 2089 2978 et
2134 2939 2231 2993 ego
2277 2940 2380 2978 non
2429 2925 2616 2982 videro
2645 2927 2734 2980 '3?
2771 2947 2790 2980 ι
2847 2928 3022 2996 Ipsum
3075 2940 3357 2999 propterea
3410 2947 3603 3000 sponsa

344 3017 457 3071 τῶν
489 3016 723 3085 ἐλάφων.
774 3015 991 3084 Ἐπειδὴ
1029 3014 1098 3066 τὰ
1144 3012 1558 3082 εἰσπεμπόμενα
1603 3011 1704 3080 τῆς
1736 3011 1931 3074 κακίας

2035 3029 2241 3084 caprea:
2295 3017 2559 3072 assimilat
2591 3017 2674 3072 vel
2711 3019 2933 3074 hinnulo
2971 3035 3294 3086 cervorum;
3337 3023 3608 3078 immissas

346 3109 712 3180 ἐνθυμήματα
748 3107 853 3161 ὑπὸ
880 3107 972 3160 τοῦ
1008 3103 1244 3176 πονηροῦ
1289 3107 1408 3167 ταῖς
1444 3104 1553 3157 τῶν
1575 3102 1794 3156 δικαίων
1820 3102 1932 3155 δια-

349 3201 546 3263 νοίαις,
577 3199 752 3254 ταῦτα
781 3199 980 3267 ἐλάφου
1024 3198 1179 3268 δίκην
1235 3195 1575 3266 άνιμώμενος
1614 3196 1643 3247 ό
1685 3193 1932 3264 οὐράνιος

345 3293 543 3361 Λόγος,
567 3293 755 3363 τέμνει
781 3292 867 3345 διὰ
893 3291 986 3344 τοῦ
1016 3288 1275 3355 ὀξυτάτου
1303 3287 1511 3357 ξίφους,
1539 3281 1707 3358 οὗπερ
1735 3286 1932 3339 ἔδωκεν

343 3385 554 3448 αὐτοῖς,
612 3383 707 3436 τοῦ
771 3384 871 3454 τῆς
937 3382 1220 3444 εὐσεϐείας
1270 3378 1553 3449 λογισμοῦ.
1609 3369 1803 3440 Καλῶς
1839 3371 1932 3430 οὖν

345 3477 714 3541 ἀπεικάζεται
755 3474 932 3547 νεϐρῷ
958 3475 1170 3544 ἐλάφων
1192 3475 1285 3526 ἐπὶ
1305 3472 1373 3525 τὰ
1389 3472 1489 3543 ὅρη
1524 3469 1745 3540 Βαιθήλ·
1777 3486 1932 3522 τουτο

345 3569 522 3634 ἐστιν,
545 3571 637 3622 ἐπὶ
660 3568 730 3622 τὰ
753 3567 1062 3638 ἐξοχώτατα
1091 3565 1200 3618 τῶν
1239 3564 1463 3616 δικαίων
1492 3561 1766 3631 τάγματα.

420 3663 504 3715 N'.
545 3662 687 3717 Ἰδοὺ
710 3661 893 3726 αὐτὸς
915 3660 1022 3731 (78)
1049 3660 1241 3713 ὀπίσω
1267 3657 1379 3730 (79)
1408 3655 1514 3711 τοῦ
1542 3656 1747 3725 τοίχου
1766 3651 1934 3722 ἡμῶν

345 3754 756 3821 παρακύπτων
784 3750 882 3805 διὰ
908 3750 1026 3804 τῶν
1059 3749 1333 3818 θυρίδων.

415 3845 626 3915 Τοῖχον,
684 3843 743 3896 6v
793 3842 892 3914 τὴν
930 3841 1148 3912 νύμφην
1209 3839 1380 3908 λέγει,
1428 3837 1521 3892 τὸν
1561 3835 1725 3907 νόμον
1777 3833 1929 3905 φησὶ,

347 3934 602 4006 καθάπερ
623 3935 717 3988 καὶ
741 3933 950 3997 Παῦλος
970 3933 1128 4002 (80)ό
1161 3929 1460 3992 ἀπόστολος
1494 3928 1661 3996 λέγει·
1697 3945 1716 3978 ι
1747 3926 1854 3978 Καὶ
1873 3924 1934 3978 τὸ

350 4019 668 4095 μεσότοιχον
723 4022 819 4076 τού
855 4019 1110 4094 φραγμοῦ
1164 4019 1350 4081 λύσας·
1399 4018 1497 4090 τὴν
1544 4017 1742 4089 ἔχθραν
1775 4019 1832 4069 ὲν
1865 4017 1932 4088 τῇ

350 4115 519 4186 σαρκὶ
570 4114 757 4178 αὐτοῦ,
816 4115 909 4166 τὸν
956 4113 1120 4183 νόμον
1171 4110 1282 4164 τῶν
1323 4110 1549 4164 ἐντολῶν
1600 4111 1658 4162 ὲν
1703 4108 1933 4177 δόγμασι

347 4208 728 4278 καταργήσας.
774 4225 793 4257 ι
829 4203 1211 4278 Παρακύπτων
1266 4202 1376 4274 γὰρ
1410 4201 1584 4255 ὀπίσω
1627 4198 1721 4252 τοῦ
1767 4199 1932 4269 νόμου

349 4295 542 4368 ἦλθεν,
568 4300 662 4351 καὶ
690 4297 778 4350 διὰ
798 4297 904 4350 τῶν
943 4296 1196 4368 θυρίδων,
1227 4295 1366 4365 ὅπερ
1396 4293 1513 4345 ἐστὶ
1543 4289 1632 4345 διὰ
1658 4289 1767 4343 τῶν
1795 4306 1928 4362 προ-

352 4388 562 4459 φητῶν·
587 4387 807 4460 Πρῶτον
835 4387 943 4459 γὰρ
971 4389 1028 4440 ὲν
1057 4387 1204 4456 νόμῳ
1226 4385 1313 4438 διὰ
1338 4382 1614 4444 Μωῦσέως
1631 4380 1930 4452 ἐκηρύχθηι

353 4478 546 4531 ἔπειτα
561 4477 650 4529 διὰ
673 4478 780 4530 τῶν
812 4477 1060 4548 θυρίδων,
1089 4477 1165 4538 ὡς
1197 4477 1390 4539 εἰπεῖν,
1412 4473 1499 4526 διὰ
1519 4471 1626 4524 τῶν
1642 4469 1933 4543 προφητῶν

357 4568 700 4640 παρέκυψεν.
765 4568 960 4632 amat,
1019 4586 1038 4620 ι
1085 4569 1177 4620 καὶ
1227 4564 1514 4619 ὲκκύπτων
1567 4561 1656 4615 διὰ
1701 4561 1809 4615 τῶν
1858 4561 1934 4614 δι-

355 4659 555 4714 κτύων.
583 4679 602 4712 s

429 4751 556 4804 NA’.
597 4750 1006 4818 Παρακύπτων
1041 4748 1140 4802 διὰ
1163 4745 1283 4801 τῶν
1318 4744 1597 4815 θυρίδων,
1619 4743 1717 4798 καί
1753 4742 1927 4796 ἐκκύ-

354 4858 519 4894 πτων
544 4841 644 4894 διὰ
666 4839 785 4893 τῶν
809 4839 1080 4894 δικτύων.

425 4931 742 5003 Θαυμάσιος
771 4932 800 4984 6
845 4930 942 5002 τῆς
997 4929 1106 5000 (8|)
1153 4925 1497 4990 ἀκολουθίας,
1551 4925 1645 4978 καὶ
1699 4923 1929 4994 μάλιστα

425 5050 471 5082 ⁸⁸
495 5049 672 5104 Levit.
696 5065 848 5116 xm,
885 5049 975 5114 l2;
1011 5047 1055 5102 ll
1081 5048 1204 5102 Cor.
1230 5061 1305 5111 rt,
1335 5045 1421 5098 l6.
1495 5041 1542 5074 "
1572 5041 1736 5096 Hebr.
1775 5055 1872 5107 ιιι,
1898 5040 1981 5094 6.-

361 5136 418 5188 ιι,
445 5121 535 5174 Η.

429 5235 540 5305 (75)
583 5231 772 5305 Vallic.
819 5230 892 5305 τὰ
918 5229 1096 5305 τέλει,
1150 5235 1402 5294 corrupte
1447 5237 1546 5305 pro
1591 5221 1741 5305 τέλη.
1793 5221 1926 5303 Eam

359 5295 637 5360 lectionem
688 5303 876 5357 habuit
908 5311 1014 5362 vet.
1061 5303 1327 5367 interpres
1349 5335 1366 5361 ,
1397 5295 1487 5364 qui
1516 5295 1676 5367 vertit
1721 5309 1741 5344 ι
1782 5295 1928 5345 circa

360 5376 516 5429 linem
556 5378 957 5444 prophetarum.
993 5389 1012 5421 ›
1051 5362 1219 5444 Βιδιιξξ
1251 5362 1488 5444 etme—us
1544 5362 1680 5444 μέλη
1706 5401 1723 5428 ,
1748 5375 1925 5444 quam

360 5437 950 5499 lectionctn'b‘alutatus
972 5440 1248 5510 agnoscit;
1281 5437 1357 5491 ait
1379 5437 1522 5507 enim
1556 5453 1575 5485 ι
1610 5437 1664 5488 iu
1691 5437 1922 5489 canticis

356 5517 760 5584 praphetarum.
791 5531 812 5564 ι

425 5580 1002 5658 ιῗρωειίυεεὶτιςο.
1108 5657 1116 5658 ί
1218 5647 1231 5658 .
1356 5653 1368 5658 _
1505 5653 1516 5658 _
1617 5643 1630 5658 .

422 5647 539 5726 (τι)
587 5653 657 5726 in
727 5652 914 5726 Vallic.
971 5650 1123 5726 deest
1181 5647 1284 5700 οὐκ
1315 5653 1375 5726 _et
1431 5653 1556 5700 nota
1617 5647 1920 5726 interroga:

359 5716 532 5780 tionis:
582 5722 932 5786 Memoriter,
970 5722 1211 5788 adeoque
1254 5716 1440 5788 minus
1501 5723 1751 5788 accurate
1791 5717 1924 5788 citat

355 5794 527 5852 locum
592 5792 876 5859 Ieremia,
916 5783 1317 5858 'eujus'verba
1387 5794 1546 5853 sunt,
1605 5785 1654 5838 sl
1713 5783 1921 5854 κρυϐή-

2031 3107 2174 3158 enim
2230 3106 2442 3174 iniquas
2490 3110 2849 3178 cogitationes
2895 3111 2947 3164 in
3000 3112 3211 3167 animos
3252 3112 3518 3180 justorutn
3575 3128 3604 3166 ιι

2033 3197 2266 3264 diabolo,
2295 3199 2467 3252 instar
2495 3201 2639 3255 cervi
2668 3203 2890 3256 caeleste
2915 3201 3148 3256 Verbum
3174 3214 3448 3258 extractas
3472 3221 3604 3258 acu-

2036 3287 2243 3340 tissimo
2275 3289 2510 3342 concidit
2556 3291 2756 3358 gladio,
2795 3307 2952 3360 quem
3003 3293 3104 3346 illis
3153 3294 3406 3356 tradidit,
3447 3293 3606 3348 uimi-

2035 3391 2152 3430 rum
2192 3377 2515 3447 cogitatione
2543 3380 2783 3446 pietatis.
2823 3380 3104 3435 Concinne
3137 3383 3294 3452 igitur
3333 3385 3603 3439 assintila-
3663 3416 3673 3422 -

2035 3476 2122 3521 tur
2153 3469 2376 3523 hinnulo
2399 3485 2683 3525 cervorum
2720 3472 2775 3526 in
2799 3473 3073 3528 montibus
3115 3472 3316 3529 Bathel
3336 3514 3353 3541 ,
3386 3476 3488 3531 hoc
3522 3487 3607 3532 est

2034 3572 2196 3628 super
2220 3573 2462 3614 summos
2487 3559 2756 3628 iustorum
2798 3562 3036 3618 ordines.
3118 3587 3128 3597 -

2103 3650 2165 3705 Ι...
2202 3651 2337 3705 Ecce
2374 3654 2484 3722 ipse
2511 3661 2628 3722 post
2666 3655 2918 3721 parietem
2974 3665 3244 3722 nostrum,
3279 3659 3601 3727 prospiciens

2032 3759 2124 3812 per
2158 3743 2432 3812 fenestras.

2105 3833 2374 3890 Partetem
2401 3844 2532 3906 puto
2559 3852 2812 3906 sponsam
2833 3838 3109 3908 appellare
3133 3823 3328 3911 legem,
3347 3842 3606 3911 quemad-

2035 3926 2253 3984 modum
2285 3926 2484 3983 Paulus
2521 3929 2634 3981 ait:
2672 3947 2692 3981 ι
2723 3929 2948 3984 Solveus
2975 3931 3208 3986 medium
3242 3933 3488 3986 maceriae
3512 3946 3604 4001 pa-

2035 4019 2223 4074 rietem
2259 4037 2273 4074 :
2304 4019 2640 4075 inimicitiam
2677 4022 2730 4076 in
2760 4036 2925 4077 carne
2957 4038 3076 4089 sua,
3114 4023 3295 4092 legem
3321 4026 3606 4079 mandato-

2035 4125 2152 4166 rum
2178 4111 2410 4166 decretis
2445 4127 2713 4168 evacuans
2738 4114 2804 4168 ”.
2844 4134 2864 4168 ι
2895 4113 3241 4185 Prospiciens
3277 4117 3418 4171 enim
3455 4115 3605 4169 venit

2036 4213 2160 4270 pos:
2186 4202 2381 4272 legem,
2410 4213 2464 4258 et
2497 4219 2595 4272 per
2617 4205 2905 4268 fenestras.
2937 4207 2988 4260 id
3026 4217 3132 4271 est,
3163 4222 3260 4274 per
3290 4208 3599 4274 prophetas.

1961 4273 2007 4329 θ
2037 4290 2278 4345 Primum
2320 4293 2467 4346 cnim
2497 4292 2552 4345 in
2582 4291 2699 4362 lege
2727 4307 2822 4359 per
2856 4292 3090 4362 Moysem
3122 4273 3440 4360 pradicatus
3471 4302 3554 4346 est
3584 4310 3599 4347 :

2034 4379 2226 4433 deinde
2264 4392 2360 4447 per
2390 4377 2659 4433 fenestras
2679 4416 2697 4442 ,
2738 4389 2795 4432 ut
2842 4380 2911 4431 ita
2936 4378 3112 4432 dicam
3133 4416 3151 4438 .
3181 4392 3276 4445 per
3309 4378 3604 4447 prophetas

2032 4468 2332 4538 prospexit.
2360 4466 2466 4521 Sed
2500 4482 2520 4520 ι
2547 4474 2602 4522 et
2635 4465 2952 4537 prominens
2978 4465 3238 4538 prospicit
3263 4482 3360 4536 per
3387 4467 3547 4522 retia.
3575 4484 3598 4520 s

2107 4733 2192 4788 LI.
2240 4731 2569 4802 Prospiciens
2602 4751 2696 4805 per
2734 4735 3014 4806 fenestras,
3042 4745 3092 4792 et
3129 4740 3426 4808 prominens
3464 4755 3602 4810 pro-

2032 4827 2184 4896 spicit
2220 4841 2312 4894 per
2333 4826 2487 4879 retia.

2105 4917 2454 4974 Admirabilis
2493 4928 2577 4975 est
2620 4919 2862 4983 ordinis,
2895 4919 3056 4992 huius
3089 4923 3384 4991 praesertim
3407 4961 3424 4989 ,
3468 4937 3604 4978 con-

2028 5034 2277 5090 ".Ierem.
2309 5051 2444 5104 xm,
2477 5038 2563 5092 10.
2640 5035 2685 5068 ’⁸
2719 5032 2918 5091 Jerem.
2959 5050 3117 5101 ιιιιι,
3151 5033 3244 5092 24.
3319 5036 3367 5069 ⁹⁹
3398 5035 3598 5106 Ephes.

2035 5220 2184 5292 σεταί
2223 5239 2306 5292 τις
2339 5223 2397 5274 ὲν
2434 5218 2743 5292 κρυφαίοις,
2779 5219 2873 5273 καὶ
2897 5218 3009 5288 ἐγὼ
3041 5218 3142 5273 οὐκ
3171 5219 3374 5292 ὄψομαι
3400 5221 3600 5290 αὐτόν;

2103 5291 2215 5361 (7s)
2257 5291 2394 5345 sua.
2434 5282 2565 5344 v'at.‘
2593 5282 2766 5352 οὗτος.

2106 5357 2217 5431 (79)
2249 5362 2405 5415 Alex.
2454 5361 2684 5431 cod._et
2715 5359 2800 5413 ed.
2847 5357 3057 5431 Compl.
3107 5359 3337 5430 ἕστηκεν
3385 5360 3598 5424 ὀπίσω,

2034 5429 2498 5498 (ιιιιιιιιΙθοιὶοηεηι
2530 5429 2779 5500 habuisse
2821 5430 3033 5484 videtur
3062 5442 3170 5483 vet.
3215 5429 3464 5499 interpr.,
3507 5433 3602 5500 qui

2034 5500 2216 5564 vertit,
2246 5519 2266 5552 ι
2301 5516 2426 5557 ecce
2450 5500 2536 5555 hic
2563 5499 2713 5554 stetit
2744 5510 2863 5567 post
2884 5501 3164 5567 parietem.
3189 5518 3208 5550 ι

2103 5561 2224 5642 (80),
2271 5570 2450 5642 Locus
2484 5561 2802 5642 corruptus.
2846 5561 3173 5642 L'egendunr
3215 5569 3413 5642 τοῖχον·
3446 5561 3606 5642 cling:

2027 5635 2124 5764 ἰὴν
2167 5635 2387 5763 νύμφην
2438 5638 2618 5707 λέγειν
2661 5638 2752 5690 τὸν
2800 5635 2992 5710 νόμον·
3039 5635 3426 5708 καθάπερ“καὶ
3455 5635 3607 5693 ηας..

2061 5728 2118 5764 ος
2137 5751 2152 5764 .
2177 5729 2230 5764 κ.
2254 5729 2303 5764 τ.
2363 5729 2384 5764 .·

2137 5751 2152 5774 ,
2177 5729 2230 5765 κ.
2254 5729 2303 5765 τ.
2332 5729 2384 5766 Α.·

2061 5728 2118 5774 ος
2137 5751 2152 5774 ,
2177 5729 2230 5765 κ.
2254 5729 2303 5765 τ.
2332 5728 2384 5766 Α.·

2107 5782 2218 5853 (sl)
2238 5780 2396 5838 Barb.
2421 5789 2474 5837 et
2507 5794 2657 5837 meus
2685 5779 2772 5834 διὰ
2811 5776 2930 5846 τῆς.
