3986 6128
354 313 420 367 67
465 381 476 390 δ
1488 313 1804 369 PIIILONIS
1842 314 2148 370 EPISCOPI
2187 315 2503 372 CARPASII
3537 323 3604 375 (38

355 425 591 486 eiunitas
635 442 650 481 :
693 425 922 494 primum
960 433 1080 495 post
1105 425 1400 494 parietem;
1429 427 1623 482 deinde
1643 429 1707 483 de
1734 428 1936 496 paricle

2048 429 2258 501 ταύτης,
2298 431 2518 502 ῥυθμός.
2555 431 2778 503 Πρῶτον
2831 433 3005 486 ὀπίσω
3042 433 3135 487 τοῦ
3172 434 3370 505 τοίχου·
3416 435 3605 491 ἔπειτα

356 536 452 591 per
480 519 780 584 fenestras;
818 527 1096 587 postremo
1127 534 1221 588 per
1253 519 1410 573 retia.
1440 517 1506 571 Et
1535 520 1712 588 quoad
1748 521 1929 587 parie-

357 622 463 664 tcm
495 610 704 674 attinet,
738 609 874 664 satis
904 608 1238 663 declaratum
1267 616 1372 675 est,
1401 623 1496 677 per
1529 609 1677 664 illum
1707 610 1930 676 intelligi

356 703 549 772 legem.
590 699 744 765 Quod
767 710 948 755 autem
979 701 1240 769 prospicit
1280 716 1377 769 per
1407 701 1695 766 fenestras,
1728 703 1928 755 dictum

356 804 432 847 est
457 793 508 847 id
529 807 650 847 esse
665 793 731 847 de
755 793 1053 862 prophetis.
1073 792 1539 858 Quemadmodum
1577 794 1720 848 enim
1750 795 1793 847 si
1809 795 1931 862 quis

355 883 645 952 prospiciat
669 898 766 952 per
804 883 1070 938 fenestras
1100 897 1159 938 se
1196 900 1387 939 rursus
1417 883 1701 947 subducit;
1732 885 1811 938 sic
1840 900 1933 954 per

355 974 666 1044 prophetica
723 974 976 1044 dogmata
1021 977 1336 1044 prospexit,
1398 990 1519 1030 cum
1584 991 1680 1042 per
1734 976 1930 1029 Isaiam

356 1066 745 1136 praenuntiatus
771 1075 885 1130 est,
928 1081 1023 1134 per
1051 1063 1347 1120 Jeremiam
1399 1065 1748 1136 praedicatus,
1780 1081 1934 1122 reve-

357 1159 495 1214 latus
527 1174 624 1228 per
653 1159 950 1226 Danielem,
1000 1167 1254 1228 tanquam
1284 1173 1378 1229 per
1412 1160 1677 1214 fenestras
1703 1160 1932 1228 prophe-

359 1261 553 1304 tarum.
601 1249 738 1304 Cum
787 1266 916 1306 vero
957 1265 1138 1306 sermo
1163 1260 1248 1306 est
1297 1251 1362 1306 de
1398 1252 1624 1314 retibus,
1666 1267 1773 1306 non
1819 1251 1930 1320 jam

358 1341 486 1395 dicit
537 1361 556 1393 ε
593 1342 967 1412 prospiciens,
1005 1361 1023 1394 ι
1062 1343 1157 1397 sed
1198 1359 1216 1392 ι
1265 1345 1578 1410 prominens
1611 1343 1860 1411 inspicit.
1908 1359 1926 1393 ι

359 1433 454 1498 Qui
485 1433 625 1486 enim
670 1433 930 1502 prospicit
971 1447 1000 1486 e
1034 1433 1265 1487 fenestra
1299 1434 1458 1488 modo
1489 1449 1545 1488 se
1585 1444 1930 1502 conspectum

358 1526 487 1588 dat,
525 1523 684 1578 modo
731 1539 791 1579 se
829 1524 1109 1591 subducit;
1146 1524 1236 1594 qui
1280 1538 1408 1579 vero
1443 1524 1755 1592 prominens
1802 1539 1931 1593 pro-

358 1616 534 1684 spicit,
591 1629 650 1669 se
694 1614 869 1685 ipsum
927 1624 1096 1672 totum
1140 1615 1391 1670 ostendit.
1443 1614 1720 1684 Tanquam
1774 1616 1934 1684 igitur

358 1723 455 1774 per
481 1708 618 1763 retia
655 1723 717 1764 se
749 1717 921 1764 totum
948 1707 1314 1763 manifestavit
1342 1721 1436 1775 per
1463 1714 1686 1761 sanctos
1713 1715 1930 1776 aposto-

2031 520 2140 574 ἀπὸ
2170 520 2264 574 τοῦ
2290 523 2470 592 τοίχου
2523 522 2610 576 διὰ
2663 524 2769 576 τῶν
2823 524 3069 596 θυρίδων·
3115 520 3231 578 εἶτα
3257 525 3344 579 διὰ
3381 525 3487 578 τῶν
3529 529 3605 580 δι-

2033 609 2232 665 κτύων.
2259 611 2369 663 Καὶ
2385 611 2453 664 τὰ
2484 611 2582 682 μὲν
2609 613 2736 683 περὶ
2769 613 2863 664 τοῦ
2897 613 3101 682 τοίχου,
3131 616 3210 667 ὅτι
3240 615 3366 684 περὶ
3389 614 3484 667 τοῦ
3518 614 3606 667 νό-

2035 719 2133 772 μου
2166 701 2333 770 λέγει,
2369 703 2556 774 σαφῶς
2594 705 2987 760 ἀποδέδεικται·
3021 707 3104 758 ὅτι
3143 707 3199 759 δὲ
3231 708 3325 760 καὶ
3361 704 3606 777 παρακύ-

2032 811 2154 847 πτει
2179 795 2266 848 διά
2299 795 2406 849 τῶν
2455 797 2705 869 θυρίδων,
2734 800 2871 869 ὅπερ
2897 799 3013 852 ἐστὶ
3035 798 3122 851 διὰ
3152 798 3260 851 τῶν
3291 798 3604 869 προφητῶν,

2031 885 2299 941 λέλεκται.
2329 889 2537 960 Ὥσπερ
2566 889 2695 960 γὰρ,
2729 889 2782 942 εί
2805 907 2889 952 τις
2923 890 3294 961 παρακύπτει,
3321 890 3415 942 καὶ
3445 888 3608 941 πάλιν

2031 979 2222 1032 ἑαυτὸν
2258 980 2499 1048 ὑφέλκει·
2529 979 2671 1034 οὕτω
2697 981 2786 1036 διὰ
2811 982 2917 1035 τῶν
2951 981 3303 1054 προφητικῶν
3324 981 3608 1050 δογμάτων

2031 1071 2370 1140 παρέκυπτε,
2393 1072 2482 1125 διὰ
2504 1072 2596 1126 τοῦ
2633 1075 2854 1127 Ἡσαΐου
2879 1074 3374 1146 προφητευόμενος,
3397 1073 3485 1126 διὰ
3513 1071 3607 1127 τοῦ

2042 1162 2304 1233 Ἱερεμίου
2333 1166 2752 1236 κηρυττόμενος,
2783 1165 2869 1218 διὰ
2884 1165 2976 1218 τοῦ
3004 1164 3200 1236 Δανιὴλ
3227 1163 3609 1217 ἀποκαλυπτόα

2035 1269 2212 1323 μενος,
2246 1253 2434 1326 ὥσπερ
2471 1255 2558 1308 διὰ
2585 1255 2841 1326 θυρίδων,
2870 1256 2976 1310 τῶν
2999 1255 3316 1326 προφητῶν.
3354 1255 3476 1307 Ἐπὶ
3499 1254 3610 1306 τῶν

2037 1344 2268 1398 δικτύων
2299 1345 2378 1410 δὲ,
2428 1348 2610 1401 οὐκέτι
2667 1348 2833 1416 λέγει,
2897 1367 2914 1399 ε
2970 1346 3364 1420 παρακύπτων,
3411 1364 3428 1398 ι
3471 1345 3606 1408 ἀλλ’,

2045 1455 2062 1483 ι
2102 1437 2406 1492 ὲκκύπτων.
2451 1458 2469 1489 ›
2516 1439 2575 1493 ’0
2615 1441 2722 1510 γὰρ
2757 1439 3128 1512 παρακύπτων
3177 1438 3286 1508 (82)
3329 1437 3458 1490 ποτὲ
3511 1437 3608 1508 μὲν

2020 1508 2224 1582 ¹ἑαυτὸν
2249 1529 2591 1584 ἀποδεικνύει
2623 1508 2754 1601 (83),
2786 1508 2915 1584 ποτὲ
2947 1531 3002 1582 δὲ
3049 1531 3344 1601 ὑποχωρεῖ·
3378 1531 3406 1583 ὀ
3431 1529 3486 1582 δὲ
3519 1530 3610 1581 ὲκο

2033 1621 2256 1676 κύπτων
2304 1621 2423 1675 ὅλον
2465 1622 2656 1675 ἑαυτὸν
2701 1623 2999 1677 ἐπιδίδωσι.
3036 1623 3246 1691 Ὥσπερ
3263 1617 3354 1674 οὖν
3399 1620 3486 1674 διά
3529 1619 3608 1673 δι-

2037 1713 2237 1788 κτύιων,
2281 1715 2370 1768 διὰ
2422 1713 2530 1767 τῶν
2563 1717 2732 1784 ἁγίων
2776 1715 3108 1778 ἀποστόλων,
3136 1714 3254 1768 ὅλον
3308 1713 3498 1767 ἑαυτὸν
3525 1714 3610 1766 ὲν-

359 1801 456 1855 Ιοε.
487 1801 698 1856 Etenim
743 1801 845 1854 hoc
894 1804 1009 1869 ipso
1046 1799 1185 1868 quod
1223 1798 1512 1867 piscatoria
1553 1798 1800 1852 nominat
1847 1797 1931 1850 in-

2048 1807 2276 1877 εφάνισε.
2301 1809 2410 1861 Καὶ
2436 1808 2545 1880 γὰρ
2568 1809 2636 1861 δι’
2664 1809 2834 1879 αὐτῆς
2853 1810 2953 1877 τῆς
2980 1808 3270 1878 ὀνομασίας
3296 1806 3403 1859 τῶν
3431 1805 3611 1859 ἁλιευο

358 1901 681 1957 stramenta,
717 1892 1054 1946 vocationem
1093 1891 1333 1960 praedicit
1368 1889 1734 1958 apostolorum
1756 1928 1773 1955 ,
1807 1888 1932 1957 qui—

359 1984 457 2038 bus
484 1982 600 2053 ipse
630 1983 762 2036 dicit
793 2000 807 2036 :
839 2001 858 2034 ι
898 1982 1088 2038 Venite
1118 1991 1241 2052 post
1267 1996 1372 2044 me,
1409 1981 1600 2035 faciam
1633 1996 1728 2036 vos
1753 1981 1930 2049 pisca-

359 2084 502 2130 tores
529 2073 808 2129 hominum
846 2093 860 2128 :
909 2075 986 2128 illi
1017 2083 1195 2128 autem
1235 2072 1476 2130 dimissis
1508 2073 1714 2129 retibus
1760 2074 1930 2128 secuti

359 2173 481 2220 sunt
501 2180 623 2219 eum
659 2167 698 2219 ¹.
730 2183 750 2217 ι
781 2165 912 2232 Quae
941 2165 1104 2235 igitur
1123 2171 1449 2233 sequuntur,
1479 2162 1766 2220 manifeste
1789 2166 1933 2234 quod

359 2259 588 2313 diximus
614 2257 1007 2324 declarabunt;
1047 2259 1122 2312 ait
1149 2258 1295 2312 enim
1327 2273 1343 2311 :

431 2406 537 2461 LII.
578 2405 742 2461 Vens.
780 2405 867 2462 I0.
904 2405 1196 2474 Respondet
1232 2406 1502 2474 [rati-uelis
1537 2422 1704 2469 meus,
1735 2417 1780 2458 et
1804 2405 1934 2456 dicit

359 2493 525 2548 mihi:
572 2493 762 2564 Surge,
805 2493 935 2558 veni,
981 2495 1225 2562 proxima
1289 2511 1430 2560 mea,
1501 2494 1722 2565 pulchra
1773 2509 1932 2561 mea,

360 2588 597 2642 columba
633 2605 767 2642 mea.
1807 2654 1810 2656 γ
1902 2639 1906 2644 _

430 2678 564 2734 Nam
595 2693 688 2749 per
727 2679 826 2732 hos
865 2677 1010 2748 ipsos
1040 2687 1256 2733 sanctos
1309 2679 1580 2748 apostolos
1618 2687 1862 2734 vocatam
1903 2690 1934 2730 a

360 2781 698 2836 peccatorum
734 2769 888 2838 lapsu
913 2784 1032 2823 eam
1068 2769 1228 2840 erigit
1259 2770 1443 2826 dicens
1469 2790 1484 2826 :
1530 2791 1548 2822 ι
1575 2771 1767 2839 Surge,
1791 2768 1934 2836 veni,

361 2865 618 2932 pulchra;
651 2877 668 2913 ι
698 2868 752 2914 et
776 2860 1079 2915 columbam
1125 2860 1284 2916 simul
1332 2877 1454 2916 eam
1508 2870 1668 2916 vocat
1712 2869 1935 2930 pr0pter

361 2959 555 3010 donum
600 2952 834 3022 Spiritus
901 2951 1115 3020 sancti,
1149 2961 1204 3007 et
1257 2953 1475 3024 propter
1515 2968 1636 3008 eam
1663 2966 1822 3022 quam
1855 2949 1930 3005 illi

362 3047 618 3119 praecipit,
651 3043 1082 3115 simplicitatem.

466 3261 596 3318 LIII.
630 3259 793 3314 Vens.
828 3257 916 3312 II.
952 3256 1214 3321 Quoniam
1247 3269 1364 3308 ecce
1395 3252 1562 3308 hiems
1593 3253 1830 3307 transiit.

436 3374 672 3429 IIiemem
707 3369 869 3438 igitur
897 3373 1057 3421 vocat
1095 3364 1389 3418 salutarem
1423 3360 1726 3430 passionem
1763 3398 1779 3426 ,
1813 3375 1934 3415 cum

367 3473 735 3537 tempestatem
767 3460 934 3529 .passi
984 3456 1153 3512 Judaei
1188 3457 1243 3510 in
1301 3452 1676 3525 gravissimum
1733 3452 1940 3506 incide-

368 3569 491 3615 runt
535 3554 762 3611 exitium
798 3567 813 3606 :
862 3550 946 3603 vel
982 3550 1146 3604 etiam
1185 3546 1416 3601 hiemem
1468 3552 1629 3598 vocat
1673 3542 1940 3597 idolorum

367 3653 604 3712 cultum,
653 3659 814 3714 quem
866 3644 932 3697 ah
979 3657 1042 3696 ea
1086 3639 1337 3696 removit.
1389 3636 1446 3691 In
1496 3645 1726 3705 utroque
1777 3651 1938 3691 sensu

368 3743 540 3798 hiems
600 3735 837 3792 transiit.
878 3733 1063 3803 Neque
1117 3731 1263 3786 enim
1311 3728 1542 3799 amplius
1579 3736 1810 3783 mortem
1845 3742 1944 3806 ex_-

369 3841 598 3904 spectat,
631 3831 722 3900 qui
758 3827 923 3883 semel
951 3840 1046 3894 pro
1082 3825 1240 3879 nobis
1287 3835 1483 3892 passus
1530 3830 1614 3875 est
1644 3819 1902 3874 Dominus
1928 3859 1944 3884 ,

367 3924 812 3999 quemadmodum
849 3918 1138 3990 Apostolus
1163 3917 1241 3970 ait
1271 3933 1285 3970 :
1317 3933 1336 3966 ι
1368 3913 1511 3968 Mors
1543 3913 1616 3968 illi
1645 3927 1753 3968 non
1799 3912 1940 3966 ultra

370 4016 764 4080 dominabitur;
797 4011 939 4083 quod
991 4012 1136 4065 enim
1164 4014 1409 4062 mortuus
1447 4012 1551 4071 est,
1587 4014 1834 4059 mortuus
1863 4013 1948 4059 est

369 4110 530 4166 semel
559 4115 812 4177 peccato;
837 4104 978 4175 quod
1006 4110 1184 4157 autem
1207 4099 1361 4163 vivit,
1385 4098 1517 4152 vivit
1547 4095 1657 4151 Deo
1684 4099 1727 4152 '.
1754 4113 1774 4148 ι
1795 4095 1945 4162 Quod

369 4213 546 4256 autem
594 4199 766 4254 hiems
815 4208 1001 4252 revera
1057 4181 1394 4261 intelligenda
1446 4190 1518 4244 sit
1563 4188 1745 4259 passio
1776 4227 1791 4252 ,
1827 4187 1949 4242 vide

370 4293 588 4347 Petrum
615 4294 940 4356 tempestate
959 4285 1219 4355 iactatum
1247 4289 1466 4352 propter
1491 4289 1690 4336 metum
1729 4277 1946 4339 Iudaeo-

373 4398 511 4438 rum.
539 4381 642 4436 Sed
664 4381 842 4435 hiems
865 4376 1122 4447 praeteriit
1147 4391 1163 4442 ;
1209 4389 1332 4428 nam
1359 4379 1479 4442 post
1501 4371 1948 4427 resurrectionem

2032 1902 2201 1958 τικῶν
2229 1903 2475 1975 ὀργάνων
2497 1902 2596 1972 τὴν
2627 1902 2733 1956 τῶν
2762 1901 3074 1956 ἀποστόλων
3113 1897 3444 1972 προφητεύει
3482 1898 3612 1968 κλῆ-

2038 2014 2141 2058 σιν,
2171 1990 2251 2058 οἷς
2286 1992 2437 2048 εἶπεν
2464 1996 2645 2058 αύτός·
2683 2015 2700 2046 ι
2737 1995 2898 2047 Δεῦτε
2929 1994 3104 2047 ὀπίσω
3142 2009 3264 2063 μου,
3290 1991 3383 2045 καὶ
3403 1991 3612 2059 ποιήσω

2037 2089 2180 2158 ὑμᾶς
2203 2087 2372 2150 ἁλιεῖς
2397 2087 2720 2157 ἀνθρώπων·
2761 2089 2809 2138 οἱ
2837 2086 2895 2140 δὲ
2929 2087 3154 2154 ἀφέντες
3175 2085 3244 2138 τὰ
3271 2083 3462 2136 δίκτυα
3483 2084 3612 2151 ηκο-

2036 2178 2304 2250 λούθησαν
2331 2178 2498 2249 αύτῷ.
2529 2198 2547 2230 ι
2593 2179 2657 2231 Ἦ
2683 2178 2860 2231 τοίνυν
2899 2177 3187 2231 ἀκολουθία
3217 2177 3280 2229 τὸ
3305 2174 3493 2245 λεχθὲν
3521 2191 3611 2226 σα-

2039 2272 2137 2340 φὲς
2163 2270 2274 2342 (84)
2306 2270 2757 2338 ἀποδείξει·λέγει
2789 2269 2918 2342 γάρ’

2121 2405 2244 2459 NB’.
2286 2406 2376 2459 Στ.
2410 2412 2462 2460 ι’.
2513 2406 2914 2474 Ἀποκρίνεται
2955 2405 3277 2474 ἀδελφιδός
3319 2421 3461 2473 μου,
3516 2402 3612 2456 καὶ

2038 2497 2200 2567 ,λέγει
2224 2516 2344 2568 μοι’
2393 2497 2678 2565 Ἀνάστα,
2726 2497 2885 2564 ἐλθὲ,
2922 2500 2959 2568 τ)
3007 2499 3275 2566 πλησίον
3294 2514 3434 2567 μου,
3459 2495 3612 2563 καλή

2034 2608 2175 2660 μου,
2207 2591 2526 2660 περιστερά
2551 2610 2693 2661 μου.

2105 2683 2182 2735 Δι’
2205 2682 2382 2735 αὐτῶν
2416 2681 2524 2752 γὰρ
2552 2681 2754 2736 τούτων
2783 2681 2891 2735 τῶν
2921 2683 3090 2751 ἁγίων
3123 2681 3435 2736 ἀποστόλων
3466 2677 3630 2732 καλέ-

2043 2789 2139 2835 σας
2175 2772 2362 2841 αὐτὴν,
2405 2771 2684 2842 ἀνίστησιν
2715 2772 2823 2825 ἀπὸ
2859 2772 2953 2824 τοῦ
2991 2772 3278 2841 πτώματος
3301 2771 3406 2822 τῶν
3434 2770 3612 2838 ἁμαρ-

2038 2863 2316 2933 τημάτων,
2351 2860 2544 2929 λέγων·
2591 2879 2610 2912 ι
2655 2861 2902 2926 Ἀνάστα,
2937 2862 3076 2925 ἐλθὲ,
3109 2863 3248 2932 καλή
3277 2879 3290 2892 ³
3326 2880 3344 2912 ι
3379 2860 3494 2930 ἃμα
3524 2858 3616 2912 καὶ

2043 2951 2373 3024 περιστερὰν
2429 2951 2648 3015 καλῶν,
2692 2953 2780 3006 διά
2821 2971 2877 3005 τε
2923 2952 3021 3024 τὴν
3062 2952 3269 3024 δωρεὰν
3319 2952 3411 3004 τοῦ
3459 2951 3619 3018 ἁγίου

2041 3044 2376 3112 Πνεύματος,
2416 3043 2511 3097 καὶ
2566 3044 2632 3096 δι’
2658 3044 2725 3115 ἣν
2758 3045 2969 3098 κελεύει
2999 3045 3142 3116 ἔχειν
3171 3045 3340 3115 αὐτὴν
3369 3044 3624 3114 ἀκεραιό-

1970 3124 2012 3181 C
2043 3152 2201 3206 τητα.

2113 3249 2159 3302 Ν
2167 3249 2239 3302 I".
2265 3249 2387 3303 Ὅτι
2429 3249 2559 3304 ἰδοὺ
2587 3252 2620 3305 ὀ
2647 3249 2868 3319 χειμὼν
2891 3249 3220 3319 παρῆλθεν.

2112 3363 2372 3434 Χειμῶνα
2411 3360 2502 3417 οὖν
2539 3363 2599 3418 τὸ
2642 3365 2906 3435 σωτήριον
2933 3363 3104 3426 πάθος
3135 3363 3308 3427 καλεῖ,
3336 3364 3394 3418 ὲν
3503 3381 3607 3434 χει-

2047 3455 2345 3524 μασθέντες
2362 3457 2412 3508 οἱ
2447 3456 2686 3508 Ἰουδαῖοι
2720 3455 2961 3526 χαλεπὴν
2987 3454 3300 3525 ὑπέστησαν
3326 3454 3616 3509 ἀπώλειαν·

2044 3547 2185 3615 ἤτοι,
2224 3547 2289 3616 ἣν
2316 3547 2596 3617 ἀπήλασεν
2627 3547 2720 3600 ἀπ’
2755 3547 2945 3617 αὐτῆς,
2972 3546 3434 3616 είδωλολατρείαν.
3482 3544 3624 3601 Καθ’

2045 3639 2280 3709 ἑκάτερα
2326 3638 2383 3692 δὲ
2433 3639 2461 3690 ὁ
2503 3637 2710 3710 χειμὼν
2744 3638 3054 3710 παρῆλθεν·
3091 3638 3216 3692 οὕτε
3244 3639 3349 3709 γὰρ
3393 3639 3473 3691 ἔτι
3509 3639 3617 3709 (85)

2045 3731 2270 3785 θάνατον
2318 3732 2594 3804 ἐκδέχεται
2643 3731 2776 3803 (86),
2814 3732 2958 3798 ἅπαξ
3003 3733 3143 3804 ὑπὲρ
3183 3733 3345 3803 ἡμῶν
3375 3731 3561 3785 παθὼν
3588 3733 3616 3784 ὀ

2043 3824 2267 3896 Κύριος·
2319 3823 2394 3886 ὡς
2443 3825 2534 3878 καὶ
2581 3824 2734 3894 ἅγιος
2785 3825 3105 3888 Ἀπόστολος
3132 3820 3273 3878 εἶπε·
3324 3845 3343 3876 1
3384 3825 3618 3890 Θάνατος

2045 3914 2208 3970 αὑτοῦ
2239 3917 2337 3969 ούκ
2362 3916 2441 3970 ἔτι
2501 3915 2779 3988 κυριεύσει
2809 3916 2943 3986 (87)·
2995 3917 3024 3969 ὂ
3052 3916 3160 3987 γὰρ
3189 3915 3477 3978 ἀπέθανεν,
3511 3917 3617 3968 ἁπ-

2046 4007 2236 4062 έθανεν
2279 4010 2363 4077 ἐφ’
2397 4008 2541 4076 ἆπαξ
2574 4012 2638 4081 τῇ
2671 4009 2932 4081 ἁμαρτίᾳο
2965 4007 2994 4061 ὃ
3029 4008 3085 4062 δὲ
3119 4007 3205 4079 ζῇ,
3235 4006 3300 4079 ζῇ
3325 4006 3400 4078 τῷ
3425 4005 3563 4077 Θεῷ.
3593 4025 3614 4058 ο

2049 4100 2168 4153 Ὅτι
2197 4099 2255 4153 δὲ
2289 4099 2398 4170 (88)
2428 4099 2596 4163 ὅντως
2623 4100 2830 4171 χειμὼν
2862 4100 2922 4153 τὸ
2949 4100 3139 4166 πάθος,
3174 4099 3334 4169 βλέπε
3366 4098 3617 4169 χειμαζόο

2051 4205 2208 4260 μενον
2230 4187 2320 4241 τὸν
2344 4188 2546 4258 Πέτρον
2572 4188 2660 4241 διὰ
2690 4190 2782 4241 τὸν
2815 4188 2975 4257 φόϐον
3004 4188 3112 4240 τῶν
3154 4187 3448 4240 Ἰουδαίων⁹
3485 4185 3624 4240 ἀλλὰ
3649 4173 3655 4188 ἵ

2050 4279 2327 4351 παρῆλθεν
2359 4274 2531 4343 οὗτος.
2571 4279 2725 4334 Μετά
2754 4278 2862 4350 γὰρ
2895 4279 2994 4350 τὴν
3019 4279 3311 4332 ἀνάστασιν
3345 4279 3496 4333 εὐδία
3529 4279 3618 4348 γέ-

2049 4389 2204 4441 γονεν
2241 4376 2298 4425 ὲν
2323 4373 2388 4442 τῇ
2425 4372 2765 4444 πληροφορίᾳ
2796 4372 2893 4442 τῆς
2923 4372 3160 4436 πίστεως
3189 4375 3286 4444 τῆς
3317 4370 3408 4424 τοῦ
3445 4371 3618 4425 Μονο-

376 4461 513 4530 facta
552 4481 636 4528 est
673 4470 1033 4540 tranquillitas
1065 4482 1162 4536 per
1198 4465 1412 4535 plenam
1456 4473 1768 4535 certamque
1790 4463 1937 4520 [idem

2051 4463 2240 4533 γενοῦς
2264 4464 2534 4536 θεότητος
2561 4463 2654 4516 καί
2683 4477 2864 4534 φησιν·

375 4565 670 4622 divinitatis
707 4562 1010 4634 Unigeniti;
1047 4568 1103 4615 et
1135 4559 1210 4613 ait
1245 4575 1262 4613 :

445 4755 465 4791 ¹
496 4755 662 4810 Marc.
691 4767 730 4818 I,
770 4752 859 4819 I7,
883 4750 970 4806 I8.
1068 4751 1089 4782 ⁸
1123 4748 1282 4804 Rom.
1321 4763 1396 4813 vt,
1435 4746 1502 4814 9,
1534 4747 1622 4802 I0.

445 4931 559 4999 (8'2)
612 4929 627 4949 '
650 4933 693 4983 Ο
722 4928 831 5000 γὰρ
855 4928 1281 5000 παρακύππῳιί
1304 4925 1576 5000 absunta
1596 4939 1714 5000 meo
1740 4927 1859 4979 cod.
1898 4934 1953 4979 et

387 4995 570 5057 Vallic.
603 4995 741 5068 quae
761 4995 1004 5054 revocavi
1040 5014 1070 5052 a
1101 4999 1221 5068 cod.
1245 4995 1470 5068 Barber.
1498 4996 1578 5048 Ad
1610 4997 1750 5068 hunc
1773 4999 1949 5068 locum

377 5075 541 5144 probe
574 5066 975 5144 intelligendum
1010 5067 1396 5144 constituenda
1423 5066 1750 5144 estpropria
1787 5066 1951 5144 signi-

379 5133 1123 5217 Iicatioverhistupenti-mro.
1163 5135 1438 5217 Aristoph.
1720 5150 1768 5191 v.
1799 5135 1901 5217 981.
1932 5152 1946 5189 :

379 5214 486 5268 Καὶ
517 5211 626 5282 γὰρ
667 5203 870 5282 ἐκεῖναι
913 5208 1265 5282 προκλίνασαι
1304 5203 1404 5282 τῆς
1439 5203 1658 5282 αὐλείας
1695 5205 1946 5282 παρακύ-

377 5275 609 5337 πτουσι·’
650 5279 751 5333 κᾶν
790 5296 873 5342 τις
903 5275 1146 5349 προσέχῃ
1181 5277 1273 5330 τὸν
1307 5275 1430 5349 νοῦν
1463 5275 1690 5349 αὐταῖς,
1731 5275 1943 5349 ἀναχω-

381 5355 539 5434 ροῦσι
562 5368 579 5434 ς
619 5349 740 5421 κᾷτ’
780 5336 870 5418 ἢν*
916 5336 1580 5434 ἀπίης’διταρακύιιπτουσιἶ
1615 5336 1945 5434 _Scholi":ilst.

381 5413 771 5496 ἷιιροκλίναεῇιιι,
803 5413 1237 5490 ’παρανοίξασαιζ
1284 5434 1328 5496 ι.
1352 5413 1485 5468 Nam
1514 5415 1631 5496 illa:
1685 5415 1951 5496 semiada-

381 5484 546 5560 pertis
573 5492 778 5546 furibus
803 5484 1166 5558 prospectant,
1191 5506 1223 5560 is
1246 5484 1332 5539 vel
1367 5503 1384 5534 ι
1404 5485 1644 5560 reclusis
1675 5484 1947 5560 paululum

381 5555 584 5619 forihus
612 5561 697 5615 vix
731 5555 1093 5630 prospectant.
1131 5577 1151 5630 ξ
1190 5558 1280 5611 Est
1332 5556 1474 5608 enim
1528 5555 1906 5630 παρακύπτειν
1933 5591 1950 5617 ,

389 5653 409 5686 ι
438 5649 469 5687 e
494 5624 746 5686 fenestra'
767 5624 996 5698 strictim
1042 5628 1303 5698 aspicere,
1344 5643 1362 5675 ι
1395 5640 1514 5694 quae
1545 5624 1628 5681 est
1661 5627 1834 5681 Cicer.
1870 5624 1950 5680 I0-

382 5704 526 5759 cutio
559 5703 651 5754 Iih.
698 5715 714 5752 ι
757 5699 829 5753 De
863 5697 1036 5762 0rat.,
1075 5697 1123 5752 οἱ
1162 5698 1250 5750 55.

452 5770 563 5834 (85)
606 5769 790 5824 Vallic.
822 5769 1011 5824 (Σιριοτί
1043 5767 1195 5823 codd.
1224 5764 1568 5820 ἐπιδεικνύει.

2126 4923 2239 4994 (84)
2280 4921 2370 4994 _Sic
2393 4935 2528 4994 ipss.
2558 4933 2764 4994 omnes.
2795 4917 3103 4994 Legendum
3139 4927 3312 4972 tamen
3342 4919 3544 4988 σαφῶς,

2125 4987 2238 5061 (85)
2279 4992 2353 5046 Ita
2392 4992 2579 5045 Vallic.
2618 4991 2817 5061 Caeteri
2842 4988 2923 5042 ἔτι
2952 4987 3084 5061 (τοτ’.

2125 5059 2234 5133 (86)
2276 5062 2496 5133 Proprie
2521 5061 2748 5133 θάνατον
2769 5059 2869 5112 οὐκ
2899 5059 3175 5133 ἐκδέχεται
3215 5075 3233 5107 ι
3258 5068 3485 5113 mortem
3518 5073 3623 5112 non

2052 5129 2346 5201 exspectat.
2384 5129 2403 5184 ὀ
2440 5129 2604 5184 Vetus
2649 5131 2918 5201 interpres
2965 5131 3154 5193 habet,
3193 5144 3359 5201 inec
3395 5139 3622 5201 mortem

2054 5198 2324 5270 pro'uobis
2347 5202 2602 5271 suscepit.
2629 5218 2648 5251 ι
2686 5200 2993 5268 Legendum
3025 5217 3044 5250 ι
3064 5199 3360 5271 ευεοίρὶιη
3391 5198 3622 5271 quodin

2053 5268 2316 5341 impressa
2355 5268 2758 5341 typis—editione
2782 5271 3125 5341 emendatum
3155 5270 3426 5341 Oportuit;
3447 5277 3507 5341 et
3535 5268 3622 5320 illa

2051 5339 2199 5412 ᾃπαξ
2257 5339 2597 5412 ὑπὲρὴμῶν
2644 5355 2748 5412 non
2781 5339 3160 5412 coniungenda
3221 5353 3342 5391 cum
3396 5339 3626 5412 θάνατον

2051 5401 2616 5483 ἒκδέᾷεταιίεείῖουιη
2645 5401 2958 5483 παθῶντΕο
2981 5401 3424 5483 versioerrorem
3455 5409 3628 5483 conti-

2053 5495 2144 5538 net
2178 5478 2647 5544 absurdissimum,
2705 5498 2724 5531 α
2744 5480 3016 5534 Christum
3048 5481 3300 5533 nimirum
3341 5495 3438 5549 pro
3470 5478 3627 5532 nobis

2051 5567 2280 5608 mortem
2312 5568 2416 5605 non
2451 5552 2773 5619 Suscepisse.
2817 5570 2837 5602 ι

2129 5624 2240 5692 (87)
2281 5622 2449 5692 Sacer
2481 5617 2658 5674 textus
2685 5621 2869 5692 habet
2909 5618 3172 5690 κυριεύει.
3230 5619 3334 5674 Sed
3383 5617 3626 5684 vulgatus

2061 5689 2328 5757 interpres
2345 5690 2479 5761 legit
2509 5689 2807 5761 κυριεύσει.

2132 5755 2245 5834 (88)
2283 5758 2357 5813 Δέ
2380 5755 2464 5815 est
2489 5773 2553 5814 ex
2583 5755 2700 5816 cod.
2731 5759 2921 5816 Vallic.
2959 5760 3125 5814 Abest
3159 5775 3187 5814 a
3227 5774 3346 5816 meo
3375 5768 3426 5814 et
3459 5755 3623 5813 Barb.
