4038 6134
476 321 535 376 71
1609 312 1929 372 PlllLONlS
1963 311 2266 369 EPISCOPI
2310 310 2537 368 CARPA
2547 310 2631 367 Sll
3659 305 3734 361 72

583 427 718 491 LIX.
771 424 910 483 Vim
957 436 1151 482 nostra:
1178 428 1388 496 ﬁcum,
1422 427 1680 482 dederunt
1714 431 1941 482 odorem.

543 613 949 680 Consequenter
991 611 1172 680 itaque
1197 609 1454 679 deinceps
1500 609 1706 665 vitibus
1750 607 2048 674 ecclesias,

471 717 594 770 qua
623 718 720 770 per
749 702 1050 755 doctrinam
1083 702 1280 754 bonum
1321 700 1440 754 fidei
1479 699 1759 768 proferunt
1781 699 2000 754 odorem
2028 716 2044 765 ;

473 794 578 863 ipsi
611 807 738 846 vero
760 791 1140 862 germinatioui
1162 791 1384 846 odorem
1427 789 1548 844 ﬁdei
1585 790 1874 844 assimilat.

540 973 655 1029 LX.
686 972 853 1042 Surge
871 1015 886 1038 ,
915 974 1050 1037 veni,
1083 973 1320 1040 proxima
1346 987 1483 1026 mea.

545 1064 660 1120 Sibi
714 1065 1014 1132 proximam
1063 1072 1219 1117 vocat
1263 1076 1534 1131 sponsam,
1571 1069 1854 1130 propterea
1893 1055 2039 1126 quod

474 1157 587 1227 ipse
616 1156 683 1210 de
711 1157 864 1211 caelis
901 1155 1212 1220 descendit,
1261 1169 1488 1224 eamque
1515 1168 1610 1225 per
1643 1153 1764 1208 fidei
1820 1153 2052 1222 conjun-

472 1251 704 1304 ctionem
741 1247 1002 1315 implevit.

541 1343 678 1397 LXI.
727 1341 957 1396 Pulchra
1000 1357 1136 1403 mea,
1165 1339 1404 1394 columba
1433 1355 1570 1393 mea.

541 1432 774 1486 Pulchra
812 1442 1031 1502 propter
1060 1432 1479 1501 paenitentiam,
1530 1428 1776 1485 columba
1829 1437 2048 1498 propter

473 1521 899 1588 simplicitatem.

543 1611 700 1665 LXII.
738 1611 898 1666 Vens.
931 1611 1020 1666 H.
1047 1609 1114 1664 Et
1143 1612 1278 1679 ueni,
1304 1620 1358 1666 tu
1392 1611 1633 1666 columba
1659 1627 1794 1676 mea,
1820 1610 1875 1663 in
1909 1608 2049 1663 uela-

474 1714 646 1755 mento
677 1711 859 1770 parte.

2085 433 2128 488 Α
2227 422 2348 477 NG'.
2381 426 2450 477 Al
2471 424 2724 490 ἄμπελοι
2747 420 2914 494 ἡμῶν
2945 421 3021 493 (Ξ)
3048 418 3438 492 κυπρίζουσιν
3463 417 3562 490 (5),
3588 419 3730 474 ἐδω-

2152 531 2268 568 καν
2300 514 2519 582 ὀσμήν.

2244 605 2575 672 Ἀκολούθως
2607 601 2700 658 οὖν
2752 601 2936 656 λοιπὸν
2987 602 3250 673 ἀμπέλοις
3299 601 3398 667 τὰς
3440 599 3730 671 ἐκκλησίας

2151 697 2461 762 ἀπεικάζει,
2499 697 2600 760 τὰς
2627 695 2715 749 διὰ
2741 696 2838 765 τῆς
2865 693 3209 756 διδασκαλίας
3247 692 3343 763 τὴν
3371 694 3467 764 τῆς
3500 693 3731 754 πίστεως

2153 789 2596 861 προδαλλομένας
2629 787 2874 841 εὐωδίαν.
2916 785 3228 856 Κυπρισμῷ
3273 784 3331 836 δὲ
3366 785 3466 854 τῆς
3499 783 3734 846 πίστεως

2151 880 2327 952 ὀσμήν
2359 881 2459 953 (ι).
2767 943 2774 950 ι

2220 974 2294 1026 Ξ’.
2335 971 2613 1037 Ἀνάστα,
2642 969 2804 1032 ἐλθὲ,
2828 966 2868 1034 ἡ
2893 969 3162 1034 πλησίον
3179 985 3319 1036 μου.

2222 1063 2458 1133 Πλησίον
2483 1060 2634 1130 αὐτῷ
2667 1059 2742 1127 (5)
2773 1058 2869 1128 τὴν
2893 1058 3108 1127 νύμφην
3147 1059 3319 1117 καλεῖ,
3350 1056 3437 1110 διὰ
3470 1057 3529 1110 τὺ
3569 1054 3731 1109 αὐτὸν

2149 1153 2571 1224 κατεληλυθέναι
2617 1153 2680 1204 ἐκ
2719 1150 2826 1204 τῶν
2867 1149 3132 1220 οὐρανῶν,
3175 1151 3267 1203 καὶ
3310 1148 3730 1220 πεπληρωκέναι

2147 1246 2318 1316 αὐτὴν
2349 1247 2413 1315 τῇ
2439 1248 2535 1315 τῆς
2560 1245 2795 1306 πίστεως
2822 1242 3106 1312 συναφείᾳ.

2219 1337 2338 1390 EA'.
2376 1334 2546 1401 Καλή
2569 1353 2703 1404 μου,
2730 1331 3049 1401 περιστερά
3066 1349 3208 1401 μου.

2213 1417 2377 1498 ’Καλὴ
2403 1427 2490 1480 διὰ
2528 1428 2626 1499 τὴν
2670 1427 2980 1498 μετάνοιαν,
3029 1421 3326 1496 περιστερὰ
3370 1421 3457 1475 διὰ
3478 1420 3576 1493 τὴν
3608 1421 3709 1476 axe

2151 1519 2437 1592 ραιότητα.

2217 1609 2334 1664 ΞΒ’.
2368 1609 2458 1662 Στ.
2489 1607 2568 1661 ιδ’.
2596 1609 2704 1663 Καὶ
2737 1607 2897 1670 ἐλθὲ,
2931 1606 3014 1662 σὺ
3042 1604 3358 1676 περιστερά
3381 1622 3519 1674 μου,
3559 1603 3632 1657 δι’
3654 1599 3727 1659 οὗ

2145 1700 2218 1754 ἐν
2238 1700 2314 1770 (6)
2341 1699 2540 1768 σκέπῃ
2571 1698 2681 1768 τῆς
2701 1702 2938 1767 πέτρας.

543 1791 660 1860 Ipse
697 1806 928 1861 sponsus
955 1800 1040 1846 est
1079 1789 1200 1859 ejus
1227 1791 1471 1846 velamen
1512 1798 1569 1845 et
1595 1800 1765 1858 petra.
1796 1791 1864 1844 Et
1894 1798 2044 1858 petra

2219 1790 2403 1860 Σκέπη
2443 1790 2498 1842 δὲ
2527 1791 2621 1842 καὶ
2651 1791 2826 1860 πέτρα
2847 1785 3000 1853 οὗτος
3030 1789 3200 1858 αὐτῆς
3229 1791 3257 1842 ὁ
3276 1787 3525 1857 νυμφίος·
3559 1786 3729 1856 πέτρα

473 1885 691 1954 quidem
716 1922 732 1949 ,
764 1884 892 1951 quia
943 1898 1105 1952 super
1135 1897 1194 1936 se
1233 1883 1408 1951 ipsum
1457 1881 1649 1936 statuit
1678 1881 1800 1935 lidei
1847 1879 2045 1934 funda—

475 1987 710 2031 mentum
744 2000 755 2030 ;
789 1977 1032 2030 velamen
1068 1991 1194 2030 vero
1218 2017 1234 2042 ,
1266 1985 1549 2045 prapterea
1583 1974 1728 2044 quod
1773 1989 1893 2028 eam
1922 1987 2047 2043 pro-

474 2078 658 2137 tegens
693 2068 760 2122 ab
807 2068 954 2120 omni
987 2067 1182 2121 liberat
1239 2068 1557 2121 tentatione.

539 2155 722 2211 LXIII.
762 2149 930 2210 Juxta
961 2155 1284 2221 promurale.

539 2249 854 2304 Promurale
902 2249 1069 2319 legem
1107 2257 1282 2302 vocat.
1326 2245 1464 2304 Muri
1513 2247 1660 2302 enim
1704 2255 1830 2301 sunt
1868 2245 2047 2301 Evan-

475 2338 608 2405 gelia
637 2339 790 2408 juxta
841 2339 996 2392 Isaiae
1038 2339 1278 2391 dictum:
1309 2355 1327 2388 ι
1368 2337 1539 2392 Ponet
1587 2352 1796 2391 murum
1834 2345 1890 2391 et
1928 2337 2048 2389 cir-

475 2430 808 2482 cummurale
828 2429 872 2482 ".
909 2447 928 2480 ι
965 2427 1149 2482 Murus
1169 2443 1300 2481 vero
1325 2438 1377 2481 et
1403 2426 1816 2482 circummurale
1843 2426 2050 2495 signiti-

473 2529 566 2574 cat
593 2519 856 2588 duplicem
888 2519 995 2572 vim
1028 2516 1346 2572 defendendi
1366 2527 1582 2570 sanctos
1605 2530 1701 2584 per
1728 2515 1907 2569 divina
1938 2513 2050 2568 elo-

474 2609 623 2677 quia,
654 2623 721 2661 ue
768 2623 798 2660 a
825 2607 964 2660 mala
1007 2607 1176 2660 bestia
1211 2616 1465 2674 petantur
1506 2605 1737 2658 insidiis.
1770 2604 1859 2656 Ait
1886 2603 2048 2671 igitur

475 2701 618 2756 illam
654 2700 947 2766 essejuxta
978 2699 1311 2767 promurale,
1349 2696 1556 2750 scilicet
1581 2695 1878 2764 disciplinae
1915 2694 2050 2762 legis

474 2806 592 2859 qua:
619 2791 773 2857 jubet
805 2808 818 2842 :
855 2805 874 2839 ι
902 2789 1016 2842 Νοιι
1048 2786 1464 2853 mmcltaberis‘,
1489 2805 1508 2839 ι
1530 2796 1584 2841 et
1609 2796 1824 2841 caetera.
1847 2786 2050 2843 Deinde

474 2880 585 2949 ipsa
620 2879 928 2948 respondet,
955 2887 1010 2932 et
1041 2879 1156 2931 ait:

551 3055 734 3111 LXIV.
770 3055 995 3110 Ostende
1026 3057 1154 3110 mihi
1189 3057 1380 3127 {aciem
1411 3066 1555 3112 tuam
1585 3066 1634 3112 et
1660 3058 1895 3112 auditam
1920 3058 2050 3112 mihi

474 3149 561 3219 {ac
603 3164 776 3202 vocem
817 3160 982 3201 tuam.

545 3238 600 3292 ld
637 3250 716 3292 est
753 3255 856 3292 non
897 3237 1068 3292 solum
1101 3252 1196 3306 per
1222 3236 1394 3308 legem
1429 3247 1484 3292 et
1509 3239 1800 3314 prophetas
1829 3239 2049 3309 loquere

475 3329 633 3392 mihi,
672 3331 765 3384 sed
800 3339 967 3384 totum
1018 3330 1149 3384 mihi
1197 3341 1248 3384 te
1280 3332 1538 3398 ostende;
1593 3332 2043 3400 quemadmodum

476 3418 689 3490 Moyses
743 3420 1006 3489 ejusmodi
1049 3427 1242 3489 captus
1291 3419 1578 3488 desiderio,
1604 3423 1769 3476 libere
1795 3438 1917 3476 cum
1947 3423 2052 3477 Do-

476 3511 623 3564 mino
655 3511 972 3578 loquebatur
1014 3511 1204 3566 dicens
1232 3529 1247 3567 :
1285 3531 1306 3563 ι
1344 3512 1581 3568 Ostende
1608 3514 1737 3566 tttihi
1765 3523 1815 3566 te
1838 3514 2010 3581 ipsum
2033 3552 2050 3580 ,

477 3609 536 3654 ut
563 3603 848 3654 manifeste
873 3609 927 3655 te
956 3602 1166 3655 videam
1196 3602 1239 3656 ’.
1270 3620 1289 3654 ι
1315 3604 1512 3658 Verum
1541 3614 1669 3658 tunc
1685 3605 1821 3658 dixit
1843 3604 2010 3676 Moysi
2034 3619 2046 3652 :

485 3710 506 3745 ι
548 3690 739 3746 Nullus
765 3693 855 3761 qui
895 3693 1088 3748 faciem
1137 3710 1310 3748 meam
1352 3695 1580 3759 viderit,
1606 3696 1750 3750 vivet
1775 3695 1842 3751 ¹⁶.
1887 3714 1907 3749 ι
1945 3696 2053 3752 Sed

476 3800 598 3838 cum
625 3799 835 3853 sponsae
861 3800 971 3839 sua:
1017 3785 1179 3855 vellet
1209 3801 1267 3841 se
1303 3787 1656 3856 conspicuum
1687 3789 1816 3842 dare
1840 3827 1856 3853 ,
1882 3787 2054 3842 veluti

478 3876 672 3930 nubem
707 3875 1134 3947 induit'corpus,
1177 3885 1231 3932 et
1263 3879 1361 3932 sub
1381 3894 1445 3933 eo
1477 3893 1536 3933 se
1561 3880 1874 3946 abscondit,
1904 3889 1963 3933 ut
1995 3893 2055 3934 se

478 3968 592 4037 ipse
635 3981 745 4021 sua:
784 3983 996 4037 sponsa:
1036 3969 1432 4026 demonstraret
1480 3985 1577 4040 per
1608 3981 1763 4025 actus
1802 3970 2052 4036 virtutis,

479 4073 576 4128 per
605 4060 914 4129 patientiam
958 4071 1014 4116 et
1037 4061 1427 4128 innocentiam,
1457 4061 1694 4117 formam
1723 4063 1795 4116 illi
1838 4065 2055 4116 tradens

479 4152 565 4220 pie
601 4152 834 4206 vivendi.
880 4151 1174 4223 Propterea
1218 4155 1305 4209 illa
1332 4155 1600 4209 auscultat
1632 4153 1862 4209 dicens:
1902 4171 1923 4206 ι
1954 4154 2054 4209 Os-

482 4243 640 4297 tende
662 4244 794 4298 mihi
825 4243 1018 4298 faciem
1044 4253 1212 4311 luant,
1247 4257 1302 4302 et
1336 4246 1572 4300 auditam
1599 4245 1730 4299 mihi
1760 4243 1845 4300 fac
1865 4259 2050 4300 vocem

482 4343 649 4388 tuam.
709 4352 729 4386 ι
765 4335 1011 4390 Ostendit
1054 4337 1217 4404 igitur
1250 4337 1325 4392 illi
1387 4336 1579 4391 faciem
1615 4351 1767 4391 suam
1797 4376 1813 4401 ,
1848 4351 1969 4390 cum
1997 4335 2050 4389 in

2151 1880 2275 1952 μὲν,
2307 1880 2494 1952 ἐπειδὴ
2523 1880 2608 1932 ἐπ’
2650 1881 2780 1934 αὐτὸ
2820 1881 3038 1952 ἦρεισεν
3077 1881 3176 1950 τῆς
3215 1880 3448 1941 πίστεως
3482 1878 3540 1932 τὸ
3572 1877 3729 1948 θεμέ-

2147 1971 2292 2025 λιον·
2330 1971 2506 2038 σκέπη
2561 1971 2648 2037 δὲ,
2685 1972 2871 2044 ἐπειδὴ
2930 1970 3099 2042 αὐτὴν
3138 1971 3248 2023 ἀπὸ
3297 1970 3496 2034 παντὸς
3543 1969 3729 2042 ῥύεται

2149 2061 2484 2133 πειρασμοῦ.

2219 2151 2336 2205 ΞΓ.
2372 2152 2655 2220 Ἐχόμενα
2681 2148 2787 2202 τοῦ
2821 2149 3342 2219 προτειχίσματος.

2219 2233 2588 2313 Προτείχισμᾶ
2624 2241 2715 2293 τὸν
2753 2239 2915 2309 νόμον
2955 2240 3124 2309 λέγει.
3175 2242 3340 2312 Τείχη
3377 2241 3485 2313 γάρ
3514 2243 3628 2294 ὲστι
3663 2241 3730 2295 τὰ

2150 2331 2476 2401 Εὐαγγέλια,
2508 2330 2648 2384 κατὰ
2672 2329 2768 2401 τὴν
2816 2330 3037 2384 Ἡσαΐου
3071 2333 3274 2402 φωνήν·
3309 2351 3326 2382 ι
3365 2331 3530 2402 Θήσει
3553 2334 3727 2401 τεῖχος

2151 2423 2245 2476 καὶ
2279 2423 2608 2493 περίτειχος.
2650 2440 2669 2473 ι
2710 2420 2897 2492 Τεῖχος
2926 2421 2983 2474 δὲ
3015 2424 3109 2476 καὶ
3143 2422 3449 2494 περίτειχος
3485 2423 3585 2493 (7),
3616 2422 3730 2475 διτο

2150 2515 2219 2586 τὴ
2246 2515 2474 2585 δύναμις
2505 2513 2845 2585 φυλάττουσα
2871 2517 2997 2578 τοὺς
3017 2515 3198 2578 ὁσίους
3221 2516 3310 2568 διὰ
3326 2515 3432 2568 τῶν
3463 2515 3621 2567 θείων
3644 2514 3731 2568 λο-

2150 2605 2285 2674 γίων
2310 2623 2323 2636 ·
2359 2607 2444 2658 ἵνα
2485 2606 2560 2677 μὴ
2604 2607 2668 2659 ὲκ
2713 2606 2806 2659 τοῦ
2852 2606 3086 2677 πονηροῦ
3137 2605 3302 2677 Θηρὸς
3344 2605 3731 2660 ἐπιϐουλεύων-

2151 2711 2263 2750 ται.
2309 2696 2572 2766 Ἐχὸμενα
2599 2695 2728 2765 γοῦν
2759 2697 2914 2750 καλεί
2944 2698 3114 2770 αὐτὴν
3138 2698 3231 2750 τοῦ
3257 2697 3729 2768 προτειχίσματος,

2148 2786 2393 2841 τουτέστι
2432 2787 2507 2856 (8)
2555 2789 2654 2857 τῆς
2695 2788 2790 2842 τοῦ
2824 2789 2985 2859 νόμου
3024 2791 3396 2859 κατηχήσεως,
3432 2787 3727 2857 λεγούσης·

2157 2893 2176 2927 ι
2224 2877 2294 2930 Οὐ
2339 2875 2663 2946 μοιχεύσεις,
2710 2897 2730 2930 ›
2769 2877 2864 2931 καὶ
2911 2877 2979 2930 τὰ
3017 2877 3164 2947 ὲξῆςε
3212 2875 3332 2931 εἶτα
3377 2878 3733 2948 ἀποκρίνεται

2153 2967 2311 3037 αὐτὴ,
2350 2967 2442 3020 καὶ
2475 2965 2644 3034 λέγει·

2223 3053 2336 3107 sx.
2370 3053 2575 3118 Δεῖξόν
2616 3071 2718 3124 μοι
2767 3053 2882 3124 τὴν
2919 3054 3064 3125 ὄψιν
3103 3071 3240 3121 σου,
3271 3057 3369 3112 καὶ
3403 3056 3734 3136 ἁκούτισόν

2145 3163 2246 3216 μοι
2270 3144 2383 3213 τὴν
2407 3143 2616 3214 φωνήν
2641 3161 2777 3198 σου.

2223 3239 2403 3309 Ὅπερ
2433 3237 2571 3299 ἐστὶ,
2606 3236 2680 3308 μὴ
2711 3236 2868 3306 μόνον
2900 3235 2976 3306 (9)
3003 3234 3091 3289 διὰ
3127 3235 3290 3308 νόμου
3322 3237 3414 3290 καὶ
3438 3239 3732 3310 προφητῶν

2154 3347 2246 3400 μοι
2302 3329 2472 3393 λάλει,
2517 3329 2630 3382 ἀλλ’
2669 3329 2788 3382 ὅλον
2829 3329 3023 3383 σαυτὸν
3065 3328 3328 3395 ἑπίδειξόν
3373 3347 3484 3399 μοι·
3534 3332 3609 3394 ὡς
3640 3333 3734 3385 καὶ

2149 3421 2390 3492 Μωῦσῆς
2409 3419 2630 3490 τοιούτῳ
2661 3418 2810 3490 πόθῳ
2843 3418 3088 3488 ληφθεὶς,
3111 3418 3190 3490 τῷ
3215 3421 3399 3491 Κυρίῳ
3429 3422 3734 3494 παῤῥησιά·

2152 3511 2304 3577 ζεται
2336 3511 2526 3578 λέγων·
2561 3527 2579 3559 ι
2617 3508 2797 3574 Δεῖξόν
2833 3525 2924 3578 μοι
2983 3508 3174 3562 σαυτὸν
3215 3510 3492 3579 ἐμφανῶς,
3534 3512 3619 3564 ἵνα
3671 3529 3732 3565 σε

2153 3603 2248 3658 ῑδω
2281 3601 2414 3672 (10)·
2458 3619 2476 3652 ι
2537 3599 2673 3652 ἀλλὰ
2721 3600 2844 3652 τότε
2881 3600 3027 3668 λέγει
3075 3600 3152 3672 τῷ
3193 3603 3435 3656 Μωῦσεῖ·
3478 3622 3498 3655 ‹
3547 3605 3733 3669 Οὐδεὶς

2156 3689 2278 3746 ἰδών
2298 3707 2398 3760 μου
2420 3689 2478 3742 τὸ
2495 3689 2784 3759 πρόσωπον
2807 3689 3028 3758 ζήσεται
3055 3689 3099 3755 (1
3120 3689 3186 3759 l).
3217 3710 3235 3742 ι
3257 3690 3439 3762 Ταύτῃ
3468 3691 3525 3744 δὲ
3560 3693 3734 3763 βουλό-

2156 3799 2316 3855 μενος
2342 3780 2603 3845 ἐπιδεῖξαι
2635 3781 2848 3843 ἑαυτὸν,
2877 3781 3107 3851 νεφέλης
3137 3781 3292 3853 δίκην
3325 3783 3638 3852 ἠμφιάσατο
3674 3784 3734 3838 τὸ

2156 3875 2334 3944 σῶμα,
2376 3873 2471 3927 καὶ
2496 3874 2684 3926 ἑαυτὸν
2709 3873 2945 3944 ἔκρυψεν
2981 3873 3150 3944 αὐτῷ,
3191 3873 3277 3928 ἵνα
3307 3878 3372 3946 τῇ
3408 3875 3512 3947 ἰδίᾳ
3546 3876 3733 3949 νύμφῃ

2153 3969 2300 4040 δείξῃ
2331 3967 2517 4022 ἑαυτὸν
2542 3967 2629 4021 διὰ
2658 3967 2747 4020 τὸν
2773 3968 2972 4038 τρόπον
3002 3968 3101 4037 τῆς
3130 3969 3346 4040 ἀρετῆς,
3373 3969 3459 4021 διὰ
3486 3972 3585 4040 τῆς
3611 3972 3735 4025 ὐπο-

2157 4063 2324 4132 μονῆς
2356 4050 2575 4130 καὶτῆς
2604 4058 2858 4123 ἁκακίας,
2900 4058 2988 4111 τὸν
3027 4057 3193 4112 τύπον
3235 4059 3370 4130 αὐτῇ
3410 4061 3736 4130 παραδιδοὺς

2153 4151 2248 4205 τοῦ
2276 4152 2374 4223 τῆς
2412 4150 2695 4214 εὐσεϐείας
2735 4150 3148 4221 πολιτεύματος.
3201 4148 3292 4204 Διὸ
3331 4153 3589 4206 ἐπακούει
3623 4152 3735 4223 (12)

2156 4243 2292 4314 αὐτὴ
2325 4242 2554 4311 λέγουσα
2575 4258 2588 4271 ’
2614 4263 2632 4294 ι
2655 4242 2834 4306 Δεῖξόν
2864 4259 2953 4312 μοι
2981 4242 3077 4312 τὴν
3106 4241 3224 4311 ὄψιν
3257 4258 3371 4309 σου,
3401 4244 3493 4296 καὶ
3518 4245 3736 4297 ἀκούτι-

2158 4334 2248 4386 σόν
2271 4351 2361 4404 μοι
2388 4333 2487 4405 τὴν
2515 4335 2699 4404 φωνήν
2733 4350 2848 4386 σου.
2894 4353 2913 4385 ι
2963 4331 3200 4396 Ἔδειξεν
3223 4328 3315 4386 οὖν
3338 4334 3473 4405 αὐτῇ
3498 4333 3594 4404 τὴν
3614 4334 3736 4403 ὄψιν

482 4433 637 4478 utero
661 4425 892 4492 deipara:
933 4426 1166 4497 Virginis
1201 4439 1441 4498 gestatus
1482 4439 1600 4495 est;
1637 4438 1692 4481 et
1717 4427 1953 4480 auditam
1979 4425 2050 4480 illi

2158 4424 2342 4508 αὐτοῦ,
2365 4424 2585 4495 κυηθεὶς
2607 4424 2694 4478 διὰ
2717 4424 2817 4494 τῆς
2836 4423 3097 4477 Θεοτόκου
3127 4424 3235 4494 (l3)
3263 4425 3476 4495 Μαρίας
3492 4440 3504 4452 ’
3531 4425 3735 4495 καὶτῆς

480 4517 608 4572 fecit
637 4533 820 4574 vocem
855 4534 1029 4586 suam,
1057 4535 1181 4575 cum
1205 4522 1436 4577 docebat
1471 4521 1524 4576 in
1551 4529 1734 4576 monte
1759 4517 1977 4586 Oliveti,
2000 4530 2050 4575 et

2162 4515 2344 4585 φωνῆς
2361 4514 2524 4568 αὐτοῦ
2541 4513 2827 4585 ὴκούτισεν
2848 4514 3038 4585 αὐτὴν,
3051 4514 3312 4568 διδάσκων
3331 4517 3387 4567 ὲν
3413 4514 3490 4586 τῷ
3505 4514 3616 4585 δρει
3635 4513 3731 4567 τοῦ

551 4677 571 4708 ⁷
603 4676 705 4729 lsa.
739 4691 888 4741 xxvi,
917 4677 967 4729 l.
1051 4676 1072 4709 ³
1105 4677 1280 4734 Exod.
1313 4695 1417 4748 xx,
1463 4681 1553 4737 14.
1627 4682 1649 4714 ⁸
1677 4679 1849 4737 Exod.
1890 4692 2050 4734 xxxtn

2153 4677 2221 4731 l5.
2301 4676 2344 4710 ¹⁰
2371 4676 2500 4733 ibid.
2532 4675 2623 4731 ΞΟ.

558 4833 634 4906 (2)
681 4831 791 4908 Vox
831 4835 989 4908 ἡμῶν
1039 4836 1093 4890 in
1142 4837 1286 4892 nulla
1329 4839 1463 4894 edit.
1522 4845 1765 4908 apparet,
1807 4850 1910 4900 nec
1937 4849 2057 4890 eam

485 4905 729 4975 agt’toscjt
758 4905 911 4960 vetus
949 4907 1234 4975 interpres.

557 4976 634 5048 (5)
682 4973 799 5048 Yet.
833 4976 1057 5048 interpr.
1085 4973 1275 5043 legisse
1299 4978 1509 5033 videtur
1524 4974 1912 5048 κυπρίζουσαι,
1940 4986 2059 5043 quae

484 5055 567 5098 est
607 5046 767 5098 lectio
793 5047 924 5098 edit.
960 5048 1233 5113 Complut.
1484 5105 1486 5108 ,

485 5182 527 5238 G
557 5113 796 5236 (υοέῗι.
831 5117 1053 5183 interpr.
1094 5111 1339 5185 quaedam
1372 5114 1541 5180 addit,
1579 5127 1701 5184 quae
1725 5127 1830 5169 non
1856 5111 2060 5168 habent

537 5200 577 5236 r.
607 5200 634 5235 c
712 5207 726 5236 ι
748 5223 763 5236 .

537 5200 577 5236 Γ.
607 5199 703 5236 (‘00
712 5199 763 5236 tl.

558 5253 634 5327 (ξ)
675 5253 871 5327 Mutavi
905 5255 1073 5327 αὐτήν
1106 5255 1156 5308 in
1187 5253 1354 5326 αὐτῷ.

559 5320 754 5396 (6)(Δι’
781 5320 875 5380 οὗ.
910 5327 990 5379 Ab
1025 5320 1317 5396 impressis
1337 5323 1586 5379 omnibus
1617 5321 1893 5396 codicibus
1923 5320 2061 5375 bene

491 5395 571 5447 ba:
628 5395 746 5447 dua:
796 5399 996 5449 voculae
1027 5393 1255 5465 alt—sunt.
1310 5396 1415 5449 Eas
1465 5409 1570 5448 non
1620 5393 1865 5462 agnoscit
1909 5403 2061 5447 vetus

489 5467 710 5531 interpr.
753 5475 807 5516 et
839 5466 1090 5518 delendas
1115 5468 1387 5520 existimo.

559 5530 644 5606 (ἶ)
689 5531 886 5606 Τεῖχος
915 5534 983 5589 δὲ
1021 5536 1117 5589 καὶ
1154 5537 1487 5606 περιτειχος
1516 5534 1760 5589 revocavi
1817 5547 1848 5586 e
1895 5530 2050 5586 codd.

487 5601 647 5658 Barb.
684 5614 739 5657 et
778 5601 966 5662 Vallic.

561 5673 636 5811 (8)
679 5675 956 5730 Τουτέστι
981 5676 1187 5731 restitui
1215 5690 1279 5730 ex
1309 5675 1470 5731 Barb.
1501 5684 1556 5729 et
1581 5671 1834 5729 Vallicell.

561 5746 616 5811 (9
680 5740 845 5803 Vclttl
871 5746 1090 5811 interpr.
1128 5761 1230 5802 non
1267 5747 1451 5801 habuit
1487 5747 1540 5799 in
1583 5759 1680 5800 suo
1709 5743 1830 5800 cod.

560 5740 636 5814 (9)
680 5740 845 5803 Vetus
871 5746 1090 5818 interpr.
1128 5761 1230 5802 non
1267 5747 1451 5801 habuit
1487 5747 1540 5799 in
1583 5759 1680 5800 suo
1709 5743 1830 5800 cod.
1861 5756 2046 5798 vocem

2166 4833 2346 4904 μόνον.
2388 4832 2564 4888 Vertit
2592 4833 2737 4887 enim
2773 4851 2786 4887 :
2821 4853 2840 4886 ι
2865 4832 2980 4904 Ηοο
3018 4840 3121 4894 est,
3169 4847 3266 4904 per
3301 4833 3471 4902 legem
3515 4842 3571 4888 et
3603 4849 3731 4903 pro-

2165 4903 2354 4972 phetas
2417 4919 2524 4959 nou
2582 4905 2714 4957 mihi
2775 4903 3071 4974 loquaris»
3109 4903 3268 4972 Atqui
3327 4919 3432 4956 non
3488 4906 3735 4970 repudiat

2164 4988 2381 5040 sponsa,
2416 4985 2474 5026 ut
2501 4989 2684 5028 secum
2717 4989 2943 5040 sponsus
2971 4974 3219 5041 loquatur
3247 4987 3341 5042 per
3373 4988 3465 5027 ora
3500 4975 3734 5040 promte-

2166 5053 2364 5106 tarum,
2392 5045 2484 5097 sed
2511 5045 2584 5097 ait
2617 5062 2628 5096 :
2663 5063 2681 5095 ι
2710 5043 2825 5098 Non
2856 5045 3027 5099 solum
3065 5059 3162 5114 per
3203 5043 3396 5112 legem,
3430 5046 3524 5098 sed
3558 5053 3731 5098 totum

2168 5121 2220 5168 te
2252 5115 2378 5167 mihi
2409 5115 2651 5168 ostende.
2685 5131 2705 5165 ι

2240 5184 2381 5256 (10)-
2417 5185 2553 5256 Ειίὶῐ.
2585 5181 2732 5256 ᾼΥιιι.
2795 5183 2959 5241 habet
3007 5182 3308 5256 ἐμφάνισον
3360 5199 3450 5252 μοι
3506 5181 3729 5236 σεαυτὸν

2167 5253 2442 5322 γνωστῶς,
2475 5255 2560 5306 ἵνα
2585 5252 2678 5306 ἴδω
2704 5271 2784 5309 σε.

2238 5323 2347 5397 (11)
2409 5323 2544 5397 Εόίι.
2603 5324 2730 5397 Vat.
2762 5324 2889 5397 :_0t’t
2927 5323 3037 5397 γὰρ
3087 5324 3161 5395 μὴ
3213 5323 3300 5396 ἴδῃ
3347 5321 3631 5393 ἄνθρωπος
3673 5321 3736 5375 τὺ

2166 5394 2455 5464 πρόσωπρν
2486 5409 2612 5463 μου,
2651 5396 2745 5448 καὶ
2776 5393 3022 5464 ζήσεταιζ

2204 5463 2344 5548 ,(12)
2385 5463 2477 5518 Sic
2522 5463 2941 5519 emendandum.
3003 5463 3152 5518 Meus
3201 5471 3255 5518 et
3308 5463 3467 5518 Barb.
3532 5463 3735 5519 habent

2158 5549 2293 5585 αυττι
2302 5571 2317 5585 .

2383 5601 2456 5656 De
2481 5602 2571 5656 B.‘
2601 5602 2818 5670 Virgine
2863 5604 3092 5658 notanda
3140 5605 3253 5661 haec
3294 5619 3394 5659 vox
3431 5621 3442 5656 :
3475 5613 3530 5659 et
3569 5603 3729 5673 digna

2157 5686 2277 5742 qua:
2321 5674 2567 5740 legantur
2617 5687 2681 5728 ea
2727 5687 2848 5742 qua:
2897 5676 2963 5727 ad
3014 5676 3068 5729 h.
3122 5674 3157 5729 Ι.
3212 5676 3488 5730 adnotavit
3539 5674 3731 5732 doctus

2156 5741 2332 5796 editor
2373 5741 2566 5796 veteris
2601 5741 3080 5813 interpretationis.
