3986 6128
495 433 558 486 75'
1617 425 1939 482 PIIILONIS
1978 423 2284 482 EPISCOPI
2325 424 2550 480 CARPA
2561 426 2645 482 SII
3673 432 3739 483 76

570 545 751 601 LXIX.
791 543 892 609 Qut
935 543 1100 613 pascit
1132 544 1266 597 inter
1294 541 1430 596 tilia.

560 641 614 692 Id
651 645 753 703 est,
787 635 839 689 iu
882 633 1231 706 piisjustitize
1274 630 1636 688 sermonibus.

557 816 717 870 LXX.
768 814 928 869 Vens.
971 815 1058 867 I7.
1103 812 1278 867 Donec
1325 813 1518 881 aspirct
1556 811 1679 872 dies,
1719 819 1766 862 et
1819 824 2061 864 movean-

486 928 569 966 tur
597 913 816 966 unabrcv.

560 1004 672 1058 Hoc
693 1013 795 1068 est,
832 1002 948 1057 dies
987 999 1200 1072 iudicii,
1238 1012 1370 1052 cum
1429 996 1623 1052 Pastor
1651 996 1826 1051 bonus
1863 997 2005 1053 dicet
2041 1016 2054 1052 :

365 1121 383 1136 ε
493 1114 512 1147 ι
556 1095 768 1161 Venite,
810 1093 1081 1150 benedicti
1117 1091 1294 1146 Patris
1343 1089 1470 1154 mei,
1516 1089 1774 1160 percipite
1810 1098 2056 1160 paratum

489 1190 639 1244 vobis
677 1203 896 1257 regnum
925 1184 1365 1240 a-constitutione
1396 1181 1575 1238 mundi
1599 1182 1664 1249 ³³;
1707 1202 1727 1234 ι
1758 1189 1813 1236 et
1845 1198 1858 1235 :
1889 1198 1909 1233 ι
1950 1182 2058 1235 Do-

486 1295 584 1335 nec
610 1280 808 1348 aspiret
835 1279 966 1342 dies,
999 1286 1052 1332 et
1077 1286 1394 1330 moveantur
1418 1275 1642 1329 umbrae.
1680 1293 1700 1326 ι
1739 1277 1876 1329 Cum
1908 1275 2054 1328 enim

488 1371 803 1441 aspiraverit
848 1369 935 1424 illa
979 1369 1095 1424 dies
1125 1368 1333 1437 iudicii,
1383 1377 1494 1421 tum
1540 1367 1899 1421 movebuntur
1933 1380 2054 1418 um-

484 1461 742 1527 braa,-hoc
767 1470 849 1515 est
877 1459 1057 1514 saeculi
1100 1458 1258 1528 huius
1288 1456 1674 1526 occupationes
1695 1464 1752 1511 et
1789 1455 2053 1512 sollicitu-

485 1555 660 1620 dines,
691 1566 810 1623 quae
841 1549 1073 1620 injustas
1097 1550 1348 1604 actiones
1390 1548 1662 1618 ingerunt.

550 1824 734 1880 LXXI.
780 1823 1071 1886 Revertere,
1108 1819 1294 1875 similis
1325 1827 1432 1873 esto
1479 1826 1554 1883 tu,
1587 1815 1856 1887 fratruelis
1882 1829 2046 1880 meus,

2095 545 2141 602 Α
2238 537 2356 593 ΞΘ’.
2403 539 2466 592 '0
2496 539 2826 621 ποιμαίνων
2856 540 2926 594 ἐν
2958 541 3080 608 τοῖς
3109 543 3352 612 κρίνοις.

2243 629 2418 700 Ὅπερ
2467 630 2642 694 ἐστὶν,
2696 633 2809 694 τοῖς
2852 632 3098 686 εὐσεϐέσι
3132 635 3230 704 τῆς
3271 634 3612 709 δικαιοσύνης
3646 637 3741 694 λύ-

2166 737 2303 788 γοις.

2234 813 2308 865 0'.
2347 812 2437 866 Στ.
2490 811 2576 876 ιζ’.
2613 813 2765 880 ’Ἕως
2803 809 2875 870 οὗ
2919 814 3247 888 διαπνεύσῃ
3292 820 3333 890 ἠ
3374 821 3598 890 ἡμέρα,
3642 820 3742 876 καὶ

2164 903 2490 972 κινήθῶσιν
2518 908 2579 959 al
2607 907 2794 960 σκιαί.

2231 999 2517 1053 Τουτέστιν
2551 1001 2585 1070 ἡ
2613 1001 2712 1070 τῆς
2738 1001 2992 1070 κρίσεως,
3019 1000 3075 1053 ὲν
3169 1003 3196 1055 ὁ
3227 1001 3390 1064 καλδς
3414 1003 3626 1074 Ποιμὴν
3655 1002 3744 1059 λέ-

2160 1107 2245 1160 γει
2269 1108 2283 1122 ο
2315 1110 2334 1142 ι
2370 1090 2556 1157 Δεῦτε,
2579 1093 2628 1146 οἱ
2659 1092 3010 1163 εὐλογημένοι
3032 1092 3125 1146 τοῦ
3153 1093 3363 1165 Πατρός
3395 1111 3519 1165 μου,
3545 1097 3747 1169 κληρο-

2158 1183 2429 1255 νομήσατε
2457 1184 2556 1253 τὴν
2585 1185 2992 1256 ἡτοιμασμένην
3025 1185 3153 1255 ὑμῖν
3185 1185 3464 1255 βασιλείαν
3495 1187 3602 1241 ἀπὸ
3637 1205 3741 1243 κα-

2156 1273 2390 1343 ταδολῆς
2418 1273 2630 1345 κόσμου
2651 1313 2666 1340 ,
2703 1293 2722 1326 ι
2763 1277 2857 1328 καὶ
2887 1275 2955 1329 τά
2981 1275 3127 1347 ἑξῆς.
3167 1294 3185 1327 ι
3231 1276 3374 1340 Ἕως
3401 1271 3462 1353 οὑ
3492 1279 3524 1348 ὴ
3556 1279 3740 1350 ἡμέρα

2155 1366 2486 1439 διαπνεύσῃ,
2539 1367 2635 1421 καὶ
2687 1367 2983 1438 »ειν-τιθῶσιν
3024 1369 3080 1422 αί
3131 1368 3297 1422 σκιαί.
3348 1389 3368 1420 ι
3409 1368 3577 1424 Ὅταν
3629 1371 3742 1444 γάρ

2155 1457 2335 1524 ἐκείνη
2365 1461 2397 1529 ἡ
2436 1459 2619 1530 ήμέρα
2650 1457 2966 1513 διαπνεύσει
2995 1459 3096 1531 τῆς
3123 1459 3388 1530 κρίσεως,
3422 1460 3544 1514 τότε
3579 1479 3739 1534 κινη-

2155 1549 2410 1621 θήσονται
2443 1551 2499 1604 ai
2535 1551 2705 1615 σκιαὶ,
2737 1552 3036 1616 τουτέστιν,
3082 1554 3138 1604 αἱ
3177 1550 3273 1604 τοῦ
3306 1552 3501 1616 αἰῶνος
3542 1553 3737 1608 τούτου

2154 1643 2528 1712 πραγματεῖαι
2579 1641 2674 1694 καὶ
2727 1641 3042 1713 φροντίδες,
3092 1640 3193 1705 τὰς
3239 1641 3458 1707 ἀδίκους
3497 1645 3737 1700 ἀποϐάλ-

2153 1731 2244 1786 λου
2253 1750 2302 1785 σι
2335 1732 2444 1803 (25)
2479 1731 2727 1802 πράξεις.

2223 1824 2345 1880 OA'.
2387 1825 2791 1893 Ἀπόστρεψον
2821 1823 2957 1893 (24),
2985 1823 3295 1894 ὀμοιώθητι
3321 1825 3423 1891 σὺ,
3451 1826 3737 1898 ἀδελφιδέ

479 1917 705 1972 damula:
762 1913 1084 1982 [tinnulaque
1129 1926 1412 1966 cervorum
1465 1911 1533 1965 ad
1589 1918 1787 1964 montes
1841 1905 2045 1961 conval-

2167 1934 2289 1982 uov,
2315 1914 2394 1981 τῷ
2415 1914 2664 1983 δόρκωνι
2684 1915 2723 1984 ἣ
2753 1913 2939 1984 νεϐρῷ
2966 1915 3208 1986 ἐλάφων
3233 1917 3333 1971 ἐπὶ
3371 1917 3442 1972 τὰ
3475 1917 3582 1988 ὄρη
3611 1937 3734 1974 κοι-

478 2011 627 2065 lium.

547 2105 838 2158 Revertere
883 2099 1037 2168 mihi,
1088 2097 1184 2164 ait,
1218 2112 1248 2153 ο
1297 2095 1605 2152 Judtcorum
1649 2094 1932 2166 Synagoga
1977 2092 2047 2148 ad

476 2202 693 2263 gentes;
727 2193 801 2246 iiii
831 2193 976 2247 enim
1018 2190 1270 2245 salutaris
1300 2190 1564 2245 doctrinae
1607 2187 2040 2258 praedicationem

475 2301 580 2341 non
629 2283 948 2352 suscipiunt.
986 2283 1278 2337 Revertere
1305 2281 1372 2334 ad
1409 2287 1616 2349 gentes,
1651 2275 1843 2332 similis
1871 2274 2047 2330 factus

475 2391 681 2446 capreae
709 2376 792 2430 vel
820 2373 1048 2428 hinnulo
1077 2386 1364 2428 cervorum
1400 2371 1562 2426 celeri
1606 2369 1727 2424 tidei
1755 2383 1940 2432 cursu,
1979 2367 2046 2420 ad

472 2483 664 2524 omnes
707 2467 842 2522 ﬁnes
885 2477 1040 2522 terrae
1087 2479 1316 2521 currens
1354 2463 1613 2533 speciosis
1652 2461 1876 2532 pedibus
1913 2474 2044 2530 apo-

473 2561 756 2628 stolorum,
799 2560 864 2614 de
902 2558 1101 2629 quibus
1143 2556 1408 2610 Dominus
1445 2553 1582 2610 dixit
1621 2553 1674 2608 in
1714 2551 2042 2619 Scriptura-:

477 2671 496 2704 ι
530 2653 702 2719 Quam
725 2651 951 2720 speciosi
982 2649 1142 2720 pedes
1165 2645 1649 2716 evangelizantium
1675 2644 1812 2699 bona
1829 2641 1907 2696 “t
1933 2661 1952 2693 ι
1975 2669 2046 2682 -

474 2762 494 2796 ι
531 2743 612 2797 Ad
641 2751 851 2797 montes
885 2739 1236 2804 convallium,
1273 2757 1295 2791 ι
1328 2753 1449 2807 qum
1479 2745 1604 2792 sunt
1631 2735 1899 2805 justorum
1937 2734 2046 2789 ani-

471 2850 572 2889 ma:
597 2850 613 2888 :
652 2842 708 2889 et
741 2841 952 2888 montes
978 2831 1216 2900 quidem,
1247 2839 1532 2899 propterea
1560 2828 1702 2898 quod
1736 2827 2043 2897 superemi-

471 2934 600 2980 nent
636 2924 834 2979 virtute
873 2922 1130 2991 iustitiae;
1177 2939 1195 2972 ι
1236 2921 1506 2975 convalles
1549 2939 1566 2971 ι
1619 2933 1766 2986 vero,
1805 2917 1929 2986 quia
1963 2919 2045 2971 in-

467 3029 582 3071 star
634 3016 954 3072 convallium
1000 3015 1439 3086 pradicationem
1491 3013 1612 3068 tidei
1658 3009 1961 3081 suscipiunt
1988 3019 2043 3066 et

468 3109 722 3164 retinent.

1110 3281 1261 3337 CAP.
1318 3279 1406 3336 Ill.

538 3377 747 3435 LXXII.
789 3375 956 3432 Vens.
996 3375 1048 3432 l.
1087 3372 1153 3428 In
1189 3372 1350 3427 cubili
1385 3389 1496 3427 meo
1539 3373 1592 3427 in
1625 3374 1861 3429 noctibus
1897 3390 2042 3444 qua:-

464 3474 561 3529 sivi
585 3488 732 3543 quem
760 3469 948 3522 dilexit
969 3467 1146 3520 anima
1167 3482 1317 3530 mea;
1348 3465 1563 3535 quwsivi
1589 3481 1732 3534 eum,
1755 3477 1801 3520 et
1829 3482 1930 3520 non
1953 3467 2006 3520 in
2025 3495 2038 3507 -

465 3566 752 3628 unicum;
781 3560 956 3615 vocavi
980 3574 1120 3624 eum,
1152 3568 1199 3612 et
1225 3575 1325 3612 non
1351 3558 1550 3612 audivit
1585 3573 1684 3611 me.
1731 3611 1735 3615 .

537 3739 671 3794 Cum
697 3737 841 3792 enim
874 3734 1110 3807 peccatis
1137 3735 1457 3812 praegravati
1499 3735 1797 3791 dormimus
1820 3755 1838 3790 ι
1867 3737 1918 3792 in
1941 3753 2040 3793 no-

465 3831 642 3884 ctibus
663 3847 682 3880 ι
711 3827 784 3898 (id
812 3835 914 3891 est,
942 3828 998 3881 in
1028 3826 1304 3882 sceleratis
1339 3827 1742 3898 lenebrosisque
1799 3828 2043 3898 volupta-

2147 2008 2454 2079 λωμάτων.

2231 2100 2596 2172 Ἀπόστρεψον
2625 2099 2772 2170 ἐμοὶ,
2801 2099 2975 2168 λέγει,
3002 2097 3111 2152 ἀπὸ
3141 2098 3240 2170 τῆς
3294 2099 3564 2154 Ἰουδαίων
3603 2103 3734 2156 Συν-

2149 2194 2370 2264 αγωγῆς
2409 2193 2502 2248 ἐπὶ
2535 2192 2603 2247 τά
2637 2191 2795 2263 Εθνη·
2833 2193 3133 2264 ἐπειδήπερ
3168 2194 3364 2246 ἐκεῖνοι
3393 2193 3453 2245 οὐ
3492 2193 3730 2264 παραδέ-

2145 2299 2331 2352 χονται
2364 2282 2425 2336 τὸ
2452 2283 2712 2353 κήρυγμα
2741 2281 2840 2352 τῆς
2870 2283 3140 2352 σωτηρίου
3170 2281 3540 2346 διδασκαλίας.
3576 2283 3735 2336 ’Λπό-

2149 2371 2377 2444 στρεψον
2405 2371 2499 2424 ἐπὶ
2531 2371 2601 2425 τὰ
2633 2371 3170 2446 ἔθνη,-ὁμοιούμενος
3206 2371 3284 2442 τῷ
3319 2372 3548 2444 δόρκωνι
3581 2372 3615 2445 ἢ
3642 2390 3730 2428 νε-

2147 2460 2262 2532 ϐρῷ
2298 2461 2407 2515 τῶν
2450 2461 2664 2530 ἐλάφων
2704 2463 2770 2532 τῇ
2821 2459 3038 2531 ὀξύτητι
3088 2460 3184 2514 καὶ
3231 2461 3310 2531 τῷ
3343 2463 3443 2532 τῆς
3489 2463 3732 2525 πίστεως

2144 2552 2347 2624 δρόμῳ,
2379 2552 2473 2606 ἐπὶ
2503 2554 2680 2606 πάντα
2704 2553 2772 2605 τὰ
2801 2552 3014 2623 πέρατα
3040 2552 3138 2622 τῆς
3163 2553 3489 2624 οἰκουμένης
3514 2553 3730 2625 διατρέ-

2144 2661 2254 2715 χων
2283 2647 2340 2699 ὲν
2370 2643 2591 2716 ὡραίοις
2625 2645 2752 2697 ποσὶ
2775 2643 2882 2698 τῶν
2917 2643 3253 2707 ἀποστόλων,
3280 2643 3408 2713 περὶ
3446 2637 3521 2696 ὧν
3552 2646 3580 2698 ὁ
3608 2643 3729 2696 Κύ-

2148 2754 2262 2810 ριος
2281 2736 2502 2807 είρηκεν
2528 2739 2586 2791 ὲν
2612 2740 2676 2808 τῇ
2699 2738 2888 2808 Γραφῇ
2907 2750 2921 2765 ·
2957 2754 2975 2787 ι
3019 2736 3108 2799 Ὦς
3137 2735 3327 2806 ὡραῖοι
3353 2738 3400 2788 οἱ
3430 2735 3588 2797 πόδες
3617 2735 3729 2787 τῶν

2144 2828 2643 2899 εὐαγγελιζομένων
2667 2829 2736 2882 τὰ
2761 2827 2990 2894 ἀγαθά.»
3015 2858 3085 2867 -
3104 2847 3122 2880 ι
3146 2827 3268 2880 Ἐπὶ
3301 2827 3367 2881 τὰ
3400 2827 3498 2898 ὅρη
3536 2827 3732 2879 κοιλω-

2146 2921 2350 2993 μάτων,
2392 2938 2410 2972 ι
2447 2920 2502 2974 αἳ
2529 2919 2636 2973 τῶν
2662 2919 2885 2972 δικαίων
2915 2917 3019 2970 eici.
3047 2917 3246 2986 ψυχαί·
3281 2917 3380 2989 ὅρη
3420 2919 3516 2986 μὲν
3548 2916 3638 2970 διὰ
3667 2917 3731 2970 τὸ

2143 3013 2428 3085 ὑπερέχειν
2459 3013 2525 3083 τῇ
2560 3011 2660 3082 τῆς
2691 3009 3030 3082 δικαιοσύνης
3068 3011 3270 3080 ἀρετῇ·
3309 3027 3328 3061 ι
3358 3009 3675 3080 κοιλώματα
3701 3027 3723 3062 ι

2140 3104 2196 3158 δὲ
2220 3103 2306 3157 διὰ
2332 3102 2394 3156 τὸ
2418 3102 2772 3173 κοιλωμάτων
2799 3101 2952 3173 δίκην
2973 3101 3222 3172 δέχεσθαι
3253 3102 3346 3155 καὶ
3380 3100 3632 3172 κατέχειν
3661 3101 3726 3154 τὸ

2144 3195 2243 3266 τῆς
2273 3195 2508 3258 πίστεως
2535 3195 2819 3266 κήρυγμα.
3440 3190 3446 3198 ’

2809 3286 2966 3339 ΚΕΦ.
3005 3283 3080 3338 Γ’.

2214 3378 2331 3434 ΟΒ¹.
2371 3379 2461 3432 Στ.
2499 3384 2568 3432 α’.
2611 3377 2741 3431 Ἐπὶ
2774 3378 2983 3446 κοίτην
3009 3393 3128 3446 μου
3163 3375 3232 3430 ἐν
3259 3375 3438 3440 νυξὶν
3468 3373 3727 3444 ἐζήτησα

2145 3470 2217 3524 ὃν
2257 3469 2577 3539 ἠγάπησεν
2618 3469 2656 3536 ἡ
2688 3467 2856 3537 ψυχή
2893 3485 3045 3538 μου·
3089 3467 3349 3537 ἐζήτησα
3387 3469 3592 3534 αὐτὸν,
3625 3469 3725 3522 καὶ

2143 3564 2256 3631 οὐχ
2301 3557 2483 3629 εὗρον
2511 3562 2727 3614 αὐτόν’
2763 3559 3029 3614 ἐκάλεσα
3077 3559 3300 3626 αὐτὸν,
3328 3561 3428 3614 καί
3467 3561 3580 3629 οὐχ
3619 3561 3726 3614 ὐπ-

2142 3650 2373 3723 ήκουσέ
2405 3668 2546 3722 μου.

2215 3745 2384 3798 Ὅταν
2419 3743 2529 3814 γὰρ
2573 3745 2694 3806 ταῖς
2724 3742 3024 3815 ἁμαρτίαις
3063 3741 3425 3815 βεϐαρυμένοι
3466 3739 3724 3796 καθεύδο-

2145 3854 2242 3907 μεν
2279 3838 2336 3889 ὲν
2368 3836 2514 3902 νυξὶν
2547 3835 2566 3908 (
2592 3837 2728 3906 ὅπερ
2771 3837 2918 3890 ἐστὶν
2969 3838 3026 3888 ἐν
3053 3839 3164 3899 τοῖς
3209 3839 3424 3908 μιαροῖς
3455 3835 3564 3888 τῶν
3596 3851 3723 3888 σκο-

467 3922 612 3976 tibus
643 3919 975 3988 nefariisque
1023 3918 1283 3987 peccatis,
1315 3917 1653 3976 Christianos
1697 3920 1905 3976 scilicet
1945 3935 2041 3976 nos

2167 3924 2328 3977 εεινῶν
2357 3923 2557 3995 ἡδονῶν
2586 3925 2680 3978 καὶ
2713 3923 2985 3993 ἀθεμίτων
3019 3925 3427 3996 ἁμαρτημάτων
3452 3925 3718 3996 ἀναστρε-

464 4025 584 4068 esse
622 4011 1044 4080 existimamus).
1086 4018 1213 4066 tunc
1248 4028 1268 4063 ι
1310 4010 1362 4064 in
1401 4010 1645 4067 noctibus
1671 4031 1690 4064 ι
1726 4029 1849 4068 eum
1892 4027 2040 4081 qua:-

2167 4017 2398 4088 ιὸμενοι,
2433 4013 2831 4087 Χριστιανίξειν
2882 4015 3041 4087 δῆθεν
3090 4014 3206 4087 [25]
3250 4012 3539 4086 νομίζομεν
3570 4015 3628 4084 ),
3661 4013 3722 4068 τὸ

466 4110 668 4167 rentes,
699 4099 972 4171 diligimus
1000 4099 1228 4155 scilicet.
1269 4098 1390 4170 Ipse
1425 4101 1569 4155 enim
1610 4103 1784 4156 dicit:
1829 4120 1847 4154 ι
1882 4103 2042 4169 Quaa-

2167 4108 2434 4176 ἠνικαῦτα
2457 4126 2474 4159 ι
2499 4108 2556 4159 ὲν
2571 4107 2688 4173 νυξὶ
2709 4126 2727 4159 ι
2753 4105 3074 4178 ζητούμενοι
3093 4106 3250 4177 δῆθεν
3265 4107 3565 4177 ἀπάγωμεν
3581 4105 3720 4176 (26).

464 4194 569 4249 rite
611 4192 805 4258 Deum,
835 4201 890 4247 et
914 4192 966 4246 in
1005 4192 1326 4249 inveniendo
1348 4207 1470 4248 enm
1509 4193 1785 4262 invocate;
1819 4204 1874 4250 et
1900 4204 2040 4265 post-

2167 4198 2308 4262 ιύτὺς
2337 4197 2444 4268 γὰρ
2466 4199 2683 4270 εἴρηκε·
2721 4217 2740 4249 ι
2773 4200 3054 4269 Ζητήσατε
3086 4197 3177 4251 τὸν
3213 4197 3343 4250 Θεὸν
3379 4197 3514 4267 (27),
3544 4198 3638 4251 καὶ
3661 4199 3720 4250 ἐν

465 4300 627 4354 quam
664 4283 819 4340 vobis
871 4284 1410 4355 appropinquaverit,
1468 4285 1804 4357 derelinquat
1842 4287 2039 4360 impius

2239 4289 2512 4360 εὑρίσκειν
2545 4288 2656 4360 (28)
2682 4289 3095 4344 ὲπικαλέσασθε.
3150 4290 3341 4345 Ἡνίκα
3363 4289 3407 4343 δ’
3435 4288 3499 4342 ἂν
3524 4289 3721 4362 ἐγγίζῃ

461 4377 580 4429 vias
630 4390 758 4430 suas
789 4413 806 4438 ,
851 4386 906 4429 et
953 4376 1037 4429 vir
1087 4376 1301 4446 iniquus
1370 4376 1728 4447 cogitationes
1779 4393 1927 4445 suas,
1983 4388 2040 4434 et

2167 4383 2304 4450 ιμῖν,
2340 4380 2687 4435 ἀπολειπέτω
2727 4383 2756 4434 ὁ
2802 4381 3006 4452 ἀσεϐὴς
3042 4380 3142 4444 τὰς
3187 4380 3338 4443 ὁδοὺς
3381 4378 3581 4443 αὑτοῦ,
3622 4381 3718 4432 καὶ

462 4473 809 4520 convertatur
834 4464 899 4518 ad
942 4463 1250 4533 Dominum,
1277 4476 1332 4521 et
1379 4467 1805 4523 misericordiam
1847 4483 2040 4524 conse-

2167 4472 2277 4544 ινὴρ
2315 4473 2514 4543 ἄνομος
2553 4474 2652 4537 τὰς
2685 4472 2878 4543 βουλὰς
2927 4473 3094 4527 αὑτοῦ
3117 4490 3129 4502 ·
3180 4473 3273 4526 καὶ
3328 4473 3719 4544 ἐπιστραφήτω

460 4562 656 4622 quetur
699 4554 766 4608 ”.
807 4572 827 4605 ι
863 4553 1012 4608 Illum
1045 4554 1210 4626 igitur
1256 4556 1300 4610 si
1350 4556 1418 4610 ad
1461 4556 1606 4610 hunc
1638 4559 1857 4613 modum
1889 4574 2034 4630 qua:-

2167 4565 2274 4636 πρὸς
2306 4563 2542 4637 Κύριον,
2573 4565 2666 4618 καὶ
2705 4563 3080 4640 ὲλεηθήσεται.
3122 4584 3140 4616 ι
3183 4563 3307 4617 Ἐὰν
3343 4563 3516 4628 οὕτως
3549 4561 3720 4637 ζητή-

462 4643 734 4708 sierimus,
763 4652 891 4698 tunc
923 4659 1022 4698 nos
1043 4645 1314 4699 exaudiet.
1349 4644 1404 4699 Si
1433 4661 1580 4710 vero,
1612 4663 1734 4702 cum
1759 4648 1812 4702 in
1840 4663 2032 4717 pecca-

2167 4671 2320 4725 ’ωμεν
2367 4654 2562 4719 αὑτὸν,
2601 4655 2722 4706 τότε
2773 4654 2931 4725 ἡμῶν
2981 4653 3305 4708 ὲπακούσεν
3363 4655 3459 4708 ἐὰν
3507 4654 3566 4707 δὲ
3622 4653 3718 4707 ἐπὶ

463 4743 639 4788 torum
672 4733 838 4790 cubili
881 4749 1089 4800 sumus,
1139 4744 1203 4790 et'
1233 4735 1286 4789 in
1319 4737 1568 4792 noctibus
1603 4753 1631 4791 a
1660 4739 1897 4808 peccatis
1938 4741 2028 4795 ob-

2167 4747 2325 4818 ιοίτην
2353 4746 2460 4800 τῶν
2491 4747 2903 4818 ἁμαρτημάτων
2931 4739 3104 4814 ὄντες,
3132 4749 3226 4801 καὶ
3255 4749 3312 4801 ὲν
3343 4749 3498 4800 νυκτὶ
3531 4765 3717 4800 σκοτι-

467 4826 671 4881 scnrati
712 4826 863 4881 illum
890 4826 1203 4894 quaerimus,
1245 4841 1350 4880 non
1391 4826 1729 4890 invenimus;
1762 4845 1954 4900 neque,
1985 4833 2030 4886 si

2167 4837 2354 4906 ’όμενοι
2384 4836 2492 4890 ἀπὺ
2520 4838 2628 4890 τῶν
2654 4837 2936 4908 ἁμαρτιῶν
2969 4835 3238 4908 ζητοῦμεν
3277 4838 3458 4900 αὐτὸν,
3493 4837 3591 4908 οὐχ
3633 4839 3718 4891 εὑ-

458 4915 539 4969 sic
563 4931 686 4970 eum
733 4915 1066 4980 invocemus,
1117 4916 1206 4971 ille
1253 4930 1353 4970 nos
1399 4917 1637 4972 exaudit.
1678 4919 1972 4990 Propterea
2009 4940 2023 4976 :

2167 4929 2399 4999 ιίσκομεν
2417 4947 2431 4962 ο
2457 4930 2587 4996 οὐδ’,
2618 4929 2684 4983 ἂν
2710 4929 2882 4992 οὑτως
2909 4929 3180 5000 καλοῦμεν
3212 4931 3396 4994 αὑτὸν,
3429 4930 3712 4986 ἐπακούει.

469 5025 484 5056 ι
527 5007 800 5076 Nunquid.
887 5007 1100 5077 inquit,
1176 5023 1282 5063 non
1336 5009 1480 5064 valet
1556 5024 1746 5066 manus
1817 5011 2030 5067 Domini

2167 5019 2230 5072 ιιὸ
2257 5019 2430 5088 λέγει·
2474 5040 2492 5072 ι
2541 5021 2632 5093 Μὴ
2659 5021 2759 5074 οὑκ
2801 5021 2974 5090 ἰσχύει
3016 5022 3196 5094 ὴχεὶρ
3227 5023 3433 5095 Κυρίου
3481 5022 3576 5076 τοῦ
3610 5023 3717 5076 σῶ-

458 5097 639 5154 salvos
667 5098 845 5155 facere
868 5099 958 5154 “?
999 5101 1240 5170 nunquid
1282 5117 1386 5156 non
1434 5112 1609 5171 potest
1639 5103 1887 5172 eripere?
1920 5104 2027 5160 Sed

2167 5113 2264 5177 ταις
2301 5109 2334 5180 ἢ
2360 5112 2460 5166 οὐκ
2492 5113 2663 5182 ἰσχύει
2689 5112 2782 5168 τοῦ
2817 5111 3132 5179 ligat-566m;
3177 5113 3337 5168 Ἀλλά
3363 5113 3430 5168 τὰ
3457 5114 3716 5186 ἁμαρτή-

527 5299 572 5330 ²³
612 5298 800 5355 Matth.
837 5315 964 5365 xxv,
998 5301 1086 5356 ⁸54.
1164 5303 1208 5333 ³³
1238 5302 1396 5361 Rom.
1449 5320 1502 5370 κ,
1536 5304 1622 5360 15.
1698 5306 1744 5337 ’⁵
1785 5306 1885 5362 Isa.
1937 5325 2024 5377 ιν,

2167 5311 2211 5364 7.
2289 5310 2335 5343 ³⁸
2369 5310 2470 5365 Isa.
2503 5327 2552 5374 L,
2598 5311 2654 5364 ἐξ.

524 5497 638 5568 (25)
676 5495 980 5568 Legendum
1012 5508 1139 5565 puto
1173 5497 1586 5562 ἐπιϐάλλουσαι.

523 5566 1002 5642 (24)_Ilunc_vers_.
1038 5569 1086 5621 in
1119 5584 1238 5624 meo
1272 5581 1327 5623 et
1355 5569 1517 5626 Barb.
1550 5572 2022 5642 corruptissimum

452 5634 662 5692 restitui
691 5652 757 5690 ex
792 5636 920 5690 edit.
958 5634 1074 5692 Vat.

2129 5506 2458 5584 xivﬁoxt‘bat
2497 5508 2680 5580 ζητεῖν
2715 5509 2870 5573 Θεὸν,
2901 5511 2998 5583 οὐχ
3027 5513 3374 5584 εὑρίσκουσιν
3406 5515 3588 5571 αὐτόν.

2137 5647 2149 5660 .
2198 5578 2310 5659 ('26)
2360 5578 2662 5648 Legendum
2723 5578 2977 5638 omnino.
3010 5578 3332 5656 ζητούμενοι
3401 5586 3582 5658 δῆθεν,
3651 5587 3716 5658 ὃν

521 5663 662 5692 ουιυι
691 5663 757 5690 (τι
792 5663 920 5690 υυιι.
966 5663 1074 5692 τίη.

521 5705 635 5790 (ἓξ)
673 5705 884 5790 Δῆρεν.
911 5706 1182 5790 Panic-ala
1220 5708 1373 5790 cujus
1405 5726 1533 5790 usus
1559 5711 1610 5790 in
1643 5712 1924 5790 ironia‘Lut
1952 5716 2020 5790 _in

2167 5664 2446 5717 γαπωμεν.
2761 5702 2765 5705 .

2191 5717 2307 5790 (27)
2349 5716 2441 5772 Sic
2500 5719 2662 5774 etiam
2721 5721 2840 5776 cod.
2905 5722 3061 5779 Alex.
3132 5725 3309 5782 Editio
3377 5725 3552 5784 Vatic.
3618 5724 3714 5784 τὸν

453 5767 556 5856 not:
584 5767 720 5856 loco.
740 5767 807 5830 ἰιι
841 5787 1029 5856 catena
1056 5767 1418 5856 Meursii'pag.
1461 5782 1550 5856 δὲ,
1573 5782 1731 5856 lin.)
1761 5801 1774 5838 :
1802 5767 1865 5856 ῥί
1904 5767 2020 5856 γάρ

2191 5767 2304 5799 Γ,
2360 5767 2439 5772 ___
2506 5767 2662 5774 ---πη
2724 5767 2840 5776 η...
2905 5767 3061 5779 .-.-...
3132 5767 3321 5793 μνη...
3393 5767 3552 5784 ...ι-ι.

2167 5803 2345 5855 .υριον.

449 5848 509 5901 ἐν
543 5846 736 5918 σκότῳ,
769 5848 918 5918 φησὶ,
943 5848 1037 5902 καὶ
1065 5849 1271 5914 κοίταις
1297 5846 1635 5921 ἁμαρτωλῶν
1663 5846 2014 5923 βιοτεύοντεξ,
2193 5846 2304 5927 (Ξὸ)
2345 5857 2486 5916 Ειίίι.
2525 5858 2644 5913 Vat.
2691 5863 2746 5914 ἐν
2781 5861 2857 5934 τῷ
2883 5863 3155 5936 εὑρίσκειν
3187 5865 3369 5921 αὐτόν.
