4038 6134
405 395 466 454 Π
1321 397 1725 455 ENARRATIO
1766 400 1833 456 IN
1869 400 2225 457 CANTICUM
2265 399 2749 475 (ΖΑΝΤΙΟΟῐῖυΜη
3589 393 3662 449 78

404 526 546 584 ματα
587 507 744 579 ὑμῶν
779 506 1051 565 διεστῶσιν
1090 510 1362 581 ἀναμέσον
1402 512 1512 581 (29)
1553 511 1708 582 ὑμῶν
1746 512 1840 565 καὶ
1875 512 1975 565 αύ-

2084 524 2305 582 peccata
2357 523 2537 568 vestra
2585 521 2839 581 separant
2894 512 3033 568 inter
3080 525 3175 567 vos
3220 522 3273 567 et
3306 512 3480 583 ipsum
3520 514 3590 569 ⁸⁷.
3632 534 3655 570 υ

406 600 509 654 τοῦ.
538 619 558 651 ι
583 598 682 652 Διὰ
708 597 888 663 τοῦτο,
924 618 940 650 ι
980 599 1221 671 ἐζήτησα
1245 601 1425 666 αὑτὸν,
1470 602 1565 654 καὶ
1611 602 1709 672 οὐχ
1736 594 1912 673 εὗρον.
1950 620 1969 653 ι

468 713 589 768 UI".
635 713 727 766 Στ.
762 710 826 782 β’.
873 710 1318 782 Ἀναστήσομαι
1349 712 1426 782 δὴ
1461 713 1559 767 καί
1594 713 1886 768 κυκλώσω
1906 712 1979 791 ἐν

401 803 473 873 τῇ
499 806 692 867 πόλει,
727 804 797 857 ἐν
824 802 952 870 ταῖς
972 803 1217 873 ἀγοραῖς
1246 804 1343 858 καί
1371 806 1443 859 ἐν
1474 805 1603 871 ταῖς
1632 809 1976 875 πλατείαις,

403 897 496 950 καὶ
521 895 755 965 ζητήσω
783 894 856 949 ὃν
882 894 1202 965 ἠγάπησεν
1234 898 1273 964 ἡ
1320 896 1485 967 ψυχή
1515 915 1634 967 μου
1656 914 1669 928 ·
1718 897 1979 968 ἐζήτησα

400 987 601 1052 αὐτὸν,
640 988 741 1041 καὶ
780 988 895 1057 οὐχ
928 982 1110 1054 εὗρον
1135 986 1341 1040 αὐτόν.

372 1099 381 1122 ο
464 1080 600 1133 Οὐδὲ
641 1078 737 1132 νῦν
777 1077 926 1147 λέγει
964 1077 1257 1148 εὑρηκέναι
1304 1077 1497 1131 αὐτόν·
1545 1078 1639 1132 καὶ
1676 1079 1979 1152 ἀναστησο-

399 1169 535 1240 μένη
572 1166 708 1238 (30),
741 1166 818 1230 ὼς
856 1167 1050 1230 εἰπεῖν,
1078 1165 1175 1218 καὶ
1211 1165 1278 1218 δι’
1308 1166 1475 1238 εύχῆς
1504 1168 1640 1240 πρὸς
1682 1169 1844 1222 αὑτὸν
1878 1187 1977 1223 πο-

397 1260 671 1335 ρευθεῖσα.
714 1259 826 1314 Kal.
869 1257 958 1313 διὰ
986 1257 1039 1311 τί
1083 1257 1245 1311 πάλιν
1284 1258 1384 1330 οὐχ
1438 1250 1597 1330 εὗρεν
1642 1260 1825 1326 αὑτὸν,
1880 1260 1979 1333 τὴν

393 1353 579 1406 αἰτίαν
609 1353 666 1404 ὲν
693 1352 875 1414 αὐτοῖς
907 1349 1101 1421 μηνύει
1129 1351 1242 1412 τοῖς
1268 1349 1616 1420 γράμμασιν,
1650 1369 1667 1402 ι
1719 1351 1981 1423 Ἀναστή-

396 1461 584 1515 σομαι,
626 1462 645 1494 ι
691 1442 948 1510 λέγουσα,
994 1460 1012 1493 ι
1053 1442 1148 1496 καὶ
1191 1439 1458 1494 κυκλώσω
1490 1442 1548 1495 ὲν
1581 1443 1647 1513 τῇ
1696 1441 1877 1505 πόλει,
1922 1444 1980 1495 ὲν

391 1536 513 1597 ταῖς
542 1534 769 1605 ἀγοραῖς
795 1532 891 1585 καὶ
917 1532 974 1584 ὲν
1002 1532 1121 1594 ταῖς
1151 1529 1432 1594 πλατείαις
1453 1547 1466 1560 ο
1504 1549 1522 1582 ι
1561 1531 1698 1602 ὅπερ
1724 1531 1890 1598 ἐστὶν,
1922 1533 1981 1584 ἐν

391 1628 515 1690 ταῖς
543 1624 637 1678 τού
684 1623 802 1694 βίου
869 1622 1305 1695 πραγματείαις,
1361 1622 1459 1675 καὶ
1498 1622 1555 1675 ὲν
1601 1621 1829 1693 πλατείᾳ
1873 1622 1980 1677 ἀπ-

403 1717 614 1789 αγούσῃ
646 1717 727 1779 είς
753 1715 851 1786 τὴν
871 1713 1163 1769 ἀπώλειαν.
1187 1714 1278 1766 Διό
1299 1728 1430 1782 φησι
1461 1710 1534 1782 μὴ
1561 1711 1847 1782 εὑρηκέναι
1882 1712 1981 1766 αύ-

391 1810 505 1863 τόν.
551 1826 568 1859 ι
619 1807 789 1879 Στενὴ
822 1805 998 1877 γὰρὴ
1048 1804 1213 1876 πύλη,
1263 1802 1359 1858 καὶ
1401 1801 1737 1873 τεθλιμμένη
1774 1802 1808 1873 ή
1839 1801 1976 1867 ὁδὸς,

395 1902 431 1972 ἡ
460 1899 746 1966 ἀπάγουσα
784 1899 864 1960 εἰς
891 1896 987 1967 τὴν
1013 1895 1177 1966 ζωήν.
1217 1913 1235 1947 ι

468 1990 587 2043 υΔ’.
622 1991 713 2042 Στ.
753 1994 823 2057 γ’.
860 1984 1141 2055 Εὕροσάν
1183 2002 1260 2056 με
1297 1988 1352 2039 οἱ
1388 1984 1733 2053 τηροῦντες,
1775 1986 1830 2038 οί
1876 2001 1982 2038 κυ-

391 2082 688 2146 κλοῦντες
718 2080 788 2134 ἐν
816 2077 890 2148 τῇ
924 2078 1097 2132 πόλει
1117 2093 1130 2107 °
1172 2076 1269 2146 Μὴ
1297 2076 1370 2131 ὃν
1393 2075 1714 2148 ἠγάπησεν
1742 2076 1780 2144 ἡ
1808 2075 1978 2147 ψυχή

386 2192 532 2245 μου,
574 2172 759 2234 were;

466 2264 784 2337 Τηροῦντας
822 2264 916 2318 καὶ
951 2262 1284 2328 κυκλοῦντας
1334 2263 1393 2317 ὲν
1444 2264 1510 2335 τῇ
1556 2262 1707 2317 πόλει
1753 2264 1877 2326 τοὺς
1907 2260 1983 2315 δι-

391 2358 585 2421 καίους
606 2356 773 2425 λέγει,
806 2358 933 2419 τοὺς
965 2355 1263 2428 τηροῦντας
1292 2353 1387 2427 τὴν
1417 2354 1635 2425 ἐντολήν
1656 2371 1669 2384 ·
1716 2356 1841 2419 τοὺς
1884 2371 1982 2407 κυ-

391 2448 656 2512 κλοῦντας
692 2449 751 2500 ὲν
797 2450 863 2520 τῇ
913 2448 1243 2519 Ἐκκλησίᾳ,
1279 2448 1405 2511 τοὺς
1453 2446 1642 2516 ἁγίους
1694 2446 1982 2518 προφήτας

393 2543 494 2595 καὶ
522 2539 873 2603 ἀποστόλους.
902 2534 1028 2592 Οἷον
1058 2538 1190 2611 φέρε
1213 2539 1408 2604 εἰπεῖν,
1431 2538 1631 2592 ὁπόταν
1660 2535 1983 2609 ἁμαρτωλὸς

392 2632 696 2700 διαλέγοιτο
723 2631 858 2701 πρὸς
888 2630 1116 2694 δίκαιον,
1149 2629 1244 2683 καὶ
1268 2628 1418 2699 λέγει
1451 2625 1598 2699 αύτῷ
1619 2645 1632 2659 ο
1673 2627 1771 2680 Διὰ
1802 2626 1856 2680 τί
1884 2626 1983 2680 ούκ

394 2722 672 2777 είσακούει
714 2740 812 2794 μου
845 2724 873 2775 ὁ
909 2722 1205 2791 Δεσπότης,
1239 2720 1334 2774 καὶ
1374 2720 1484 2792 (51)
1513 2719 1749 2792 ὀρθρίζω
1779 2720 1857 2782 είς
1882 2719 1981 2790 τὴν

394 2812 716 2885 ἐκκλησίαν,
746 2814 841 2866 καὶ
886 2812 1124 2883 πένητας
1161 2809 1297 2864 ἐλεῶ
1337 2810 1448 2883 (52)
1474 2828 1489 2878 ;
1519 2811 1637 2865 Κᾶν
1675 2827 1735 2863 τε
1786 2808 1981 2881 μικρὸν

395 2903 601 2974 ἀγαθὸν
638 2905 869 2977 ποιήσῃ,
905 2905 1083 2957 ὲκεῖνο
1130 2902 1351 2974 βλέπει,
1389 2904 1483 2957 καὶ
1518 2903 1581 2956 τὸ
1624 2901 1824 2974 πλῆθος
1866 2900 1979 2955 τῶν

395 2995 811 3067 ἁμαρτημάτων
859 2994 920 3047 οὑ
969 2988 1347 3067 προσποιεῖται
1393 2993 1632 3064 βλέπειν.
1683 2994 1775 3046 Διό
1815 3008 1980 3064 φησιν

406 3066 667 3149 Ἡσαΐας·
708 3102 728 3135 ‹
771 3084 865 3155 Μὴ
901 3066 1000 3137 οὐκ
1042 3083 1215 3154 ἰσχύει
1255 3086 1288 3154 ή
1339 3085 1459 3157 χεὶρ
1492 3083 1696 3157 Κυρίου
1734 3082 1826 3137 τοῦ
1870 3082 1979 3136 σῶ-

395 3195 524 3243 σαι;
568 3178 602 3250 ἢ
632 3178 735 3231 οὐκ
776 3175 948 3247 ἰσχύει
973 3175 1067 3229 τοῦ
1097 3175 1412 3242 ὲξελέσθαις
1454 3176 1614 3259 una
1634 3175 1705 3229 τὰ
1731 3175 1982 3247 ἁμαρτὴ-

2016 1898 2068 1953 Β

2084 603 2392 673 Propterea,
2425 622 2443 655 ι
2483 605 2703 674 quaesivi
2738 618 2883 671 eum,
2919 612 2973 658 et
3018 617 3124 657 non
3160 602 3358 657 inveni.
3392 622 3410 656 ι

2155 713 2382 770 LXXIII.
2424 714 2586 769 Vsus.
2635 714 2690 769 2.
2747 713 2973 784 Surgam
3022 730 3181 778 nunc,
3225 722 3273 767 et
3319 714 3548 769 circuibo
3606 717 3661 769 in

2083 806 2312 874 civitate,
2365 807 2419 859 in
2470 805 2605 874 foris
2658 805 2799 863 etin
2857 804 3078 872 plateis;
3134 813 3180 857 et
3225 820 3459 872 quwram
3510 821 3661 872 quem

2085 900 2265 954 dilexit
2289 901 2469 954 anima
2500 914 2644 963 mea;
2677 898 2889 969 φαιιεὶτί
2919 913 3059 962 eum,
3092 907 3138 951 et
3173 914 3274 952 non
3311 897 3481 951 inveni
3515 914 3657 951 eum.

2157 1072 2236 1129 Ne
2264 1087 2407 1128 nunc
2462 1073 2676 1143 quidem
2711 1073 2785 1127 ait
2818 1088 2877 1128 se
2920 1073 3065 1127 illum
3117 1072 3416 1136 invenisse,
3448 1082 3662 1129 etiamst

2087 1166 2473 1231 exsurrexerit,
2528 1176 2586 1221 ιιι
2612 1167 2691 1226 ita
2722 1166 2924 1230 dicam,
2964 1177 3017 1221 et
3047 1181 3144 1237 per
3183 1166 3549 1235 precationem
3595 1164 3663 1218 ad

2089 1256 2260 1326 ipsum
2290 1254 2526 1324 profecta
2566 1254 2656 1310 sil.
2708 1255 2817 1310 Cur
2846 1263 3025 1310 autem
3082 1270 3273 1310 rursus
3296 1270 3419 1308 eum
3452 1270 3555 1309 non
3589 1257 3665 1308 in-

2088 1347 2319 1413 venerit,
2353 1362 2572 1401 causam
2613 1347 2848 1401 ostendit
2880 1347 2930 1401 in
2981 1334 3172 1401 iisdem
3212 1346 3434 1402 verbis:
3472 1365 3493 1399 ι
3530 1345 3665 1400 Sur-

2087 1453 2230 1507 gam,
2277 1456 2297 1490 ι
2325 1438 2424 1503 ait,
2452 1455 2471 1489 ι
2510 1445 2566 1493 et
2603 1437 2843 1492 circnibo
2874 1438 2928 1494 in
2964 1438 3207 1501 civitate,
3254 1438 3305 1492 in
3365 1437 3497 1493 foris
3531 1445 3585 1491 et
3610 1438 3663 1492 in

2089 1528 2311 1598 plateis;
2349 1546 2367 1579 ι
2408 1527 2459 1582 id
2502 1537 2605 1591 est,
2639 1528 2779 1582 inter
2812 1527 2997 1582 mundi
3037 1528 3271 1598 negotia,
3301 1535 3357 1583 et
3391 1529 3443 1582 in
3488 1527 3662 1596 platea

2088 1636 2206 1691 qua:
2232 1620 2382 1676 ducit
2419 1619 2487 1675 ad
2522 1619 2900 1689 perditionem.
2935 1617 3226 1689 PrOpterea
3259 1619 3409 1685 dicit,
3442 1633 3499 1675 se
3539 1633 3662 1674 cum

2089 1728 2194 1765 non
2228 1711 2500 1767 invenisse
2531 1730 2544 1766 :
2583 1730 2602 1762 ι
2640 1710 2879 1779 Angusta
2913 1710 3058 1765 enim
3097 1719 3270 1771 porta.
3316 1719 3370 1766 et
3405 1719 3555 1767 arcta
3579 1709 3662 1764 via

2088 1815 2207 1873 quae
2240 1801 2388 1858 ducit
2417 1799 2483 1856 ad
2509 1801 2676 1856 vitam
2703 1799 2768 1853 ’⁸.
2800 1817 2819 1853 ι

2152 1976 2389 2037 LXXIV.
2433 1977 2600 2034 Vsus.
2637 1978 2690 2032 '5.
2748 1976 3064 2031 Invenerunt
3114 1993 3195 2030 me
3216 1978 3307 2048 qni
3337 1978 3659 2042 custodiunt,

2084 2074 2172 2143 qui
2203 2073 2522 2124 circumeunt
2566 2072 2621 2121 in
2660 2066 2870 2121 civitate
2903 2082 2923 2123 :
2973 2064 3227 2133 Nunquid
3277 2083 3429 2137 quem
3474 2068 3663 2121 dilexit

2084 2161 2261 2216 anima
2293 2175 2409 2213 mea
2433 2157 2676 2212 vidistis?

2153 2249 2417 2307 Custodes
2455 2257 2507 2305 et
2550 2249 2950 2302 circumeuntes
2994 2244 3048 2300 in
3089 2246 3307 2301 civitate
3349 2245 3522 2317 iustos
3568 2262 3663 2300 vo-

2085 2353 2207 2411 cat,
2252 2343 2343 2412 qui
2405 2341 2657 2396 mandata
2700 2338 3048 2406 custodiunt,
3100 2350 3316 2394 sanctos
3369 2341 3662 2410 prophetas

2083 2443 2138 2488 et
2202 2431 2476 2503 apostolos
2524 2431 2577 2485 in
2634 2427 2872 2485 Ecclesia
2936 2428 3353 2485 circumeuntes.
3421 2428 3661 2497 Exempli

2086 2522 2281 2594 gratia,
2313 2536 2434 2577 cum
2466 2519 2943 2591 peccatorjustum
2974 2519 3282 2587 alloquitur,
3309 2518 3468 2586 eique
3494 2520 3658 2574 dicit:

2085 2615 2266 2680 Quare
2298 2628 2401 2666 non
2441 2611 2662 2665 exaudit
2696 2623 2782 2663 me
2813 2609 3093 2671 Dominus,
3125 2609 3225 2662 etsi
3259 2624 3470 2663 summo
3505 2624 3660 2666 mane

2086 2706 2151 2757 ad
2204 2703 2488 2758 ecclesiam
2545 2715 2630 2755 me
2681 2698 2925 2765 confero,
2964 2707 3019 2752 et
3072 2699 3398 2767 pauperibus
3454 2700 3651 2755 miseri-

2086 2795 2323 2850 cordiam
2359 2790 2632 2848 adhibeo?
2668 2790 2746 2847 Ac
2785 2791 2828 2846 si
2869 2789 3132 2844 tantillum
3169 2789 3294 2843 boni
3343 2789 3549 2856 fecerit,
3595 2794 3660 2845 ad

2085 2887 2212 2941 illud
2247 2884 2491 2955 respicit,
2536 2891 2590 2937 et
2637 2895 2694 2937 se
2729 2889 3076 2952 peccatorum
3120 2880 3520 2936 multitudinem
3555 2899 3659 2938 non

2084 2981 2266 3036 videre
2323 2976 2559 3033 simulat.
2611 2972 2902 3045 Propterea
2953 2973 3118 3028 Isaias
3163 2972 3240 3027 ait
3284 2991 3297 3029 :
3344 2993 3364 3027 ι
3412 2973 3660 3045 Nunquid

2082 3089 2186 3130 non
2240 3071 2384 3126 valet
2456 3083 2650 3125 manus
2699 3066 2915 3122 Domini
2970 3066 3219 3123 salvare?
3263 3068 3507 3138 nunquid
3555 3084 3658 3123 non

2081 3162 2522 3236 potesteripere?
2542 3159 2647 3215 Sed
2670 3170 2891 3226 peccata
2920 3167 3096 3211 vestra
3122 3167 3378 3227 separant
3402 3159 3540 3213 inter
3565 3175 3656 3217 vos

392 3287 544 3342 ματα
574 3269 731 3340 ὑμῶν
761 3267 1038 3321 διιστῶσιν
1073 3268 1345 3339 ἀναμέσον
1388 3268 1542 3339 ὑμῶν
1596 3248 1689 3322 καὶ
1732 3267 1826 3320 τοῦ
1870 3267 1979 3319 Κυ-

2091 3265 2143 3312 et
2180 3253 2466 3309 Dominum
2502 3251 2568 3307 ’9.
2608 3268 2626 3302 ι
2667 3249 2868 3304 Deinde
2902 3248 3081 3303 subdit
3120 3263 3315 3318 sponsa
3362 3249 3576 3305 dicens:

389 3363 531 3436 ρίου.
567 3356 588 3417 ἱ
633 3359 764 3416 Εἶτα
788 3360 1035 3431 ἐπιφέρει
1065 3362 1098 3432 ἡ
1126 3360 1311 3432 νύμφη
1341 3361 1434 3414 καὶ
1462 3360 1633 3430 λέγει*

469 3480 591 3532 OE'.
624 3478 720 3532 Στ.
761 3478 825 3533 δ’.
874 3476 969 3542 Ὠς
993 3475 1212 3545 μικρὸν
1253 3476 1353 3531 ὅτε
1385 3475 1704 3546 παρῆλθον
1742 3477 1843 3532 ἀπ’
1875 3478 1981 3534 αὺ-

392 3567 536 3634 τῶν,
561 3569 673 3634 ἕως
708 3564 781 3625 οὗ
809 3562 989 3638 εὖρον
1013 3568 1086 3623 ὃν
1113 3567 1432 3640 ἠγάπησεν
1466 3570 1505 3637 ἢ
1537 3569 1708 3640 ψυχή
1730 3588 1872 3640 μου.

477 3746 713 3801 Ὀπόταν
743 3745 852 3818 γὰρ
878 3744 986 3800 ἀπὸ
1014 3746 1122 3801 τῶν
1154 3728 1565 3819 ἁμαρτημάτων
1599 3745 1979 3817 παρέλθωμεν,

387 3838 518 3892 τότε
558 3838 887 3911 εὑρίσκομεν
931 3837 990 3892 ὃν
1033 3838 1320 3911 ἠγάπησεν
1358 3841 1392 3909 ἡ
1424 3837 1569 3909 ψυχὴ
1604 3837 1794 3910 ἡμῶν,
1840 3839 1980 3893 κατὰ

388 3929 486 3982 τὸν
514 3928 778 3999 λέγοντα·
813 3946 831 3980 ι
880 3929 1223 4001 Ἐπίστρεφε,
1249 3929 1545 4001 ἐπίστρεφε
1572 3930 1709 4002 πρὸς
1739 3929 1943 4003 Κύριον
1965 3948 1978 3961 ’

390 4004 802 4084 ἀπόλειπεπὰς
849 4021 1147 4093 ἁμαρτίας,
1195 4023 1290 4077 καὶ
1324 4023 1529 4095 σφόδρα
1585 4023 1813 4095 μίσησον
1866 4022 1981 4093 βδέο

388 4112 607 4183 λυγμα·
662 4130 695 4164 »-
727 4113 822 4166 καὶ
853 4112 1050 4166 πάλιν
1092 4131 1112 4165 ι
1179 4113 1373 4167 Ἦνίκα
1413 4113 1457 4167 δ’
1499 4113 1563 4168 ἂν
1603 4114 1796 4186 ὲγγίζῃ
1830 4115 1978 4186 ύμῖν,

390 4200 740 4255 ἀπολειπέτω
767 4201 797 4253 ὁ
821 4200 1025 4272 ἀσεϐὴς
1056 4201 1156 4266 τὰς
1183 4202 1335 4267 ὁδοὺς
1368 4203 1558 4257 αὑτοῦ.
1604 4223 1622 4256 ι
1659 4203 1758 4257 Διὰ
1785 4204 1943 4257 τοῦτο
1963 4220 1976 4234 ’

398 4311 422 4344 ε
479 4293 569 4356 Ὠς
604 4293 798 4366 μικρὸν
829 4295 919 4347 ὅτε
954 4294 1230 4367 παρῆλθον
1270 4295 1366 4349 ἀπ’
1396 4294 1597 4360 αύτῶν,
1622 4295 1748 4359 ἓως
1774 4288 1834 4349 οὗ
1867 4295 1978 4368 (33)

395 4380 556 4458 εὗρον
577 4386 635 4441 ὃν
663 4388 949 4461 ἠγάπησεν
982 4391 1015 4461 ἡ
1049 4389 1194 4460 ψυχή
1230 4407 1351 4461 μου.
1388 4409 1410 4442 ι

466 4500 604 4568 OQ".
658 4500 997 4571 Ἐκράτησα
1045 4502 1265 4569 αὐτὸν,
1298 4503 1399 4558 καί
1442 4505 1556 4559 οὐκ
1602 4505 1822 4574 ἀφήσω
1856 4504 1973 4574 (54)

396 4594 603 4647 αὐτόν.

468 4683 594 4749 Πῶς
642 4686 837 4759 κρατεῖ
882 4686 1045 4739 αὐτὸν
1078 4686 1244 4756 ἡτῶν
1293 4686 1499 4739 πιστῶν
1527 4686 1710 4758 eum;
1759 4690 1848 4742 Ἐν
1894 4688 1973 4760 τῷ

2154 3471 2366 3531 LXXV.
2408 3470 2575 3526 Vsus.
2598 3470 2649 3524 4.
2697 3468 2871 3535 Quam
2911 3469 3172 3524 modicum
3206 3470 3307 3539 fuit
3343 3487 3459 3525 cum
3490 3482 3659 3529 trans.

2081 3567 2151 3622 iri
2176 3566 2240 3620 ab
2282 3564 2432 3635 ipsis,
2473 3560 2647 3633 quoad
2679 3576 2839 3632 usque
2876 3561 3047 3615 inveni
3079 3576 3232 3631 quem
3269 3559 3450 3617 dilexit
3482 3566 3658 3619 anima

2081 3674 2219 3712 mea.

2153 3746 2291 3801 Cum
2320 3743 2463 3802 enim
2504 3760 2536 3800 a
2571 3742 2812 3814 peccatis
2838 3740 3041 3797 nostris
3070 3740 3505 3807 discesserimns,
3537 3752 3661 3797 tunc

2083 3834 2388 3891 invenimus
2413 3848 2575 3904 quem
2621 3833 2812 3889 dilexit
2858 3831 3041 3887 anima
3079 3842 3285 3898 nostra,
3323 3832 3476 3901 juxta
3510 3833 3657 3888 Scri-

2084 3939 2296 3996 pturam
2330 3945 2344 3982 :
2382 3946 2402 3979 ι
2437 3926 2793 3992 Convertere,
2823 3932 3144 3980 convertere
3172 3926 3239 3982 ad
3270 3926 3577 3991 Dominum,
3606 3936 3654 3980 et

2083 4021 2326 4089 relinque
2357 4027 2604 4089 peccata,
2643 4029 2697 4073 et
2723 4017 2881 4073 valde
2910 4017 3057 4073 odito
3081 4017 3508 4072 exsecrationem
3537 4017 3605 4082 ⁸ος
3631 4035 3652 4069 ο

2081 4120 2134 4166 et
2166 4125 2350 4167 rursus
2384 4132 2397 4166 :
2434 4129 2453 4163 ι
2490 4109 2784 4180 Postquam
2825 4108 2976 4164 vobis
2998 4107 3530 4177 appropinquaverit,
3566 4107 3652 4162 de-

2080 4205 2353 4273 relinquat
2382 4204 2579 4273 impius
2616 4202 2735 4258 vias
2779 4216 2910 4256 suas
2936 4198 3006 4254 ³¹.
3038 4217 3059 4253 ι
3094 4197 3389 4268 Pr0pterea
3430 4200 3604 4267 inquit
3635 4216 3652 4254 :

2061 4313 2102 4345 ι(
2133 4292 2305 4360 Quam
2346 4293 2614 4347 modicum
2643 4292 2743 4345 fuit
2778 4304 2900 4346 cum
2944 4287 3167 4343 transivi
3198 4288 3264 4341 ab
3295 4287 3452 4357 ipsis,
3478 4290 3651 4357 quoad

2080 4400 2249 4456 usque
2281 4383 2458 4438 inveni
2493 4397 2650 4452 quem
2678 4380 2865 4436 dilexit
2887 4379 3064 4433 anima
3092 4391 3232 4434 mea.
3273 4396 3293 4429 ι

2147 4493 2380 4551 LXXVI.
2425 4492 2590 4548 Tenui
2621 4508 2739 4546 eum
2760 4532 2777 4558 ,
2813 4507 2908 4545 nec
2937 4490 3203 4544 dimittam
3230 4507 3369 4546 eum.

2085 4668 2091 4672 Ι
2147 4691 2426 4760 Quomodo
2464 4706 2584 4747 eum
2629 4697 2775 4747 tenet
2808 4690 2986 4746 anima
3015 4689 3338 4760 justorum?
3378 4691 3649 4749 Facieudo

393 4776 465 4831 τὰ
485 4778 756 4848 εύὰρεστα
794 4777 944 4849 αὐτῷ
986 4778 1097 4848 (55)
1151 4780 1343 4832 ποιεῖν.
1388 4779 1781 4850 Ἀρεσκόμενος
1811 4781 1919 4852 γὰρ
1945 4784 1975 4835 ὁ

2083 4786 2334 4840 nimirum
2398 4800 2517 4855 qua:
2574 4784 2650 4839 illi
2704 4793 2829 4840 sunt
2875 4783 3091 4855 placita.
3143 4783 3452 4841 Delectatus
3501 4789 3645 4841 enim

393 4871 627 4940 νυμφίος
655 4869 904 4941 καθάπερ
937 4869 1124 4941 νύμφῃ
1156 4872 1221 4941 τῇ
1254 4869 1365 4925 τῶν
1401 4870 1625 4924 δικαίων
1655 4871 1798 4943 ψυχῇ
1818 4910 1832 4932 .
1864 4873 1973 4928 ἀπὸ

2083 4892 2312 4945 sponsus
2360 4876 2633 4946 juslorum
2686 4878 2866 4932 anima
2927 4878 3093 4932 veluti
3143 4895 3381 4950 sponsa,
3434 4881 3650 4934 virtutis

390 4960 502 5014 τῶν
530 4960 708 5033 ἔργων
735 4960 836 5031 τῆς
859 4961 1082 5033 ἀρετῆς,
1116 4962 1177 5015 οὐ
1209 4962 1418 5033 χερσὶν,
1451 4961 1584 5016 ἀλλὰ
1608 4963 1942 5037 ἐλεημοσύνη
1959 5007 1976 5033 ,

2083 4975 2291 5046 tenetur
2326 4969 2582 5039 operibus
2605 5010 2621 5035 ,
2658 4984 2766 5026 non
2805 4970 3052 5026 manibus
3076 5014 3090 5033 .
3128 4972 3221 5027 sed
3264 4976 3607 5044 eleemosyna
3630 5008 3647 5041 ,

393 5051 488 5105 atat
526 5050 873 5125 σωφροσύνῃ,
909 5052 1004 5106 καὶ
1035 5053 1169 5124 εύχῇ
1193 5052 1586 5125 κρατούμενος.

2083 5060 2320 5115 castitate
2345 5067 2399 5115 et
2432 5060 2661 5116 ratione.

463 5235 511 5270 ’⁷
544 5236 649 5292 lsa.
682 5252 796 5306 ιιι,
830 5239 886 5293 1.
974 5238 1019 5273 ’⁸
1058 5238 1246 5294 Matth.
1278 5254 1374 5308 vn,
1414 5239 1503 5296 14.
1591 5242 1636 5274 ⁸⁸
1664 5242 1766 5300 lsa.
1814 5261 1911 5313 LII,
1945 5247 1979 5301 ‘2

2083 5248 2123 5280 "
2154 5247 2321 5304 Eccli.
2351 5264 2459 5304 xvu
2481 5289 2498 5313 ,
2541 5249 2632 5318 25,
2657 5249 2746 5313 26.
2823 5251 2863 5282 ³¹
2908 5248 3014 5306 lsa.
3051 5267 3138 5319 t.v,
3163 5251 3214 5317 6,
3243 5250 3295 5309 7.

472 5421 575 5491 129)
617 5421 790 5505 Valif.
831 5423 973 5505 edit.
1009 5425 1169 5505 habet
1206 5427 1617 5505 xgtgvapéaov
1667 5430 1763 5505 τοῦ
1806 5431 1963 5490 Θεοῦ.
2143 5433 2258 5505 (55)

390 5495 481 5550 ιη..
521 5493 780 5575 ,γετοευῇι
808 5495 927 5575 οὐκ.
958 5495 1131 5575 ίσχύει
1179 5498 1275 5552 τοῦ
1307 5493 1606 5568 ἐξελέσθαι,
1650 5503 1846 5558 absunt
1898 5506 1967 5560 ab

2083 5493 2224 5575 codd.

392 5563 641 5648 omnibus
666 5563 1192 5648 Βίῠ1.1θ‹1ἰιξοὶίἰῠυε.
1293 5638 1304 5648 _
1350 5563 1361 5565 ⁷
1588 5563 1600 5568 ⁷
2141 5574 2253 5644 (34)
2298 5571 2468 5648 Vatic.
2497 5571 2866 5648 editadtfgﬁxa.
2907 5572 3092 5648 Lectio
3128 5573 3365 5628 Philonis
3400 5572 3640 5648 iunullis

611 5632 921 5718 legend-um
949 5638 1398 5718 αναστησαμένη.

2083 5632 2463 5718 appalietedit.
2506 5632 2816 5718 apudul'iois.
2867 5645 3114 5718 proﬁtime
3156 5659 3282 5718 vero
3320 5645 3528 5698 accedit
3576 5649 3639 5703 ad

462 5704 570 5786 (³31)
610 5704 756 5786 1:380
788 5704 991 5786 εί..καίοξ
1147 5704 1159 5712 ’
1384 5783 1406 5786 μ
1561 5784 1569 5786 ν
1913 5785 1921 5786 ί

2083 5704 2415 5786 ὶόέιέμὸοίιοι.
2433 5704 2605 5786 quam
2646 5704 2886 5786 Nobilius
2912 5714 3065 5768 affert
3091 5714 3296 5786 ᾁνὴσιυε

418 5843 424 5849 ο
464 5774 576 5855 (⁸3.2)
619 5775 709 5832 Sic
737 5775 1085 5835 scribendum
1125 5794 1221 5852 pro
1257 5779 1439 5850 ἐλαιῶ,
1481 5784 1570 5854 qui
1600 5800 1756 5842 error
1782 5793 1861 5841 cst
1910 5785 1964 5840 in
2071 5851 2103 5855 _
2146 5783 2259 5855 ('55)
2298 5774 2606 5838 Lectionem
2652 5784 2791 5855 hanc
2837 5784 3109 5855 dgsumpsi
3159 5774 3225 5839 ex
3261 5780 3447 5839 Vallic.
3494 5784 3639 5855 co.l.;

393 5846 547 5901 cedd.
1127 5846 1143 5852 ’
1428 5846 1437 5850 ’
1498 5846 1513 5854 ’

2083 5846 2306 5908 Bai-Met
2331 5869 2479 5909 meus
2510 5852 2711 5923 ἀρεστὰ
2736 5851 2918 5905 αὑτοῦ.

2319 5432 2587 5489 Revocavt
2644 5432 2740 5489 has
2785 5429 2918 5486 duas
2964 5446 3149 5499 voces,
3204 5451 3321 5505 qua:
3375 5435 3570 5491 absunt
3617 5452 3641 5487 τι
