4038 6134
347 319 404 374 81
559 311 564 314 ’
1278 322 1680 382 ENARBATIO
1721 327 1789 382 IN
1828 327 2182 388 CANTICUM
2222 333 2696 396 CANTICORUM.

3554 333 3626 388 ΞΕ

344 435 585 492 δυνατῶν
638 432 878 509 Ἰσραήλ,
927 438 1053 502 τοὺς
1113 439 1462 505 ἀποστόλους.
1510 442 1638 506 τοὺς
1671 443 1779 496 ἀπὸ
1825 443 1935 498 τῶν

2044 464 2186 518 cere,
2238 466 2300 506 ex
2351 453 2662 522 potentibus
2706 451 2893 518 lsrael,
2932 452 3203 524 apostolos
3232 471 3246 509 :
3276 454 3366 523 qui
3395 467 3459 506 ex
3499 470 3621 523 ιιι-ο·-
3686 487 3688 489 -

346 529 644 603 προφητῶν
686 529 1064 600 ὁρμωμένους,
1107 531 1200 583 καὶ
1231 530 1330 594 τὰς
1359 534 1490 603 περὶ
1519 532 1758 604 Χριστοῦ
1786 551 1926 606 μαρ-

339 622 532 694 τυρίας
561 622 626 674 ἐκ
651 621 759 675 τῶν
791 621 1088 694 προφητῶν
1140 622 1514 688 συνιστῶντας
1551 625 1693 697 (45)·
1737 628 1798 680 τὸ
1849 628 1928 694 δὲ,

346 731 364 766 ι
398 714 690 784 ἐξήκοντα,
719 733 740 766 3
775 715 849 784 μὴ
871 715 961 768 τὸν
988 714 1224 786 ἀριθμὸν
1249 717 1463 782 σκόπει,
1493 718 1630 772 ἀλλά
1651 718 1714 772 τὸ
1745 719 1932 790 ἐξελη-

340 804 561 860 λυθέναι
614 805 818 869 αὐτοὺς
867 807 930 859 ἐκ
989 807 1089 877 τῆς
1130 808 1466 879 περιτομῆς,
1525 810 1618 863 καὶ
1663 808 1757 863 τοῦ
1787 810 1932 864 κατά

345 899 576 971 γράμμα
596 899 784 970 νόμου.
820 917 838 947 σ
859 900 1074 964 Πάντας
1098 899 1154 952 δέ
1173 901 1373 965 αὐτοὺς
1410 921 1428 953 3
1450 901 1596 971 λέγει
1628 922 1645 955 ι
1673 903 1930 974 κατέχον-

343 1008 438 1054 τας
469 992 778 1062 ῥομφαίανι
824 1011 843 1043 ›
887 992 1077 1063 ἐπειδὴ
1119 992 1322 1057 πάντες
1372 993 1464 1047 τὸν
1503 994 1599 1048 τοῦ
1631 995 1767 1049 Θεοῦ
1794 1013 1930 1050 κατ-

344 1083 524 1154 έχουσι
552 1083 718 1153 νόμον
740 1082 835 1136 καὶ
857 1081 1036 1150 λόγον.
1075 1102 1092 1134 ι
1121 1081 1238 1136 Ζῶν
1268 1082 1376 1155 γὰρ
1406 1086 1434 1136 ὁ
1468 1083 1626 1153 λόγος
1649 1085 1740 1139 τοῦ
1769 1085 1928 1152 Θεοῦ,

343 1176 435 1229 καὶ
479 1173 735 1246 ἐνεργής,
791 1175 886 1228 καὶ
917 1173 1231 1246 τομώτερος
1269 1175 1412 1247 ὑπὲρ
1438 1177 1620 1230 πᾶσαν
1652 1178 1928 1252 μάχαιραν

339 1268 645 1337 δίστομον.»
672 1298 745 1308 -
781 1284 799 1318 ι
827 1267 1211 1337 Δεδιδαγμένοι
1259 1267 1339 1330 είς
1388 1267 1648 1339 πόλεμον,
1671 1289 1690 1322 3
1737 1272 1798 1324 ού
1835 1271 1928 1324 τὸν

342 1357 476 1430 πρὸς
511 1357 852 1430 ἀνθρώπους,
889 1358 1024 1412 ἀλλά
1058 1378 1076 1410 ι
1101 1359 1236 1430 πρὸς
1276 1358 1342 1413 τὰ
1373 1360 1659 1433 πνεύματα
1692 1364 1804 1435 (46)
1829 1365 1929 1436 τῆς

339 1449 629 1522 πονηρίας,
657 1469 676 1502 3
705 1451 848 1504 κατά
876 1451 968 1504 τὸν
993 1449 1218 1520 λέγοντα
1251 1454 1566 1525 προφήτην·
1604 1474 1622 1507 ι
1660 1457 1718 1509 '0
1747 1457 1928 1528 πραῢς

339 1542 482 1597 ἔστω
509 1543 781 1614 μαχητής.
811 1561 830 1594 3

408 1637 538 1692 IIB'.
583 1635 764 1705 ’Δνὴρ
784 1638 1053 1708 ῥομφαία
1101 1640 1289 1694 αὑτοῦ
1323 1640 1422 1694 ἐπὶ
1457 1639 1563 1694 τὸν
1597 1641 1799 1711 μηρὸν
1823 1645 1929 1696 αὺ-

337 1748 466 1785 του.

2041 543 2217 612 phetis
2267 544 2619 613 prodierunt,
2668 555 2723 600 et
2770 544 2970 600 Christi
3018 544 3324 601 testimonia
3376 561 3443 600 ex
3497 560 3622 613 pro-

2036 637 2216 707 phctis
2267 637 2629 708 collegerunt.
2688 639 2840 706 Quod
2894 653 3025 693 vero
3079 639 3313 711 pertinet
3361 638 3427 692 ad
3489 637 3620 694 illud

2040 733 2418 803 «sexaginta»
2472 749 2538 789 ne
2571 735 2829 806 respicias
2863 735 2929 789 ad
2969 750 3290 800 numerum;
3330 735 3424 790 sed
3463 737 3620 790 intel-

2034 822 2140 892 lige
2191 838 2286 878 eos
2339 825 2610 894 prodiisse
2671 841 2738 879 ex
2794 825 3216 882 circumcisione
3273 834 3328 880 et
3379 840 3446 880 ex
3503 826 3622 896 lege

2035 917 2334 971 secundum
2385 915 2642 974 litteram.
2677 937 2696 970 ι
2727 917 2963 984 Omnes,
2995 937 3014 971 3
3045 918 3152 986 ait,
3177 937 3195 970 ι
3223 928 3470 974 tenentes
3501 917 3619 989 gla-
3652 930 3663 959 ι

2031 1007 2216 1074 dium;
2250 1029 2269 1063 3
2312 1023 2503 1064 omnes
2561 1009 2703 1064 enim
2765 1010 2857 1065 Dei
2915 1011 3085 1080 legem
3151 1018 3339 1065 tenent
3390 1018 3446 1062 et
3501 1023 3619 1063 ser-

2033 1115 2268 1156 monem.
2308 1119 2326 1152 ι
2362 1101 2528 1156 Vivus
2587 1101 2730 1156 enim
2774 1111 2859 1155 est
2911 1116 3090 1158 sermo
3147 1102 3260 1165 Dei,
3318 1109 3372 1155 et
3405 1098 3617 1163 ellicax,

2029 1202 2084 1246 et
2116 1191 2503 1260 penetrabilior
2532 1192 2680 1245 omni
2713 1190 2890 1260 gladio
2920 1191 3143 1261 ancipiti
3173 1191 3271 1244 ".3
3308 1218 3371 1229 —-
3414 1207 3434 1240 ι
3463 1189 3617 1244 Docti

2033 1283 2254 1352 bellum,
2296 1304 2315 1336 3
2353 1299 2458 1339 non
2520 1285 2781 1339 adversus
2838 1283 3107 1348 homines,
3165 1283 3260 1339 sed
3294 1301 3314 1334 ι
3359 1281 3618 1337 adversus

2032 1376 2256 1446 spiritus
2321 1377 2579 1447 nequitiae
2654 1377 2738 1443 ³⁸,
2776 1377 2980 1447 3juxta
3050 1376 3370 1446 prophetam
3441 1373 3621 1430 dicen-

2034 1479 2183 1526 tem:
2223 1489 2241 1522 ι
2275 1469 2588 1526 Mansuetus
2639 1470 2711 1525 sit
2759 1478 3026 1540 pugnator
3077 1469 3140 1523 ³⁷.
3185 1487 3206 1520 3

2104 1648 2362 1705 LXXXII.
2413 1647 2509 1703 Vir
2543 1647 2752 1720 gladius
2791 1645 2904 1714 ejus
2938 1662 3094 1714 super
3133 1645 3304 1714 femur
3335 1659 3474 1715 qua.

419 1821 721 1892 Ῥομφαίαν
751 1821 842 1875 ἐπὶ
862 1821 953 1875 τὸν
983 1823 1155 1894 μηρὸν
1194 1823 1284 1877 τὸν
1311 1825 1474 1895 νόμον
1505 1823 1676 1892 λέγει,
1709 1824 1802 1879 τδν
1827 1824 1928 1895 τῆς

2106 1826 2354 1883 Gladium
2409 1842 2571 1896 supra
2628 1825 2802 1882 femur
2855 1825 3024 1894 legem
3071 1821 3353 1892 intelligit,
3408 1831 3464 1876 et
3515 1838 3616 1892 pu-

341 1915 698 1985 σωφροσύνης
723 1913 1006 1986 λογισμὸν,
1041 1915 1132 1968 τὸν
1164 1915 1436 1988 τέμνοντα
1477 1917 1546 1970 τὰ
1578 1918 1676 1989 τῆς
1729 1919 1932 1990 σαρκὸς

340 2005 512 2077 πάθη,
543 2007 639 2061 καὶ
669 2007 768 2072 τὰς
802 2008 998 2079 γηίνας
1044 2009 1358 2080 ἐπιθυμίας.

411 2097 536 2153 ΠΓ.
593 2099 730 2153 Ἀπὸ
758 2098 1024 2169 θάμϐους
1056 2100 1126 2153 ἐν
1153 2099 1355 2165 νυξίν.

422 2191 880 2264 Ἐκθαμϐουμένη
915 2190 1023 2263 γὰρ
1054 2193 1086 2263 ἡ
1117 2191 1227 2244 τῶν
1251 2192 1490 2246 εὐσεϐῶν
1525 2193 1755 2258 διάνοια,
1813 2192 1930 2258 πῶς

335 2279 422 2350 οἷς
448 2285 522 2355 μὴ
551 2284 665 2354 (47)
702 2283 952 2354 βούλεται
980 2283 1345 2354 παραπίπτει,
1376 2285 1518 2340 κατὰ
1551 2286 1644 2340 τὸν
1671 2285 1929 2355 λέγοντα·

342 2396 360 2428 ι
402 2377 470 2428 Ὃ
497 2375 558 2428 οὐ
582 2374 745 2440 θέλω,
783 2374 941 2428 τοῦτο
971 2375 1128 2429 ποιῶ.
1155 2395 1173 2427 3
1220 2376 1308 2430 Ἐν
1343 2376 1461 2442 νυξὶ
1501 2377 1691 2449 τέμνει
1727 2376 1836 2448 (48)
1864 2377 1932 2432 τὰ

338 2468 627 2540 θελήματα
663 2469 764 2540 τῆς
828 2467 1064 2540 σαρκὸς,
1120 2468 1206 2522 ἵνα
1281 2470 1638 2542 σωφροσύνην
1692 2469 1934 2542 θωρακιο

339 2562 692 2631 «Gaio-1H9),
726 2562 828 2635 τήν
853 2562 1284 2633 ἀκαταίσχυντον
1327 2563 1438 2635 (50)
1466 2565 1602 2635 πρὸς
1627 2562 1758 2616 Θεὸν
1795 2561 1933 2634 εὕρῃ

341 2653 683 2723 παρρησίαν.
736 2653 824 2706 Ἐν
858 2652 1038 2724 ταυτῷ
1073 2653 1186 2725 (51)
1223 2653 1280 2706 δὲ
1319 2654 1415 2707 καὶ
1465 2653 1660 2726 ἑτέραν
1699 2656 1728 2707 ὁ
1775 2653 1930 2723 λόγος

340 2741 644 2796 αἰνίττεται
688 2743 1092 2814 πραγματείαν.
1129 2742 1379 2812 Λέγουσα
1415 2741 1524 2816 γὰρ
1569 2742 1708 2816 αὕτη
1746 2744 1780 2814 ή
1811 2743 1933 2797 θεία

342 2835 542 2908 Γραφή
561 2851 576 2866 ο
618 2853 636 2886 ι
669 2835 765 2899 Τίς
791 2833 979 2907 αῦτηή
1009 2834 1374 2890 ἀναϐαίνουσα
1401 2835 1511 2890 ἀπὸ
1551 2836 1652 2906 τῆς
1687 2836 1929 2908 ἐρήμου,

337 2927 422 2990 ὡς
456 2925 680 2997 στελέχη
725 2925 934 2980 καπνοῦ
964 2927 1376 2999 τεθυμιαμένη;
1419 2947 1437 2979 3
1463 2926 1562 2999 τὴν
1606 2927 1931 2999 Ἐκκλησίαν

336 3019 640 3074 αἰνίττεται
669 3018 1066 3073 ἀναϐαίνουσαν
1087 3019 1194 3074 ἀπὸ
1210 3020 1307 3090 τῆς
1338 3020 1716 3092 ἐρημωθείσης
1739 3021 1938 3092 Ἰερου-

339 3109 548 3181 σαλήμ.
579 3110 642 3163 Εἰ
672 3109 783 3182 γὰρ
817 3109 892 3181 μὴ
941 3109 1124 3181 ἐκείνη
1161 3109 1258 3173 τὰς
1307 3112 1496 3182 χεῖρας
1532 3110 1802 3166 ἐπέϐαλεν
1838 3111 1932 3164 ἐπὶ

336 3201 438 3254 τὸν
483 3201 743 3272 Σωτῆρα,
783 3202 884 3254 οὐκ
927 3201 994 3256 ἂν
1031 3201 1168 3272 αὐτὴ
1217 3200 1466 3255 ἐπλούτει
1506 3201 1602 3274 τήν
1647 3204 1728 3266 είς
1771 3203 1933 3257 αὑτὸν

338 3292 528 3345 πίστιν
548 3331 563 3352 ,
607 3290 684 3356 ῶς
718 3308 882 3361 φησιν
923 3291 1243 3356 Ἀπόστολος
1273 3309 1286 3323 ·
1330 3312 1348 3344 ι
1399 3293 1462 3346 El
1493 3295 1527 3364 ή
1555 3294 1802 3365 ἁμαρτία
1834 3295 1934 3348 αὐ-

337 3382 452 3437 τῶν
475 3381 610 3452 (52),
649 3383 880 3447 πλοῦτος
907 3382 999 3436 τοῦ
1029 3383 1196 3454 νόμου
1222 3383 1366 3456 ,ηκαὶ
1398 3385 1431 3456 ὴ
1456 3384 1696 3456 ἀποϐολὴ
1729 3385 1932 3450 αὐτῶν,

337 3474 579 3539 πλοῦτος
601 3474 802 3530 ἐθνῶν⁹
835 3475 919 3540 τίς
946 3477 980 3548 ἡ
1011 3475 1344 3548 πρόσληψις,
1379 3478 1428 3529 εἰ
1468 3476 1543 3548 μὴ
1591 3474 1702 3549 ζωὴ
1739 3479 1804 3531 ἐκ
1846 3495 1936 3532 νε-

338 3567 535 3641 κρῶν;
582 3587 600 3619 3
635 3567 842 3622 Ὀτιδέ
880 3566 1088 3640 ἕρημος
1137 3567 1351 3639 ἔμεινεν
1405 3569 1610 3641 ἐκείνη,
1671 3573 1940 3644 μαρτυρεί

342 3678 446 3735 μοι
499 3661 527 3714 ὁ
579 3658 960 3730 εῦσπλαγχνος
1007 3660 1243 3733 Χριστὸς
1287 3661 1460 3731 λέγων
1509 3662 1645 3734 πρὸς
1697 3661 1894 3724 αὐτούς
1921 3680 1934 3694 .

344 3772 366 3806 ι
425 3752 562 3806 Ἰδοὺ
591 3751 866 3821 ἀφίεταιὸ
893 3746 1043 3815 οἶκος
1072 3751 1226 3822 ὑμῶν
1270 3749 1496 3824 ἔρημος.
1541 3771 1558 3804 3
1607 3751 1703 3806 Ἐκ
1735 3750 1939 3824 ταύτης

340 3841 441 3900 οῦν
476 3845 578 3915 τῆς
616 3846 825 3916 ἐρήμου
875 3843 987 3914 (55)
1032 3843 1410 3897 ἀναδείκνυται
1449 3845 1482 3913 ἠ
1519 3841 1815 3913 Ἐκκλησία
1851 3841 1940 3896 διὰ

341 3938 444 3993 τοῦ
485 3937 744 4009 σταυροῦ.
793 3938 884 3991 Διὸ
922 3938 1075 4007 λέγει
1119 3936 1256 4007 πρὸς
1296 3936 1497 4007 αὐτήν⁸
1535 3954 1553 3988 ι
1591 3935 1686 3999 Τίς
1721 3935 1860 4006 αὕτη
1902 3939 1936 4006 ἡ

343 4029 722 4086 ἀναϐαίνουσα
751 4029 859 4084 ἀπὸ
901 4029 1002 4100 τῆς
1045 4030 1278 4106 ἐρήμου,
1330 4028 1406 4090 ὡς
1462 4027 1690 4098 στελέχη
1723 4025 1935 4081 καπνοῦ

341 4119 722 4192 τεθυμιαμένη
745 4137 758 4185 ;
783 4141 800 4172 3
846 4119 1034 4190 ἐπειδὴ
1073 4119 1160 4173 διὰ
1194 4117 1290 4171 τοῦ
1320 4116 1525 4181 πάθους
1573 4117 1672 4188 τὴν
1712 4115 1939 4171 εὐωδίαν

345 4215 636 4276 ἔπνευσεν,
666 4213 764 4284 τὴν
787 4213 868 4274 είς
883 4211 1120 4283 Χριστὸν
1150 4210 1332 4264 πίστιν
1357 4209 1580 4280 δηλαδή.
1608 4209 1800 4262 Καίτοι
1825 4209 1939 4281 (54)

342 4308 412 4364 τὸ
437 4305 689 4377 θυμίαμα
709 4307 769 4358 οὐ
796 4306 998 4376 σιωπᾷ.
1026 4301 1362 4375 ιΣμύρναν,›
1392 4301 1546 4372 φησὶ,
1574 4317 1592 4351 ι
1612 4301 1704 4353 καὶ
1725 4299 1942 4356 λίϐανον

348 4399 466 4457 ἀπο
495 4397 716 4451 πάντων
749 4397 1042 4470 κονιορτῶν
1090 4395 1366 4468 μυρεψοῦ·
1406 4413 1425 4446 3
1474 4392 1724 4465 σμύρναν
1753 4393 1842 4448 διὰ
1877 4394 1941 4450 τὸ

2034 1919 2187 1975 dicas
2248 1918 2605 1988 cogitationes
2671 1933 2792 1988 quae
2847 1917 3102 1973 carnales
3163 1913 3391 1970 allectus
3446 1923 3620 1970 terre-

2035 2024 2241 2080 nasque
2287 2011 2614 2080 cupiditates
2668 2009 3014 2065 abscindunt.

2107 2101 2394 2160 LXXXIII.
2434 2103 2476 2157 Α
2514 2119 2706 2172 pauore
2756 2105 2810 2157 in
2867 2101 3130 2157 noctibus.

2104 2193 2254 2251 Mens
2281 2195 2426 2251 enim
2453 2196 2668 2266 piorum
2697 2194 2892 2264 pavida
2919 2203 3038 2260 est,
3075 2208 3142 2248 ne
3179 2191 3233 2247 in
3259 2205 3320 2246 ea
3349 2203 3470 2260 quae
3509 2204 3628 2242 non.

2035 2286 2183 2352 vult,
2230 2287 2468 2351 incidat,
2507 2285 2664 2357 juxta
2709 2284 3068 2356 Apostolum,
3116 2285 3205 2354 qui
3257 2283 3333 2337 ait
3365 2301 3380 2336 :
3416 2301 3435 2333 ι
3469 2281 3623 2348 Quod

2036 2382 2161 2436 nolo
2181 2423 2196 2447 ,
2227 2380 2354 2435 illud
2389 2379 2528 2436 facio
2559 2379 2626 2435 ³⁸.
2659 2397 2678 2431 3
2707 2379 2764 2434 ln
2796 2379 3049 2434 noctibus
3077 2376 3347 2433 abscindit
3376 2373 3627 2429 voluntao.

2035 2485 2118 2530 tcs
2166 2475 2382 2537 carnis,
2428 2483 2489 2528 ut
2526 2472 2790 2543 pudicitia
2838 2481 3098 2541 tanquam
3155 2471 3376 2525 thorace
3413 2467 3622 2522 munita

2037 2563 2286 2619 ﬁduciam
2310 2563 2526 2618 ruboris
2553 2572 2834 2630 expertem
2862 2563 3002 2630 apud
3031 2561 3198 2615 Deum
3226 2567 3620 2628 consequatur.

2037 2656 2149 2711 Hoc
2177 2657 2293 2726 ipso
2323 2654 2491 2710 etiam
2516 2652 2659 2708 aliud
2686 2653 2961 2722 quidpiam
2991 2650 3283 2720 significat.
3313 2649 3446 2704 Cum
3473 2649 3620 2703 enim

2039 2750 2152 2803 haec
2202 2746 2384 2801 divina
2432 2745 2711 2814 Scriptura
2755 2745 2932 2800 dicit:
2969 2763 2986 2796 ι
3020 2743 3152 2811 Quae
3194 2751 3280 2798 est.
3319 2743 3460 2808 ista,
3504 2755 3624 2810 qua:

2035 2836 2329 2894 ascendite
2351 2837 2564 2893 deserto
2591 2844 2847 2906 tanquam
2871 2841 3098 2890 truncus
3127 2833 3257 2890 fumi
3287 2837 3539 2888 incensus
3560 2830 3618 2885 τι

2035 2931 2334 2988 Ecclesiam
2376 2928 2650 3000 signiﬁcat
2688 2911 3072 2984 ascendentem
3106 2942 3137 2984 e
3167 2926 3384 2983 deserto
3428 2925 3625 2980 Hieru-

2036 3025 2228 3081 salem.
2259 3021 2316 3077 Si
2349 3023 2491 3076 enim
2524 3021 2642 3076 haec
2676 3035 2784 3076 non
2831 3020 3110 3091 iniecisset
3144 3034 3337 3074 manus
3400 3018 3454 3074 in
3503 3017 3626 3073 Sal«
3697 3053 3701 3056 -

2037 3123 2318 3180 vatorem,
2368 3113 2454 3168 illa
2508 3113 2562 3167 in
2610 3112 2724 3183 ejus
2777 3111 2883 3169 ﬁde
2935 3112 3090 3167 dives
3130 3126 3236 3166 non
3286 3109 3509 3174 fuisset,
3565 3120 3626 3162 ut

2039 3210 2116 3264 ait
2146 3205 2437 3278 Apostolus
2467 3225 2480 3260 :
2513 3224 2534 3258 ι
2572 3204 2632 3260 Si
2668 3214 2849 3260 autem
2880 3214 3163 3273 peccatum
3195 3217 3383 3258 eorum
3418 3199 3621 3255 divitiae

2039 3299 2268 3365 mundi,
2314 3306 2370 3354 et
2405 3297 2646 3366 ,abjectio
2685 3311 2874 3352 eorum
2922 3295 3124 3350 divitiae
3169 3293 3454 3364 gentium;
3505 3306 3627 3362 qua:

2041 3393 2369 3462 assumptio,
2413 3390 2516 3446 nisi
2563 3389 2671 3444 vita
2703 3404 2770 3443 ex
2816 3387 3045 3443 mortuis
3079 3385 3166 3440 "?
3200 3406 3217 3437 3
3243 3384 3397 3452 Quod
3441 3395 3623 3437 autem

2042 3485 2133 3540 illa
2171 3484 2386 3540 deserta
2421 3482 2783 3545 remanserit,
2817 3479 2973 3536 testis
3008 3489 3090 3535 est
3125 3478 3260 3534 mihi
3308 3475 3625 3532 misericors

2042 3578 2292 3634 Christus
2325 3577 2510 3633 dicens
2540 3576 2686 3632 illis:
2717 3592 2737 3626 ι
2767 3575 2906 3630 Ecce
2928 3573 3272 3642 relinquetur
3299 3570 3493 3626 domus
3521 3582 3621 3622 ve-

2042 3682 2154 3728 stra
2203 3672 2418 3728 deserta
2449 3669 2516 3724 ‘°.
2552 3688 2570 3721 3
2603 3668 2679 3723 Ex
2733 3668 2836 3723 hoc
2878 3668 3043 3738 igitur
3087 3665 3304 3721 deserto
3345 3663 3489 3717 edita
3543 3673 3628 3715 est

2041 3763 2288 3822 Ecclesia
2334 3778 2432 3834 per
2482 3777 2725 3820 crucem.
2777 3759 3074 3830 Propterea
3123 3757 3256 3812 dicit
3290 3754 3355 3810 ad
3406 3755 3624 3822 ipsam:

2050 3875 2067 3907 ι
2098 3856 2229 3922 Quae
2258 3862 2340 3910 est
2389 3853 2491 3908 ista
2516 3892 2531 3919 ,
2563 3867 2685 3921 qua:
2714 3850 2962 3907 ascendit
2993 3863 3024 3904 e
3052 3849 3271 3904 deserto
3297 3844 3442 3900 sicut
3472 3853 3628 3896 trun-

2043 3963 2141 4004 cus
2183 3945 2316 4001 fumi
2367 3943 2668 4000 incensus?
2699 3961 2718 3995 3
2745 3942 2868 4013 quia
2914 3956 3010 4011 per
3051 3938 3357 4009 passionem
3401 3931 3632 4005 spiravit

2044 4041 2299 4103 odorem,
2347 4036 2508 4092 ﬁdem
2557 4035 2765 4090 scilicet
2796 4034 2849 4087 in
2881 4031 3180 4088 Christum.
3215 4026 3401 4097 Neque
3437 4023 3628 4078 incen-

2045 4147 2162 4186 sum
2193 4131 2416 4186 tacitum
2461 4126 2754 4196 relinquit:
2791 4149 2809 4175 4
2840 4123 3112 4195 Myrrham
3136 4160 3152 4183 ,
3187 4139 3203 4172 3
3237 4119 3344 4182 ait,
3377 4133 3395 4166 ι
3421 4122 3474 4167 ει
3507 4113 3633 4165 thus

2046 4236 2114 4277 ex
2177 4221 2431 4276 omnibus
2483 4217 2798 4288 pulverihus
2861 4208 3252 4282 unguentarii:
3293 4225 3312 4259 3
3353 4202 3632 4273 myrrham

2047 4323 2267 4384 pr0pter
2293 4308 2602 4379 passionem
2629 4348 2644 4370 ,
2672 4308 2799 4362 thus
2820 4310 3039 4375 propter
3059 4297 3423 4353 divinitatem.
3449 4291 3634 4384 t-Ecce

2048 4379 2224 4458 lect—us
2245 4395 2846 4456 Salomonis.3Lectum
2874 4389 3117 4459 intellige
3142 4384 3452 4456 sepulcrum
3475 4379 3630 4446 Jesu,

348 4493 549 4557 πάθος,
581 4492 675 4546 καὶ
702 4491 920 4547 λίϐανον
957 4491 1047 4545 διὰ
1073 4491 1170 4562 τὴν
1195 4489 1446 4561 θεότητα.
1484 4509 1502 4541 ι
1554 4489 1684 4543 Ἰδοὺ
1723 4492 1757 4561 ἡ
1787 4490 1935 4563 κλίνη

2052 4493 2146 4564 qui
2177 4491 2358 4547 omnia
2390 4489 2605 4560 pacavit
2634 4502 2728 4559 per
2755 4501 2906 4542 suam
2944 4481 3252 4555 passionem
3288 4487 3344 4534 et
3389 4486 3632 4531 resurre-

348 4585 639 4658 Σαλομὼν.
670 4605 688 4638 3
724 4585 931 4657 Κλίνην
964 4602 1054 4657 μοι
1096 4585 1228 4647 νόει,
1274 4583 1334 4636 τὸ
1366 4582 1555 4654 μνῆμα
1599 4580 1696 4635 τοῦ
1747 4583 1945 4655 Ἰησοῦ,

346 4676 452 4733 τοῦ
487 4678 902 4752 είρηνεύσαντος
933 4678 1002 4732 τὰ
1037 4677 1218 4732 πάντα
1263 4675 1352 4730 διὰ
1396 4674 1491 4728 τοῦ
1542 4673 1672 4728 ἰδίου
1731 4673 1944 4739 πάθους

436 4817 480 4851 ⁸⁸
523 4815 687 4873 Hebr.
723 4833 796 4880 tv,
835 4817 922 4874 12.
1033 4817 1077 4849 ⁸⁸
1123 4816 1320 4881 Ephes.
1384 4831 1433 4870 vt
1459 4859 1474 4881 ,
1512 4815 1597 4870 12.

353 4891 403 4924 δ’
443 4885 640 4944 Matth.
674 4903 847 4956 χχιιι,
882 4889 973 4944 58.
1048 4887 1092 4920 ⁸⁸
1135 4885 1327 4942 Matth.
1364 4902 1534 4941 χχι-ιιι
1563 4929 1578 4952 ,
1613 4887 1665 4941 6.

433 5029 548 5102 (45)
588 5027 669 5084 Ex
709 5027 899 5102 Mulio:
931 5038 982 5102 et
1009 5026 1200 5102 Vallic.
1229 5025 1736 5102 veram_lectio_netn
1768 5025 1948 5079 elicni.

358 5094 539 5156 Prave
585 5115 740 5154 meus
777 5108 830 5152 et
865 5097 1025 5152 Barb.
1052 5097 1341 5168 τοὺςίπερὶ
1390 5094 1628 5168 Χριστοῦ
1670 5094 1954 5167 μάρτυρας

362 5172 428 5225 ἐκ
456 5169 564 5242 τῶν
589 5169 949 5242 προφητικῶν
973 5167 1361 5242 συνιστῶντας.

437 5240 550 5310 (ιθ)
588 5237 654 5294 Π.
685 5237 888 5294 Paulus
915 5240 1075 5295 habet
1102 5237 1472 5308 πνευματικά.

439 5312 550 5382 (ιτ)
591 5311 740 5382 ιινεο
766 5311 986 5382 μήπωςτ

461 5381 552 5450 48)
593 5377 697 5435 Sie'
706 5377 1013 5435 emendavi.
1040 5377 1202 5450 Barb.
1224 5389 1291 5450 et
1323 5378 1685 5450 vallL‘téan.

462 5447 550 5521 .49)
595 5450 805 5521 Duplici
855 5466 1044 5506 errore
1111 5447 1276 5504 Barb.
1329 5457 1383 5505 et
1444 5447 1661 5506 Vallic.'
1699 5457 1752 5504 et
1808 5462 1959 5504 meus

365 5521 738 5596 θοραιιισθείς.

431 5587 557 5666 ’(50)
601 5592 773 5648 Vetus
821 5591 1051 5660 interpr.
1102 5588 1285 5654 vertit,
1343 5587 1902 5659 «inexpugnabilem:
1938 5607 1956 5639 3

369 5663 567 5719 iecisse
595 5663 816 5718 videtur
848 5660 1299 5719 ἀκαταμὰγητον.

393 5679 567 5720 etttsse
595 5677 781 5718 νιαειιι
790 5677 816 5716 1³
848 5677 1299 5720 ακαταμαγητον.

425 5679 567 5736 gtsse
595 5679 816 5718 νιαειιιι·
848 5679 1148 5732 ακαταμαχ
1189 5679 1299 5714 τον.

439 5735 554 5807 (51)
598 5733 795 5791 Vallic.
831 5732 888 5787 ἐν
931 5732 1114 5786 ταυτό.
1151 5679 1314 5786 Barb.
1354 5731 1409 5784 ἐν
1444 5729 1488 5782 τ’
1520 5730 1669 5787 αὑτό.
1729 5730 1962 5800 Uterque

369 5821 555 5876 prave.

1708 4817 1753 4848 ³⁷
1794 4815 1906 4876 Joel
1960 4837 2049 4888 tu,
2113 4821 2196 4877 ll.

2056 4585 2314 4642 ctionem.
2355 4584 2432 4639 De
2458 4598 2566 4653 quo
2608 4581 2749 4638 lecto
2782 4579 2956 4652 angeli
2986 4577 3172 4633 dicunt
3203 4593 3216 4631 :
3253 4591 3272 4626 ι
3303 4571 3442 4627 Ecce
3485 4568 3633 4624 locus

2055 4678 2145 4734 ubi
2169 4677 2392 4750 jacebat
2417 4676 2677 4733 Dominus
2703 4674 2803 4727 δ’.»
2826 4702 2896 4714 -
2923 4690 2941 4724 ι
2969 4667 3264 4740 Sexaginta
3296 4669 3547 4736 potentes
3580 4659 3632 4712 in

2305 4819 2348 4852 ⁸³
2389 4817 2547 4874 Rom.
2601 4833 2712 4882 vit,
2766 4817 2853 4873 l7.
2970 4813 3012 4848 ³³
3052 4811 3210 4868 Rom.
3251 4825 3337 4876 ιιι,
3383 4801 3486 4868 ιε,
3544 4799 3630 4854 t5.

2128 5019 2239 5090 (52)
2282 5017 2544 5091 Paulinus
2594 5017 2920 5091 locus__est_:
2953 5009 3019 5091 Et
3073 5007 3232 5091 seu
3271 5009 3634 5091 παράπτωμα

2055 5079 2257 5147 αὐτῶν.
2278 5090 2339 5145 Ει
2366 5088 2525 5159 paulo
2556 5094 2678 5159 post
2699 5104 2712 5139 :
2738 5085 2801 5139 El
2827 5082 2937 5155 γὰρ
2962 5080 3203 5153 ἀποϐολή
3225 5079 3404 5135 αὐτῶν
3436 5079 3633 5134 καταλ·

2056 5163 2195 5232 λαγὴ
2228 5155 2457 5232 κόσμου,
2483 5175 2544 5232 3c.
2557 5155 2631 5232 'fr.
2665 5155 2717 5210 λ.

2129 5219 2241 5303 (5'5)
2281 5219 2684 5303 Absurdissime
2724 5236 2831 5282 vet.
2861 5225 3097 5303 interpr.
3135 5239 3198 5276 ει
3221 5221 3436 5303 _ho_c
3473 5219 3639 5303 igitur

2060 5289 2273 5360 deserta
2325 5313 2446 5356 esse
2498 5298 2810 5352 declaratur
2859 5289 3125 5350 Ecclesia.
3159 5311 3178 5347 3
3229 5292 3334 5348 Sed
3395 5289 3634 5344 Ecclesia

2061 5383 2334 5443 nunquam
2359 5372 2569 5443 deserta
2593 5377 2697 5434 est,
2729 5366 2831 5420 fuit
2859 5369 3050 5443 eritve.
3099 5363 3192 5418 Sic
3225 5365 3494 5443 interpres
3523 5374 3634 5440 Ina-

2060 5428 2143 5500 lus
2173 5428 2310 5497 male
2343 5441 2626 5502 vertendo,
2679 5428 3005 5492 sententiam
3048 5448 3191 5504 saepe
3221 5437 3512 5501 depravat;
3554 5428 3635 5481 iu-

2063 5516 2274 5570 terdum
2307 5515 2472 5566 etiam
2496 5509 2788 5564 lectoribus
2825 5506 3338 5579 exhibet_im_tnat_te_s
3371 5511 3586 5579 errores
3615 5517 3629 5551 :

2059 5586 2202 5652 quod
2239 5583 2313 5637 illi
2345 5581 2542 5637 accidit
2577 5579 2790 5634 inscitia
2819 5575 3120 5652 praesertim
3145 5572 3631 5652 Latini_sern_tonis.

2061 5637 2233 5711 Etiam
2279 5654 2332 5707 in
2367 5652 2525 5722 hujus
2565 5664 2752 5722 versus
2785 5637 3166 5722 e'gplanatione
3187 5640 3432 5722 quaedam
3472 5637 3631 5692 habet

2065 5741 2126 5782 ca
2159 5725 2360 5787 versio,
2387 5711 2508 5792 quae
2542 5721 2738 5792 absunt
2755 5734 2786 5792 ιι
2813 5711 3020 5792 Graecis
3048 5711 3349 5792 codicibus.

2137 5774 2383 5868 (iiiis-ie
2397 5774 2710 5848 emendavi.
2755 5785 2972 5843 Barber.
3001 5793 3052 5841 ct
3079 5781 3266 5838 Vallic.
3297 5774 3389 5832 καί
3417 5795 3490 5833 τι.
