4038 6134
380 321 453 383 33
1312 370 1319 378 .
1481 321 1799 380 PHlLONIS
1836 319 2145 380 EPISCOPI
2185 322 2503 381 canpssu
2708 338 2718 348 -
3408 310 3413 315 ’
3556 316 3691 392 8*.

382 437 615 493 circuitu
662 452 779 507 ejus
824 451 890 495 ex
919 434 1223 505 pclentihus
1247 436 1428 506 lsracl,
1462 458 1482 492 ι
1521 440 1641 496 illos
1684 440 1954 511 intellige,

2062 439 2158 494 καὶ
2195 441 2297 512 τῆς
2341 438 2690 499 ἀναστάσεως
2711 449 2724 466 ⁸
2758 431 2881 505 περὶ
2905 426 2973 504 ἦς
2996 430 3185 502 κλίνης
3208 430 3257 486 oi
3289 428 3508 500 ἄγγελοι
3537 428 3625 481 λέ-

382 528 470 596 qui
503 527 652 583 missi
686 527 901 593 [uerunt
942 544 971 583 a
1017 526 1219 585 Iudaeis
1243 568 1260 596 ,
1301 538 1359 584 ut
1397 532 1735 588 custodirent
1776 531 1954 601 sepul-

2059 548 2273 601 γουσιν·
2314 549 2332 584 σ
2364 530 2493 584 Ἰδοὺ
2534 529 2563 581 ό
2600 527 2792 591 τόπος,
2829 526 2964 578 ὅπου
2999 523 3176 578 ἔκειτο
3198 523 3227 576 ὁ
3271 519 3491 591 Κύριος.
3519 539 3536 571 s
3561 549 3628 563 .—

378 634 555 674 crnm.
584 638 604 670 σ
629 618 831 694 Omnes
859 628 1106 675 tenentes
1132 621 1368 692 gladium
1387 665 1403 692 ,
1433 623 1576 678 docti
1610 623 1831 680 bellum.
1864 622 1954 678 Vir

2063 638 2083 671 ‹
2126 618 2421 690 Ἐξήκοντα
2489 615 2706 671 δυνατοὶ
2752 613 2936 686 κύκλῳ
2994 613 3165 683 αὐτῆς
3223 611 3334 667 ἀπὸ
3388 609 3628 664 δυνατῶν

377 708 587 780 gladius
611 709 727 778 ejus
753 726 917 781 super
940 710 1118 766 femur
1137 711 1255 782 ejus
1283 727 1311 766 a
1340 726 1544 782 pavore
1573 715 1624 769 in
1650 715 1951 770 noctibus.)

2069 710 2306 782 Ἰσραὴλ,
2336 728 2355 763 ι
2413 708 2653 772 ἐκείνους
2696 705 2820 770 τοὺς
2873 704 2984 759 ἀπὸ
3017 702 3285 757 Ἰουδαίων
3336 700 3629 772 βληθέντας

380 799 506 854 Haec
531 801 673 854 enim
706 798 774 855 iis
801 800 1072 871 contigere
1099 802 1190 871 qui
1224 805 1513 858 servabant
1539 800 1911 875 (sepulcrum)
1936 819 1951 869 ;

2059 800 2343 871 φυλάττειν
2366 801 2455 855 τὸν
2478 802 2666 870 τάφον.
2706 817 2726 851 ι
2744 799 2953 859 Πάντες
2983 796 3302 867 κατέχοντες
3332 792 3627 866 ῥομφαίαν,

379 891 595 961 quando
639 890 744 945 illis
777 891 1142 957 servantibus,
1195 910 1214 943 ι
1248 898 1407 948 ιρι-ται
1447 902 1626 951 motus
1657 893 1832 948 factus
1871 901 1954 947 est

2059 890 2419 961 δεδιδαγμένοι
2451 889 2706 961 πόλεμον.
2754 888 2916 960 Ἀνὴρ
2946 884 3190 959 ῥομφαία
3213 884 3377 940 αὐτοῦ
3418 884 3511 935 ἐπὶ
3538 880 3628 935 τὸν

378 996 605 1050 magnus
635 1000 648 1035 :
678 982 903 1052 angelus
931 983 1073 1037 enim
1099 982 1314 1038 Domini
1343 983 1568 1038 revolvit
1590 982 1820 1054 lapidem
1850 984 1948 1038 ⁸⁸.»

2059 978 2231 1052 μηρὸν
2262 978 2426 1034 αὑτοῦ
2458 977 2565 1033 ἀπὸ
2592 976 2832 1047 θάμϐους
2854 979 2911 1031 ὲν
2937 976 3077 1040 νυξί.
3100 993 3120 1028 ι
3149 972 3335 1027 Ταῦτα
3359 972 3467 1043 γὰρ
3490 990 3623 1042 συμ-

377 1070 445 1125 Et
479 1087 542 1127 ca
577 1081 733 1127 nocte
764 1073 1040 1142 perterriti
1071 1075 1193 1145 qui.c
1209 1075 1500 1130 servabant
1531 1075 1872 1146 (sepulcrum
1897 1075 1951 1148 ).

381 1179 403 1213 ι
436 1161 559 1216 facti
594 1173 718 1217 sunt
765 1162 912 1217 v’elnt
956 1165 1159 1220 mortui
1190 1164 1290 1220 “.s
1335 1164 1627 1236 Propterea
1662 1168 1831 1223 dicit:
1862 1186 1880 1218 ί
1907 1167 1952 1220 Α

376 1263 575 1318 pavore
605 1249 658 1304 in
690 1250 957 1307 noctibus.
985 1269 1005 1303 ι

447 1514 737 1575 LXXXIV.
779 1514 945 1575 Vens.
1007 1515 1061 1572 9.
1116 1514 1471 1572 Gestaton'um
1520 1517 1622 1572 sibi
1668 1516 1795 1587 fecit
1857 1532 1951 1571 rea:

378 1607 627 1664 Salomon
668 1624 733 1662 ea:
773 1608 932 1680 lignis
976 1609 1184 1664 Libani.

447 1699 815 1755 Gestatorium
865 1700 1103 1772 intellige
1145 1700 1316 1771 ipsam
1361 1717 1580 1758 carnem
1629 1701 1941 1774 Unigeniti,

2055 1070 2287 1143 ϐέϐηκεν
2318 1073 2544 1136 ἐκείνοις
2581 1073 2693 1135 τοῖς
2739 1068 3019 1141 τηροῦσιν,
3047 1066 3283 1136 ὁπηνίκα
3314 1064 3628 1136 τηρούντων

2052 1165 2254 1229 αὐτῶν,
2273 1186 2294 1217 ς
2316 1164 2538 1235 σεισμὸς
2558 1163 2772 1232 ἐγένετο
2793 1161 2988 1234 μέγας.
3012 1158 3275 1228 Ἀγγελος
3294 1154 3401 1227 γὰρ
3419 1157 3625 1227 Κυρίου

2051 1253 2347 1307 ἀπεκύλισε
2376 1253 2468 1306 τὸν
2490 1252 2657 1307 λίϐον.
2680 1271 2698 1303 ι
2731 1252 2841 1306 Καὶ
2872 1254 2930 1305 ὲν
2964 1252 3028 1321 τῇ
3056 1247 3213 1328 νυκτὶ
3237 1244 3413 1318 ταύτῃ
3442 1247 3491 1298 oi
3526 1262 3626 1316 τη-

2054 1344 2272 1417 ροῦντες
2315 1342 2774 1415 ἐκθαμϐηοέντες,
2825 1360 2844 1395 t
2891 1341 3139 1411 ἐγένοντο
3186 1337 3320 1391 ὡσεὶ¹
3358 1336 3563 1410 νεκροί.
3600 1353 3621 1387 ι

2049 1436 2140 1490 Διό
2174 1452 2367 1507 φησιν·
2406 1452 2427 1487 ι
2459 1434 2590 1489 Ἀπὸ
2628 1433 2871 1506 θάμϐους
2897 1434 2953 1486 ὲν
2974 1430 3142 1496 νυξίν.
3183 1449 3202 1483 ι

2120 1529 2243 1583 ΠΔν.
2273 1529 2363 1581 Στ.
2401 1526 2467 1581 θ’.
2503 1526 2751 1593 Φορεῖον
2797 1522 2986 1589 ἑαυτῷ
3043 1521 3331 1590 ἐποίησεν
3373 1522 3406 1575 ὁ
3448 1519 3631 1584 ,ϐασι-

2048 1615 2195 1682 λεὺς
2219 1613 2508 1685 Σαλομὼν
2520 1614 2638 1669 ἀπὸ
2661 1613 2864 1679 ξύλων
2897 1611 3003 1667 τοῦ
3035 1610 3320 1667 Λιϐάνου.

2119 1706 2338 1775 Φορεῖον
2351 1705 2458 1759 νόει
2474 1721 2562 1775 μοι
2575 1702 2847 1774 καὶαύτὴν
2861 1702 2960 1772 τὴν
2974 1701 3148 1773 σάρκα
3163 1699 3257 1754 τοῦ
3274 1697 3628 1768 Μονογενοῦς,

377 1789 430 1843 iu
460 1807 564 1860 qua
591 1790 756 1845 Deum
783 1789 1156 1857 abscondens,
1190 1800 1247 1846 ut
1290 1794 1456 1849 homo
1484 1809 1604 1849 cum
1642 1794 1951 1852 hominibus

2059 1798 2109 1850 ὲν
2199 1796 2558 1868 κατακρύψας
2578 1795 2668 1849 τὸν
2696 1794 2848 1858 Θεὸν,
2874 1795 2949 1858 ὡς
2984 1793 3080 1849 ἄνθ
3092 1809 3276 1864 ρωπος
3320 1789 3629 1863 ἀνθρώποις

375 1882 819 1937 conversabatur.
868 1881 974 1936 Sed
1005 1874 1462 1951 quemadmodum
1511 1885 1761 1942 consules
1815 1903 1947 1958 pro-

374 1971 604 2026 deuntcs
631 1971 683 2024 in
715 1973 1006 2040 gestatoria
1034 1971 1164 2026 sella
1208 1975 1541 2043 procedunt,
1598 1984 1655 2029 et
1705 1991 1806 2046 per
1857 1990 1952 2031 eos

375 2073 467 2117 res
494 2060 683 2116 mundi
712 2060 1061 2116 stabiliuntur
1089 2063 1181 2133 qui
1225 2074 1446 2120 senatus
1485 2065 1806 2134 dignitatem
1840 2081 1954 2136 pne

376 2166 438 2206 se
468 2149 647 2206 ferunt
676 2168 692 2217 ;
725 2153 803 2208 sic
832 2152 1021 2207 eodem
1055 2153 1215 2209 modo
1244 2152 1299 2208 in
1332 2168 1497 2209 carne
1530 2152 1805 2225 Unigeniti
1839 2157 1953 2227 ipsa

375 2253 563 2297 sancta
591 2243 829 2298 Ecclesia
882 2251 1176 2299 convocata
1227 2245 1399 2316 ipsius
1441 2244 1502 2298 ilt
1550 2246 1951 2315 gestatorium:

376 2348 476 2387 nec
500 2348 636 2389 vero
660 2349 748 2389 res
776 2336 961 2390 mundi
994 2336 1307 2398 stabiliens.
1337 2335 1430 2391 sed
1462 2336 1574 2407 ipsa
1604 2337 1657 2390 in
1683 2349 1745 2392 se
1770 2337 1953 2392 ferens

376 2424 596 2480 decreta
642 2426 791 2497 regni
825 2427 1085 2483 caelestis.
1125 2427 1490 2483 Gestatorium
1522 2427 1687 2495 igitur
1720 2444 1823 2482 non
1855 2443 1948 2484 so-

375 2511 486 2568 lum
517 2524 600 2570 est
632 2529 762 2571 caro
792 2515 951 2583 Jesu,
984 2518 1077 2572 sed
1109 2526 1164 2572 et
1194 2518 1308 2587 ipsa
1341 2516 1582 2571 Ecclesia
1607 2557 1621 2580 .
1660 2535 1679 2569 ι
1708 2533 1828 2587 qua:
1858 2527 1947 2574 est

377 2621 573 2676 corpus
617 2608 785 2678 ipsius
814 2607 884 2674 “,
915 2626 934 2660 ι
965 2616 1248 2677 prepterea
1288 2607 1432 2676 quod
1475 2606 1635 2678 digna
1682 2606 1822 2663 facta
1865 2619 1950 2664 est

375 2712 497 2766 quae
526 2698 702 2769 ipsum
739 2708 979 2769 geSIaret
1007 2697 1202 2752 Filium
1251 2696 1381 2764 Dei,
1426 2697 1582 2768 juxta
1633 2698 1948 2768 Apostolum

379 2790 646 2845 dicentem
675 2807 689 2843 :
723 2807 741 2841 ι
770 2788 1082 2844 Gloriﬁcate
1105 2827 1121 2851 ,
1153 2797 1208 2842 et
1239 2797 1453 2856 portate
1487 2790 1658 2843 Deum
1694 2789 1747 2843 in
1783 2805 1951 2844 mem-

379 2882 493 2937 bris
538 2880 734 2936 vestris
763 2879 831 2943 ".
865 2898 884 2931 ι
916 2877 1030 2934 iloc
1076 2878 1241 2949 igitur
1287 2879 1679 2948 gestatorium,
1730 2895 1951 2935 carnem

379 2974 588 3030 scilicet
619 2971 746 3028 Jesu
784 3013 800 3039 ,
850 2970 1146 3041 spiritualis
1184 2969 1437 3025 Salomon
1469 2971 1571 3026 sibi
1601 2969 1766 3027 fecit:
1800 2990 1819 3024 ι
1851 2971 1953 3028 Sa-

382 3065 584 3136 pientia
639 3064 782 3120 cnim
814 3063 1101 3144 mditlcavit
1133 3061 1234 3116 sibi
1276 3061 1495 3115 domum
1539 3062 1607 3116 “.
1647 3080 1667 3114 ι
1699 3063 1766 3117 Et
1809 3066 1951 3119 unde

381 3159 484 3212 hoc
514 3155 871 3228 gestatorium
899 3154 923 3209 ‘2
954 3173 972 3207 ι
1006 3154 1081 3209 Ex
1117 3153 1281 3223 lignis
1310 3152 1503 3208 Libani
1537 3171 1551 3209 :
1586 3172 1606 3206 ι
1641 3154 1953 3226 intelligens

381 3267 449 3306 ex
497 3250 703 3305 sanctis
736 3249 1048 3304 hominibus
1084 3248 1176 3317 qui
1207 3248 1258 3300 in
1277 3245 1392 3314 ejus
1417 3249 1769 3318 generatione
1796 3264 1955 3304 enar-

382 3353 596 3408 rantur,
626 3342 898 3397 Abraham
918 3378 935 3407 ,
965 3328 1141 3406 Isaac,
1171 3336 1337 3394 Jacob
1359 3349 1416 3394 et
1443 3338 1535 3408 qui
1570 3338 1844 3409 deinceps.

449 3519 712 3576 LXXXV.
735 3521 900 3576 Vens.
921 3519 1008 3575 10.
1044 3518 1330 3573 Columnas
1365 3520 1477 3586 eius
1508 3517 1629 3587 fecit
1660 3526 1951 3588 argentum.

452 3612 746 3668 Columnas
796 3625 901 3666 non
942 3610 1077 3663 alios
1128 3608 1484 3675 intellexeris,
1531 3623 1695 3678 quam
1740 3619 1959 3663 sanctos

384 3701 801 3774 apostolos;qui
847 3700 1221 3755 columnarum
1264 3701 1437 3754 instar
1475 3699 1825 3770 gestatorium
1858 3700 1959 3754 hoc

384 3800 622 3860 portant.
653 3791 802 3857 Quod
835 3798 1014 3845 autem
1057 3789 1320 3844 columnae
1351 3788 1461 3843 sint
1484 3790 1730 3859 apostoli,
1761 3799 1960 3861 praesto

385 3894 468 3939 est
498 3882 697 3937 Paulus
719 3882 940 3936 dicens:
980 3898 999 3933 α
1028 3879 1196 3936 Jacob
1227 3892 1282 3936 ct
1306 3880 1567 3944 Joannes.
1593 3883 1683 3951 qui
1708 3882 1959 3938 videntur

384 3989 507 4029 esse
548 3973 812 4030 columnze
829 3972 901 4024 ⁸⁷.
937 3990 958 4024 ι
989 3974 1283 4041 Argentum
1320 3987 1451 4028 vero
1496 3973 1642 4042 ipsos
1686 3973 1955 4043 appellat,

385 4067 640 4135 quoniam
677 4066 825 4121 velut
852 4070 1136 4131 argentum
1167 4064 1517 4135 splendebant
1546 4066 1616 4119 ob
1644 4064 1825 4142 iidem,
1857 4066 1960 4121 mi-

385 4157 694 4216 nistrabant
720 4172 848 4214 vero
874 4155 1130 4212 Ecclesia:
1161 4155 1215 4210 in
1247 4153 1516 4226 spirituali
1549 4154 1817 4211 convivio.

454 4362 743 4421 LXXXVI.
771 4363 841 4419 Et
870 4362 1267 4419 acclinalorium
1296 4362 1411 4433 ejus
1445 4377 1685 4416 aureum.

2055 1888 2272 1960 ὡμίλει.
2327 1887 2488 1941 Ἀλλά
2519 1888 2611 1941 καὶ
2639 1886 2890 1958 καθάπερ
2920 1887 2968 1939 οί
3006 1884 3401 1958 προερχόμενοι
3435 1883 3629 1937 ὕπατοι

2054 1982 2258 2054 φορείῳ
2296 1981 2679 2054 προέρχονται,
2720 1980 2817 2034 καὶ
2861 1979 2929 2033 δι’
2972 1978 3151 2033 αὐτῶν
3195 1977 3263 2032 τὰ
3296 1978 3502 2048 κόσμου
3541 1973 3631 2045 βε-

2053 2072 2334 2127 ϐαιοῦνται
2369 2074 2694 2145 πράγματα,
2726 2070 2828 2141 τῆς
2866 2068 3168 2141 συγκλήτου
3189 2067 3250 2121 τὸ
3290 2066 3505 2135 ἀξίωμα
3532 2083 3629 2134 φε-

2056 2167 2259 2239 ρόντων
2293 2164 2437 2236 (55)’
2468 2162 2641 2228 οὕτως
2670 2161 2871 2234 ὁμοίως
2888 2163 2946 2216 ὲν
2970 2163 3038 2232 τῇ
3075 2159 3238 2231 σαρκὶ
3270 2157 3365 2212 τοῦ
3391 2160 3632 2227 Μονογε-

2056 2256 2180 2321 νοῦς
2213 2259 2247 2328 ἡ
2301 2255 2719 2326 συγκαλουμένη
2780 2251 2918 2324 αὐτὴ
2972 2250 3106 2320 ἁγία
3147 2249 3485 2322 Ἐκκλησία,
3533 2247 3631 2304 καὶ

2057 2347 2195 2419 αὐτὴ
2238 2345 2401 2400 αὑτοῦ
2435 2346 2644 2415 γίνεται
2681 2345 2920 2414 φορεῖον,
2965 2341 3026 2394 οὐ
3072 2339 3141 2393 τὰ
3184 2338 3276 2393 τοῦ
3313 2338 3516 2410 κόσμου
3553 2336 3633 2408 βερ

2053 2437 2347 2509 ϐαιουμένη
2384 2435 2708 2508 πράγματα,
2740 2432 2876 2489 άλλά
2915 2431 3014 2504 τῆς
3046 2430 3297 2503 οὐρανίου
3351 2427 3629 2501 βασιλείας

2054 2529 2140 2599 ἐφ’
2175 2529 2379 2600 ἑαυτῆς
2423 2527 2665 2599 φέρουσα
2707 2527 2976 2597 δόγματα.
3013 2526 3233 2596 Φορεῖον
3277 2517 3368 2577 οῦν
3426 2522 3533 2593 (56)
3567 2521 3628 2575 ού

2053 2598 2213 2692 μόνον
2254 2622 2288 2692 ἡ
2333 2598 2469 2693 σάρξ
2497 2598 2702 2689 Ἰησοῦ,
2740 2616 2877 2671 ἀλλὰ
2916 2616 3012 2670 κα).
3051 2614 3191 2690 αὐτὴ
3230 2616 3264 2686 ἡ
3303 2598 3647 2685 Ἐκκλησία,’

2056 2728 2073 2762 t
2095 2709 2216 2781 ἥτις
2239 2709 2355 2767 ἐστὶ
2375 2707 2435 2762 τὸ
2458 2706 2616 2778 σῶμα
2635 2705 2818 2772 αὐτοῦ,
2832 2724 2849 2757 ι
2868 2704 2955 2759 διὰ
2969 2705 3030 2758 τὸ
3054 2702 3379 2768 καταξιοῦσϐ
3388 2720 3442 2757 αι
3466 2701 3630 2757 αὐτὸν

2062 2802 2248 2873 φορεῖν
2301 2799 2393 2853 τὸν
2443 2800 2573 2852 Υἱὸν
2631 2798 2726 2850 τοῦ
2794 2796 2964 2860 Θεοῦ,
3030 2795 3174 2850 κατά
3225 2796 3318 2849 τὸν
3363 2794 3588 2864 λέγοντα
3614 2811 3629 2827 ο

2060 2912 2079 2944 ‹
2099 2890 2367 2956 Δοξάσατε
2392 2888 2502 2960 ἄρα
2522 2889 2613 2942 τὸν
2638 2888 2770 2941 Θεὸν
2798 2889 2855 2940 ὲν
2884 2889 2998 2959 τρῖς
3032 2885 3250 2956 μέλεσιν
3270 2884 3424 2955 ὑμῶν
3457 2885 3571 2955 (57)
3608 2904 3626 2937 ι

2056 2983 2226 3035 Τοῦτο
2268 2977 2361 3034 οὖν
2403 2979 2465 3032 τὸ
2519 2980 2757 3049 φορεῖον,
2803 2976 2902 3047 τὴν
2957 2974 3139 3046 σάρκα
3201 2973 3346 3042 λέγω
3385 2972 3496 3045 (58)
3538 2973 3632 3026 τοῦ

2068 3072 2271 3146 Ἰησοῦ,
2315 3073 2344 3124 ὁ
2386 3068 2754 3140 πνευματικὸς
2793 3063 3054 3136 Σαλομὼν
3103 3062 3360 3135 ἐποίησεν
3417 3061 3631 3134 ἑαυτῷο

2065 3185 2083 3217 ‹
2118 3165 2182 3218 Ἦ
2211 3161 2373 3232 σοφία
2396 3161 2503 3233 γὰρ
2527 3157 2878 3231 ᾠκοδόμησεν
2915 3157 3080 3226 ἑαυτῇ
3111 3151 3276 3209 οἷκον.
3293 3172 3312 3207 ι
3340 3153 3449 3208 Καὶ
3472 3153 3636 3208 πόθεν

2055 3256 2117 3310 τὸ
2152 3256 2397 3326 φορεῖον;
2432 3271 2452 3303 ‹
2499 3250 2634 3305 Ἀπὸ
2661 3248 2834 3314 ξύλων
2874 3247 2967 3301 τοῦ
2997 3246 3266 3301 Λιϐάνου·
3308 3265 3327 3299 ι
3365 3247 3453 3301 ἴνα
3481 3246 3632 3318 εἴπῃ,

2056 3346 2165 3401 ἀπὸ
2188 3344 2296 3403 τῶν
2336 3339 2845 3413 γενεαλογουμένων
2879 3339 3048 3407 ἁγίων
3079 3337 3318 3410 ἀνδρῶν,
3359 3336 3634 3409 Ἀϐραὰμ,

2068 3436 2278 3500 Ἰσαάκ,
2314 3433 2532 3498 Ἰακὼϐ,
2562 3434 2656 3487 καὶ
2690 3431 2797 3484 τῶν
2832 3429 3088 3501 καθεξῆς.

2057 3528 2179 3581 HE’.
2201 3528 2291 3579 Στ,
2317 3531 2368 3578 ι’.
2386 3525 2658 3588 Στύλους
2677 3521 2862 3575 αὑτοῦ
2890 3521 3180 3588 ἐποίησεν
3200 3519 3632 3591 ἀργύριονωῠ).

2128 3617 2361 3680 Στύλους
2401 3616 2474 3687 μὴ
2524 3613 2714 3677 ἄλλους
2760 3613 2980 3683 νοήσῃς,
3039 3610 3152 3665 ἀλλ’
3191 3611 3225 3682 ἢ
3273 3613 3399 3676 τοὺς
3447 3612 3635 3681 ἁγίους

2058 3708 2406 3772 ἀποστόλους,
2434 3707 2629 3769 οἵτινες
2658 3704 2864 3759 στύλων
2893 3705 3047 3775 δίκην
3076 3703 3137 3757 τὸ
3171 3705 3389 3776 φορεῖον
3437 3704 3634 3775 βαστά-

2060 3803 2211 3867 ζουσι
2236 3799 2416 3855 τοῦτο.
2460 3800 2584 3854 Ὅτι
2628 3798 2685 3853 δὲ
2726 3796 2905 3851 στύλοι
2952 3798 3001 3851 οί
3043 3797 3356 3862 ἀπόστολοι,
3404 3797 3637 3867 πάρεστι

2061 3892 2273 3957 Παῦλος
2315 3891 2513 3961 λέγων·
2557 3909 2575 3943 t
2613 3889 2866 3953 Ἰάκωϐος
2893 3889 2988 3943 καὶ
3005 3888 3116 3960 (60)
3159 3889 3432 3960 Ἰωάννης,
3470 3890 3514 3943 oi
3549 3888 3635 3943 δο-

2062 3984 2282 4048 κοῦντες
2316 3982 2494 4037 στύλοι
2532 3977 2691 4036 εἶναι.
2725 4001 2742 4034 ι
2801 3980 3086 4053 Ἀργύριον
3120 3979 3177 4034 δὲ
3221 3980 3418 4042 αὐτοὺς
3465 3977 3634 4048 λέγει,

2063 4058 2360 4148 ὲπειδῆπερ
2404 4073 2669 4146 ἀργυρίου
2715 4072 2872 4144 δίκην
2924 4071 3166 4144 λαμπροὶ
3225 4071 3323 4141 μὲν
3379 4065 3518 4143 ἦσαν
3566 4072 3637 4143 τῇ
3686 4126 3693 4127 ,

2065 4169 2279 4222 πίστειο
2313 4166 2584 4239 ὑπηρέται
2612 4164 2671 4218 δὲ
2699 4166 2777 4228 είς
2811 4164 2911 4236 τὴν
2947 4163 3272 4231 Ἐκκλησίαν
3298 4164 3365 4235 τῇ
3396 4179 3627 4234 πνευμαο

2065 4263 2188 4332 τικῇ
2230 4261 2486 4315 ἑστιάσει.

2138 4370 2279 4441 Πζῖ.
2309 4372 2417 4426 Kal
2447 4370 2556 4443 (61)
2589 4369 2916 4427 ἁνὰκλιτον
2942 4367 3127 4423 αὐτοῦ
3161 4366 3443 4437 χρύσεον.

458 4462 638 4517 Anreo
680 4463 1028 4518 acclinatorio
1069 4470 1356 4533 martyres,
1411 4460 1623 4530 Opinor,
1672 4458 1954 4515 assimilat.

2129 4462 2352 4534 Χρυσῷ,
2383 4458 2556 4533 οἶμαι,
2576 4460 2847 4530 ἀνακλίτῳ
2868 4458 2995 4523 τοὺς
3025 4460 3307 4531 μάρτυρας
3329 4453 3636 4519 ἀπεικάζει.

384 4551 573 4624 Neque
596 4554 741 4609 enim
766 4565 923 4624 putes
948 4553 1172 4608 minoris
1193 4564 1312 4605 esse
1338 4550 1704 4619 apostolorum
1732 4549 1956 4604 chorum

386 4662 547 4714 quam
580 4656 899 4717 martyrum.
937 4645 1145 4698 Etenim
1176 4644 1276 4714 ipsi
1313 4656 1528 4711 quoque
1556 4640 1786 4715 apostoli
1815 4657 1959 4695 mar-

390 4734 588 4804 tyrium
614 4734 754 4802 passi
772 4741 917 4799 sunt,
946 4732 1270 4801 fueruntque
1288 4731 1505 4786 Christo
1520 4731 1958 4798 acclinalorium;

390 4841 514 4881 nam
559 4833 683 4880 ante
735 4824 975 4895 ipsorum
1024 4823 1281 4893 martyria
1332 4820 1653 4891 Unigeuitus
1706 4824 1956 4879 dixerat:

2066 4556 2177 4611 Kal.
2209 4554 2284 4626 μὴ
2312 4555 2542 4627 νομίσῃς
2576 4552 2833 4607 ἐλάττονα
2879 4550 2971 4604 τὸν
3017 4550 3127 4603 τῶν
3155 4548 3468 4604 ἀποστόλων
3502 4543 3637 4600 εἶναι

2065 4646 2225 4719 χορὸν
2255 4643 2348 4698 τοῦ
2377 4646 2485 4698 τῶν
2533 4644 2844 4717 μαρτύρων.
2881 4642 2991 4696 Καὶ
3021 4643 3131 4714 γὰρ
3171 4642 3266 4696 καὶ
3294 4640 3448 4694 αὐτοὶ
3473 4640 3637 4710 ἐμαρ-

2065 4737 2306 4809 τύρησαν
2350 4738 2401 4789 οί
2445 4736 2750 4799 ἀπόστολοι,
2784 4736 2875 4788 καὶ
2908 4734 3193 4803 γεγόνασιν
3235 4731 3522 4786 ἀνάκλιτον
3566 4728 3639 4798 τῷ

2066 4827 2305 4900 Χριστῷ.
2342 4828 2456 4900 Πρὸ
2477 4827 2586 4899 γὰρ
2609 4826 2707 4896 τῆς
2736 4826 2915 4881 αὐτῶν
2948 4823 3255 4898 μαρτυρίας
3280 4824 3310 4875 ὁ
3332 4819 3639 4890 Μονογενὴς

460 5004 505 5037 ⁸¹
543 5002 734 5058 Matth.
763 4979 1039 5065 xxvmﬂ.
1113 5001 1159 5033 ⁸³
1198 5000 1326 5056 ibid.
1363 5000 1416 5054 4.
1492 4997 1538 5030 ⁸⁸
1564 4997 1767 5055 Coloss.
1799 5014 1837 5065 ι,
1866 5000 1954 5056 24.

2059 5006 2078 5037 ⁸
2104 5006 2124 5058 ι
2148 5004 2272 5060 Cor.
2295 5021 2370 5071 vr,
2403 5006 2494 5062 20.
2571 5004 2616 5037 ’⁸⁸
2642 5005 2799 5061 Prov.
2832 5021 2907 5073 Ix,
2942 5006 2991 5060 Ι.
3069 5005 3113 5037 ⁸⁷
3136 5001 3314 5059 Galat.
3341 5019 3416 5070 ιι,
3442 5003 3496 5058 9.

465 5192 578 5263 (55)
621 5192 712 5247 Sic
744 5193 974 5248 fortasse
998 5189 1304 5261 legendum.
1346 5188 1544 5245 Omnes
1584 5187 1738 5244 codd.
1769 5189 1970 5246 habent

390 5263 683 5337 φερφεΰσηςτ

464 5328 578 5402 (56)
621 5328 752 5388 Ὁῦν
773 5349 836 5387 ex
866 5330 1057 5386 Vallic.

467 5399 579 5493 (577)
609 5404 785 5493 Verba
818 5403 1071 5493 A~postpli
1099 5410 1224 5457 sunt
1247 5400 1505 5493 δοξάσατε
1536 5401 1600 5475 δὴ
1622 5400 1723 5493 Ιἑτὸν
1748 5399 1973 5493 ΙΘεὸνῇξῖν

392 5470 732 5558 τῷᾲσώματι.
755 5473 929 5545 ὑμῶν.
966 5473 1229 5529 Caeterum
1262 5477 1312 5526 in
1349 5474 1435 5528 illa
1468 5470 1599 5527 voce
1615 5473 1722 5558 ἄρα
1748 5470 1975 5558 ίρτιειεεε

395 5540 665 5600 delitescit
703 5540 895 5615 ἄρατε,
927 5562 942 5593 ι
972 5552 1200 5611 portate,
1229 5563 1247 5596 ι
1286 5557 1448 5613 quam
1474 5540 1665 5596 vocem
1692 5540 1854 5596 habet
1881 5555 1973 5596 so-

393 5611 482 5670 lus
523 5616 649 5671 Novi
677 5614 1005 5669 Teslameuti
1044 5614 1295 5683 angatus
1331 5615 1616 5683 interpres.

470 5685 583 5761 (
617 5686 688 5761 [ἐκ
707 5685 891 5761 ,λέγων
925 5683 1027 5738 feci
1040 5682 1211 5761 λέγω.

473 5751 592 5828 (59)
630 5751 801 5812 γεμεθ’
850 5753 1168 5828 ἀργυρίους,
1201 5768 1316 5825 qua:
1345 5753 1505 5812 lcetio
1535 5751 1774 5824 pretime
1808 5767 1964 5809 acce-

2075 5193 2153 5248 dit
2177 5194 2250 5267 ad
2270 5194 2538 5267 Complut.
2570 5192 2854 5267 ἀργυρίου.

2056 5304 2066 5313 .
2112 5334 2115 5335 ν
2148 5264 2260 5335 (60)
2288 5260 2576 5319 Adnotavit
2607 5260 2776 5322 veter.
2824 5262 3095 5335 versionis
3122 5260 3635 5335 editgr._deﬁscriptq—

2077 5330 2166 5388 ris'
2193 5330 2399 5388 incuria
2425 5337 2612 5391 deesse
2642 5336 2726 5389 hic
2753 5349 2945 5389 nomen
2969 5332 3201 5400 Cephas.
3230 5330 3333 5383 Sed
3369 5334 3435 5383 ab
3467 5330 3635 5384 enuni-

2076 5405 2179 5460 bus
2209 5404 2373 5459 etiam
2403 5421 2537 5474 quos
2581 5405 2795 5473 quidem
2830 5402 3092 5466 noverim,
3118 5400 3322 5457 ercis
3348 5400 3645 5466 codicibus,

2079 5475 2205 5529 illud
2248 5488 2440 5529 nomen
2471 5476 2660 5529 abesse
2681 5474 2940 5539 comperi.

2151 5544 2263 5614 (6i)
2300 5545 2463 5598 Abest
2497 5543 2589 5599 καί
2613 5560 2663 5614 _a
2714 5543 2903 5614 “llic.
2955 5550 3011 5596 et
3041 5540 3202 5596 Barh.
3247 5554 3407 5610 quam
3449 5553 3641 5614 secem

2081 5608 2295 5683 reposui
2321 5630 2386 5667 ex
2414 5616 2585 5668 sacris
2612 5612 2818 5682 Bibliis,
2856 5626 2973 5667 cum
3009 5608 3411 5683 prmterea'eam
3449 5608 3645 5666 habeat

2077 5688 2237 5741 ctiam
2261 5693 2365 5740 vel.
2395 5684 2672 5754 interpres.
