4038 6134
392 220 461 274 87
809 269 820 287 ,
1506 216 1835 278 PiliLONlS
1875 221 2179 279 El’iSCOPl
2218 223 2536 280 CARPASH
3599 223 3672 280 88

467 355 486 389 ι
533 311 859 408 Egredimiui
883 376 898 398 ,
925 353 942 388 ι
983 334 1190 405 inquit,
1236 350 1298 411 ex
1351 335 1636 392 maledicto
1663 338 1796 410 legis
1812 339 1883 404 ⁸¹,
1909 341 1976 394 ab
2007 349 2049 401 Λ

389 429 693 484 Iudaeorum
726 427 1059 495 infidelitate,
1095 437 1150 484 et
1183 428 1508 484 «intuemini
1543 431 1594 484 in
1615 445 1796 501 regem
1819 430 1974 488 Salo-

390 536 572 584 mon,»
600 520 650 575 id
685 529 788 586 est,
813 519 866 573 in
895 519 1178 573 Dominum
1205 529 1446 574 nostrum
1464 518 1645 575 Jesum
1664 520 1969 589 Christum,

394 631 413 662 ‹
447 612 499 665 iu
532 627 731 667 corona
765 627 868 682 qua
895 611 1178 665 coronavit
1203 625 1324 665 eum
1349 619 1522 665 mater
1543 609 1680 680 ejus,
1711 630 1730 662 ›
1757 614 1973 682 quando

391 705 633 772 spineam
666 719 924 758 coronam
956 703 1264 759 Jndzcorum
1299 702 1583 774 Synagoga
1616 719 1780 772 super
1811 719 1970 774 caput

387 797 507 864 ejus
550 796 825 867 imposuit.
874 797 1004 850 Eam
1051 805 1229 850 autem
1263 806 1488 850 matrem
1520 796 1756 867 appellat
1791 797 1974 852 carnis

387 889 523 954 ejus,
551 897 836 958 propterea
862 888 1003 958 quod
1035 903 1099 942 ex
1125 886 1326 942 Judmis
1357 897 1512 943 ortus
1559 896 1643 943 est
1675 888 1970 943 secundum

385 994 630 1034 carnem.
682 979 806 1034 Dies
849 994 976 1034 vero
1027 980 1460 1050 deSponsalionis
1507 979 1644 1049 ejus,
1691 991 1818 1036 sunt
1864 991 1973 1036 tres

385 1072 502 1124 dies
529 1071 830 1140 passionis;
863 1080 990 1126 tunc
1012 1073 1154 1126 eim
1187 1082 1430 1128 sanetam
1459 1072 1600 1127 hanc
1626 1073 1973 1143 desponsavit

387 1163 710 1219 licclesiam.
747 1162 902 1220 Tunc
933 1175 986 1220 et
1015 1165 1155 1236 quod
1184 1175 1266 1220 est
1290 1166 1431 1234 apud
1463 1167 1658 1220 Oscam
1685 1165 1970 1221 oraculum

387 1255 666 1325 impletum
692 1264 810 1310 est:
861 1274 880 1308 ι
911 1255 979 1310 Ει
1022 1256 1360 1323 desponsaho
1395 1265 1444 1309 te
1481 1256 1612 1310 mihi
1661 1251 1714 1310 in
1764 1256 1887 1322 lide,
1918 1266 1972 1311 et

388 1360 681 1416 cognosces
705 1347 1069 1403 Dominum".
1096 1368 1115 1401 ι
1136 1348 1266 1402 Illud
1291 1363 1442 1414 vero,
1481 1366 1500 1400 ι
1521 1357 1575 1403 et
1593 1349 1643 1402 in
1662 1349 1748 1404 die
1774 1349 1971 1404 laetitia:

387 1439 570 1494 cordis
595 1441 701 1506 sui,
745 1459 765 1494 ι
791 1441 1118 1511 implebatur
1163 1442 1218 1496 in
1261 1440 1350 1496 illa
1392 1441 1480 1497 die
1514 1441 1738 1497 Pascha:
1770 1443 1823 1496 in
1864 1457 1970 1511 qua

389 1521 544 1580 Iesus
573 1526 816 1596 gaudens
843 1528 980 1582 dixit
1007 1527 1291 1598 discipulis
1319 1529 1432 1584 suis
1463 1547 1477 1584 :
1515 1547 1534 1582 ι
1575 1531 1853 1587 Desiderio
1880 1533 1972 1588 de-

388 1617 620 1673 sideraxi
649 1620 750 1675 hoc
780 1621 978 1689 pascha
1013 1624 1344 1680 manducare
1384 1623 1660 1679 vobiscum
1681 1625 1747 1678 ⁸³.
1788 1643 1809 1676 ›

1042 1885 1198 1942 CAP.
1233 1885 1322 1942 IV.

389 1974 522 2030 XCI.
554 1974 713 2031 Vens.
750 1978 795 2030 l.
841 1978 974 2032 Ecce
1017 1978 1236 2045 pulchra
1267 1996 1343 2043 es,
1374 1980 1620 2048 proxima
1663 1995 1813 2031 mea:
1858 1994 1974 2030 ecce

456 2068 677 2135 pulchra
703 2084 754 2122 es
773 2084 790 2119 :
822 2070 958 2120 oruli
981 2069 1061 2121 tui
1089 2068 1361 2134 columba,
1384 2078 1531 2121 extra
1557 2069 1973 2122 taciturnitatem

461 2168 631 2212 ιιιαηι.

459 2249 664 2307 Laudat
685 2250 844 2322 hujus
867 2250 1328 2320 pulchritudinem
1353 2267 1584 2322 sponsus
1605 2251 1722 2322 ejus
1752 2251 1970 2307 dicens:

393 2361 412 2393 ι
453 2341 588 2397 Ecce
619 2343 842 2411 pulchra
868 2357 950 2408 es,
993 2361 1011 2394 ι
1055 2359 1160 2398 nou
1193 2343 1381 2410 semel,
1417 2344 1511 2399 sed
1539 2345 1702 2400 etiam
1740 2344 1968 2399 iterum:

389 2433 610 2502 pulchra
641 2434 783 2489 enim
817 2451 921 2490 non
965 2435 1136 2490 solum
1166 2435 1290 2502 (ide,
1321 2439 1414 2491 sed
1453 2437 1615 2492 etiam
1652 2437 1782 2507 ipsis
1813 2436 1972 2506 jnsti-

390 2528 477 2582 tizc
507 2528 832 2584 actionibus.
861 2527 994 2608 illud
1030 2537 1235 2595 autem,
1266 2550 1298 2591 ,ι
1332 2528 1484 2585 Oculi
1516 2531 1590 2585 tui
1619 2530 1904 2590 columbae,
1947 2549 1964 2580 ι

389 2620 612 2676 laudant
631 2621 1032 2692 simplicitatem
1055 2633 1107 2680 et
1135 2623 1502 2679 innocentiam
1529 2623 1969 2679 intellectualium

392 2713 584 2769 animi:
621 2715 926 2770 oculorum.
966 2715 1098 2770 Illud
1138 2731 1289 2784 vero,
1333 2735 1352 2768 ι
1388 2715 1592 2771 Ρταιιει·
1626 2717 1971 2772 taciturnita-

393 2818 498 2858 tem
542 2815 712 2870 tuam,
759 2825 783 2859 ι
831 2805 992 2860 aliam
1031 2807 1485 2875 pulchritudinem
1525 2809 1732 2873 definit,
1777 2809 1828 2864 id
1867 2819 1971 2872 est,

393 2896 847 2953 taciturnitatem.
901 2899 1057 2968 Swpe
1090 2897 1235 2954 enim
1281 2899 1430 2954 multi
1473 2900 1548 2969 pii
1597 2901 1842 2956 homines
1879 2917 1975 2956 ore

390 2988 609 3057 quidem
648 2989 820 3054 taciti,
861 2991 957 3045 sed
996 2991 1159 3046 corde
1193 2989 1554 3048 vociferantes
1587 2994 1820 3048 orationi
1864 3009 1975 3050 sua:

2160 363 2177 394 ι
2223 341 2527 407 Ἐξέλθατε,
2560 337 2705 408 λέγει
2725 379 2737 398 .
2769 340 2878 393 ἀπὸ
2906 341 3002 408 τῆς
3039 339 3130 393 τοῦ
3166 341 3330 410 νόμου
3356 341 3621 411 κατάρας,
3649 361 3673 397 ι

2081 434 2190 486 ἀπὸ
2218 434 2316 504 τῆς
2362 433 2633 486 Ἰουδαίων
2683 431 2986 495 ἀπειθείας,
3033 451 3051 482 ‹
3077 432 3170 484 καὶ
3204 432 3342 484 ἴδετε
3375 434 3431 484 ὲν
3468 431 3545 504 τῷ
3580 433 3676 504 βαι

2083 527 2226 579 σιλεῖ
2255 525 2535 596 Σαλομὼν,
2559 545 2576 577 ι
2614 527 2752 597 ὅπερ
2783 526 2930 578 ἐστὶν
2963 526 3021 577 ὲν
3045 525 3123 596 τῷ
3152 526 3344 597 Κυρίῳ
3371 529 3402 596 ή
3413 527 3528 597 μῶν
3572 527 3672 599 ’Ῑηο

2080 615 2173 669 σοῦ
2205 615 2445 686 Χριστῷ,
2484 635 2501 667 ι
2526 619 2584 668 ὲν
2616 615 2695 686 τῷ
2733 616 2983 686 στεφάνῳ
3109 615 3486 685 ἐστεφάνωσεν
3511 616 3672 671 αὐτὸν

2077 709 2109 778 ή
2137 709 2318 778 μήτηρ
2338 707 2524 770 αὐτοῦ,
2546 727 2564 758 ι
2593 709 2681 760 ὅτε
2701 708 2790 761 τὸν
2813 706 3102 760 ἀκάνθινον
3123 706 3386 775 στέφανον
3407 708 3672 780 ἐπέθηκεν

2076 799 2241 852 αὐτοῦ
2269 802 2334 870 τῇ
2364 799 2576 871 κεφαλῇ
2599 803 2630 870 ἡ
2656 797 2764 854 τῶν
2798 798 3068 852 Ἰουδαίων
3093 798 3412 871 Συναγωγή.
3443 801 3670 871 Μητέρα

2073 887 2126 939 δὲ
2163 888 2263 958 τῆς
2321 890 2525 961 σαρκὸς
2575 889 2742 942 αὐτοῦ
2787 890 2990 959 ταύτην
3019 889 3192 953 καλεῖ,
3227 889 3414 961 ἐπειδὴ
3444 890 3504 942 τὸ
3532 890 3672 944 κατά

2076 979 2258 1052 σάρκα
2304 981 2362 1044 ἐξ
2420 982 2689 1036 Ἰουδαίων
2719 981 3013 1036 ἀνέτειλεν.
3059 981 3297 1052 Ἡμέραι
3343 981 3400 1033 δὲ
3431 982 3674 1051 νυμφεύ-

2075 1091 2214 1137 σεως
2247 1073 2412 1127 αὐτοῦ
2453 1076 2508 1126 αἱ
2552 1077 2701 1144 τρεῖς
2750 1076 2856 1126 εἰσι
2889 1073 2982 1127 τοῦ
3011 1074 3217 1137 πάθους
3241 1090 3256 1106 ο
3287 1074 3406 1126 τότε
3437 1074 3545 1146 γὰρ
3575 1077 3674 1148 τὴν

2075 1166 2238 1232 ἁγίαν
2291 1164 2492 1233 ταύτην
2550 1163 2877 1234 Ἐκκλησίαν
2930 1163 3312 1235 ὲνυμφεύσατο
3348 1163 3483 1234 (80).
3537 1165 3670 1219 Τότε

2074 1255 2258 1310 καὶτὸ
2301 1257 2358 1308 ὲν
2390 1255 2550 1327 Ὠσηὲ
2591 1254 2669 1325 τῷ
2713 1257 2971 1329 προφήτῃ
3020 1255 3254 1308 ἐτελεῖτο
3287 1255 3474 1328 ῥῆμα·
3519 1277 3536 1307 ι
3562 1258 3672 1314 Καὶ

2076 1349 2486 1420 μνη-στεύσομαί
2531 1365 2590 1401 σε
2637 1348 2864 1419 ἐμαυτῷ
2907 1350 2965 1401 ἐν
3007 1347 3209 1411 πίστει,
3264 1349 3360 1400 καὶ
3391 1349 3668 1421 ὲπιγνὼσῃ

2071 1441 2162 1493 τὸν
2202 1442 2427 1511 Κύριον.
2457 1460 2474 1491 ι
2513 1439 2586 1493 Τὸ
2615 1440 2691 1505 δὲ,
2729 1461 2746 1491 ι
2768 1441 2863 1493 καὶ
2892 1442 2949 1493 ὲν
2979 1439 3164 1510 ἡμέρᾳ
3194 1439 3500 1509 εὐφρασίας
3535 1456 3670 1510 καρ-

2071 1531 2190 1596 δίας
2217 1531 2440 1594 αὐτοῦ.)
2484 1533 2541 1584 ὲν
2575 1531 2762 1604 ἐκείνῃ
2791 1533 2856 1602 τῇ
2890 1531 3073 1602 ἡμέρᾳ
3111 1529 3206 1584 τοῦ
3238 1530 3453 1600 Πάσχα,
3482 1533 3538 1582 ὲν
3640 1533 3670 1584 ό

2086 1623 2293 1692 Ἰησοῦς
2333 1622 2758 1694 εὐφραινόμενος
2811 1621 2945 1691 φησὶ
2986 1624 3098 1685 τοῖς
3133 1619 3326 1674 ἑαυτοῦ
3361 1621 3664 1692 μαθηταῖςο

2008 1708 2048 1764 Β
2081 1734 2097 1764 ι
2143 1714 2435 1786 Ἐπιθυμίᾳ
2466 1715 2788 1784 ἐπεθύμησα
2822 1713 2981 1766 τοῦτο
3014 1715 3073 1766 τὸ
3107 1714 3292 1785 πάσχα
3324 1715 3517 1783 φαγεῖν
3547 1711 3667 1784 μεθ’

2079 1807 2250 1876 ὐμῶν.
2285 1825 2301 1858 ι

2737 1899 2892 1953 ΚΕΦ.
2936 1901 3006 1952 Δ’.

2077 1993 2192 2060 ιιΑκ
2244 1995 2336 2047 Στ.
2385 2001 2453 2048 α’.
2515 1993 2668 2049 Ἰδοὺ
2709 1995 2747 2062 ἡ
2783 1995 2895 2065 (81)
2939 1994 3096 2062 καλὴ
3132 1997 3167 2061 ἡ
3203 1995 3476 2061 πλησίοι·
3509 2009 3666 2064 μουο

2149 2087 2276 2140 ιδοὺ
2308 2087 2345 2154 τ’)
2375 2085 2531 2154 καλή
2555 2100 2566 2113 ·
2601 2087 2898 2157 ὀφθαλμοί
2922 2104 3039 2141 σου
3087 2087 3453 2155 περιστεραὶ,
3497 2085 3673 2154 ἐκτὸς

2149 2179 2259 2245 τῆς
2283 2177 2640 2245 σιωπήσεώς
2667 2194 2806 2231 σου.

2159 2270 2404 2322 Ἐπαινεῖ
2427 2266 2632 2337 ταύτης
2669 2266 2730 2318 τὸ
2761 2265 2956 2329 κάλλος
2987 2268 3014 2319 6
3047 2265 3252 2336 ταύτης
3287 2265 3539 2336 νυμφίος,
3567 2265 3670 2333 οὐχ

2076 2361 2224 2427 ἅπαξ
2268 2361 2461 2425 εἰπὼν,
2509 2380 2525 2411 ι
2558 2361 2690 2414 Ἰδοὺ
2738 2362 2770 2430 ἡ
2826 2360 2986 2431 καλὴ,
3020 2379 3036 2410 ι
3077 2361 3212 2414 ἀλλά
3252 2360 3346 2412 καὶ
3394 2358 3666 2428 δεύτερον.

2079 2455 2230 2526 Καλὴ
2259 2455 2388 2525 γὰρ,
2421 2455 2481 2506 οὐ
2518 2453 2681 2524 μόνον
2709 2457 2776 2524 τῇ
2809 2453 2991 2506 πίστει
3022 2452 3158 2522 (89.),
3187 2452 3322 2505 ἀλλά
3351 2453 3442 2504 καὶ
3476 2451 3671 2512 αὐταῖς

2073 2549 2192 2608 ταῖς
2224 2544 2455 2618 πράξεσι
2475 2545 2573 2614 τῆς
2593 2544 2962 2615 δικαιοσύνης.
2983 2543 3056 2596 Τὸ
3077 2543 3155 2609 δὲ,
3198 2561 3217 2593 ι
3243 2540 3542 2612 Ὀφθαλμοί
3571 2556 3670 2594 σου

2076 2637 2459 2708 περιστεραὶ,ι
2511 2637 2573 2688 τὸ
2619 2634 3017 2706 ἀκέραιον.(85)
3066 2635 3161 2687 καὶ
3203 2633 3264 2686 τὸ
3308 2634 3515 2687 ἄκακον
3563 2630 3669 2683 τῶν

2076 2727 2276 2798 νοερῶν
2311 2729 2409 2798 τῆς
2453 2726 2631 2797 ψυχῆς
2681 2728 2945 2798 ὀμμάτων
3005 2727 3238 2780 ἐπαινεῖ.
3281 2744 3299 2776 ι
3335 2724 3523 2788 Ἐκτὸς
3571 2726 3672 2793 τῆς

2079 2819 2400 2890 σιωπήσεώς
2431 2835 2546 2882 σου,
2574 2838 2592 2869 υ
2633 2819 2848 2889 ἑτέραν,
2874 2818 2973 2889 τὴν
3005 2817 3238 2887 σιωπὴν,
3270 2815 3514 2886 ὁρίζεται
3541 2816 3673 2870 καλ-

2076 2912 2258 2981 λονήν.
2297 2910 2564 2974 Πολλάκις
2597 2911 2708 2981 (81η)
2738 2911 2847 2980 γάρ
2883 2909 3067 2962 πολλοὶ
3094 2908 3203 2960 τῶν
3237 2908 3499 2971 εὐσεϐῶν,
3547 2909 3674 2960 στό-

2081 3021 2211 3074 ματι
2244 3001 2577 3067 σιωπῶντες,
2615 3001 2847 3071 βοῶντες
2887 3000 2942 3054 δὲ
2976 3004 3043 3072 τῇ
3076 2999 3293 3071 καρδίᾳ,
3326 3000 3566 3070 ὑπήκοον
3593 2998 3673 3068 τῷ

395 3087 564 3141 Deum
607 3086 992 3155 obaudicntem
1034 3089 1264 3156 faciunt,
1289 3089 1744 3158 quemadmodum
1777 3091 1972 3143 tacenti

2085 3073 2198 3165 Θεῴ
2251 3093 2528 3157 ποιοῦντες
2578 3093 2691 3164 (85)
2736 3093 2835 3164 τὴν
2890 3093 3077 3164 εὐχὴν,
3135 3093 3211 3156 ὡς
3292 3091 3369 3162 τῷ
3419 3091 3676 3162 μακαρίῳ

391 3183 551 3235 beato
573 3179 740 3250 Moysi
770 3181 971 3236 dictum
1005 3178 1140 3234 fuit:
1178 3199 1197 3232 ‹
1234 3179 1376 3247 Quid
1409 3180 1612 3235 clamas
1637 3181 1703 3234 ad
1730 3197 1815 3235 me
1833 3181 1916 3233 ⁸δῖ
1949 3201 1967 3235 ι

390 3282 445 3329 et
493 3271 636 3326 sicut
681 3272 838 3327 beata
877 3275 1022 3328 inter
1051 3272 1308 3330 mulieres
1342 3272 1494 3325 Anna
1529 3273 1693 3327 tacite
1728 3288 1895 3328 orans
1924 3273 1970 3305 ⁸³

392 3374 648 3428 magnum
677 3358 983 3428 Samuelem
1004 3363 1266 3418 orationis
1290 3377 1402 3418 sum
1432 3362 1673 3418 fructum
1700 3363 1863 3433 cepit.

464 3452 623 3509 XCH.
669 3452 1114 3522 Cnpiliuntentunt
1147 3465 1296 3508 tuum
1351 3464 1407 3508 ut
1447 3471 1624 3525 greges
1671 3471 1974 3524 caprarum,

390 3561 508 3618 qua:
529 3547 877 3600 ascenderunt
904 3562 970 3601 «ιε
1001 3544 1233 3601 Gulaad.

462 3638 860 3708 Capillamentn
905 3638 1128 3709 mystica
1167 3637 1280 3694 haec
1321 3638 1626 3708 Scriptura,
1673 3649 1731 3693 ut
1762 3639 1976 3708 opinor,

396 3730 661 3785 assimilat
685 3731 864 3800 p0puli
902 3731 1326 3797 multitudinem,
1357 3733 1510 3800 juxta
1539 3732 1855 3803 Apostoluut
1897 3733 1979 3786 di-

394 3833 660 3880 centem:
706 3844 724 3877 ι
783 3821 974 3878 Mulier
1027 3823 1072 3878 si
1122 3839 1330 3877 comam
1393 3825 1615 3891 nutriat,
1674 3826 1842 3895 gloria
1899 3835 1982 3880 est

396 3917 476 3972 illi
503 3917 571 3971 ".
602 3937 620 3970 ι
661 3917 829 3972 Coma
863 3933 994 3973 vero
1031 3917 1289 3972 Ecclesia:
1319 3928 1396 3972 est
1429 3918 1715 3974 multitudo
1755 3919 1932 3988 populi
1962 3937 1976 3973 :

397 4026 554 4067 coma
583 4013 726 4067 enim
753 4028 852 4082 pro
876 4012 1142 4067 velamine
1165 4011 1212 4067 ei
1250 4012 1373 4065 data
1401 3999 1504 4067 est.
1537 4013 1702 4068 Coma
1738 4015 1898 4083 igitur
1929 4022 1983 4065 et

395 4104 641 4160 velamen
687 4119 896 4174 sponsae
941 4105 1164 4170 Christi,
1205 4113 1288 4158 est
1333 4103 1620 4159 multitudo
1658 4105 1978 4174 pepulorum

392 4196 546 4266 juxta
583 4200 902 4268 prophetam
935 4198 1205 4253 dicentem
1233 4199 1316 4254 ⁶⁷ι
1363 4218 1382 4250 ι
1412 4197 1681 4254 Omnibus
1711 4197 1796 4251 his
1827 4199 1978 4267 quasi

2080 3189 2286 3259 Ηωῦσῇ
2322 3185 2599 3240 σιωπῶντι
2639 3185 2848 3258 ἐρρήθη
2871 3203 2882 3214 ·
2934 3204 2950 3235 ι
2973 3185 3038 3237 Τί
3076 3184 3206 3256 βοᾷς
3239 3184 3372 3255 πρός
3399 3201 3502 3254 με;
3533 3203 3549 3233 ι
3583 3182 3676 3236 καὶ

2079 3278 2155 3342 ὡς
2187 3279 2220 3351 ἡ
2258 3277 2508 3349 μακαρία
2559 3278 2618 3330 ὲν
2666 3277 2913 3346 γυναιξὶν
2957 3275 3254 3346 Ἀννα(86)
3293 3280 3470 3347 σιωπῇ
3522 3277 3675 3346 εὐχο·

2085 3371 2221 3440 μένη
2258 3371 2467 3442 καρπὸν
2501 3371 2667 3441 εὐχῆς
2695 3368 2935 3423 λαϐοῦσα
2963 3369 3054 3422 τὸν
3088 3368 3262 3440 μέγαν
3293 3369 3567 3440 Σαμουὴλ.

2157 3463 2270 3529 ιιιιν.
2321 3461 2585 3530 Τρίχωμά
2639 3477 2756 3514 σου
2806 3461 2887 3526 ὡς
2919 3459 3131 3529 ἀγέλαι
3164 3458 3280 3512 τῶν
3323 3457 3506 3528 αἰγῶν
3540 3455 3673 3528 (87),

2088 3551 2152 3605 ατ
2176 3552 2698 3619 ἀπεκαλύφθησαν
2735 3549 2845 3621 (88)
2874 3549 2994 3602 ἀπὸ
3023 3550 3130 3603 τοῦ
3158 3548 3426 3603 Γαλαὰδ.

2159 3640 2478 3716 Τριχὼματι
2512 3642 2572 3696 τὸ
2605 3641 2810 3712 πλῆθος
2851 3641 2942 3695 τοῦ
2981 3641 3111 3695 λαοῦ
3156 3640 3474 3704 ἀπεικάζειν
3522 3636 3672 3710 οἶμαι

2087 3739 2188 3810 τὴν
2249 3734 2518 3807 μυστικὴν
2559 3734 2762 3804 ταύτην
2805 3733 3053 3804 Γραφὴν,
3111 3732 3253 3786 κατά
3307 3731 3398 3784 τὸν
3445 3731 3672 3799 λέγοντα

2101 3827 2449 3882 Ἀπόστολον·
2489 3848 2506 3879 ι
2535 3826 2676 3898 Γυνὴ
2702 3826 2795 3880 ἐὰν
2826 3828 2992 3897 κομᾷ,
3023 3825 3148 3892 δόξα
3183 3826 3319 3896 αὐτῇ
3348 3824 3459 3896 (89)
3492 3828 3670 3878 ἐστι’»

2089 3921 2232 3990 κόμη
2272 3917 2329 3972 δὲ
2367 3920 2434 3990 τῇ
2486 3917 2802 3987 Ἐκκλησία,
2848 3916 2910 3970 τὸ
2955 3916 3157 3989 πλῆθος
3195 3915 3288 3970 τοῦ
3329 3915 3483 3976 λαοῦ,
3529 3917 3676 3987 ὃτιή

2089 4013 2232 4082 κόμη
2265 4010 2384 4064 ἀντὶ
2415 4008 2762 4082 περιϐολαίου
2801 4008 3030 4062 δέδοται.
3060 4007 3170 4061 Κοι)⁵
3200 4008 3344 4079 κόμη
3379 4007 3557 4060 τοίνυν
3581 4009 3672 4060 καὶ

2090 4103 2432 4177 περιϐόλαιον
2466 4104 2565 4173 τῆς
2601 4102 2694 4156 τοῦ
2727 4101 2969 4173 Χριστοῦ
3009 4102 3228 4172 νύμφης
3265 4103 3333 4156 τά
3358 4100 3538 4172 πλήθη
3567 4100 3678 4156 τῶν

2088 4197 2252 4263 λαῶν,
2287 4197 2428 4251 κατὰ
2456 4198 2547 4251 τὸν
2578 4197 2806 4266 λέγοντα
2837 4197 3144 4268 προφήτην·
3197 4215 3214 4246 ι
3235 4195 3452 4259 Πάντας
3481 4195 3676 4258 αὐτοὺς

398 4302 721 4347 ornamento
762 4291 1032 4357 vestieris,
1074 4303 1128 4348 ct
1165 4291 1530 4347 circumdabis
1567 4291 1660 4346 tibi
1702 4305 1797 4346 eos
1840 4291 1978 4346 sicut

2087 4290 2296 4343 ὲνδύσει
2349 4289 2484 4359 (90),
2556 4290 2650 4343 καὶ
2715 4287 2998 4360 περιθήσει
3068 4287 3268 4348 αὐτοὺς
3342 4285 3418 4350 ὡς
3475 4285 3677 4355 κόσμον

468 4431 510 4464 ⁸⁸
550 4429 730 4487 Galat.
767 4445 846 4492 ιιι,
882 4431 966 4485 15.

399 4503 487 4557 lii.
568 4503 612 4534 ⁸⁷
645 4501 750 4558 lsa.
775 4517 923 4568 xux,
955 4501 1039 4555 l8.

469 4629 580 4694 (80)
633 4629 1090 4698 Ἐνυμεοεύσατο
1143 4630 1387 4683 revocavi
1436 4645 1502 4686 ex
1548 4627 1679 4683 Vail.
1710 4638 1765 4682 et
1799 4628 1980 4692 Barb.,

397 4699 621 4760 CXltlliSO
648 4698 1002 4767 ὲνυμφεύετυ,
1032 4710 1089 4752 ιιι
1118 4699 1279 4754 habet
1311 4715 1487 4754 ureris.
1661 4744 1670 4754 .

470 4769 582 4838 (8|)
616 4764 910 4836 Utrobique
941 4772 990 4822 in
1030 4772 1200 4824 sacris
1232 4769 1418 4824 Bibliis
1445 4771 1542 4825 Gr.
1570 4770 1799 4826 habetur
1830 4764 1898 4834 εἷ,
1933 4778 1986 4823 et

398 4841 478 4895 sic
509 4840 631 4908 legit
667 4851 817 4894 vetus
854 4840 1149 4910 interpres.

473 4909 585 4982 (8'2)
621 4910 783 4964 Forte
831 4923 942 4964 vet.
1002 4908 1226 4978 interpr.
1263 4909 1451 4964 habuit
1493 4911 1546 4965 in
1593 4926 1690 4965 suo
1714 4908 1837 4965 cod.
1863 4908 1984 4960 πιό-

397 4983 663 5054 τητιζιιιιὶ
702 4983 871 5054 vertit
906 5001 924 5034 ι
965 4982 1305 5054 pinguedine.
1351 4999 1369 5032 ι

496 5051 586 5119 85)
638 5051 712 5105 Ita
741 5051 930 5108 Vallic.
967 5049 1220 5106 Mcndose
1249 5065 1401 5105 meus
1434 5049 1682 5122 etiBarb.
1710 5049 1990 5122 ἀκαίρεον.

497 5123 587 5186 81)
640 5122 884 5177 Pessime
916 5133 1024 5176 vet.
1076 5123 1343 5189 interpres
1375 5138 1390 5174 :
1421 5139 1439 5170 ι
1479 5121 1817 5188 Frequenter
1845 5121 1990 5175 enim

393 5191 552 5247 multi
583 5192 793 5260 piorum
825 5208 922 5246 ore
959 5199 1219 5252 tacentes,
1260 5191 1423 5246 corde
1455 5193 1744 5245 ohediente
1783 5192 1990 5246 oratio-

397 5280 524 5318 nem
557 5263 695 5331 apud
731 5263 896 5316 Deum
934 5262 1234 5330 probantur
1263 5261 1558 5317 aﬂnndere.
1605 5281 1624 5314 ι
1662 5261 1774 5315 Non
1812 5263 1990 5316 reddit

397 5350 585 5404 vorem
618 5332 869 5401 βοῶντες,
917 5348 1022 5402 qua
1057 5333 1278 5398 omissa,
1325 5348 1433 5388 non
1466 5343 1643 5404 potest
1676 5333 1824 5386 reddi
1864 5348 1986 5386 vera

395 5402 642 5459 Philonis
672 5404 958 5459 sententia.

473 5474 586 5548 (85)
615 5473 799 5548 Υιιιιίς.
826 5474 1126 5548 ποιοῦνται.
1159 5475 1326 5548 etsic
1365 5474 1576 5529 videtur
1602 5473 1910 5544 legendum.

469 5545 582 5616 (86)
613 5543 804 5616 γυιιίε.
850 5564 954 5602 non
995 5547 1157 5604 habet
1198 5544 1387 5602 Ἀννα.

469 5615 583 5685 (87)
610 5615 842 5684 Reposui
877 5633 942 5674 ex
975 5619 1146 5674 sacris
1192 5618 1347 5673 libris
1395 5616 1586 5686 αἰγῶν,
1634 5615 1722 5670 ubi
1753 5629 1900 5671 mcus
1931 5624 1983 5670 ct

395 5684 549 5745 Barb.
589 5683 772 5745 ἁγίων.

473 5702 549 5742 ro.
589 5702 772 5756 σγιων.

1067 4429 1112 4462 ⁸⁸
1145 4429 1268 4487 Ose.
1303 4445 1362 4494 tt,
1391 4429 1484 4483 ‘20.
1559 4429 1605 4461 ⁵³
1645 4428 1774 4483 Luc.
1820 4443 1954 4492 χιιι,
1993 4425 2080 4480 15.
2159 4427 2204 4458 ³⁸
2236 4428 2407 4482 Exod.
2445 4441 2553 4488 xiv,
2589 4426 2674 4480 15.

2756 4423 2803 4455 ⁸¹
2846 4427 2861 4475 ι
2895 4421 3025 4491 Reg.
3079 4436 3118 4486 ι,
3151 4421 3233 4475 ιδ.
3313 4419 3360 4451 ⁸⁸
3389 4418 3407 4471 1
3436 4420 3562 4473 Cor.
3597 4435 3674 4476 xl.

2167 4629 2276 4698 (88)
2336 4628 2500 4681 Vetus
2545 4629 2812 4696 interpres
2854 4626 3087 4698 videtur
3120 4625 3312 4694 legisse
3367 4622 3677 4698 ἀπέϐησαν,

2094 4693 2214 4767 quia
2242 4693 2398 4754 lectio
2417 4701 2468 4751 in
2498 4700 2659 4752 nullis
2678 4693 2954 4765 impressis
2981 4697 3163 4751 liihliis
3182 4693 3423 4764 apparet.
3449 4693 3677 4762 Vulgata

2094 4771 2284 4825 Latina
2319 4781 2494 4824 tamen
2533 4771 2714 4834 liabet,
2747 4788 2764 4819 ι
2799 4771 3178 4834 ascenderunt,
3205 4785 3222 4818 ›
3255 4767 3396 4834 quod
3439 4773 3522 4816 est
3570 4767 3674 4816 ἁπ-

2094 4841 2322 4912 έϐησαν.
2356 4840 2489 4912 Cum
2552 4855 2679 4893 vero
2735 4839 2928 4894 iterum
2992 4837 3190 4891 referat
3253 4837 3414 4912 paulo
3455 4835 3676 4912 infer-ins

2095 4904 2282 4964 eadem
2338 4911 2532 4973 verba,
2590 4927 2692 4963 non
2758 4921 2936 4963 tamen
2987 4923 3108 4961 cum
3169 4907 3334 4961 verbo
3393 4904 3673 4960 ἀπεκαλύς

2100 4982 2334 5068 φθησαν,
2387 4985 2480 5035 sed
2538 4997 2660 5068 cu‘m
2713 4981 2876 5068 verbo
2937 4978 3520 5068 dnéﬂnaa:a"_|iilcirt-o
3574 4977 3670 5027 ἁπ-

2099 5047 2308 5123 ἐϐησαν
2341 5055 2708 5118 reponendum
2770 5051 2857 5104 hic
2906 5061 3052 5119 puto,
3100 5047 3520 5123 unc.|e_librarius
3555 5061 3672 5098 eam

2098 5118 2283 5175 vocem
2339 5123 2519 5191 cjecit,
2581 5131 2797 5174 secutus
2837 5118 3102 5188 vulgatam
3140 5119 3424 5191 lectionem
3462 5118 3664 5191 errrem-

2095 5187 2400 5264 λύφθησαν.
2466 5193 2647 5264 I‘Zoque
2682 5191 2882 5264 magis
2942 5187 3305 5264 reponendum
3355 5187 3671 5264 ἀπέϐησαν,

2096 5259 2237 5332 quod
2262 5259 2386 5315 'tota
2417 5259 2732 5331 explanatio
2769 5265 2978 5332 nitatur
2999 5277 3059 5314 ea
3097 5274 3227 5332 voce
3259 5259 3567 5330 ἀπέϐησαν.

2169 5334 2281 5398 (89)
2313 5329 2563 5387 Mendose
2591 5348 2742 5386 mens
2777 5343 2832 5385 ct
2861 5331 3084 5384 Bttl'ilel‘.
3121 5329 3282 5400 αὕτη.

2166 5405 2275 5474 (90)
2295 5404 2527 5476 chvnd.
2543 5402 2896 5476 7€V§t5§n,_xa".
2911 5401 3243 5476 περιθήσεις.
3272 5399 3469 5476 [meum
3495 5407 3670 5476 autem

2094 5468 2239 5530 hunc
2256 5468 2518 5529 sicliztlies
2541 5475 2594 5528 in
2622 5468 2757 5527 Bibl:
2781 5472 2878 5528 Gr.
2899 5489 2911 5523 :
2932 5468 3138 5536 πάντας
3155 5471 3352 5535 αὐτοὺς
3375 5469 3449 5534 ὡς
3473 5468 3673 5539 κόσμον

2094 5544 2310 5618 ἐνδύσῃ.
2348 5544 2604 5618 δρᾷ-νει.
2623 5544 2820 5618 interp.
2858 5557 2962 5596 non
2992 5543 3200 5600 videtur
3230 5543 3481 5598 habuisse
3505 5540 3557 5595 in
3576 5553 3670 5594 suo

2092 5617 2211 5673 cod.
2251 5613 2408 5672 vctba
2435 5614 2541 5682 illa,
2576 5613 2648 5677 ὡς
2671 5613 2892 5684 κόσμον.
