4038 6134
319 234 390 287 89
1258 243 1663 309 ENARRATIO
1704 255 1771 310 IN
1812 257 2168 319 CANTICUM
2206 265 2679 328 (ZANTICOBUM.
3527 287 3598 344 $9

319 347 542 419 νύμφης
565 348 885 420 (91).Τὸδὲ,
917 372 932 402 ι
959 353 1498 429 ἀπέὗησαν(92)ἁπὸ
1529 367 1620 420 τοῦ
1639 369 1908 437 Γαλαὰδ,ι
1945 381 1989 438 Α
2019 391 2401 437 ornamentum

316 441 536 496 Γαλαὰδ
569 443 935 514 ἑρμηνεύεται
967 449 1237 502 κατοικία
1264 457 1632 524 μαρτυρίας·
1663 453 1825 516 αὗται
1855 464 1913 518 δὲ

315 534 486 598 ὄντως
515 534 984 608 ἀπεκαλύφθησαν
1008 540 1118 612 (95)
1157 543 1268 596 ἀπὸ
1296 549 1581 613 κατοικίας
1606 557 1914 628 μαρτυρίας

315 625 423 678 τῶν
447 643 506 678 τε
529 627 828 697 προφητῶν
850 629 945 681 καὶ
967 630 1300 698 ἀποστόλων,
1332 641 1754 710 μαρτυρούντων
1785 625 1851 698 ire
1862 646 1914 717 pl.

315 716 411 770 τοῦ
447 717 813 785 Μονογενοῦς,
851 721 946 772 καὶ
979 721 1125 793 ἔργῳ
1157 724 1257 789 τὰς
1298 729 1526 798 πράξεις
1567 733 1668 804 τῆς
1701 716 1913 806 μαρτυ-

321 809 445 878 ρίας
473 809 922 880 ἐνδεικνυμένων.
952 813 1044 865 Διὸ
1078 815 1136 866 ἐν
1174 817 1310 889 αὐτῇ
1338 814 1481 873 οἶδεν
1515 822 1604 876 διὰ
1626 824 1720 877 τοῦ
1748 827 1914 881 Δασὶδ

316 898 580 966 ψάλλειν·
621 900 773 953 «Καὶ
824 901 932 972 γὰρ
973 902 1042 956 τὰ
1088 906 1367 976 μαρτύριά
1414 926 1506 962 σου
1558 912 1753 985 μελέτη
1807 933 1910 986 μου

319 993 459 1053 ἐστὶ,
489 993 582 1044 καὶ
618 991 676 1044 αἱ
715 992 1068 1062 συμϐουλείαί
1113 1015 1214 1068 μου
1251 1000 1318 1052 τὰ
1356 1001 1698 1075 δικαιώματά
1747 1025 1904 1061 σου.»

318 1115 387 1125 -
410 1104 428 1135 ι
453 1087 563 1140 Καὶ
589 1085 813 1140 ἐλάλουν
833 1090 890 1141 ὲν
918 1091 1031 1151 τοῖς
1060 1094 1380 1164 μαρτυρίοις
1412 1113 1503 1149 σου
1538 1100 1783 1153 ἐναντίον
1815 1099 1911 1170 βα-

322 1177 534 1243 σιλέων,
572 1179 667 1232 καὶ
697 1179 799 1232 οὐκ
829 1181 1164 1252 ᾐσχυνόμην.
1196 1207 1217 1237 s

385 1353 502 1420 tJ".
549 1354 640 1408 Στ.
679 1353 746 1424 β’.
807 1355 1083 1424 Ὀδόντες
1123 1373 1244 1414 σου
1273 1362 1354 1428 ὡς
1382 1363 1593 1432 ἀγέλαι
1645 1367 1766 1422 τῶν
1817 1387 1910 1424 κε-

313 1444 652 1514 καρμένων,
687 1446 751 1499 ατ
774 1446 1086 1516 ἀνέϐησαν
1117 1452 1234 1506 ἀπὸ
1262 1453 1368 1508 τοῦ
1392 1457 1675 1525 λουτροῦ,
1704 1461 1767 1513 αἲ
1798 1461 1910 1516 πᾶ-

313 1555 420 1592 σαι
470 1536 936 1608 διδυμεύουσαι,
976 1543 1075 1596 καὶ
1114 1543 1455 1600 ἀτεκνοῦσα
1493 1550 1605 1602 οὐκ
1637 1549 1810 1605 ἐστιν
1839 1554 1910 1607 ἐν

311 1629 548 1696 αὑταῖς.

2431 399 2664 453 sponsae.
2707 407 2727 440 ι
2776 388 2926 456 Quod
2960 401 3144 451 autem
3176 386 3368 453 attinet
3400 402 3467 456 ad
3509 405 3595 458 illa

2018 471 2204 537 verba,
2256 491 2275 524 ι
2312 477 2673 532 ascenderunt
2728 484 2796 536 de
2848 483 3085 553 Galaad;
3119 505 3139 540 ι
3174 487 3376 546 Galaad
3431 495 3600 550 inter-

2018 574 2264 633 pretatur
2318 567 2570 623 habitatio
2619 572 2900 629 testimonii
2944 594 2962 630 :
3005 577 3132 646 ipsae
3180 590 3357 636 autem
3408 599 3595 641 revera

2015 657 2374 711 ascenderunt
2409 660 2476 714 de
2511 661 2845 718 habitatione
2876 669 3192 736 testimonii,
3225 674 3433 728 scilicet
3473 691 3598 744 pru-

2016 742 2300 809 phetarum
2341 753 2397 799 ει
2440 748 2831 815 apostolorum,
2867 754 2956 821 qui
2999 756 3067 809 de
3107 754 3398 826 Unigenito
3437 742 3594 814 testi-

2016 833 2253 886 monium
2287 835 2700 902 perhibuerunt,
2729 849 2783 894 et
2811 843 2986 910 reipsa
3042 848 3408 914 prmstiterunt
3434 851 3595 904 actio-

2015 936 2110 977 nes
2169 927 2476 984 testimonio
2533 943 2948 987 consentaneas.
3003 935 3296 1008 Propterea
3353 941 3421 995 de
3477 943 3593 1011 ipso

2014 1013 2373 1088 (testimonio)
2400 1035 2521 1076 cum
2549 1021 2716 1078 David
2747 1026 2896 1080 novit
2912 1028 3180 1097 psallere:
3211 1049 3232 1082 ι
3260 1031 3593 1092 Testimonia

2013 1113 2102 1160 tua
2141 1111 2420 1166 meditatio
2474 1129 2591 1168 mea
2639 1125 2744 1182 est,
2795 1129 2851 1173 et
2893 1122 3118 1176 consilia
3167 1141 3284 1180 mea
3330 1128 3595 1195 iustiﬁca-

2011 1201 2188 1256 tiones
2215 1205 2398 1257 tute".
2441 1224 2461 1257 ι
2495 1237 2561 1249 --
2593 1226 2612 1258 ι
2647 1208 2712 1263 Et
2757 1209 3016 1281 loquebar
3047 1215 3101 1268 itt
3138 1219 3463 1276 testimoniis
3491 1224 3594 1278 tuis

2012 1292 2064 1345 in
2097 1306 2386 1362 conspectu
2426 1312 2632 1367 regum,
2666 1308 2721 1354 ει
2750 1318 2853 1356 non
2883 1305 3259 1362 confundehar
3281 1311 3348 1364 ⁸⁹.
3387 1331 3405 1364 s

2083 1382 2260 1439 XCIII.
2307 1387 2546 1442 Vens.2.
2576 1390 2767 1446 Dentes
2816 1397 2895 1448 tui
2939 1407 2994 1450 ut
3032 1414 3210 1468 greges
3259 1402 3594 1460 detonsarum

2009 1491 2126 1544 quae
2149 1479 2499 1534 ascenderunt
2528 1482 2592 1536 de
2619 1482 2862 1552 lavacro;
2887 1503 3005 1557 qute
3033 1506 3212 1545 omnes
3246 1497 3590 1565 geminantes,

2008 1577 2056 1622 et
2079 1570 2273 1625 sterilis
2300 1587 2404 1626 non
2429 1585 2503 1628 est
2539 1575 2592 1628 in
2620 1576 2716 1634 eis.

387 1716 561 1786 Οὗτος
623 1725 651 1776 ὁ
709 1725 922 1794 στοῖχος
990 1726 1289 1798 συνέστησε
1347 1728 1416 1782 τὰ
1490 1734 1901 1805 προειρημένα,

2080 1747 2281 1803 Versus
2305 1748 2392 1804 hic
2416 1751 2699 1807 confirmat
2728 1769 2788 1809 ea
2824 1769 2945 1825 quae
2973 1757 3116 1812 dicta
3150 1769 3310 1815 sunt:
3342 1781 3361 1814 ι
3396 1761 3594 1819 Dentes

321 1833 340 1866 ι
390 1815 632 1879 ὐδόντες
659 1833 776 1881 σου,
815 1836 834 1868 s
871 1817 1068 1886 λέγων,
1111 1837 1127 1870 ι
1163 1819 1238 1884 ὡς
1267 1822 1459 1889 ἀγέλαι
1492 1824 1602 1878 τῶν
1630 1829 1908 1899 κεκαρμέ-

314 1926 444 1970 νων,
476 1926 494 1956 ι
523 1907 774 1960 τουτέστι
797 1926 815 1960 ι
841 1907 950 1960 τῶν
975 1909 1435 1982 ἀπεκδυσαμένων
1457 1914 1548 1967 τὸν
1564 1917 1792 1971 παλαιὸν
1817 1919 1908 1974 ἄν·

314 1999 534 2070 θρωπον
573 1997 669 2050 σὺν
694 2001 814 2062 ταῖς
852 1998 1082 2071 πράξεσι
1111 2001 1221 2072 (94)
1249 2004 1344 2056 καὶ
1366 2007 1486 2068 ταῖς
1511 2006 1848 2078 ἐπιθυμίαις.
1881 2030 1900 2064 ι

315 2088 502 2144 Εἰπὼν
533 2090 590 2143 δὲ
610 2132 625 2156 ,
662 2109 678 2140 ι
717 2089 774 2144 αἲ
808 2091 1080 2163 ἀνέϐησαν
1118 2093 1227 2146 ἀπὸ
1265 2095 1360 2148 τοῦ
1390 2095 1653 2169 λουτροῦ,
1694 2120 1712 2151 ι
1745 2101 1907 2171 δῆλον

314 2183 391 2246 ὡς
424 2181 525 2247 τὰς
555 2181 999 2254 βεδαπτισμένας
1041 2184 1189 2254 λέγει
1219 2185 1423 2257 ψυχάς·
1460 2189 1560 2254 τὰς
1589 2192 1906 2266 ἀποκεκαρ-

315 2276 482 2346 μὲνας
527 2277 626 2347 μὲν
667 2275 862 2346 γηίνας
904 2276 1162 2348 πράξεις,
1196 2278 1692 2354 λελαμπρυσμένας
1737 2285 1793 2339 δὲ
1837 2290 1904 2359 τῇ

311 2367 515 2421 πίστει.
566 2387 582 2419 ι
607 2369 673 2421 Αἳ
703 2368 876 2421 πᾶσαι
909 2369 1314 2440 διδυμεύουσαι,
1345 2373 1438 2426 καὶ
1473 2374 1772 2427 ἁτεκνοῦσα
1805 2377 1905 2429 οὐκ

313 2459 462 2513 ἐστιν
487 2463 544 2513 ἐν
573 2461 782 2523 αὑταῖς.
812 2481 830 2511 ι
855 2461 1182 2532 Κατὲὅησαν
1212 2463 1320 2534 γὰρ
1352 2464 1512 2534 μόναι
1541 2468 1620 2529 είς
1649 2467 1708 2520 τὸ
1741 2467 1903 2540 ὕδωρ,

315 2553 413 2606 καὶ
444 2551 715 2623 ἀνέϐησαν
755 2553 854 2605 σὺν
892 2551 968 2622 τῷ
999 2553 1140 2624 ἁγίῳ
1172 2555 1472 2626 Πνεύματι.
1511 2575 1530 2608 ι
1582 2558 1907 2612 Ἀτεκνοοσα

313 2645 376 2699 δὲ
427 2646 532 2698 οὐκ
567 2644 712 2698 ἐστιν
741 2646 796 2697 ὲν
825 2645 1047 2709 αὑταῖςο
1079 2665 1097 2698 ι
1146 2646 1351 2701 τούτων
1400 2648 1510 2719 γὰρ
1543 2649 1611 2701 τὰ
1647 2650 1812 2703 τέκνα
1855 2651 1906 2704 οἱ

314 2737 387 2790 δι’
413 2735 594 2790 αὐτῶν
627 2736 783 2790 πάλιν
809 2737 890 2800 εἰς
925 2737 1110 2790 πίστιν
1141 2738 1418 2810 σωτηρίας
1449 2739 1562 2810 (95)
1597 2740 1902 2812 ἐρχόμενοι.

314 2829 408 2881 Διὸ
438 2827 588 2897 λέγει
609 2845 625 2858 '

386 2923 497 2988 ιιιγ.
529 2921 618 2974 Στ.
649 2927 718 2989 γ’.
764 2921 864 2988 Ὧς
905 2922 1202 2992 σπαρτίον
1236 2924 1528 2978 κόκκινον
1574 2924 1684 2996 (96)
1731 2927 1904 2995 χείλη

312 3030 452 3068 σου.

2011 1839 2107 1905 tui,
2148 1859 2168 1893 s
2201 1841 2299 1906 ait,
2358 1859 2377 1893 ι
2412 1853 2468 1897 ιιι
2497 1859 2689 1916 greges
2732 1847 3116 1916 detonsarum;
3149 1871 3168 1902 ι
3197 1851 3298 1907 ltoc
3335 1864 3440 1918 est,
3473 1871 3594 1924 qua:

2013 1944 2032 1978 ι
2068 1939 2340 1984 exuerunt
2365 1941 2605 1986 veterem
2661 1934 2933 1991 hominem
2985 1953 3107 1993 cum
3153 1943 3364 1998 actibus
3394 1947 3507 2000 suis
3539 1956 3594 2002 et

2008 2018 2466 2086 concupiscentiis
2497 2022 2563 2075 ‘°.
2588 2041 2606 2074 ι
2638 2023 2773 2078 Cum
2800 2035 2979 2081 autem
3011 2031 3180 2086 dicit:
3213 2049 3232 2083 ι
3256 2048 3374 2102 qua:
3403 2049 3594 2090 ascen-

2009 2108 2205 2162 derunt
2237 2112 2306 2166 de
2333 2110 2572 2178 lavacro,
2598 2133 2616 2166 ι
2655 2116 3005 2173 manifestum
3033 2129 3119 2175 est
3153 2123 3453 2195 intelligere
3476 2128 3595 2181 aui-

2010 2214 2126 2254 mas
2161 2201 2500 2271 baptizatas;
2525 2219 2648 2275 quae
2683 2207 2924 2264 detonsa:
2956 2212 3172 2279 quidem
3211 2225 3336 2268 sunt
3363 2219 3592 2272 terrenis

2008 2294 2240 2359 actibus,
2266 2293 2550 2350 illustrataa
2597 2312 2730 2352 vero
2785 2313 2882 2368 per
2925 2301 3109 2357 fidem.
3137 2323 3156 2355 ι
3189 2301 3394 2360 Omnes
3425 2310 3594 2376 gemi-

2009 2393 2224 2449 nantes,
2261 2395 2317 2440 et
2363 2385 2650 2443 infecunda
2705 2405 2812 2445 non
2849 2401 2934 2446 est
2987 2397 3038 2448 in
3073 2397 3172 2452 eis.
3199 2416 3218 2450 ι
3277 2397 3416 2453 Solae
3446 2401 3588 2454 enim

2008 2479 2408 2534 descenderunt
2468 2481 2520 2534 in
2557 2496 2777 2551 aquam,
2830 2493 2884 2537 ει
2916 2488 3281 2542 ascenderunt
3309 2506 3430 2544 cum
3465 2491 3591 2559 Spi-

2015 2570 2119 2622 ritu
2158 2581 2372 2624 sancto.
2405 2589 2422 2621 ι
2457 2570 2743 2626 lnfecuuda
2773 2589 2906 2629 vero
2939 2591 3045 2629 non
3080 2589 3162 2631 est
3196 2579 3250 2632 in
3287 2582 3366 2634 eis
3394 2599 3409 2647 ;
3445 2599 3464 2632 ι
3497 2584 3593 2635 ha-

2010 2676 2126 2715 rum
2153 2661 2297 2715 enim
2333 2662 2422 2716 filii
2454 2675 2600 2730 sunt,
2630 2665 2720 2732 qui
2748 2680 2845 2736 per
2892 2666 3039 2734 ipsas
3096 2685 3285 2726 rursus
3329 2672 3397 2726 ad
3430 2670 3591 2728 fidem

2006 2752 2306 2809 Salutarem
2340 2767 2624 2811 venerunt.
2667 2743 2964 2827 Propterea
2997 2761 3162 2816 dicit:

2077 2935 2260 2992 XCIV.
2313 2935 2472 2992 Vens.
2503 2939 2558 2992 5.
2605 2936 2670 2992 Ut
2702 2940 2851 2994 restis
2886 2943 3129 2997 coccinea
3169 2942 3309 2998 labia
3331 2954 3446 3001 tua.

382 3108 639 3179 Σπαρτίῳ
677 3109 914 3178 κοκκίνῳ
956 3107 1245 3172 ἀπεικάζει
1279 3107 1347 3160 τὰ.
1376 3109 1526 3181 χείλη
1556 3110 1664 3162 τῶν
1706 3108 1899 3178 ὁμολο-

2081 3114 2227 3169 Resti
2265 3118 2534 3172 coccinea:
2555 3119 2822 3175 assimilat
2849 3122 2991 3176 labia
3023 3138 3213 3178 eorum
3253 3125 3343 3193 qui
3367 3127 3589 3193 sangui-

312 3200 549 3269 γούντων
575 3203 635 3254 τὸ
668 3195 808 3272 αἷμα
837 3201 932 3253 τοῦ
969 3199 1205 3271 Χριστοῦ
1231 3218 1244 3232 ⁸
1289 3201 1382 3254 καί
1409 3201 1614 3254 τούτων
1657 3202 1767 3272 (97)
1805 3200 1903 3271 βα-

311 3292 652 3364 πτιζομένων
672 3334 685 3353 .
719 3293 786 3346 δι’
822 3284 880 3346 οὗ
912 3294 1006 3346 καὶ
1037 3295 1069 3365 ἡ
1104 3294 1348 3364 σωτηρία
1375 3292 1454 3363 τῷ
1488 3293 1635 3362 γένει
1672 3269 1779 3346 τῗυν
1805 3296 1903 3348 ἀν-

311 3384 546 3457 θρώπων
580 3384 760 3455 ἐδόθη.
808 3384 1028 3456 Ἐπειδὴ
1075 3385 1245 3438 Ῥαὰϐ
1290 3387 1323 3455 ἡ
1365 3385 1536 3456 πόρνη
1569 3389 1794 3456 σημεῖον
1823 3387 1903 3450 εἰς

309 3479 408 3548 τὴν
444 3476 634 3548 Θυρίδα
679 3476 740 3528 τὸ
783 3477 1034 3530 κόκκινον
1068 3476 1308 3545 ἀπέδησε
1359 3475 1468 3546 (98)
1507 3477 1801 3548 σπαρτίον,
1836 3477 1902 3530 δι’

311 3563 374 3622 οὗ
408 3568 488 3639 τῷ
533 3569 668 3639 οἴκῳ
698 3569 870 3639 αὐτῆς
919 3567 1163 3639 σωτηρία
1214 3568 1529 3638 γεγένηται.
1578 3568 1767 3631 Οὕτως
1811 3569 1904 3624 καὶ

325 3659 624 3730 Ἐκκλησία
648 3659 740 3712 διὰ
769 3658 880 3711 τῶν
911 3660 1054 3713 ἰδίων
1088 3658 1292 3712 τέκνων
1325 3659 1575 3732 καθάπερ
1611 3661 1704 3714 ἐπὶ
1738 3659 1906 3732 θυρί-

313 3752 401 3815 δος
433 3751 527 3804 10-3
566 3752 834 3826 στόματος
874 3749 982 3820 (99)
1009 3750 1071 3804 τὸ
1103 3749 1353 3803 κόκκινον
1387 3751 1499 3823 ἔχει
1537 3751 1697 3805 τοῦτο
1729 3769 1906 3824 σπαρ-

315 3841 454 3895 τίον·
503 3841 572 3894 δι’
614 3830 676 3894 οὗ
737 3840 837 3911 τὴν
883 3841 1012 3912 περὶ
1049 3838 1151 3908 τῆς
1194 3839 1423 3911 Τριάδος
1473 3841 1762 3911 ὁμολογίαν
1808 3857 1907 3894 πε-

315 3935 560 4007 ποίηται.
590 3934 707 3987 ’Ἱνα
730 3934 788 3987 δὲ
825 3933 924 4003 τὴν
950 3933 1240 4002 ὁμολογίαν
1266 3933 1452 4003 σαφῶς
1477 3935 1718 4006 συστήσῃ
1754 3933 1850 4005 (1),
1870 3935 1904 4005 ἡ

313 4027 608 4081 ἀκολουθεα
642 4025 837 4098 μηνύει
871 4026 932 4078 τὸ
966 4025 1286 4096 προλεχθέν.
1317 4026 1457 4098 Φησὶ
1486 4026 1628 4098 γάρ·

383 4117 500 4186 ιιι).
537 4117 646 4172 Καὶ
674 4119 712 4186 ἡ
740 4115 924 4171 λαλιά
945 4133 1063 4172 σου
1098 4117 1285 4184 ὡραία
1303 4131 1316 4144 ο
1349 4116 1431 4183 ὡς
1462 4116 1734 4188 λέπυρον
1754 4118 1906 4188 ῥοᾶς

307 4208 516 4280 μῆλόν
546 4225 683 4263 σου.

387 4301 486 4355 Διὰ
508 4300 568 4352 τὸ
588 4301 849 4371 ὁμόχροον
877 4299 956 4370 τῷ
977 4298 1070 4352 τοῦ
1097 4297 1335 4369 Χριστοῦ
1368 4297 1583 4368 αἵματι.

387 4398 521 4463 1.52
571 4395 774 4461 Ἐκτὸς
811 4392 920 4462 τῆς
957 4390 1312 4458 σιωπήσεὼς
1336 4407 1476 4446 σου.

2005 3220 2125 3258 ιιειιι
2151 3203 2352 3260 Christi
2391 3207 2740 3274 confitentur,
2782 3220 2836 3264 et
2866 3225 3052 3265 eorum
3107 3215 3198 3282 qui
3248 3213 3593 3283 baptizantur

2007 3293 2058 3346 in
2088 3308 2154 3347 eo
2185 3295 2282 3363 per
2316 3309 2475 3362 quem
2511 3296 2657 3352 salus
2709 3298 2895 3365 generi
2952 3299 3191 3354 humano
3214 3311 3294 3356 est
3326 3303 3472 3356 data.
3499 3303 3593 3359 Et-

2003 3385 2149 3439 enim
2188 3384 2378 3440 Rahah
2413 3388 2671 3442 meretrix
2700 3389 2914 3458 signum
2965 3392 3032 3444 ad
3075 3391 3370 3446 fenestram
3399 3395 3590 3465 alliga-

2005 3477 2104 3538 vit,
2137 3477 2449 3532 coccineam
2513 3479 2696 3533 restim
2729 3480 2802 3544 ⁶⁸;
2855 3495 2950 3548 per
3003 3496 3166 3551 quant
3213 3483 3381 3551 ipsius
3407 3486 3588 3540 domui

2004 3566 2151 3622 salus
2183 3568 2324 3623 facta
2353 3579 2437 3625 est
2468 3571 2536 3624 “.
2561 3570 2636 3624 Ita
2663 3570 2904 3627 Ecclesia
2955 3589 3054 3643 per
3085 3589 3214 3629 suos
3248 3576 3409 3642 filios,
3445 3577 3591 3631 velut

2006 3660 2058 3713 in
2101 3659 2338 3715 fenestra
2370 3664 2505 3728 oris,
2530 3665 2842 3720 coccineam
2891 3665 3031 3721 hanc
3063 3666 3225 3721 habet
3247 3669 3460 3735 restim,
3495 3685 3592 3737 per

2004 3767 2168 3822 quam
2200 3751 2492 3808 Trinitatis
2538 3755 2942 3812 confessionem
2983 3757 3129 3812 fecit.
3156 3762 3336 3828 Atque
3359 3769 3418 3814 ut
3461 3776 3592 3814 con-

2008 3847 2302 3902 fessionem
2331 3848 2622 3903 manifeste
2658 3852 2963 3916 conlirmet,
3014 3866 3134 3920 qua:
3164 3864 3467 3921 sequuntur
3493 3853 3587 3908 de-

2006 3936 2217 3992 clarant
2240 3937 2293 3992 id
2318 3939 2462 4008 quod
2490 3954 2654 4009 supra
2685 3941 3019 4012 dictumest.
3054 3943 3144 3998 Ait
3172 3944 3349 3999 enim:

2079 4118 2239 4174 XCV.
2278 4121 2350 4176 Et
2380 4121 2585 4193 loquela
2617 4133 2708 4177 tua
2741 4125 2973 4193 speciosa
2999 4137 3018 4177 :
3043 4134 3097 4178 ut
3128 4133 3308 4178 cortex
3333 4123 3461 4176 mali
3491 4137 3592 4190 pu-

2007 4210 2134 4271 nici,
2160 4227 2292 4280 gena
2319 4223 2430 4267 tua.

2076 4303 2305 4371 Ρι-οιιιει
2332 4306 2564 4361 similem
2591 4308 2831 4362 colorem
2867 4323 2987 4361 cum
3023 4305 3223 4360 Christi
3265 4304 3550 4375 sanguine.

2080 4391 2263 4447 XCVI.
2308 4391 2511 4448 Prteter
2551 4398 2960 4450 taciturnitatem
2993 4405 3158 4448 tuam.

389 4531 435 4562 ⁸⁸
474 4527 615 4584 Psal.
646 4543 836 4592 cxvm,
861 4527 954 4581 24.
1029 4526 1075 4558 "
1117 4526 1244 4580 ibid.
1285 4523 1378 4576 46.
1455 4522 1501 4554 ⁸⁸
1548 4522 1759 4580 Culoss.
1816 4538 1896 4591 ιιι,

2061 4525 2105 4557 ⁸⁸
2135 4525 2247 4582 Jos.
2277 4543 2338 4592 ιι,
2373 4527 2460 4582 18.
2497 4528 2542 4560 ⁸³
2573 4527 2706 4583 Luc.
2742 4544 2853 4594 xix,
2882 4528 2935 4584 9.

391 4644 502 4716 (91)
534 4644 622 4699 Sic
664 4643 792 4712 legit
820 4652 927 4696 vet.
958 4641 1242 4710 interpres.
1279 4637 1383 4693 Sed
1407 4635 1504 4695 Gr.
1534 4637 1670 4693 Bibl.
1696 4639 1902 4693 habent

2013 4640 2182 4716 θείας,
2226 4661 2245 4692 ι
2282 4643 2377 4716 filii
2414 4644 2710 4716 increduli,-
2739 4664 2758 4698 ι
2793 4643 2809 4696 1
2847 4644 2990 4698 Petr.
3042 4661 3080 4716 ι,
3127 4644 3227 4711 Η,
3270 4645 3436 4702 τέκνα
3487 4647 3591 4700 ὕπ-

313 4734 525 4855 νυῗὲἒὶτ)
560 4784 700 4839 Hinc
750 4783 912 4838 etiam
985 4790 1196 4855 constat
1234 4786 1366 4855 δἐι.Δ
1414 4777 1641 4849 interpr.
1696 4778 1892 4855 legisse

316 4846 586 4910 in'sa'cro
646 4865 795 4908 textu
877 4869 984 4908 non
1051 4846 1575 4918 ἀπεκαλύφθησανί
1621 4849 1715 4904 sed
1754 4846 1894 4902 ’ἀπο

315 4927 646 5066 ἑϐῗεῗέθὶῖει.
678 4995 904 5064 interpr.
939 4992 1073 5063 legit.
1103 4990 1412 5063 ἀπέϐησαν,
1433 5004 1594 5059 quem
1622 5003 1822 5058 sequor
1849 4991 1903 5045 in

315 5083 654 5204 vc(9'~:)l'ef}r.
714 5143 898 5190 textus
948 5133 1096 5188 Pauli
1146 5131 1305 5187 habet
1340 5132 1438 5185 σὺν
1463 5132 1584 5192 ταῖς
1640 5129 1907 5202 πράξεσιν

315 5223 499 5343 “(3%)
529 5277 602 5330 Ex
630 5275 842 5331 duobus
882 5271 1238 5330 substantivis
1281 5271 1614 5343 nominibus,
1668 5285 1900 5343 quorum

314 5340 487 5400 unum
515 5348 652 5417 regit
681 5348 912 5399 alterum
935 5347 1000 5422 _in
1033 5344 1210 5422 patrio
1241 5357 1389 5408 casu,
1411 5341 1690 5422 interdum
1714 5340 1899 5422 .modo

315 5418 482 5485 prius,
537 5411 696 5471 m'odo
746 5411 1289 5485 posteriusposituin
1343 5421 1424 5466 est
1464 5411 1897 5485 _adject_i_vi_loco.

313 5479 578 5563 DeApriori
624 5479 759 5563 casti
811 5479 1326 5563 ΕιιιὶρὶιΙέ-Ηεσιιρα,
1371 5482 1560 5563 v._2f6
1598 5499 1613 5563 ξ
1646 5479 1900 5563 Καὶ-,μὲν

327 5551 616 5622 Ὀδυσσεὺς
644 5556 873 5632 ἔρχεται
896 5551 1096 5632 σιτουδῇ
1127 5552 1320 5632 ποδός,
1337 5572 1355 5604 ι
1377 5552 1651 5632 celeritate
1677 5551 1846 5632 pedis",
1875 5569 1894 5602 ι

313 5627 365 5681 td
391 5639 493 5691 est,
527 5646 545 5680 ι
571 5617 744 5682 celeri
775 5627 930 5695 pede.
965 5643 984 5675 ι
1021 5617 1096 5678 Ι)ιέ
1139 5623 1408 5677 )oslet‘iori
1437 5631 1560 5676 sunt
1592 5617 1755 5674 illaitt
1785 5617 1897 5672 No-

313 5709 380 5746 m
411 5695 763 5746 Testamento
808 5694 1072 5746 exempla.
1125 5639 1323 5746 iluhes.
1373 5709 1432 5746 ιι.
1481 5692 1534 5746 2.
1590 5691 1694 5745 υἱοὶ
1735 5690 1897 5744 amet:

313 5709 380 5754 To
411 5690 1072 5764 Testatuento'cxempla,
1127 5690 1323 5764 Ephes.
1373 5709 1432 5762 tt,
1481 5692 1534 5758 2,
1590 5691 1694 5745 υἱοὶ
1735 5690 1901 5744 amt.

2016 4712 2204 4782 ακοῆς,
2239 4731 2258 4762 ι
2292 4714 2381 4767 filii
2416 4715 2748 4768 ultedienles.
2798 4735 2818 4768 ι
2855 4717 2910 4768 Et
2944 4731 3006 4768 ex
3043 4715 3389 4770 Testamento
3413 4716 3591 4772 Veteri

2014 4781 2149 4850 Σοφέ
2200 4785 2347 4867 Σειρι
2392 4799 2522 4867 xvii:
2557 4785 2610 4867 ξ,
2650 4786 2861 4867 ἡμέρας
2895 4785 3154 4867 ἀριθμοῦ,
3191 4805 3210 4837 ι
3239 4788 3356 4841 dies
3398 4803 3592 4840 nume-

2012 4863 2158 4908 ratos
2192 4867 2206 4905 :
2249 4873 2268 4905 ι
2294 4861 2423 4918 etv,
2461 4855 2543 4915 10,
2571 4855 3075 4928 ὄνομαὰγιασμοῢ,
3113 4876 3135 4928 ι
3179 4872 3370 4912 nomen
3410 4871 3592 4928 sacro-

2010 4932 2253 4976 sanctum
2283 4941 2297 4978 :
2329 4946 2348 4977 ι
2383 4936 2436 4978 ει
2482 4941 2666 4997 usu,
2700 4927 2787 4990 1⁸2,
2821 4927 2974 4981 πόλιν
2999 4927 3357 4997 ἁγιάσματος,
3398 4945 3416 4978 ι
3463 4927 3594 4979 civi-

2016 5000 2176 5066 tatem
2217 5006 2480 5050 sanctam.
2526 5014 2546 5047 ι
2582 4996 2764 5060 Itaque
2793 4999 2892 5052 hoc
2921 4999 3038 5051 loco
3072 4999 3151 5061 εἰς
3175 4996 3368 5052 πίστιν
3417 5012 3594 5066 σωτη-

2017 5060 2137 5131 ρίας
2163 5068 2506 5126 vertendum,
2543 5083 2561 5116 ι
2609 5068 2674 5118 ad
2710 5069 2867 5120 fidem
2898 5060 3215 5123 salutarent.
3251 5085 3270 5118 ι

2087 5133 2197 5203 (96)
2217 5132 2342 5188 Haec
2366 5144 2448 5189 est
2485 5137 2644 5190 lectio
2666 5139 2795 5192 cod.
2821 5139 2973 5191 Alex.
3013 5137 3268 5191 Vaticana
3308 5136 3476 5193 editio
3505 5136 3590 5192 ha-

2013 5201 2194 5276 biti
2223 5206 2484 5276 σπαρτίον
2513 5207 2574 5259 τὸ
2605 5207 2876 5263 κόκκινον,

2086 5273 2196 5344 (97)
2221 5346 2230 5348 _
2255 5273 2351 5348 διό
2381 5276 2673 5348 VallicLAt
2709 5278 2868 5332 Barb.
2904 5275 3085 5333 τοῦτο.
3131 5275 3436 5348 Legendum
3465 5277 3589 5330 τού-

2010 5361 2109 5414 τῳ,
2141 5355 2196 5395 ιιι
2221 5346 2381 5414 habet
2409 5347 2525 5399 cod.
2563 5346 2822 5400 Mulinen.

2081 5415 2192 5485 (98)
2219 5413 2310 5486 Sic
2343 5415 2660 5486 legendum;
2705 5416 2924 5473 Barber.
2961 5429 3010 5473 et
3052 5416 3304 5472 Vallicell.
3335 5429 3389 5470 et
3438 5427 3588 5470 meus

2010 5488 2149 5541 male
2179 5485 2434 5538 ἀπέδυσε.

2081 5555 2334 5628 (99)Τῴ
2363 5557 2660 5626 στόματος
2703 5558 2908 5615 restitui
2943 5573 3005 5614 cx
3027 5559 3144 5615 cod.
3185 5552 3447 5614 Valliccll.

2081 5625 2158 5699 (1)
2194 5625 2385 5684 Vallic.
2418 5625 2708 5706 ὲτέιστήσῃ.
