4038 6134
416 262 480 316 9|
1518 253 1834 309 PHILONIS
1873 253 2181 312 EPISCOPI
2221 253 2543 310 CARPASII

3597 255 3668 310 5‘2

490 373 610 428 Non
651 379 851 438 tacere,
906 369 998 427 sed
1029 353 1279 424 confiteri
1346 377 1558 440 oportet
1603 385 1752 441 spem
1793 371 1994 427 saluta-

2171 369 2244 423 Οὒ
2271 368 2582 423 σιωπᾶσθαι
2609 367 2708 433 δεῖ,
2738 365 2851 422 ἀλλ’
2877 366 3250 436 ὁμολογεῖσθαι
3282 365 3378 437 τὴν
3405 366 3668 437 σωτήριον

419 479 555 520 τοιιὶ.

491 551 693 609 XCVII.
728 554 889 607 Vens.
915 552 970 606 ι.
1014 549 1162 605 Sicut
1196 551 1357 604 turris
1397 551 1568 606 Dat-id
1601 551 1791 606 collum
1821 559 2008 620 tuum,

418 662 535 717 qua:
563 645 822 714 aediﬁcata
853 654 924 696 est
959 645 1012 696 in
1043 641 1343 709 Thalpioth.
1471 627 1474 631 I

493 737 703 793 Collum
744 735 858 802 ejus
918 734 1109 790 delinit
1162 734 1455 789 humanum
1520 734 1681 792 Verbi
1717 737 1995 792 characte-

423 844 560 884 rem.
598 827 678 882 Ex
706 828 868 882 David
896 827 1038 881 enim
1069 837 1222 882 ortus
1267 835 1352 881 est
1383 827 1641 882 Dominus
1695 829 1992 883 secundum

423 936 662 975 carnem.
727 921 1074 975 Assimilatur
1113 935 1243 975 vero
1281 921 1432 974 turri.
1496 920 1684 975 Turris
1723 924 1869 976 enim
1914 922 1996 976 in-

425 1021 560 1076 star,
591 1012 680 1080 qui
721 1012 787 1064 ad
816 1027 940 1065 eam
973 1011 1318 1081 confugiunt,
1362 1011 1594 1081 protegit
1623 1025 1653 1064 a
1701 1009 1854 1064 bellis
1880 1011 1996 1065 dia-

419 1105 548 1159 boli.
587 1105 650 1156 Et
691 1105 839 1173 iuxta
870 1103 1038 1158 David
1073 1122 1089 1160 :
1139 1123 1157 1154 ι
1195 1102 1384 1158 Turris
1439 1101 1771 1157 fortitudinis
1802 1118 1830 1155 a
1858 1101 1997 1157 faeie

420 1194 624 1250 inimici
662 1194 727 1249 ".
757 1213 774 1246 ι
808 1223 874 1233 -
906 1212 922 1245 ι
960 1193 1090 1259 Quae
1118 1191 1382 1246 aediﬁcata
1427 1201 1510 1246 est
1548 1191 1600 1246 in
1632 1189 1942 1260 Thalpioth.
1967 1209 1986 1244 ι

421 1285 707 1354 Thalpioth
766 1286 1154 1356 interpretatur
1195 1284 1476 1340 excelsum.
1523 1283 1728 1338 Revera
1765 1284 1907 1338 enim
1941 1283 1995 1339 in

421 1379 637 1433 excelso
665 1377 838 1447 ipsum
877 1376 1123 1446 (collum)
1176 1375 1496 1431 aediﬁcatum
1545 1384 1648 1441 est,
1677 1374 1778 1430 hoc
1800 1385 1904 1442 est,
1941 1375 1993 1429 in

420 1466 598 1524 Verbo
635 1469 749 1534 Dei,
782 1470 922 1540 quod
955 1479 1080 1522 ante
1107 1467 1323 1522 secula.
1355 1485 1374 1519 ι
1407 1466 1638 1522 Verbum
1671 1485 1690 1520 ι
1724 1467 1889 1529 enim,
1921 1465 1998 1520 ait

423 1548 702 1630 Scriptura
728 1560 792 1626 “,
828 1580 846 1612 ι
880 1575 1006 1614 caro
1040 1559 1240 1614 factum
1288 1566 1392 1621 est,
1418 1567 1473 1612 et
1526 1557 1788 1612 habitavit
1814 1557 1866 1611 in
1896 1571 1995 1610 no-

419 1651 543 1716 bis;
577 1670 595 1702 ›
627 1659 722 1705 et:
765 1670 784 1702 ι
822 1650 1094 1719 Sapientia
1130 1649 1426 1704 redilicavit
1472 1647 1573 1704 sibi
1624 1648 1842 1703 domum
1869 1648 1936 1702 ⁸⁸.
1971 1666 1991 1700 ι

2105 460 2313 514 ἐλπίδα.

2174 555 2286 618 ιιΖκ
2328 553 2417 604 Στ.
2462 550 2524 605 δ’.
2566 550 2659 615 Ὠς
2696 549 2921 620 πύργος
2939 548 3114 603 Δασὶδ
3140 547 3434 618 τράχηλός
3466 561 3606 616 σου,
3636 550 3670 604 ό

2099 642 2552 712 ὼκοδομημένος
2576 642 2645 695 ἐν
2673 641 2745 712 (Ξ)
2777 641 3066 696 Θωπιώθ.

2179 732 2462 804 Τράχηλον
2496 733 2665 802 αὐτῆς
2703 731 2943 803 ὁρίζεται
2971 732 3063 785 τὸν
3092 731 3425 804 ἀνθρώπειον
3451 733 3541 788 τοῦ
3567 736 3672 791 Λό-

2104 839 2200 893 γου
2239 825 2583 896 χαρακτῆρα.
2649 825 2741 877 Ἐκ
2779 823 2940 877 Δαϐὶδ
2983 825 3091 896 γὰρ
3136 827 3163 877 ὁ
3202 825 3403 896 Κύριος
3433 827 3496 879 τὸ
3534 830 3672 884 κατὰ

2104 913 2302 986 σάρκα.
2349 915 2730 978 ’Δπεικάζεται
2774 915 2830 969 δὲ
2873 914 3097 986 πύργῳ·
3131 916 3316 987 ἐπειδὴ
3351 915 3560 987 πῦργου
3595 919 3674 971 δίο

2103 1023 2205 1076 κην
2244 1007 2370 1070 τοὺς
2398 1007 2490 1060 ὑπ’
2525 1007 2687 1060 αὐτὸν
2729 1009 3166 1076 καταφεύγοντας
3203 1008 3393 1061 σκέπει
3428 1009 3536 1063 ἀπὸ
3564 1010 3674 1066 τῶν

2103 1095 2196 1149 τοῦ
2226 1096 2471 1150 διαϐόλου
2507 1097 2778 1166 πολέμων.
2813 1098 2920 1150 Καὶ
2953 1095 3094 1150 κατὰ
3115 1096 3206 1150 τὸν
3235 1097 3397 1151 Δαϐίδ
3417 1114 3428 1125 ·
3473 1117 3492 1149 ι
3527 1098 3675 1169 Πύρ-

2103 1203 2199 1255 γος
2235 1186 2414 1256 ίσχύος
2445 1189 2552 1241 ἀπὸ
2581 1187 2872 1258 προσώπου
2909 1187 3123 1259 ἐχθροῦ.
3160 1207 3178 1238 ι
3210 1187 3282 1240 Τὸ
3311 1188 3389 1252 δὲ,
3426 1207 3445 1239 ι
3480 1189 3678 1260 ᾠκοδο-

2108 1275 2351 1347 μημένος
2389 1279 2446 1330 ἐν
2491 1275 2781 1342 Θαλπιὼθ,
2833 1296 2851 1329 ›
2889 1277 3140 1331 Θαλπιὼθ
3191 1278 3266 1348 (5)
3314 1278 3676 1348 ἑρμηνεύεται

2105 1368 2375 1435 ὑψηλόν.
2437 1368 2525 1422 Ἐν
2580 1367 2766 1439 ὑψηλῷ
2829 1368 2937 1438 γὰρ
2978 1369 3146 1432 ὅντως
3198 1367 3541 1440 ᾠκοδόμηται
3581 1371 3679 1424 αὺ-

2101 1457 2192 1520 τός
2217 1475 2229 1487 ·
2271 1458 2408 1530 ὅπερ
2453 1459 2620 1523 ἐστὶν,
2675 1460 2734 1512 ὲν
2783 1459 2862 1530 τῷ
2900 1457 2994 1512 τοῦ
3038 1458 3172 1512 Θεοῦ
3225 1460 3383 1530 Λόγῳ
3429 1459 3508 1531 τῷ
3573 1461 3680 1532 πρὸ

2103 1547 2332 1604 αἰώνων.
2367 1568 2386 1602 ι
2443 1550 2502 1604 '0
2534 1549 2706 1618 Λόγος
2744 1569 2763 1602 ι
2810 1551 2938 1622 γὰρ,
2975 1551 3128 1621 φησὶ,
3180 1567 3200 1600 ι
3255 1549 3392 1622 σὰρξ
3441 1551 3676 1620 ἐγένετο,

2105 1640 2195 1694 κα)¹
2221 1641 2528 1712 ἐσκήνωσεν
2551 1642 2608 1695 ὲν
2641 1642 2801 1712 ἡμῖν*
2840 1661 2858 1694 ι
2889 1643 3000 1709 καὶ,
3041 1661 3060 1694 ι
3121 1643 3187 1694 Ἥ
3219 1642 3378 1712 σοφία
3399 1643 3680 1714 ᾠκοδόμη-

421 1741 547 1796 Ilaec
570 1743 761 1798 domus
794 1743 844 1796 in
872 1742 1086 1797 excelso
1115 1741 1377 1796 aedificata
1412 1751 1494 1797 est
1524 1742 1575 1796 in
1611 1741 1768 1807 Filio,
1803 1755 1999 1797 secun-

2106 1749 2196 1786 σεν
2227 1734 2392 1804 ἑαυτῇ
2432 1729 2603 1788 οἶκον.
2626 1723 2659 1787 ἰ
2696 1729 2862 1798 Οὗτος
2904 1735 2933 1786 ό
2977 1730 3124 1798 οἶκος
3154 1737 3212 1789 ὲν
3249 1734 3436 1808 ὑψηλῷ
3477 1736 3678 1806 ᾠκοδο-

421 1830 550 1884 dum
579 1845 700 1884 eum
727 1831 818 1900 qui
861 1822 1024 1886 dicit:
1067 1849 1085 1882 ι
1138 1830 1240 1898 Qui
1289 1831 1340 1885 in
1373 1831 1498 1888 altis
1537 1833 1766 1897 habitat,
1796 1841 1853 1887 et
1897 1830 2000 1885 hu-

421 1922 569 1977 milia
602 1922 824 1990 respicit
856 1923 922 1976 “.
960 1941 980 1975 ι
1013 1921 1132 1976 Vin'
1161 1934 1214 1977 tu
1263 1938 1480 1979 omnem
1513 1937 1841 1993 cognoscere
1881 1921 2003 1976 alti-

422 2013 702 2068 tudinem?
729 2013 924 2080 Aspice
970 2028 1076 2068 non
1109 2015 1282 2069 solum
1319 2015 1372 2068 in
1404 2015 1498 2068 Dei
1529 2015 1787 2083 genitrice
1827 2013 2000 2066 Maria

421 2103 707 2159 aedilicium
751 2103 871 2158 Filii
903 2105 1158 2170 hominis,
1191 2105 1286 2159 sed
1319 2104 1446 2158 illud
1481 2105 1644 2158 etiam
1693 2103 1835 2174 quod
1861 2103 1998 2157 ultra

421 2199 593 2252 caelos
621 2208 739 2263 est;
773 2206 826 2252 et
850 2197 1028 2252 throni
1060 2197 1114 2250 in
1159 2195 1574 2264 dextera-positi
1615 2210 1738 2249 cum
1785 2203 2001 2264 stupore

425 2290 698 2344 demirare
744 2289 1107 2356 altitudinem,
1141 2303 1260 2356 qua:
1283 2287 1479 2341 dicitur
1511 2285 1822 2354 Tltalpiolh.

493 2379 722 2436 XCVIII.
750 2378 809 2434 Η
814 2381 902 2435 ille
928 2380 1093 2450 clypei
1117 2380 1340 2449 pendent
1368 2395 1528 2448 super
1551 2395 1688 2434 eam.

492 2475 694 2530 Omnes
747 2473 1002 2527 nimirum
1055 2472 1146 2541 qui
1202 2486 1232 2526 e
1274 2471 1490 2526 Christo
1545 2469 1808 2539 originem
1840 2483 1993 2522 suum

429 2568 672 2632 trahunt,
713 2574 854 2620 etes
911 2564 1110 2634 quibus
1163 2562 1279 2631 ipse
1334 2559 1480 2614 ducit
1528 2559 1815 2629 originem.
1864 2557 1998 2612 Cum

422 2675 552 2714 vero
583 2660 774 2714 audias
801 2656 968 2719 mille,
997 2670 1062 2710 ne
1092 2668 1378 2710 numerum
1407 2660 1614 2706 tantum
1640 2651 1868 2716 cogites,
1903 2649 2000 2706 sed

424 2761 479 2804 et
511 2749 718 2804 numeri
745 2748 1153 2817 perfectionem.
1783 2752 1789 2757 '

496 2839 682 2894 XCIX.
727 2837 920 2892 Omnia
938 2837 1121 2906 jacula
1157 2837 1472 2904 potentium.

495 2928 704 2993 Jacula,
742 2937 802 2982 ut
828 2930 1085 2995 arbitror,
1135 2927 1324 2982 dellnit
1370 2941 1491 2981 esse
1537 2940 1704 2997 opera
1730 2923 1996 2993 jnstillca-

425 3023 654 3083 tionum,
679 3021 873 3090 quibus
901 3021 1184 3077 confossos
1206 3019 1872 3100 inimicusprosternitur.

494 3133 556 3189 C.
589 3133 756 3188 Vens.
789 3133 842 3188 5.
885 3131 1002 3186 Duo
1050 3133 1212 3186 ubera
1253 3139 1345 3185 tua
1392 3147 1549 3201 super
1581 3131 1778 3195 vinum,
1804 3137 1860 3183 ut
1895 3131 1998 3182 duo

419 3224 628 3279 hinnuli
654 3224 862 3293 gemelli
891 3233 1116 3291 c'aprete.

497 3315 608 3369 Duo
633 3316 816 3380 ubera,
845 3325 904 3368 ut
929 3330 1093 3385 supra
1123 3315 1327 3370 dictum
1357 3321 1463 3380 est,
1491 3323 1617 3368 sunt
1655 3314 1762 3369 duo
1806 3312 2002 3368 Testa-

424 3415 626 3460 menta.
653 3406 723 3462 Ut
769 3407 904 3461 duos
954 3405 1207 3461 hinnulos
1253 3420 1462 3474 capreae
1494 3405 1623 3460 dicit
1668 3406 1840 3476 (quod
1887 3404 2003 3458 ani-

423 3497 530 3552 mal
572 3497 944 3552 acutissimum
981 3497 1198 3566 cernit),
1258 3497 1337 3551 sic
1389 3496 1482 3566 qui
1533 3511 1594 3552 se
1634 3497 1686 3550 in
1736 3496 2000 3565 spirituali

431 3591 656 3642 duorum
690 3586 1162 3642 Testamentorum
1188 3588 1540 3642 meditatione
1558 3598 1835 3654 exercent,
1857 3590 2001 3646 acuti

309 3713 312 3716 ι
425 3691 555 3736 sunt
581 3680 646 3734 ad
680 3680 1109 3749 intelligentiam.
1137 3679 1359 3734 Gemelli
1388 3693 1514 3734 vero
1546 3680 1754 3734 hinnuli
1783 3696 1993 3751 capreae

423 3773 699 3836 dicuntur,
757 3783 1043 3842 propterea
1111 3773 1254 3843 quod
1309 3772 1597 3842 dupliciter
1664 3773 2002 3843 aspiciuntur

425 3864 821 3918 sententiarum
848 3865 1086 3934 mysticae
1116 3864 1525 3941 enarrationes;
1575 3879 1695 3934 quae
1724 3873 1778 3918 et
1805 3879 2001 3920 secun-

427 3956 554 4010 dum
596 3957 853 4025 litteram,
889 3974 1044 4013 suam
1073 3961 1275 4015 habent
1322 3959 1628 4023 utilitatem,
1659 3967 1714 4014 et
1742 3957 2002 4028 spiritua-

426 4043 553 4100 Iiter
579 4047 748 4100 sacris
782 4048 1024 4103 initiatos
1049 4048 1344 4105 laetitieaut.

495 4161 579 4217 Cl.
623 4161 725 4228 Qui
751 4174 969 4232 pascunt
1013 4166 1149 4220 inter
1192 4165 1310 4220 lilia
1352 4167 1516 4220 donec
1559 4167 1757 4237 aspiret
1802 4168 1914 4222 dies
1955 4179 2002 4223 et

427 4265 735 4308 "taceantur
761 4256 976 4311 umbrae.
1410 4254 1417 4261 ’

499 4343 658 4399 Tales
681 4347 822 4399 enim
865 4344 1108 4418 (initiati)
1165 4360 1458 4418 pascuntur
1507 4348 1651 4404 velut
1675 4350 1816 4405 inter
1857 4350 1993 4416 lilia,
2028 4421 2032 4425 _

427 4435 484 4490 in
526 4436 722 4492 divinis
772 4438 1023 4507 eloquiis,
1089 4441 1260 4494 donec
1311 4443 1515 4510 aspiret
1580 4443 2000 4499 resurrectionis

425 4526 564 4591 dies,
597 4535 651 4580 et
675 4541 993 4584 moveantur
1025 4531 1232 4586 umbra
1265 4532 1424 4602 hujus
1454 4533 1597 4592 vitae.

498 4701 607 4755 CII.
651 4702 817 4757 Vsus.
854 4702 907 4758 6.
957 4701 1054 4759 Ibo
1086 4706 1215 4760 mihi
1243 4709 1312 4760 ad
1338 4720 1566 4765 montem
1595 4711 1825 4783 nigri-Iun
1851 4721 1898 4767 et
1930 4713 1998 4766 ad

425 4791 615 4846 collem
653 4792 862 4848 Libani.

2026 3069 2067 3125 C

2106 1826 2252 1897 μήθη
2293 1827 2352 1879 ὲν
2391 1825 2469 1896 τῷ
2502 1826 2615 1898 Υίῷ
2637 1867 2651 1892 ,
2683 1827 2825 1881 κατὰ
2855 1827 2944 1881 τὸν
2977 1827 3236 1892 λέγοντα⁹
3278 1847 3297 1880 ι
3344 1828 3402 1881 '0
3438 1829 3496 1882 ὲν
3538 1829 3679 1901 ὑψη-

2101 1915 2214 1980 λοῖς
2269 1917 2571 1983 κατοικῶν,
2617 1918 2711 1971 καὶ
2757 1918 2988 1972 ταπεινὰ
3027 1917 3260 1991 ἐφορῶν.
3319 1938 3337 1970 ›
3387 1918 3572 1984 Θέλεις
3621 1919 3680 1974 δὲ

2102 2009 2303 2078 γνῶναι
2335 2009 2396 2062 τὸ
2428 2008 2560 2079 ὕψος
2599 2010 2755 2076 δλον;
2787 2010 2894 2064 Ἴδε
2930 2011 2992 2064 οὐ
3029 2009 3196 2081 μόνην
3226 2011 3282 2064 ὲν
3321 2013 3386 2082 τῇ
3428 2010 3679 2083 Θεοτόκῳ

2101 2098 2290 2170 Μαρίᾳ
2323 2099 2610 2172 οἰκοδομὴν
2657 2099 2752 2153 τοῦ
2784 2098 2915 2153 Υίοῦ
2954 2100 3048 2153 τοῦ
3077 2099 3384 2172 ἀνθρώπου,
3412 2101 3549 2154 ἀλλὰ
3585 2104 3681 2156 καὶ

2101 2189 2201 2258 τὴν
2233 2189 2489 2244 ἐπέκεινα
2511 2189 2624 2244 τῶν
2663 2190 2930 2262 οὐρανῶν,
2966 2192 3059 2244 καὶ
3095 2192 3185 2246 τὸν
3221 2194 3278 2246 ὲν
3311 2192 3460 2264 δεξιᾷ
3491 2192 3680 2266 θρόνον

2103 2281 2482 2354 καταπλάγηθι
2513 2283 2575 2336 τὸ
2615 2283 2747 2353 ὕψος
2772 2284 2869 2353 (4),
2901 2285 3037 2356 ὅπερ
3061 2284 3278 2353 λέγεται
3310 2284 3589 2339 Θαλπιώθ.

2169 2372 2290 2438 ιιΗι.
2317 2374 2510 2427 Χίλιοι
2533 2374 2731 2442 θυρεοὶ
2767 2377 3088 2444 κρέμανται
3109 2376 3201 2428 ἐπ’
3229 2377 3426 2432 αὐτόν.
3539 2416 3556 2424 α

2173 2464 2382 2526 Πάντες
2420 2466 2468 2518 οἱ
2495 2463 2554 2529 ἐξ
2583 2465 2747 2519 αὑτοῦ
2787 2467 3266 2538 γενεαλογούμενοι
3289 2467 3434 2536 ἅγιοι
3453 2509 3466 2532 ,
3500 2467 3594 2520 καὶ
3619 2466 3677 2533 ἐξ

2103 2541 2177 2602 ὧν
2219 2550 2382 2614 αὐτὸς
2418 2552 2842 2622 γενεαλογείται.
2885 2556 3105 2621 Χιλίους
3147 2555 3202 2609 δὲ
3243 2558 3371 2610 ὅταν
3415 2555 3676 2628 ἀκούσῃς,

2105 2641 2180 2714 μὴ
2211 2643 2300 2696 τὸν
2333 2643 2566 2714 ἀριθμὸν
2599 2645 2717 2698 νόει”
2744 2647 2935 2718 μόνον,
2969 2647 3104 2702 ἀλλὰ
3137 2649 3230 2702 καὶ
3260 2647 3360 2721 τὴν
3422 2647 3516 2702 τοῦ
3550 2650 3676 2720 ἀρι-

2103 2731 2240 2804 θμοῦ
2264 2734 2594 2805 τελειότητα.

2173 2823 2286 2892 ι,Θ’.
2315 2825 2514 2890 Πᾶσαι
2537 2827 2787 2893 ,βολίδες
2817 2827 2932 2880 τῶν
2955 2827 3247 2882 δυνατῶν.

2171 2915 2413 2981 Βολίδας,
2439 2913 2610 2987 οἶμαι,
2637 2918 2734 2981 τὰς
2763 2917 2988 2989 πράξεις
3013 2919 3120 2972 τῶν
3152 2919 3537 2990 δικαιωμάτων
3561 2924 3679 2995 όρί-

2103 3006 2276 3072 ζεται,
2301 3007 2368 3060 δι’
2393 3001 2468 3062 ὧν
2491 3009 2986 3079 κατατοξευόμενος
3012 3011 3040 3063 ὁ
3065 3009 3256 3080 ἐχθρὸς
3282 3009 3572 3080 βολίςεται.

2176 3121 2254 3175 P'.
2291 3122 2380 3173 Στ.
2413 3127 2475 3176 ε’.
2508 3123 2622 3176 Δύο
2654 3123 2879 3191 μαστοί
2906 3139 3023 3178 σου
3041 3123 3194 3193 ὑπὲρ
3227 3119 3416 3192 οἶνον,
3443 3124 3525 3193 ὡς
3569 3126 3682 3181 δύο

2101 3212 2310 3296 νεϐροὶ⁵
2321 3212 2553 3282 δίδυμοι
2577 3212 2886 3281 δορκάδος.

2184 3303 2272 3368 Ὦς
2304 3306 2640 3377 προείρηται,
2677 3308 2871 3377 μαστοὶ
2902 3306 3014 3371 δύο,
3047 3308 3103 3362 αἱ
3145 3306 3239 3362 δύο
3263 3308 3549 3379 Διαθῆκαι.
3594 3311 3682 3374 Ὡς

2103 3397 2197 3452 δύο
2239 3398 2462 3468 νεϐροὺς
2489 3398 2741 3470 διδύμους
2793 3399 3236 3472 δορκάδος-λέγει
3271 3401 3352 3472 (τὸ
3391 3402 3527 3467 ζῶον
3558 3401 3681 3467 ὀξυ-

2103 3488 2332 3560 δερκὲς),
2367 3487 2508 3542 οὕτω
2546 3469 2642 3541 καὶ
2672 3491 2722 3542 οι
2753 3469 3253 3562 τὴν-πνευματικὴν
3281 3469 3394 3544 τῶν
3423 3490 3516 3544 δύο
3551 3493 3680 3544 Δια-

2105 3579 2288 3651 θηκῶν
2346 3579 2575 3652 μελέτην
2639 3581 3040 3653 ὲξασκήσαντες
3102 3583 3410 3656 ὀξυδερκεῖς
3472 3587 3550 3648 είς
3613 3583 3681 3637 τὰ

2103 3672 2350 3742 νοήματα
2399 3671 2749 3742 τυγχάνουσι.
2813 3673 3035 3744 Δίδυμοι
3087 3673 3145 3728 δὲ
3199 3675 3380 3746 νεϐροὶ
3430 3674 3680 3744 λέγονται

2105 3764 2383 3836 δορκάδος,
2410 3764 2600 3818 καθότι
2637 3765 2872 3835 διδύμως
2898 3765 3236 3838 καθορῶνται
3259 3765 3366 3819 τῶν
3395 3767 3681 3838 νοημάτων

2105 3859 2159 3909 αἱ
2183 3856 2440 3927 μυστικαὶ
2459 3856 2760 3927 διηγήσεις,
2787 3857 2879 3910 καὶ
2906 3856 3047 3911 κατὰ
3071 3859 3306 3929 γράμμα
3335 3858 3554 3929 ἔχουσαι
3581 3858 3681 3929 τὴν

2103 3946 2407 4015 ὠφέλειαν,
2435 3948 2531 4000 καὶ
2579 3947 2964 4018 πνευματικῶς
3008 3948 3393 4019 εὐφραίνουσαι
3428 3949 3504 4018 (5)
3552 3950 3681 4012 τοὺς

2109 4059 2178 4111 μυ
2187 4057 2335 4104 στας.

2174 4155 2297 4208 ΡΑ’.
2327 4151 2397 4208 Ol
2407 4155 2716 4224 νεμόμενοι
2743 4154 2813 4207 ἐν
2839 4154 3082 4223 κρίνοις,
3107 4153 3216 4219 ἕως
3243 4149 3315 4210 οὗ
3344 4155 3680 4226 διαπνεύσῃ

2104 4246 2144 4314 ιι)
2172 4245 2384 4314 ἡμέρα,
2414 4245 2512 4299 καὶ
2538 4243 2867 4312 κινηθῶσιν
2899 4247 2959 4297 al
3003 4245 3190 4300 σκιαί.

2176 4334 2452 4406 Νὲμονται
2492 4334 2600 4404 γὰρ
2632 4335 2680 4387 οἱ
2711 4333 2941 4387 τοιοῦτοι
2971 4332 3220 4403 καθάπερ
3251 4330 3312 4384 ὲν
3335 4332 3540 4405 κρίνοις
3573 4336 3687 4397 τοῖς

2107 4427 2202 4480 τοῦ
2255 4426 2390 4480 Θεοῦ
2431 4424 2740 4496 ἀνθρώποις
2782 4425 2880 4496 (6),
2921 4424 3027 4488 ἕως
3069 4418 3129 4476 οὗ
3175 4423 3471 4496 διαπνεύσῃ
3517 4427 3550 4494 ὴ
3589 4427 3687 4495 τῆς

2107 4516 2456 4581 ἀναστάσεως
2488 4516 2692 4589 ἡμέρα,
2724 4518 2818 4571 καὶ
2847 4517 3142 4589 κινηθῶσιν
3173 4518 3228 4570 αι
3259 4517 3407 4570 σκιαὶ
3436 4515 3527 4570 τοῦ
3569 4516 3685 4586 βίου

2105 4610 2315 4663 τούτου.

2179 4703 2298 4757 PB'.
2335 4703 2424 4756 Στ.
2457 4708 2528 4766 ς’.
2572 4702 2949 4770 Πορεύσομαι
2985 4699 3219 4770 ἐμαυτῷ
3245 4700 3394 4770 πρὸς
3432 4699 3492 4752 τὸ
3545 4699 3684 4769 ὅρος

2107 4793 2218 4860 τῆς
2264 4795 2569 4863 σμύρνης,
2613 4792 2712 4846 καὶ
2751 4792 2901 4861 πρὸς
2931 4793 3039 4848 τόν
3073 4792 3307 4858 ,βουνὸν
3348 4789 3455 4845 τοῦ
3511 4791 3686 4845 Λιϐά-

2107 4901 2217 4939 νου
2254 4883 2349 4956 (7).

498 5020 544 5052 “
579 5017 721 5073 Psal.
754 5017 923 5082 “,4.
970 5016 1016 5050 “
1040 5017 1196 5073 Joao.
1223 5033 1262 5082 ι,
1294 5018 1381 5072 Η.
1457 5019 1502 5052 ⁸³
1528 5018 1686 5074 Prov.
1726 5038 1801 5088 ιχ,
1841 5022 1892 5076 I.
1971 5022 2015 5054 “
2066 5022 2207 5078 I’sal.
2247 5023 2451 5089 cxn,5,
2485 5020 2536 5075 6.

501 5182 580 5252 (2)
609 5181 702 5237 Sic
729 5180 997 5248 Complut.
1031 5178 1204 5234 EtIitio
1236 5178 1415 5252 Vatic.
1434 5181 1596 5252 habet
1622 5184 1721 5247 είς.

499 5250 577 5323 ('5)
601 5254 674 5324 Ita
702 5254 820 5324 cod.
855 5252 1043 5324 Mn_tin.
1085 5252 1275 5306 Caeteri
1303 5250 1363 5304 τὸ
1399 5251 1456 5304 δὲ
1491 5252 1912 5324 ᾠκοδομημένος
1947 5253 2006 5308 ἐν

423 5321 679 5381 eamea
713 5321 1087 5392 ἑρμηνεύεται.

425 5395 576 5520 ωε)
599 5387 792 5464 ιιρεοί
816 5387 910 5446 καὶ
945 5390 1037 5444 τοῦ
1061 5392 1116 5447 ἐν
1147 5387 1295 5462 δεξιᾷ
1318 5389 1508 5464 θρόνου
1540 5393 1922 5467 καταπλάγηθι
1943 5393 2005 5447 τὸ

462 5483 581 5528 φοξ-

642 5533 803 5588 Barb.
874 5533 1275 5606 εὐφραίνονται.
1351 5532 1539 5591 Vallic.
1616 5533 2001 5606 εὐφραίνουσα.

429 5603 716 5676 Emendavi
751 5603 1155 5676 εὐφραίνουσαι.

505 5675 582 5746 (6)
648 5675 758 5732 Non
825 5673 999 5748 potest
1071 5675 1198 5734 ferri
1265 5676 1375 5734 lucc
1442 5674 1620 5734 lectio.
1690 5673 1834 5748 Lego
1902 5673 1992 5730 λο-

2109 5186 2273 5254 γίοιςο
2307 5192 2361 5238 et
2394 5182 2498 5238 tale
2552 5183 2802 5251 quiddam
2855 5183 3110 5238 habuisse
3154 5184 3366 5238 videtur
3404 5183 3456 5237 in
3491 5184 3682 5239 (ἔνιοι-ο

2108 5273 2206 5311 suo
2248 5255 2432 5309 codice
2479 5265 2632 5307 vetus
2666 5254 2964 5323 interpres;
2993 5254 3099 5323 (qui
3135 5263 3310 5307 tamen
3346 5255 3397 5307 in
3433 5255 3536 5308 hoc
3562 5254 3680 5308 Ioeo

2107 5326 2350 5394 sequitur
2385 5325 2466 5395 (ut
2494 5339 2638 5394 saepe
2684 5322 2936 5394 deinceps
2977 5322 3128 5396 facit)
3183 5324 3529 5389 sententiam,
3571 5340 3678 5378 non

2106 5400 2437 5536 κειῧίῗῖῖιειιί
2471 5472 2530 5536 nt
2559 5473 2664 5536 vel.
2701 5465 2988 5533 interpres,
3022 5480 3053 5536 c_
3089 5463 3153 5536 ad
3184 5463 3374 5536 collem
3407 5463 3612 5536 Libani,
3653 5482 3671 5514 ι

2110 5533 2371 5605 οιίὶρεἱιιε
2400 5533 2643 5589 Philonis
2667 5544 2947 5605 mentemi
2967 5534 3055 5601 qui
3104 5534 3155 5587 in
3187 5535 3544 5604 explicatione
3575 5534 3675 5605 Im-_

2102 5606 2192 5676 jus
2219 5602 2427 5676 renisus,
2458 5619 2560 5659 non
2591 5605 2783 5675 accipit
2816 5602 3051 5660 Λιϐάνου
3080 5619 3178 5676 pro
3231 5602 3271 5657 ι’
3295 5606 3470 5671 thure,
3508 5621 3526 5656 ι
3553 5603 3676 5669 ,εριΙ

2102 5669 2202 5748 pro
2244 5694 2262 5731 ι
2301 5669 2520 5732 Libano.
2557 5691 2576 5726 ι
