3986 6128
433 341 524 392 111
1545 325 1860 382 Pulli.)le
1899 322 2203 378 EPISCOI’I
2240 319 2552 376 CARPASII

3561 312 3667 373 1ἱῖ

430 460 654 516 hnntur,
687 467 789 506 non
822 454 1024 508 terreni
1059 453 1414 522 principatus,
1438 450 1530 502 sed
1565 447 1716 517 regni
1740 446 1997 501 caelestis.

2116 441 2281 494 κελλοι
2307 439 2625 511 γράφονται,
2662 438 2761 490 οὖν.
2787 436 3034 504 ἐπιγείας
3059 435 3252 506 ἀρχῆς,
3287 433 3398 487 ἀλλ’
3430 435 3667 505 ἐπουρα-

429 546 521 600 llla
560 550 752 609 verba,
807 562 825 595 ι
857 559 1018 613 super
1065 543 1293 612 lapidem
1337 539 1681 608 sapphirum,
1710 557 1727 589 ι
1782 538 1830 591 id
1871 547 1998 606 puto

431 635 738 704 signiﬁcare
761 676 776 701 ,
826 637 965 704 quod
1011 634 1463 704 quemadmodum
1494 631 1806 699 sapphirus,
1841 628 1998 698 quid-

429 727 557 796 quid
617 741 782 796 prope
825 727 924 781 sibi
973 736 1085 791 est,
1128 725 1194 777 ad
1232 738 1291 777 se
1343 723 1542 776 trahit:
1580 721 1652 774 ita
1693 729 1998 773 sanctorum

431 817 579 869 chori
602 831 694 869 eos
727 816 996 870 deducunt
1033 830 1213 868 secum
1257 813 1321 864 ad
1355 825 1577 879 regnum
1617 807 1874 861 cmlorum
1910 806 1999 875 qui

431 907 697 960 accedunt
729 907 793 958 ad
817 921 1000 959 eorum
1023 905 1346 958 doctrinam.

501 996 653 1050 CLV.
686 997 844 1049 Vens.
892 995 976 1049 15.
1011 994 1181 1048 Crura
1218 995 1330 1062 ejus
1373 993 1627 1049 columnae
1675 1009 1998 1048 marmor-etv.

509 1083 678 1135 Crura
711 1091 879 1135 totum
913 1098 1108 1152 corpus
1149 1090 1384 1152 portant,
1407 1082 1854 1150 quemadmodum
1876 1097 2003 1150 apo-

435 1173 556 1228 stoli
591 1173 754 1227 veluti
785 1173 1046 1227 columnae
1077 1174 1385 1226 universam
1422 1183 1636 1243 portant
1686 1173 1999 1227 Ecclesiam.

435 1263 749 1318 Marmorea:
785 1277 912 1317 vero
956 1263 1294 1332 appellantur
1340 1275 1560 1333 propter
1595 1265 2000 1325 ﬁrmitudinem,

434 1363 654 1422 propter
697 1354 1041 1407 stabilitatem
1065 1393 1078 1414 ,
1106 1365 1322 1424 propter
1358 1355 1665 1423 puritatem.
1699 1355 1818 1408 Haec
1857 1356 2000 1407 enim

435 1447 612 1499 omnia
647 1458 770 1499 sunt
796 1448 846 1498 in
871 1445 1126 1513 apostolis
1164 1456 1380 1514 propter
1424 1445 1544 1500 ﬁdei
1586 1446 1931 1500 soliditatem.

504 1620 681 1676 CLVI.
713 1618 973 1673 Fundam
999 1636 1155 1685 super
1178 1620 1325 1672 bases
1357 1635 1567 1674 aureas.

506 1711 561 1764 Id
584 1721 686 1773 est,
717 1726 876 1778 super
909 1710 997 1764 Dei
1029 1713 1300 1763 mandata.

2101 534 2212 585 νίου
2264 531 2555 601 βασιλείας.
2596 530 2668 582 Τὸ
2721 529 2814 591 δὲ,
2891 544 2908 577 ι
2953 529 3046 581 ἐπὶ
3078 526 3224 579 λίθου
3274 525 3595 596 σαπφείρου,
3641 542 3662 576 s

2101 618 2256 692 οἶμαι
2279 663 2290 685 ,
2337 621 2631 690 ἐπειδήπερ
2659 622 2686 672 ὁ
2717 619 3014 689 σάπφειρος
3034 657 3048 679 ,
3085 610 3130 684 ᾧ
3175 615 3489 687 πλησιάζει,
3513 614 3670 668 τοῦτο

2107 716 2243 785 πρὸς
2286 713 2474 764 ἑαυτὸν
2511 711 2719 780 ἐπισπᾷ
2740 726 2752 738 ·
2783 709 2954 770 οὕτως
2983 709 3074 761 καὶ
3106 707 3212 760 τῶν
3240 707 3409 776 ἁγίων
3433 707 3482 758 οἱ
3521 705 3665 777 χοροὶ

2106 805 2224 875 μεθ’
2249 803 2454 856 ἑαυτῶν
2480 803 2602 866 τοὺς
2636 801 3028 871 πλησιάζοντας
3061 798 3240 852 αὐτῶν
3262 802 3327 870 τῇ
3355 797 3670 867 διδασκαλίᾳ

2103 898 2183 958 εἰς
2218 895 2315 963 τὴν
2345 894 2450 946 τῶν
2481 893 2722 964 οὐρανῶν
2758 893 3016 960 ἀνάγουσι
3047 891 3159 960 (79)
3194 890 3488 960 βασιλείαν.

2171 985 2339 1036 PNE'.
2363 985 2449 1036 Στ.
2482 989 2558 1035 ιε’.
2593 981 3050 1051 Κνῆμαιαὺτοῦ,
3072 983 3283 1034 στύλοι
3293 980 3665 1049 μαρμάρινα.

2177 1075 2240 1126 Ai
2273 1073 2477 1141 κνῆμαι
2512 1072 2573 1124 τὸ
2598 1074 2703 1125 πᾶν
2735 1073 3056 1142 βαστάζουσι
3078 1071 3170 1123 τοῦ
3204 1069 3471 1139 σώματος,
3497 1067 3669 1121 καθά-

2105 1179 2210 1235 περ
2243 1163 2338 1215 καὶ
2384 1165 2432 1216 oi
2481 1162 2767 1215 ἀπόστολοι
2807 1162 3012 1214 στύλων
3045 1161 3199 1231 δίκην
3230 1160 3327 1230 τὴν
3359 1160 3539 1212 πᾶσαν
3574 1159 3674 1229 βα-

2106 1254 2392 1316 στάζουσιν
2465 1251 2809 1320 Ἐκκλησίαν.
2861 1251 3213 1321 Μαρμάρινοι
3253 1249 3310 1302 δὲ
3358 1248 3668 1316 κέκληνται,

2103 1342 2190 1396 διὰ
2219 1342 2316 1414 τὴν
2342 1341 2698 1410 στερρότητα,
2726 1341 2813 1393 διὰ
2839 1340 2935 1410 τὴν
2967 1340 3304 1410 ἑδραιότητα,
3340 1339 3428 1392 διὰ
3449 1339 3543 1408 τὴν
3570 1355 3670 1390 γα-

2105 1433 2396 1504 θαρότητα.
2434 1434 2476 1485 Τ
2480 1432 2618 1484 αὕτα
2651 1433 2758 1503 γὰρ
2803 1433 2978 1486 πάντα
3023 1434 3136 1494 τοῖς
3170 1430 3342 1498 ἁγίοις
3385 1430 3673 1500 πρόσεστιν

2104 1522 2436 1586 ἀποστόλοις,
2463 1521 2550 1575 διὰ
2573 1521 2633 1574 τὸ
2662 1522 2974 1592 στερέμνιον
3007 1521 3104 1591 τῆς
3136 1520 3388 1582 πίστεως.

2178 1616 2363 1681 PNQ”.
2393 1613 2884 1683 Τεθεμελιωμέναι
2912 1613 3005 1666 ἐπὶ
3030 1611 3246 1676 βάσεις·
3275 1607 3526 1677 χρυσᾶς.

2179 1707 2354 1776 Ὅπερ
2383 1706 2550 1768 ἐστιν,
2577 1707 2668 1757 ἐπὶ
2703 1705 2798 1768 τὰς
2830 1704 2923 1757 τοῦ
2957 1703 3089 1756 Θεοῦ
3117 1702 3352 1764 ἐντολάς.

506 1801 705 1858 CLVII.
733 1801 935 1871 Species
962 1801 1073 1869 ejus
1115 1811 1169 1855 ut
1215 1800 1444 1856 Libanus
1467 1843 1482 1865 ,
1531 1803 1722 1857 electus
1753 1809 1808 1855 ut
1837 1802 1999 1855 cedri.

2168 1798 2336 1849 PNZ'.
2379 1792 2557 1860 Εἶδος
2602 1796 2788 1849 αὐτοῦ
2817 1796 2896 1859 ὡς
2936 1797 3219 1859 Λίϐανος,
3269 1794 3550 1859 ἐκλεκτὸς
3589 1794 3672 1864 ὡς

507 1977 680 2047 Ipsius
731 1974 930 2030 Christi
985 1974 1373 2028 immanitatem
1417 1971 1678 2026 assimilat
1733 1969 2005 2025 veteribus

438 2069 612 2140 justis.

506 2158 727 2216 CLVIII.
776 2157 937 2210 Vens.
975 2155 1058 2210 I6.
1111 2153 1307 2208 Guttur
1345 2153 1458 2222 ejus
1484 2152 1723 2216 dulcedo,
1772 2161 1819 2206 et
1865 2159 2004 2204 totus

440 2253 772 2308 desiderium.

512 2341 804 2396 «Esmnato
828 2338 1080 2393 ntelliﬁua
1111 2335 1274 2391 verba
1306 2335 1606 2390 dulcedinis
1627 2332 1860 2402 gutturis
1887 2331 2006 2402 ejus

439 2450 508 2489 ex
544 2435 715 2488 sacris
750 2431 1047 2500 Scripturis
1071 2471 1086 2493 ,
1121 2429 1310 2483 saltem
1354 2428 1531 2498 aliqua
1580 2443 1647 2480 ex
1692 2435 1882 2496 parte:
1910 2439 2005 2479 ne-

439 2539 547 2592 que
570 2523 711 2578 enim
741 2522 920 2576 omnia
960 2520 1181 2590 poteris.
1235 2537 1254 2570 ι
1280 2518 1476 2573 Guttur
1517 2517 1633 2584 eius
1671 2517 1917 2578 dulcedo,
1953 2524 2008 2568 et

444 2625 586 2668 tutus
625 2613 974 2668 desiderium.
1005 2632 1022 2664 s
1064 2641 1127 2652 -—
1159 2629 1177 2662 ι
1204 2611 1420 2672 Venite,
1451 2629 1470 2662 ι
1515 2611 1718 2677 inquit,
1761 2628 1779 2660 ι
1809 2608 1897 2676 qui
1932 2607 2010 2660 Iu-

442 2704 648 2758 boratis
669 2713 719 2756 et
745 2704 952 2757 onerati
995 2705 1158 2765 estis,
1195 2713 1249 2755 et
1279 2716 1376 2769 ego
1406 2702 1639 2755 reﬁciam
1673 2715 1766 2754 vos
1788 2701 1854 2751 9°.
1886 2719 1904 2750 ι
1939 2727 2008 2739 -

442 2792 639 2848 Guttur
691 2793 805 2860 ejus
854 2792 1098 2845 dulcedo.
1148 2820 1221 2831 —-
1261 2791 1563 2854 «Conﬁde,
1623 2789 1693 2842 ﬁli
1742 2808 1756 2844 :
1825 2790 2006 2843 dimit-

444 2891 631 2938 tuntur
672 2883 765 2936 tibi
805 2891 1020 2952 peccata
1074 2891 1160 2935 tua
1188 2883 1253 2933 ’7.
1292 2901 1311 2933 ι
1352 2912 1420 2921 -
1451 2900 1470 2932 ‹
1509 2881 1702 2936 Guttur
1737 2881 1854 2949 ejus
1892 2880 2010 2934 dul-

445 2975 596 3030 cedo.
631 2992 650 3025 ι
687 3003 757 3014 -
797 2991 815 3024 ι
850 2971 1024 3041 Surge
1073 2992 1092 3024 ι
1157 2972 1336 3042 igitur,
1416 2989 1434 3021 ι
1473 2981 1528 3025 et
1577 2971 1700 3025 tolle
1732 2971 2008 3040 grabatum

2106 1884 2321 1938 xédoou

2177 1903 2321 1952 οροι.

2175 1975 2248 2026 Τὸ
2269 1973 2604 2044 ἀνθρώπινον
2633 1972 2796 2027 αὐτοῦ
2857 1973 2951 2025 τοῦ
2980 1973 3225 2044 ,Χριστοῦ
3265 1975 3372 2036 τοῖς
3402 1973 3564 2026 πάλαι
3591 1974 3672 2027 δια

2108 2065 2284 2128 καίοις
2315 2067 2506 2134 ὁμοιοῖ.

2181 2158 2359 2210 ΡΝΗ’.
2396 2159 2486 2212 Στ.
2531 2163 2624 2222 ις’.
2653 2155 2892 2226 Φάρυγξ
2933 2158 3118 2211 αὑτοῦ
3158 2158 3507 2228 γλυκασμὸς
3535 2157 3668 2228 (80),

2006 2271 2008 2274 ν
2107 2249 2207 2302 καὶ
2235 2248 2373 2314 ὅλος
2409 2249 2707 2317 ἐπιθυμία.

2189 2337 2532 2405 Ἀναλογίζου
2561 2337 2616 2390 δὲ
2643 2338 2740 2407 τῆς
2768 2336 3100 2406 γλυκύτητος
3141 2336 3232 2390 τοῦ
3265 2338 3540 2409 φάρυγγος
3572 2337 3664 2391 αὑ-

2108 2428 2201 2482 τοῦ
2225 2427 2294 2481 τὰ
2323 2427 2624 2499 μελισταγῆ
2654 2429 2870 2498 ῥήματα
2898 2431 2962 2480 ὲκ
2981 2426 3086 2480 τῶν
3118 2427 3275 2480 θείων
3298 2427 3544 2498 Γραφῶν,
3569 2426 3673 2481 κᾶν
3767 2487 3770 2490 ,

2107 2520 2172 2572 ἐκ
2204 2519 2402 2590 μέρους
2419 2536 2433 2549 ο
2459 2520 2518 2571 οὐ
2545 2518 2652 2590 γὰρ
2673 2517 2769 2571 ὅλα
2791 2518 3027 2589 δυνήσει.
3065 2538 3083 2571 ι
3116 2518 3334 2588 Φάρυγξ
3357 2517 3518 2571 αὑτοῦ
3546 2517 3676 2584 γλυ-

2108 2612 2316 2681 κασμδς
2335 2653 2348 2675 ,
2387 2611 2480 2664 καὶ
2508 2611 2626 2674 ὅλος
2652 2611 2930 2682 ἐπιθυμία.
2961 2630 2978 2662 ι
3005 2640 3072 2651 -—
3102 2630 3118 2662 ι
3156 2612 3317 2664 Δεῦτε
3338 2652 3351 2674 ,
3410 2629 3428 2661 ι
3461 2611 3632 2678 λέγων
3656 2650 3672 2673 ,

2115 2722 2132 2754 ‹
2169 2704 2218 2755 oi
2246 2701 2541 2765 κοπιῶντες
2585 2703 2678 2755 καὶ
2703 2702 3154 2772 πεφορτισμένοι,
3185 2701 3338 2770 κάγὼ
3367 2699 3665 2754 ἀναπαύσω

2110 2795 2270 2862 ὑμᾶς.
2296 2813 2312 2845 ι
2345 2822 2414 2832 -
2437 2812 2453 2844 ι
2477 2793 2690 2862 Φάρυγξ
2723 2791 2884 2845 αὐτοῦ
2919 2792 3246 2861 γλυκασμός.
3278 2811 3295 2842 ι
3319 2822 3388 2830 --
3411 2809 3428 2840 ι
3453 2792 3675 2861 Θάρσει,

2107 2885 2314 2946 τέκνον,
2343 2884 2613 2952 ἀφέωνταί
2639 2900 2718 2934 σοι
2745 2884 2799 2934 αἱ
2826 2882 3087 2952 ἁμαρτίαι
3106 2898 3220 2934 σου.
3261 2901 3278 2932 ι
3304 2913 3372 2920 —
3404 2902 3422 2934 ι
3453 2884 3678 2952 Φάρυγξ

2115 2975 2278 3028 αὐτοῦ
2304 2974 2637 3043 γλυκασμός.
2669 2994 2686 3026 ι
2707 3003 2776 3013 --
2795 2992 2811 3024 ι
2853 2975 3070 3044 Ἔγειρε
3100 2991 3117 3023 ι
3145 2968 3256 3038 οὖν,
3280 2991 3297 3022 ι
3328 2973 3421 3028 καὶ⁵
3440 2969 3568 3044 ἆρον
3586 2974 3680 3026 τὸν

447 3074 596 3118 tuum
623 3064 706 3131 ης
747 3083 765 3116 ι
803 3074 855 3119 et
881 3078 1211 3133 quaecunque
1251 3065 1333 3117 his
1372 3063 1586 3117 similia.
1632 3079 1650 3111 ι
1681 3062 1745 3115 Ει
1773 3071 1950 3124 totus,
1984 3082 2002 3113 ι

2116 3067 2446 3138 κράδδατονο
2486 3084 2504 3114 ι
2554 3065 2645 3117 καὶ
2674 3066 2772 3118 ὅσα
2818 3064 3026 3126 τούτοις
3063 3064 3242 3134 ὃμοια.
3285 3082 3300 3111 ι
3341 3066 3447 3118 Καὶ
3479 3064 3619 3130 ὅλος,
3656 3085 3677 3116 s

447 3156 656 3225 inquit,
713 3173 732 3206 ι
771 3156 1115 3222 desiderium.
1149 3173 1168 3206 ι
1212 3185 1281 3195 --
1325 3173 1344 3206 ι
1386 3153 1659 3208 Desiderio
1707 3154 2002 3208 desideravi

2116 3158 2293 3228 φησὶν,
2325 3175 2342 3207 ι
2375 3156 2657 3226 ἐπιθυμία.
2684 3176 2702 3208 ι
2723 3185 2790 3197 -
2812 3175 2830 3206 ι
2864 3155 3154 3226 Ἐπιθυμίᾳ
3186 3155 3503 3226 ἐπεθύμησα
3525 3155 3677 3210 τοῦτο

445 3243 548 3297 hoc
573 3243 769 3312 pascha
802 3244 1126 3297 manducare
1157 3243 1428 3295 vobiscum
1446 3241 1512 3294 ”.
1555 3259 1574 3294 ι

514 3333 693 3389 CLIX.
725 3334 826 3388 Hic
851 3335 1112 3403 fraternus
1151 3350 1293 3388 meus
1312 3373 1326 3398 ,
1355 3343 1401 3386 et
1441 3333 1522 3387 hic
1549 3334 1814 3403 proximus
1844 3348 2008 3397 meus,

445 3425 570 3493 ﬁlice
604 3423 952 3479 Hierusalem.

518 3512 811 3568 Fraternus
834 3524 1050 3583 propter
1084 3525 1367 3582 parentum
1399 3513 1766 3582 genealogiam
1791 3532 1803 3566 :
1831 3514 2011 3580 proxi-

450 3615 604 3666 mus,
653 3602 776 3668 quia
807 3602 998 3656 ccasio
1045 3602 1294 3669 delapsus
1323 3603 1551 3657 accessit
1603 3604 1668 3656 ad
1717 3601 2010 3657 Ecclesiam

448 3705 636 3746 amore
663 3692 924 3760 impulsus
957 3709 1081 3762 erga
1117 3695 1396 3750 hominem

517 3782 673 3836 CLX.
723 3784 838 3847 Quo
883 3786 1008 3837 abiit
1043 3785 1307 3852 fraternus
1349 3797 1497 3852 tuus,
1528 3787 1744 3856 pulchra
1793 3789 1848 3842 in
1893 3805 2010 3842 mu.

449 3874 703 3930 tieribus.’

524 3967 857 4034 Interrogant
897 3966 1016 4020 ﬁlia:
1047 3965 1416 4022 Hierusalem:
1449 3986 1468 4019 ι
1499 3971 1613 4035 Quo
1659 3969 1791 4025 abiit
1818 3970 2012 4024 frater-

452 4072 551 4112 nus
593 4067 751 4121 tuus,
777 4058 998 4127 pulchra
1025 4059 1077 4112 in
1111 4058 1459 4114 mulieribus?
1489 4079 1507 4110 ι
1547 4060 1646 4114 hoc
1671 4070 1751 4115 est
1777 4099 1792 4124 ,
1828 4059 2014 4115 Eccle-

449 4151 586 4205 siam
614 4149 992 4219 (interrogant)
1018 4150 1240 4220 pulchra
1275 4151 1413 4204 inter
1437 4150 1718 4205 duodecim
1753 4152 1942 4205 tribus.

517 4239 694 4296 CLXI.
729 4240 888 4296 Vens.
934 4240 1020 4294 I7.
1061 4241 1176 4306 Quo
1220 4243 1440 4310 respexit
1491 4241 1755 4309 fraternus
1787 4243 2015 4296 tundet

449 4346 737 4399 queremus
765 4348 826 4385 eu
835 4349 880 4384 ιιι
917 4340 1104 4384 tecum.

2108 3249 2169 3302 τὸ
2195 3249 2377 3318 πάσχα
2405 3251 2595 3317 φαγεῖν
2630 3247 2745 3318 μεθ’
2774 3245 2946 3316 ὑμῶν.
2980 3266 2998 3297 s

2179 3339 2349 3394 PNG’.
2382 3337 2569 3406 Οὗτος
2600 3343 2632 3393 ό
2657 3339 2974 3407 ἀδελφιδός
3001 3356 3140 3407 μου,
3172 3337 3270 3391 καὶ
3306 3334 3483 3402 οὗτος
3513 3341 3665 3404 πλη-

2110 3431 2250 3484 σίον
2267 3449 2406 3498 μου,
2436 3428 2751 3497 θυγατέρες
2783 3427 3195 3496 Ἰερουσαλήμ.

2195 3520 2528 3589 Ἀδελφιδὸς,
2573 3519 2659 3572 διὰ
2704 3519 2801 3589 τὴν
2846 3519 2952 3572 τῶν
2997 3521 3250 3597 πατέρων
3295 3518 3676 3587 γενεαλογίαν⁹

2113 3611 2338 3683 πλησίον
2368 3611 2445 3674 δὲ,
2475 3610 2607 3663 διότι
2626 3610 2682 3676 ἐξ
2707 3609 2936 3681 ούρανοῦ
2965 3609 3228 3674 καταϐὰς,
3260 3609 3584 3679 ἐπλησίασεν
3611 3611 3676 3678 τῇ

2125 3701 2420 3773 Ἐκκλησία
2442 3699 2530 3754 διὰ
2553 3699 2977 3771 φιλανθρωπίαν.

2185 3794 2304 3846 ΡΞθ.
2334 3792 2458 3846 Ποῦ
2485 3791 2759 3860 ἀπῆλθεν
2783 3796 2816 3845 ό
2841 3793 3166 3862 ἁδελφιδός
3194 3806 3330 3856 σου,
3366 3789 3404 3858 ἡ
3432 3791 3584 3859 καλὴ
3613 3793 3676 3846 ἐν

2113 3884 2390 3952 γυναιξίν
2408 3899 2426 3946 ;

2197 3972 2582 4043 Ἐπερωτῶσιν
2622 3974 2675 4024 αἱ
2727 3972 3022 4043 θυγατέρες
3077 3971 3458 4042 Ἰερουσαλήμο
3517 3988 3535 4021 ι
3571 3969 3678 4024 Ποῦ

2115 4062 2352 4132 ἀπῆλθεν
2381 4063 2410 4114 ὁ
2446 4061 2722 4131 ἀδελφιδὸς
2757 4079 2872 4124 σου,
2901 4064 2934 4132 ἡ
2969 4061 3107 4132 καλὴ
3134 4064 3191 4114 ὲν
3219 4060 3429 4130 γυναιξί
3451 4077 3498 4119 ξι
3527 4078 3681 4114 τουτ-

2115 4153 2250 4214 έστι.
2277 4152 2374 4223 τὴν
2418 4153 2740 4223 Ἐκκλησίαν
2763 4153 2820 4205 ὲν
2850 4155 2970 4215 ταῖς
2991 4151 3198 4206 δώδεκα
3228 4152 3442 4221 φυλαῖς.

2186 4240 2354 4295 ΡΞΑ’.
2389 4243 2480 4294 Στ.
2515 4239 2599 4304 ιζ’.
2630 4241 2755 4295 Ποῦ
2781 4239 3126 4309 ἀπέϐλεψεν
3158 4242 3268 4312 (81)
3296 4243 3330 4296 ὀ
3361 4239 3677 4309 ἀδελφιδός

2117 4344 2262 4393 σου;
2289 4329 2385 4382 καὶ
2419 4327 2748 4396 ζητήσομεν
2775 4327 2961 4380 αὐτόν
2993 4327 3143 4395 μετά
3173 4327 3309 4381 σοῦ.

525 4439 543 4474 ι
568 4422 820 4489 Quatrite,
853 4442 870 4474 ι
897 4423 1071 4492 inquit
1089 4423 1366 4492 Scriptura
1391 4423 1429 4487 ⁸,
1464 4441 1482 4474 ι
1507 4423 1809 4488 Dominum,
1829 4437 2002 4477 omne:

2195 4440 2213 4470 ι
2243 4421 2540 4491 Ζητήσατε,
2573 4438 2590 4470 ι
2625 4418 2778 4486 φησὶ,
2805 4437 2822 4468 ι
2857 4418 2947 4470 τὸν
2969 4417 3193 4488 Κύριον,
3220 4417 3415 4478 πάντες
3433 4416 3482 4468 οἱ
3500 4431 3691 4468 ταπει-

450 4514 678 4570 humiles
721 4522 896 4566 term.
925 4532 943 4565 ι
999 4513 1276 4577 Quomodo
1331 4512 1610 4577 Quwrite?
1657 4531 1676 4562 ι
1705 4512 2013 4581 Operamini

447 4605 738 4674 judicium,
783 4604 941 4658 facite
981 4605 1303 4672 justitiam’.
1337 4622 1354 4654 ι
1399 4605 1488 4659 Sic
1519 4621 1546 4656 ιι
1578 4620 1774 4673 sponsa
1815 4606 2010 4675 quasri-

451 4710 538 4752 tur
571 4711 818 4767 sponsus.
854 4696 1055 4750 Tamen
1088 4696 1415 4766 interrogata
1445 4699 1767 4765 respondet:

1090 4874 1170 4926 CA
1182 4873 1238 4929 P.
1282 4872 1362 4927 VI.

453 4964 650 5020 CLXII.
687 4965 848 5019 Vens.
892 4965 942 5019 I.
978 4963 1254 5017 Descendit
1289 4965 1342 5018 in
1388 4965 1597 5018 hortum
1634 4981 1786 5018 suum
1819 4966 2015 5034 frater-

1100 5071 1194 5108 nus
1222 5071 1385 5108 meus.

520 5145 728 5199 Domini
767 5145 1085 5201 descensum
1131 5147 1197 5199 ad
1253 5144 1452 5200 inferos
1497 5154 1622 5216 puto
1670 5145 2010 5216 signiﬁcare;

2117 4512 2197 4565 vol.
2229 4510 2329 4580 τῆς
2388 4511 2508 4580 γῆς.
2548 4529 2565 4559 ι
2617 4510 2738 4573 Πῶς
2779 4509 2854 4572 δὲ,
2911 4508 3382 4578 Ζητήσατε(8;ὶ);
3425 4525 3444 4556 ‹
3496 4506 3698 4576 Ἐργά-

2119 4601 2275 4666 ζεσθε
2307 4603 2498 4670 κρῖμα,
2527 4601 2620 4653 καὶ
2646 4600 2990 4672 δικαιοσύνην
3017 4603 3295 4671 ποιήσατε.
3321 4619 3338 4650 ι
3372 4599 3558 4661 οὕτως
3578 4595 3692 4650 ἀπὸ

2118 4696 2217 4766 τῆς
2257 4694 2473 4765 νύμφης
2518 4697 2547 4747 ὁ
2591 4692 2820 4763 νυμφίος
2856 4692 3118 4760 ζητεῖται.
3170 4692 3354 4760 Ὅμως
3399 4689 3680 4758 ὲπερωτω-

2124 4785 2279 4855 μένη,
2309 4785 2454 4852 λέγει
2472 4798 2485 4812 ⁸

2751 4875 2905 4928 ΚΕΦ.
2949 4875 3036 4940 C1".

2119 4966 2281 5020 PEB'.
2312 4968 2400 5018 Στ.
2433 4966 2502 5018 α’.
2536 4965 2850 5028 Καταόιὶτω
2883 4963 3205 5032 ἀδελφιδός
3231 4979 3349 5030 μου
3377 4961 3463 5023 είς
3489 4955 3681 5024 κῆπον
3761 5037 3764 5040 Ι

2728 5056 2917 5110 αὑτοῦ
2949 5057 3079 5124 (85).

2191 5148 2300 5218 Τὴν
2339 5147 2429 5201 τού
2455 5145 2657 5216 Κυρίου
2685 5147 2763 5210 εὶς
2797 5146 2884 5199 τὸν
2910 5146 3040 5218 ᾇδην
3082 5143 3323 5205 κάθοδον,
3365 5137 3515 5211 οἶμαι
3537 5181 3550 5202 ,
3595 5138 3682 5192 λέ-

522 5260 570 5294 ⁹⁶
597 5257 783 5312 Matth.
817 5275 890 5324 XI,
919 5259 1009 5313 28.
1094 5260 1136 5292 ⁸⁷
1171 5258 1477 5325 Μιιιιιιυιι,
1524 5261 1579 5316 2.
1656 5261 1702 5293 ’⁸
1724 5259 1880 5315 Joan.
1917 5277 1970 5324 ν,

2135 5263 2180 5294 θ’
2211 5260 2322 5317 Luc
2351 5277 2485 5327 χιιι,
2521 5261 2608 5315 15.
2690 5265 2704 5293 ¹
2738 5263 2974 5330 Sophon.
2997 5279 3056 5324 ιι,
3086 5264 3138 5315 5.
3202 5265 3220 5292 ²
3249 5260 3442 5313 Εινοιι.
3467 5273 3588 5324 xu,
3629 5259 3683 5314 9.

520 5377 634 5448 (79)
663 5379 795 5450 Vet.
827 5379 1074 5449 interpr.:
1099 5399 1117 5432 ι
1145 5382 1233 5437 Sic
1259 5398 1387 5450 ergo
1408 5391 1460 5436 et
1481 5395 1788 5437 sanctorum
1815 5385 2009 5437 chorus

454 5449 943 5521 appropinquantes
985 5451 1087 5521 sibi
1130 5468 1223 5520 per
1255 5449 1410 5507 ﬁdem
1441 5463 1493 5507 et
1525 5452 1789 5521 justitiam
1829 5454 2006 5506 haurit

455 5519 522 5572 ad
556 5519 740 5573 caelos.
767 5538 786 5570 ι
834 5519 1026 5572 Parum
1059 5519 1304 5577 feliciter.

521 5587 633 5662 (89)
672 5588 873 5662 Aldina
897 5589 994 5662 sic,
1026 5599 1082 5645 et
1117 5593 1188 5662 ita
1230 5593 1355 5660 legit
1390 5603 1494 5647 vet.
1541 5592 1827 5662 interpres.
1889 5591 2006 5646 Ca2-

456 5657 828 5730 teriAimpJ-essi
862 5657 1058 5713 habent
1085 5657 1408 5730 γλυκασμοί.

526 5724 636 5794 (81)
678 5726 898 5783 Batbcr.
923 5740 976 5783 et
1006 5724 1154 5786 meus
1195 5724 1451 5802 ἀπῆλθεν.
1496 5730 1724 5786 Restittti
1771 5729 2006 5783 ἀπέϐλε-

2115 5381 2237 5451 ψεν,
2283 5393 2342 5436 ιιι
2372 5393 2454 5436 est
2491 5383 2541 5435 in
2592 5385 2710 5437 cod.
2755 5380 2950 5438 Vallic.
2992 5389 3046 5436 et
3107 5383 3156 5434 itt
3194 5397 3334 5436 sacr.
3367 5379 3550 5451 Bibliis
3589 5378 3680 5431 im.

2117 5449 2320 5519 pressis
2366 5455 2656 5507 omnibus:
2693 5463 2745 5506 et
2791 5455 2870 5507 sic
2919 5454 3045 5522 legit
3089 5452 3252 5506 etiam
3309 5463 3459 5504 vetus
3513 5449 3682 5501 inter—

2117 5537 2300 5657 νΐῗὲίὶ)
2343 5589 2478 5660 Male
2508 5606 2693 5643 omnes
2725 5593 2877 5642 codd.
2909 5589 3224 5660 ζητήσεται.

2187 5654 2298 5728 (85)
2341 5659 2462 5712 Vat.
2490 5662 2619 5713 edit.
2654 5662 2815 5713 habet
2849 5654 3153 5726 Ἀδελφιδός
3207 5675 3308 5728 μου
3365 5654 3569 5728 κατέϐη
3613 5655 3683 5718 εἰς

2117 5727 2318 5799 κῆπονσ
2351 5738 2403 5784 et
2441 5732 2577 5782 hanc
2628 5729 2908 5783 lectionem
2943 5732 3188 5797 agnoscit
3211 5727 3216 5728 ⁷
3243 5734 3350 5782 vet.
3387 5727 3678 5795 interpres.
