4038 6134
279 379 375 433 “5

1198 373 1594 428 ENAllIIA'I‘IO
1634 372 1699 427 IN
1738 371 2093 428 CAN‘I‘IUUM
2135 369 2608 427 CANTICORUM.

3421 373 3522 432 IM

272 511 389 565 γει·
426 494 458 563 ἡ
493 491 601 561 γὰρ
650 490 937 542 ἀκολουθία
967 491 1122 542 τοῦτο
1177 495 1450 560 σημαίνει.
1485 491 1646 561 Λέγει
1696 494 1835 562 γάρ·

1971 491 1996 542 d
2059 491 2201 542 enim
2264 491 2564 542 ostenditur
2613 503 2678 541 ex
2746 487 3115 556 sequentibus.
3174 489 3260 542 Ait
3326 494 3523 546 enim:

339 583 500 634 PEI".
546 583 651 645 Είς
681 578 903 648 φιάλας
929 581 1034 633 τοῦ
1059 579 1385 648 ἀρώματος.

349 672 412 724 Οἱ
447 669 618 722 πάλαι
647 669 866 728 δίκαιοι,
895 671 942 720 of.
984 670 1090 739 πρὸ
1118 669 1216 738 τῆς
1255 671 1554 742 παρουσίας
1581 669 1854 742 πατριάρ-

276 781 390 834 χαι,
448 760 722 834 Ἀϐραὰμ,
781 759 964 813 Ἰσαὰκ
1006 763 1098 814 καὶ
1143 762 1358 828 Ἰακὼϐ,
1400 764 1522 816 Νῶε
1561 767 1654 818 καὶ
1710 763 1851 824 Ἰὼϐ,

273 857 372 909 καὶ
401 853 621 923 Δανιὴλ,
648 853 811 905 Δαϐὶδ
842 852 929 906 καὶ
966 855 1240 924 Σαμουὴλ,
1277 855 1578 919 Ἐλισσαῖος
1608 857 1700 909 καὶ
1724 857 1856 909 πάν-

274 969 367 1013 τες
387 953 432 1003 οἱ
461 949 582 1001 καθ’
609 949 753 1018 ἑξῆς.
786 943 944 1001 Οὗτοι
973 947 1172 1009 πάντες
1200 945 1388 1013 φιάλαι
1407 945 1501 998 τοῦ
1531 946 1822 1016 ἀρώματος
1840 960 1854 976 ο

275 1044 470 1104 οἵτινες
519 1041 828 1110 ἀρωμάτων
885 1037 1041 1108 δίκην
1095 1036 1319 1090 πνέουσι
1362 1037 1428 1088 τὰ
1485 1035 1853 1105 δικαιώματα.

278 1137 406 1188 Ὅτε
435 1134 544 1204 γὰρ
575 1134 654 1196 είς
682 1132 816 1202 ᾅδην
843 1126 1139 1191 κατελθὼν,
1168 1129 1247 1190 εἰς
1273 1127 1362 1179 τὸν
1392 1126 1718 1196 παράδεισον
1748 1127 1858 1178 είσ-

275 1227 425 1296 ἦλθε,
465 1226 733 1296 μαρτυρεῖ
783 1239 872 1292 μοι
917 1219 1328 1292 αὺτὸςοΚύριος,
1358 1219 1528 1285 λέγων
1549 1219 1627 1286 τῷ
1649 1217 1819 1289 λῃστῇ
1840 1233 1855 1247 ⁸

279 1337 296 1366 ι
338 1317 585 1385 Σήμερον
619 1312 733 1383 μετ’
779 1310 912 1380 ἐμοῦ
943 1309 1040 1382 ἔσῃ
1093 1310 1149 1362 ὲν
1178 1307 1257 1377 τῷ
1304 1308 1634 1378 παραδείσῳ.
1677 1326 1693 1357 ι
1739 1305 1856 1375 Κῆ-

273 1423 373 1468 πος
411 1405 524 1475 (84)
549 1403 787 1472 δηλονότι
813 1403 841 1453 ὁ
865 1399 953 1452 τοῦ
978 1398 1114 1452 θεοῦ
1141 1399 1482 1468 παράδεισος.

357 1579 518 1634 ΡΞΔῖ
576 1578 918 1646 Ποιμαίνειν
963 1578 1032 1629 ἐν
1085 1575 1333 1641 κήποις,
1382 1576 1479 1628 καὶ
1532 1575 1860 1644 συλλέγειν

273 1675 472 1743 κρίνα.

347 1761 462 1822 Τὰς
492 1759 632 1812 κατὰ
659 1759 750 1810 τὸν
779 1758 941 1810 τόπον
989 1756 1333 1826 Ἐκκλησίας.
1369 1757 1428 1808 Εἰ
1467 1759 1542 1827 μὴ
1575 1757 1684 1827 γὰρ
1710 1756 1857 1824 πρῶ-

277 1869 370 1905 τον
404 1855 481 1914 εἰς
519 1852 608 1904 τὸν
644 1852 738 1902 ἕνα
780 1851 952 1920 κῆπον
997 1850 1222 1918 κατέϐη,
1267 1849 1360 1900 καὶ
1393 1849 1460 1900 τὰ
1495 1848 1588 1900 τοῦ
1626 1847 1855 1901 θανάτου
1892 1825 1932 1879 Β

283 1943 579 1996 συνέκλασε
603 1942 823 2012 κέντρα,
841 1941 939 1994 οὑκ
956 1942 1248 2010 ἐποίμανεν
1264 1941 1320 1992 ὲν
1338 1941 1555 2009 κήποις,
1576 1940 1856 1992 τουτέστιν

277 2035 336 2087 ὲν
365 2037 481 2098 ταῖς
507 2033 647 2086 κατὰ
672 2032 836 2084 τόπον
873 2031 1252 2101 Ἑκκλησίαις.
1278 2031 1518 2101 Πρόσεχε
1537 2031 1591 2083 δὲ
1614 2033 1678 2100 τῇ
1702 2031 1860 2100 ἀκρι-

281 2123 405 2194 ϐείᾳ
435 2121 540 2176 τῶν
566 2122 895 2192 λεγομένων.
921 2123 1015 2184 Εἰς
1036 2122 1131 2190 μὲν
1156 2122 1245 2174 τὸν
1275 2121 1370 2174 ἕνα
1395 2121 1568 2190 κῆπον
1595 2121 1858 2175 καταϐαί-

280 2233 390 2268 νειν
429 2213 681 2282 λέγεται·
735 2213 1029 2283 μετέπειτα
1073 2212 1130 2266 δὲ
1177 2213 1396 2276 οὐκέτι,
1443 2213 1755 2281 Ποιμαίνειν
1803 2215 1860 2266 ὲν

280 2307 465 2376 κήπῳ.
499 2306 682 2376 φησὶν,
721 2304 878 2368 ἀλλὰ,
914 2323 931 2355 ι
971 2305 1285 2374 Ποιμαίνειν
1322 2307 1379 2358 ὲν
1412 2305 1631 2373 κήποις,
1672 2324 1690 2355 ι
1725 2306 1860 2376 ὅπερ

280 2398 428 2448 ἐστὶν
458 2399 514 2449 ἐν
557 2397 676 2457 ταῖς
717 2395 859 2447 κατὰ
888 2395 1050 2446 τόπον
1095 2393 1462 2464 Ἐκκλησίαις.
1511 2413 1527 2445 ι
1578 2394 1861 2461 Συλλέγειν

283 2488 465 2558 κρίνα,
509 2506 526 2537 ι
566 2487 813 2538 τουτέστι
844 2484 941 2547 τὰς
986 2483 1094 2537 τῶν
1145 2485 1314 2552 ἁγίων
1366 2485 1582 2556 γραφὰς
1622 2485 1733 2554 (85)
1775 2487 1864 2540 διὰ
1913 2500 1915 2502 ’

282 2578 390 2630 τῶν
424 2578 519 2629 ἀν’]
533 2578 779 2646 ρωπίνων
810 2575 1082 2647 πράξεων.
1112 2569 1244 2628 Εἶτα
1272 2578 1306 2645 ἡ
1334 2575 1624 2628 ἀκολουθία
1658 2575 1776 2628 τόδε
1802 2576 1862 2628 τὸ

283 2669 466 2736 λόγιον
505 2668 798 2738 συνίστησι.

355 2757 521 2812 ΡΞΕ’.
554 2759 642 2812 Στ.
676 2759 737 2830 β’.
786 2758 931 2828 Ἐγὼ
957 2757 1035 2825 τῷ
1061 2757 1364 2828 ἀδελφιδῷ
1385 2777 1526 2827 μοι’,
1561 2760 1658 2813 καὶ
1686 2764 1718 2814 ό
1752 2760 1862 2831 (86)

284 2848 612 2918 ἁδελφιὸός
633 2867 752 2918 μου
777 2851 931 2919 ἐμοί.

374 2941 517 3010 Ἐγὼ
539 2941 688 3012 αὐτῷ
711 2944 838 3006 τοὺς
862 2941 1083 3013 ὕμνους,
1107 2943 1266 3007 αὐτὸς
1295 2945 1417 3014 ἐμοὶ
1443 2945 1568 3008 τοὺς
1587 2946 1860 3008 ἐπαίνους.

2024 579 2247 636 CLXIII.
2278 581 2355 632 Ad
2387 581 2591 648 phialas
2625 580 2893 634 aromatis.

2029 671 2252 726 Veteres
2283 673 2448 738 justi;
2487 672 2803 740 patriarcha:
2847 671 2936 740 qui
2991 683 3378 737 praecesserunt
3426 674 3527 729 Do-

1959 765 2086 817 mini
2125 764 2412 816 adventum
2436 802 2451 824 ,
2490 764 2795 828 Abraham,
2825 760 2972 816 Isaac
3010 761 3276 828 etJacob;
3316 763 3446 828 Noe,
3476 777 3529 821 et

1959 854 2082 919 Joh,
2114 863 2168 907 et
2192 853 2410 916 Daniel;
2444 853 2605 906 David
2641 863 2694 906 et
2721 855 2969 919 Samuel;
3007 854 3228 908 Eliszeus
3261 867 3314 908 et
3341 871 3528 910 omnes

1958 947 2046 1015 qui
2081 947 2334 1014 deinceps
2365 943 2600 998 fuerunt.
2633 945 2693 998 lli
2725 961 2913 999 omnes
2941 957 3062 1000 sunt
3104 948 3294 1013 phiala:
3318 964 3529 1002 amma-

1962 1042 2070 1104 tis;
2124 1039 2213 1108 qui
2267 1049 2567 1091 aromatum
2627 1040 2797 1091 instar
2842 1039 3048 1107 spirant
3095 1041 3530 1106 iustiﬁcationes.

1959 1129 2114 1195 Quod
2142 1139 2319 1182 autem
2358 1130 2422 1180 ad
2458 1128 2656 1182 inferos
2677 1143 2796 1181 cum
2820 1129 3205 1195 descendisset,
3237 1132 3286 1184 in
3321 1133 3534 1198 paradi-

1960 1235 2078 1273 sum
2101 1219 2166 1272 sit
2217 1219 2527 1288 ingressus,
2583 1219 2631 1270 id
2687 1219 2814 1272 mihi
2867 1229 3095 1274 testatur
3134 1221 3245 1288 ipse
3278 1220 3533 1274 Dominus

1961 1312 2052 1380 qui
2078 1310 2306 1375 latroni,
2345 1329 2363 1362 ι
2390 1310 2559 1364 I'Iodie
2585 1350 2598 1372 .
2629 1329 2647 1361 ι
2693 1311 2864 1379 inquit
2893 1352 2906 1373 ,
2935 1328 2953 1360 ι
2987 1326 3192 1365 mecum
3227 1311 3335 1363 eris
3363 1311 3414 1363 in
3443 1327 3533 1379 pa-

1964 1405 2142 1458 radiso
2165 1405 2202 1458 ³.
2234 1423 2252 1455 ι
2315 1403 2514 1456 llortus
2569 1403 2818 1457 nimirum
2869 1404 2958 1456 Dei
3021 1403 3325 1472 paradisum
3361 1403 3532 1473 signi-

1960 1498 2106 1553 ﬁcat.

2037 1587 2266 1645 CLXIV.
2302 1588 2524 1642 Parcere
2553 1589 2604 1639 in
2637 1587 2827 1643 hortis.
2859 1597 2904 1640 et
2935 1587 3175 1655 colligere
3207 1587 3340 1640 lilia.

2035 1763 2143 1817 lluc
2167 1772 2267 1825 est,
2305 1763 2572 1817 Ecclesias
2615 1763 2842 1815 diversis
2873 1762 2922 1814 iu
2960 1762 3090 1816 locis
3117 1763 3383 1814 fundatas.
3422 1761 3534 1817 Nisi

1962 1855 2103 1906 enim
2130 1854 2357 1921 primum
2385 1855 2436 1904 in
2466 1867 2628 1904 unum
2659 1851 2873 1905 hortum
2906 1852 3276 1904 descendisset
3311 1861 3364 1905 et
3393 1866 3536 1904 mor-

1961 1945 2030 1999 tis
2061 1945 2281 1998 avuleos
2327 1944 2672 1996 rontricisset
2693 1981 2708 2004 ,
2739 1957 2844 1995 non
2875 1952 3120 2008 pasceret
3150 1943 3200 1994 in
3233 1941 3401 1994 hortis
3420 1974 3446 2003 ,-
3483 1941 3532 1992 id

1961 2046 2065 2097 est,
2089 2037 2140 2087 in
2173 2035 2424 2088 Eeclesiis
2476 2051 2569 2101 per
2593 2035 2803 2086 diversa
2836 2033 2954 2084 loi-a
2992 2033 3267 2099 dispersis.
3305 2032 3533 2098 Adjicito

1960 2128 2122 2182 etiam
2180 2126 2420 2180 animum
2471 2128 2537 2179 ad
2587 2141 2648 2178 ea
2689 2139 2808 2192 quae
2845 2135 3094 2177 accurate
3138 2125 3221 2178 hic
3260 2123 3532 2177 dicuntur.

1965 2217 2170 2272 Dicitur
2208 2220 2352 2270 enim
2395 2217 2446 2268 iu
2497 2231 2660 2269 unum
2694 2217 2908 2269 hortum
2935 2214 3302 2270 descendisse.
3338 2212 3537 2267 Deinde

1963 2325 2069 2363 non
2101 2309 2329 2377 amplius
2373 2308 2522 2371 dicit,
2560 2306 2790 2362 Pascere
2837 2309 2888 2362 iu
2935 2309 3108 2368 horto,
3139 2307 3230 2360 sed
3269 2324 3286 2355 ι
3315 2305 3539 2359 Pascere

1966 2399 2016 2452 in
2051 2400 2220 2453 hortis
2241 2439 2255 2459 .
2280 2416 2298 2449 ι
2333 2398 2385 2450 id
2411 2407 2525 2461 est,
2553 2398 2605 2451 in
2637 2398 2866 2452 diversis
2895 2379 3173 2452 Ecclesiis.
3233 2413 3252 2445 ι
3275 2393 3540 2460 Colligere

1966 2490 2106 2552 lilia,
2138 2508 2155 2540 ι
2202 2493 2304 2542 hoc
2334 2499 2418 2542 est
2467 2498 2779 2542 sanctorum
2825 2488 3122 2555 scripturas
3159 2501 3252 2553 per
3279 2487 3542 2538 humanas

1967 2596 2014 2632 at
2036 2581 2228 2634 tiones.
2257 2579 2458 2634 Deinde
2497 2594 2616 2646 qua:
2649 2589 2948 2647 sequuntur
2979 2578 3082 2631 hoc
3111 2576 3381 2644 eloquium
3409 2588 3543 2628 con-

1968 2673 2201 2726 ﬁrmant.

2037 2763 2244 2818 CLXV.
2279 2764 2437 2817 Vens.
2469 2763 2526 2816 2.
2560 2761 2672 2832 Ego
2707 2765 2941 2831 fraterno
2988 2775 3131 2823 meo,
3183 2769 3228 2812 et
3277 2757 3542 2827 fraternus

1965 2872 2111 2910 naeus
2138 2855 2284 2910 mihi.

2039 2945 2149 3016 Ego
2176 2947 2246 2998 illi
2286 2947 2546 3016 hymnos,
2598 2945 2685 3000 ille
2731 2943 2860 2997 mihi
2918 2943 3121 2996 laudes.
3155 2939 3362 2994 Lauoat
3399 2940 3540 2992 enim

296 3031 486 3104 ’Υμνεῖ
529 3033 638 3104 γὰρ
670 3037 703 3104 ἠ
750 3034 968 3105 νύμφη·
1015 3034 1107 3086 καὶ
1140 3034 1302 3088 πάλιν
1344 3037 1668 3090 ἐπαινεῖται.
1725 3036 1867 3103 Ἐγὼ

1971 3054 2195 3108 sponsa,
2226 3049 2279 3092 et
2301 3039 2540 3094 vicissim
2569 3038 2838 3090 laudatur.
2868 3036 2978 3104 Ego
3014 3034 3086 3086 illi
3120 3036 3363 3086 actiones
3385 3032 3543 3098 Justi-

287 3124 434 3195 αὐτῷ
468 3127 566 3187 τὰς
615 3125 845 3196 πράξεις
883 3125 980 3194 τῆς
1013 3126 1378 3196 δικαιοσύνης,
1415 3128 1508 3180 καὶ
1544 3129 1708 3192 αὐτὸς
1746 3128 1866 3198 ἐμοὶ

1975 3133 2091 3193 lim,
2152 3142 2206 3184 et
2262 3131 2352 3184 ille
2417 3130 2547 3182 mihi
2613 3129 2912 3183 mercedem
2975 3127 3238 3180 bonorum
3297 3141 3542 3192 oliorum.

286 3217 412 3278 τοὺς
461 3215 685 3286 μισθοὺς
733 3215 841 3268 τῶν
904 3215 1364 3286 κατορθωμάτων.
1423 3235 1440 3267 ι
1511 3217 1644 3270 Ἰδοὺ
1680 3217 1788 3287 γὰρ
1838 3219 1866 3268 ὁ

1976 3241 1992 3272 ι
2029 3223 2167 3276 Ecce
2188 3223 2330 3275 enim
2363 3236 2570 3275 merces
2599 3221 2650 3273 iu
2683 3221 2873 3273 faciem
2901 3236 3051 3273 suam
3084 3235 3100 3285 ;
3127 3229 3179 3272 et
3207 3233 3342 3286 opus
3361 3231 3541 3270 coram

290 3303 478 3373 μισθὸς
518 3304 578 3356 τὸ
628 3305 920 3374 πρόσωπον
969 3303 1156 3366 αὐτοῦ,
1200 3305 1296 3358 καὶ
1331 3305 1392 3357 τὺ
1432 3304 1590 3376 ἔργον
1629 3307 1868 3358 ἐναντίον

1971 3330 2052 3366 eo.
2099 3311 2560 3377 Quemadmodum
2599 3321 2782 3380 pastor
2811 3320 2995 3378 pascet
3037 3323 3252 3377 gregem
3280 3323 3468 3369 suum,
3493 3315 3544 3359 et

291 3393 452 3446 αὑτοῦ
488 3394 598 3464 (87)
620 3410 632 3426 ·
658 3394 734 3458 ὼς
761 3393 964 3466 ποιμὴν
999 3399 1256 3466 ποιμανεῖ
1294 3397 1354 3448 τὸ
1394 3397 1644 3466 ποίμνιον
1680 3396 1868 3461 αὑτοῦ,

290 3487 377 3538 καὶ
403 3485 482 3556 τῷ
513 3485 758 3557 βραχίονι
784 3485 946 3538 αὑτοῦ
974 3483 1186 3549 συνάξει
1216 3487 1440 3557 ἄρνας.»

358 3577 542 3643 ΡΞΕΓ.
589 3578 650 3629 '0
686 3577 1016 3646 ποιμαίνων
1041 3577 1111 3629 ἐν
1137 3576 1262 3642 τοῖς
1293 3579 1544 3644 κρίνοις.

358 3670 539 3738 Ὅπερ
570 3669 738 3730 ἐστὶν,
764 3670 818 3720 ὲν
844 3671 909 3739 τῇ
933 3669 1218 3738 λευκότητι
1243 3667 1350 3722 τῶν
1381 3669 1551 3736 ἁγίων
1574 3669 1870 3740 προφητῶν

299 3774 356 3810 τε
391 3760 486 3811 καὶ
513 3759 848 3812 ἀποστόλων.

359 3851 518 3906 ΡΞΖθ.
550 3851 642 3904 Στ.
676 3858 745 3918 γ’.
787 3851 1028 3918 Καλὴη)
1064 3851 1330 3918 πλησίον
1352 3867 1470 3919 μου
1495 3851 1630 3922 (88),
1666 3853 1745 3918 ὡς
1771 3855 1870 3907 εὑ-

294 3946 464 4000 δοκία
497 3945 633 4014 (89),
663 3943 920 4011 ἐκλεκτὴ
950 3944 1063 4013 (90)
1086 3945 1166 4010 ὼς
1204 3944 1610 4012 Ἰερουσαλήμ.

367 4059 384 4088 ι
412 4039 752 4108 Ηὺδοκησας,
777 4035 968 4106 Κύριε.
987 4035 1083 4106 τὴν
1107 4036 1209 4104 γῆν
1244 4053 1360 4089 σου.
1381 4036 1518 4101 Δόξα
1541 4039 1598 4090 ὲν
1632 4037 1873 4106 ὑψίστοις

294 4129 431 4200 θεῷ,
485 4129 580 4182 καὶ
651 4128 743 4180 ἐπὶ
776 4129 879 4198 γῆς
910 4128 1122 4198 εἰρήνη,
1151 4127 1208 4179 ὲν
1241 4126 1550 4197 ἀνθρώποις
1573 4127 1810 4182 εὐδοκία.
1851 4148 1868 4178 ι

296 4222 522 4277 Εὺδοκία
548 4222 605 4274 δέ
639 4222 784 4275 ἐστιν
818 4221 1152 4293 ὲκουσιότης,
1181 4219 1363 4284 καθὼς
1395 4221 1487 4274 καὶ
1521 4221 1686 4290 ἑτέρα
1722 4221 1869 4289 λέγει

297 4317 484 4386 Γραφή
504 4331 520 4346 ·
551 4332 569 4364 ι
593 4313 681 4365 Ἐν
702 4315 1084 4381 ὲκουσιασμοίς
1111 4313 1222 4379 (91)
1248 4310 1520 4378 εὐλογεῖτε
1544 4311 1640 4364 τὸν
1662 4311 1815 4364 Θεόν.
1846 4333 1864 4363 ι

298 4406 482 4472 Δέγων
506 4401 599 4457 οὖν
637 4422 654 4454 ι
682 4403 915 4468 εὐδοκία,
946 4421 965 4453 ι
1030 4402 1089 4454 τὸ
1110 4402 1354 4455 ἑκούσιον
1377 4402 1548 4472 αὐτῆς
1572 4399 1758 4466 ἔδειξε,
1783 4403 1876 4456 καὶ

1975 3405 2194 3458 brachio
2222 3419 2318 3456 suo
2347 3403 2696 3473 congregabit
2726 3416 2892 3470 agnos
2917 3399 2960 3456 ‘.
2990 3420 3008 3452 ι

2041 3581 2267 3636 CLXVI.
2301 3580 2402 3646 Qui
2434 3582 2594 3649 pauit
2626 3582 2678 3634 in
2712 3580 2860 3632 liliis.

2046 3673 2098 3725 Id
2149 3682 2264 3735 est,
2319 3672 2373 3724 iu
2409 3671 2662 3726 albedine
2703 3678 3012 3724 sanctorum
3062 3670 3440 3738 prophetarum
3489 3675 3543 3722 et

1974 3763 2358 3832 apostolorum.

2043 3849 2291 3906 CLXVII.
2327 3849 2486 3904 Vens.
2515 3851 2567 3904 3.
2611 3849 2835 3903 Pulchra
2860 3867 2933 3914 es,
2969 3852 3205 3917 proxima
3246 3866 3356 3903 mea
3377 3889 3390 3909 .
3420 3849 3549 3903 situt

1977 3944 2376 4010 beneplacitum,
2401 3943 2634 4010 speciosa
2660 3953 2714 3994 ut
2752 3941 3101 3996 Hierusalem.

2054 4054 2071 4088 ι
2099 4035 2447 4100 Benedixisti,
2485 4033 2710 4097 Domine
2738 4076 2750 4095 ,
2795 4045 2994 4088 terram
3030 4036 3238 4086 tuam".
3277 4032 3456 4087 Gloria
3498 4032 3548 4083 in

1979 4126 2258 4180 altissimis
2287 4126 2414 4188 Deo,
2439 4134 2495 4179 et
2523 4125 2576 4178 in
2604 4133 2747 4176 terra
2787 4139 2912 4190 pax,
2949 4125 3000 4174 in
3039 4122 3345 4176 hominibus
3383 4122 3548 4173 bene-

1982 4219 2230 4286 placitnm
2270 4217 2310 4269 ⁸.
2341 4235 2360 4268 ι
2389 4215 2790 4282 lleueplacitum
2819 4226 2993 4266 autem
3020 4223 3098 4266 est
3119 4251 3132 4274 ,
3163 4225 3282 4264 cum
3306 4209 3426 4277 quis
3459 4223 3549 4260 vo-

1982 4311 2213 4363 luntarie
2241 4308 2513 4376 quidpiam
2547 4306 2693 4368 facit,
2733 4305 3181 4373 quemadmodum
3205 4312 3259 4354 et
3285 4302 3385 4353 alia
3423 4301 3553 4354 dicit

1984 4402 2262 4470 Scriptura
2300 4417 2312 4452 :
2356 4417 2372 4449 ι
2403 4399 2460 4451 In
2489 4397 2804 4451 voluntariis
2825 4395 3122 4448 benedicite
3159 4393 3323 4447 Deum
3347 4394 3389 4446 ⁷.
3413 4411 3429 4443 ι
3460 4393 3552 4444 Di-

296 4498 394 4568 τὴν
431 4497 567 4566 πρὸς
605 4495 765 4549 αὐτὸν
804 4495 894 4547 τὸν
932 4494 1166 4565 νυμφίον
1205 4492 1474 4551 εὐδοκίαν.
1514 4513 1530 4544 ι
1580 4495 1768 4566 Ὡραία
1797 4497 1868 4560 ὡς

1979 4510 2105 4549 cens
2139 4493 2300 4561 igitur
2319 4490 2794 4558 ibeueplaeitum,»
2821 4487 3173 4540 voluntarium
3194 4486 3360 4553 ipsius
3373 4491 3554 4538 osten-

379 4615 549 4670 ’Luc.
583 4634 744 4681 mn,
775 4618 865 4672 45.
913 4616 1098 4671 λιιι).
1137 4617 1484 4682 ιιι,10,11.

303 4733 406 4788 Nec
439 4731 544 4786 alia
593 4731 752 4788 lectio
798 4733 1067 4803 reperitur
1105 4733 1157 4788 in
1193 4733 1405 4788 caneris
1450 4734 1776 4790 editionibus
1817 4747 1874 4790 et

303 4819 428 4858 IIISS.

368 4872 483 4940 (ει)
531 4871 648 4925 Vet.
687 4874 912 4940 interpr.
963 4872 1100 4927 male
1149 4874 1263 4926 hrec
1315 4873 1526 4939 reddit;
1563 4874 1640 4926 ait
1685 4875 1869 4930 cnim:

308 4961 326 4994 ι
351 4941 536 4998 Graece
555 4945 697 4996 enim
717 4946 906 4995 hortus
923 4944 1200 5011 paradisus
1219 4944 1538 5011 appellatur.
1566 4962 1586 4994 ι
1601 4942 1714 4998 Νοιι
1746 4946 1873 5000 illud

307 5014 430 5066 dicit
467 5012 639 5073 Philo,
673 5029 770 5065 nec
811 5012 876 5062 ad
929 5027 1038 5064 rem
1071 5009 1230 5072 facit.
1254 5009 1414 5081 quod
1454 5015 1639 5067 hortus
1682 5012 1870 5068 Graece

305 5081 667 5150 παράδεισος
705 5081 1002 5149 appelletur
1031 5098 1070 5151 :7
1096 5097 1402 5151 quanquam
1465 5083 1577 5135 haec
1612 5098 1710 5136 vox
1751 5082 1876 5138 Per-

306 5153 419 5203 sica
451 5162 551 5214 est,
598 5167 652 5206 ut
685 5160 900 5204 constat
931 5167 993 5206 ex
1030 5150 1282 5220 Xenoph.
1329 5150 1527 5204 (Econ.
1570 5169 1688 5213 cap.
1721 5153 1772 5216 4,
1819 5170 1874 5208 u.

307 5221 394 5286 I3,
423 5231 476 5274 et
514 5223 754 5288 pluribus
791 5221 912 5274 aliis
953 5221 1006 5274 ll.
1055 5224 1106 5276 in
1139 5223 1208 5274 K.
1241 5221 1308 5274 Π.
1337 5234 1389 5275 et
1432 5223 1559 5291 περὶ
1599 5222 1779 5275 Ἀνα6.
1820 5223 1875 5276 ld

307 5302 485 5362 autem
513 5292 622 5345 vult
654 5291 829 5355 Philo,
861 5291 1001 5346 horti
1033 5293 1250 5346 nomine
1286 5293 1386 5344 hoc
1415 5293 1468 5344 in
1503 5297 1620 5346 loco
1647 5293 1875 5362 intelligi

307 5358 398 5413 Dei
446 5363 772 5425 paradisum.

375 5430 488 5500 (85)
529 5429 704 5502 Locus
761 5430 1061 5502 manifeste
1078 5431 1447 5502 depravatus:
1498 5429 1636 5484 forte
1699 5433 1878 5502 legen-

309 5499 585 5571 ἀυιιιίτᾲς
611 5500 722 5555 τῶν
757 5502 927 5569 ἁγίων
953 5499 1205 5571 πράξεις.

375 5568 485 5640 (86)
527 5569 720 5625 Lectio
753 5567 874 5626 rod.
903 5567 1055 5624 Ales.
1084 5584 1206 5640 cum
1237 5567 1464 5640 articulo
1497 5569 1543 5621 ὁ.

373 5637 482 5709 (87)
524 5640 704 5695 Locus
749 5641 902 5694 Isaia:
933 5642 1013 5692 sic
1053 5654 1111 5691 se
1143 5639 1305 5709 habet
1343 5637 1397 5709 in
1431 5637 1599 5709 sacris
1645 5637 1828 5693 Bibliis
1860 5658 1872 5693 :

316 5706 443 5781 Ἰδοὺ
465 5706 503 5764 ’ὁ
529 5710 727 5781 μισθὸς
757 5709 920 5764 αὐτοῦ
956 5711 1071 5778 μετ’
1101 5706 1285 5781 αὑτοῦ,
1319 5706 1411 5760 καὶ
1439 5707 1498 5759 τὸ
1531 5707 1690 5778 ἔργον
1724 5710 1874 5762 ὲνανο

305 5779 413 5836 τίον
445 5779 640 5851 αὑτοῦ,
682 5799 702 5833 ι
736 5781 874 5836 Ecce
910 5792 1119 5834 merces
1143 5779 1258 5845 ejus
1288 5791 1408 5832 cum
1439 5792 1524 5845 eo,
1556 5789 1610 5834 ct
1653 5794 1786 5848 opus
1813 5782 1869 5838 in

1567 4619 1586 4648 '
1618 4616 1758 4673 Psal.
1799 4635 2020 4685 cxxuv,
2050 4619 2097 4672 l.

2663 4613 2682 4644 ⁷
2715 4612 2754 4665 ll
2789 4611 2943 4665 Esdr.
2976 4625 3051 4674 Ix,
3080 4607 3132 4664 5.

1976 4745 2267 4804 conspectu
2308 4734 2470 4788 illius.
2500 4732 2679 4804 rVet.
2719 4731 2986 4804 interpres
3037 4725 3288 4804 habuisse
3344 4724 3556 4804 videtur

1979 4806 2030 4858 in
2058 4793 2154 4860 su'o
2181 4804 2300 4860 cod.
2328 4805 2409 4866 εἰς
2443 4801 2764 4874 πρόσωπον·
2793 4793 2954 4853 vertit
2977 4798 3142 4861 enim,
3173 4812 3191 4846 ι
3215 4804 3342 4850 ante
3363 4793 3553 4849 faciem

1978 4889 2117 4930 CIIIS.
2146 4894 2164 4926 ι

2006 4891 2170 5014 “(88.8;
2219 4943 2333 4998 Vat.
2377 4943 2506 4997 edit.
2555 4940 2711 5012 Καλὴ
2752 4935 2802 4994 εἱ
2837 4942 2868 5010 ἡ
2907 4938 3023 5004 πλ.,
3070 4947 3125 4991 et
3156 4937 3294 4990 hanc
3318 4932 3442 4988 lect.
3471 4946 3556 4988 se-

1979 5018 2166 5085 quitur
2199 5024 2305 5085 vet.
2335 5014 2622 5085 interpres.

2054 5085 2165 5155 (89)
2211 5084 2374 5137 Vetus
2433 5075 2698 5155 interpres
2731 5080 2914 5155 vertit,
2958 5095 2976 5127 ι
3009 5087 3261 5155 tauquam
3315 5075 3554 5155 compla-

1986 5145 2187 5212 censfi
2226 5155 2450 5206 Videtur
2479 5145 2733 5206 habuisse
2765 5150 3048 5205 lectionem
3077 5145 3408 5216 Symmachi,
3437 5160 3554 5216 qua:

1982 5239 2064 5281 est
2098 5223 2388 5292 εὐδοκητή.

2054 5283 2534 5364 (90)]Εὲιλεκτή.
2581 5289 2718 5364 Nulli
2758 5287 2877 5364 lih_ri
2928 5285 3125 5364 habent
3181 5287 3317 5364 hanc
3371 5283 3556 5364 lectio—

1983 5355 2338 5420 nem.'Vatie.
2383 5355 2510 5416 edit.
2541 5359 2761 5414 exhibet
2809 5356 3024 5427 ὡραία,
3071 5371 3230 5427 quam
3272 5355 3575 5427 lectionem-

1985 5435 2228 5504 aguoscit
2261 5443 2367 5487 vel.
2399 5433 2626 5495 interpr.
2654 5440 2708 5483 et
2748 5422 2870 5498 ipse
2894 5426 3046 5479 Philo
3085 5426 3135 5479 in
3178 5422 3556 5494 esplauationo

1994 5507 2150 5573 hujus
2186 5519 2397 5558 versus.
2457 5571 2463 5573 _
2634 5568 2645 5573 _
2861 5565 2871 5573 _
3312 5561 3321 5570 .
3375 5572 3378 5573 ν

2063 5556 2174 5643 (Sil)
2215 5556 2418 5627 Locum
2456 5571 2596 5643 hunc
2626 5568 2688 5643 _iu_
2736 5565 2904 5643 saetis
2930 5563 3118 5643 Bihliis
3154 5556 3553 5643 repetire’tnlihi

1989 5627 2092 5697 noli
2157 5627 2423 5700 licuit.—
2479 5638 2718 5709 Respicit
2780 5636 2919 5690 forte
2975 5632 3127 5688 mino
3181 5627 3246 5684 ad
3299 5629 3318 5684 ι
3371 5627 3551 5681 Esdrau

1983 5729 2074 5779 ιιι,
2113 5714 2163 5767 5.

2176 4619 2196 4648 ⁸
2233 4617 2362 4672 Luc.
2398 4631 2456 4680 II,
2495 4615 2580 4670 Is.
