3986 6128
250 353 334 408 I29

302 470 408 522 ΣΝ.
435 467 526 522 Στ.
555 472 635 532 ς’.
673 467 738 522 Τί
765 466 1066 537 ὠραιώθης
1085 509 1098 526 .
1123 468 1220 522 καί
1243 469 1300 520 τί
1328 469 1592 536 ήδύνθης
1621 469 1731 540 (47)
1759 487 1774 535 ;

321 650 583 724 ἀραιώθη
637 651 754 722 γὰρ
781 652 950 715 ὅντως
980 653 1071 704 καί
1107 651 1326 723 ήδύνθη,
1360 654 1482 722 οὐχὶ
1517 651 1612 724 τῆς
1644 651 1829 722 θεοτηο

255 764 335 810 τος
355 745 578 813 δύναμις
622 742 772 814 (οὗτε
798 744 907 811 γὰρ
938 743 1276 812 προσθήκην,
1305 742 1424 795 οὗτε
1453 744 1674 813 μείωσιν
1714 745 1832 796 ἑπι-

252 837 495 908 δεχεται),
518 835 634 888 ἀλλ’
669 837 705 904 ἡ
744 834 902 905 σὰρξ,
926 835 993 906 ἢν
1023 835 1278 904 ἀνείληφε
1303 853 1314 862 ·
1346 836 1495 888 καὶὸ
1518 835 1719 898 τέλειος
1746 836 1832 888 ἄν-

254 929 477 998 θρωπος,
512 925 570 977 ὃν
598 925 892 996 ὲφὸρησεν,
927 918 1081 986 οὗτος
1108 924 1383 996 ὼραιώθη.
1417 929 1482 994 τῇ
1513 926 1610 995 τῆς
1643 927 1830 996 θεότη-

256 1036 338 1081 τος
377 1017 672 1088 ὡραιότητι
715 1014 1178 1086 συμμορφωθείςο
1240 1015 1332 1068 καὶ
1395 1016 1614 1086 ἡδύνθη.
1675 1017 1732 1069 ἐν
1763 1021 1828 1089 τῇ

258 1111 354 1162 τῶν
394 1107 640 1178 οὐρανῶν
694 1105 979 1169 καθεσθεὶς
1028 1105 1276 1176 βασιλείᾳ
1309 1106 1366 1159 ἐν
1397 1105 1546 1177 δεξιᾷ
1573 1108 1666 1160 τοῦ
1715 1109 1829 1162 Πα-

257 1201 390 1272 τρός.

317 1293 432 1346 ΣΙΞ¹⁸
463 1293 559 1345 Στ.
587 1291 654 1356 ζ’.
705 1291 765 1344 Ἡ
809 1289 1012 1360 ἀγάπη
1059 1290 1126 1343 ἐν
1159 1289 1412 1358 τρυφαῖς
1451 1306 1596 1343 σου·
1653 1289 1828 1343 τοῦτο

254 1382 488 1452 μέγεθός
523 1396 662 1435 σου.
717 1379 1030 1448 Ὠμοιώθης
1052 1377 1132 1444 τῷ
1170 1380 1390 1448 φοίνικι
1414 1378 1524 1449 (48)
1547 1396 1559 1408 ·
1603 1381 1698 1432 καὶ
1727 1397 1830 1449 μα·

252 1473 382 1527 στοί
412 1473 523 1542 (49)
554 1489 692 1534 σου,
716 1471 839 1532 τοῖς
858 1471 1178 1538 βότρυσιν.

329 1566 544 1632 ’Δγάπτι
581 1563 692 1634 γὰρ
728 1562 894 1625 ὅντως
940 1563 998 1613 ὲν
1021 1564 1254 1632 τρυφαῖς
1291 1561 1457 1615 αὑτοῦ
1479 1579 1492 1592 ·
1547 1561 1748 1632 τρυφαὶ
1773 1559 1828 1612 δὲ

252 1658 308 1710 ού
351 1657 579 1718 ταύταις
626 1656 742 1716 ταῖς
775 1653 875 1722 τῆς
922 1653 1123 1724 σαρκὸς
1185 1653 1486 1715 σπατάλαις
1523 1652 1668 1723 (50),
1713 1652 1826 1704 ἀλλ’

252 1748 283 1816 ἦ
310 1747 419 1816 (51)
449 1750 517 1817 τῇ
553 1746 651 1816 τῆς
670 1744 880 1807 ἐλπίδος
907 1744 1247 1815 πεποιθήσει,
1265 1743 1341 1807 ὥς
1371 1761 1502 1814 φησι
1532 1744 1622 1796 καὶ
1642 1743 1823 1796 Δαϐίδ’

1170 346 1566 404 ENARRATIO
1605 347 1671 402 IN
1709 347 2065 404 CANTICUM
2101 348 2578 411 CANTICORUM.

1864 473 1908 529 Α
2012 468 2184 524 CCIV.

3401 351 3503 405 130

2271 469 2408 525 Vens
2455 469 2506 523 6.
2578 469 2746 534 Quam
2798 470 3034 540 speciosa
3093 468 3239 538 facta
3298 487 3386 536 cs,
3455 483 3506 524 et

1935 563 2107 621 suavis
2127 564 2145 614 .'

2007 658 2256 725 Speciosa
2297 657 2438 710 enim
2505 670 2690 710 revera
2743 655 2880 708 facta
2939 661 3023 708 est
3069 663 3122 707 et
3161 653 3361 719 suavis,
3399 669 3506 706 non

1935 751 2233 806 divinitatis
2283 749 2490 814 virtus;
2547 763 2718 814 neque
2769 747 2911 800 enim
2961 746 3284 800 additionem
3335 758 3508 813 neque

1935 845 2341 900 diminutionem
2383 840 2646 905 admittit;
2691 840 2780 894 sed
2835 853 2958 892 caro
2995 853 3154 906 quam
3182 837 3506 903 assumpsit;

1934 947 1987 991 et
2025 935 2298 1004 perfectus
2327 935 2484 986 homo
2510 946 2664 998 quem
2690 930 2910 999 gestavit
2942 927 3245 998 (Verbum),
3281 927 3368 980 ille
3391 941 3507 994 spe-

1933 1034 2111 1082 ciosus
2151 1025 2324 1080 factus
2383 1033 2482 1084 cst,
2517 1021 2812 1075 divinitatis
2842 1021 3235 1091 pulchritudine
3265 1017 3508 1088 conliguc

1932 1130 2117 1181 ratus;
2151 1127 2201 1169 et
2228 1115 2412 1170 suavis
2455 1114 2627 1166 fat-tus
2669 1122 2771 1176 est,
2813 1113 3012 1166 sedens
3049 1111 3102 1164 in
3154 1123 3319 1178 regno
3350 1108 3504 1164 catio-

1935 1227 2049 1264 rnm
2072 1211 2137 1262 ad
2168 1210 2441 1260 dexteram
2466 1205 2663 1258 Patris.

2005 1299 2159 1356 CCV.
2202 1298 2368 1352 Vens.
2413 1297 2463 1351 7.
2505 1296 2752 1351 Charitas
2777 1297 2828 1348 in
2855 1295 3056 1348 deliciis
3085 1294 3185 1346 luis
3214 1309 3231 1347 :
3256 1295 3363 1347 Ita'c
3397 1310 3505 1346 mtto

1931 1393 2147 1461 gnitudo
2195 1399 2288 1442 tua
2339 1388 2526 1442 similis
2571 1387 2710 1454 facta
2753 1397 2824 1438 est
2873 1386 3100 1452 palmae,
3146 1395 3192 1438 et
3238 1384 3397 1437 ubera
3418 1395 3508 1438 tua

1932 1481 2113 1535 botris.

2010 1569 2260 1626 Charitas
2291 1583 2434 1622 entttt
2489 1579 2678 1620 revera
2743 1565 2795 1616 in
2845 1563 3052 1618 deucns
3117 1561 3271 1630 ejus:
3305 1561 3510 1616 delicia~

1930 1680 2060 1718 vero
2103 1678 2206 1717 non
2256 1662 2308 1714 in
2356 1660 2502 1713 hisce
2537 1656 2845 1711 carnalibus
2888 1655 3132 1719 lautitiis,
3181 1656 3273 1709 sed
3303 1655 3354 1708 iu
3388 1668 3508 1722 per-

1931 1749 2182 1805 suasione
2216 1747 2352 1815 spei,
2383 1756 2440 1800 ttt
2465 1747 2539 1798 ait
2572 1745 2736 1798 David
2766 1762 2779 1797 :
2817 1763 2835 1795 ‹
2869 1743 3144 1797 Delectare
3171 1743 3222 1796 in
3256 1743 3502 1804 Domino,

259 1855 276 1888 ι
301 1835 736 1907 Κατατρύφησον
762 1835 858 1887 τοῦ
889 1835 1112 1906 Κυρίου,
1144 1835 1234 1887 καὶ
1263 1833 1424 1887 δώσει
1470 1852 1550 1887 σοι
1574 1833 1641 1886 τὰ
1674 1833 1825 1904 αίτή-

1947 1849 1982 1894 ιι
2029 1840 2177 1894 dabit
2224 1837 2317 1891 tibi
2359 1836 2646 1902 petitiones
2677 1835 2858 1888 cordis
2891 1833 2965 1887 tui
3000 1833 3062 1886 “.
3087 1851 3104 1885 ι
3143 1832 3266 1887 llmc
3295 1833 3505 1902 magni-

262 1941 398 1992 ματα
426 1924 523 1993 τῆς
561 1923 791 1994 καρδίας
821 1939 935 1976 σου.
964 1941 988 1982 ι,
1021 1922 1192 1976 Τοῦτο
1221 1923 1280 1976 τὸ
1317 1923 1544 1994 μέγεθος
1571 1921 1826 1992 ὡμοιώθη

255 2012 329 2078 τῷ
352 2013 548 2081 φοίνικι
605 2012 746 2067 κατὰ
786 2013 1026 2066 ποικίλον
1068 2016 1270 2085 τρόπον
1294 2030 1308 2044 ·
1347 2013 1408 2066 τὸ
1458 2014 1828 2084 μέγεθοςτῆς

263 2105 624 2175 Ἔκκλησίας,
675 2105 957 2157 τουτέστιν
1013 2109 1044 2175 ἡ
1105 2105 1211 2159 τῶν
1279 2106 1501 2160 δικαίων
1563 2105 1826 2177 ἄθροισις,

255 2195 504 2266 ὡμοιώθη
563 2193 641 2265 τῷ
688 2196 912 2263 φοίνικι,
950 2197 1087 2249 κατὰ
1115 2197 1208 2249 τὸν
1237 2196 1463 2265 λέγοντα
1495 2199 1788 2268 Προφήτην
1811 2215 1824 2228 °

261 2303 278 2334 ι
303 2285 516 2346 Δίκαιος
553 2285 630 2347 ὡς
657 2281 831 2352 φοῖνιξ
855 2285 1092 2356 ἀνθήσει.
1123 2305 1142 2336 ι
1205 2286 1382 2348 Φοῖνιξ
1412 2286 1469 2338 δὲ
1501 2285 1830 2356 λευκοτάτην

157 2376 167 2384 ’
255 2375 513 2445 κέκτηται
534 2377 633 2446 τὴν
662 2377 910 2447 καρδίαν,
962 2376 1035 2438 ὡς
1058 2377 1151 2429 καὶ
1183 2378 1214 2445 ἡ
1257 2375 1364 2429 τῶν
1392 2377 1614 2430 δικαίων
1637 2376 1826 2448 γνώμη

256 2467 530 2532 λιυκάζει,
565 2470 626 2521 ού
672 2471 800 2540 περὶ
861 2468 929 2521 τὰ
959 2471 1122 2538 γήινα
1178 2469 1502 2540 βοσκομένη,
1556 2470 1690 2522 ἀλλὰ
1721 2471 1831 2524 ἄνω

254 2557 381 2628 περὶ
429 2556 500 2608 τὰ
550 2558 844 2627 ἐπουράνια
879 2557 985 2627 ὕψη
1019 2559 1118 2628 τὴν
1156 2558 1381 2630 καρδίαν
1420 2559 1828 2630 ἀνατεινομένη.

255 2648 318 2701 Ei
343 2650 402 2701 δὲ
423 2649 520 2702 καὶ⁵
549 2649 806 2712 σκόλοπας
837 2649 950 2720 ἔχει
975 2653 1003 2704 ὁ
1031 2651 1224 2719 φοῖνιξ,
1266 2653 1358 2704 καὶ
1394 2651 1566 2722 τούτῳ
1600 2652 1834 2706 ἀπεικά-

255 2737 652 2803 ζεταιδίκαιος.
711 2739 981 2802 Σκόλοπές
1019 2741 1123 2793 εἰσι
1149 2739 1226 2810 τῷ
1263 2740 1483 2809 φοίνικι,
1523 2741 1599 2804 ὡς
1635 2742 1729 2793 καὶ
1754 2739 1832 2811 τῷ

251 2827 448 2898 δικαίῳ
466 2829 516 2881 οἱ
545 2829 672 2899 πρὸς
690 2830 814 2894 τοὺς
835 2830 1192 2901 ἁμαρτωλοὺς
1218 2831 1450 2902 ἔλεγχοι.
1487 2851 1506 2884 ι
1532 2832 1696 2901 Λόγοι
1723 2832 1834 2904 γὰρ

255 2921 433 2989 σοφῶν
446 2920 522 2983 ὡς
534 2921 600 2972 τὰ
616 2920 936 2992 βούκεντρα,
957 2924 1049 2974 καὶ
1066 2923 1139 2986 ὼς
1151 2918 1270 2993 ἧλοι
1293 2926 1674 2996 πεπυρωμένοι
1693 2923 1830 2993 (52),

249 3009 299 3061 οῖ
371 3010 523 3080 παρὰ
580 3009 686 3062 τῶν
738 3009 1090 3080 συνθεμὸπων
1146 3011 1406 3084 ἐδόθησαν
1453 3015 1516 3066 ὲκ
1573 3013 1833 3083 ποιμένος

250 3099 366 3162 ἑνός
389 3101 525 3170 (55).
551 3119 568 3149 ι
620 3101 750 3153 Ἀπὸ
787 3100 1137 3169 συνθεμάτων
1170 3101 1275 3173 γὰρ
1301 3103 1408 3155 τῶν
1431 3102 1524 3155 δύο
1547 3101 1830 3174 Διαθηκῶν

1935 1932 2062 1986 tudo
2100 1930 2292 1985 similis
2320 1929 2461 1982 facta
2489 1937 2571 1982 est
2603 1927 2792 1996 palma:
2827 1926 2980 1994 juxta
3019 1925 3227 1978 varium
3263 1926 3501 1978 modum.

1931 2022 2242 2090 Magnitudo
2275 2018 2550 2079 Ecclesim,
2580 2017 2680 2070 hoc
2711 2025 2816 2079 est,
2843 2016 3110 2085 justorum
3135 2013 3503 2082 congregatio,

1930 2113 2126 2168 similis
2159 2111 2296 2164 facta
2331 2120 2414 2165 est
2454 2111 2644 2178 palmae
2668 2108 2818 2175 juxta
2848 2107 3169 2176 Prophetant
3197 2107 3502 2159 dicentem:

1937 2223 1954 2255 ι
1984 2203 2168 2258 Justus
2196 2210 2253 2254 ιιι
2283 2201 2457 2271 palma
2492 2201 2700 2254 ﬂorebit
2720 2199 2782 2252 δ’.
2815 2219 2832 2250 ι
2869 2198 3049 2252 Palma
3070 2198 3208 2251 enim
3241 2195 3506 2250 candidis-

1931 2295 2124 2348 simum
2166 2309 2260 2347 cor
2310 2291 2498 2356 habet,
2544 2288 2998 2360 quemadmodum
3035 2287 3197 2342 etiam
3234 2286 3502 2353 justorum

1935 2385 2150 2439 animus
2187 2383 2454 2438 candidus
2480 2393 2598 2447 est;
2635 2382 2724 2449 qui
2762 2397 2865 2434 non
2896 2381 3134 2448 pascitur
3152 2394 3214 2432 ex
3244 2377 3508 2432 terrestri-

1933 2476 2052 2539 bus,
2085 2476 2177 2531 sed
2209 2490 2370 2545 supra
2395 2476 2461 2528 ad
2493 2474 2744 2528 ctelestes
2777 2473 3088 2526 altitudines
3117 2485 3212 2525 cor
3249 2469 3498 2524 iutendit.

1934 2567 1990 2621 Si
2013 2581 2144 2620 vero
2169 2566 2383 2621 aculeos
2415 2566 2574 2619 habet
2605 2565 2806 2632 palma,
2829 2564 2990 2616 etiam
3027 2563 3078 2616 in
3109 2564 3210 2616 hac
3245 2576 3302 2616 re
3327 2562 3508 2630 justus

1933 2655 2007 2710 illi
2051 2655 2403 2711 assimilatur.
2445 2653 2538 2708 Sui
2569 2661 2694 2708 sunt
2717 2654 2906 2722 palma:
2931 2650 3120 2712 aculei,
3150 2650 3502 2720 quemadmo-

1935 2749 2058 2801 dum
2099 2748 2260 2802 etiam
2304 2748 2452 2816 justo
2494 2761 2604 2800 sua:
2645 2755 2770 2799 sunt
2805 2743 3197 2813 increpationes
3225 2741 3276 2796 in
3313 2756 3505 2811 pecca-

1935 2849 2079 2894 tores
2107 2857 2117 2891 :
2149 2853 2168 2886 ι
2198 2834 2488 2890 Sermones
2514 2836 2655 2888 enim
2683 2835 2982 2903 sapientum
3012 2841 3062 2886 ut
3088 2832 3291 2887 stimuli
3315 2833 3501 2898 boum,

1939 2935 1988 2980 et
2027 2936 2281 2997 tanquam
2315 2927 2452 2980 clavi
2483 2926 2662 2995 igniti,
2695 2927 2783 2994 qui
2814 2940 2908 2994 per
2932 2924 3081 2994 signa
3117 2925 3225 2977 dati
3267 2933 3391 2977 sunt
3429 2923 3502 2976 ab

1934 3033 2042 3072 uno
2083 3017 2387 3088 pastore“.
2420 3037 2436 3069 ι
2481 3015 2582 3071 Per
2615 3018 2766 3086 signa
2799 3017 2965 3080 enim,
2997 3014 3250 3068 nimirum
3277 3029 3374 3083 per
3395 3013 3500 3067 duo

1935 3107 2321 3172 Testamenta,
2369 3108 2436 3160 ab
2495 3122 2600 3160 uno
2670 3116 2883 3176 pastore
2922 3105 3138 3160 Christo
3181 3104 3376 3158 dantur
3421 3105 3502 3160 In!

253 3193 314 3242 ἐκ
341 3191 595 3261 ποιμένος
633 3192 750 3256 ἑνὸς
777 3191 871 3245 τοῦ
899 3193 1155 3263 Χριστοῦ,
1193 3189 1337 3247 οὗτοι
1359 3194 1408 3246 οἱ
1441 3193 1548 3247 τῶν
1607 3193 1825 3247 δικαίων

1947 3196 2328 3263 lucrepationes
2356 3215 2370 3258 ;
2406 3206 2462 3248 ιιι
2489 3198 2663 3248 omnis
2687 3199 2775 3263 qui
2809 3196 2876 3249 ab
2902 3195 2966 3249 iis
2990 3194 3323 3259 stimulatur,
3344 3194 3504 3248 corde

250 3281 459 3352 ἔλεγχοι
488 3283 744 3342 δίδονται.
802 3284 886 3336 ἴνα
921 3286 1025 3348 πᾶς
1056 3302 1140 3348 τις
1169 3284 1522 3356 κεντούμενος
1565 3285 1830 3338 κατανύτ-

249 3391 404 3444 τηται
430 3375 531 3445 τὴν
553 3375 802 3446 καρδίαν,
833 3375 928 3428 καὶ⁵
961 3378 1216 3447 ἀπέχοιτο
1255 3377 1434 3446 πάσης
1459 3378 1762 3448 ἁμαρτίας.

319 3463 452 3531 Σζῗ.
502 3465 610 3520 Καὶ
644 3469 698 3519 οι
730 3469 953 3534 pacto!
985 3485 1122 3530 σου,
1151 3467 1274 3533 τοῖς
1299 3469 1616 3534 βότρυσιν.

318 3559 586 3629 Καθάπερ
614 3561 664 3611 οί
708 3559 817 3612 τῶν
848 3560 1102 3628 φοινίκων
1141 3560 1365 3632 βότρυες
1397 3559 1726 3630 πληθύνουσι
1753 3561 1832 3632 τῷ

251 3646 449 3717 καρπῷ
469 3647 563 3699 καὶ
581 3650 647 3716 τῇ
678 3646 992 3718 γλυκύτητι,
1015 3647 1186 3711 οὕτως
1207 3647 1406 3719 ταύτης
1433 3650 1484 3700 οἱ
1500 3648 1591 3702 δύο
1616 3650 1828 3719 μαστοὶ,

250 3739 527 3792 τουτέστιν
588 3739 646 3790 αἱ
690 3737 783 3789 δύο
813 3737 1097 3808 Διαθῆκαι,
1137 3738 1236 3801 τὰς
1279 3737 1533 3806 γλυκείας
1590 3738 1831 3808 κομῶσιν

251 3827 448 3898 ἀρετὰς
473 3831 588 3890 τοῖς
645 3829 702 3880 ἑν
737 3827 898 3880 αύταῖ
975 3826 1334 3895 γλυκύνεσθαι
1396 3827 1507 3898 (54)
1569 3826 1830 3897 βουλομέ-

252 3936 378 3982 νοις.

320 4009 434 4066 ΣΖ’.
466 4010 560 4062 Στ.
585 4015 656 4078 η’.
694 4005 852 4062 Εἶπα
876 4024 890 4038 ·
931 4006 1322 4077 Ἁναϐήσομαι
1349 4005 1419 4060 ἐν
1454 4005 1535 4074 τῷ
1562 4006 1674 4078 (55)
1697 4007 1829 4076 φοί-

254 4116 392 4164 νικι,
421 4103 703 4172 κρατήσω
725 4099 843 4154 τῶν
866 4100 1071 4168 ὐψέων
1095 4098 1302 4153 αὐτοῦ.

317 4195 595 4264 Τέρπεται
620 4197 647 4248 ὁ
677 4193 995 4264 ἐπουράνιος
1039 4191 1194 4260 λόγος
1226 4194 1293 4262 τῇ
1342 4190 1566 4262 τοιαύτῃ
1600 4190 1707 4244 τῶν
1754 4191 1832 4246 δι-

254 4286 420 4338 καίων
451 4285 786 4356 καθαρότητι
842 4284 941 4352 τῆς
965 4282 1163 4353 ψυχῆς·
1202 4302 1219 4334 ι
1246 4283 1355 4336 Καὶ
1386 4283 1831 4352 ἀπεκδυσάμενος

253 4375 350 4439 τὰς
386 4376 562 4447 ἀρχὰς
591 4377 682 4430 καὶ
705 4376 805 4439 τὰς
843 4374 1090 4438 ἐξουσίας
1119 4374 1252 4442 (56),
1283 4374 1376 4426 καὶ
1408 4372 1617 4444 μορφὴν
1646 4372 1827 4426 δούλου

1935 3296 2328 3357 compungatur
2354 3296 2407 3340 et
2433 3303 2461 3339 a
2495 3287 2730 3354 peccatis
2760 3285 3043 3341 abstineat.

2005 3471 2181 3527 CCVI.
2229 3471 2292 3524 Et
2323 3475 2481 3524 ubera
2512 3477 2604 3524 tua
2631 3471 2811 3524 botris.

2007 3563 2465 3633 Quemadmodum
2499 3562 2798 3630 palmarum
2833 3562 2970 3616 botri
3008 3561 3298 3630 implentur
3326 3560 3501 3615 {ructu

1932 3665 1987 3709 et
2034 3654 2336 3716 dulcedine,
2390 3655 2470 3708 sic
2502 3655 2607 3708 duo
2656 3651 2813 3720 hujus
2865 3655 3054 3716 ubera,
3115 3653 3216 3707 hoc
3240 3661 3345 3717 est,
3403 3652 3504 3706 duo

1934 3747 2299 3807 Testamenta,
2346 3746 2531 3800 dulces
2571 3743 2801 3800 ellerunt
2842 3747 3068 3801 virtutes
3099 3745 3164 3800 iis
3189 3747 3280 3814 qui
3321 3759 3504 3798 eorum

1939 3839 2224 3894 dulcedine
2253 3838 2354 3892 frui
2381 3839 2569 3894 velint.

2005 4011 2206 4068 CCVII.
2259 4011 2426 4068 Vt-ztts.
2458 4012 2511 4066 8.
2557 4012 2680 4067 Dixi
2705 4027 2724 4066 :
2757 4013 3047 4068 Ascendam
3083 4012 3139 4066 in
3169 4011 3418 4083 palmam,
3457 4017 3504 4066 ct

1942 4107 2118 4158 tenebo
2151 4105 2455 4158 altitudines
2488 4105 2670 4174 ipsius.

2007 4195 2318 4250 Delectatur
2369 4196 2591 4250 cmleste
2652 4194 2885 4250 Verbum
2918 4195 3006 4249 tali
3035 4193 3302 4261 justorum
3355 4189 3502 4258 puri.

1937 4271 2046 4339 tate
2073 4275 2258 4339 animi.
2288 4287 2384 4340 «Et
2413 4288 2726 4355 exspolians
2750 4272 3077 4353 principatus
3107 4292 3160 4337 et
3187 4292 3502 4351 potesmtes,

1936 4387 1987 4430 et
2037 4378 2262 4431 formam
2311 4378 2449 4430 servi
2504 4378 2772 4444 accipiens
2806 4375 2874 4440 δ’,
2909 4393 2928 4424 ι
2966 4404 3033 4414 -
3074 4391 3090 4424 ι
3118 4371 3444 4432 Ascendam,
3477 4389 3498 4422 ι

253 4467 448 4533 λαϐὼν,
479 4489 498 4522 ι
524 4501 594 4510 -—
624 4489 642 4519 ι
679 4469 1066 4537 Ἀναὸήσομαι,
1095 4487 1110 4516 ι
1143 4466 1336 4534 λέγων,
1366 4485 1382 4516 ι
1413 4468 1468 4518 ἐν
1501 4465 1579 4535 τῷ
1606 4467 1825 4535 φοίνικι,

1947 4466 2130 4535 inquit,
2179 4485 2196 4516 ι
2228 4467 2278 4519 in
2313 4465 2565 4534 palmam,
2611 4476 2664 4517 ct
2707 4465 2900 4516 tenebo
2949 4461 3259 4515 altitudines
3307 4459 3442 4526 ejus.
3477 4479 3497 4512 ι

256 4559 350 4612 καὶ
370 4563 628 4631 κρατήσω
639 4560 748 4614 τῶν
774 4559 954 4629 ύψέων
982 4558 1166 4612 αὑτοῦ.
1195 4578 1214 4610 ι
1236 4558 1360 4611 Ἐὰν
1379 4557 1485 4627 γὰρ
1501 4559 1748 4628 κρατήσῃ
1763 4557 1828 4610 τὰ

320 4743 364 4776 ⁸³
407 4740 544 4797 Psal.
582 4757 769 4802 xxxvi,
815 4740 866 4792 4.
947 4739 988 4770 η
1025 4740 1165 4795 Psal.
1199 4756 1302 4805 set,
1338 4740 1424 4794 l5.

323 4911 454 4982 (Π)
477 4909 756 4963 Salutatus
781 4906 1000 4982 videtur
1028 4904 1220 4973 legisse
1245 4903 1538 4974 ἢδυνήθης,
1572 4905 1688 4982 qui_
1705 4921 1819 4960 ver-

256 4973 352 5040 tit}
381 4973 598 5046 (Quam
648 4979 922 5044 speciosus
961 4973 1146 5046 Iactus
1179 4989 1236 5028 es
1266 4985 1321 5027 et
1358 4973 1608 5046 petens”
1650 4975 1822 5046 Cane.

258 5069 368 5110 rum
401 5042 616 5104 in_edit.
652 5042 909 5099 Vaticana
939 5045 1148 5096 diversa
1187 5053 1271 5098 est
1302 5042 1460 5109 hujus
1509 5043 1607 5099 loci
1653 5045 1824 5098 inter-

259 5123 501 5193 punctio,
558 5131 772 5184 nempe,
824 5115 890 5168 Τί
949 5113 1274 5184 ὼραιώθης,
1323 5114 1414 5166 καὶ
1472 5113 1524 5166 τί
1593 5114 1824 5186 ήδύνθης

256 5193 457 5261 ἀγάπη.

327 5233 566 5330 (ῖὲίέἠο
615 5254 871 5330 vaticana
939 5253 1122 5330 editio.
1173 5253 1278 5330 Sed
1355 5253 1634 5330 Philonem
1684 5265 1820 5330 puto

251 5321 533 5399 scripsisse
583 5327 745 5381 τοῦτο
785 5321 1184 5399 Δμέγεθόςησου
1245 5321 1502 5399 (upon.th
1566 5323 1644 5396 τῷ
1692 5321 1817 5399 ’φρί-

256 5393 381 5464 vat,
415 5417 530 5471 qua:
560 5410 644 5454 εει
671 5393 836 5471 lectio
873 5395 992 5448 cod.
1031 5393 1403 5454 Alexandrini,
1433 5393 1676 5471 etqtta'tn
1710 5397 1818 5464 ple-

259 5467 479 5542 rumque
527 5469 684 5542 sequi
717 5476 992 5542 auctorem
1039 5475 1279 5542 nostrum
1317 5479 1457 5533 smpe
1487 5467 1809 5542 notavimus.

257 5534 406 5596 Certe
428 5543 507 5598 sic
538 5534 739 5609 legisse
777 5535 987 5609 videtur
1021 5540 1130 5587 vet.
1163 5534 1453 5609 it_tterpres_,
1484 5535 1572 5609 qui
1608 5538 1768 5609 vertit
1796 5551 1811 5590 :

261 5631 282 5683 ι
307 5602 620 5683 Μιειιίιιιόιῖ
645 5620 732 5683 t_u:t
767 5604 1078 5683 similisest
1125 5602 1371 5683 palmae...
1412 5604 1584 5683 El-ita
1633 5605 1814 5683 jngen-

257 5682 369 5736 dum
385 5671 514 5738 "esse
541 5681 738 5737 suadet
767 5675 881 5744 ipsa
913 5671 1069 5744 hujus
1099 5673 1344 5726 versiculi
1375 5671 1705 5742 explanatio.

317 5753 420 5826 (49)
462 5754 608 5809 Edit.
639 5749 761 5801 Vat.
788 5741 841 5798 οἱ
878 5741 1069 5813 μαστοί
1109 5758 1198 5794 σου
1225 5759 1344 5797 cum
1385 5741 1632 5798 articulo.

1503 4739 1548 4771 ⁸³
1573 4740 1750 4794 Eccle.
1774 4755 1870 4801 xu,
1905 4737 1990 4791 Η.

1935 4556 2070 4610 Nam
2107 4573 2228 4610 cum
2274 4555 2506 4610 tenuerit
2551 4555 2816 4622 justorum
2860 4552 3189 4618 altitudines,
3244 4552 3312 4604 ah
3356 4550 3502 4606 omni

2067 4736 2111 4766 ³⁸
2141 4736 2346 4790 Coloss.
2374 4750 2432 4799 Il,
2465 4735 2549 4789 l5.

2003 4903 2114 4971 (5'0)
2156 4901 2292 4954 Male
2331 4916 2518 4955 omnes
2551 4901 2706 4955 codd.
2737 4901 3030 4971 σπατᾶλαι.

2001 4969 2109 5042 (51)
2160 4972 2312 5042 Ῐᾼλλῗ
2348 4971 2408 5039 ἤ,
2444 4973 2512 5024 ita
2554 4985 2739 5042 omnes
2762 4973 2925 5042 _eodd.
2953 4969 3092 5038 Lege
3123 4971 3278 5030 ἀλλά.

2002 5040 2111 5113 (52)
2153 5041 2270 5114 Vat.
2304 5041 2718 5114 πεφυτευμένοι.
2746 5040 2877 5114 God.
2920 5042 3071 5092 Alex.
3110 5045 3500 5114 πεπυρωμένοι

1927 5110 2078 5183 παρὰ
2109 5111 2216 5192 τῶν
2244 5111 2610 5183 συνθεμάτων.
2642 5110 2756 5164 Yet.
2791 5111 3014 5178 interp.,
3043 5129 3060 5161 ι
3090 5112 3154 5166 de
3174 5110 3315 5168 notis
3341 5110 3502 5170 unius

1966 5195 2182 5236 astorts.
2213 5201 2232 5232 ι

1927 5199 2343 5321 Ρδῗὲἓῗειίιῖάῑάἰ
2391 5251 2530 5316 ἑνός,
2573 5249 2715 5319 quod
2753 5250 2951 5306 habent
3003 5265 3282 5308 sacrorum
3331 5254 3494 5308 libro-

1929 5338 2044 5374 rum
2090 5320 2416 5390 exemplaria
2451 5325 2628 5375 omnia
2679 5334 2810 5373 mss.
2843 5330 2896 5390 et
2929 5321 3210 5388 impressa.
3244 5322 3373 5376 Eam
3407 5339 3496 5378 vo-

1925 5408 2042 5447 cem
2074 5389 2382 5458 legitetiam
2402 5401 2508 5446 vet.
2542 5392 2735 5456 interp.
2759 5401 2812 5442 et
2842 5389 3003 5446 habet
3033 5394 3198 5444 codex
3236 5391 3491 5446 Mntinen.

2307 5460 2490 5515 Mittin.
2521 5458 2835 5528 γλύκεσθαι.
2865 5458 3120 5530 Legerem
3153 5461 3340 5514 lubens
3367 5460 3498 5529 γλυ-

1919 5547 2229 5586 καινεσυαι.

1986 5601 2098 5670 (55)
2143 5601 2238 5670 Ἐν
2276 5598 2375 5664 τῷ.
2415 5599 2488 5653 Ita
2521 5599 2642 5670 cod.
2671 5598 2826 5653 Alex.
2849 5600 2919 5653 At
2957 5599 3073 5652 Vat.
3099 5599 3226 5652 edit.
3263 5599 3356 5650 ἐπὶ
3387 5597 3487 5668 τῷ.

1986 5669 2098 5741 (56)
2141 5669 2376 5725 Pessime
2405 5681 2558 5724 vetus
2588 5669 2876 5739 interpres,
2907 5688 2922 5720 ι
2953 5680 3006 5724 e'.
3029 5683 3230 5722 exuens
3256 5682 3313 5721 se
3349 5672 3495 5738 prin-

1919 5741 2074 5810 cipiis
2106 5749 2160 5795 et
2191 5741 2561 5810 potestatibus.
2590 5759 2608 5791 ι
