4038 6134
253 330 256 332 Ἴ
345 352 449 413 I35
1258 357 1651 416 ENARRATIO
1690 361 1757 415 IN
1798 361 2151 420 CANTICUM
2191 363 2663 421 CANTICORUM.
3493 374 3601 433 I55

340 467 730 541 συμφέρουσαν
755 467 868 540 (67)
906 470 1018 532 τοῖς
1069 469 1388 541 μυστηρίοις
1421 471 1691 542 εὐθύτητα
1726 490 1905 544 κεκτηι

2030 477 2138 530 ait:
2189 495 2206 526 ι
2258 477 2527 532 sulllciens
2567 478 2722 534 labiis
2752 489 2805 534 et
2854 479 3139 547 dentibus;
3187 503 3208 536 ι
3243 493 3298 540 ιιι
3351 485 3596 547 breviter

341 562 526 630 μένος.
560 561 739 629 Σαφὲς
775 561 832 615 δὲ
878 561 971 614 καὶ
1010 561 1089 625 τὸ,
1145 581 1162 612 ι
1203 562 1556 631 ἱκανούμενον
1585 564 1785 632 χείλεσι
1822 566 1905 618 καὶ

2025 568 2294 629 ostendat,
2337 567 2416 617 visl
2464 570 2835 622 tantumnodo
2868 585 2933 623 ex
2975 585 3040 624 eo
3093 572 3229 627 labia
3263 574 3492 631 tinxisse
3531 594 3597 632 ac

337 650 579 704 ὀδοῦσιν·
607 669 626 703 ι
663 651 749 704 ἵνα
780 651 841 702 τὸ
867 650 1038 720 βραχὺ
1068 650 1234 721 δείξῃ,
1268 652 1360 704 καὶ
1391 652 1451 704 τὸ
1489 654 1646 722 μόνον
1677 656 1742 706 τά
1767 656 1905 723 χείλτ

2023 658 2234 719 dentes,
2271 658 2412 711 illico
2449 658 2592 726 quod
2645 659 2802 712 datur
2851 661 2984 716 satis
3033 677 3152 718 esse
3198 666 3264 718 ad
3301 667 3593 733 perfectam

337 742 510 812 βάψαι
541 741 689 813 αὐτῷ
734 743 828 794 καὶ
873 741 999 804 τοὺς
1042 741 1278 804 ὀδόντας,
1318 743 1398 795 ὅτι
1432 744 1489 795 ἐν
1519 744 1711 814 βραχεῖ
1736 747 1917 798 ἱκανὸν
2022 749 2271 802 salutem.

337 835 476 904 πρὸς
503 836 602 905 τὴν
627 834 811 904 ἐντελῆ
845 833 1116 904 σωτηρίαν
1149 833 1209 885 τὸ
1236 833 1527 905 διδόμενον.

410 949 552 1000 ΣΙΝ.
600 947 690 1000 Στ.
724 953 776 999 t'.
831 945 971 1014 Ἐγὼ
1018 946 1088 998 ἐν
1127 945 1236 1014 (68)
1283 945 1362 1011 τῷ
1407 947 1706 1016 ἀδελφιδῷ
1756 966 1914 1017 μου,

338 1038 435 1090 καὶ
463 1037 556 1090 ἐπ’
596 1036 700 1105 ἐμὲ
725 1036 764 1102 ἡ
792 1035 1124 1104 ἐπιστροφὴ
1156 1035 1360 1088 αὑτοῦ.

414 1144 432 1176 ι
472 1125 645 1194 Ἐμοὶ,
679 1142 697 1174 ι
729 1123 882 1192 φησὶ,
923 1143 942 1173 ι
965 1123 1025 1176 τὸ
1058 1124 1490 1193 προσκολλᾶσθαι
1518 1125 1595 1196 τῷ
1633 1126 1752 1196 Θεῷ
1779 1127 1914 1194 ἀγα-

2090 943 2266 996 (ἰίῖΧΙ.
2298 944 2470 999 Vens.
2497 945 2584 998 I0.
2625 944 2734 1015 Ego
2767 947 3011 1016 fratrueli
3036 967 3170 1016 meo,
3207 965 3254 1006 et
3282 955 3335 1008 in
3367 971 3444 1009 me
3467 972 3590 1010 cou-

2020 1035 2184 1087 versio
2221 1035 2355 1102 ejus.
3351 1099 3370 1124 ‘

2098 1143 2116 1175 ι
2156 1124 2305 1191 Mihi,
2338 1146 2358 1178 ι
2413 1128 2486 1182 ait
2523 1128 2828 1196 Scriptura,
2863 1148 2882 1181 ι
2921 1132 3194 1188 adhaerere
3241 1134 3349 1188 Deo
3391 1137 3588 1192 bonum

336 1215 428 1269 θόν
460 1217 596 1278 ἐστι,
632 1213 878 1266 τίθεσθαι
925 1213 982 1266 ἐν
1017 1213 1094 1283 τῷ
1135 1214 1324 1286 Κυρίῳ
1362 1215 1456 1288 τὴν
1487 1217 1676 1271 ἐλπίδα
1711 1235 1812 1288 μου
1834 1233 1847 1246 ·
1891 1236 1905 1268 ι

2017 1226 2122 1278 est,
2158 1231 2354 1283 ponere
2385 1217 2436 1271 in
2475 1219 2696 1272 Domino
2729 1236 2876 1288 spem
2907 1237 3078 1274 meam
3111 1221 3157 1256 δ’
3182 1241 3196 1287 ;
3226 1243 3244 1274 ι
3271 1235 3321 1278 et
3353 1241 3539 1279 rursus
3573 1241 3591 1282 :

335 1308 430 1360 καὶ
456 1307 650 1358 πάλιν·
682 1324 700 1356 ι
736 1304 1031 1375 Ἐκολλήθη
1055 1304 1164 1374 (69)
1190 1307 1222 1376 ὴ
1268 1308 1410 1376 ψυχή
1445 1326 1542 1378 μου
1583 1309 1754 1361 ὀπίσω
1782 1325 1905 1363 σου⁴

2025 1321 2044 1355 ι
2081 1304 2316 1358 Adhaesit
2356 1308 2530 1361 anima
2580 1317 2765 1362 nostra
2803 1320 2922 1379 post
2961 1320 3042 1376 te;
3079 1328 3162 1366 me
3189 1315 3427 1384 suscepit
3456 1318 3588 1371 dex-

333 1401 474 1472 ὲμοῦ
487 1401 543 1454 δὲ
557 1399 929 1471 ἀντελάϐετοὴ
952 1400 1099 1465 δεξιά
1120 1419 1230 1454 σου.
1247 1420 1264 1452 ι
1285 1421 1383 1452 --‹
1408 1402 1633 1474 Ἐγὼτῴ
1647 1404 1905 1476 ἀδελφιδῷ

2019 1403 2132 1447 tera
2170 1406 2257 1449 ttta
2287 1397 2355 1452 '°.
2403 1416 2420 1448 ι
2450 1428 2522 1437 —
2548 1415 2566 1448 ι
2601 1397 2708 1468 Ego
2746 1397 2983 1453 fratrueli
3017 1416 3156 1466 meo,
3183 1413 3233 1454 et
3263 1403 3312 1454 in
3347 1419 3431 1457 me
3456 1421 3586 1457 con-

335 1509 463 1562 μου,
505 1491 600 1543 καὶ
640 1491 724 1542 ἐπ’
772 1491 870 1561 ἐμὲ
903 1494 934 1562 ἡ
976 1491 1277 1562 ἐπιστροφὴ
1308 1493 1417 1563 (70)
1454 1493 1640 1546 αὑτοῦ.
1669 1514 1688 1547 ›
1739 1497 1905 1565 Ὅπερ

2016 1488 2194 1543 vcrsio
2228 1488 2398 1556 eius»
2424 1489 2477 1542 LI
2507 1498 2588 1544 est
2621 1509 2632 1543 :
2670 1491 2778 1560 Ego
2804 1495 3033 1546 serviam
3061 1510 3200 1548 nunc
3229 1492 3361 1548 Filio
3395 1497 3506 1560 Dei,
3536 1505 3586 1552 ct

334 1581 518 1632 ἐστίν·
561 1578 703 1647 Ἐγὼ
748 1579 1028 1649 λατρεύσω
1079 1581 1172 1634 νῦν
1223 1580 1299 1650 τῷ
1335 1579 1448 1651 Υἱῷ
1493 1582 1585 1634 τοῦ
1630 1583 1786 1648 Θεοῦ,
1820 1585 1905 1636 καὶ

2017 1582 2082 1634 ad
2118 1595 2202 1635 me
2225 1582 2508 1637 conversio
2531 1582 2680 1653 ejus;
2712 1584 2812 1638 hoc
2858 1597 2984 1639 est:
3025 1587 3080 1640 lu
3123 1588 3355 1641 secundo
3397 1588 3588 1642 iterum

333 1671 424 1721 ἐπ’
441 1669 540 1739 ἐμὲ
566 1670 914 1740 ἡέπιστροφὴ
939 1669 1122 1722 αὐτοῦ·
1142 1670 1438 1730 τουτέστιν.
1485 1672 1570 1724 Ἐν
1593 1675 1656 1743 τῇ
1681 1672 1910 1743 δευτέρᾳ

1980 1656 2268 1735 ἐι1ι·οιιιιι,
2302 1687 2422 1727 cum
2461 1688 2577 1728 sese
2618 1677 2947 1730 converterit
2998 1678 3064 1730 ad
3100 1694 3204 1742 nte,
3241 1677 3586 1732 venietcollio

335 1759 501 1812 πάλιν
530 1761 821 1831 παρουσίᾳ,
864 1760 989 1812 ὅταν
1032 1761 1335 1835 ἐπιστρέφῃ
1368 1764 1455 1814 ἐπ’
1484 1763 1601 1832 ἐμὲ,
1631 1762 1905 1816 ἐλεύσεται

2016 1779 2148 1832 gens
2215 1778 2297 1816 ιιιε
2345 1779 2408 1818 cx
2475 1774 2713 1834 quatuor
2762 1766 2970 1834 angulis
3003 1775 3159 1820 terrae
3226 1783 3321 1837 per
3369 1769 3586 1838 angelos

339 1852 586 1917 συνάγων
611 1826 706 1920 ’με
747 1826 812 1902 ὲκ
843 1850 952 1904 τῶν
1000 1826 1283 1922 τεσσάρων
1308 1826 1526 1920 ’γωνιῶν
1558 1853 1655 1924 τῆς
1683 1854 1784 1924 γῆς
1825 1855 1912 1908 διὰ
1946 1826 1984 1883 Β
2015 1826 2168 1905 lucis.

335 1941 446 1995 τῶν
470 1940 564 1994 τοῦ
596 1940 772 2010 φωτὸς
809 1942 1077 2010 ἀγγέλων.

407 2054 468 2104 ΣΙ
478 2051 550 2106 Β’.
585 2053 675 2106 Στ.
718 2059 805 2106 ια’.

331 2236 693 2307 ἀμπελῶνας
722 2237 774 2304 (7
787 2237 804 2289 I

403 2327 762 2396 Συγκαλείται
803 2329 836 2398 ἡ
879 2327 1063 2399 νύμφη
1115 2329 1206 2381 τὸν
1256 2330 1488 2400 νυμφίον
1529 2331 1623 2383 ἀπ’
1664 2333 1910 2385 ἐντεῦθεν

331 2419 456 2491 ήδη,
508 2420 596 2473 ἵνα
635 2419 732 2472 σὺν
765 2418 912 2489 αὐτῷ
951 2418 1142 2492 ἐξέλθῃ
1177 2421 1256 2483 είς
1305 2421 1494 2491 άγρὸν,
1530 2423 1803 2475 τουτέστιν
1832 2425 1910 2485 είς

331 2513 424 2565 τὸν
455 2512 676 2582 κόσμον,
709 2511 783 2574 ὥς
816 2528 982 2582 φησιν
1024 2513 1052 2564 ὁ
1081 2511 1316 2582 Κύριος·
1361 2532 1378 2564 ι
1409 2514 1468 2565 Ὀ
1501 2502 1666 2584 ἀγρός
1698 2517 1844 2566 ἐστιν
1881 2516 1908 2567 ό

331 2606 596 2674 κόσμος.»
637 2604 763 2666 Καὶ,
805 2623 821 2654 ι
844 2602 1193 2674 Αύλισθῶμεν
1221 2605 1279 2654 ὲν
1321 2603 1554 2674 κώμαις.
1577 2625 1594 2655 ι
1635 2606 1742 2657 Καὶ
1777 2623 1910 2657 παν-

331 2695 504 2765 ταχοῦ
541 2681 812 2766 παροικίαι
840 2695 950 2766 (72)
985 2696 1328 2765 γεγένηνται,
1355 2695 1455 2764 τῆς
1487 2697 1644 2763 ἁγίας
1682 2697 1909 2768 Ἐκκληέ

330 2788 458 2851 σίας
488 2787 894 2858 πλατυνομένης
926 2787 1034 2850 ἀεὶ,
1061 2787 1202 2840 κατὰ
1228 2787 1318 2840 τὸν
1358 2787 1580 2855 λέγοντα
1613 2789 1745 2858 αύτῇ
1776 2805 1908 2859 προ·

327 2881 536 2950 φήτην·
575 2899 591 2930 ι
614 2879 884 2932 Πλάτυνον
911 2879 1020 2949 (75)
1050 2879 1120 2932 τὰ
1151 2879 1507 2950 σχοινίσματά
1536 2897 1648 2941 σου,
1681 2882 1772 2933 καὶ
1797 2881 1905 2934 τῶν

327 2973 565 3028 αύλαιῶν
600 2987 727 3026 σου·
771 2971 974 3042 πῆξονο
1013 2971 1088 3042 μὴ
1133 2969 1296 3039 φοϐοῦ
1321 2987 1334 3000 ⁸
1371 2971 1465 3022 καὶ
1516 2972 1642 3034 τοὺς
1694 2970 1904 3023 πασσά-

325 3075 448 3130 Αους
485 3082 578 3118 σου
621 3063 977 3133 κατίσχυσον’
1023 3061 1104 3115 ἔτι
1147 3063 1226 3124 είς
1271 3060 1337 3113 τὰ
1369 3061 1630 3133 ἀριστερά
1673 3061 1905 3114 ἐκπέτα-

870 2053 1062 2118 Ἐλθὲ,
1098 2053 1380 2124 ἁδελφιδέ
1405 2074 1546 2126 μου,
1579 2057 1913 2128 ἐξέλθωμεν

331 2147 419 2210 εις
439 2145 646 2214 ἀγρὸν,
672 2144 1050 2214 αὑλισθῶμεν
1077 2145 1146 2198 ἐν
1172 2145 1414 2215 κώμαις,
1442 2148 1806 2216 ὀρθρίσωμεν
1825 2151 1913 2216 εις

2081 2049 2282 2104 CCXII.
2319 2049 2480 2104 Vens.
2506 2050 2594 2104 ll.
2641 2047 2791 2113 Veni,
2829 2050 3098 2118 fratruelis
3138 2047 3307 2111 meus;
3340 2052 3579 2120 egreditr.

2011 2157 2130 2194 mur
2161 2143 2213 2194 in
2247 2158 2432 2211 agrum
2459 2156 2478 2194 :
2517 2158 2820 2196 maneamus
2863 2143 2917 2195 in
2969 2144 3114 2207 eicis,
3153 2145 3218 2197 de
3257 2143 3370 2197 luce
3400 2145 3582 2214 vigila-

2009 2248 2124 2285 mus
2162 2235 2230 2285 ad
2255 2236 2449 2289 vineas.

2082 2325 2291 2392 Sponsa
2325 2323 2438 2390 jam
2481 2324 2604 2378 inde
2658 2333 2815 2379 vocat
2859 2337 3137 2392 sponsum.
3191 2333 3247 2380 ut
3293 2341 3413 2381 cum
3468 2327 3581 2394 ipso

2009 2414 2317 2482 egrediatur
2368 2414 2422 2468 in
2461 2430 2645 2480 agrum
2668 2455 2684 2480 ,
2728 2415 2830 2469 hoc
2863 2427 2966 2480 est,
3001 2417 3051 2470 in
3084 2419 3362 2481 mundum,
3391 2433 3580 2486 quem-

2010 2497 2290 2558 admodum
2331 2507 2404 2558 ait
2468 2505 2764 2560 Dominus:
2819 2525 2837 2557 ι
2884 2509 3026 2576 Ager
3064 2518 3145 2562 est
3180 2511 3412 2562 nnmdus
3445 2510 3511 2562 “.
3550 2528 3576 2564 ι

2006 2625 2078 2637 -
2103 2613 2120 2646 ι
2173 2597 2234 2649 Et
2275 2612 2590 2650 maneamus
2618 2599 2668 2650 in
2697 2597 2851 2651 vicis.
2897 2617 2914 2650 ι
2948 2598 3155 2651 Etenim
3198 2600 3398 2666 ubique
3425 2601 3578 2654 factm

2008 2695 2133 2740 sunt
2173 2687 2532 2742 habitationes
2565 2699 2766 2744 sancta:
2795 2689 3069 2755 Ecclesize,
3101 2707 3220 2759 qum
3255 2707 3471 2762 semper
3493 2695 3574 2747 di-

2007 2782 2228 2843 latatur,
2272 2779 2421 2848 juxta
2463 2780 2776 2849 prophetam
2813 2783 2902 2850 qui
2959 2783 3030 2835 illi
3059 2784 3133 2836 ait
3167 2797 3180 2836 :
3215 2801 3232 2834 ι
3277 2783 3445 2838 Dilata
3483 2784 3572 2837 t'u—

2005 2869 2214 2924 niculos
2247 2879 2385 2932 tuos,
2418 2879 2472 2923 et
2501 2873 2840 2925 mansionum
2879 2883 3090 2927 tuarum
3127 2892 3141 2929 :
3179 2873 3282 2942 ﬁge
3314 2897 3326 2930 :
3364 2876 3472 2928 noli
3511 2877 3575 2930 ti-

2007 2974 2152 3014 mere
2189 2981 2200 3014 :
2235 2969 2287 3014 et
2309 2959 2457 3029 palos
2492 2969 2610 3014 tuos
2639 2961 2879 3016 conferta
2923 2979 2938 3016 :
2971 2964 3149 3018 adhuc
3187 2966 3252 3018 ad
3299 2965 3574 3020 dexteram

2004 3060 2061 3104 et
2090 3050 2158 3104 ad
2185 3051 2460 3105 sinistram
2478 3052 2707 3106 extende
2722 3053 2791 3103 ".
2818 3071 2837 3104 ι
2859 3053 3047 3108 lsmmc
3062 3055 3162 3110 dici
3191 3055 3443 3110 Ecclesia:
3465 3073 3580 3113 ma-

315 3174 441 3210 ~cov.
473 3175 492 3207 ι
535 3157 622 3218 Ὠς
664 3155 838 3209 ταῦτα
870 3154 1086 3222 λέγεται
1114 3156 1180 3224 τῇ
1238 3153 1554 3224 Ἐκκλησία,
1597 3153 1772 3224 δῆλον.
1811 3153 1902 3206 Διὸ

2006 3141 2258 3196 nifestum
2287 3153 2386 3196 est.
2427 3143 2628 3196 Idcirco
2655 3146 2730 3198 ait
2760 3163 2774 3198 :
2807 3162 2825 3195 ι
2863 3145 3179 3202 Mau’eamus
3213 3149 3264 3202 in
3295 3150 3464 3203 vicis°
3490 3152 3572 3203 vi.

323 3247 506 3315 λέγει·
563 3243 964 3315 ιΔύλισθῶμεν
1025 3246 1082 3296 ὲν
1135 3241 1372 3313 κώμαις,
1433 3241 1772 3313 ὀρθρίσωμεν
1823 3246 1901 3307 είς

2004 3233 2230 3302 gilemus
2276 3231 2511 3288 diluculo
2541 3234 2606 3286 ad
2648 3235 2859 3299 vineas;
2899 3254 2917 3286 ι
2947 3236 2996 3289 id
3035 3247 3150 3299 est,
3202 3239 3268 3290 ad
3301 3237 3568 3294 Ecclesias

321 3337 655 3409 ἀμπελῶνας
676 3354 688 3366 ·
712 3355 730 3388 ι
776 3337 913 3406 ὅπερ
961 3335 1130 3398 ἐστὶν,
1164 3337 1242 3398 είς
1275 3334 1372 3397 τὰς
1404 3334 1542 3387 κατὰ
1578 3333 1739 3386 τόπον
1783 3335 1902 3386 Ἐκ-

2004 3336 2118 3389 qua:
2151 3336 2246 3390 per
2273 3321 2386 3375 loca
2412 3331 2536 3376 sunt
2562 3339 2574 3376 :
2597 3322 2682 3376 illa
2711 3323 2854 3378 enim
2882 3324 3400 3395 vox,«V’igilemus,i
3434 3331 3570 3385 hunc

320 3427 575 3496 κλησίας.
605 3426 679 3478 Τό
696 3442 755 3478 τε
783 3426 912 3496 γὰρ,
947 3443 964 3476 ι
1002 3424 1425 3495 ’ορθρίσωμεν,ι
1457 3421 1644 3475 τοῦτον
1673 3422 1784 3493 ἔχει
1810 3423 1900 3476 τὸν

2004 3411 2388 3481 tr0pologicum
2441 3427 2658 3469 sensum
2701 3415 2891 3479 habet;
2949 3416 3223 3483 nimirum,
3275 3417 3566 3477 Producito

317 3520 524 3591 τρόπον
547 3537 559 3548 ·
605 3519 738 3571 Ἀπὸ
776 3516 871 3570 τοῦ
903 3516 1213 3588 νυκτερινοῦ
1245 3515 1466 3579 σκότους
1498 3515 1598 3585 τῆς
1628 3513 1900 3583 ἀγνωσίας

2004 3516 2087 3556 me
2121 3517 2151 3555 a
2177 3504 2453 3563 nocturnis
2507 3505 2822 3573 ignorantiae
2849 3509 3087 3564 tenebris
3123 3509 3189 3563 ad
3216 3509 3390 3566 lucem
3417 3511 3558 3568 ﬁdei.

318 3613 404 3674 εἰς
435 3611 498 3664 τὸ
530 3609 644 3679 φῶς
675 3609 774 3678 τῆς
808 3608 1044 3672 πίστεως
1076 3606 1143 3676 μὲ
1175 3605 1478 3678 προάγαγε.

394 3723 538 3775 ΣΙΡ.
564 3723 654 3775 Στ.
689 3719 776 3790 ιβ’.
808 3719 1056 3788 Ἷδωμεν
1075 3721 1129 3772 εί
1164 3717 1435 3787 ἤνθησεν
1462 3717 1501 3784 ἡ
1537 3717 1820 3786 ἄμπελος.

393 3810 573 3880 Ὅπερ
601 3809 771 3874 ἐστὶν,
799 3808 849 3860 ει
880 3807 940 3860 τὸ
974 3807 1235 3877 κήρυγμα
1256 3807 1354 3876 τῆς
1383 3805 1618 3870 πίστεως
1657 3806 1756 3875 τὴν
1809 3806 1899 3859 εύ-

316 3904 487 3958 ωδίαν
518 3905 583 3955 ὲκ
612 3901 719 3954 τῶν
755 3900 1162 3956 πιστευσάντων
1193 3898 1467 3952 διέδωκεν.

389 4020 528 4072 ΣιΔο.
573 4018 872 4084 Ἠνθησεν
907 4017 940 4068 ὁ
971 4015 1325 4082 κυπρισμός.

389 4110 530 4173 Τοὺς
566 4109 958 4178 νεοφωτίστους
983 4103 1138 4177 οἶμαι
1165 4105 1362 4174 λέγειν,
1391 4107 1518 4170 τοὺς
1544 4105 1634 4159 διὰ
1668 4103 1894 4175 λουτροῦ

317 4201 742 4269 παλιγγενεσίας
771 4198 1340 4268 λελευκανθισμένους.

389 4308 528 4367 ΣΙΕ’.
565 4313 880 4379 ’Ῑινθησαν
911 4315 968 4365 al
993 4310 1154 4378 ῥοαί.

2064 4304 2266 4359 CCXV.
2293 4303 2614 4360 Floruerunt
2649 4305 2788 4359 mala
2821 4307 3036 4374 punica.

388 4404 454 4455 AI
485 4401 690 4455 τούτων
722 4400 912 4470 ψυχαὶ,
953 4399 1153 4461 αἵτινες
1185 4397 1322 4469 ῥοῶν
1365 4397 1518 4469 δίκην
1560 4397 1620 4450 τὸ
1667 4397 1895 4470 ἐρυθρὸν

2066 4395 2262 4450 Eorum
2295 4399 2516 4460 animm,
2569 4412 2689 4466 qua:
2724 4398 2988 4452 malorum
3039 4398 3208 4452 instar
3244 4401 3560 4469 punicurum

318 4489 460 4563 αἷμα
497 4491 823 4562 ὲχρίσθησαν
853 4488 948 4542 τοῦ
988 4487 1242 4560 Χριστοῦ.
1278 4487 1546 4560 Καθάπερ
1585 4489 1755 4560 γὰρὴ
1791 4491 1892 4561 pou

2004 4489 2160 4544 rubro
2189 4489 2390 4544 Christi
2425 4491 2684 4559 sanguine
2723 4489 2868 4544 illita:
2895 4499 3038 4543 Sunt.
3080 4489 3148 4545 Ut
3178 4491 3320 4544 enim
3363 4491 3560 4545 malum

318 4580 656 4643 πολύκοκκός
699 4581 838 4640 ὲστι,
884 4578 978 4632 καὶ
1027 4575 1427 4646 πολυθάλαμος,
1475 4574 1672 4640 ἔξωθεν
1713 4578 1768 4630 δὲ
1801 4579 1890 4632 τὸν

2004 4583 2248 4650 punicum
2287 4582 2472 4636 multis
2506 4591 2587 4635 est
2625 4581 2907 4650 praeditum
2938 4581 3119 4651 granis
3153 4591 3206 4636 et
3233 4581 3560 4636 loculamen-

315 4672 501 4741 φλοιὸν
538 4670 852 4742 ὲρυθροειδῆ
881 4667 1170 4738 κέκτηται·
1204 4665 1376 4730 οὕτως
1404 4670 1437 4738 ἡ
1483 4668 1776 4738 Ἐκκλησία
1803 4670 1894 4722 τὸν

2004 4673 2096 4736 tis;
2134 4674 2471 4727 extrinsecus
2514 4681 2690 4727 autem
2721 4673 2980 4728 corticem
3008 4675 3230 4727 rubrum
3260 4673 3451 4728 habet;
3487 4673 3558 4727 ita

314 4761 740 4832 πολυάνθρωπον
765 4761 932 4832 δῆμον
959 4759 1154 4829 ἔχουσα
1185 4759 1356 4823 ἐντὸς,
1396 4760 1490 4812 καὶ
1514 4763 1626 4824 τοῖς
1657 4761 1889 4830 ἱματίοις

2004 4762 2232 4818 Ecclesia
2251 4779 2370 4832 qua:
2387 4762 2853 4834 populosissimam
2874 4763 3148 4818 hominum
3165 4763 3559 4819 multitudinem

2070 3719 2295 3774 CCXIII.
2325 3720 2489 3774 Vens.
2519 3719 2602 3774 12.
2645 3719 2944 3787 Videamus,
2969 3739 3092 3776 num
3123 3725 3301 3794 ﬂoruit
3325 3729 3495 3782 vinea.

2069 3806 2123 3861 ld
2157 3819 2257 3871 est,
2300 3826 2424 3862 num
2461 3811 2776 3878 praedicatio
2833 3812 2956 3867 ﬁdei
3002 3829 3222 3869 suavem
3267 3817 3334 3870 ab
3377 3817 3443 3872 iis
3476 3819 3566 3888 qui

1997 3898 2362 3959 crediderunt,
2393 3898 2573 3950 emisit
2597 3899 2840 3955 odorem.

2065 4006 2290 4062 CCXIV.
2315 4006 2523 4061 Floruil
2545 4024 2794 4079 prapago.

2067 4099 2592 4164 Recensillustratos
2629 4103 2807 4158 dicere
2835 4102 3088 4168 arbitror,
3138 4105 3228 4173 qui
3273 4119 3372 4174 per
3416 4103 3564 4161 lava-

1995 4207 2146 4246 crum
2186 4195 2614 4262 regeuerationis
2643 4195 2767 4249 facti
2799 4203 2924 4248 sunt
2952 4196 3191 4250 candidi.

385 4948 430 4978 "
461 4945 601 5000 Psal.
638 4961 802 5008 Lxxn,
837 4945 924 5000 28.
1002 4945 1048 4976 ⁸⁰
1087 4945 1226 4998 PSaI.
1261 4960 1392 5009 ult,
1430 4945 1481 5000 9.
1559 4943 1601 4975 “
1629 4943 1814 4998 Matth.
1855 4961 1972 5011 xm,
1997 4945 2085 5000 58.
2156 4945 2318 4999 "lsa.
2351 4962 2456 5010 LIV,
2487 4945 2543 5000 2.

387 5083 498 5154 (67)
539 5082 629 5154 Sic
667 5097 855 5154 omnes
886 5083 1042 5136 codd.
1076 5081 1216 5154 Lege
1247 5081 1710 5154 cupﬁpémuqav.

2004 5083 2121 5136 ιατά
2153 5083 2316 5136 τόπον
2351 5083 2694 5154 Ἐκκλησίας.

390 5150 502 5224 (68⁷)
540 5153 648 5224 *Ἐν
679 5153 834 5205 abest
865 5154 932 5205 ab
963 5153 1226 5224 omnibus
1271 5150 1554 5224 sacrorum
1583 5152 1873 5224 Bibliurum
2053 5154 2164 5220 (72)
2210 5155 2300 5206 Sic
2349 5150 2651 5222 legendum.
2701 5152 2901 5206 Omnes
2929 5150 3085 5206 codd.
3112 5151 3310 5207 habent
3356 5165 3555 5224 παροιο

313 5221 637 5293 editionibns
663 5233 718 5276 et
754 5237 881 5274 mss.
915 5221 1077 5274 Abest
1111 5223 1331 5293 etiatna
1358 5223 1481 5293 _cod_.
1505 5219 1698 5293 rMutiu.
1773 5289 1782 5293 _
1985 5225 2125 5293 μίαι.

383 5291 497 5361 (69)
538 5291 702 5346 Abest
737 5306 765 5342 ιι
807 5303 928 5344 meo
978 5293 1098 5363 cod.
1144 5299 1196 5344 et
1249 5288 1409 5344 Barb.
1461 5291 1549 5363 hic
1594 5304 1624 5343 e
1673 5289 1878 5358 psalmo
1985 5288 1997 5293 ’
2054 5293 2164 5363 (75)
2207 5292 2384 5363 Locus
2423 5290 2660 5363 lsaizejn
2693 5291 2863 5344 sacris
2903 5290 3086 5363 Bibliis
3119 5300 3243 5363 est;
3275 5289 3554 5363 Πλάτυνον

311 5359 486 5423 locus,
534 5375 872 5432 quamcum
922 5361 1169 5413 exhibeat
1202 5371 1259 5432 et
1304 5372 1454 5414 vetus
1498 5361 1782 5428 interpres,
1823 5368 1878 5413 et

2004 5359 2072 5415 ξὺν
2119 5359 2282 5416 τόπον
2313 5362 2412 5432 τῆς
2445 5359 2649 5432 σκηνῆς
2691 5376 2807 5424 σου,
2856 5361 2949 5432 καὶ
2996 5360 3105 5432 τῶν
3152 5359 3389 5432 αύλαιῶν
3432 5373 3549 5432 σουζ

311 5433 508 5518 halzeta‘t
534 5425 698 5518 :ode}
732 5428 1236 5518 Mutiri.:'reyocatl_i.
1257 5499 1274 5518 ι
1533 5499 1549 5518 Δ
1628 5425 1673 5518 ξ.

2004 5432 2170 5518 τῆξονν
2203 5433 2276 5502 μὴ
2297 5425 2502 5518 rebus
2521 5425 3280 5518 ,eéie’rer'issee‘ﬁresé
3315 5425 3551 5518 enare}

378 5499 760 5572 (770)rReslilui
796 5515 866 5572 ex
921 5498 1200 5553 Mutinensi
1253 5499 1576 5569 ἐπιστροφή.
1627 5498 1772 5554 Meus
1827 5508 1882 5553 et

2004 5497 2111 5566 τοὺς
2137 5497 2568 5564 παῖσὰάλουξσόυ
2593 5497 2917 5572 κατίσχυσον
2936 5497 3076 5561 ίέτι,
3100 5497 3152 5550 κ.
3172 5515 3221 5550 τ.
3253 5498 3299 5549 λ.
3329 5516 3345 5545 ι
3379 5497 3548 5572 Dilata

307 5564 837 5639 Βεὶὺξάποστροφή.
950 5637 959 5639 _
992 5636 1013 5639 Α
1252 5637 1290 5639 η
1353 5637 1361 5639 _
1415 5564 1428 5569 ⁷
1630 5636 1640 5639 Α
1987 5564 2162 5626 locum
2195 5573 2521 5626 tabernaculi
2561 5570 2676 5639 tui.
2707 5564 3073 5639 etfaulaeorum
3109 5576 3319 5639 tuorum
3351 5581 3364 5615 :
3405 5564 3546 5629 ﬁge:

377 5640 491 5711 (71)
531 5633 764 5711 Restitui
794 5633 1145 5711 ἀμπελῶνας,
1166 5647 1224 5691 ιιι
1249 5637 1418 5711 Vatic.
1441 5646 1495 5690 et
1523 5635 1642 5691 libri
1665 5651 1876 5711 omnes.
1988 5655 2056 5695 ne
2084 5656 2274 5711 parcas
2303 5654 2318 5692 :
2354 5640 2612 5708 protende
2655 5637 2921 5694 funiculus
2952 5647 3091 5702 tuos,
3122 5645 3176 5688 et
3227 5633 3378 5700 palos
3429 5641 3548 5686 tuos

309 5706 481 5764 Ila'nc'
510 5710 819 5779 lectionem
839 5706 1107 5779 agnoscit
1139 5717 1316 5779 vetus
1344 5706 1629 5779 interpres,
1673 5714 1731 5779 et
1766 5706 1878 5779 ipsa
1988 5706 2253 5779 con'l'orta,
2284 5727 2304 5762 ι
2343 5706 2446 5764 etc.

305 5781 617 5851 explanatio
648 5773 909 5849 postulat;
933 5779 1020 5832 ubi
1061 5777 1188 5833 dicit
1218 5793 1230 5830 :
1262 5777 1438 5846 Ὅπερ
1464 5773 1630 5845 ἐστὶν,
1669 5777 1748 5840 είς
1776 5773 1880 5839 τὰς
