4038 6134
502 318 604 373 159

1589 310 1904 365 PlllLUNlS
1945 295 2254 364 sensuum
2292 301 2605 364 cane-isti

3642 310 3748 365 MO

494 446 712 488 crucem
753 429 992 486 osculata
1033 437 1121 485 est
1181 442 1302 482 eum
1351 426 1614 493 Ecclesia,
1665 425 1854 480 videns
1893 425 2065 494 ipsum

2169 426 2257 479 διὰ
2286 425 2380 478 τοῦ
2413 425 2644 496 σταυροῦ
2675 426 2928 497 ἐφίλησεν
2964 426 3125 480 αὐτὸν
3171 427 3204 497 ἡ
3257 426 3567 498 Ἐκκλησία,
3605 427 3748 495 ὑπὲρ

493 537 591 592 pro
620 535 679 576 se
703 519 868 574 clavis
895 519 1041 574 cruci
1071 515 1310 582 allixum,
1339 525 1396 570 ut
1434 516 1519 568 illa
1551 531 1580 570 a
1609 525 1832 584 peccato
1866 515 2062 584 relige-

493 620 662 666 retur.
710 609 1033 664 «Inveniens
1064 617 1114 662 te
1141 607 1273 662 l'oris
1301 606 1589 661 osculabor
1623 615 1704 673 te;
1749 614 1805 661 et
1851 604 2065 676 quidem

492 717 598 758 non
649 699 946 770 despicient
1002 711 1106 752 me.
1137 715 1156 749 ι
1208 695 1490 750 Invenietis
1526 696 1670 749 enim
1717 696 1864 751 illum
1911 708 2066 754 extra

493 793 688 858 caelos,
726 801 782 846 ut
831 791 964 846 dixit
1009 788 1316 858 Apostolus,
1380 786 1812 856 «exspoliantem
1865 789 2068 858 princi-

495 892 653 951 patus
705 888 758 935 et
807 888 1099 950 potestates
1149 876 1224 943 “;
1258 894 1276 928 ι
1340 877 1539 946 quique
1603 875 1875 931 «formam
1923 881 2066 934 servi

495 971 705 1040 accepit
731 970 798 1038 ⁸⁷,
825 987 847 1022 ι
897 983 993 1038 per
1024 965 1384 1022 inenarrabile
1422 981 1577 1020 suum
1629 967 1875 1022 osculum
1909 984 2069 1024 oscu-

493 1063 598 1116 lata
621 1070 703 1117 est
730 1059 879 1115 illum
909 1058 1174 1124 Ecclesia,
1202 1073 1306 1113 non
1337 1059 1537 1113 carnali
1582 1058 1766 1114 osculo
1799 1059 1816 1127 (
1841 1061 1978 1114 absit
2004 1071 2066 1116 ut

489 1152 542 1208 id
574 1152 951 1223 cogitemust),
989 1154 1084 1208 sed
1106 1153 1290 1208 osculo
1331 1153 1616 1222 spirituali.
1657 1153 1859 1210 relictis
1900 1162 2072 1212 terre-

487 1247 694 1300 stribus
723 1247 1160 1318 cogitationibus,
1190 1255 1242 1300 et
1277 1261 1372 1316 per
1399 1246 1734 1317 spiritualcm
1767 1248 2063 1303 amicitiam

489 1349 610 1388 cum
645 1336 764 1406 ipso
791 1347 1184 1406 coagmentata.
1217 1336 1345 1390 lllttd
1391 1351 1536 1403 vero,
1577 1355 1595 1388 t
1625 1335 1738 1391 Non
1771 1340 2070 1408 despicient

493 1441 650 1493 me,»
725 1428 1020 1498 spiritualis
1071 1429 1323 1484 amicitiae
1387 1430 1864 1499 irreprehensibile
1935 1432 2068 1487 dicit

491 1519 830 1588 mysterium.
889 1519 988 1586 Qui
1045 1521 1188 1575 enim
1237 1536 1334 1591 per
1384 1521 1658 1576 carnalem
1716 1523 2064 1592 cupiditatem

492 1606 758 1662 malitiose
802 1609 1138 1673 osculantur,
1183 1625 1212 1662 a
1249 1611 1453 1664 sanctis
1483 1621 1923 1667 contenmuntur.
1975 1613 2067 1668 llla

2169 517 2339 587 αὐτῆς
2385 514 2652 585 βλέπουσα
2689 515 2850 569 αὑτὸν
2891 516 2967 587 τῷ
3001 515 3220 588 σταυρῷ
3269 517 3604 588 ἀνελωμένον
3645 518 3744 588 (‘2).

2169 607 2257 660 ἵνα
2283 607 2464 676 εκείνη
2504 607 2604 677 τῆς
2633 606 2906 678 ἁμαρτίας
2931 606 3190 678 ἁφηλωθῇ
3218 607 3314 677 (3).
3351 627 3368 659 ι
3410 608 3660 678 Εὑροῠσά
3688 619 3748 662 σε

2167 697 2310 764 ἔξω,
2357 697 2567 770 φιλήσω
2608 715 2699 765 σε,
2747 697 2840 751 καί
2865 715 2928 767 γε
2966 698 3066 751 οὐκ
3114 698 3528 765 ὲξουδενώσουσί
3584 715 3672 770 με.
3720 719 3737 747 ι

2167 784 2418 854 Εύροῦσα
2463 785 2572 857 γὰρ
2611 786 2774 840 αὑτὸν
2820 785 2924 850 ἔξω
2966 785 3073 839 τῶν
3119 787 3385 859 οὐρανῶν,
3427 787 3502 852 ὡς
3532 784 3683 843 εἶπεν
3722 791 3752 842 6

2189 874 2529 940 Ἀπόστολος,
2587 894 2606 928 ι
2650 875 2928 930 ἀπέκδυσα
2951 876 3025 947 (4)
3056 876 3152 947 μὲν
3181 875 3280 941 τὰς
3312 877 3486 949 ἀρχὰς
3521 878 3615 932 καὶ
3649 879 3748 943 τὰς

2169 963 2438 1029 ὲξουσίας,
2473 984 2490 1017 ι
2528 966 2623 1020 καὶ
2657 984 2674 1017 t
2708 966 2920 1038 μορφὴν
2952 965 3138 1020 δούλου
3164 965 3427 1032 λαϐόντα,
3462 989 3476 1017 ι
3514 969 3743 1042 διάρῥη-

2167 1073 2257 1111 τον
2286 1057 2360 1128 (5)
2399 1055 2563 1112 αὐτοῦ
2598 1058 2808 1130 φίλημα
2841 1059 3096 1131 ἐφίλησεν
3136 1059 3298 1114 αὐτὸν
3332 1061 3366 1131 ἡ
3410 1060 3702 1129 Ἐκκλησία
3728 1103 3741 1127 ,

2167 1149 2227 1202 ού
2281 1150 2547 1222 φιλήματι
2603 1151 2884 1223 σαρκικῷ,
2918 1151 3134 1223 (ἄπαγε
3175 1153 3237 1206 τὸ
3281 1151 3490 1206 τοιοῦτο
3533 1155 3672 1207 νοεῖν
3697 1151 3745 1224 ι)

2167 1239 2303 1293 ἀλλά
2350 1239 2614 1312 φιλήματι
2662 1241 3040 1312 πνευματικῷ,
3070 1241 3445 1310 καταλείψασα
3486 1241 3554 1295 τὰ
3579 1243 3745 1313 γήϊνα

2169 1332 2513 1404 φρονήματα,
2547 1332 2643 1385 καὶ
2672 1335 2736 1405 τῇ
2770 1333 2864 1387 τοῦ
2901 1333 3212 1404 πνεύματος
3244 1332 3396 1404 φιλίᾳ
3441 1333 3588 1404 αύτῷ
3616 1351 3750 1404 συγ-

2168 1423 2486 1496 κρινομένη.
2519 1423 2593 1478 Τδ
2613 1425 2690 1492 δὲ,
2731 1443 2749 1476 ι
2781 1425 2891 1479 Καί
2923 1442 2986 1493 γε
3009 1425 3110 1478 οὐκ
3141 1423 3558 1490 ὲξουδενώσουσί
3595 1442 3684 1497 με,
3722 1445 3742 1480 ο

2166 1515 2267 1584 τῆς
2299 1517 2676 1586 πνευματικῆς
2712 1517 2894 1585 φιλίας
2928 1516 2990 1570 τὸ
3015 1516 3435 1586 ἀκατάγνωστον
3461 1517 3606 1586 λέγει
3639 1536 3744 1588 μυ-

2170 1607 2410 1676 στήριον.
2465 1608 2527 1659 OE
2576 1607 2684 1678 γὰρ
2727 1607 2869 1660 κατὰ
2917 1607 3098 1680 δρεξιν
3143 1607 3413 1679 σαρκικῆς
3454 1606 3750 1678 ἐπιθυμίας

490 1712 618 1752 vero
659 1713 814 1752 suum
865 1708 1120 1768 sponshm
1159 1717 1263 1755 non
1314 1703 1628 1768 carnaliter,
1677 1704 1770 1758 sed
1810 1705 2065 1774 spiritua-

2169 1697 2455 1767 κακοήθως
2502 1697 2782 1767 φιλοῦντος
2828 1697 2923 1768 (6),
2961 1697 3066 1750 ὑπὸ
3110 1698 3281 1766 ἁγίων
3326 1697 3744 1761 ὲξουδενοῦνται.

488 1788 615 1845 liter
671 1789 946 1855 osculans,
995 1807 1098 1847 non
1149 1793 1308 1847 modo
1366 1808 1471 1848 non
1527 1796 1914 1865 contemnitur,
1967 1797 2061 1852 sed

2166 1788 2311 1860 Αὐτὴ
2338 1789 2394 1841 δὲ
2421 1787 2514 1842 τὸν
2545 1790 2764 1861 ἑαυτῆς,
2791 1790 2851 1842 ού
2878 1789 3174 1861 σαρκικῶς,
3207 1789 3341 1843 ἀλλά
3365 1791 3748 1862 πνευματικῶς

485 1881 720 1935 maxime
772 1881 1042 1938 laudatur.
1095 1882 1506 1956 Couscquenter
1540 1901 1668 1942 vero
1712 1888 1834 1943 huic
1884 1890 2062 1944 crucis

487 1971 744 2042 mysterio
776 1972 886 2027 hac
917 1973 1048 2029 dicit
1077 1991 1088 2026 :

557 2151 806 2206 CCXXII.
849 2154 1003 2209 Vers.
1043 2155 1098 2210 Ξ.
1147 2157 1429 2210 Assumam
1480 2165 1546 2218 te,
1589 2167 1635 2211 et
1663 2159 1990 2211 introducam
2019 2170 2064 2212 re

487 2246 539 2300 in
565 2248 776 2299 domum
807 2247 988 2301 matris
1015 2262 1161 2312 mete,
1197 2256 1245 2301 et
1286 2248 1338 2302 in
1371 2248 1485 2317 ejus
1513 2248 1812 2302 cubiculum
1837 2265 1954 2318 qua:
1983 2265 2065 2303 me

485 2337 737 2406 concepit.

555 2428 782 2484 Matrem
813 2430 1049 2486 hominis
1077 2439 1132 2486 et
1154 2432 1335 2486 carnis
1360 2431 1531 2501 ipsius
1561 2433 1861 2503 (hominis)
1898 2432 2065 2486 mani-

485 2521 677 2577 t‘estum
731 2531 815 2576 est
862 2536 980 2578 esse
1033 2533 1254 2577 terram.
1310 2542 1329 2576 ι
1361 2523 1430 2580 Et
1485 2524 1536 2577 in
1583 2523 1701 2594 ejus
1753 2524 2062 2578 cubiculum

485 2628 603 2682 quae
657 2614 947 2683 concepit»
1003 2613 1176 2684 ipsum
1229 2615 1528 2679 hominem,
1586 2615 1689 2670 hoc
1742 2625 1824 2670 est
1881 2626 2060 2677 terrae.

481 2707 631 2776 juxta
670 2706 796 2759 illud
830 2707 973 2774 quod
1001 2707 1206 2761 dictum
1241 2717 1324 2761 est
1359 2726 1372 2761 :
1410 2725 1430 2758 ι
1463 2707 1628 2761 Terra
1659 2722 1738 2770 es,
1773 2718 1828 2762 et
1862 2708 1913 2761 in
1951 2719 2064 2763 ter-

487 2811 600 2850 ram
660 2795 859 2848 redibis
914 2795 978 2848 ⁸⁸.
1017 2812 1038 2846 δ
1102 2795 1292 2863 Hujus,
1352 2796 1592 2864 inquam,
1641 2797 1945 2851 cubiculum
1983 2806 2065 2852 est

489 2900 654 2939 mors.
684 2884 946 2950 Quoniam
983 2885 1146 2938 veluti
1192 2887 1246 2939 in
1288 2885 1538 2941 cubiculo
1579 2887 1856 2955 thesauri,
1893 2888 1965 2941 ita
2012 2889 2062 2942 itt

489 2984 661 3028 morte
714 2973 953 3028 omnium
984 2974 1252 3042 justorum
1284 2974 1478 3029 animm
1523 2977 1853 3030 detinentur.
1911 2995 1928 3028 ι
1959 2975 2064 3030 Re-

488 3065 668 3132 gnavit
693 3064 837 3118 enim
869 3079 1014 3120 mors
1045 3064 1111 3120 ab
1134 3063 1304 3118 Adam
1339 3078 1507 3129 usque
1541 3070 1607 3120 ad
1636 3067 1898 3138 Moysem,
1928 3076 1982 3123 et
2007 3068 2060 3122 in

488 3169 579 3209 eos
625 3154 718 3225 qui
769 3170 875 3226 qon
931 3167 1293 3225 peccaverunt
1352 3158 1418 3212 θ’.
1451 3177 1470 3210 ι
1520 3157 1656 3212 Cum
1695 3169 1873 3213 autem
1936 3174 2064 3215 caro
2091 3142 2135 3166 "

488 3261 661 3318 ipsum
696 3250 1002 3318 excepisset
1028 3265 1188 3320 quam
1214 3265 1314 3322 pro
1343 3251 1582 3308 Ecclesia
1616 3252 1867 3322 gestavit,
1898 3253 2067 3308 intro-

491 3341 644 3393 duxit
674 3355 818 3406 eum,
847 3341 993 3396 velut
1027 3343 1078 3395 in
1113 3345 1353 3409 domum,
1405 3346 1454 3400 in
1491 3354 1720 3399 mortem
1755 3360 1852 3413 pro
1885 3347 2062 3411 nobis,

489 3431 576 3484 ubi
609 3439 728 3485 erat
751 3432 1054 3486 cubiculum
1086 3442 1242 3488 terra:
1271 3451 1390 3504 qua:
1421 3450 1518 3489 nos
1541 3436 1822 3504 concepit;
1872 3437 1982 3503 ubi,
2005 3445 2066 3491 ut

489 3540 652 3593 supra
714 3525 914 3578 dictum
954 3537 1057 3590 est,
1115 3537 1368 3595 tanquam
1422 3527 1473 3581 in
1523 3528 1777 3584 thesauro
1822 3531 2061 3586 omnium

493 3625 803 3670 sanctorum
830 3617 1021 3670 anima:
1050 3618 1527 3674 concludebantur.

561 3754 606 3785 “
631 3751 839 3808 Coloss.
869 3770 927 3816 ll,
956 3753 1040 3808 l5.
1121 3754 1165 3787 ⁸⁷
1190 3755 1418 3825 Philipp.
1449 3773 1508 3820 ιι,
1547 3756 1598 3812 7.

564 3865 642 3938 ('2)
675 3863 749 3918 Ex
779 3866 896 3938 cod.
928 3865 1116 3938 Mittin.
1157 3867 1642 3938 προσηλολόμενος,
1701 3869 1910 3926 eruitur
1936 3884 2064 3926 vera

494 3934 651 4006 lectio
678 3935 1130 4006 atpooqimuévov.

671 4005 760 4080 _Sic
778 4005 1079 4080 emendavi.
1101 4005 1268 4080 Codd.
1301 4006 1462 4080 Bari).
1490 4018 1543 4063 et
1564 4007 1774 4075 Mntin.,
1795 4009 2066 4080 ἀφιλωθῇ.

2167 1880 2394 1950 φιλοῦσα
2419 1880 2671 1951 νυμφίον,
2695 1881 2754 1932 ού
2785 1881 2943 1950 μόνον
2977 1881 3076 1933 οὐκ
3112 1879 3484 1948 ὲξουδενεῖται,
3522 1882 3660 1937 ἀλλά
3680 1900 3742 1952 γε

2165 1974 2260 2028 καὶ
2289 1967 2348 2026 εὖ
2379 1973 2524 2043 μάλα
2548 1974 2872 2027 ἐπαινεῖται.
2912 1972 3243 2038 Ἀκολούθως
3269 1974 3325 2027 δὲ
3352 1973 3429 2045 τῷ
3459 1974 3553 2028 τοῦ
3584 1991 3746 2028 σταυ-

2168 2064 2263 2135 ροῦ
2297 2064 2582 2135 μυστηρίῳ
2609 2059 2786 2116 τοιᾶδε
2814 2063 2990 2131 λέγει⁸

2238 2157 2409 2210 ΣΚΒ’.
2442 2157 2530 2210 Στ.
2567 2157 2631 2228 β’.
2668 2156 3111 2226 Παραλήψομαί
3143 2173 3238 2224 σε,
3279 2158 3375 2212 καὶ
3413 2148 3489 2228 (7)
3527 2157 3751 2222 εισάξω

2166 2264 2240 2302 σε
2265 2252 2351 2314 είς
2389 2245 2558 2302 οἶκον
2589 2249 2810 2318 μητρός
2853 2266 2993 2317 μου,
3032 2249 3128 2303 καὶ
3159 2252 3246 2316 είς
3272 2249 3339 2303 τὸ
3369 2249 3610 2309 ταμεῖον
3638 2250 3750 2320 τῆς

2165 2343 2604 2409 συλλαϐούσης
2629 2358 2705 2410 με
2737 2339 2999 2408 διδάξεις
3029 2341 3128 2412 (8).

2237 2435 2438 2505 Μήτηρ
2469 2433 2562 2486 τοῦ
2593 2431 2881 2504 ἀνθρώπου
2909 2434 3001 2487 καὶ
3028 2434 3125 2504 τῆς
3166 2435 3366 2505 σαρκὸς
3395 2433 3556 2488 αὐτοῦ
3589 2434 3751 2505 δῆλον

2166 2524 2240 2587 ὡς
2269 2527 2300 2596 ἡ
2333 2525 2421 2595 γῆ.
2458 2545 2475 2576 ι
2506 2525 2614 2578 Καὶ
2634 2527 2711 2587 είς
2738 2527 2961 2596 ταμεῖον
2985 2525 3084 2595 τῆς
3102 2525 3470 2597 συλλαϐούσης
3492 2527 3696 2597 ταύτης
3724 2545 3744 2578 ι

2169 2617 2246 2687 (9)
2285 2616 2444 2668 αὑτὸν
2473 2615 2920 2687 τὸν-ἄνθρωπον,
2953 2617 3196 2669 τουτέστι
3238 2618 3336 2688 τῆς
3385 2619 3510 2688 γῆς,
3556 2617 3644 2672 διὰ
3687 2617 3750 2671 τὸ
3793 2663 3795 2670 .

2167 2707 2457 2778 εἰρημένον
2485 2722 2496 2738 ·
2543 2726 2560 2758 ι
2595 2709 2668 2779 Γῆ
2696 2703 2766 2770 εἷ,
2801 2709 2891 2761 καὶ
2923 2709 3003 2771 είς
3027 2711 3129 2779 γῆν
3156 2708 3447 2781 ἁπελεύσῃ.
3485 2729 3501 2762 ι
3532 2707 3749 2779 Ταύτης

2166 2801 2390 2869 ταμεῖον
2425 2799 2452 2850 ό
2483 2798 2710 2862 Θάνατος
2733 2816 2744 2829 ·
2782 2799 2993 2868 ἐπειδὴ,
3034 2799 3282 2869 καθάπερ
3313 2802 3370 2852 ὲν
3413 2800 3621 2871 ταμείῳ
3653 2799 3749 2870 θη-

2169 2891 2376 2963 σαυροὶ,
2420 2891 2590 2954 οὓτως
2624 2895 2679 2945 ὲν
2714 2891 2790 2962 τῷ
2842 2890 3058 2959 θανάτῳ
3109 2890 3326 2943 πάντων
3369 2891 3479 2945 τῶν
3522 2892 3746 2946 δικαίων

2166 2981 2480 3051 κατείχοντο
2511 2983 2566 3034 αἱ
2613 2979 2803 3051 ψυχαί.
2855 2998 2873 3030 ι
2935 2978 3284 3034 Ἐὄασίλευσε
3316 2979 3423 3051 γὰρ
3451 2983 3480 3033 6
3519 2981 3748 3044 θάνατος

2167 3072 2275 3126 ἀπὸ
2313 3073 2480 3143 Ἀδὰμ
2514 3072 2674 3144 μέχρι
2714 3071 3011 3134 Μωῠσέως.
3047 3073 3139 3125 καὶ
3173 3074 3264 3127 ἐπὶ
3299 3071 3428 3139 τοὺς
3457 3071 3530 3146 μὴ
3567 3073 3749 3148 ἀμαρν

2166 3167 2457 3238 τήσαντας.
2502 3183 2518 3215 ι
2569 3163 2968 3235 Παραλαϐοὖσα
3013 3160 3104 3218 οὖν
3145 3166 3307 3220 αὐτὸν
3345 3167 3457 3237 (10)
3500 3171 3532 3240 ἡ
3575 3169 3745 3241 σὰρξ,

2163 3258 2228 3327 ἢν
2262 3254 2401 3327 ὑπὲρ
2435 3255 2531 3326 τῆς
2568 3254 2892 3326 Ἐκκλησίας
2930 3256 3209 3326 ἐφόρεσεν,
3251 3258 3544 3328 εἰσήγαγεν
3587 3259 3748 3314 αὑτὸν

2163 3348 2417 3420 καθάπερ
2447 3349 2526 3411 εἰς
2553 3343 2723 3412 οἶκον,
2757 3348 2836 3411 είς
2865 3348 2956 3400 τὸν
2989 3348 3130 3420 ὑπὲρ
3155 3349 3310 3420 ἡμῶν
3339 3349 3589 3419 θάνατον,
3616 3351 3745 3406 ἔνθα

2163 3441 2254 3494 καὶ
2287 3440 2348 3494 τὸ
2378 3443 2601 3511 ταμεῖον
2629 3435 2698 3510 ἦν
2725 3439 2826 3510 τῆς
2855 3439 3223 3513 συλλαϐούσης
3263 3443 3409 3512 ἡμᾶς
3436 3443 3560 3513 γῆς,
3591 3443 3743 3510 ἔνθα,

2163 3532 2343 3595 καθὼς
2373 3531 2714 3602 προείρηται,
2740 3531 2992 3601 καθάπερ
3011 3533 3068 3584 ὲν
3092 3532 3370 3605 θησαυρῷ,
3400 3536 3615 3589 πάντων
3637 3535 3750 3590 τῶν

2165 3621 2333 3691 ἁγίων
2370 3619 2739 3674 συνεκλείοντο
2771 3621 2825 3672 al
2857 3619 3042 3690 ψυχαί.

1677 3758 1722 3789 ⁸⁸
1751 3756 1887 3813 Gen.
1936 3773 2019 3825 ιιι,
2045 3759 2132 3816 l9.
2209 3759 2254 3790 ⁶⁹
2289 3756 2445 3813 Rom.
2477 3771 2532 3821 v,
2565 3755 2655 3811 l4.

2178 3914 2192 3929 .
2227 3912 2238 3926 .
2274 3912 2287 3927 .
2319 3909 2332 3923 .
2369 3884 2529 3939 quam
2556 3867 2721 3939 semel
2762 3870 3071 3939 assumpsit.
3104 3889 3121 3921 ι
3155 3879 3258 3924 etc.
3289 3871 3451 3924 Vetus
3485 3870 3746 3937 interpres

2147 3943 2266 4013 ἰιιιί
2314 3938 2515 4013 vertit:
2566 3957 2584 3990 ι
2634 3938 2771 4013 Ergo
2812 3938 2999 4013 _l'ac_t:t_
3027 3955 3154 4013 caro
3198 3941 3452 4013 Verbum,
3502 3959 3535 4013 ι
3563 3941 3746 4013 habuit

2179 4008 2405 4066 fortasse
2437 4010 2488 4063 in
2520 4025 2616 4064 suo
2648 4009 2768 4063 cod.
2801 4009 2834 4078 ἡ
2867 4008 3002 4080 σὰρξ
3031 4010 3201 4078 Λόγος
3229 4009 3464 4078 ἐγένετο.
3502 4008 3606 4062 Sed
3634 4012 3746 4064 sive

567 4076 643 4146 (4)
674 4075 815 4145 Lege
842 4075 1307 4149 ἀπεκδυσάμενον.
1347 4076 1580 4148 Uterque
1603 4081 1796 4149 (codex,
1833 4075 1990 4135 Barb.
2017 4075 2074 4134 et
2179 4096 2296 4136 eam
2330 4081 2613 4133 lectionem
2671 4075 2952 4144 habuerit,
2974 4081 3087 4133 sive
3119 4075 3446 4149 hanc'quam
3487 4082 3743 4134 exhibent

499 4145 656 4220 Mut.,
677 4157 806 4220 __tttn_t
831 4148 993 4200 etiam
1033 4145 1182 4220 meus
1214 4148 1414 4220 habent
1446 4145 1854 4220 aaexsuaaptsv.

564 4218 639 4292 (5)
661 4215 833 4292 ΔΙλὶιιιΙιἶ
858 4232 1010 4292 mt'tl_S
1037 4227 1091 4292 et
1117 4217 1306 4292 Mittin.
1330 4220 1537 4292 habent
1580 4215 1872 4292 διάρρητον
1902 4215 2067 4276 αὑτοῦ

493 4287 922 4361 φιλανθρωπίαν.
958 4288 1145 4361 Scribe
1178 4288 1243 4342 δι’
1265 4288 1533 4361 apparas.

571 4360 644 4428 (b')
682 4360 868 4429 Scribe
891 4359 1174 4428 κακοήθως
1204 4359 1502 4429 φιλοῦντες.

565 4427 642 4496 (7)
676 4427 786 4481 Καί
818 4444 914 4482 nec.
954 4431 1006 4481 in
1051 4427 1225 4483 Vatic.
1255 4433 1382 4485 etlit.
1421 4447 1518 4486 nec
1555 4445 1782 4500 usquam
1822 4429 1946 4484 alibi
1972 4445 2064 4485 oc-

495 4504 708 4569 currit;
757 4514 873 4551 ram
906 4512 1082 4552 tamen
1109 4502 1347 4566 agnoscit
1377 4511 1480 4555 vet.
1526 4503 1811 4569 interpres.

561 4570 637 4639 (8)
672 4568 820 4623 llanc
845 4584 1028 4622 vocem
1063 4569 1294 4635 διδάξεις
1326 4573 1521 4626 habent
1553 4568 1770 4624 Barber.
1807 4580 1860 4623 et
1886 4584 2058 4635 meus,

492 4657 653 4707 quam
684 4647 860 4708 tamen
893 4653 990 4691 nec
1013 4643 1256 4708 agnoscit
1284 4639 1398 4693 Vat.
1423 4642 1554 4694 edit.
1589 4655 1686 4693 nec
1716 4641 1837 4694 cod.
1867 4639 2058 4695 Mutin.

494 4723 603 4778 nec,
626 4716 731 4759 tet.
757 4707 1039 4778 interpres.
1059 4707 1166 4761 ’Est
1191 4719 1371 4764 autem
1397 4710 1604 4764 initium
1636 4725 1821 4764 versus
1843 4725 2064 4778 sequen-

493 4780 562 4830 tis
588 4777 742 4843 juxta
764 4776 1010 4830 Aldinam
1047 4781 1353 4833 editionem.

565 4847 639 4917 (υ)
679 4846 1101 4917 Ταύτηςίιιιιιιιξι
1125 4858 1176 4901 et
1208 4863 1358 4902 meus
1380 4847 1497 4902 cod.
1524 4857 1582 4902 et
1605 4847 1762 4902 Barb.
1797 4848 1924 4902 Eam
1956 4864 2062 4903 non

497 4915 740 4984 agnoscit
764 4925 881 4970 cod.
917 4916 1252 4980 Mutinensis,
1281 4929 1332 4971 et
1373 4919 1649 4972 delendam
1679 4932 1890 4972 censeo.

566 4987 677 5056 (l0)
713 4987 929 5040 Αὐτόν.
964 4986 1112 5040 Hanc
1133 5003 1316 5040 vocem
1339 5002 1459 5056 qua:
1492 4989 1643 5042 abest
1668 5004 1696 5040 a
1739 5002 1856 5041 meo
1879 4989 2066 5044 codice

493 5055 824 5128 cellarum:
872 5060 1117 5128 revocavi
1177 5072 1232 5109 ex
1270 5055 1573 5112 Mutinensi.
1617 5058 1721 5111 Sed
1762 5057 1925 5110 αὐτόν
1956 5073 2064 5128 quo

498 5124 742 5198 “derasi
785 5123 974 5198 Facile;
1009 5123 1192 5198 tamen
1240 5135 1339 5198 est,
1374 5128 1690 5198 intelligere,
1729 5142 1833 5196 quo
1861 5143 1923 5182 ea
1961 5123 2061 5183 vox

498 5195 775 5269 telerenda
812 5196 902 5269 sit,
934 5195 979 5248 si
1009 5195 1287 5269 Paulinum
1331 5197 1503 5250 locum
1537 5195 2061 5269 all'cras’iittegrum.

496 5263 662 5334 lgitnr
692 5274 811 5342 post
839 5265 1561 5349 ἁμαρτήσανταςμεειιιιὶιιιι·
1607 5267 1700 5349 ἐπὶε
1734 5265 1811 5339 τῷ
1859 5263 2060 5349 ὁμοιῶ-

499 5351 628 5409 ματι
657 5336 755 5402 τῆς
807 5336 1168 5404 παραϐάσεως
1202 5336 1477 5408 Ἀδὰμ,’ὃς
1501 5338 1614 5391 ἐστι
1641 5336 1809 5401 τύπος
1823 5336 1916 5392 τοῦ
1945 5337 2066 5409 μέλ-

494 5406 696 5468 λοντος,
733 5423 752 5454 ι
792 5409 992 5474 quiest
1035 5418 1186 5477 typus
1228 5406 1416 5477 futuri,
1461 5427 1478 5457 ι
1531 5411 1731 5462 scilicet
1784 5406 1980 5463 Christi
2011 5419 2066 5462 ct

499 5493 680 5530 rerum
719 5477 786 5530 ab
807 5491 872 5528 eo
905 5476 1277 5546 gerendarum.
1305 5476 1470 5547 Igitur
1493 5493 1587 5530 vox
1619 5477 1782 5532 αὐτόν
1817 5480 1882 5531 ad
1907 5478 2065 5532 Chri-

499 5557 641 5600 stum
692 5557 775 5601 est
828 5548 1131 5600 referenda.
1181 5549 1458 5602 Salutatus
1491 5548 1720 5603 fortasse
1748 5549 2065 5604 existinmas

501 5619 677 5670 minus
704 5619 918 5685 proprie
948 5619 1169 5681 dictum,
1213 5637 1228 5668 ι
1260 5621 1397 5671 Caro
1423 5622 1718 5687 assumpsit
1746 5618 1979 5672 Verbum
2001 5636 2016 5683 ;
2039 5637 2058 5669 ι

499 5701 604 5740 non
637 5688 850 5753 quidem
876 5690 1060 5751 verba,
1099 5692 1190 5740 sed
1239 5689 1554 5742 sententiam
1612 5691 1839 5742 reddens
1865 5693 2062 5740 vertit:

503 5773 524 5806 α
560 5757 706 5810 idem
733 5755 889 5811 .lcsus
926 5759 1154 5812 humana
1183 5773 1366 5823 carne,
1407 5773 1576 5827 caque
1602 5759 1811 5813 mortali
1838 5759 2063 5813 vestitus

2168 4151 2340 4207 Graeci
2372 4150 2586 4204 codices
2635 4164 2770 4218 quos
2802 4149 2936 4214 vidi;
2977 4161 3122 4203 certe
3146 4153 3318 4204 oritur
3362 4166 3429 4204 ex
3474 4151 3574 4204 hoc
3627 4150 3747 4206 loco

2171 4223 2308 4275 haud
2333 4221 2721 4275 coatemnenda
2745 4221 2880 4274 ratio
2910 4219 3743 4284 existimandi,Commentarimn

2170 4292 2309 4345 hunc
2333 4293 2386 4344 in
2415 4289 2690 4344 Canticum
2713 4292 3035 4343 canticorum
3070 4306 3174 4345 non
3199 4306 3316 4344 esse
3349 4291 3406 4343 S.
3437 4289 3742 4358 Epiphanii,

2166 4363 2256 4429 qui
2289 4361 2475 4414 hmresi
2499 4374 2705 4424 Lxxvu,
2738 4375 2886 4413 num.
2913 4360 3002 4423 29,
3028 4360 3288 4428 ejusmodi
3322 4359 3613 4414 locutiones
3661 4360 3745 4413 di-

2168 4431 2411 4484 sertehis
2447 4430 2623 4484 verbis
2657 4429 2919 4498 improbat
2950 4429 3056 4482 εΤὺ
3087 4429 3165 4495 δὲ,
3188 4447 3208 4481 ι
3246 4430 3418 4498 Λόγος
3449 4429 3585 4498 σὰρξ
3618 4429 3744 4496 ὲγέ-

2095 4486 2139 4541 D
2168 4517 2339 4569 vero,»
2378 4499 2465 4569 ἵνα
2495 4499 2567 4569 μή
2596 4486 2746 4569 τινες
2767 4498 3080 4567 νομίσωσιν,
3113 4486 3193 4552 ὅτι
3228 4486 3442 4569 πρῶτος
3456 4486 3744 4569 ᾷνθρωέτος

2165 4566 2254 4640 ἦν,
2284 4571 2377 4623 καὶ
2398 4565 2528 4691 gms
2558 4565 2789 4640 Χριστὸς
2814 4565 2893 4631 είς
2925 4569 3232 4641 ἄνθρωπον,
3272 4565 3363 4621 διὰ
3387 4567 3545 4621 τοῦτο
3566 4565 3744 4635 ’Λόγον

2165 4639 2380 4691 πρῶτον
2436 4638 2560 4691 ταξε
2591 4639 2650 4690 τὸ
2677 4638 2818 4691 θεῖον
2868 4639 3217 4691 Εὑαγγέλιον.
3249 4635 3380 4691 Εἶτα
3433 4640 3533 4691 τὴν
3563 4639 3744 4691 σάρκα

2165 4635 2380 4710 στρῶτον
2407 4635 2560 4710 ἔταξε
2591 4635 2650 4690 τὸ
2677 4638 2818 4710 θεῖον
2868 4635 3217 4706 Εὐαγγέλιον.
3249 4635 3380 4692 Εἶτα
3433 4640 3533 4710 τὴν
3563 4639 3746 4710 capita

2162 4706 2528 4797 ὡμολόγησεν,
2545 4709 2626 4762 ὅτι
2647 4709 2704 4760 (ὁ
2724 4709 2892 4776 Λόγος
2913 4709 3048 4780 σὰρξ
3073 4710 3304 4777 ἐγένετο.
3306 4729 3337 4789 _i
3357 4711 3428 4761 Οὐ
3449 4706 3556 4780 γὰρ
3570 4706 3742 4770 circa,

2170 4800 2187 4829 ι
2231 4780 2277 4831 ﬂ
2310 4778 2446 4846 σὰρξ
2463 4779 2633 4846 Λόγος
2654 4779 2890 4846 ἐγένετο,
2906 4797 2923 4829 ι
2943 4779 3027 4831 ἵνα
3052 4778 3200 4846 δείξῃ
3218 4796 3430 4846 πρωτον
3453 4781 3623 4846 Λόγον
3647 4778 3744 4831 ἀπ’

2170 4800 2187 4829 ι
2216 4795 2277 4831 τι
2310 4795 2446 4850 capt;
2463 4795 2633 4848 Λογος
2654 4795 2890 4846 εγενετο,
2906 4797 2923 4829 ι
2945 4795 3027 4831 ινα
3052 4795 3200 4852 οειςῃ
3218 4796 3430 4850 πρωτον
3453 4795 3623 4846 Λογον
3647 4795 3727 4831 απ

2163 4849 2410 4920 οὐρανῶν
2444 4849 2686 4910 ἐλθόντα,
2716 4851 2795 4928 εἰς
2826 4847 3014 4901 ἑαυτὸν
3050 4849 3428 4920 ὑποστήσαντα
3446 4849 3543 4919 τὴν
3566 4848 3744 4920 σάρκα

2163 4920 2272 4991 duo
2299 4921 2397 4990 τῆς
2447 4921 2661 4991 μήτρας
2686 4935 2785 4988 της
2832 4919 2996 4988 ἁγίας
3023 4919 3322 4990 Παρθένου.
3381 4938 3399 4970 ι
3449 4920 3537 4972 llla
3593 4934 3740 4980 vero,

2372 4949 2395 4983 ε,
2447 4949 2785 4983 pip-[Justus
2832 4949 2993 4983 ultus
3025 4949 3322 4983 υιιμυινυυο
3381 4949 3399 4970 ι
3449 4949 3537 4972 ιιι.ι
3597 4949 3740 4980 ":Iv,

2173 4957 3559 5055 ἵἢτῖῗῖιιι⁸’έὲἰπῧ“ἶεὲἰὶἷιη“ἑὲἱζ’ι’ἷῦἔ5”ίὶῖη’ὲοιιςὲριει
3591 4957 3740 5053 εὗηῖξ

2167 5074 2232 5128 ne
2271 5061 2391 5128 quis
2417 5060 2754 5113 existimaret
2775 5058 3003 5127 primum
3043 5060 3313 5114 exstitisse
3339 5062 3629 5121 hominem,
3689 5069 3742 5122 et

2164 5127 2438 5184 Christum
2494 5131 2545 5182 in
2578 5129 2849 5182 hominem
2890 5130 3118 5184 venisse.
3162 5129 3447 5197 Propterea
3490 5138 3736 5181 sanctum

2165 5199 2513 5270 Evangelium
2547 5201 2720 5270 primo
2748 5198 2866 5252 locu
2914 5202 3092 5270 posuit
3137 5197 3393 5270 Verbum.
3447 5197 3652 5252 Deinde
3677 5199 3742 5250 de
3783 5258 3791 5267 _

2165 5268 2344 5340 carne
2361 5268 2643 5340 proﬁtetur
2667 5269 2884 5323 dicens:
2907 5286 2928 5319 ι
2960 5268 3190 5340 Verbum
3217 5283 3348 5324 caro
3373 5269 3570 5322 factum
3597 5277 3700 5321 est.
3717 5283 3736 5316 ι

2168 5339 2283 5394 Non
2331 5337 2476 5394 enim
2510 5337 2683 5392 dixit:
2738 5355 2759 5390 ι
2799 5339 2940 5393 (iaro
2995 5337 3228 5393 Verbum
3280 5340 3419 5394 facta
3477 5349 3581 5404 est,
3618 5355 3640 5390 ι
3685 5346 3743 5390 ιιι

2165 5414 2472 5463 ostenderet
2527 5411 2754 5476 primum
2805 5409 3147 5463 descendisse
3176 5407 3408 5463 Verbum
3459 5410 3527 5460 de
3564 5408 3738 5469 caelis,

2167 5490 2222 5533 et
2254 5479 2429 5547 ipsunt
2469 5478 2569 5531 sibi
2621 5492 2840 5531 carnem
2892 5477 3157 5532 formasse
3187 5493 3219 5533 e
3275 5490 3476 5533 sancta:
3508 5477 3741 5545 Virginis

2168 5558 2339 5601 utero.
2380 5565 2398 5598 ι
2432 5549 2695 5601 Caeterum
2752 5563 2871 5601 eam
2914 5547 3272 5612 locutionem,
3332 5566 3352 5598 s
3410 5550 3548 5603 Caro
3597 5551 3741 5601 lucta

2170 5617 2422 5679 Verbum,
2458 5634 2478 5668 ι
2520 5617 2795 5670 catholicae
2835 5617 2954 5672 ﬁdei
2987 5633 3092 5687 non
3130 5633 3448 5687 repugnare,
3485 5618 3592 5671 itnu
3615 5631 3742 5670 cum

2171 5689 2279 5754 ipsa
2331 5688 2660 5749 c0nvcuire,
2719 5701 2946 5753 eamque
2991 5686 3178 5742 Patres
3218 5686 3551 5749 adhibuisse,
3583 5689 3744 5739 docet

2168 5759 2417 5811 Petavius
2446 5755 2520 5809 De
2553 5754 2830 5810 lncaruat.
2867 5756 2958 5810 lib.
3007 5773 3077 5822 tv,
3111 5774 3226 5824 cap.
3263 5758 3313 5821 9,
3351 5773 3495 5810 num.
3539 5755 3571 5808 ι
3604 5768 3658 5809 et
3685 5754 3744 5810 5.
