4038 6134
468 380 564 437 I51

1559 390 1875 450 PHILONIS
1914 394 2220 451 EPISCOPI
2252 397 2572 453 CARPASII

3608 404 3711 460 152

466 505 590 549 rant
617 504 671 552 et
699 495 1004 558 custodiunt
1033 497 1408 565 mandatorum
1436 516 1724 576 praecepta,
1747 508 1810 561 de
1836 510 2033 580 quibus

2146 508 2351 563 πελῶνα
2385 507 2678 563 ἐκδώσεται
2722 509 2920 573 ἄλλοις,
2964 510 3163 584 δηλαδὴ
3194 515 3307 579 τοῖς
3339 515 3563 588 τηροῦσι
3612 518 3711 578 καὶ

466 587 667 654 dictum
705 596 788 645 est
822 606 834 643 :
878 606 897 640 ι
932 586 1087 643 Dedit
1127 590 1336 647 vincant
1367 594 1812 652 custodientibus.
1841 617 1859 652 ι

536 763 807 821 CCXLIV.
853 763 947 819 Vir
1001 767 1180 839 afferet
1207 784 1260 820 ιη
1295 767 1471 837 fructu
1512 769 1625 840 ejus
1664 772 1804 827 mille
1844 790 2032 845 argen-

465 869 592 914 teos.
1542 852 1545 855 ’

537 946 727 1001 Omnis
766 946 909 1001 enim
946 947 1198 1018 magister
1232 952 1448 1021 sapiens
1485 960 1540 1006 et
1579 952 1794 1008 auditor
1836 952 2035 1009 intelli-

465 1052 597 1104 gens
627 1037 679 1091 in
709 1037 949 1092 Ecclesia
984 1057 1003 1091 ι
1040 1039 1176 1095 feret
1201 1041 1253 1096 in
1297 1041 1474 1098 fructu
1503 1043 1621 1114 ejus
1660 1044 1807 1099 mille
1838 1059 2033 1116 argen-

468 1138 621 1182 teost
655 1147 673 1180 ι
706 1128 755 1182 id
786 1140 907 1195 est,
940 1129 1342 1199 implementum
1400 1146 1498 1204 per
1542 1132 1892 1188 millenarium
1937 1150 2036 1187 nu-

467 1233 672 1272 merum
704 1228 789 1273 est
830 1222 1066 1274 omnium
1109 1222 1480 1278 mandatorum
1524 1222 1767 1289 Domini,
1796 1225 2037 1295 eloquio-

467 1320 586 1359 rum
626 1307 740 1376 ejus
768 1306 999 1364 eﬂ‘ectio.
1036 1327 1054 1361 ι
1083 1309 1306 1379 Eloquia
1331 1328 1350 1364 ι
1387 1312 1529 1366 enim
1568 1329 1587 1363 ι
1624 1312 1830 1368 Domini
1860 1326 2034 1379 casta,

469 1406 754 1466 argentum
783 1399 906 1469 igne
934 1402 1320 1470 examinatum,
1357 1406 1640 1474 probatum
1672 1404 1724 1458 in
1757 1412 1899 1459 terra
1924 1407 1940 1436 ¹
1960 1447 1974 1472 ,
2011 1424 2029 1459 ι

468 1497 525 1543 ιιι
559 1504 719 1560 supra
752 1493 949 1547 dictum
981 1502 1079 1551 est.

536 1579 784 1636 CCXLV.
827 1584 979 1638 Vers.
1024 1585 1111 1639 12.
1149 1583 1311 1639 Vinea
1353 1602 1469 1640 mea
1503 1587 1633 1641 mihi
1674 1589 1727 1641 in
1759 1599 2035 1659 conspectu

466 1687 601 1728 meo.
638 1670 789 1728 Hille
829 1673 1079 1730 Salomon
1124 1686 1171 1730 et
1221 1677 1432 1731 ducenti
1476 1679 1883 1735 custodientibus
1924 1679 2036 1749 fru-

467 1771 609 1818 ctum
642 1766 776 1835 ejus.

2138 599 2463 669 φυλάττουσι
2497 599 2567 653 τὰ
2592 600 2698 654 τῶν
2730 600 2958 655 ἐντολῶν
2988 604 3416 675 προστάγματα,
3461 609 3589 679 περὶ
3635 603 3709 665 ὧν

2135 692 2374 766 εἴρηται·
2416 712 2435 745 ι
2475 694 2679 748 Ἔδωκε
2714 696 2804 749 τὸν
2834 695 3130 766 ἀμπελῶνα
3161 702 3271 762 τοῖς
3294 699 3569 772 τηροῦσιν.
3604 720 3624 754 ι

2207 786 2379 839 ΣΜΔ¹.
2447 785 2618 854 Ἀνὴρ
2668 786 2823 841 οἴσει
2867 786 2937 840 ἐν
2984 788 3189 857 καρπῷ
3231 790 3417 845 αὐτοῦ
3473 792 3711 861 χιλίους

2137 876 2455 946 ἀργυρίους
2487 878 2618 949 (δε).

2208 968 2323 1031 Πᾶς
2354 970 2459 1039 γάρ
2492 986 2574 1033 τις
2597 971 2757 1038 σοφὸς
2787 970 3119 1036 διδάσκαλος,
3155 987 3246 1026 και
3270 974 3486 1037 συνετὸς
3514 976 3713 1045 ἀκροα-

2136 1059 2234 1129 τὴς
2255 1060 2311 1112 ὲν
2343 1062 2408 1131 τῇ
2454 1060 2748 1132 Ἐκκλησία
2785 1080 2802 1112 ι
2827 1063 2961 1115 οῐσει
2983 1064 3039 1115 ὲν
3066 1064 3271 1134 καρπῷ
3292 1065 3457 1118 αὐτοῦ
3494 1064 3703 1135 χιλίους

2137 1150 2450 1222 ἀργυρίους,
2474 1170 2492 1203 ι
2516 1152 2652 1223 ὅπερ
2673 1153 2840 1216 ἐστὶν,
2866 1155 2898 1224 ἠ
2930 1153 3019 1207 διὰ
3049 1153 3147 1224 τῆς
3168 1155 3402 1225 χιλιάδος
3430 1156 3708 1228 πλήρωσις

2138 1243 2356 1298 πάντων
2394 1242 2502 1296 τῶν
2541 1243 2770 1297 ἐντολῶν
2803 1244 3011 1316 Κυρίου
3054 1245 3148 1300 καὶ
3172 1245 3279 1306 τῶν
3310 1247 3505 1316 λογίων
3540 1246 3707 1302 αὑτοῦ

2138 1334 2377 1405 ποίησις.
2422 1354 2440 1388 ι
2475 1334 2557 1388 Τὰ
2578 1335 2735 1405 λόγια
2775 1356 2793 1388 ι
2829 1336 2937 1409 γὰρ
2973 1356 2991 1388 ι
3023 1338 3230 1410 Κυρίου
3266 1338 3426 1408 ἁγνὰ,
3450 1339 3713 1412 ἀργύριον

2139 1427 2562 1498 πεπυρωμένον,
2621 1427 2865 1499 δοκίμιον
2899 1431 2955 1482 ὲν
2978 1432 3042 1501 τῇ
3075 1432 3167 1501 γῇ,
3198 1449 3216 1482 ι
3258 1429 3335 1494 ὡς
3361 1431 3706 1503 προείρηται.

2207 1600 2381 1660 ΣΜΕ⁹.
2412 1603 2502 1658 Στ.
2530 1602 2615 1674 ιβ’.
2649 1604 2957 1673 Ἀμπελὼν
2969 1623 3087 1676 μου
3119 1604 3261 1675 ἐμὸς
3289 1605 3547 1666 ἐνώπιόν
3565 1623 3707 1679 μου.

2133 1695 2198 1746 Ol
2224 1695 2407 1763 χίλιοι
2430 1693 2742 1763 Σολομὼν,
2765 1696 2863 1751 καὶ
2889 1698 2944 1750 ol
2975 1695 3268 1750 διακόσιοι
3293 1696 3418 1763 τοῖς
3455 1695 3708 1765 τηροῦσι

2140 1782 2247 1837 τὸν
2278 1785 2512 1852 καρπὸν
2535 1786 2742 1841 αὐτοῦ.

546 1854 878 1913 Dominicam
910 1858 1143 1915 arbitror
1167 1874 1353 1915 vocem
1387 1874 1508 1916 esse
1538 1878 1554 1917 :
1588 1881 1607 1914 ι
1636 1861 1799 1918 Vinea
1825 1878 1939 1920 mea
1980 1863 2037 1920 in

2211 1874 2495 1947 Κυριακὴν
2548 1872 2700 1946 οἶμαι
2756 1876 2855 1946 τὴν
2911 1876 3092 1948 φωνὴν
3146 1873 3315 1931 εἶναι’
3354 1895 3372 1927 ι
3426 1875 3711 1947 Ἀμπελὼν

469 1962 756 2023 conspectu
782 1966 903 2006 meo
923 1993 936 2016 ,
963 1970 983 2004 ι
1016 1964 1230 2022 propter
1253 1953 1372 2023 ejus
1406 1953 1750 2010 dilectionem
1790 1962 1845 2011 et
1882 1970 2035 2010 amo-

470 2058 582 2098 rem
615 2057 740 2113 erga
776 2043 1023 2099 homines
1063 2061 1076 2098 :
1118 2063 1136 2096 ‹
1166 2044 1317 2099 Oculi
1343 2064 1363 2097 ι
1403 2045 1547 2101 enim
1584 2063 1604 2098 ι
1630 2044 1837 2101 Domini
1878 2060 2038 2116 super

473 2134 728 2187 timentes
753 2147 874 2187 eum
903 2174 918 2198 ,
970 2141 1023 2187 et
1060 2148 1218 2189 aures
1252 2134 1369 2204 ejus
1394 2136 1461 2190 ad
1489 2149 1703 2205 precem
1737 2150 1923 2189 eorum
1943 2138 1985 2189 ³.
2012 2155 2031 2188 ι

470 2223 598 2277 lllnd
630 2238 757 2279 vero
787 2242 801 2278 :
835 2242 853 2276 ι
890 2224 1035 2280 Mille
1066 2225 1370 2281 Salomonis
1390 2235 1446 2281 et
1483 2226 1698 2281 ducenti
1724 2227 2036 2281 custodien-

471 2317 684 2379 tibus,»
718 2317 954 2372 arbitror
1000 2318 1181 2373 dicere
1234 2317 1498 2387 judicium
1548 2332 1711 2373 omne
1760 2328 1815 2374 et
1857 2334 2034 2374 rerum

471 2407 707 2461 omnium
775 2409 1222 2478 perﬁciendarum
1300 2416 1617 2478 potestatem
1683 2412 1863 2464 datam
1921 2425 2039 2467 esse

474 2499 779 2569 Unigenito,
816 2499 967 2568 juxta
1001 2500 1051 2554 id
1077 2500 1219 2569 quod
1258 2500 1519 2570 scriptum
1543 2510 1625 2556 est
1656 2520 1669 2556 :
1708 2520 1726 2552 ι
1749 2500 1911 2555 Pater
1947 2517 2039 2556 ne-

471 2590 665 2644 minem
688 2589 897 2657 judicat
916 2630 931 2655 ,
961 2595 1054 2646 sed
1074 2589 1335 2657 judicium
1357 2606 1517 2647 omne
1537 2591 1684 2645 dedit
1710 2591 1845 2646 Filio
1865 2592 1905 2646 ³.
1928 2611 1945 2644 ι
1974 2622 2040 2633 -

474 2698 494 2733 ι
529 2681 593 2735 Ει
621 2682 835 2738 ducenti
860 2683 1288 2740 custodientilms
1319 2682 1550 2739 fructum
1581 2682 1699 2753 ejus
1719 2723 1736 2749 ,
1760 2703 1779 2736 ι
1809 2685 1908 2741 hnc
1936 2696 2037 2750 est,

472 2773 700 2825 duorum
724 2770 1195 2826 Testamentorum
1235 2789 1250 2825 :
1291 2772 1398 2827 duo
1417 2774 1558 2827 enim
1589 2775 1882 2829 centenarii
1909 2785 2039 2831 sunt

474 2864 579 2917 duo
603 2862 977 2927 Testamenta;
1031 2863 1138 2918 duo
1191 2874 1368 2919 autem
1413 2866 1711 2920 centenarii
1767 2876 1893 2922 sunt
1939 2867 2039 2921 du-

475 2954 647 3019 centi,
698 2953 788 3022 qui
822 2954 1031 3009 scilicet
1057 2968 1124 3010 ex
1165 2955 1373 3011 duobus
1423 2956 1791 3016 Testamentis
1834 2961 2042 3017 centies

476 3052 687 3099 auctum
730 3044 967 3100 fructum
1000 3047 1508 3117 progerminantes,
1543 3049 1616 3104 ita
1653 3050 1868 3105 demum
1907 3052 2042 3107 alios

470 3136 715 3210 iudicant
743 3135 898 3205 juxta
928 3137 1245 3207 Apostolum
1282 3156 1297 3194 :
1342 3159 1361 3193 ι
1391 3139 1448 3194 Si
1487 3140 1539 3195 in
1581 3141 1733 3196 vobis
1772 3141 2042 3211 jndicabi-

478 3238 565 3281 tur
589 3230 819 3285 mundus
843 3267 859 3293 ,
894 3228 1114 3285 nescitis
1137 3230 1279 3300 quod
1328 3240 1384 3286 et
1421 3230 1639 3302 angelos
1662 3232 2040 3304 judicabimus,

481 3318 677 3372 nedum
701 3318 978 3374 smonlaria
1010 3317 1072 3373 ⁸2
1094 3337 1113 3372 ι

544 3409 812 3465 CCXLVI.
842 3412 995 3468 Vers.
1034 3412 1122 3467 I5.
1160 3411 1356 3467 Sedens
1392 3415 1445 3467 in
1477 3414 1663 3469 hortis.

548 3503 833 3557 Sedentem
883 3504 939 3557 in
989 3503 1161 3558 hortis
1194 3514 1323 3573 puto
1356 3505 1534 3559 dicere
1572 3521 1696 3559 eum
1728 3505 1817 3575 qui
1842 3508 2047 3573 episco-

481 3592 651 3659 palrm
682 3592 994 3646 cathedram
1019 3594 1280 3658 obtinuit,
1310 3602 1365 3648 et
1394 3594 1589 3649 multos
1621 3597 1832 3660 hortos,
1867 3596 1916 3649 id
1944 3606 2046 3659 est,

484 3687 751 3741 Ecclesias
795 3689 841 3742 ei
876 3690 1232 3746 concreditas.

554 3777 846 3833 CCXLV".
881 3778 1103 3833 Sodales
1126 3780 1465 3835 attendentes.

557 3871 723 3939 Hujus
767 3880 1146 3940 cooperatores
1176 3872 1512 3944 presbyteri,
1556 3882 1608 3930 et
1641 3875 1731 3945 qui
1756 3874 1916 3931 sintul
1954 3876 2053 3929 mi-

2138 1964 2270 2035 ὲμὸς
2304 1964 2532 2018 ἐνώπιον
2558 1965 2714 2037 ἐμοῦ,
2754 1986 2771 2017 ι
2805 1969 2870 2037 τῇ
2900 1967 3089 2038 ἀγάπῃ
3133 1968 3228 2022 καὶ
3280 1970 3346 2038 τῇ
3404 1966 3708 2037 φιλανθρω-

2140 2056 2239 2127 πία
2268 2056 2434 2127 (53)]
2460 2057 2754 2129 Ὀφθαλμοὶ
2783 2078 2803 2111 ι
2823 2057 2931 2129 γὰρ
2965 2076 2983 2110 ι
3015 2058 3218 2129 Κυρίου
3253 2059 3343 2111 ἐπὶ
3370 2060 3492 2121 τοὺς
3515 2056 3709 2128 φοϐουο

2142 2149 2335 2219 μένους
2356 2148 2537 2212 αὑτὸν,
2568 2149 2660 2202 καὶ
2698 2143 2813 2203 ὦτα
2845 2148 3008 2203 αὑτοῦ
3037 2151 3115 2212 είς
3147 2148 3330 2219 δέησιν
3358 2148 3556 2203 αὐτῶν.
3588 2167 3606 2200 ι
3634 2146 3710 2201 rt

2138 2241 2214 2307 δὲ,
2244 2260 2263 2291 ι
2300 2243 2363 2294 Οἱ
2407 2240 2565 2312 χίλιοι
2613 2241 2707 2293 τοῦ
2756 2240 3034 2312 Σαλομὼν,
3083 2242 3174 2303 καὶ
3212 2243 3261 2292 οἱ
3292 2239 3553 2301 διακόσιοι
3598 2241 3709 2300 τοῖς

2138 2332 2415 2404 τηροῦσιν,
2452 2351 2469 2383 ι
2500 2327 2653 2403 οἴμαι
2687 2333 2784 2401 τὴν
2816 2333 2997 2403 κρίσιν
3030 2332 3208 2384 πᾶσαν
3245 2330 3444 2399 λέγειν,
3487 2330 3581 2393 καὶ
3612 2329 3715 2399 τὴν

2140 2424 2246 2478 τῶν
2305 2425 2624 2495 ποιημάτων
2669 2424 2946 2488 τελείωσιν
3001 2424 3080 2494 τῷ
3110 2424 3400 2491 Μονογενεῖ
3446 2420 3709 2485 δεδόσθαι,

2141 2508 2280 2563 κατὰ
2313 2509 2375 2562 τὸ
2419 2511 2834 2581 γεγραμμένον·
2874 2525 2893 2558 ι
2942 2508 3000 2561 ‘0
3034 2506 3224 2577 Πατὴρ
3277 2507 3450 2577 κρίνει
3498 2505 3706 2567 οὐδένα,

2140 2598 2276 2652 ἀλλὰ
2296 2600 2394 2669 τὴν
2425 2600 2604 2671 κρίσιν
2633 2600 2811 2652 πᾶσαν
2844 2598 3041 2652 δέδωκε
3072 2597 3150 2669 τῷ
3185 2597 3299 2668 Υἱῷ
3319 2594 3710 2668 (54).»-ιῐίαὶ

2140 2690 2188 2742 οί
2224 2689 2484 2743 διακόσιοι
2516 2692 2628 2753 τοῖς
2667 2689 2892 2762 τηροῦσι
2924 2689 3014 2743 τον
3043 2687 3253 2760 καρπὸν
3281 2685 3465 2751 αὑτοῦ,
3506 2706 3524 2738 ι
3557 2702 3710 2738 τουτ-

2142 2779 2254 2833 έστι
2303 2778 2409 2832 τῶν
2449 2779 2542 2832 δύο
2568 2780 2992 2851 Διαθηκῶν.Δύο
3016 2779 3124 2850 γὰρ
3146 2777 3516 2840 ἑκατοντάδες,
3542 2776 3596 2828 αἱ
3620 2774 3715 2830 δύο

2141 2869 2423 2941 Διαθῆκαι,
2455 2871 2509 2922 αἱ
2537 2869 2592 2923 δὲ
2619 2869 2711 2923 δύο
2735 2870 3083 2933 ἑκατοντάδες
3110 2870 3214 2921 eisi.
3237 2869 3516 2928 διακόσιοι,
3549 2868 3714 2938 ἤγουν

2141 2961 2249 3014 τῶν
2286 2960 2377 3014 δύο
2405 2959 2686 3030 Διαθηκῶν
2723 2960 2830 3013 τῶν
2858 2958 3251 3030 ὲκατονταχοῦς
3285 2959 3394 3027 (55)
3425 2957 3719 3025 ἐκϐλαστή-

2146 3068 2338 3114 σαντες
2370 3051 2602 3122 καρπὸν,
2631 3051 2774 3105 οὕτω
2798 3050 2891 3105 καὶ
2923 3051 3113 3113 ἄλλους
3144 3049 3407 3121 κρίνουσι,
3452 3048 3593 3102 κατὰ
3627 3049 3718 3101 τὸν

2159 3137 2514 3192 ’Δπόστολονο
2559 3156 2577 3189 ι
2608 3138 2671 3191 El
2703 3139 2760 3191 ὲν
2808 3138 2938 3209 ὑμῖν
2982 3137 3225 3207 κρίνεται
3282 3137 3311 3188 ὀ
3363 3136 3586 3205 κόσμος,
3621 3136 3724 3187 οὐκ

2149 3229 2345 3292 οἴδατε,
2400 3228 2481 3281 ὅτι
2529 3228 2623 3281 καὶ
2662 3227 2923 3296 ἀγγέλους
2975 3227 3289 3298 κρινοῦμεν,
3344 3227 3536 3298 μήτιγε
3589 3225 3721 3296 βιω-

2151 3320 2279 3373 τικά
2302 3336 2350 3385 ;ι

2224 3412 2414 3478 ΣΜΕΓ.
2454 3411 2544 3463 Στ.
2589 3410 2675 3479 ιγ’.
2716 3409 2778 3463 '0
2805 3409 3140 3479 καθήμενος
3165 3409 3236 3461 ἐν
3276 3407 3510 3472 κήποις.

2225 3500 2547 3571 Καθήμενον
2568 3502 2624 3554 ὲν
2646 3501 2842 3572 κήποις
2873 3496 3026 3571 οἶμαι
3059 3500 3234 3568 λέγειν
3280 3498 3377 3569 τὴν
3429 3496 3724 3551 ἐπισκόπου

2156 3591 2423 3661 καθέδραν
2462 3591 2752 3662 είληφότα’
2800 3591 2892 3644 καὶ
2936 3591 3162 3655 πολλοὺς
3210 3592 3440 3662 κήπους,
3480 3587 3726 3642 τουτέστι

2156 3681 2254 3745 τὰς
2294 3681 2637 3752 Ἐκκλησίας,
2669 3682 3122 3752 πεπιστευμένον.

2229 3774 2401 3827 ΣΜΖ’.
2440 3772 2690 3841 Ἑταῖροι
2733 3772 3155 3841 προσέχοντες.

2229 3867 2292 3918 0i
2319 3864 2508 3918 τούτου
2552 3864 2802 3936 συνεργοὶ⁵
2848 3862 3230 3934 πρεσόύτεροι,
3281 3862 3374 3916 καὶ
3413 3864 3461 3915 οἱ
3492 3862 3593 3931 τῆς
3625 3863 3734 3915 λει-

487 3965 767 4020 nisterium
801 3973 1128 4034 acceperunt
1167 3964 1402 4031 diaconi,
1435 3983 1453 4018 ι
1479 3964 1536 4020 In
1568 3966 1895 4022 conscientia
1923 3980 2045 4036 pura

2160 3957 2415 4027 τουργίας
2452 3955 3075 4027 συναντιλαμδανόμενοι
3121 3954 3389 4017 διάκονοι,
3434 3972 3453 4005 ι
3505 3955 3593 4006 Ἐν
3637 3970 3737 4006 κα-

487 4054 801 4125 mysterium
839 4052 1040 4107 Christi
1086 4054 1450 4110 custodientes
1474 4055 1516 4109 '.
1551 4074 1569 4108 ι
1610 4055 1741 4109 Nam
1774 4055 2045 4124 disciplin:

2164 4047 2308 4119 θαρᾷ
2343 4046 2644 4118 συνειδήσει
2681 4048 2741 4101 τὸ
2785 4047 3083 4118 μυστήριον
3113 4042 3210 4099 τοῦ
3251 4044 3490 4118 Χριστοῦ
3526 4044 3727 4115 φυλάτ-

485 4158 582 4214 per
634 4144 731 4198 hos
786 4158 975 4199 omnes
1019 4143 1274 4200 Ecclesia:
1329 4145 1550 4210 tradita,
1601 4144 2045 4215 quemadmodum

2162 4156 2365 4203 τοντες.
2382 4158 2399 4190 ι
2426 4138 2525 4192 Διὰ
2550 4139 2659 4210 γὰρ
2682 4140 2902 4214 πάντῳν
2930 4140 2964 4210 ἡ
2995 4137 3311 4191 διδασκαλία
3336 4141 3403 4210 τῇ
3446 4136 3736 4209 Ἐκκλησία

488 4241 696 4302 hortus,
739 4236 995 4306 irrigatur
1036 4235 1370 4290 salutaribus
1414 4237 1717 4305 prmeeptis.
1767 4236 2045 4307 Propterea

2165 4230 2593 4302 παραδιδομένη,
2641 4230 2891 4304 καθάπερ
2923 4231 3119 4302 κῆπος,
3145 4230 3427 4302 ἀρδεύεται
3455 4229 3737 4301 σωτηρίοις

486 4330 648 4383 etiam
683 4327 814 4382 dicit
843 4345 857 4381 :

559 4417 878 4474 CCXLVIII.
922 4418 1107 4473 Vocem
1136 4428 1283 4474 tuam
1306 4418 1543 4473 auditam
1565 4418 1650 4485 [ac
1676 4419 1824 4474 mihi.

563 4511 665 4567 Per
697 4512 795 4567 hos
836 4511 979 4567 enim
1022 4511 1272 4567 Christus
1317 4511 1505 4567 audire
1537 4510 1664 4566 facit
1693 4511 1946 4568 Ecclesize
1970 4528 2063 4569 νο·
2098 4545 2141 4600 ο

492 4620 607 4661 cem
636 4618 810 4659 suam.

563 4692 837 4764 CCXLIX.
871 4691 1039 4763 Fuge,
1069 4694 1325 4766 patruelis
1361 4710 1503 4748 meus
1530 4733 1545 4758 ,
1577 4702 1625 4748 et
1652 4694 1949 4750 assimilare
1978 4711 2067 4749 ca-

495 4799 631 4853 prece
672 4794 761 4838 aut
788 4783 1010 4838 hinnulo
1039 4799 1311 4839 cervorum
1345 4784 1413 4836 ad
1452 4793 1649 4838 montes
1687 4783 1922 4839 vallium.

2167 4321 2477 4392 διδάγμασι.
2505 4322 2596 4375 Διὸ
2621 4322 2714 4375 καὶ
2734 4321 2902 4391 λέγει·

2242 4417 2422 4471 ΣΜΗ’.
2457 4414 2576 4483 Τὴν
2596 4415 2805 4485 φωνήν
2830 4415 2941 4487 (56)
2966 4432 3084 4471 σου
3114 4414 3440 4470 ἀκούτισόν
3456 4428 3595 4482 μου.

2242 4506 2341 4559 Διὰ
2372 4506 2480 4578 γὰρ
2527 4507 2730 4561 τούτων
2767 4508 3042 4573 ἀκοντίζει
3086 4507 3181 4578 τὴν
3224 4505 3407 4577 φωνὴν
3451 4505 3619 4559 αὑτοῦ
3676 4506 3741 4575 τῇ

2186 4598 2481 4670 Ἐκκλησία
2507 4600 2536 4653 ὁ
2571 4601 2823 4672 Χριστός.

2243 4691 2419 4743 ΣΜΘΗ
2457 4692 2633 4761 Mrs,
2678 4692 2963 4762 ἀδελφιδέ
3003 4712 3146 4765 μου,
3192 4692 3292 4748 καὶ
3332 4691 3640 4763 όμοιώθητι
3671 4688 3742 4758 τῇ

2174 4779 2437 4851 δορκάδι,
2466 4783 2504 4852 ἢ
2533 4783 2613 4850 τῷ
2652 4784 2839 4855 νεϐρῷ
2859 4784 2977 4839 τῶι·
3000 4785 3244 4855 ἐλάφων
3266 4784 3506 4854 ἐπὶίὸρη
3533 4784 3742 4838 κοιλω-

2170 4870 2374 4941 μάτων
2396 4874 2529 4942 (57).

585 5031 603 5064 ⁸
635 5000 774 5085 Psal.
811 5042 885 5093 st,
916 5026 969 5081 7.
1057 5026 1078 5068 ἓ
1116 5022 1259 5080 Psal.
1293 5036 1465 5086 χχιιι,
1502 5019 1590 5075 18.
1660 5020 1680 5052 ³
1708 5018 1865 5077 Joan.
1898 5036 1950 5088 v,
1979 5022 2045 5075 22

2146 5023 2166 5055 ⁸
2191 5022 2213 5079 I
2241 5023 2366 5115 Cor.
2399 5040 2469 5090 \‘l,
2502 5026 2558 5089 Ω,
2594 5028 2643 5081 5.
2716 5028 2736 5059 ³
2776 5026 2957 5083 ΙΤίιιι.
2981 5043 3064 5094 ιιι,
3094 5028 3147 5087 9.

572 5193 686 5262 (5‘2)
729 5190 820 5245 Sic
862 5187 1076 5265 Cumpl.
1134 5185 1309 5265 Editio
1340 5183 1625 5265 _V_atica'na
1692 5181 1853 5265 habet
1902 5183 2075 5265 άργυ-

505 5255 644 5334 ρίου.
666 5255 679 5262 ⁷
702 5275 863 5331 quam
899 5255 1202 5315 lectionem
1250 5255 1454 5311 habuit
1489 5255 1651 5309 etiam
1707 5263 1863 5308 vetus
1904 5255 2075 5310 inter-

501 5348 644 5405 ννθὲτ

571 5402 686 5472 (55)
714 5400 857 5472 Inter
892 5396 1026 5472 ἐμοῦ
1060 5406 1117 5472 et
1156 5393 1421 5472 οφθαλμοί
1455 5394 1646 5472 lacuna
1694 5394 1987 5472 interjacet
2021 5393 2073 5447 in

503 5462 624 5528 meo
668 5462 813 5524 'cod.
862 5462 1119 5524 et'Barb.
1164 5462 1297 5523 Cod.
1335 5462 1547 5519 'Mutin.
1619 5465 1781 5518 habet
1841 5462 2075 5517 ὶνώπιον

502 5541 636 5615 ἐμοῦ
666 5542 731 5615 τῇ
765 5539 955 5615 ἀγάπῃ
989 5537 1084 5591 καὶ
1116 5539 1185 5608 τῇ
1212 5534 1454 5606 φιλανίᾳ.
1504 5534 1761 5604 Suspicor
1788 5533 2070 5604 legendum

504 5608 630 5683 φίλα
638 5611 695 5666 νθ
703 5608 903 5683 fiatfiat.

2182 5184 2440 5241 articulus
2467 5196 2732 5247 vetustate
2760 5187 2965 5245 deletus
3016 5197 3138 5245 est:
3168 5188 3221 5245 in
3266 5201 3387 5243 meo
3418 5187 3509 5256 qui
3543 5187 3744 5253 videtur

2181 5256 2485 5328 exscriptus
2538 5273 2602 5312 ex
2646 5256 2871 5314 Barber.
2919 5258 3171 5313 librarius
3224 5258 3442 5327 reliquit
3494 5259 3746 5328 exiguum

2180 5326 2435 5400 spatium.
2459 5327 2520 5400 ιη
2547 5337 2773 5400 utroque
2802 5328 3186 5400 ἐκατονταχοῢ.

2251 5395 2363 5467 (56)
2396 5395 2738 5470 Edit._\'atlc.
2763 5401 2828 5470 τῇ
2880 5395 3139 5470 φιιινῇ,ξίιι
3172 5411 3276 5470 qua
3301 5396 3534 5470 editione
3563 5410 3747 5470 versus

2181 5465 2270 5520 hic
2302 5465 2358 5520 et
2381 5466 2631 5536 superior
2657 5466 2735 5521 sic
2772 5465 3189 5538 interpungitur,
3220 5468 3430 5538 ἑταῖροι
3456 5465 3740 5537 προσέχον-

2178 5538 2358 5609 τες-τῇ
2386 5539 2536 5609 φωνῇ
2574 5553 2690 5609 σου,
2716 5537 3000 5609 ἁκούτισργ
3030 5537 3119 5609 με.

2247 5604 2469 5681 (57)_Sic
2487 5604 2608 5681 eod.
2632 5607 2923 5681 Alexandr.
2949 5604 3146 5681 Verum
3162 5607 3322 5681 APbilo
3348 5604 3760 5681 inexplanatio-

573 5664 809 5751 (δυ’Τῷ
835 5664 964 5751 illi».
1014 5676 1106 5751 Si_c
1120 5676 1409 5751 emendavi
1467 5690 1530 5730 ex
1566 5674 1685 5730 cod.
1719 5671 1908 5727 Mutin.
1937 5670 2072 5728 Maio
2175 5664 2437 5751 ne‘bujus
2470 5676 2720 5751 versiculi
2745 5677 3081 5751 recognoscit
3102 5679 3266 5751 etiam
3296 5664 3581 5732 lectionem
3604 5675 3746 5747 ἀρω-

505 5745 735 5808 ῐιιοιιεθι
764 5749 984 5805 Barbet‘.
1019 5746 1097 5817 τῷ
1120 5745 1393 5816 Σαλομῶν,

582 5822 689 5887 (55)
717 5819 791 5874 lla
820 5817 1007 5876 Mutin.
1038 5811 1178 5905 Lege
1211 5811 1297 5871 =8»
1326 5814 1735 5888 ὲκατονταχοῦν.
1768 5811 1823 5869 In
1852 5811 2070 5875 Butlter.

2182 5745 2384 5815 μάτων,
2427 5760 2586 5814 quam
2616 5744 2778 5802 habet
2807 5744 3066 5804 Vaticana
3100 5747 3283 5805 editio.
