4038 6134
408 276 509 342 ἰθι
1570 290 1687 357 ra.
1725 290 2112 364 Countrtsn
2156 297 2547 369 PREFATIO.
3578 330 3682 384 ιω

414 425 612 480 Asterii
639 442 1009 501 suppetereut,
1048 440 1230 490 verum
1263 437 1427 491 etiam
1461 452 1665 501 vetera,
1710 460 1773 499 ac
1798 445 1910 515 jam
1949 447 2088 501 edita
2120 447 2173 501 in
2201 464 2365 502 unum
2407 452 2628 506 collecta
2658 466 2851 525 corpus
2884 471 2948 513 ac
2972 463 3271 534 'recognita,
3300 466 3441 533 juris
3476 471 3677 540 publici

416 516 645 540 11.----.“
692 534 763 540 _-,
962 527 974 540 ι
1403 530 1436 540 ι.
1462 532 1473 540 .
1536 533 1547 540 .
1588 534 1598 540 .

416 516 650 575 facerem
686 534 848 593 atque
888 527 1199 595 vulgarem:
1232 543 1337 596 quo
1372 530 1473 584 sibi
1517 533 1769 604 deinceps
1806 546 1988 592 tantus
2030 550 2305 595 constaret
2344 540 2524 608 Pater,
2560 561 2664 600 non
2721 550 2896 616 qualis
2936 553 3050 622 ipse
3087 555 3213 609 olim
3257 558 3458 614 relictis
3476 516 3676 617 Imonu-

416 611 615 666 meutis
643 611 942 679 habuisset,
974 618 1067 670 sed
1101 617 1274 687 qualis
1303 619 1421 675 fere
1450 630 1571 691 post
1612 632 1692 677 tot
1731 625 1950 695 smnia,
1987 643 2091 682 non
2128 629 2312 697 paucis
2346 629 2543 699 injuria
2578 641 2879 703 temporum
2909 611 3124 699 amissis
3166 660 3381 702 suarum
3421 649 3679 707 lucubra—

415 704 644 773 tionum,
684 715 774 761 aut
809 708 967 778 plane
994 710 1260 777 obscuris,
1305 714 1461 769 nobis
1501 715 1682 769 habet.
1732 715 1865 783 Quis
1905 720 2049 774 enim
2089 719 2360 785 Photium,
2394 738 2672 779 sermones
2716 727 2913 783 Asterii
2953 734 3279 804 relegentem
3312 755 3376 793 ac
3407 741 3678 797 dellorau-

415 806 541 861 tem,
579 797 790 867 legens;
831 803 1158 874 nostrisque,
1193 819 1297 875 qua
1338 808 1510 872 novis,
1562 824 1663 878 qua
1704 821 1860 864 antea
1893 811 2075 876 editis,
2117 814 2164 864 ei
2208 813 2343 869 lecta
2385 831 2731 885 componens,
2769 821 2819 873 in
2859 824 3053 892 quibus
3100 830 3185 883 vix
3231 847 3335 886 una
3376 845 3467 889 aut
3505 837 3678 901 altera

407 886 659 955 bomilia,
685 891 916 946 decades
951 895 1123 948 amba:
1150 896 1504 962 conveniant,
1553 912 1655 954 non
1696 900 1845 971 plura
1889 902 2002 972 ejus

2085 904 2159 958 )di
2210 907 2376 974 ipsius
2413 909 2527 963 sive
2568 886 2896 981 ἑορταστικᾶ
2929 919 3042 974 sive
3079 920 3382 995 ἐξηγητικά

418 983 735 1047 pervideat?
777 974 995 1043 Lubens
1029 1004 1178 1060 ergo,
1220 1005 1327 1059 quo
1368 1001 1422 1045 et
1464 992 1695 1049 residuis
1734 996 1852 1050 istis
1890 996 1940 1049 in
1978 1005 2253 1066 posterum
2286 1009 2503 1055 cautum
2545 1004 2635 1068 sit,
2678 1004 2995 1079 lruaturque
3032 974 3341 1074 Christiana
3376 1024 3678 1093 reSpublira

410 1073 494 1129 vel
524 1075 765 1143 tantillis,
793 1081 971 1147 magni
991 1082 1124 1138 adeo
1149 1098 1211 1138 ac
1238 1082 1534 1142 Christiani
1568 1087 1803 1144 rhetoris
1835 1089 2194 1160 theologique,
2230 1093 2461 1157 exuviis,
2490 1096 2630 1150 votis
2655 1099 2955 1157 amicorum
2989 1109 3150 1175 cessi,
3179 1126 3241 1166 ac
3276 1073 3494 1170 manuni
3523 1121 3675 1188 operi

407 1169 655 1237 admovi;
693 1174 1038 1245 primumque
1070 1177 1207 1247 ejus,
1246 1178 1296 1233 in
1332 1195 1452 1235 meo
1490 1181 1592 1236 hoc
1631 1197 1943 1237 sermonum
1993 1181 2256 1253 ejusmodi
2292 1201 2356 1241 ac
2395 1188 2737 1245 bomiliarum
2779 1196 3103 1255 selectarum
3142 1204 3420 1274 fasciculo,
3451 1169 3677 1279 quorvix

405 1263 544 1319 alius
585 1267 864 1344 antiquior
897 1282 1233 1335 occurreret,
1282 1273 1458 1329 locum
1505 1273 1669 1329 volui.
1722 1276 1956 1348 Philippi
2007 1279 2234 1336 Rubenii
2273 1282 2539 1337 editarum
2588 1285 2826 1355 quinque
2859 1292 3167 1348 orationum
3219 1302 3415 1363 versio,
3463 1309 3676 1360 tametsi

404 1355 626 1422 elegans
657 1372 722 1413 ac
753 1360 986 1425 erudita,
1029 1362 1301 1418 nonnullis
1331 1372 1509 1419 tamen
1553 1365 1664 1421 visa
1693 1375 1776 1421 est
1807 1367 1986 1421 minus
2015 1383 2272 1439 expressa
2300 1387 2314 1424 :
2345 1373 2696 1440 quamobrem
2746 1376 2940 1449 indulsi
2974 1382 3124 1446 mihi,
3157 1395 3214 1439 ιιι
3250 1386 3337 1442 illo
3371 1391 3483 1461 ejus
3522 1405 3681 1448 utens

397 1448 609 1515 iabore,
646 1465 709 1506 ac
742 1467 808 1507 eo
835 1468 919 1507 me
945 1455 1128 1510 multis
1165 1456 1409 1525 adjutum
1440 1472 1776 1528 agnoscens,
1811 1459 1961 1514 velut
1999 1476 2192 1518 novam
2228 1482 2295 1520 ex
2334 1483 2396 1522 ea
2431 1468 2736 1523 versionem
2771 1471 2903 1526 mihi
2943 1474 3284 1535 adornarem.

471 1542 647 1600 Porro
676 1547 1011 1615 prazfandum
1048 1547 1251 1618 aliquid
1292 1550 1359 1604 de
1397 1560 1622 1605 auctore
1653 1550 1946 1615 videretur,
1978 1562 2036 1607 ιιι
2072 1555 2303 1611 certiora
2338 1558 2515 1628 aliqua
2551 1572 2896 1617 monumenta
2927 1577 3221 1624 exstarent.
3255 1572 3313 1626 ιι.
3354 1573 3414 1629 Ρ.
3443 1577 3680 1636 lacubus

405 1637 734 1694 Sirmuudus
762 1639 815 1693 in
851 1640 999 1696 calce
1024 1642 1106 1694 sui
1130 1642 1352 1705 codicis,
1389 1642 1503 1697 liaac
1525 1658 1556 1696 a
1596 1642 1789 1699 Ducam
1818 1646 2019 1714 collega
2050 1648 2365 1706 doetissimo
2393 1653 2560 1715 edita,
2585 1666 2680 1706 sua
2718 1669 2878 1708 manu
2925 1658 3238 1715 adnotarat.
3273 1664 3468 1720 Auctor
3486 1672 3674 1727 harant

400 1733 632 1802 quinque
672 1732 975 1787 orationum
1015 1730 1252 1787 Asterius
1286 1733 1525 1786 Amasea:
1572 1731 1755 1789 Ponti.
1798 1733 1888 1790 Sic
1927 1737 2064 1790 enim
2098 1743 2291 1794 citatur
2323 1743 2377 1795 in
2409 1758 2442 1796 ιι
2478 1748 2675 1814 synodo
2706 1747 2930 1803 Nictena
2965 1754 3168 1808 actione
3204 1756 3256 1817 6,
3287 1774 3443 1815 scrm.
3485 1763 3535 1815 in
3572 1765 3676 1818 La—

402 1839 589 1879 zarum
627 1834 683 1878 et
728 1825 971 1880 divitem.
1031 1822 1173 1879 Vixit
1219 1840 1359 1877 anno
1403 1822 1598 1877 Christi
1646 1825 1771 1891 400,
1807 1838 1859 1880 ut
1904 1827 2147 1899 colligere
2176 1842 2252 1886 est
2294 1849 2360 1886 ea:
2398 1839 2634 1891 oratione
2679 1839 2750 1894 De
2780 1839 3055 1897 Kalendis.
3096 1843 3348 1914 Ejusdem
3384 1855 3555 1906 oratio
3584 1873 3672 1908 seu

401 1918 672 1988 ἐκφρασις
707 1919 761 1973 in
789 1918 1144 1989 Euphemiam
1178 1928 1468 1988 martyrem
1489 1919 1764 1983 laudatur,
1795 1931 1842 1975 et
1881 1936 1945 1975 ea:
1974 1933 2124 1992 parte
2151 1926 2465 1980 describitur
2500 1930 2551 1982 in
2583 1933 2763 1985 eadem
2797 1936 2995 2002 synodo
3029 1946 3133 1991 act.
3169 1937 3203 1991 4
3225 1950 3272 1993 et
3313 1941 3365 1996 6.
3402 1944 3671 2001 Adrianus

399 2016 660 2064 secundus
700 2010 792 2063 lib.
836 2011 909 2066 De
938 2011 1285 2082 imaginibus.
1315 2009 1663 2079 Reprehensio
1701 2030 1816 2082 cap.
1849 2014 1939 2080 Μ,
1985 2018 2040 2071 in
2072 2010 2185 2071 ‘act.
2228 2018 2281 2076 4.
2314 2020 2466 2086 Quod
2491 2022 2698 2091 judices
2739 2027 2830 2095 qui
2864 2029 2917 2081 in
2947 2029 3175 2097 praefata
3207 2037 3405 2103 synodo
3437 2040 3676 2107 fuerunt,

399 2102 688 2157 insolenter
712 2113 763 2158 et
802 2105 1086 2175 incongrue
1123 2116 1288 2161 artem
1324 2107 1601 2174 pictoriam
1630 2109 1880 2164 extollere
1909 2113 2086 2165 conati
2128 2122 2271 2179 sunt,
2318 2117 2548 2172 dicentes
2581 2136 2599 2174 :
2634 2118 2735 2174 Pia
2783 2133 2858 2176 est
2906 2140 2993 2177 ars
3031 2125 3270 2194 pictoris,
3319 2139 3369 2183 et
3409 2148 3511 2186 non
3543 2145 3676 2189 recte

396 2196 613 2265 quidam
647 2211 764 2249 eam
798 2196 1103 2264 insipienter
1150 2198 1454 2253 detrahunt.
1496 2197 1780 2267 Responsio
1811 2216 1830 2255 :
1858 2200 2079 2255 Beatum
2116 2204 2380 2261 Asterium
2420 2219 2529 2263 toto
2568 2208 2784 2266 Oriente
2831 2225 3071 2270 sanctum
3112 2220 3325 2285 habent,
3367 2233 3415 2277 et
3459 2224 3582 2278 dum
3612 2230 3677 2282 de

398 2289 560 2357 gestis
585 2300 787 2344 sancta:
816 2288 1123 2361 Euphemiw
1150 2309 1439 2347 sermonem
1468 2294 1696 2363 fecisset,
1726 2294 1963 2349 laudavit
1987 2295 2102 2364 ejus
2136 2301 2471 2368 martyrium,
2504 2303 2636 2357 sicut
2660 2323 2752 2375 per
2774 2308 3009 2361 ordinem
3036 2310 3237 2366 uiderat
3264 2313 3396 2368 illud
3423 2316 3675 2384 liquidius

398 2382 618 2449 pictum.
658 2383 788 2450 Qua:
828 2384 1048 2453 quidem
1089 2386 1244 2450 satis,
1282 2402 1403 2440 cum
1437 2387 1808 2456 episcopatum
1855 2397 1966 2441 tum
2002 2389 2213 2444 titulum
2246 2395 2553 2451 sanctitatis
2599 2399 2884 2454 videantur
2927 2403 3141 2457 Asterio
3175 2417 3360 2461 nostro
3387 2424 3671 2478 asserere;

398 2490 508 2529 non
541 2474 682 2530 forte
726 2485 909 2533 tamen
942 2478 1098 2543 satis,
1130 2478 1220 2532 uni
1258 2494 1322 2532 ac
1348 2479 1523 2534 eidem
1555 2479 1788 2544 Asterio,
1833 2480 1951 2549 ejus
1993 2484 2196 2538 nomini
2240 2486 2499 2557 inscripta
2543 2491 2746 2553 onmia,
2787 2506 2851 2546 ac
2887 2493 3164 2551 Asterium
3208 2499 3449 2554 Amasea:
3480 2505 3673 2569 ργωιε-

400 2568 606 2632 rentia,
635 2570 932 2625 vindicare.
965 2571 1108 2625 Sane
1139 2570 1199 2627 S.
1237 2570 1571 2640 Nicephorus
1612 2573 1981 2631 Antirrbetico
2018 2576 2074 2640 2,
2101 2594 2225 2633 cum
2259 2580 2549 2647 respondet
2580 2581 2696 2635 loco
2722 2582 2795 2636 illi
2825 2599 2891 2638 ex
2923 2600 3174 2643 sermone
3211 2591 3260 2643 in
3290 2591 3463 2645 locum
3499 2594 3675 2648 Evan-

400 2662 526 2731 gelii
556 2660 711 2716 Lucae
737 2664 800 2719 de
830 2662 1040 2717 Lazaro
1074 2673 1127 2718 et
1159 2664 1344 2728 divite,
1391 2665 1482 2735 qui
1514 2665 1546 2719 6
1581 2666 1667 2720 illa
1711 2677 1817 2722 act.
1853 2683 1892 2722 ιι
1925 2684 1986 2740 sy

2080 2671 2115 2723 li
2159 2669 2377 2725 Nicena:
2407 2672 2665 2742 objicitur
2698 2692 2710 2728 :
2748 2677 2840 2749 Μὴ
2875 2677 3055 2749 γράφε
3086 2679 3177 2735 τὸν
3218 2682 3451 2754 Χριστὸν
3484 2686 3675 2759 (ἀρκεῖ

399 2752 510 2823 γὰρ
550 2750 697 2820 αὐτῷ
751 2754 783 2822 ἠ
823 2751 920 2822 μία
973 2751 1074 2822 τῆς
1123 2751 1565 2823 ἐνσωματώσεως
1609 2756 2100 2829 ταπεινοφροσύνῃ,
2141 2758 2207 2829 ἢν
2239 2758 2580 2832 αὐθαιρέτως
2620 2763 2687 2817 δι’
2731 2767 2879 2836 ἡμᾶς
2918 2750 3304 2842 κατεδέξατοῇ
3341 2774 3433 2829 ἐπὶ
3479 2750 3674 2849 δὲ’τῆς

394 2844 578 2916 ψυχῆς
616 2862 705 2898 σου
750 2845 1033 2915 βαστάζων
1072 2844 1277 2917 νοητῶς
1306 2846 1396 2900 τὸν
1431 2846 1723 2920 ἀσώματον
1770 2850 1966 2919 Λόγον,

2079 2852 2303 2924 ερίφερε.
2350 2852 2478 2908 Noli
2524 2857 2736 2927 pingere
2777 2861 3087 2917 Christum:
3124 2866 3253 2919 satis
3298 2869 3435 2921 enim
3481 2870 3562 2922 illi
3599 2844 3674 2922 est

396 2954 502 2989 una
527 2936 623 2989 illa
649 2935 872 3005 abjectio
904 2937 1158 3002 assumpti
1184 2938 1440 3004 corporis,
1481 2954 1638 3007 quam
1678 2950 1857 3007 sponte
1880 2940 2048 2994 nostri
2077 2958 2240 2996 causa
2267 2946 2492 3014 suscepit
2535 2961 2553 2998 .'
2582 2950 2710 3020 quin
2744 2952 2974 3018 spiritali
3001 2956 3204 3010 ratione
3244 2955 3463 3012 Verbum
3495 2962 3673 3015 incor-

390 3042 608 3095 poreum
649 3036 861 3095 gestans
903 3027 1102 3091 animo,
1151 3027 1432 3095 circumfer
1446 3047 1466 3095 ,-
1496 3039 1778 3099 postquam
1818 3032 2005 3089 multis
2043 3050 2232 3089 sanam
2265 3036 2465 3091 Asterii
2504 3053 2737 3095 mentem
2774 3043 2944 3099 fusius
2990 3049 3161 3103 relato
3207 3051 3325 3120 ejus
3365 3055 3673 3110 testimonio

392 3117 759 3185 explicasset,
797 3120 1070 3173 Asterium
1110 3121 1450 3188 postmodum
1495 3123 1709 3177 Asterio
1745 3136 2044 3192 apponens,
2079 3126 2281 3193 hzeret,
2328 3130 2655 3200 omninoque
2691 3133 3086 3205 incompertum
3134 3141 3332 3197 habere
3375 3146 3669 3213 signiﬁcat,

396 3209 611 3264 idemne
643 3209 893 3264 Asterius
925 3224 1114 3265 auctor
1141 3212 1373 3266 exsistat
1399 3212 1642 3281 praefata:
1675 3217 1939 3270 orationis
1966 3217 2019 3270 in
2046 3215 2311 3271 Lazarum
2344 3233 2391 3273 et
2420 3223 2657 3285 divitem,
2690 3240 2752 3279 ae
2782 3229 3047 3283 orationis
3073 3232 3126 3283 in
3164 3232 3614 3289 hwmorrhousam
3641 3254 3662 3290 :

398 3294 722 3371 Ἔπομένως
766 3301 823 3354 δὲ
849 3301 1078 3366 τούτοις,
1113 3302 1353 3373 εἰσήχθω
1392 3303 1554 3357 πάλιν
1595 3305 1888 3377 Ἀστέριος.
1927 3308 1993 3361 Εἰ
2034 3308 2132 3378 μὲν
2167 3308 2321 3381 παρὰ
2360 3311 2452 3363 τὸν
2497 3314 2555 3364 ὲν
2588 3316 2778 3385 χερσὶν
2826 3316 3034 3389 ἕτερος,
3067 3321 3100 3389 ἡ
3135 3320 3365 3390 ἀλήθεια
3398 3324 3565 3397 εἰδείη
3603 3326 3669 3379 ἆν

386 3398 552 3467 μόνη,
590 3398 753 3467 ἡμεῖς
781 3396 838 3451 δὲ
866 3395 1017 3449 οὐδὲν
1041 3395 1302 3465 τούτουγε
1331 3396 1517 3451 ἕνεκεν
1544 3398 1855 3470 διοισόμεθα
1876 3418 1890 3432 ο
1927 3403 1977 3455 si
2014 3402 2071 3456 δὲ
2100 3405 2130 3457 ὁ
2154 3403 2317 3469 αὐτὸς
2350 3400 2503 3470 οὗτός
2529 3407 2700 3473 ἐστιν,
2737 3410 2963 3464 αὐτόθεν
2991 3414 3102 3477 τοῖς
3125 3414 3348 3478 οἰκείοις
3373 3395 3671 3490 τοξεύμασι

386 3492 796 3563 βαλλέσθωσαν,
835 3493 929 3546 καὶ
964 3490 1166 3562 βολίσιν
1206 3490 1409 3557 ὀξείαις
1446 3493 2026 3564 τραυματιζέσθωσαν,
2080 3497 2177 3551 καὶ⁴
2230 3499 2340 3553 τῶν
2382 3499 2762 3573 ἐξευρημένων
2803 3504 3214 3576 μηχανημάτων
3246 3507 3347 3570 τὰς
3379 3510 3670 3579 σφενδόνας

385 3586 759 3659 δεχέσοωσαν,
787 3582 883 3637 καὶ
907 3601 959 3636 τ.
996 3584 1042 3637 ὲ.
1077 3581 1153 3636 Iis
1176 3594 1564 3653 consequenter,
1597 3601 1713 3655 quia
1735 3588 1874 3640 dicta
1913 3601 2053 3651 sunt,
2091 3591 2376 3646 inducatur
2406 3609 2614 3648 rursum
2653 3596 2912 3653 Asterius.
2945 3600 3018 3654 Ac
3046 3603 3274 3672 quidem,
3301 3621 3423 3659 num
3459 3608 3502 3661 is
3530 3610 3667 3664 a.’ius

382 3683 479 3745 sit,
514 3691 707 3748 prater
727 3694 843 3730 eum
868 3677 958 3746 qui
982 3676 1038 3729 in
1067 3676 1307 3729 manibus
1341 3685 1600 3741 rersatur,
1642 3678 1753 3732 sola
1798 3680 1986 3735 ueritas
2021 3682 2236 3736 nouerit.
2280 3682 2394 3738 Nos
2435 3701 2554 3740 vero
2591 3688 2721 3741 nihil
2760 3689 2918 3759 hujus
2953 3692 3030 3746 rei
3060 3695 3234 3762 gratia
3274 3697 3667 3754 contendentus.

388 3773 544 3839 Quod
574 3772 621 3824 si
659 3771 757 3823 iste
791 3769 928 3823 idem
962 3768 1070 3837 ipse
1092 3778 1192 3832 est,
1218 3767 1341 3820 inde
1367 3769 1476 3821 suis
1510 3769 1609 3836 ipsi
1625 3769 1823 3837 jaculis
1849 3770 2129 3840 feriantur,
2169 3790 2231 3827 ac
2259 3777 2427 3829 acutis
2461 3778 2747 3834 missilibus
2790 3785 3114 3848 sancientur,
3163 3787 3669 3861 adinventarmnque

385 3867 754 3919 machinarum
784 3864 959 3932 jactus
986 3863 1273 3926 excipiant.
1308 3863 1506 3917 Eodem
1548 3863 1662 3920 fere
1704 3868 1864 3921 modo
1892 3867 2197 3925 Antirrhet.
2237 3871 2295 3932 5,
2336 3872 2503 3927 misso
2540 3872 2708 3929 Roma
2741 3889 2999 3949 cscerpto
3044 3896 3070 3931 a
3117 3880 3294 3936 Leone.
3339 3885 3557 3950 Allatio,
3606 3901 3671 3942 ac

386 3962 508 4017 loco
545 3959 903 4016 commodiori
939 3959 1170 4014 edendo.
1218 3958 1373 4025 Quod
1406 3976 1535 4031 ergo
1566 3961 1734 4015 tantis
1766 3963 2016 4031 superior
2045 3963 2387 4034 Nicephorus
2433 3968 2675 4037 ignotum
2719 3969 2928 4032 habuit,
2967 3986 3028 4026 ac
3079 3974 3184 4027 tale
3214 3975 3567 4043 existimavit,
3600 3988 3663 4031 ut

384 4052 590 4107 nemini
625 4053 763 4105 scitu
797 4048 960 4105 facile
993 4049 1287 4118 putaverit,
1345 4051 1486 4103 haud
1529 4065 1633 4120 ego
1674 4064 1760 4104 me
1788 4052 2002 4105 certius
2026 4054 2368 4122 promiserim
2405 4055 2845 4115 declaraturam:
2879 4065 3087 4116 tametsi
3113 4066 3290 4135 stylns
3347 4054 3543 4136 ubique
3579 4069 3663 4123 sui

383 4145 582 4201 similis
630 4154 796 4213 atque
852 4141 1102 4211 inprimis
1154 4142 1207 4195 in
1240 4139 1724 4209 descriptionibus,
1755 4142 2003 4198 eumdem
2036 4146 2236 4215 ubique
2273 4147 2448 4213 ipsum
2494 4150 2723 4204 suadeat
2755 4167 2770 4205 :
2806 4167 2910 4220 quo
2940 4167 2992 4207 et
3025 4155 3249 4209 letius
3281 4158 3479 4213 indicio
3514 4175 3667 4214 etilli-

382 4241 509 4295 dem
545 4238 791 4309 agnoscit
821 4238 910 4307 qui
941 4237 1081 4292 oculi
1107 4234 1379 4307 ἐκφρασιν
1415 4235 1468 4289 in
1519 4235 1745 4290 Joannis
1786 4236 2132 4306 Evangelium
2174 4242 2239 4291 de
2270 4254 2415 4294 Ctl'CO
2453 4250 2578 4294 nato
2610 4245 2939 4312 composuit,
2971 4255 3025 4300 et
3060 4249 3150 4315 qui
3179 4248 3325 4300 illam
3363 4249 3414 4302 in
3449 4250 3506 4304 S.
3556 4252 3663 4307 lina

384 4331 686 4402 phemiam,
717 4332 980 4386 insertam
1026 4331 1166 4385 actis
1215 4344 1289 4385 νιι
1336 4330 1548 4401 synodi.
1602 4328 1733 4385 Utut
1765 4329 1854 4393 sit,
1918 4329 2048 4383 nihil
2098 4339 2208 4383 toto
2257 4331 2357 4386 hoc
2400 4332 2744 4389 homiliarum
2785 4351 3029 4403 corpore,
3068 4339 3208 4407 quod
3239 4356 3344 4395 non
3377 4341 3663 4412 plurimam

383 4425 748 4493 eloquentiam
778 4441 901 4482 cum
930 4424 1045 4493 pari
1081 4426 1278 4495 pietate
1320 4423 1575 4478 exhibeat
1607 4438 1622 4476 :
1650 4424 1903 4492 quodque
1933 4422 2066 4476 adeo
2098 4440 2201 4475 non
2249 4436 2495 4480 sanctum
2541 4427 2689 4481 illum
2725 4428 3057 4482 Amasenum
3110 4431 3404 4499 Asterium,
3438 4436 3660 4499 referat,

384 4532 451 4572 ac
506 4518 795 4591 φιλάρετον
848 4519 1139 4584 Asterium,
1201 4515 1634 4591 quemgl’hotius
1690 4515 1980 4570 nominat:
2013 4516 2264 4571 nonnulla
2317 4519 2482 4572 etiam
2528 4519 2582 4573 in
2635 4534 2700 4575 eo
2733 4523 3095 4589 reperiuntur,
3153 4524 3442 4593 inquibus
3481 4528 3657 4595 palam

384 4612 621 4677 εὐσεϐεῖ,
656 4627 715 4666 ιιι
746 4611 985 4680 loquitur
1015 4610 1155 4665 idem
1192 4608 1437 4675 Pbotius,
1467 4622 1529 4662 ac
1564 4621 1624 4662 se
1664 4606 1732 4671 is,
1762 4606 2085 4661 Arianorum
2117 4618 2188 4662 ac
2222 4608 2610 4663 Anomoeorum
2651 4610 2861 4665 hostem
2908 4613 3235 4682 praecipuum
3279 4616 3516 4669 ostendit
3552 4634 3565 4670 :
3602 4628 3659 4670 ut

384 4720 507 4776 qua:
534 4719 670 4758 nova
703 4704 896 4757 damus
930 4716 997 4756 ex
1026 4700 1288 4756 Encomio
1318 4700 1371 4753 in
1404 4700 1682 4769 principes
1714 4698 2081 4767 apostolorum
2136 4697 2352 4751 Petrum
2389 4708 2439 4753 et
2470 4698 2717 4756 Paulum.
2765 4703 3012 4759 Asterius
3045 4704 3182 4759 alter
3202 4720 3360 4775 quem
3400 4706 3652 4765 factionis

379 4800 606 4854 Arianae
658 4797 1039 4868 philosophum
1087 4795 1242 4867 ponit
1290 4793 1673 4865 Hieronymus,
1714 4792 1900 4862 aitque
1941 4793 2229 4863 scripsisse
2266 4793 2366 4847 sub
2399 4791 2720 4849 Constantio
2748 4797 2803 4849 in
2846 4795 3132 4867 Epistolam
3176 4797 3244 4849 ad
3285 4792 3570 4862 Romanos,
3602 4801 3660 4852 in

384 4892 676 4962 Evangelia
707 4901 766 4946 et
797 4888 1058 4954 Psalmos,
1085 4887 1365 4959 antiquior
1387 4885 1490 4942 fuit
1518 4904 1534 4949 ;
1562 4900 1627 4940 ac
1654 4901 1829 4954 neque
1858 4886 1966 4949 hic,
1996 4885 2333 4940 admirabilis
2369 4885 2457 4943 ille
2486 4887 2733 4942 Asterius
2765 4887 2999 4952 videtur,
3035 4905 3192 4955 quiem
3231 4888 3659 4947 luculentissima

379 4985 556 5053 elogio
589 4982 967 5039 Tbeodoretus
991 4982 1049 5035 in
1087 4978 1383 5045 Philotheo,
1405 4995 1456 5033 c.
1484 4978 1542 5045 2,
1568 4977 1859 5042 describit;
1895 4976 2154 5046 quidquid
2190 4975 2415 5034 Photius
2446 4972 2741 5053 contendat
2773 4993 3027 5049 excerpta
3061 4979 3229 5032 Roma
3258 4981 3425 5034 misso
3453 4998 3466 5034 :
3496 4995 3658 5050 quem

384 5052 491 5131 nec
526 5076 694 5147 liquet
736 5073 910 5129 fuisse
953 5074 1266 5144 episcopum
1303 5082 1549 5140 :pratter
1599 5084 1761 5139 quem
1816 5077 1901 5122 est
1942 5069 2186 5122 Asterius
2225 5069 2364 5125 alius
2410 5052 2725 5147 ex’Ariano
2750 5073 3080 5125 orthodoxns
3107 5072 3394 5140 episcopus
3432 5088 3494 5126 ac
3529 5089 3658 5126 cona

383 5168 573 5233 fessor,
604 5167 785 5223 clarus
826 5165 986 5220 titulo
1018 5163 1322 5220 sanctitatis
1367 5178 1433 5217 ac
1464 5160 1693 5217 Romani
1736 5159 2107 5230 Martyrologii
2157 5161 2369 5216 tabuliai
2412 5158 2671 5229 ase'ﬁptus
2720 5162 3001 5217 Athanasii
3051 5160 3277 5231 mquaIis
3323 5178 3389 5217 ac
3440 5162 3657 5218 Eusebii

382 5263 760 5328 Vercelleusis,
800 5273 964 5332 quem
1015 5273 1119 5313 non
1168 5257 1340 5327 liquet
1386 5272 1454 5310 an
1499 5265 1849 5311 monumenta
1899 5253 2078 5321 aliqua
2125 5255 2440 5325 reliquerit.
2491 5258 2678 5317 Noster
2717 5272 2778 5313 se
2819 5257 3066 5313 Asterius
3100 5256 3317 5312 Juliano
3365 5273 3654 5326 supparem

380 5357 613 5412 ostendit
645 5363 786 5411 orat.
825 5353 1080 5410 adversus
1126 5351 1436 5415 avaritiam,
1469 5364 1591 5405 cum
1642 5356 1791 5403 uolat
1836 5346 2169 5416 superstites
2208 5347 2491 5416 plurimos,
2536 5354 2626 5423 qui
2670 5356 2741 5411 ab
2775 5361 2841 5413 eo
2875 5350 3077 5406 ἱηαιιθιῖ
3133 5350 3359 5405 fuissem
3395 5350 3462 5403 ad
3497 5349 3654 5403 ﬁdem

381 5448 701 5518 negandum.
