4038 6134
373 328 470 389 165

1396 312 1679 386 ‘ttottitagt
1711 322 1752 397 t,
1798 328 1881 385 DE
1925 316 2148 387 nt'VtTt:
2183 312 2266 388 E'l‘
2298 332 2593 387 LAZARO.

3506 341 3610 395 illi)

363 446 509 499 κεῑον
535 442 630 496 καὶ
658 438 810 511 ’φίλον
844 439 903 492 τὸ
932 441 995 510 τῇ
1018 437 1176 509 χρείᾳ
1204 438 1307 492 τῶν
1338 434 1654 507 ἀναγκαίων
1682 442 1779 511 τὴν
1817 442 1945 513 χρῆ-

2059 457 2119 496 ac
2151 442 2309 510 frugi,
2362 442 2634 511 proprium
2682 456 2745 495 ac
2804 440 3069 500 l'andliare
3118 455 3219 513 est,
3272 462 3391 502 cum
3432 465 3613 507 rerum

364 552 449 588 σιν
484 532 723 603 μετρεῖν·
775 530 998 598 φεύγειν
1025 529 1083 583 δέ
1114 528 1215 598 τῆς
1259 529 1488 599 ματαίου
1520 530 1821 596 κενοδοξίας
1853 533 1944 585 τὸν

364 623 653 696 συρφετὸν,
682 622 775 677 καὶ
790 625 888 695 τήν
909 624 1107 678 πλάνον
1134 626 1155 657 ³
1179 624 1474 697 διαγωγὴν,
1508 625 1583 689 ὡς
1615 625 1812 690 κακίας
1840 644 1946 697 μη-

362 715 519 786 τέρα.
564 715 674 767 Καὶ
701 714 790 768 ἵνα
815 714 1146 786 σαφέστερον
1171 713 1336 768 αὐτοῦ
1361 715 1553 768 τούτου
1593 714 1688 770 τοῦ
1721 716 1946 787 λεγομέ-

365 824 457 859 νου
506 803 606 876 τὴν
643 804 873 877 δύναμιν
924 804 1351 876 καταμάθωμεν,
1398 808 1431 877 ή
1467 806 1574 859 τῶν
1635 806 1945 877 ἐνδυμάτων

368 896 559 968 πρώτη
602 895 991 968 διαγνωσθήτω
1021 897 1240 967 χρῆσις,
1275 897 1436 968 μέχρι
1472 897 1638 951 πόσου
1681 898 1777 951 καὶ.
1801 897 1945 963 τίνος

366 986 875 1059 παραληφθήσεται,
907 989 1053 1059 ὅροις
1083 989 1176 1041 καὶ¹
1204 989 1390 1043 κανόσι
1432 988 1944 1062 περιλαμϐανομένη

369 1078 632 1149 σώφροσι.
667 1078 733 1131 Τί
759 1077 935 1132 τοίνυν
966 1080 994 1131 ὁ
1018 1079 1115 1132 τοῦ
1150 1078 1357 1133 δικαίου
1392 1080 1555 1152 νόμος
1583 1081 1767 1154 φησίνο
1808 1082 1948 1154 Πρόμ-

367 1168 528 1223 ϐατον
565 1169 594 1221 ὁ
624 1168 758 1233 Θεὸς
798 1169 1009 1223 ἔκτισεν
1059 1168 1294 1243 εὔκομον
1326 1171 1424 1242 τὴν
1455 1172 1637 1244 δορὰν,
1688 1175 1783 1226 καὶ
1837 1176 1946 1237 τοῖς

370 1260 594 1332 μαλλοῖς
620 1259 1036 1331 εὐθηνούμενον⁸
1069 1260 1228 1315 τοῦτο
1270 1260 1469 1327 λαϐὼν,
1510 1264 1825 1336 ἀπόκειρον,
1855 1264 1948 1319 καὶ

364 1354 488 1417 δοὺς
508 1354 776 1424 ὑφαντικῇ
790 1352 952 1425 τέχνῃ
978 1354 1075 1426 τὴν
1100 1353 1252 1423 ὕλην,
1274 1354 1475 1425 χιτῶνα
1498 1355 1679 1426 σαυτῷ
1710 1358 1803 1410 καὶ
1823 1358 1837 1409 ί
1845 1356 1949 1427 μά-

364 1460 479 1498 τιον
503 1442 932 1509 κατασκεύασον,
962 1444 1109 1507 ὅπως
1135 1443 1201 1497 ἂν
1228 1444 1524 1518 διαφεύγῃς
1555 1445 1821 1517 χειμῶνος
1858 1459 1950 1501 ταί

366 1534 694 1607 λαιπωρίαν,
717 1536 813 1589 καὶ
858 1536 959 1605 τῆς
988 1535 1215 1604 ζεούσης
1249 1537 1464 1601 ἀκτῖνος
1491 1536 1692 1609 βλάϐην
1717 1537 1758 1592 ³.
1790 1539 1852 1591 El
1891 1539 1948 1592 δέ

371 1644 454 1681 σοι
499 1627 596 1679 καὶ
630 1626 967 1697 κουφοτέρας
1013 1626 1240 1696 ἐσθῆτος
1286 1627 1445 1699 χρεία
1489 1627 1629 1681 κατά
1682 1627 1777 1699 τὴν
1801 1628 1948 1702 ὥραν

368 1713 464 1768 τοῦ
498 1714 712 1785 θέρους,
768 1712 967 1767 ἐδωκεν
1001 1715 1029 1766 ὀ
1061 1713 1193 1778 Θεὸς
1217 1714 1311 1767 τοῦ
1349 1715 1493 1769 λίνου
1516 1715 1614 1784 τὴν
1645 1717 1839 1788 χρῆσιν
1869 1720 1949 1781 είς

2047 549 2198 586 usum
2238 532 2558 586 necessitate
2613 533 2808 598 metiri,
2861 541 2968 588 tum
3025 535 3211 591 inanes
3248 552 3397 593 vana:
3427 541 3613 612 gloriae

2045 623 2387 693 quisquilias,
2416 623 2646 694 vitaeque
2677 624 2937 680 mollioris
2976 625 3217 695 delicias,
3256 636 3508 700 tanquam
3532 634 3615 688 vi-

2047 715 2241 769 tiorum
2273 722 2549 784 parentem
2584 715 2773 770 vitare.
2821 716 3128 785 Enimvero,
3177 734 3283 789 quo
3311 721 3428 790 ejus
3470 725 3613 792 quod

2047 805 2266 873 dicitur,
2302 807 2407 859 vim
2435 805 2635 860 clarius
2667 821 3076 877 cognoscamus,
3102 810 3306 878 primus
3329 815 3615 870 vestimen-

2045 892 2221 953 torum
2254 912 2383 951 usus
2413 896 2783 964 inspiciendus
2829 909 2930 965 est,
2971 914 3133 970 quam
3181 901 3288 958 late
3322 913 3521 974 pateat,
3559 914 3614 961 et

2047 1000 2180 1056 quos
2213 989 2261 1043 ei
2292 989 2429 1044 lines
2454 998 2616 1057 atque
2660 990 2944 1056 terminos,
2986 994 3336 1060 temperantia
3365 997 3612 1063 pratscri:

2046 1080 2231 1149 pserit.
2263 1078 2401 1147 Quid
2434 1095 2562 1148 ergo
2604 1079 2825 1149 iustitiae
2866 1081 2950 1136 lex
3005 1082 3113 1137 ait?
3162 1082 3425 1139 Pecudem
3474 1086 3615 1142 Deus

2044 1170 2250 1224 creavit
2279 1170 2415 1241 pelle
2447 1171 2582 1227 bene
2609 1181 2818 1226 comata
2849 1187 2912 1233 ac
2948 1172 3128 1229 densis
3166 1175 3450 1230 velleribus
3478 1195 3491 1231 :
3525 1178 3610 1232 his

2047 1262 2300 1316 detonsis
2333 1272 2387 1317 et
2411 1263 2603 1318 textori
2642 1263 2872 1326 traditis,
2902 1265 3134 1319 tunicam
3160 1281 3223 1320 ac
3245 1266 3459 1335 pallium
3493 1283 3616 1336 per—
3664 1332 3671 1341 _

2048 1352 2152 1407 lexi
2181 1353 2272 1406 tibi
2306 1353 2456 1418 cura,
2486 1367 2613 1423 quo,
2637 1368 2757 1408 cum
2785 1353 2997 1407 hiberni
3032 1354 3245 1424 [riseris
3287 1356 3604 1420 molestiam,

2050 1452 2160 1496 tmn
2189 1441 2444 1499 ferventis
2472 1443 2603 1498 radii
2635 1456 2828 1497 noxam
2869 1442 3113 1513 cﬂugias.
3152 1443 3302 1512 Quod
3335 1446 3380 1500 si
3413 1446 3610 1502 leviore

2049 1544 2143 1603 per
2168 1535 2412 1589 aestivum
2454 1544 2663 1606 tempus
2694 1544 2844 1590 veste
2886 1535 3151 1606 indigeas,
3195 1539 3262 1591 ad
3298 1539 3600 1593 uberiore-it

2051 1625 2188 1679 Deus
2221 1626 2651 1681 commoditatem
2691 1625 2779 1679 lini
2841 1632 2992 1682 ustim
3039 1629 3323 1693 concessit,
3354 1629 3491 1683 unde
3518 1629 3612 1683 tibi

2051 1717 2301 1771 decorum
2330 1717 2382 1770 in
2408 1717 2630 1787 proclivi
2657 1715 3049 1781 indumentum,
3077 1719 3220 1787 quod
3254 1719 3414 1773 simul
3445 1730 3502 1774 et
3531 1731 3613 1775 te-

368 1805 713 1877 πλατυτέραν
744 1804 1060 1858 ἀπόλαυσιν·
1084 1805 1177 1857 καί
1216 1822 1297 1857 σοι
1348 1807 1545 1876 ῥᾷστον
1574 1807 1781 1860 ἐκεῖθεν
1812 1807 1945 1879 κτή-

2058 1816 2160 1875 gat,
2201 1817 2255 1862 et
2308 1807 2524 1863 levitate
2570 1808 2868 1879 refrigeret.
2909 1806 2974 1861 Et
3021 1809 3101 1863 his
3130 1791 3261 1864 cum.
3284 1809 3606 1879 perfrueris,

373 1897 566 1951 σασθαι
623 1896 833 1966 σκέπην
885 1895 1212 1966 εὐσχήμονα,
1259 1896 1629 1966 ἀμφιεννῦσαν
1672 1896 1808 1967 ὁμοῦ
1854 1897 1949 1952 καὶ

368 1987 751 2058 άναψύχουσαν
780 1990 845 2058 τῇ
880 1987 1173 2058 κουφότητι
1232 1987 1341 2039 Kal
1388 1986 1589 2041 τούτων
1638 1987 1945 2053 ἀπολαύων,

364 2080 617 2151 ὁμολόγει
637 2078 714 2150 τῷ
748 2076 940 2150 κτίστῃ
969 2078 1065 2149 τὴν
1102 2077 1286 2149 χάριν,
1321 2078 1461 2150 ὑπὲρ
1482 2071 1555 2132 ὧν
1578 2079 1678 2131 οὐκ
1694 2078 1947 2151 ἐποίησεν

368 2173 532 2243 μόνον
577 2173 747 2241 ἡμᾶς,
786 2168 925 2223 ἀλλά
965 2168 1061 2222 καὶ
1109 2168 1210 2240 τῆς
1252 2168 1389 2238 πρὸς
1429 2169 1490 2222 τὸ
1524 2169 1621 2240 ζῇν
1653 2169 1949 2238 ἀσφαλείας

369 2264 708 2336 ἐφρόντισεν.
736 2263 833 2315 Ἂν
860 2260 917 2314 δὲ
944 2259 1369 2331 καταλιμπάνων
1401 2260 1463 2315 τὸ
1504 2260 1769 2331 πρόϐατον
1786 2260 1950 2314 καὶτὸ

368 2356 536 2427 ἔριον,
568 2356 664 2408 καὶ
711 2353 810 2425 τὴν
854 2353 1159 2421 ἀναγκαίαν
1190 2350 1284 2405 τοῦ
1313 2351 1647 2424 δημιουργοῦ
1671 2351 1777 2405 τῶν
1814 2352 1950 2405 ὅλων

371 2447 747 2519 παρασκευὴν,
781 2448 902 2511 ταῖς
929 2444 1189 2518 ματαίαις
1235 2444 1502 2508 ἐπινοίαις
1521 2484 1535 2507 ,
1562 2443 1659 2497 καὶ⁵
1704 2446 1824 2508 ταῖς
1853 2446 1950 2515 ἐμ·-

370 2541 633 2612 ῒιλήκτοις
653 2538 973 2610 ἐπιθυμίαις
1009 2535 1451 2608 ἐκδιαιτώμενος,
1477 2536 1575 2607 τήν
1601 2535 1796 2605 βύσσον
1829 2536 1952 2587 ἐπι-

367 2634 566 2706 ζητῇς,
620 2632 714 2686 καὶ
759 2632 997 2704 συνάγῃς
1047 2630 1116 2684 τὰ
1171 2628 1283 2683 τῶν
1325 2627 1610 2700 Περσικῶν
1654 2625 1952 2698 σκωλήκων

368 2728 613 2795 ἤματα,
641 2723 782 2776 ἰστὸν
811 2721 867 2776 δέ
888 2721 1132 2793 ἀράχνης
1157 2719 1414 2790 ἀνεμαϊον
1433 2714 1683 2788 ὑφαίνῃς·
1702 2715 1796 2768 καὶ
1820 2715 1954 2785 πρὸς

368 2819 466 2872 τὸν
514 2816 814 2885 ἀνθόσαφον
846 2814 1158 2886 ἐρχόμενοςν
1217 2807 1444 2881 μισθοὺς
1481 2807 1655 2870 τελεῖς
1688 2804 1950 2875 δαψιλεῖς*

374 2907 462 2959 ῖνα
477 2905 570 2960 τὸν
606 2900 794 2975 κόχλον
818 2905 884 2955 ἐκ
919 2900 1193 2970 θαλάσσης
1209 2896 1503 2969 θηρεύσας,
1533 2895 1611 2968 τῷ
1636 2896 1827 2967 αἵματι
1850 2893 1945 2948 τοῦ

373 2988 512 3061 Cebes
543 2996 707 3067 γρίσῃ
763 2984 835 3047 ἰδ’
873 2993 1097 3063 ἔνδυμα,
1133 2990 1291 3043 τοῦτο
1337 2985 1759 3062 ὑπερμαζῶντός
1809 2985 1954 3038 ἐστιν

2046 1898 2291 1952 Creatori
2331 1898 2559 1967 gratiam
2601 1900 2763 1963 habe,
2817 1900 2956 1970 quod
2999 1914 3100 1953 non
3139 1901 3295 1955 modo
3327 1916 3424 1956 nos
3456 1917 3611 1956 crea-

2049 1987 2147 2049 vit,
2180 2003 2361 2042 verum
2393 1990 2556 2044 etiam
2586 1991 2761 2045 tutela:
2785 2001 2839 2045 et
2866 1991 3125 2060 praesidiis
3156 1992 3278 2047 vitae
3314 1994 3610 2062 prospexit.

2049 2077 2199 2145 Quod
2225 2079 2268 2134 si
2297 2081 2487 2136 ovibus
2509 2096 2574 2136 ac
2600 2081 2718 2135 lana
2751 2082 2973 2149 relictis,
3005 2081 3419 2154 necessarioque
3448 2084 3614 2139 Crea-

2051 2168 2182 2223 toris
2208 2169 2448 2224 ontniutn
2475 2179 2733 2240 apparatu
2758 2181 2958 2240 spreto,
2995 2174 3148 2227 vanis
3170 2174 3608 2241 Cogitatiouibus,

2052 2262 2374 2331 vesanisque
2403 2262 2782 2332 cupiditatibus
2825 2264 2876 2316 iu
2914 2263 3095 2317 luxum
3128 2263 3349 2329 elfusus,
3397 2273 3450 2319 et
3493 2266 3617 2336 bys-

2050 2365 2167 2406 sum
2198 2352 2449 2423 requiris,
2478 2363 2535 2407 et
2562 2352 2900 2409 Persicorum
2932 2354 3160 2410 stamina
3209 2355 3467 2410 vermium
3500 2356 3612 2410 Cul-

2052 2443 2194 2512 ligis,
2225 2444 2364 2499 unde
2391 2444 2635 2508 evanida,
2670 2452 2728 2499 ut
2760 2445 2831 2499 ita
2865 2444 3061 2512 dicant,
3105 2461 3317 2501 aranea:
3346 2444 3447 2500 tela
3481 2460 3615 2500 couo'

2053 2546 2307 2591 texatur:
2370 2537 2415 2590 si
2468 2545 2725 2606 praterea
2784 2536 3064 2590 tinctorem
3116 2536 3318 2605 ingenti
3374 2536 3619 2592 mercede

2053 2629 2326 2695 conducis,
2363 2638 2422 2683 ιιι
2448 2627 2584 2682 mari
2630 2628 2905 2683 cochleam
2954 2639 3198 2692 venatus,
3244 2630 3360 2697 ejus
3389 2629 3618 2683 animale

2054 2715 2159 2769 culi
2186 2715 2445 2783 sanguine
2471 2724 2671 2768 vestem
2709 2714 2947 2781 inliciat;
2986 2714 3035 2768 id
3088 2729 3214 2768 vero
3250 2714 3480 2770 hominis
3532 2718 3616 2770 est

2056 2806 2339 2861 immodice
2417 2806 2778 2871 lascivientis,
2852 2806 3050 2876 quique
3132 2807 3289 2861 rebus
3365 2807 3619 2861 abutatur

2055 2900 2166 2953 suis
2191 2897 2291 2969 (2),
2319 2913 2419 2953 nec
2443 2897 2656 2961 habeat,
2691 2897 2742 2951 iu
2767 2913 2899 2967 quos
2915 2912 3042 2954 usus
3075 2895 3623 2966 snperallluentesdis

2059 2987 2218 3043 vitias
2246 2986 2500 3043 effundat.
2538 2987 2720 3058 quue
2761 3003 2862 3043 non
2913 2988 3202 3054 immerito,
3245 2988 3368 3044 talis
3401 2998 3458 3043 ut
3495 2991 3624 3042 mola

372 3087 683 3160 ἀνθρώπου,
731 3084 1166 3157 παραχρωμένου
1217 3083 1284 3152 τῇ
1333 3082 1544 3151 κτήσει,
1592 3078 1692 3131 οὐκ
1743 3075 1956 3146 ἔχοντος

2059 3077 2127 3133 lis
2157 3093 2221 3134 ac
2243 3078 2604 3144 ell‘emiuatus,
2649 3079 2960 3147 cultumque
3005 3094 3069 3134 ac
3115 3091 3428 3134 ornamenta
3462 3080 3622 3134 mise-

372 3181 506 3234 ὅπου
529 3179 592 3232 τὸ
626 3175 943 3249 περιττεῦον
970 3173 1157 3245 ἐκχέῃ.
1194 3173 1304 3226 Καὶ
1328 3170 1417 3225 διὰ
1464 3168 1624 3223 τοῦτο
1651 3170 1680 3222 ὁ
1714 3165 1953 3230 τοιοῦτος

377 3268 719 3342 μαστίζεται,
751 3266 905 3338 παρά
941 3263 1032 3319 τοῦ
1076 3262 1407 3332 Εύαγγελίου
1436 3256 1952 3333 κατηγορούμενος,

372 3366 451 3427 ὡς
492 3362 641 3433 βλὰξ
666 3360 762 3415 καὶ
806 3358 1120 3431 θηλυδρίας,
1177 3356 1402 3427 κόσμοις
1438 3353 1639 3407 ἀθλίων
1682 3351 1954 3423 κορασίων

372 3452 876 3526 καλλωπιζόμενος.
1926 3524 1930 3528 θ

440 3544 628 3598 ’Δλλοι
655 3543 820 3596 πάλιν
853 3541 996 3596 κατά
1026 3542 1124 3613 τὴν
1154 3538 1377 3610 γνώμην
1397 3536 1499 3608 τῆς
1523 3535 1715 3608 ὁμοίας
1740 3533 1962 3606 ματαιό-

372 3648 537 3709 τητος
555 3634 804 3709 ἐρασταίο
837 3633 1039 3704 μᾶλλον
1080 3632 1159 3695 δὲ,
1184 3631 1321 3702 πρὸς
1350 3629 1411 3683 τὸ
1441 3628 1601 3683 πλέον
1635 3627 1736 3699 τὴν
1761 3627 1961 3681 κακίαν

373 3731 739 3801 ἀσκήσαντες,
764 3726 886 3780 οὐδὲ
916 3726 1076 3797 μέχρι
1102 3725 1210 3779 τῶν
1246 3724 1552 3797 εἰρημένων
1582 3721 1818 3794 ἔστησαν
1861 3719 1962 3790 τῆς

377 3824 570 3894 μωρᾶς
593 3819 837 3883 ἐπινοίας
861 3820 987 3881 τοὺς
1017 3819 1196 3889 ὅρους·
1222 3816 1359 3871 ἀλλά
1383 3831 1505 3869 τινα
1539 3811 1701 3886 κενὴν
1729 3814 1960 3883 ὑφαντι-

374 3916 479 3987 κὴν
528 3912 842 3985 ἐξευρόντες
868 3909 964 3964 καὶ
1017 3910 1330 3981 περίεργον,
1368 3908 1492 3979 ἥτις
1529 3909 1597 3978 τῇ
1639 3905 1812 3976 πλοκῇ
1864 3903 1960 3958 τοῦ

376 4008 647 4078 "ﬂeam
693 4003 830 4075 πρὸς
863 4002 964 4072 τὴν
992 4000 1218 4071 κρόκην»
1255 3999 1355 4070 τῆς
1387 3996 1669 4071 γραφικῆς
1714 3997 1963 4067 μιμεῖται

374 4100 478 4169 τὴν
502 4095 755 4167 δύναμιν,
789 4093 885 4147 καὶ
906 4092 1122 4145 πάντων
1155 4089 1311 4155 ζώων
1327 4093 1439 4154 τοῖς
1462 4088 1690 4150 πέπλοις
1712 4086 1813 4150 τὰς
1834 4102 1965 4159 μορ-

377 4189 487 4258 φάς
522 4186 929 4257 ἐνσημαίνεται,
962 4182 1065 4254 τὴν
1085 4182 1307 4253 ἀνθινὴν
1351 4181 1447 4235 καὶ
1483 4178 1696 4251 μυρίοις
1724 4175 1965 4238 εἰδώλοις

378 4279 815 4350 πεποικιλμένην
852 4274 1258 4347 φιλοτεχνοῦσιν
1282 4272 1509 4343 ἐσθῆτα,
1534 4265 1771 4332 ἐαυτοῖς’
1790 4284 1850 4321 τε
1874 4266 1965 4320 καὶ

378 4371 620 4441 γυναιξὶ,
639 4369 732 4424 καὶ
764 4369 972 4424 παισίνο
1010 4366 1299 4432 παίζοντες
1328 4364 1535 4427 λοιπὸν,
1560 4362 1621 4415 οὒ
1651 4357 1968 4423 σπουδάζονο

380 4476 494 4526 τες·
527 4462 669 4516 κατά
695 4462 794 4532 τῆς
824 4458 1092 4532 ἀμετρίας
1142 4456 1237 4510 τοῦ
1270 4455 1501 4509 πλούτου
1543 4449 1964 4524 παραχρώμενοι
1996 4484 2040 4540 D

379 4555 463 4626 τῷ
492 4555 612 4625 βίῳ,
629 4554 692 4607 οὐ
730 4550 1026 4625 χρώμενοι,
1052 4545 1592 4620 ἀντινομοθετοῦντες
1637 4542 1717 4616 τῷ
1743 4541 1962 4612 Παύλῳ,

384 4646 479 4698 καί
517 4645 815 4715 μαχόμενοι
852 4645 974 4705 ταῖς
1031 4639 1415 4701 θεοπνεύστοις
1446 4637 1670 4706 φωναῖς,
1702 4635 1763 4689 ού
1786 4631 1967 4705 γράμδ

388 4752 578 4807 μασιν,
606 4734 744 4788 ἀλλὰ
781 4733 1124 4805 πράγμασιν.
1162 4731 1228 4784 Ἀ
1262 4730 1371 4802 γὰρ
1402 4729 1606 4791 ἐκεῖνος
1653 4721 1964 4796 ἀπεκήρυξε

388 4827 552 4897 λόγῳ,
583 4824 738 4881 ταῦθ’
765 4820 911 4880 οὗτοι
945 4823 1206 4899 κρατοῦσι
1240 4823 1333 4877 καὶ
1363 4817 1589 4892 κυροῦσι
1617 4818 1728 4880 τοῖς
1761 4815 1960 4887 ἔργοις.

392 4918 563 4972 Ὅταν
589 4913 684 4971 οῦν
728 4917 1076 4989 ἐνδυσάμενοι
1115 4914 1375 4987 φανῶσιν,
1402 4912 1478 4975 ὡς
1523 4911 1692 4980 τοῖχοι
1714 4922 1964 4978 γεγραμ-

397 5009 548 5080 μένοι
586 5009 740 5083 παρά
763 5007 872 5063 τῶν
925 5006 1401 5078 συντυγχανόντων
1432 5001 1686 5075 ὁρῶνται.
1738 4998 1849 5053 Καί
1872 5005 1973 5051 που

394 5104 491 5157 καὶ
525 5102 596 5158 τὰ
625 5101 817 5157 παιδία
867 5100 1065 5163 αὐτοὺς
1097 5097 1475 5169 περιίστανται
1509 5090 1798 5164 μειδιῶντα
1841 5085 1977 5158 πρὸς

398 5192 622 5263 ἄλληλα,
673 5193 769 5248 καὶ
793 5189 1342 5247 δακτυλοδεικνοῦντα
1373 5186 1472 5258 τήν
1508 5187 1567 5239 ἐν
1594 5184 1709 5245 τοῖς
1741 5178 1976 5251 ἱματίοις

395 5286 633 5356 γραφήν·
668 5282 944 5357 βαδίζουσι
964 5284 1020 5337 δὲ
1048 5278 1424 5355 παρεπόμενα,
1460 5278 1559 5332 οὐκ
1588 5271 1974 5346 ἀναχωροῦντα

466 5483 487 5523 ⁸
525 5489 654 5559 Leg.
706 5486 930 5542 πλάδον.

464 5621 566 5693 (ε),
584 5619 759 5693 Rebus
791 5619 1040 5672 abutatur
1067 5617 1194 5693 suis,
1218 5612 1687 5693 παραχρῳμένου
1710 5609 1794 5693 ,τῇ
1827 5600 1970 5678 κτή-

391 5680 536 5748 σσὶ.’
554 5691 706 5761 Legit
733 5690 963 5762 interpr.
1002 5687 1199 5751 κτίσει,
1228 5680 1350 5762 cuin
1380 5680 1600 5762 reddat:
1647 5680 1800 5762 rebus
1823 5695 1971 5760 area:

395 5762 465 5818 tis
493 5754 763 5816 abutitur.
815 5754 1011 5814 verum
1046 5763 1265 5827 praestat
1287 5754 1349 5806 τὸ
1371 5755 1560 5825 κτήσει
1588 5792 1603 5818 ,
1640 5760 1700 5805 ιιι
1731 5754 1803 5805 sit
1832 5766 1845 5803 :
1881 5754 1970 5818 qui

1034 5485 1057 5517 ³
1084 5481 1251 5538 Sirm.
1283 5481 1451 5552 Apog.
1510 5475 1688 5551 βολήν.

1808 5476 1831 5507 ⁵
1864 5472 2039 5530 lCor.
2083 5484 2193 5533 vn,
2236 5464 2324 5521 3L

2060 3184 2241 3223 rarum
2269 3168 2562 3239 puellarum
2593 3177 2888 3235 mutuatus,
2923 3169 3263 3236 vituperaute
3294 3170 3614 3239 Evangelia,

2056 3259 2294 3329 Vapulat.

2127 3527 2231 3583 Alii
2262 3525 2388 3581 item
2415 3519 2609 3581 similis
2652 3529 2894 3578 amantes
2927 3518 3212 3588 vanitatis;
3239 3519 3366 3591 quin
3389 3519 3499 3575 imo
3530 3535 3624 3574 au-

2059 3621 2320 3679 ctioribus
2353 3619 2528 3674 modis
2569 3615 2762 3672 vitium
2792 3614 3118 3683 excoleutes,
3170 3628 3239 3669 ne
3275 3613 3362 3668 hic
3407 3613 3622 3683 quidem

2061 3715 2237 3770 stulta:
2271 3710 2503 3767 solertia:
2538 3709 2670 3765 lines
2702 3707 3101 3763 constituerunt
3132 3723 3153 3764 ι
3187 3707 3281 3762 sed
3316 3721 3452 3761 novo
3493 3716 3628 3777 quo-

2061 3811 2182 3864 dam
2215 3822 2278 3861 ac
2304 3816 2709 3875 supervacaneo
2743 3799 2989 3856 textrina
3016 3807 3341 3864 commento,
3375 3799 3515 3868 quod
3546 3812 3627 3851 ar;

2062 3910 2168 3956 tem
2197 3900 2503 3970 pictoriam,
2534 3896 2782 3952 staminis
2809 3891 3237 3964 acsubtegminis
3258 3891 3438 3947 subtili
3467 3906 3615 3945 com-

2064 3991 2311 4063 plexione
2361 3987 2617 4054 imitans,
2659 3986 2897 4039 omnium
2958 3982 3158 4039 formas
3204 3979 3516 4036 animalium
3573 3979 3628 4034 iri

2064 4081 2305 4137 vestibus
2347 4078 2638 4149 exprimat,
2672 4073 2883 4137 ﬂorida,
2926 4088 2988 4127 ac
3037 4072 3309 4128 sexcentis
3355 4071 3629 4137 variegata’

2065 4173 2252 4244 ﬁguris
2291 4170 2630 4232 vestimenta,
2656 4180 2768 4221 tum
2809 4165 2931 4231 sibi,
2963 4172 3071 4219 ttim
3094 4162 3372 4225 uxoribus,
3404 4174 3467 4214 ae
3497 4159 3631 4212 libea'

2066 4266 2141 4320 ris
2168 4277 2392 4334 operose
2427 4258 2752 4325 coniiciunt;
2786 4257 2908 4311 ludo
2954 4254 3206 4323 deinceps
3250 4264 3488 4322 agentes,
3524 4255 3632 4303 nou

2067 4357 2211 4414 serio
2238 4354 2439 4425 aliquid
2468 4353 2727 4407 facientes
2757 4368 2772 4404 :
2810 4349 2901 4419 qui
2934 4345 3248 4401 divitiarum
3306 4351 3634 4412 exsuperan=

2071 4447 2164 4513 tia,
2217 4444 2414 4500 saeculo
2446 4443 2773 4504 abutantur,
2835 4452 2939 4492 non
2995 4433 3294 4500 utantur";
3357 4448 3415 4486 ac
3466 4429 3635 4484 Paulo

2071 4539 2340 4596 contraria
2375 4535 2652 4599 saneiant;
2706 4531 3008 4599 divinisque
3058 4525 3312 4589 vocibus,
3365 4524 3445 4579 sin
3500 4524 3635 4577 seri-'-

2071 4631 2179 4699 ptis
2205 4643 2270 4683 ac
2329 4625 2530 4691 verbis,
2585 4638 2649 4678 ac
2688 4619 2844 4677 factis
2901 4619 3274 4674 adversentur.
3312 4613 3439 4681 Qua:
3492 4612 3632 4667 enim

2071 4721 2160 4777 ille
2188 4732 2438 4776 sermone
2470 4714 2787 4786 proscripsit
2812 4711 2864 4779 ',
2896 4711 3011 4766 haec
3055 4709 3153 4777 ipsi
3186 4705 3459 4762 mordicus
3507 4701 3636 4757 retis

2072 4826 2202 4870 nent
2224 4824 2291 4868 ac
2306 4810 2557 4881 operibus
2569 4816 2680 4863 rata
2706 4804 2908 4860 volunt.
2929 4801 3061 4858 Cum
3082 4801 3266 4868 itaque
3290 4795 3484 4850 talibus
3509 4791 3640 4846 ami-o‘

2071 4906 2142 4960 eti
2174 4905 2228 4958 in
2260 4900 2531 4973 publicum
2557 4898 2843 4967 prodeunt,
2884 4901 3144 4960 tanquam
3187 4885 3382 4957 depicti
3407 4882 3643 4973 parietes

2071 4986 2245 5051 obviis
2268 4972 2575 5060 quibusque
2601 4995 2915 5045 cernuntur.
2952 4981 3091 5050 Quin
3120 4988 3177 5035 et
3210 4976 3361 5047 pueri
3391 4972 3642 5044 quando-

2071 5101 2176 5156 que
2202 5085 2575 5147 circumstant,
2606 5079 2824 5149 risuque
2854 5083 3042 5130 mutuo
3067 5071 3238 5142 pietas
3268 5069 3321 5123 in
3351 5064 3642 5121 vestimen-

2074 5177 2144 5231 tis
2185 5173 2388 5243 llguras
2423 5171 2601 5227 indice
2652 5172 2974 5229 monstrant,
3017 5177 3082 5216 ac
3136 5171 3274 5229 pone
3325 5160 3640 5222 sequentes,

2071 5280 2214 5338 αλδινε
2265 5262 2481 5319 tandem
2517 5258 2796 5325 recedunt,
2831 5270 2896 5311 ac
2919 5254 2987 5308 ab
3038 5250 3117 5307 eis
3144 5246 3301 5304 avelli
3338 5245 3639 5314 patiuntur.

2435 5464 2455 5498 '
2492 5459 2515 5515 1
2569 5460 2712 5515 Tim.
2746 5472 2784 5512 ll
2810 5495 2825 5522 ,
2859 5454 2925 5521 9,
2955 5452 3042 5508 10.

2078 5619 2243 5661 censu
2294 5617 2359 5658 ac
2384 5598 2540 5658 bonis
2565 5595 2830 5669 possessis
2866 5590 3137 5652 abutatur,
3167 5598 3308 5669 ma.e
3335 5582 3643 5669 ἐπιδεῆ-ςιιὲ

2079 5651 2263 5751 EtEt-lvii]
2289 5651 2760 5751 suos—acproxitni
2800 5651 3130 5736 opportunos
3152 5667 3305 5731 usus,
3331 5663 3393 5707 ac
3427 5651 3481 5703 in
3511 5651 3646 5715 quas

2083 5746 2220 5799 Deus
2251 5746 2541 5798 concessit.-
