4070 6142
310 339 405 400 ὶθθ

1327 340 1607 395 llOMlLlA
1648 340 1687 397 l.
1734 337 1818 396 DE
1851 337 2083 400 DthTl‘l
2121 337 2207 399 ΕΤ
2248 342 2543 401 ιηεὶΖΜὶΟ.

3453 350 3557 408 HO

310 456 590 527 λεγόμενον
635 455 742 525 μὲν
776 456 840 509 τὺ
878 457 1106 528 πρᾶγμα
1134 454 1192 508 ’ἐν
1236 471 1289 508 τι
1333 455 1600 521 φαίνεταυ
1635 456 1880 522 ἐξεταζό-

1992 462 2184 516 beralis
2233 460 2657 515 consuetudims.
2723 458 2786 513 Et
2834 471 3144 530 quanquam
3200 476 3288 516 res
3335 479 3437 518 una
3474 482 3555 544 ac

318 571 465 626 μενον
488 552 546 606 δὲ
567 551 714 606 κατὰ
758 552 929 622 μέρος
956 552 1050 605 καὶ
1091 551 1594 622 κατηγορούμενον,
1622 554 1686 606 ὲκ
1710 553 1888 607 ποικί-

313 649 404 717 λης
448 645 542 699 καὶ
596 643 848 707 πλείονος
898 643 990 695 καὶ
1019 641 1392 711 πολυκεφάλου
1419 643 1617 706 κακίας
1647 644 1760 715 ἔχει
1791 644 1887 716 τὴν

315 738 587 791 σύστασιν.
619 734 817 806 Τρυφὴ
874 734 984 806 γὰρ
1022 735 1122 787 οὐκ
1157 734 1221 787 ἂν
1269 734 1496 803 γένοιτο,
1533 735 1609 808 μὴ
1668 737 1888 802 πολλαῖς

315 828 601 899 αὐξηθεῖσα
636 830 761 890 ταῖς
808 825 983 890 ὕλαις.
1038 825 1209 890 Ὕλας
1239 827 1296 880 δὲ
1347 827 1578 880 πλούτου
1616 829 1887 901 σωρεῦσαι

306 908 733 991 ἀναμαρτήτως,
773 918 1074 989 ἀμήχανον·
1120 917 1261 989 πλὴν
1303 919 1352 970 εἰ
1393 920 1465 988 μή
1496 934 1620 985 τινι,
1660 920 1802 974 κατὰ
1828 922 1889 973 τὸ

320 1010 557 1071 σπάνιον,
608 1006 685 1071 ὼς
725 1006 804 1078 τῷ
840 1006 994 1070 Ἰὼϐ,
1027 1006 1288 1077 συμϐαίη,
1338 1008 1430 1061 καὶ
1463 1008 1711 1064 πλουτεῖν
1734 1010 1888 1080 δαψι-

316 1100 438 1164 λῶς,
469 1098 564 1153 καὶ
588 1098 690 1169 ζῇν
716 1096 856 1151 κατά
879 1097 941 1150 τὸ
961 1097 1167 1151 δίκαιον
1217 1099 1459 1171 ἀκριϐῶς
1507 1102 1598 1153 Δεῖ
1614 1102 1790 1155 τοίνυν
1809 1102 1887 1173 τῷ

316 1191 610 1261 τρυφῶντι,
638 1189 855 1262 πρῶτον
895 1188 994 1259 μὲν
1020 1190 1195 1252 οἰκίας
1227 1191 1569 1254 πολυτελοῦς,
1601 1192 1764 1265 ψήφῳ
1792 1196 1887 1248 καὶ

315 1281 476 1344 λίθοις
505 1283 603 1335 καὶ
641 1280 826 1352 χρυσῷ
856 1280 993 1333 κατά
1029 1282 1126 1344 τὰς
1180 1282 1399 1352 νύμφας
1442 1286 1882 1358 κεκοσμημένης

318 1374 446 1445 πρὸς
480 1374 539 1426 δὲ
565 1374 664 1437 τὰς
697 1372 997 1441 ἐξαλλαγὰς
1023 1374 1131 1427 τῶν
1159 1374 1319 1447 ὡρῶν
1343 1376 1435 1429 τοῦ
1482 1378 1727 1433 ἐνιαυτοῦ
1762 1381 1884 1433 ἐπι-

313 1465 538 1535 τηδείως
560 1465 809 1535 ἐχούσης.
854 1465 1105 1532 Ζητεῖται
1141 1465 1250 1537 γάρ
1279 1466 1474 1538 θερμὴ,
1522 1468 1732 1541 ἀλεεινὴ
1787 1471 1886 1541 μὲν

313 1560 343 1626 ἡ
366 1557 461 1611 τοῦ
487 1556 777 1627 χειμῶνος,
810 1557 903 1609 καὶ
930 1557 1278 1627 τετραμμένη
1292 1559 1427 1629 πρὸς
1455 1560 1553 1627 τὴν
1572 1562 1764 1615 ἀκτῖνα
1787 1563 1886 1632 τῆς

312 1647 680 1719 μεσημϐρίας·
704 1648 1127 1718 ἀναπεπταμένη
1160 1648 1216 1699 δὲ
1246 1649 1383 1719 πρὸς
1398 1650 1496 1720 τὴν
1521 1651 1740 1721 ἄρκτον,
1794 1652 1884 1706 θε-

314 1737 452 1807 ρινήο
473 1737 563 1789 ἵνα
584 1736 808 1799 λεπταῖς
834 1734 970 1806 ὁμοῦ
996 1737 1088 1788 καὶ
1108 1736 1343 1807 ψυχραῖς
1373 1741 1493 1801 ταῖς
1521 1738 1719 1811 αὔραις
1767 1745 1885 1806 ταῖς

1988 553 2212 622 simplex
2241 553 2509 618 videatur,
2543 561 2599 605 ut
2632 552 2853 621 prepius
2889 564 3066 607 tamen
3095 554 3353 623 inspicias
3386 572 3450 612 ac
3476 561 3552 613 si-

1988 643 2208 709 gillatim
2241 643 2541 706 examines,
2581 657 2611 695 e
2651 642 2800 696 varia
2854 658 2918 697 ac
2971 642 3250 712 multiplici
3300 646 3565 700 vitiorum

1987 732 2213 787 colluvie
2255 731 2481 786 conﬂata
2525 733 2838 800 reperietur.
2882 722 3129 786 Deliciari
3171 735 3313 788 enim
3354 735 3559 803 absque

1990 827 2196 893 magnus
2240 825 2590 880 facultatibus
2638 823 2778 879 haud
2835 824 3026 891 possis.
3071 825 3427 880 Aecumulare
3462 841 3559 880 au-

1992 926 2096 969 tem
2135 916 2353 970 divitias
2381 916 2517 971 citra
2544 926 2845 984 peccatum,
2874 914 3237 983 impossibile;
3269 917 3368 969 nisi
3397 916 3554 970 alicui

1990 1006 2153 1075 (quod
2184 1006 2336 1059 valde
2368 1009 2570 1075 rarum)
2603 1005 2749 1074 large
2787 1003 2947 1058 simul
2975 1005 3193 1059 divitem
3224 1021 3362 1070 esse,
3396 1007 3557 1060 sedu-

1990 1095 2145 1164 loque
2199 1095 2462 1164 justitiam
2527 1094 2726 1159 colere,
2786 1094 2862 1148 uti
2915 1091 3016 1147 Job
3071 1095 3365 1164 contingat.
3417 1097 3557 1150 Aulo

1986 1185 2165 1238 munia
2192 1194 2395 1248 autem,
2425 1187 2474 1238 ei
2513 1185 2598 1238 cui
2647 1186 2790 1238 laute
2830 1184 3167 1255 delicateque
3208 1187 3390 1241 vivere
3427 1202 3555 1252 pro-

1986 1277 2244 1345 positum,
2283 1277 2442 1332 domo
2479 1293 2613 1346 opus
2655 1288 2738 1332 est
2788 1281 2983 1335 cultius
3026 1293 3325 1348 exstructa,
3360 1299 3425 1336 ac
3449 1292 3554 1336 tes-

1986 1368 2192 1421 sellulis
2239 1367 2317 1438 (5)
2372 1369 2672 1439 lapillisque
2732 1380 2791 1424 et
2836 1388 2968 1425 auro
3014 1386 3334 1442 Sponsarum
3380 1375 3553 1430 instar

1985 1469 2173 1512 ornata
2214 1477 2227 1512 :
2264 1469 2378 1513 tum
2404 1461 2564 1514 etiam
2595 1462 2662 1514 ad
2712 1462 3034 1517 mutationes
3070 1474 3369 1531 temporum
3397 1468 3552 1519 anni.

1985 1563 2093 1617 que
2116 1559 2457 1619 tempestates
2491 1552 2629 1606 bene
2655 1555 3082 1610 accommodata.
3134 1554 3558 1611 Commendatnr

1986 1643 2152 1708 enim,
2213 1645 2438 1698 hiberna
2482 1646 2698 1712 quidem
2749 1646 2958 1712 calida;
2999 1648 3180 1714 aprica
3232 1648 3318 1700 illa
3366 1662 3431 1702 ac
3487 1651 3555 1701 ad

1989 1733 2339 1788 meridianum
2385 1734 2555 1789 solem
2599 1730 2902 1799 conversa;
2949 1739 3132 1790 aestiva
3185 1753 3315 1792 vero
3357 1740 3423 1791 ad
3472 1754 3561 1793 se-

311 1827 579 1897 βορειναῖς
613 1826 1006 1896 καταπνέηται.
1047 1826 1203 1879 Μετὰ
1224 1826 1445 1897 ταύτην,
1473 1830 1630 1900 χρεία
1662 1831 1880 1885 πολυτει

1989 1823 2344 1891 ptentrionem
2380 1834 2719 1894 exporrecta,
2762 1842 2868 1896 quo
2913 1838 3101 1882 tenues
3152 1828 3255 1882 illae
3304 1843 3367 1882 ac
3398 1827 3556 1896 frigi-

309 1920 429 1982 λοῦς
453 1920 683 1990 ἐσθῆτος
716 1918 812 1990 τῆς
832 1919 1128 1990 μελλούσης
1158 1921 1554 1991 ἀμφιέννυσθαι
1589 1924 1656 1976 τὰ
1687 1915 1880 1997 βάθρα,

308 2012 403 2074 τὰς
449 2011 660 2079 κλίνας,
691 2009 790 2073 τὰς
854 2010 1125 2077 στιϐάδας,
1174 2012 1272 2075 τὰς
1318 2011 1508 2083 θύρας.
1549 2014 1730 2068 Πάντα
1775 2016 1883 2088 γὰρ

308 2102 433 2172 παρ’
466 2099 701 2162 ἐκείνοις
731 2098 1006 2167 ἐπιμελῶς
1032 2098 1274 2154 ἐνδύεται
1297 2100 1389 2152 καὶ
1408 2100 1476 2153 τὰ
1502 2101 1703 2172 ἀψυχα,
1725 2101 1885 2155 ἐλεει-

307 2192 407 2255 νῶς
433 2191 545 2244 τῶν
571 2191 821 2260 πενήτων
854 2189 1214 2259 ἐκδυομένων.
1247 2189 1490 2260 Πρόσθες
1512 2190 1637 2259 ἑξῆς
1672 2192 1883 2257 τούτοις

309 2286 398 2336 καὶ
427 2284 643 2351 λόγισαι
671 2287 763 2335 τὸν
802 2283 858 2333 ὲν
919 2281 1168 2334 σκεύεσιν
1235 2281 1496 2353 ἄργυρον,
1541 2283 1631 2336 τὸν
1660 2284 1879 2354 χρυσὸν,

306 2378 403 2447 τὴν
435 2375 807 2428 πολυδάπανον
837 2376 1134 2447 ἀγορασίαν
1159 2375 1267 2428 τῶν
1305 2377 1368 2427 ἐκ
1383 2374 1607 2437 Φάσιδος
1629 2374 1879 2446 ὀρνίθων’

307 2470 445 2520 οἴνου
474 2467 570 2521 τοῦ
598 2468 862 2531 Φοίνικος,
899 2468 959 2520 δν
1005 2470 1060 2520 αἱ
1105 2468 1338 2538 ἄμπελοι
1368 2467 1546 2539 Τύρου
1575 2466 1739 2521 πολὺν
1769 2470 1881 2531 τοῖς

310 2560 581 2621 πλουσίοις
606 2561 699 2612 καὶ
745 2560 926 2630 τίμιον
974 2560 1327 2631 άπορρἑυσν
1360 2562 1542 2614 πᾶσαν
1566 2560 1664 2631 τὴν
1714 2560 1880 2631 ἄλλην

306 2650 406 2716 τῆς
456 2649 801 2713 ἀπολαύσεως
837 2652 1208 2721 παρασκευὴν,
1260 2653 1326 2722 ἣν
1370 2652 1550 2705 αὐτῶν
1595 2652 1704 2706 τῶν
1738 2669 1882 2725 χρω-

312 2740 493 2809 μένων
543 2741 685 2793 ἐστὶν
713 2742 989 2812 ἐπιμελῶς
1019 2744 1304 2812 ὀνομάσαι.
1339 2742 1584 2808 Αῠξουσα
1605 2743 1714 2816 γὰρ
1758 2745 1880 2801 καθ’

309 2833 522 2902 ἡμέραν
549 2832 640 2884 ἐπὶ
668 2832 726 2885 τὸ
760 2836 1179 2906 περιεργότερον
1216 2838 1249 2906 ή
1281 2837 1486 2908 τρυφὴ,
1519 2838 1619 2909 ἤδη
1657 2839 1749 2892 καὶ
1770 2839 1881 2892 τῶν

311 2923 366 2987 ἔξ
428 2925 654 2994 Ἰνδικῆς
707 2924 1015 2996 ἀρωμάτων
1073 2929 1370 2999 παρεγχὲει
1402 2933 1515 2993 τοῖς
1559 2929 1728 2999 ὄψοις·
1785 2934 1881 2985 καὶ

313 3014 506 3083 μᾶλλον
559 3015 667 3067 τῶν
725 3016 923 3087 ἰατρῶν
971 3018 1019 3069 οἱ
1062 3018 1380 3088 μυροπῶλαι
1430 3022 1543 3083 τοῖς
1599 3020 1881 3092 μαγείροις

314 3106 687 3176 ὑπηρετοῦσιν.
729 3106 1007 3161 Ἐντεῦθεν
1032 3108 1286 3178 ἐννόησον
1316 3109 1379 3161 τὸ
1404 3109 1760 3182 δορυφορικὸν
1780 3111 1881 3180 τῆς

311 3194 580 3266 τραπέζης
600 3196 1279 3270 πλῆθοςηραπεζοποιοὺς,
1293 3199 1580 3268 οἰνοχόους,
1604 3198 1880 3271 ταμιείας,

310 3286 399 3338 καὶ
423 3286 549 3348 τοὺς
572 3286 779 3340 τούτων
806 3288 1221 3358 ἀφηγουμένους
1253 3286 1564 3358 μουσικούς·
1593 3289 1879 3359 μουσικὰς,

306 3376 679 3448 ὀρχηστρίδας,
700 3377 956 3449 αὐλητὰς,
981 3377 1395 3446 γελωτοποιοὺς,
1419 3377 1676 3443 κόλακας,
1705 3395 1883 3450 παρα-

303 3470 501 3533 σίτους,
556 3470 651 3523 τὸν
696 3468 989 3523 ἀκόλουθον
1039 3470 1137 3539 τῆς
1193 3470 1556 3543 ματαιότητος
1594 3472 1878 3542 συρφετόν.

300 3561 488 3615 Ταῦτα
509 3560 599 3614 ἵνα
625 3560 822 3631 κτηθῇ,
848 3561 1003 3614 πόσοι
1060 3561 1290 3633 πένητες
1337 3562 1686 3617 ἀδικοῦνταιε
1724 3565 1880 3623 πόσοι

298 3653 354 3707 δὲ
382 3636 613 3725 ὀρφανοὶ
635 3651 1059 3715 κονδυλίζονταιῐ
1090 3654 1253 3707 πόσαι
1273 3654 1328 3707 δὲ
1344 3655 1508 3726 χῆραι
1522 3654 1876 3726 δακρύουσινί

300 3747 457 3798 πόσοι
505 3744 750 3814 σφοδρῶς
779 3745 1216 3815 σπαραττόμενοι
1255 3747 1575 3801 σπεύδουσιν
1618 3747 1753 3819 πρὸς
1783 3749 1876 3816 ἀγ-

299 3836 490 3907 χόνηνί
527 3836 591 3889 Ἦ
617 3836 674 3889 δὲ
702 3835 810 3889 τῶν
852 3836 1107 3891 τοιούτων
1134 3838 1300 3909 ψυχὴ,
1326 3837 1514 3911 ὥσπερ
1538 3839 1774 3910 Ληθαίου
1809 3856 1884 3891 τι-

299 3927 388 3989 νὸς
423 3925 616 3990 ὓδατος
644 3926 979 3998 γευσαμένη,
1016 3928 1219 4000 ἑαυτῆς
1271 3930 1577 4001 ἀμνημονεῖ
1605 3929 1878 3997 καθάπαξ,

300 4019 382 4081 τίς
414 4019 583 4080 ἐστιν,
616 4017 711 4070 καὶ
743 4019 847 4071 τίνι
881 4019 1252 4087 συνέζευκται,
1276 4019 1368 4074 καὶ
1391 4023 1472 4074 ὅτι
1498 4023 1628 4075 ποτὲ
1655 4022 1752 4092 τῆς
1782 4039 1878 4075 συο

302 4109 492 4176 ζυγίας
532 4108 735 4181 ταύτης
784 4109 1098 4181 λυθήσεται,
1148 4113 1242 4165 καὶ
1293 4113 1455 4166 πάλιν
1501 4112 1880 4167 ἀνακτισθέντι

305 4205 617 4273 συνοικήσει
671 4202 749 4273 τῷ
796 4202 1034 4272 σώματι.
1110 4205 1383 4269 Ἐλθόντος
1434 4206 1489 4260 δὲ
1539 4203 1732 4277 καιροῦ
1786 4207 1878 4260 τοῦ

303 4292 658 4364 καθήκοντος,
682 4297 776 4348 καὶ
801 4296 895 4349 τοῦ
923 4298 1300 4368 ἀπαραιτήτου
1331 4298 1750 4369 προστάγματος
1780 4295 1880 4368 τῆς

303 4383 439 4454 πρὸς
471 4384 536 4437 τὸ
561 4384 722 4455 σῶμα
751 4387 1033 4450 κοινωνίας
1064 4386 1417 4452 ἀποσπῶντος
1447 4388 1639 4460 αὐτὴν,
1687 4388 1880 4442 ἀναλο-

301 4475 498 4545 γισμὸς
559 4475 867 4547 είσὲρχεται
911 4476 1018 4529 τῶν
1067 4476 1435 4548 βεϐιωμένων,
1482 4479 1576 4533 καί
1596 4479 1878 4549 ἀνωφελὴς

304 4566 583 4634 μετάνοια,
632 4567 861 4621 κατόπιν
897 4568 1158 4639 γινομένη
1202 4569 1299 4640 τῆς
1334 4568 1538 4640 χρείας.
1583 4568 1717 4623 Τότε
1768 4569 1877 4641 γὰρ

302 4656 505 4727 ὀνίνησι
540 4658 892 4728 μεταμέλεια,
922 4660 1047 4711 ὅταν
1089 4661 1118 4711 ὁ
1161 4658 1687 4730 μεταδουλευόμενος
1733 4658 1880 4724 ἐξου-

310 4747 425 4802 σίαν
450 4750 551 4823 ἔχῃ
580 4750 680 4819 τῆς
726 4748 1084 4820 διορθώσεωςθ
1114 4748 1497 4821 ἀναιρεθείσης
1522 4750 1578 4803 δὲ
1604 4750 1704 4821 τῆς
1727 4752 1882 4822 ἐνερ-

304 4840 454 4906 γείας
486 4842 582 4894 τοῦ
633 4840 951 4912 κατορθοῦν,
1004 4842 1219 4913 ἀχρεῖος
1252 4845 1284 4914 ἡ
1314 4841 1481 4913 λύπη,
1520 4844 1613 4896 καὶ
1653 4843 1880 4912 μάταιος

307 4934 341 5002 ἡ
368 4934 727 5002 μετάγνωσις.

378 5192 612 5261 Πτωχὸς
638 5191 709 5245 δέ
746 5207 837 5256 τις
863 5186 943 5261 ἦν
967 5192 1209 5260 ὀνόματι
1240 5190 1516 5259 Λάζαρος.
1549 5193 1622 5244 0-3
1663 5192 1870 5263 πένητα

304 5281 488 5346 ἁπλῶς
536 5283 846 5354 ὑπογράφει
879 5285 908 5335 ὁ
954 5282 1136 5351 λόγος,
1183 5283 1283 5353 τῆς
1333 5284 1577 5351 δαπάνης
1634 5285 1725 5337 καὶ
1770 5284 1870 5354 τῆς

303 5371 490 5443 χρείας
518 5373 629 5427 τῶν
667 5373 983 5441 ἀναγκαίων
1026 5374 1419 5445 ἐστερημένον·
1449 5374 1586 5428 ἀλλὰ
1624 5376 1732 5446 γὰρ
1773 5377 1868 5426 καὶ

373 5544 451 5618 (ξ)
489 5548 566 5602 Ac
591 5548 901 5618 teucllulis.
935 5548 1024 5603 Sic.
1066 5549 1346 5618 Chrysost.
1379 5547 1534 5605 "om.
1559 5549 1629 5618 fin
1665 5548 1872 5603 divitem

299 5623 351 5668 et
382 5614 670 5689 Lazarum.
703 5630 833 5689 ιοτιι.
866 5616 930 5670 Vl
976 5614 1279 5679 llucmiﬁré
1302 5617 1639 5689 ὲψηφωμὲνα
1676 5620 1867 5689 ἐδάφη,

300 5685 572 5739 (asellum
601 5704 663 5739 ac
693 5688 885 5751 lapillis
915 5689 1160 5741 distincta
1184 5685 1510 5755 pavimenta;
1532 5688 1628 5744 Ubi
1669 5690 1714 5742 is
1748 5685 1868 5742 eam

299 5767 492 5809 vocem
518 5774 627 5811 null
664 5757 803 5810 male
834 5759 1085 5826 explicat,
1114 5767 1246 5811 etut
1285 5760 1549 5827 ejusmodi
1581 5759 1869 5813 tessellulis

622 5852 891 5910 ιἠιιοι..
934 5854 1048 5911 tiu.
1097 5849 1225 5911 XL.

1986 1915 2121 1967 dulie
2147 1915 2216 1969 ab
2241 1927 2394 1969 arcto
2425 1918 2694 1986 spirantes
2726 1933 2890 1984 aurae,
2933 1933 3052 1973 eam
3089 1920 3317 1987 perﬂare
3344 1934 3406 1975 ac
3432 1935 3557 1989 per-

1986 2018 2165 2059 meare
2213 2008 2494 2060 commode
2547 2010 2778 2062 valeant.
2831 2009 2912 2061 Ad
2948 2009 3061 2062 haec
3112 2009 3348 2079 Stragula
3403 2010 3553 2063 multi

1986 2097 2141 2165 pretii
2171 2108 2318 2151 veste
2346 2108 2429 2153 est
2469 2115 2623 2167 opus,
2666 2101 2732 2154 ad
2772 2100 2909 2155 imas
2953 2100 3270 2170 iutegcndas
3301 2101 3462 2157 sedes
3493 2118 3559 2156 ac

1983 2203 2241 2252 scamma,
2285 2190 2578 2258 lectosque,
2612 2206 2676 2245 ac
2713 2192 2897 2246 thoros
2920 2232 2936 2256 ,
2980 2201 3034 2247 et
3073 2192 3267 2260 januas
3299 2213 3311 2247 :
3368 2194 3553 2248 omnia

1984 2279 2246 2346 siquidem
2285 2283 2424 2350 apud
2479 2299 2570 2337 eos
2633 2293 2885 2338 accurate
2940 2287 3277 2351 vestiuntur,
3335 2289 3552 2342 tametsi

1985 2367 2303 2433 iuanimatn,
2334 2386 2454 2423 cum
2506 2372 2722 2426 interim
2755 2389 3015 2440 pauperes
3051 2375 3432 2429 miserabiliter
3466 2392 3557 2429 Vca-

1983 2458 2230 2512 stitnenta
2260 2461 2526 2515 deﬁciant.
2559 2463 2710 2517 Adde
2742 2479 2863 2518 vasa
2893 2475 3144 2535 argentea
3162 2476 3324 2535 atque
3350 2481 3510 2521 aurea
3536 2507 3552 2531 ,

1985 2564 2253 2618 expensas
2286 2568 2477 2620 graves
2506 2556 2813 2609 coemendis
2841 2554 3124 2612 Phasianis
3158 2560 3368 2623 avibus,
3400 2561 3555 2613 vino.

1986 2657 2095 2712 que
2147 2643 2448 2710 thnicio,
2482 2649 2621 2714 quod
2664 2650 2797 2703 vites
2832 2649 3033 2720 Tyriae,
3079 2652 3324 2719 quamvis
3366 2668 3555 2707 carum

1984 2734 2186 2790 aﬂ'atim
2232 2738 2485 2793 divitibus
2514 2739 2735 2794 clllnunt
2769 2757 2783 2805 ;
2811 2756 3132 2810 omnemque
3154 2743 3289 2798 adeo
3322 2745 3557 2813 volupta-

1985 2828 2053 2883 tis
2091 2839 2254 2898 atque
2292 2830 2606 2885 deliciarum
2649 2844 2966 2902 apparatum
3002 2835 3070 2888 ab
3116 2835 3221 2889 illis
3277 2838 3410 2906 ipsis
3462 2841 3552 2906 qui

1982 2928 2264 2990 usurpant,
2298 2933 2548 2975 accurate
2595 2925 3002 2979 recensendum.
3046 2925 3270 2981 Auctior
3309 2930 3450 2981 enim
3500 2930 3553 2983 in

1982 3011 2096 3065 dies
2129 3011 2399 3079 voluptas,
2443 3028 2506 3065 ac
2552 3016 2766 3069 curiose
2795 3016 3137 3085 exquisitior,
3171 3020 3331 3072 etiam
3373 3020 3553 3075 Indica

1936 3173 1949 3189 ἱ
1984 3110 2231 3156 aromata
2266 3103 2404 3157 cibis
2433 3102 2692 3170 all‘uudit;
2729 3107 3137 3175 magisqucjam
3170 3111 3357 3178 coquis
3389 3127 3550 3180 quam

1986 3196 2225 3259 medicis,
2260 3199 2597 3267 unguentarii
2632 3199 2903 3268 impendio
2927 3213 3073 3255 sunt.
3106 3202 3245 3268 Quin
3271 3214 3328 3258 et
3355 3220 3553 3260 mensa:

1983 3285 2295 3339 satellitium
2348 3303 2690 3342 numerosum
2731 3292 3032 3359 perpende:
3068 3301 3385 3361 structores,
3441 3297 3556 3364 pin-

1983 3390 2194 3439 cernas,
2226 3379 2696 3446 promos-condos,
2739 3389 2793 3433 et
2840 3383 2930 3450 qui
2974 3383 3058 3436 his
3105 3398 3342 3452 praeeunt
3388 3389 3555 3441 musi-

1983 3482 2101 3534 cos,
2155 3469 2415 3534 musicas,
2473 3471 2867 3538 saltatriculas,
2924 3475 3202 3543 tibicines,
3264 3478 3550 3545 ridiculos,

1982 3557 2304 3624 gnathones,
2336 3560 2623 3628 parasitos,
2658 3561 2865 3615 turbam
2906 3565 3160 3619 vanitatis
3188 3567 3438 3622 comitem
3473 3582 3549 3622 at-

1981 3662 2085 3716 que
2115 3648 2482 3717 pedisequam.
2524 3649 2647 3705 llaec
2691 3660 2749 3704 ut
2783 3663 3189 3721 comparentur,
3235 3667 3369 3726 quot
3420 3674 3551 3729 pau-

1983 3752 2138 3805 peres
2164 3738 2430 3794 alliciendi
2477 3741 2715 3810 injuria?
2761 3752 2890 3811 quot
2936 3744 3130 3815 pugnis
3177 3749 3415 3803 caedendi
3461 3766 3554 3804 or-

1983 3829 2187 3896 pbaui?
2219 3839 2352 3898 quot
2383 3830 2669 3901 lugendum
2695 3834 2904 3888 viduis?
2930 3849 3061 3904 quot
3096 3838 3326 3909 denique
3353 3841 3550 3897 misero

1983 3920 2310 3976 dilaniantes
2361 3923 2587 3992 seipsos,
2619 3925 2686 3977 ad
2739 3928 2920 3980 restim
2970 3942 3033 3983 ac
3072 3928 3319 3998 laqueum
3370 3933 3555 3987 decur-

1986 4011 2206 4065 rendum
2267 4013 2602 4067 habuerint?
2650 4014 2924 4086 Ejusmodi
2980 4019 3222 4087 profecto
3274 4021 3552 4077 hominum

1984 4102 2182 4165 anima,
2211 4103 2365 4171 quasi
2412 4102 2628 4158 Lethaea
2668 4108 2900 4174 quadam
2949 4109 3224 4178 degustala
3263 4126 3421 4180 aqua,
3465 4115 3548 4165 sui

1984 4201 2204 4254 prorsus
2248 4188 2615 4256 obliviscitur;
2665 4208 2784 4261 qua:
2816 4204 2870 4248 et
2895 4197 3006 4263 ipsa
3061 4198 3151 4261 sit,
3182 4213 3246 4251 ac
3288 4200 3373 4251 cui
3421 4214 3554 4254 con-

1977 4277 2186 4343 juncta,
2232 4288 2396 4346 utque
2422 4282 2612 4349 copula
2648 4284 2762 4337 haec
2788 4286 3111 4353 quandoque
3136 4288 3208 4340 sit
3251 4290 3506 4343 solvenda
3532 4309 3549 4356 ;

1983 4366 2205 4435 ipsaque
2234 4368 2450 4436 iterum,
2484 4384 2783 4427 recreatum
2811 4389 3005 4442 corpus
3024 4390 3089 4430 ac
3125 4378 3420 4433 redivivum
3449 4382 3548 4437 do-

1984 4458 2238 4514 micilium
2282 4460 2551 4518 habitura.
2588 4460 2690 4517 Ubi
2715 4476 2894 4518 autent
2920 4476 3118 4521 statum
3149 4479 3358 4539 tempus
3386 4473 3550 4528 adve-

1986 4549 2143 4613 neril,
2191 4565 2255 4604 ac
2288 4551 2670 4617 indeprecabili
2704 4554 2939 4620 decreto,
2970 4561 3214 4628 corporis
3253 4577 3317 4614 ac
3355 4564 3551 4619 anitum

1980 4655 2152 4695 nexus
2199 4639 2577 4699 dissolvendus
2630 4646 2755 4711 erit,
2815 4649 3011 4716 prioris
3062 4652 3186 4707 vita:
3238 4656 3552 4726 recogitatio

1982 4731 2221 4786 animum
2248 4734 2472 4799 subibit,
2505 4751 2739 4806 seraque
2778 4756 2842 4794 ac
2890 4740 3023 4794 nihil
3056 4743 3334 4810 profutura
3373 4748 3548 4816 paeni-

1983 4824 2169 4878 tentia.
2203 4822 2354 4880 Tunc
2381 4828 2522 4880 enim
2560 4830 2774 4884 demum
2800 4832 3118 4901 pwuitentia
3154 4837 3392 4904 prodest.
3426 4853 3547 4893 cum

1980 4926 2195 4972 mutans
2228 4919 2583 4988 propositum,
2630 4924 2958 4978 emendandi
2996 4923 3305 4982 facultatem
3353 4929 3547 4995 habet;

1983 5009 2193 5064 sublata
2221 5026 2348 5066 vero
2379 5010 2502 5067 boni
2542 5014 2726 5083 operis
2754 5017 2911 5085 copia
2957 5032 3020 5071 ac
3063 5019 3298 5086 actione,
3344 5019 3551 5078 inutilis

1983 5100 2135 5152 dolor
2165 5117 2226 5155 ac
2257 5102 2433 5157 inanis
2459 5105 2735 5174 prnuitudo
2769 5118 2871 5162 est.
3008 5120 3065 5156 Ν

2054 5190 2184 5245 Erat
2227 5207 2399 5248 autem
2441 5198 2660 5265 quidam
2706 5200 2973 5252 mendicus
3024 5203 3229 5255 nomine
3285 5202 3546 5261 Lazarus.

1979 5283 2187 5338 Nedum
2236 5284 2518 5356 Scriptura
2586 5302 2873 5357 pauperem
2914 5291 3171 5346 describit
3241 5299 3550 5349 necessario

1979 5391 2077 5429 usu
2115 5392 2293 5430 rerum
2327 5378 2665 5443 destitutum,
2692 5393 2757 5434 ac
2780 5381 3005 5449 penuria
3039 5383 3376 5462 laborantem
3405 5382 3547 5449 ς’νο-

1983 5569 2047 5632 ίιιι
2096 5554 2325 5632 calculis
2372 5565 2584 5612 constet
2629 5559 2776 5627 quod
2827 5562 3096 5616 musivum
3141 5578 3278 5632 opus
3329 5572 3549 5621 vocant.

1980 5621 2180 5696 {legitis
2228 5628 2416 5690 codex,
2466 5621 2697 5696 quocum
2743 5632 2966 5695 contuli,
3003 5634 3073 5686 ita
3108 5621 3267 5688 habet
3319 5645 3374 5687 ut
3422 5648 3546 5691 cum

1980 5690 2144 5747 Savil.
2180 5696 2414 5750 restituit
2440 5690 2665 5753 Ducaaus
2688 5713 2754 5754 ex
2784 5690 3064 5756 Caesareis.
