4038 6134
382 352 478 409 171

1653 331 1711 388 S.
1754 326 2025 387 ASTERII
2063 320 2365 380 AMASENI

3536 308 3643 365 172

384 482 503 526 rum
532 464 697 523 etiam
727 460 877 535 gravi
913 465 1119 515 tentum
1143 453 1484 528 :egritudine,
1521 466 1748 522 corpore
1778 450 1958 504 tabido
1988 500 1989 505 η

2094 441 2347 518 ιρρωστίᾳ
2407 438 2645 509 ὸδυνηρᾷ
2703 433 3076 505 συνεχόμενον,
3129 446 3220 483 και
3279 422 3645 498 διερρυηκότα

382 566 782 635 dimuentique,
813 561 931 618 sine
961 560 1073 615 lare
1100 574 1162 614 ac
1194 558 1375 619 domo,
1414 547 1674 606 incultum
1712 557 1776 597 ac
1831 542 1957 594 hor-

385 657 589 720 ridum,
625 665 786 726 atque
817 653 882 708 ad
905 651 1126 719 januam
1154 646 1334 704 divitis
1361 641 1679 714 projectum.
1701 636 1781 693 Ad
1815 648 1961 689 sum-

2063 514 2124 590 re
2142 514 2336 605 σῶμα,
2381 531 2585 595 ἄοικον,
2621 528 2887 591 ἄνεστιον,
2935 521 3329 591 ἀθεράπευτον,
3377 519 3445 589 τῇ
3500 514 3644 586 πύλῃ

2064 627 2159 683 τοῦ
2208 626 2464 682 πλουσίου
2502 617 2976 695 προσερριμμένον
3041 613 3151 668 Καὶ
3198 611 3319 664 λίαν
3370 607 3643 681 ἐπιμελῶς

386 698 589 720 ..νυ-η,
625 698 786 726 ....,..-
817 698 882 708 η
905 698 1126 719 μνη---
1158 698 1203 704 _-
1226 698 1255 699 η
1296 698 1330 701 ν-
1364 698 1381 714 ,
1455 698 1475 712 ,

386 764 553 814 mam,
587 762 710 803 cum
733 760 861 801 cura
889 758 951 799 ac
992 742 1200 812 tragico
1242 741 1355 793 lere
1398 736 1664 791 cothurno
1706 726 1962 800 pauperis

2094 724 2131 793 ﬁ
2179 720 2429 791 διηγήσει
2475 714 2574 779 τὰς
2639 707 2925 783 συμφοράς
2978 707 3068 759 ἐπὶ
3117 703 3259 757 τέλει
3310 698 3648 773 ἐκτραγῳδεῑ

388 840 664 898 miseriam
706 845 952 900 enarrat,
989 849 1098 904 quo
1127 830 1298 899 magis
1328 843 1433 884 non
1468 822 1780 880 miserantis
1812 819 1960 874 duri~

392 932 517 988 tiem
550 936 697 985 notet
735 936 897 995 atque
941 923 1210 979 traducat.
1241 918 1414 986 Quem
1442 913 1590 971 enim
1621 910 1848 965 alterius
1883 908 1961 960 fa-

390 1037 504 1078 mes
531 1035 595 1076 ac
622 1017 889 1089 aegritudo
929 1008 1407 1070 commiseratione
1454 1020 1561 1060 non
1607 1001 1798 1071 tangit,
1851 998 1962 1052 tera

388 1127 521 1169 sane
544 1120 629 1167 est
657 1107 887 1164 rationis
917 1117 1134 1174 expers,
1168 1111 1453 1171 perperam
1490 1096 1783 1150 humanam
1817 1089 1968 1143 indu-

390 1210 478 1259 tus
499 1200 755 1265 formam,
788 1212 853 1252 ae
885 1194 1163 1250 voluntate
1182 1188 1382 1244 fallens
1411 1193 1697 1246 naturam;
1727 1179 1969 1245 adeoque

393 1293 526 1349 feris
559 1291 694 1361 ipsis
753 1298 919 1357 atque
963 1283 1157 1341 belluis
1205 1276 1492 1335 immanior
1538 1282 1642 1328 est.
1688 1267 1968 1338 Siquidem

396 1400 525 1442 sues
552 1381 796 1454 iugulata
832 1394 926 1434 sue
958 1371 1381 1443 sensu-quodam
1409 1364 1613 1422 doloris
1639 1361 1966 1421 aﬂlciuulur,

2068 791 2161 868 τοῦ
2199 810 2438 884 πτωχοῦ,
2478 809 2571 863 ἴνα
2615 806 2715 877 τὴν
2767 801 2861 856 τοῦ
2898 800 2973 872 μὴ
3002 797 3278 861 ἐλεοῦντος
3322 791 3648 865 στηλιτεύση

2073 881 2434 975 σκληρότητα,
2480 900 2539 953 '0
2587 896 2698 968 γὰρ
2744 891 2882 964 πρὸς
2916 889 3074 960 λιμὸν
3121 886 3215 940 καὶ
3270 885 3425 939 νόσον
3481 881 3649 953 μηδὲν

2073 994 2296 1065 πάσχων
2335 989 2567 1045 ἐλεεινὸν
2604 987 2639 1058 ἢ
2671 982 2979 1056 συμπαθὲς,
3033 978 3220 1049 θηρίον
3251 975 3398 1028 ἐστὶν
3432 974 3647 1039 ἄλογον,

2072 1064 2258 1149 κακῶς
2292 1084 2373 1146 εἰς
2416 1080 2702 1149 ἀνθρώπου
2733 1073 3018 1148 μορφωθὲν
3060 1070 3266 1141 σχῆμα,
3320 1064 3650 1137 ψευδόμενον

2072 1180 2141 1249 τῇ
2173 1175 2485 1248 προαιρέσει
2515 1172 2617 1241 τὴν
2646 1167 2808 1237 φύσιν
2829 1184 2842 1198 ·
2884 1163 3082 1236 μᾶλλον
3115 1162 3171 1214 δὲ
3201 1159 3297 1214 καὶ
3330 1156 3512 1210 αὐτῶν
3536 1154 3646 1208 τῶν

2076 1244 2279 1341 θηρίων
2325 1244 2839 1337 άσυμπαθέστερον·
2873 1258 3020 1324 εἴγε
3071 1253 3258 1325 χοίρου
3305 1249 3403 1321 μὲν
3449 1244 3652 1316 σφαζοη

2080 1336 2272 1434 μένου,
2324 1336 2573 1411 ἕλκονται
2640 1352 2776 1424 πρός
2828 1365 2949 1402 τινα
3011 1342 3262 1415 λυπηρὰν
3317 1338 3568 1406 αἴσθησιν
3606 1336 3654 1388 οἱ

396 1429 525 1442 νυν-ν
552 1429 795 1454 δ’·υ---νν-
832 1429 922 1434 --η
960 1429 1033 1432 --ί
1059 1429 1078 1431 —
1166 1429 1181 1443 .

395 1490 462 1530 ac
501 1474 709 1530 circum
757 1482 947 1523 recens
993 1466 1173 1518 fusum
1202 1457 1520 1528 sanguinem
1545 1454 1700 1508 triste
1723 1462 1973 1504 murmur

2094 1457 2267 1526 (οϊροι,
2294 1451 2387 1506 καὶ
2414 1448 2490 1520 τῷ
2519 1444 2793 1519 νεορρύτῳ
2821 1441 3010 1511 αἵματι
3045 1433 3244 1505 ἀνιαρὰ
3272 1429 3621 1501 ἐπιτρύζουσι
3638 1444 3650 1456 ·

394 1565 583 1619 edunt.
617 1560 820 1620 Boves,
859 1552 997 1607 tauri
1031 1550 1231 1605 caedem
1267 1546 1642 1602 circumstant,
1676 1532 1970 1590 miserabili

2094 1520 2454 1617 περιίστανται
2493 1540 2550 1594 δὲ
2582 1536 2676 1592 τοῦ
2710 1534 2911 1604 ταύρου
2952 1531 3041 1583 τὸν
3091 1528 3249 1596 φόνον
3284 1527 3332 1577 οἱ
3383 1522 3524 1592 βόες,
3557 1520 3657 1589 ὲμ-

396 1654 634 1709 doloretn
687 1649 891 1717 mugitu
942 1643 1307 1708 dcsignanles.
1346 1634 1485 1701 Quin
1520 1646 1713 1700 gruum
1756 1638 1973 1695 quoque

2094 1609 2244 1693 ιταδεῖ
2278 1630 2554 1706 μυκηθμῷ
2584 1631 2681 1700 τὴν
2719 1625 2890 1696 ἀλγὴν
2938 1620 3312 1693 σημαίνοντες.
3349 1611 3567 1681 Ἀγέλαι
3596 1609 3653 1663 δὲ

396 1759 611 1818 greges,
645 1757 765 1795 cum
800 1754 908 1792 una
940 1735 1080 1790 forte
1110 1726 1409 1803 gregalium
1449 1725 1501 1779 in
1538 1736 1723 1778 casses
1760 1716 1969 1778 incidit,

2094 1699 2347 1800 γεράνων,
2563 1699 2673 1774 τῶν
2717 1715 2997 1785 συννόμων
3024 1705 3436 1782 περιπεσούσης
3485 1699 3661 1772 θηρά-

397 1793 446 1818 υ’
467 1793 611 1817 ’ν’-1
654 1793 669 1795 ⁷
720 1793 745 1794 η
1111 1793 1138 1803 τ
1211 1793 1238 1799 ν

395 1846 610 1907 captam
669 1827 1151 1888 circumvolitant,
1208 1835 1275 1875 ac
1316 1813 1657 1873 lamentabili
1729 1808 1964 1880 quodam

2094 1837 2222 1892 τροις
2244 1856 2258 1880 ,
2318 1814 2701 1887 περιίπτανται
2765 1807 2865 1878 τὴν
2916 1800 3316 1874 κρατουμένην,
3366 1793 3460 1848 καί
3516 1806 3662 1852 τινος

2735 1901 2746 1907 “
2851 1899 2863 1907 “
2891 1897 2901 1907 ⁸
3071 1894 3088 1907 ‘
3212 1889 3238 1902 "
3394 1887 3487 1907 il“
3533 1885 3625 1907 1--.!

402 1926 657 1996 clangore
713 1920 1050 1988 complentes
1116 1926 1319 1975 aerem,
1371 1907 1638 1961 comitem
1708 1914 1861 1955 suam
1918 1911 1981 1952 ac

386 2015 669 2090 'gregaletn
731 2010 1034 2080 requirunt.
1090 2003 1373 2059 Hominem
1426 2013 1576 2058 vero,
1631 1990 1827 2048 animal
1892 2005 1980 2045 ra-

402 2111 548 2165 tione
602 2105 883 2175 praaditum
926 2115 991 2155 ac
1039 2103 1411 2156 mansuetum,
1442 2090 1643 2157 Deique
1687 2082 1982 2139 inuitatione

402 2200 703 2259 bonitatem
730 2195 971 2257 doctum,
1004 2188 1193 2245 leviter
1222 2185 1359 2239 adeo
1397 2180 1767 2251 proximorum
1802 2171 1982 2229 acerbi

403 2307 566 2350 casus
587 2298 903 2361 gravesque
936 2277 1279 2337 calamitates
1324 2271 1559 2326 efﬁcient
1602 2277 1764 2335 atque
1807 2277 1984 2317 move-

405 2382 567 2438 bunt!

475 2470 702 2528 Iacebat
745 2467 928 2534 itaque
968 2471 1309 2515 :erumnosus
1344 2452 1432 2507 ille
1466 2465 1531 2505 ac
1560 2456 1746 2518 gratus
1782 2454 1987 2512 pauper

406 2566 460 2620 in
491 2560 700 2631 magnis
743 2532 1038 2615 doloribus,
1076 2548 1272 2619 pedum
1326 2558 1425 2598 usu
1471 2540 1712 2610 privatus
1767 2532 1985 2606 (alioqui

391 2652 555 2711 enim
584 2626 883 2721 pessimum
908 2643 1063 2698 illum
1097 2648 1261 2708 atque
1294 2632 1587 2704 superbum
1621 2626 1986 2690 declinasset;

407 2717 705 2814 aliumque,
760 2755 858 2811 pro
882 2738 1041 2808 ianua
1074 2733 1163 2786 illa
1198 2727 1469 2797 hospitum
1511 2717 1876 2777 interfectrice
1925 2728 1991 2769 ac

410 2806 1036 2909 pauperibus-occlusa,
1100 2824 1277 2878 locqu
1338 2814 1682 2885 delegisset):
1740 2806 1989 2863 manibus

411 2897 629 3000 quoque
681 2922 994 2984 destitutus,
1031 2930 1100 2970 ne
1130 2912 1364 2983 palmam
1396 2908 1612 2977 quidem
1649 2900 1716 2956 ad
1743 2897 1989 2955 emendi-

412 2993 644 3077 candum
692 3013 877 3068 valens
920 3006 1282 3078 protendere;
1333 3001 1431 3056 sed
1469 3006 1527 3052 et
1568 2995 1715 3051 vocis
1746 2993 1860 3061 ipsa
1897 3003 1986 3044 oro

412 3128 551 3181 gana
576 3110 856 3165 obstructa
901 3102 1144 3165 habens,
1199 3091 1594 3159 stridulumque
1637 3102 1703 3142 ac
1736 3095 1989 3154 asperum

415 3172 607 3261 sonum
653 3204 873 3269 pectore
901 3191 1194 3253 emittens;
1238 3182 1491 3241 omnibus
1533 3180 1691 3249 plane
1735 3172 1993 3230 membris

415 3264 983 3357 mutilus—captusque,
1010 3279 1134 3335 tetri
1169 3274 1339 3331 morbi
1382 3269 1646 3341 reliquiae,
1696 3264 1988 3319 inﬁrmita-

417 3384 488 3438 tis
541 3382 791 3437 humanae
838 3367 1147 3429 miserabile
1191 3361 1521 3434 eaetnplum.
1572 3358 1756 3427 Neque
1806 3365 1989 3408 tamen

418 3472 759 3529 miseriarum
807 3473 989 3521 tantus
1032 3472 1311 3521 numerus,
1363 3454 1521 3509 elatae
1546 3448 1781 3505 cervicis
1814 3442 1993 3500 homi-

421 3580 544 3621 nem
580 3562 647 3617 ad
681 3556 1068 3629 inspectionem
1102 3549 1335 3605 inﬂexit.
1366 3541 1686 3599 Practeribat
1713 3535 1994 3593 hetninem

414 3656 565 3712 {velut
603 3666 816 3712 saxum,
847 3663 913 3702 eo
943 3643 1148 3701 scelere
1194 3653 1314 3696 sese
1344 3634 1711 3703 obstringens,
1755 3628 1842 3684 cui
1878 3624 1999 3679 nul-

420 3750 528 3803 lum
556 3744 780 3801 omnino
800 3739 986 3794 velum
1012 3745 1106 3791 aut
1128 3739 1418 3805 praetextus
1446 3736 1607 3781 esset.
1640 3723 1823 3791 Neque
1852 3718 1995 3773 enim

422 3841 489 3895 ad
514 3855 574 3894 se
594 3833 953 3908 purgandum,
983 3827 1223 3897 vulgaria
1250 3822 1338 3877 illa
1374 3835 1439 3876 ac
1466 3817 1709 3890 speciosa
1733 3813 2000 3869 adducere

421 3906 672 4003 poterat:
698 3906 813 3981 Non
837 3936 1047 3986 noram,
1079 3917 1417 3990 ignorabam,
1436 3910 1630 3966 .Latuit
1672 3923 1758 3965 me
1788 3906 2001 3962 mendi-

423 3998 520 4079 cus
568 4019 860 4090 quiritans;
910 4013 1109 4083 quippe
1148 4007 1241 4078 qui
1289 4020 1385 4076 pro
1426 4003 1635 4059 foribus
1663 4000 1872 4071 jacens,
1916 3998 1997 4050 in-

422 4112 686 4185 gredienti
732 4124 796 4164 ac
842 4102 1141 4178 egredienti
1182 4096 1496 4170 spectaculo
1533 4102 1699 4156 esset,
1753 4106 1860 4160 quo
1904 4104 2000 4144 su-

425 4179 577 4278 perbi
606 4200 842 4258 hominis
874 4195 1281 4253 damnationem
1321 4182 1778 4256 indeprecabilem
1814 4179 2003 4234 redde-

430 4273 531 4354 ret.
560 4296 657 4352 V'el
686 4293 877 4350 saltent
917 4288 1088 4345 micas
1115 4287 1181 4340 de
1216 4296 1402 4338 mensa
1433 4277 1689 4334 deciduas
1712 4273 1999 4343 cupiebat:

432 4398 489 4444 at
516 4403 585 4443 ne
613 4386 905 4456 quidquam
935 4383 1260 4436 consecutus
1287 4382 1393 4438 est,
1424 4370 1543 4436 sed,
1572 4382 1695 4424 cum
1724 4366 1813 4421 ille
1840 4364 2002 4421 satie-
2038 4392 2079 4446 ο
2107 4364 2157 4470 ‘6"

432 4491 542 4537 tate
576 4480 976 4547 dirumperetur
1006 4511 1023 4537 ,
1053 4470 1194 4525 fame
1223 4469 1337 4539 ipse
1371 4480 1435 4521 ac
1470 4462 1647 4532 inopia
1672 4459 2001 4514 tabescebat.

429 4575 534 4631 Par
559 4575 740 4642 itaque
783 4585 846 4625 ac
890 4582 1101 4638 aequum
1145 4564 1414 4625 videatur,
1460 4559 1822 4614 Chanaua‘am
1856 4552 2002 4607 illam

431 4667 794 4727 Phoenissam,
821 4660 1098 4716 hominum
1131 4655 1276 4710 osori
1315 4654 1466 4708 diviti
1504 4650 1818 4721 magistram
1848 4644 2004 4701 adbi~

430 4757 567 4822 beri,
595 4769 658 4810 ea
687 4752 1042 4807 inculcantem
1090 4762 1211 4816 qua:
1250 4745 1449 4812 scripta
1504 4750 1675 4798 sunt:
1708 4737 1883 4792 Etiam
1916 4751 2006 4789 ca-

432 4846 567 4911 telli,
615 4843 847 4915 pessime
877 4838 1158 4894 hominum
1192 4850 1258 4890 ac
1288 4833 1538 4902 superbe,
1566 4837 1630 4885 de
1664 4829 1811 4882 micis
1840 4826 2003 4880 edunt

429 4954 548 5013 qua
568 4935 767 4992 cadunt
800 4934 865 4986 de
896 4945 1082 4984 "tensa
1111 4927 1445 4981 dominorum
1471 4938 1685 4977 auorum
1705 4922 1761 4987 ος
1810 4928 1866 4973 ιιι
1909 4932 2002 4972 au-

438 5012 546 5087 tem
575 5027 798 5083 fratrem
843 5033 992 5078 tuum
1038 5028 1200 5088 atque
1251 5014 1502 5071 tribulem
1547 5026 1723 5081 neque
1751 5012 1855 5065 hoc
1884 5024 2008 5062 tnu-

438 5135 571 5180 nere
606 5120 859 5191 dignatus
889 5114 988 5171 es?
1021 5113 1129 5168 Sed
1168 5123 1328 5165 canes
1355 5109 1569 5178 quidem
1612 5118 1739 5159 cura
1788 5101 2010 5156 aleban-

442 5224 568 5275 tur;
596 5226 661 5267 ac
683 5208 908 5266 seorsim
957 5205 1175 5277 quidem
1230 5198 1448 5255 molossi
1480 5236 1495 5263 ,
1551 5195 1779 5251 seorsim
1830 5202 2009 5247 autem

435 5303 693 5369 venatici,
737 5309 879 5356 tecto
924 5296 1132 5367 pariter
1182 5291 1487 5362 gaudebant
1515 5301 1580 5341 ac
1605 5292 1821 5348 strato;
1879 5279 2003 5335 dili-

435 5403 734 5466 genterque
757 5390 1046 5445 attributes
1065 5384 1364 5455 peculiares
1390 5376 1668 5432 ministros
1697 5372 2003 5428 habebant:

434 5463 559 5541 eum
589 5484 806 5539 interim
836 5481 984 5536 humi
1013 5477 1252 5549 neglecta
1272 5474 1481 5543 iaceret
1507 5475 1671 5536 atque
1696 5463 2004 5518 calcaretur

438 5575 533 5633 Dei
561 5578 760 5649 imago,
798 5588 962 5645 quam
1001 5585 1161 5627 manu
1202 5582 1301 5623 sua
1345 5557 1825 5638 pmatantissimus
1875 5554 2007 5610 arti-

509 5778 532 5810 ⁶
560 5778 746 5836 Matth.
772 5792 862 5847 xv,
890 5774 982 5830 27.

2083 1885 2370 1984 ὸῦυρτικῆς
2398 1885 2651 1976 κλαγγῆς
2701 1901 2791 1955 τὸν
2840 1897 2981 1969 ἀέρα
3030 1889 3352 1965 πληροῦσιν,
3386 1887 3487 1958 τὴν
3528 1885 3660 1956 ὁμό-

2085 1977 2248 2074 φυλον
2292 1977 2547 2072 ζητοῦσαι
2582 1994 2676 2047 καὶ
2707 1990 2990 2060 σύννομον.
3026 1983 3348 2054 ’Ἄνθρωπον
3378 1979 3457 2041 δὲ,
3486 1977 3550 2030 τὸ
3577 1977 3664 2028 λο-

2084 2067 2239 2165 γικὸν
2267 2067 2404 2157 ζῶον
2428 2089 2525 2143 καὶ
2549 2087 2778 2157 ἥμερον,
2809 2081 2905 2135 καί
2936 2078 3055 2134 καθ’
3078 2074 3375 2147 ὁμοιότητα
3402 2069 3537 2124 Θεοῦ
3567 2067 3664 2137 τὴν

2086 2161 2396 2255 άγαθότητα
2450 2175 2861 2246 παιδευόμενον.
2922 2167 3118 2241 μικρὸν
3171 2165 3312 2219 οὑτω
3364 2161 3664 2235 φροντίζειν

2085 2276 2193 2329 τῶν
2247 2251 2528 2342 συγγενῶν
2579 2269 2636 2321 ἐν
2685 2266 2806 2328 ταῖς
2856 2262 3144 2332 ὀδυνηραῖς
3200 2258 3307 2311 τῶν
3369 2251 3664 2323 συμφορῶν

2084 2363 2474 2437 περιστάσεσιν
2492 2361 2504 2413 l

2163 2457 2380 2509 Ἐκειτο
2439 2451 2617 2506 τοίνυν
2670 2449 2699 2501 ὁ
2768 2442 3107 2505 πολυώδυνος
3170 2442 3266 2494 καὶ
3336 2437 3665 2507 εὑχάριστος

2090 2553 2278 2623 πένης,
2309 2549 2475 2612 πόδας
2499 2548 2601 2599 οὑκ
2632 2543 2770 2614 έχων
2817 2535 2875 2612 (ἦ
2920 2537 3030 2609 γὰρ
3066 2536 3226 2591 αὑτὸν
3261 2534 3532 2603 ἀλάστορα
3574 2529 3668 2583 καὶ

2091 2621 2437 2714 ὑπερήφανον
2471 2637 2694 2708 ἔφυγεν,
2721 2635 2909 2705 ἓτερον
2949 2631 3113 2684 τόπον
3143 2626 3504 2696 ἐκλεξάμενος
3546 2621 3669 2675 ἀντὶ

2088 2737 2191 2808 τῆς
2230 2733 2543 2802 ξενοκτόνον
2589 2727 2802 2798 πύλης,
2848 2726 2947 2795 τῆς
2981 2720 3375 2790 κεκλεισμένης
3425 2718 3537 2778 τοῖς
3570 2714 3669 2766 πέ-

2091 2806 2309 2899 νησιν),
2367 2820 2565 2895 χειρῶν
2616 2815 3010 2890 ἀφῃρημένος,
3068 2810 3165 2865 καὶ
3227 2810 3349 2862 οὐδὲ
3410 2806 3672 2876 παλάμην

2092 2896 2229 2991 ἔχων
2258 2896 2582 2989 προτείνειν
2628 2912 2707 2973 εἰς
2750 2908 2990 2977 αἴτησιν,
3026 2900 3363 2974 ἐμφραχθεὶς
3412 2897 3554 2953 αὑτὰ
3603 2896 3674 2950 τὰ

2094 3011 2303 3084 ὄργανα
2350 3006 2452 3076 τῆς
2502 3002 2709 3074 φωνῆς,
2742 2999 2836 3053 καί
2868 3012 2991 3051 τινα
3026 2992 3354 3066 βραγχῶσαν
3399 2992 3493 3043 καὶ
3541 3006 3673 3060 τρα-

2094 3080 2246 3174 χεῖαν
2275 3098 2385 3153 τῶν
2415 3096 2651 3167 στέρνων
2689 3090 2828 3163 ἠχὴν
2862 3087 3231 3159 περιιέμενος,
3272 3085 3440 3137 πᾶσιν
3486 3080 3672 3145 ἁπλῶς

2095 3195 2617 3274 ἠκρωτηριασμένος
2656 3194 2770 3254 τοῖς
2817 3189 3055 3262 μέλεσιν,
3087 3186 3245 3240 νόσου
3285 3184 3529 3254 πονηρᾶς
3559 3182 3673 3235 λεί-

2094 3297 2282 3367 ψανον,
2328 3288 2562 3344 ἐλεεινὸν
2612 3285 2920 3355 ὑπόδειγμα
2966 3280 3066 3352 τῆς
3122 3277 3470 3348 ἀνθρωπίνης
3515 3275 3675 3330 ἀσθεη·

2095 3398 2262 3461 νείας.
2301 3392 2440 3448 Ἀλλ’
2477 3393 2628 3464 ὅμως
2665 3389 2786 3442 ούδέ
2819 3383 3071 3446 τοσοῦτος
3123 3380 3422 3448 κατάλογος
3469 3394 3677 3447 συμφο-

2088 3487 2207 3560 ρῶν
2256 3484 2464 3539 ἔκλινεν
2491 3481 2629 3553 πρὸς
2672 3476 2961 3547 ἐπίσκεψιν
2998 3473 3089 3527 τὸν
3124 3471 3433 3542 ὑψαύχενα·
3477 3466 3675 3537 παρῄει

2095 3559 2154 3632 δὲ
2177 3577 2252 3641 ὡς
2284 3575 2430 3628 λίθον
2465 3572 2559 3625 τὸν
2587 3570 2896 3641 ἄνθρωπον,
2930 3562 3336 3635 ἀπροφάσιστον
3369 3559 3467 3631 τὴν
3492 3559 3671 3629 ἁμαρ-

2098 3669 2219 3722 τίαν
2241 3662 2603 3719 ὲπιτελῶν.οὑ
2622 3659 2730 3731 γὰρ
2747 3653 2892 3728 εἶχεν
2909 3652 3306 3724 ἐγκαλούμενος
3315 3650 3492 3719 λέγειν
3507 3647 3677 3701 ταῦτα

2101 3771 2167 3827 τὰ
2205 3766 2358 3821 κοινὰ
2390 3765 2483 3818 καὶ
2528 3759 2892 3833 εὐπρόσωπα·
2947 3757 3062 3811 Οὐκ
3110 3754 3301 3824 ἔγνων,
3335 3752 3449 3806 Οὑκ
3497 3750 3673 3821 ᾔδειν·

2104 3859 2335 3915 Ἔλαθέν
2361 3873 2427 3929 με
2448 3853 2679 3909 ποτνιῶν
2695 3850 2966 3920 ὁπτωχός·
2981 3848 3039 3912 ὃς
3055 3847 3230 3901 ἔκειτο
3246 3844 3352 3917 πρὸ
3366 3844 3461 3915 τῆς
3484 3842 3626 3910 πύλη
3638 3859 3678 3902 ς,

2101 3953 2363 4014 εἰσιόντος
2392 3949 2487 4003 καὶ
2534 3945 2768 4013 ἐξιόντος
2800 3942 3003 4012 θέαμα,
3047 3939 3134 3992 ἵνα
3181 3938 3555 4009 ἀπαραίτητον
3589 3937 3678 4005 ὲρ-

2102 4049 2341 4119 γάσηται
2381 4041 2475 4096 τοῦ
2512 4038 2863 4112 ὑπερηφάνου
2897 4036 2997 4107 τὴν
3026 4031 3323 4101 καταδίκην
3374 4028 3682 4097 Ἐπεθύμει

2103 4138 2342 4196 καὶτῶν
2398 4135 2595 4207 ψιχίων
2646 4133 2747 4203 τῆς
2797 4129 3112 4204 τραπέζης,
3161 4125 3255 4179 καὶ
3309 4123 3430 4176 οὐδὲ
3479 4122 3681 4176 τούτων

2104 4232 2436 4303 ἐτύγχανεν·
2474 4227 2588 4281 ἀλλ’
2626 4225 2656 4277 ὑ
2697 4224 2795 4294 μὲν
2832 4226 2899 4294 τῇ
2953 4220 3239 4292 πλησμονῇ
3287 4216 3678 4289 διερρήγνυτο·

2107 4328 2136 4380 ὁ
2166 4325 2247 4389 δὲ,
2294 4321 2400 4375 ὑπὸ
2448 4319 2547 4390 τῆς
2599 4315 2807 4378 ἐνδείας
2850 4314 3097 4383 ἐτήκετο.
3134 4307 3314 4364 Καλὸν
3355 4305 3448 4362 οῦν
3490 4304 3558 4380 ἦν
3590 4308 3686 4360 καὶ

2144 4415 2314 4468 ίκαιον
2340 4412 2439 4482 τὴν
2477 4405 2788 4462 Χαναναίαν
2830 4403 3044 4475 ἐκείνην
3068 4401 3165 4473 τὴν
3208 4401 3496 4454 Φοίνισσαν
3537 4398 3683 4452 διδά-

2114 4504 2312 4560 σκαλον
2367 4499 2658 4570 ἐπιστῆσαι
2713 4495 2790 4567 τῷ
2840 4491 3214 4565 μισανθρώπῳ
3268 4490 3539 4561 πλουσίῳ,
3593 4488 3684 4542 λέ-

2108 4610 2310 4664 γουσαν
2343 4593 2526 4645 ἐκεῖνα
2554 4588 2623 4642 τὰ
2657 4583 3051 4657 γεγραμμένα·
3085 4585 3191 4650 ὅτι,
3215 4578 3288 4636 Ὦ
3315 4580 3553 4654 ἀλάστορ
3592 4579 3686 4633 καὶ

2109 4695 2449 4767 ὑπερήφανε,
2482 4688 2582 4744 καὶ
2625 4688 2698 4743 τὰ
2754 4684 3007 4754 κυνάρια
3049 4684 3237 4739 ἐσθίει
3268 4682 3389 4737 ἀπὸ
3434 4679 3552 4734 τῶν
3586 4682 3687 4749 ψι-

2110 4787 2257 4856 χίων
2306 4784 2424 4839 τῶν
2484 4781 2828 4836 πιπτόντων
2880 4776 2997 4831 ἀπὸ
3057 4774 3171 4844 τῆς
3235 4771 3523 4843 τραπέζης
3568 4768 3687 4824 τῶν

2108 4879 2332 4948 κυρίων
2364 4873 2593 4930 αὐτῶν·
2639 4873 2704 4926 σὺ
2732 4871 2790 4925 δὲ
2821 4870 2913 4923 τὸν
2946 4868 3177 4939 ἀδελφόν
3210 4884 3325 4932 σου,
3354 4866 3443 4919 τὸν
3479 4863 3689 4936 ὁμόφυ-

2108 4981 2220 5047 λον,
2260 4976 2463 5047 ταύτης
2496 4975 2596 5045 τῆς
2630 4973 2841 5045 δωρεᾶς
2876 4971 2976 5025 οὑκ
3020 4968 3291 5039 ἠξίωσας
3330 4966 3471 5018 Ἀλλ’
3499 4968 3549 5018 οί
3586 4964 3688 5035 μὲν

2106 5081 2274 5145 κύνες
2315 5077 2591 5150 ἐπιμελῶς
2630 5074 2941 5146 ἐτρέφοντο,
2988 5073 3111 5125 κατ’
3153 5071 3291 5124 ἰδίαν
3325 5069 3376 5121 οί
3406 5065 3646 5137 φύλακες
3670 5104 3688 5131 ,

2112 5174 2282 5248 χωρὶς
2308 5173 2358 5227 οἱ
2385 5169 2677 5243 θηρευταί·
2709 5168 2805 5223 καὶ
2836 5167 3034 5237 στέγης
3078 5163 3328 5233 ἠξιοῦντο
3352 5160 3447 5214 καὶ
3477 5158 3687 5230 κλίνης,

2114 5269 2208 5322 καὶ
2276 5262 2619 5338 θεραπευτὰς
2682 5256 2829 5332 εἶχον
2907 5253 3473 5327 άποκεκληρωμένους
3543 5249 3693 5305 κατά

2115 5359 2384 5432 σπουδήν·
2424 5356 2653 5428 ἔρριπτο
2679 5352 2738 5408 δὲ
2776 5351 2954 5423 χαμαὶ
2990 5350 3025 5421 ἡ
3066 5347 3160 5402 τοῦ
3196 5346 3333 5400 Θεοῦ
3362 5342 3527 5399 εἰκὼν
3562 5342 3692 5411 άμε-

2111 5451 2347 5524 λουμένη
2391 5449 2487 5504 καί⁵
2523 5442 2863 5516 πατουμένη,
2908 5441 2976 5514 ἣν
3021 5439 3129 5512 ίδίᾳ
3182 5437 3330 5509 χειρὶ
3360 5438 3389 5490 ὁ
3418 5434 3528 5490 τῶν
3555 5433 3692 5488 ὅλων
3744 5460 3753 5491 ι

2111 5540 2495 5624 ἀριστοτέχνης
2547 5543 2644 5601 καὶ
2691 5541 3024 5614 δημιουργὸς
3086 5538 3457 5595 διεπλάσατο·
3505 5535 3559 5589 εί
3617 5551 3696 5608 τῳ
