4038 6134
368 344 472 399 175

1401 339 1684 395 llOMlLlA
1721 336 1866 393 LDE
1903 332 2132 392 DIVITE
2172 335 2258 392 ET
2299 337 2596 393 LAZARO.

3520 335 3626 396 174·

360 459 603 530 Μωῦσῆς
663 458 974 524 ἀξιόπιστος
1031 455 1416 528 τεκμηριῶσας
1475 456 1583 510 τῶν
1643 455 1944 527 ἀνθρώπων

2069 455 2132 506 'ex
2163 467 2226 508 ac
2258 453 2439 506 mundi
2473 463 2658 507 auctor
2688 453 2926 508 condidit.
2959 457 3000 520 ⁷,
3048 465 3104 509 ιιῑ
3148 456 3229 509 cui
3262 454 3470 526 Moyses
3503 458 3624 513 ido-

359 551 456 621 τὴν
490 550 724 619 γένεσιν.

436 728 500 779 Ei
539 727 637 796 μὲν
665 719 759 779 οὖν
796 725 1150 795 ἐτελεύτησεν
1187 723 1352 795 μέχρι
1381 723 1572 778 τούτου
1617 723 1680 777 τὸ
1712 725 1805 778 τοῦ
1835 726 1946 777 Λα-

362 819 534 890 ζάρου
569 820 837 890 διήγημα,
872 819 970 872 καὶ
1000 818 1177 884 οὕτως
1205 817 1318 890 εἶχε
1370 819 1478 872 τῶν
1529 819 1870 889 πραγμάτων
1913 820 1946 888 ἡ

365 911 548 979 φύσις,
589 910 664 971 ὡς
696 912 763 979 τῇ
795 909 1081 980 ἀνωμαλίᾳ.
1121 908 1214 961 τοῦ
1263 909 1379 978 βίου
1414 908 1602 962 τούτου
1652 908 1752 980 τὴν
1803 908 1948 978 ζωὴν

363 999 523 1069 ἡμῶν
565 997 1024 1067 περιγράφεσθαι,
1069 996 1308 1066 μεγάλας
1344 997 1410 1050 ἂν
1459 996 1650 1066 ἀφῆκα
1700 996 1946 1066 σχετλιά-

367 1089 476 1153 ζων
512 1089 696 1156 φωνάς
719 1104 731 1117 ·
783 1089 868 1157 ἐφ’
896 1085 978 1150 οἷς
1007 1088 1056 1139 οἱ
1095 1086 1405 1150 κτισθέντες
1444 1087 1745 1158 ὁμοτίμως,
1775 1086 1947 1150 οὕτως

367 1180 566 1242 ἀνίσως
618 1179 754 1249 μετὰ
802 1179 912 1231 τῶν
970 1178 1256 1249 ὁμοφύλων
1310 1179 1608 1250 διάγομενο
1644 1178 1833 1250 ἐπειδὴ
1889 1179 1949 1232 δὲ

366 1271 509 1324 καλά
552 1269 621 1322 τά
653 1269 947 1340 λειπόμενα
984 1270 1120 1341 πρὸς
1168 1270 1454 1340 ἀκρόασιν,
1499 1272 1556 1324 ὲν
1585 1273 1698 1333 τοῖς
1747 1270 1951 1342 παρελ-

368 1361 522 1414 θοῦσι
571 1359 866 1426 στενάξας,
907 1362 935 1412 ὁ
965 1360 1156 1431 πένης,
1205 1362 1262 1413 ὲν
1295 1363 1406 1424 τοῖς
1453 1360 1766 1424 ἀκολούθοις
1799 1359 1952 1413 εὐθύ-

370 1471 566 1525 μησον,
618 1453 805 1524 μαθὼν
844 1452 940 1504 τοῦ
994 1451 1326 1524 συμπτώχω
1378 1471 1471 1507 σου
1518 1453 1618 1524 τὴν
1671 1453 1950 1525 μακαρίαν

366 1545 692 1598 ἀπόλαυσιν.
741 1545 1010 1616 Εὑρήσεις
1065 1545 1171 1616 γὰρ
1219 1545 1428 1598 δικαίου
1485 1544 1674 1616 κριτοῦ
1726 1545 1952 1616 ἀκριϐὲς

365 1636 739 1707 δικαστήριον,
762 1639 820 1688 ἐν
913 1636 1157 1700 στενάζει
1182 1639 1212 1689 ὁ
1238 1637 1615 1709 ἡδυπαθήσας,
1643 1637 1738 1690 καὶ
1771 1638 1952 1709 τρυφᾷ

367 1729 398 1779 δ
427 1728 740 1797 μοχθήσας’
805 1728 1061 1797 ἑκάτερος
1090 1728 1147 1780 δὲ
1187 1729 1471 1798 κομίζεται
1517 1727 1584 1782 τὰ
1626 1727 1764 1800 πρὸς
1796 1727 1950 1792 ἀξίαν

370 1819 526 1889 ὲπίχε
535 1836 548 1870 ι
558 1835 642 1888 ρα.

456 1909 721 1979 Ἐγένετο
760 1909 828 1962 δὲ
862 1909 1189 1964 ἀποθανεῖν
1247 1909 1354 1962 τὸν
1400 1909 1660 1978 πτωχὸν,
1708 1908 1806 1963 καὶ
1837 1909 1948 1962 ὰπ-

369 1999 693 2068 ενεχθῆναι
750 1999 868 2054 ὑπὸ
932 1998 1054 2053 τῶν
1114 1998 1380 2068 ἀγγέλων
1440 2001 1528 2064 εις
1580 1999 1688 2051 τὸν
1723 1999 1958 2052 κόλπον

385 2092 656 2160 Ἀϐραάμ.
698 2091 863 2162 Ὁρᾷς
906 2092 1036 2153 τοὺς
1077 2090 1423 2153 διακονιστὰς
1466 2089 1560 2142 τοῦ
1610 2089 1821 2142 δικαίου
1866 2090 1958 2140 καὶ

371 2183 628 2255 πένητος,
655 2184 750 2238 καὶ
778 2185 906 2246 τοὺς
942 2183 1220 2254 ὑπηρέτας
1251 2182 1350 2253 τῆς
1384 2182 1799 2252 μεταστάσεως;
1833 2181 1960 2248 Ἅγ-

374 2275 524 2344 γελοι
573 2273 684 2344 γὰρ
724 2273 1105 2344 ἐδορυφόρουν,
1145 2271 1374 2340 γαληνόν
1409 2288 1468 2324 τε
1508 2271 1603 2323 καὶ
1658 2272 1832 2342 πρᾶον
1878 2273 1958 2334 είς

375 2365 539 2417 αὐτὸν
571 2363 880 2433 βλέποντες,
909 2365 1003 2416 καὶ
1035 2362 1112 2432 τῷ
1151 2364 1250 2433 σχή
1262 2379 1388 2432 ματι
1433 2362 1828 2432 προδηλοῦντες
1860 2362 1960 2431 τὴν

375 2456 754 2525 ἀναμένουσαν
795 2455 957 2507 αὐτὸν
991 2453 1286 2526 θεραπείαν
1333 2453 1427 2506 καὶ
1460 2453 1662 2508 ἄνεσιν.
1705 2455 1958 2526 Ἐνετέθη

375 2544 434 2597 δὲ
460 2543 744 2613 κομισθεὶς
771 2545 886 2606 τοῖς
913 2543 1134 2606 κόλποις
1146 2541 1240 2596 τοῦ
1282 2542 1648 2614 πατριάρχου·
1676 2543 1704 2595 ὃ
1739 2545 1830 2596 καὶ
1846 2543 1961 2596 δια-

377 2635 671 2704 πορήσεως
695 2634 944 2704 ἀφορμὴν
985 2634 1215 2705 παρέχει
1243 2636 1354 2697 τοῖς
1386 2635 1556 2704 ἡδέως
1587 2635 1654 2688 τά
1686 2635 1822 2706 βάθη
1852 2635 1962 2689 τῶν

379 2726 620 2798 Γραφῶν
647 2725 1041 2796 βασανίζουσιν.
1066 2728 1129 2780 Et
1158 2727 1268 2800 γὰρ
1299 2729 1408 2790 adi;
1434 2727 1702 2780 τελευτῶν
1755 2727 1963 2790 δίκαιος

380 2819 524 2891 πρὸς
580 2818 671 2871 τὸν
700 2819 859 2873 αὑτὸν
905 2817 1184 2889 κομίζοιτο
1229 2819 1412 2881 τόπον,
1445 2818 1613 2882 πολύς
1649 2835 1731 2882 τις
1766 2818 1832 2872 ἂν
1876 2817 1963 2888 εἴη

380 2911 479 2963 καὶ
509 2909 597 2962 ἐπ’
621 2909 848 2981 ἄπειρον
879 2910 1272 2980 ἀνηπλωμένος
1308 2912 1337 2962 ὁ
1359 2908 1578 2976 κόλπος,
1604 2908 1657 2961 εἴ
1683 2925 1744 2978 γε
1782 2909 1964 2979 μέλλοι

381 3001 689 3073 χωρητικὸς
733 3001 951 3054 ἔσεσθαι
999 3000 1093 3054 τοῦ
1131 3001 1368 3074 πλήθους
1408 3002 1519 3056 τῶν
1550 3003 1710 3057 ὁσίων
1741 3003 1959 3066 παντός.

382 3094 446 3146 Et
493 3092 551 3145 δὲ
585 3091 744 3145 τοῦτο
785 3092 1068 3157 παντελῶς
1106 3095 1387 3164 ἀμήχανον
1423 3095 1643 3164 (κόλπος
1693 3096 1802 3166 γάρ
1842 3113 1957 3148 κοι-

382 3183 598 3247 λανθεὶς
673 3183 844 3254 ἄνδρα
902 3186 1002 3255 μὲν
1052 3185 1146 3239 καὶ
1200 3186 1298 3238 ἕνα
1348 3186 1658 3257 δυσχερῶς,
1707 3188 1858 3257 μόλις
1906 3188 1961 3241 δὲ

381 3275 478 3329 δύο
511 3276 854 3346 περιστέλλει
882 3277 1102 3348 βρέφη),
1134 3277 1336 3348 θεωρία
1367 3295 1451 3342 τις
1486 3280 1632 3349 ἡμᾶς
1661 3280 1965 3349 ἐκδέχεται,

381 3369 450 3438 τῇ
486 3367 656 3420 εικόνι
699 3366 795 3420 τοῦ
843 3367 1102 3438 αἰσθητοῦ
1152 3369 1379 3432 κόλπου,
1425 3369 1560 3439 πρὸς
1607 3371 1802 3440 νοητήν
1848 3388 1967 3426 τινα

384 3459 774 3530 πραγματείαν
826 3460 1261 3529 χειραγωγοῦσα.
1304 3460 1369 3511 Τί
1403 3459 1512 3531 γάρ
1558 3461 1674 3512 ἐστι
1722 3461 1783 3513 τὸ
1818 3461 1969 3530 λεγό-

388 3568 550 3622 μενον
564 3567 582 3616 ;
628 3551 689 3604 Ὀ
741 3550 1025 3622 Ἀϐραὰμ,
1082 3552 1264 3621 φησὶν,
1318 3551 1637 3620 ἀποδέχεται
1697 3552 1823 3615 τοὺς
1876 3552 1968 3604 τὸν

384 3643 768 3696 εὐπολίτευτον
831 3642 1106 3713 ζήσαντας
1152 3641 1291 3712 βίον.
1351 3643 1487 3696 Εἰπὲ
1538 3643 1740 3708 τοίνυν,
1787 3637 1832 3696 ὦ
1883 3643 1971 3695 θε-

387 3732 580 3786 σπέσιε
625 3732 812 3784 Λουκᾶ
846 3730 940 3801 (ὡς
983 3732 1120 3802 πρὸς
1165 3732 1411 3800 παρόντα
1451 3731 1561 3804 γάρ
1596 3749 1654 3784 σε
1693 3731 1788 3785 καὶ
1832 3731 1970 3804 ὁρώ-

389 3838 553 3893 μενον
585 3820 942 3892 διαλέξομαι),
971 3821 1059 3874 διὰ
1096 3821 1149 3874 τί
1183 3821 1393 3874 πολλῶν
1431 3822 1600 3876 ὄντων
1625 3822 1846 3876 δικαίων
1875 3823 1970 3877 καὶ

387 3913 778 3985 πρεσϐυτέρων
819 3913 915 3968 τοῦ
953 3914 1231 3986 Ἀϐραάμ,
1277 3914 1482 3986 ταύτην
1527 3915 1638 3968 τῶν
1683 3916 1970 3987 μεθηλικε-

391 4005 600 4076 στέρων
652 4005 753 4077 τὴν
817 4006 984 4078 τιμὴν
1057 4006 1457 4079 ἀπεκλήρωσας
1485 4046 1498 4072 ,
1549 4009 1832 4078 σιωπήσας
1879 4008 1970 4062 τὸν

401 4095 596 4166 Ἑνὼχ,
644 4097 735 4150 τὸν
779 4096 924 4158 Νῶε,
958 4099 1054 4151 καὶ
1086 4097 1140 4149 εί
1179 4115 1262 4162 τις
1311 4098 1469 4162 ἄλλος
1524 4097 1668 4151 κατά
1710 4097 1801 4152 τὸν
1859 4099 1972 4168 βίον

386 4187 602 4252 τούτοις
653 4188 973 4255 ἀκόλουθος;
1013 4189 1176 4244 Ἀλλά
1227 4207 1320 4242 σου
1373 4190 1516 4259 τάχα
1576 4190 1830 4260 συνίημι,
1878 4191 1973 4244 καὶ

387 4281 493 4332 οὐκ
538 4278 644 4343 ἐξω
696 4281 876 4350 βάλλει
921 4279 1017 4332 τοῦ
1065 4280 1271 4335 σκοποῦ
1315 4280 1351 4335 ἃ
1404 4280 1710 4350 λογίζομαι.
1753 4281 1970 4354 Ἐπειδὴ

390 4369 502 4441 γὰρ
534 4371 564 4422 ὁ
603 4370 855 4442 Ἀϐραὰμ
887 4371 1140 4442 θεράπων
1185 4370 1448 4442 Χριστοῦ,
1483 4371 1575 4426 καὶ
1608 4371 1972 4444 διαφερόντως

389 4455 549 4525 οὗτος
599 4462 900 4533 ἀνθρώπων
945 4462 1013 4516 τά
1049 4463 1151 4532 τῆς
1215 4461 1310 4515 τοῦ
1359 4460 1595 4534 Χριστοῦ
1647 4463 1973 4533 ἐπιφανείας
2005 4505 2051 4561 D

391 4553 633 4619 ἐδέξατο,
662 4556 756 4607 καὶ
782 4554 842 4607 τὸ
872 4555 974 4624 τῆς
1006 4553 1236 4624 Τριάδος
1277 4555 1573 4626 μυστήριον
1607 4554 1808 4619 ἱκανῶς
1842 4556 1973 4625 ἡμῖν

393 4648 452 4699 ὲν
481 4648 547 4716 τῇ
591 4647 762 4716 σκηνῇ
805 4645 898 4698 τοῦ
937 4645 1196 4717 γέροντος
1222 4644 1415 4697 τούτου
1447 4643 1775 4715 διετυπὼθη,
1811 4645 1975 4714 ἥνικα

392 4740 520 4802 τοὺς
553 4741 704 4810 τρεῖς
734 4739 998 4808 ἀγγέλους
1030 4739 1106 4802 ὡς
1140 4738 1341 4808 ἄνδρας
1386 4737 1698 4808 ὁδοιπόρους
1737 4737 1973 4804 ἐξένισε’

395 4831 490 4882 καὶ
517 4829 705 4893 ἁπλῶς
741 4831 805 4881 ἐκ
856 4828 1065 4883 πολλῶν
1099 4829 1375 4900 μυστικῶν
1408 4829 1748 4900 αἰνιγμάτων
1779 4831 1977 4892 οἰκεῖος

397 4920 682 4992 ἄνθρωπος
735 4913 892 4983 οὗτος
940 4919 1232 4990 γεγένηται
1286 4917 1380 4972 τοῦ
1433 4917 1590 4984 Θεοῦ,
1621 4917 1714 4970 τοῦ
1763 4917 1976 4989 χρόνοις

398 5010 622 5081 ὕστερον
655 5011 1066 5082 ἀμφιεσαμένου
1091 5011 1189 5081 τὴν
1221 5010 1416 5081 σάρκα,
1446 5011 1540 5063 καὶ
1575 5009 1664 5063 διὰ
1692 5009 1857 5080 μέσου
1880 5008 1974 5062 τοῦ

398 5102 748 5172 ἀνθρωπικοῦ
788 5102 982 5156 τούτου
1027 5103 1529 5172 παραπετάσματος
1571 5100 1816 5172 ἐναργῶς
1853 5103 1976 5171 όμι-

397 5193 660 5262 λησαντος
680 5197 794 5259 τοῖς
823 5193 1156 5266 ἀνθρώποις·
1176 5195 1262 5248 διά
1283 5193 1458 5257 τοῦτο,
1482 5192 1572 5246 τὸν
1594 5192 1790 5245 κόλπον
1814 5193 1977 5246 αὐτοῦ

397 5280 512 5338 οἷον
550 5286 721 5341 essm
754 5306 874 5341 τινα
907 5287 1098 5358 λιμένα
1134 5288 1226 5341 καὶ
1274 5285 1538 5339 ἄκλυστον
1571 5285 1978 5355 ἀναπαυτήριον

466 5425 487 5456 ⁷
522 5422 658 5478 Gen.
701 5440 759 5489 ιι,
797 5424 890 5478 ίὶ7.

473 5550 547 5621 (6)
589 5551 856 5622 Sequioris
886 5554 1059 5607 a'tutis
1080 5553 1299 5611 homini.
1334 5552 1450 5606 τῶν
1466 5554 1982 5622 μεθηλικεστέρων

399 5623 864 5692 ἀπεκλήρωσας.
917 5624 998 5676 Sil
1034 5625 1170 5675 forte
1216 5623 1292 5692 τῷ
1325 5622 1785 5694 μεθηλικεστὲρῳ.
1835 5628 1981 5690 Quo-

402 5695 562 5747 modo
593 5695 724 5748 nihil
759 5694 1118 5762 supplendum
1147 5701 1237 5745 aut
1273 5693 1484 5746 durum.
1543 5693 1763 5747 Videtur
1811 5695 1978 5747 inter-

403 5778 525 5832 pres
575 5777 695 5818 eam
748 5779 936 5817 vocem
991 5764 1265 5816 contrario
1319 5779 1477 5818 sensu
1538 5765 1854 5827 reddidisse,
1916 5780 1978 5817 ac

1991 3145 2038 3207 C

2051 559 2182 598 neus
2220 559 2282 599 ac
2336 544 2439 597 ﬁde
2491 544 2682 614 dignus
2728 546 2963 616 scriptor
3005 547 3250 601 videatur
3293 549 3490 602 conditi
3521 548 3623 606 ho-

2049 634 2229 689 minis.

2121 725 2277 793 Quod
2332 726 2376 780 si
2427 726 2514 781 bic
2552 727 2655 782 loci
2693 729 2919 784 historia
2950 729 3141 784 Lazari
3175 731 3399 786 haberet
3440 731 3624 798 ﬁnem,

2050 817 2236 886 sicque
2281 833 2459 872 rerum
2508 828 2699 873 natura
2743 818 2930 884 ferret,
2971 829 3029 874 ιιι
3072 830 3178 876 tam
3216 823 3424 876 diversa
3461 838 3525 877 ac
3553 823 3629 877 in-

2058 907 2249 976 asquali
2276 917 2441 973 sorte,
2473 909 2722 962 humana:
2763 909 2884 964 vitae
2918 913 3245 967 curriculum
3281 914 3624 976 deﬁniretur.

2049 1000 2155 1052 alta
2203 1013 2334 1052 sane
2379 1015 2442 1053 ac
2474 1011 2684 1053 exserta
2719 1015 2847 1055 voce
2882 1002 3279 1072 deplangerem,
3321 1005 3463 1074 quod
3509 1006 3626 1074 pari

2051 1089 2258 1143 honore
2283 1091 2508 1156 conditi,
2541 1107 2708 1160 usque
2745 1094 2880 1148 adeo
2911 1093 3265 1164 inaequalibus
3301 1096 3472 1150 modis
3503 1112 3626 1150 cum

2051 1182 2333 1236 tribulibus
2378 1198 2682 1254 ageremus.
2735 1185 3041 1249 Enitnvero,
3095 1201 3216 1240 cum
3262 1201 3324 1240 ea
3370 1203 3488 1256 quae
3546 1202 3632 1242 re-

2051 1279 2197 1325 stant
2226 1272 2406 1324 auditu
2439 1272 2694 1341 praeclara
2727 1274 2855 1336 sint,
2876 1274 3226 1344 qui.panper,
3258 1275 3629 1345 snperidribus

2051 1362 2400 1433 adgemuisti,
2444 1364 2584 1417 bono
2625 1366 2874 1434 deinceps
2898 1377 3016 1421 esto
3047 1367 3245 1430 animo,
3281 1367 3522 1436 ejusdem
3553 1375 3634 1420 te-

2052 1467 2173 1507 cum
2209 1455 2371 1509 sortis
2400 1458 2651 1524 pauperis
2684 1459 3006 1512 condiscens
3037 1457 3450 1512 beatitudinem.
3479 1457 3634 1513 Com-

2051 1543 2228 1611 peries
2249 1545 2392 1598 enim
2437 1545 2567 1614 justi
2598 1546 2794 1614 judicis
2818 1560 3064 1603 exactum
3100 1549 3354 1615 tribunal,
3400 1551 3497 1603 sub
3525 1564 3634 1618 quo

2054 1634 2390 1703 voluptarius
2411 1636 2498 1690 ille
2527 1647 2708 1706 gemat
2728 1653 2789 1692 ac
2819 1639 2990 1709 ploret
3015 1680 3029 1705 ,
3057 1640 3464 1708 meudicusqne,
3493 1642 3630 1696 bene

2055 1741 2117 1780 ac
2161 1727 2385 1796 pulchre
2441 1729 2634 1784 habeat
2669 1767 2682 1793 ,
2741 1745 2804 1785 ac
2856 1732 3181 1802 condignum
3228 1742 3455 1802 uterque
3497 1747 3633 1803 prae-

1985 1805 2026 1858 Β
2057 1820 2222 1874 mium
2259 1821 2416 1874 ferat.

2128 1909 2355 1964 Factum
2389 1922 2464 1966 est
2494 1922 2666 1966 autent
2697 1923 2753 1967 ut
2783 1924 3074 1967 moreretur
3113 1916 3382 1969 mendicus
3413 1927 3458 1968 et
3512 1931 3637 1986 por-

2056 2011 2258 2055 taretur
2287 2002 2350 2055 ab
2379 2003 2577 2073 angelis
2610 2004 2663 2057 in
2693 2005 2867 2058 sinum
2902 2003 3152 2059 Abrahw.
3192 2006 3355 2060 Vides
3380 2006 3633 2076 pauperis

2058 2107 2120 2145 ac
2141 2091 2272 2160 justi
2301 2092 2553 2157 famulos,
2592 2094 2816 2164 ejusque
2867 2097 3202 2166 migrationis
3245 2097 3638 2151 administros?

2061 2184 2270 2255 Quippe
2319 2185 2492 2255 angeli
2538 2187 2796 2243 satellitio
2837 2189 3146 2260 Cingebanl,
3185 2190 3379 2244 blande
3422 2206 3485 2243 ae
3519 2191 3633 2259 pla-

2061 2275 2181 2330 cide
2211 2279 2262 2330 in
2299 2291 2421 2330 eum
2467 2278 2760 2345 intuentes,
2793 2281 3011 2350 orisque
3046 2281 3230 2335 habitu
3263 2283 3553 2351 repositum
3587 2282 3636 2337 ei

2064 2367 2285 2438 litt'tmen
2349 2385 2413 2424 ac
2474 2373 2851 2425 remissionem
2914 2373 3172 2441 pra‘ludio
3240 2374 3634 2426 monstrabant.

2060 2458 2255 2525 Porro,
2281 2459 2597 2527 deportatus
2630 2461 2740 2527 ille,
2767 2461 2816 2514 itt
2850 2463 2970 2516 sinu
3009 2461 3330 2531 patriarcha:
3355 2463 3635 2530 depositus

2063 2561 2144 2601 est
2173 2563 2188 2602 :
2219 2549 2361 2617 quod
2390 2550 2605 2618 quidem
2637 2550 2704 2604 iis
2737 2566 2923 2604 ansam
2952 2551 3266 2620 quastionis
3298 2551 3520 2619 prtebet,
3547 2551 3636 2619 qni

2065 2639 2310 2695 lubentes
2339 2639 2741 2709 Seriptnrarum
2779 2638 3044 2710 profunda
3074 2650 3404 2696 scrutantur.
3447 2641 3633 2708 Siqui-

2067 2732 2187 2784 dem
2233 2730 2376 2784 enim
2407 2728 2672 2798 justorum
2714 2731 2938 2799 quilibet
2980 2731 3087 2784 vita
3130 2731 3396 2785 excedens
3431 2731 3481 2784 in
3517 2746 3638 2784 eum

2066 2819 2307 2875 defertur
2331 2820 2530 2885 locum,
2569 2821 2901 2891 peramplum
2941 2835 3071 2875 sane
3102 2835 3166 2875 ac
3203 2822 3485 2877 immensis
3518 2837 3642 2888 spa-

2068 2911 2157 2966 tiis
2206 2912 2498 2967 distentum
2545 2913 2719 2966 sinum
2777 2912 2920 2966 hunc
2968 2922 3179 2982 oportet
3227 2928 3367 2978 esse,
3412 2922 3466 2966 ut
3499 2914 3548 2967 in
3577 2927 3644 2966 eo

2067 3008 2376 3054 sanctorum
2411 3001 2588 3055 omnis
2622 3001 2910 3055 multitudo
2946 3003 3269 3055 continenda
3303 3004 3389 3056 sit.
3422 3003 3554 3057 Cum
3589 3005 3640 3054 i:|

2068 3104 2198 3144 vero
2228 3105 2449 3159 prorsus
2488 3091 2606 3144 ﬁeri
2643 3100 2872 3160 nequeat
2905 3092 3077 3162 (sinus
3118 3094 3258 3147 enim
3301 3097 3644 3161 quantumvis

2069 3196 2230 3237 cavus
2261 3193 2314 3235 et
2358 3196 2548 3250 capax,
2601 3181 2684 3235 vel
2746 3197 2908 3235 unum
2956 3197 3098 3250 (egre
3147 3183 3363 3249 virum,
3416 3184 3646 3236 infantes

2069 3273 2154 3325 vix
2210 3271 2344 3326 duos
2395 3271 2843 3340 complectatur):
2881 3274 3108 3342 mystica
3149 3275 3393 3341 quaedam
3445 3274 3644 3326 intelli-

2073 3365 2252 3434 gentia
2281 3363 2539 3429 occurrit,
2590 3363 2911 3430 sensilisque
2956 3363 3108 3418 sinus
3150 3363 3400 3432 imagine,
3429 3365 3494 3418 ad
3523 3381 3645 3418 sen-

2072 3469 2163 3509 sus
2193 3453 2454 3524 spiritalis
2485 3453 2770 3508 medullam
2814 3469 2969 3506 tnanu
3005 3453 3172 3508 ducit.
3205 3454 3342 3519 Quid
3380 3456 3521 3507 enim
3559 3457 3644 3509 hic

2074 3546 2305 3602 dicitur?
2335 3543 2597 3599 Nimirum
2626 3546 2902 3615 suscipere
2930 3544 3201 3598 Abraham
3245 3559 3340 3598 eos
3388 3546 3476 3613 qui
3514 3547 3648 3598 bene

2075 3651 2139 3691 ac
2166 3647 2310 3691 recte
2333 3637 2496 3691 vitam
2528 3636 2898 3691 instituerunt.
2928 3641 3039 3705 Age
3066 3636 3268 3706 itaque,
3297 3637 3476 3691 divine
3500 3637 3642 3692 Luca

2074 3730 2219 3800 (nam
2247 3729 2393 3783 velut
2421 3741 2737 3798 praesentem
2767 3737 2817 3782 te
2845 3744 2906 3783 ac
2933 3730 3002 3783 ob
3028 3727 3212 3782 oculos
3241 3730 3470 3798 positum
3501 3745 3648 3782 com-

2074 3818 2304 3891 pellabo)
2329 3836 2342 3883 ;
2376 3821 2505 3888 quid
2533 3833 2730 3886 causa,
2760 3830 2818 3874 ut
2848 3819 3029 3875 multis
3056 3819 3221 3890 justis
3248 3836 3310 3874 ac
3342 3822 3650 3875 Abrabamo

2075 3912 2486 3981 antiquioribus,
2508 3913 2650 3966 hunc
2668 3913 3002 3981 potissimum
3022 3912 3281 3967 honorem
3299 3912 3374 3983 (6)
3388 3912 3650 3981 sequioris

2074 4003 2248 4058 anatis
2293 4003 2494 4056 homini
2531 4004 2914 4071 assignaverls,
2945 4004 3258 4073 praeteriens
3285 4003 3486 4066 Enoclt,
3517 4003 3645 4067 Noe,

2084 4112 2146 4150 ac
2173 4096 2217 4150 si
2263 4095 2352 4164 qui
2412 4109 2505 4149 eos
2559 4094 2778 4164 paribus
2833 4096 2958 4149 vitze
3011 4097 3204 4150 studiis
3257 4097 3424 4149 secuti
3483 4095 3654 4148 sunt?

2079 4188 2389 4250 Enimvero,
2448 4197 2682 4242 mentem
2726 4185 2839 4255 jam
2895 4199 3039 4242 tuam
3096 4187 3394 4256 intelligere
3426 4187 3648 4252 videor;

2077 4293 2178 4332 nec
2222 4279 2355 4344 abit,
2410 4288 2469 4331 ut
2524 4279 2738 4348 epinor,
2792 4288 2944 4331 extra
3002 4293 3224 4346 scopum
3287 4277 3647 4332 ratiocinatio.

2080 4368 2230 4435 Quod
2255 4369 2397 4424 enim
2431 4369 2773 4423 Abrahamus
2803 4368 3023 4424 Clu-isto
3050 4369 3347 4438 impensius
3376 4369 3650 4432 servierit,

2079 4461 2238 4530 eique
2262 4475 2320 4514 se
2350 4458 2457 4524 ille,
2486 4473 2596 4527 pra:
2642 4458 2960 4514 mortalibus
3007 4459 3144 4523 aliis,
3195 4458 3392 4514 divinis
3436 4461 3651 4528 appari-

2081 4551 2318 4604 tionibus
2359 4549 2706 4614 revelaverit,
2747 4558 2907 4618 atque
2937 4549 2989 4604 in
3023 4549 3168 4604 illius
3207 4549 3353 4603 senis
3404 4548 3651 4602 taberna-

2081 4642 2202 4696 culo
2257 4642 2541 4695 Trinitatis
2593 4644 2910 4713 mysterium
2991 4639 3206 4695 abunde
3261 4640 3417 4694 nobis
3463 4642 3650 4693 adum-

2079 4729 2292 4785 bratum
2339 4731 2431 4793 sit,
2480 4747 2600 4785 cum
2645 4742 2755 4786 tres
2799 4730 3017 4801 angelos
3058 4731 3294 4784 virorum
3335 4730 3650 4799 peregrino-

2081 4840 2198 4879 rum
2250 4824 2448 4891 specie,
2505 4823 2740 4892 bospitio
2790 4823 3071 4891 suscepit;
3135 4827 3276 4892 quod
3323 4823 3556 4892 denique
3583 4836 3650 4878 ex

2080 4916 2322 4987 mysticis
2357 4915 2536 4970 multis
2566 4915 2964 4986 aznigmatibus,
2996 4914 3138 4968 idem
3168 4914 3272 4982 ille,
3308 4915 3422 4979 Dei,
3451 4915 3539 4984 qui
3565 4913 3618 4968 fu
3637 4945 3654 4955 ο

2085 5010 2226 5063 turis
2291 5007 2631 5076 postmodum
2696 5007 3028 5076 temporibus
3087 5019 3304 5060 carnem
3372 5007 3654 5060 induturus

2085 5111 2248 5165 esset,
2279 5116 2342 5156 ac
2379 5102 2554 5155 medio
2593 5101 2947 5156 humanitatis
2977 5099 3095 5154 velo
3121 5099 3295 5170 palam
3325 5116 3447 5154 cum
3478 5102 3652 5154 bomi‘

2088 5194 2246 5246 nibus
2297 5203 2440 5248 esset
2488 5204 2819 5258 versaturus,
2867 5195 3208 5249 necessarius
3257 5196 3652 5260 quodammodo

2085 5300 2148 5337 ac
2181 5283 2464 5339 familiaris
2509 5283 2733 5341 clla-ctus
2782 5287 2882 5352 sit;
2941 5286 3145 5341 idcirco
3168 5286 3284 5358 ejus
3317 5289 3514 5352 sinum,
3558 5301 3654 5338 ceu

2091 5553 2236 5607 velut
2265 5567 2378 5606 aevo
2416 5553 2748 5625 superiorem
2786 5551 3138 5622 signiﬁcaret,
3171 5554 3312 5625 quod
3343 5551 3476 5625 satis
3497 5551 3658 5605 abso-

2091 5639 2216 5677 num
2243 5633 2342 5676 est.
2381 5621 2495 5675 Alia
2525 5635 2607 5676 est
2637 5623 2715 5675 vis
2747 5621 3152 5691 propositionis,
3182 5621 3301 5678 cum
3332 5621 3403 5691 de
3440 5629 3658 5691 attempt

2092 5693 2445 5763 alternatione
2505 5685 3166 5763 ιιιυίιιιι,’μεθηλικίωσις
3209 5701 3263 5747 et
3313 5685 3658 5762 μεθηλικιοῦ·

2093 5761 2235 5824 σθαι,
2269 5762 2492 5831 singulis
2523 5761 2820 5830 quibusque
2851 5761 3165 5830 se‘ptenniis.
