4070 6142
383 319 484 374 1-75
1643 322 1702 378 S.
1743 320 2014 377 ASTERII
2052 321 2357 378 AMASENI
2432 330 2445 339 ‘
3526 316 3627 373 l-‘t'ii

384 434 1036 523 tranquillumquemdam
1082 444 1317 505 portum,
1360 444 1522 507 atque
1568 437 1633 492 ab
1671 437 1816 493 omni
1852 436 1950 491 ﬂu-

2053 433 2189 492 εἷναι
2238 437 2344 492 τῶν
2376 434 2594 489 δικαίων
2624 434 2806 505 φησίν.
2846 434 2933 486 Ἐν
2982 394 3198 503 Χριστῴ
3249 432 3358 504 γὰρ
3408 434 3628 487 πάντων

380 537 564 584 ctuum
592 527 881 597 agitatione
910 527 1151 595 quietum
1203 527 1402 595 locum,
1447 529 1600 583 dicit.
1641 528 1696 582 ln
1729 529 1947 584 Christo

381 618 546 683 enim,
571 628 814 672 nostrum
831 618 1069 671 omnium
1092 618 1237 672 salus
1252 626 1353 684 est,
1373 634 1434 674 ac
1458 634 1578 688 spes
1594 619 1949 689 exspectatio-

383 727 490 782 que
524 709 688 764 luturi
721 711 925 775 saeculi,
961 712 1050 780 qtti
1088 709 1380 764 secundum
1419 711 1708 764 humanam
1741 710 1946 765 seriem

381 816 449 857 ex
496 816 658 856 carne
700 802 991 855 Ahrahami
1041 816 1264 870 germen
1337 801 1763 870 prodiit:atqne
1814 802 1949 855 adeo

381 889 651 951 existimo,
685 889 783 942 viri
812 890 958 942 senis
984 889 1239 943 honorem
1268 898 1322 941 et
1345 890 1508 943 decus
1532 889 1582 941 in
1616 889 1947 943 Salvatorem

380 979 605 1043 referri,
637 979 728 1048 qui
761 988 843 1033 est
867 979 1028 1049 jndex
1063 994 1123 1031 ac
1150 978 1456 1046 pra'miator
1479 979 1713 1041 virtutis,
1745 976 1948 1047 justosv

380 1085 487 1140 que
536 1070 729 1124 blanda
773 1069 859 1123 illa
908 1085 970 1122 ac
1012 1069 1331 1122 demulcenti
1378 1083 1506 1121 voce
1552 1068 1860 1137 compellat,
1886 1082 1950 1123 ac

379 1159 550 1217 dicit:
593 1159 796 1222 Venite,
828 1158 1083 1212 benedicti
1130 1156 1309 1211 Patris
1351 1158 1473 1221 mei,
1518 1158 1777 1227 possidete
1799 1173 1951 1227 para-

366 1238 488 1305 tum
514 1249 655 1304 vobis
686 1266 899 1320 regnum
916 1245 973 1305 ’⁸.

453 1340 681 1395 Factum
711 1350 784 1394 est
815 1352 990 1395 autem
1020 1350 1075 1392 ut
1109 1356 1303 1406 pauper
1317 1353 1631 1397 moreretur.
1666 1343 1779 1397 Duo
1810 1357 1952 1412 quat-

378 1433 501 1487 dam
549 1431 692 1485 circa
745 1445 1031 1500 pauperem
1074 1439 1369 1495 notantur;
1416 1447 1606 1501 nempe
1660 1433 1948 1489 necessarii

379 1530 711 1578 commeatus
744 1524 990 1592 penuria,
1028 1531 1079 1576 et
1117 1525 1375 1577 modestia
1422 1525 1611 1592 animi,
1647 1541 1709 1579 ac
1732 1525 1951 1580 humilis

378 1630 591 1670 morum
627 1614 963 1682 compositio.
1012 1612 1088 1668 Ne
1131 1629 1259 1683 ergo
1317 1616 1563 1685 quisquis
1613 1632 1813 1687 pauper
1844 1626 1947 1684 est,

379 1722 445 1763 ac
476 1707 717 1776 pecunia:
749 1705 979 1774 indigns,
1013 1709 1315 1775 pannisque
1340 1709 1571 1774 obsitus,
1604 1709 1819 1761 virtutis
1847 1709 1946 1763 sibi

379 1797 615 1851 vindicet
650 1796 881 1860 laudem,
927 1807 1016 1849 aut
1052 1806 1349 1866 egestatem
1384 1800 1514 1852 satis
1547 1800 1744 1853 habere
1769 1800 1835 1852 ad
1858 1814 1949 1854 sa-
1979 1784 2021 1838 Β

378 1888 545 1943 lutem
576 1888 868 1942 existimet.
909 1886 1026 1941 Non
1066 1889 1211 1943 enim
1264 1889 1472 1944 laudem
1519 1890 1682 1945 habet
1729 1892 1819 1959 qui
1862 1905 1952 1945 ue—

380 1980 636 2035 cessitate
659 1988 741 2033 est
766 1994 970 2049 pauper
1000 1996 1014 2033 :
1049 1980 1141 2034 sed
1176 1981 1220 2035 is
1255 1982 1473 2035 demum
1510 1982 1563 2035 in
1594 1982 1952 2037 admiratione

382 2082 486 2136 est,
531 2072 620 2141 qui
666 2082 857 2141 sponte
892 2087 958 2127 ac
1006 2072 1169 2128 animi
1222 2073 1466 2139 decreto,
1526 2076 1771 2131 modeste
1826 2074 1947 2130 t'ert.

381 2164 597 2232 Alioqui
647 2165 813 2228 enim,
872 2172 1145 2233 utcunque
1189 2166 1265 2236 (7)
1320 2181 1496 2220 rerum
1536 2168 1761 2237 penuria
1811 2167 1954 2222 labo-

389 2254 653 2322 rantibus,
690 2264 748 2308 ut
791 2253 825 2307 ii
873 2255 1056 2325 pravis
1082 2255 1322 2311 moribus
1350 2257 1460 2311 sint
1493 2271 1556 2311 ac
1592 2257 1955 2311 inemendabi-

382 2337 481 2411 les,
507 2357 692 2400 coacta
744 2356 1034 2415 paupertas
1083 2347 1146 2401 ad
1195 2347 1360 2401 multa
1404 2362 1468 2402 ac
1514 2347 1649 2401 mala
1686 2348 1951 2410 facinora,

382 2433 640 2487 viaticum
675 2435 906 2489 exsistit.
952 2435 1096 2489 Sane
1143 2449 1292 2499 vero,
1324 2436 1369 2490 si
1405 2436 1621 2504 quando
1655 2437 1720 2488 ad
1761 2435 1949 2503 praesi-

384 2525 467 2580 dis
495 2524 731 2579 tribunal
769 2525 1015 2590 accessi,
1073 2525 1338 2593 parietum
1389 2526 1725 2596 perfossores
1766 2541 1955 2580 omnes

384 2634 447 2673 ac
493 2617 784 2687 plagiarios
810 2658 825 2682 ,
876 2626 1356 2688 grassatoresque,
1399 2628 1454 2673 et
1494 2618 1663 2685 fures,
1706 2635 1768 2673 ac
1811 2620 1953 2689 ipsos

390 2711 712 2777 homicidas,
752 2710 939 2778 inopes
976 2725 1039 2764 ac
1081 2711 1359 2780 ignobiles,
1399 2712 1515 2765 sine
1546 2710 1661 2765 lare
1696 2726 1758 2765 ac
1811 2712 1953 2765 sedi-

385 2808 486 2860 bus
534 2803 803 2868 homines,
845 2803 977 2857 vidi.
1030 2800 1184 2856 Unde
1230 2811 1443 2856 constat
1491 2802 1692 2872 liquido
1737 2804 1953 2858 beatum

387 2898 474 2952 hic
503 2910 791 2965 pauperem
839 2894 985 2948 illum
1028 2908 1056 2948 a
1105 2895 1384 2964 Scriptura
1425 2896 1727 2964 prtcdicari,
1779 2895 1867 2963 qui
1924 2910 1955 2950 e

384 2985 721 3058 philosophia
773 2985 1076 3053 composito
1118 2986 1298 3040 animo
1346 2986 1586 3041 laborem
1644 3002 1707 3040 ac
1747 3001 1949 3040 aerum-

2051 531 2258 603 ήμῶνή
2279 530 2521 601 σωτηρία
2535 528 2628 581 καὶ
2647 531 2678 599 ἡ
2700 525 2972 596 ἀπεκδοχὴ
2992 525 3086 579 τοῦ
3114 525 3393 596 μέλλοντος
3410 527 3625 591 αἰῶνος,

2050 622 2128 693 τῷ
2156 624 2220 676 ἐκ
2249 623 2350 693 τῆς
2389 620 2590 691 σαρκὸς
2620 619 2714 672 τοῦ
2750 618 3003 691 Ἀϐραὰμ
3056 617 3194 671 κατά
3225 617 3323 687 τὴν
3354 616 3629 688 ἀνθρωπι-

2052 712 2151 785 κὴν
2193 712 2513 767 ἀκολουθίαν
2557 711 2939 782 βλαστήσαντι.
2979 708 3088 763 Καί
3125 726 3213 779 μοι
3246 709 3395 761 δοκεῖ
3429 711 3462 779 ἡ
3498 709 3628 781 περ)⁸

2048 802 2141 856 τὸν
2164 803 2395 873 γέροντα
2423 801 2610 855 τοῦτον
2648 800 2784 873 τιμὴ
2840 802 2921 863 είς
2967 800 3058 852 τὸν
3090 800 3320 869 Σωτῆρα
3358 798 3457 869 τὴν
3489 800 3626 852 ἀνα-

2050 894 2223 962 φοράν
2257 892 2423 963 ἔχειν,
2449 892 2540 945 τὸν
2569 891 2762 962 κριτὴν
2803 890 2930 943 ὅντα
2959 890 3054 942 καὶ
3089 888 3486 959 μισθαποδότην
3520 889 3623 958 τῆς

2049 986 2266 1056 ἀρετῆς,
2305 985 2400 1038 καὶ
2430 986 2497 1054 τῇ
2528 983 2896 1053 θεραπευτικῇ
2941 983 3091 1050 φωνῇ
3132 978 3618 1050 προσκαλούμενον

2048 1079 2173 1141 τοὺς
2202 1076 2457 1140 δικαίους,
2491 1077 2584 1129 καὶ
2615 1076 2841 1143 λέγοντα
2860 1092 2873 1104 ·
2910 1074 3111 1137 Δεῦτε,
3150 1075 3202 1124 οὶ
3228 1072 3624 1142 εὐλογημένοι

2048 1167 2156 1222 τοῦ
2205 1170 2436 1235 Πατρός
2473 1183 2625 1236 ,μου⁸
2676 1163 3170 1234 κληρονομήσατε
3216 1162 3332 1231 τὴν
3382 1165 3630 1234 ἡτοιμα-

2049 1261 2283 1332 σμένην
2317 1260 2462 1329 ὑμῖν
2495 1259 2841 1325 βασιλείαν.

2134 1352 2392 1422 Ἐγένετο
2433 1352 2502 1405 δὲ
2536 1351 2861 1407 ἀποθανεῖν
2896 1352 3005 1404 τὸν
3048 1351 3304 1419 πτωχόν.
3340 1348 3514 1419 Διπλῆ
3542 1366 3628 1412 τις

2051 1446 2200 1499 ἐστὶν
2242 1447 2275 1515 ή
2307 1446 2433 1516 περὶ
2475 1444 2568 1497 τὸν
2603 1443 2816 1514 πτωχὸν
2860 1441 3130 1513 σημασία’
3175 1444 3208 1512 ἡ
3255 1443 3352 1512 μὲν
3391 1441 3626 1513 δηλοῦσα

2049 1537 2157 1590 τῶν
2192 1536 2503 1605 ἀναγκαίων
2542 1538 2641 1607 τὴν
2690 1534 2894 1588 ἔνδειαν
2917 1551 2930 1564 ο
2969 1535 3001 1605 ἡ
3051 1533 3107 1586 δὲ
3158 1534 3254 1604 τὴν
3292 1550 3626 1606 μετριοφρο-

2052 1628 2216 1698 σύνην
2250 1626 2464 1681 καὶτοῦ
2509 1626 2672 1697 ἤθους
2724 1626 2824 1695 τὴν
2874 1623 3257 1693 ταπεινότητα.
3301 1624 3393 1694 Μὴ
3441 1623 3623 1677 τοίνυν

2050 1721 2079 1771 6
2110 1717 2221 1773 τῶν
2248 1717 2388 1771 ὑλῶν
2420 1718 2639 1787 ἀπόρως
2668 1715 2826 1785 ἔχων,
2865 1715 2959 1766 καὶ
3002 1712 3295 1781 πενόμενος
3335 1712 3627 1782 ἀργυρίου,

2052 1808 2423 1879 ἠμφιεσμένος
2449 1807 2505 1860 δὲ
2532 1806 2629 1876 τὴν
2671 1804 2906 1875 ἐλεεινὴν
2952 1802 3262 1874 ἐφεστρίδα,
3308 1801 3629 1855 οίκειούσθω

2050 1900 2149 1970 τῆς
2193 1900 2392 1970 ἀρετῆς
2449 1898 2539 1951 τὸν
2588 1896 2831 1960 ἔπαινον,
2870 1894 3007 1965 μηδέ
3050 1893 3318 1965 νομιζέτω
3367 1894 3629 1965 ἀρκέσειν

2051 1991 2200 2061 αὐτῷ
2249 1990 2346 2060 τὴν
2398 1988 2601 2042 ἔνδειαν
2650 1988 2787 2059 πρὸς
2837 1985 3132 2057 σωτηρίαν.
3177 1984 3255 2040 Οὐ
3286 1985 3394 2057 γὰρ
3435 1986 3465 2037 6
3508 1986 3629 2038 κατ’

2051 2082 2298 2150 ἀνάγκην
2331 2079 2624 2151 πενόμενος
2669 2079 3007 2132 ἐπαινεῖται·
3040 2077 3156 2129 ἀλλ’
3184 2078 3213 2129 6
3257 2076 3352 2146 τὴν
3404 2075 3631 2147 γνώμην

2052 2171 2390 2244 αὐθαιρέτως
2479 2169 2784 2242 μετριάζων
2860 2168 3221 2239 θαυμάζεται.
3291 2167 3445 2221 Ἐπεὶ
3516 2169 3631 2229 τοῖς

2052 2263 2442 2335 ἀπορουμένοις
2470 2263 2675 2327 ἁπλῶς,
2722 2262 2904 2332 έχουσι
2937 2260 2992 2313 δὲ
3032 2260 3121 2314 τὸν
3152 2260 3354 2333 τρόπον
3385 2256 3624 2326 ἀδιαγώ-

2051 2357 2285 2428 γητονῆ
2316 2355 2713 2426 ἀκατόρθωτον,
2758 2354 2966 2424 ἐφόδιον
3018 2354 3226 2421 γίνεται
3275 2349 3483 2405 πολλῶν
3533 2349 3632 2402 και

2053 2447 2306 2518 πονηρῶν
2333 2444 2696 2515 τολμημάτων
2730 2446 2765 2515 ή
2798 2443 2933 2515 πρὸς
2967 2443 3216 2514 ἀνάγκην
3245 2440 3622 2512 ἀκτημοσύνη.

2052 2537 2165 2591 Καὶ
2218 2536 2424 2600 πάντας
2471 2535 2583 2605 ἐγὼ
2616 2536 2742 2599 τοὺς
2795 2534 3164 2605 τοιχωρύχους
3209 2533 3305 2585 καὶ
3357 2530 3629 2600 ἀνδραπο-

2051 2627 2255 2692 διστὰς,
2294 2626 2376 2680 ἔτι
2422 2624 2527 2697 μὴν
2557 2625 2899 2691 λωποδύτας,
2946 2625 3041 2678 καὶ
3070 2624 3329 2686 κλέπτας,
3370 2622 3465 2676 καὶ
3504 2621 3635 2683 τοὺς

2053 2715 2413 2788 ἀνδροφόνους
2451 2715 2668 2777 αὐτοὺς,
2705 2713 2759 2766 εἴ
2800 2730 2929 2767 ποτε
2971 2712 3284 2784 παρέϐαλον
3323 2711 3632 2784 ἀρχοντικῷ

2054 2807 2341 2879 κριτηρίῳ,
2374 2805 2611 2877 πένητας
2650 2804 2985 2874 ἐθεασάμην,
3015 2805 3348 2871 ἀγνώστους,
3393 2797 3644 2865 ἀοίκους,

2053 2900 2348 2961 ἀνεστίους.
2389 2898 2475 2960 Ὠς
2507 2898 2572 2948 ἐκ
2624 2894 2816 2947 τούτου
2860 2892 3126 2964 πρόδηλον
3170 2888 3329 2956 εἷναι,
3372 2892 3452 2943 ὅτι
3528 2909 3634 2961 μα-

2054 2989 2271 3059 καρίζει
2301 2986 2397 3041 νῦν
2435 2988 2468 3056 ἠ
2506 2983 2698 3054 Γραφὴ
2739 2983 2830 3036 τὸν
2860 2981 3079 3051 πτωχὸν
3122 2982 3326 3034 ἐκεῖνον
3357 2979 3447 3033 τὸν
3485 2981 3639 3047 φιλο-

387 3094 508 3134 nam
538 3077 762 3146 perfert,
781 3077 1099 3147 fortiterque
1127 3092 1190 3132 ac
1225 3086 1538 3132 constanter
1582 3079 1836 3133 adversus
1876 3089 1954 3132 to-

2061 3078 2214 3147 σόφῳ
2247 3075 2392 3145 ψυχῇ
2438 3075 2563 3137 τοὺς
2609 3072 2840 3143 μόχθους
2871 3070 3236 3142 βαστάζονταο
3265 3069 3641 3140 καρτεροῦντα

388 3171 522 3225 lerat
542 3184 726 3237 casus,
757 3184 820 3223 ac
853 3169 985 3223 nihil
1014 3170 1100 3225 vel
1126 3170 1347 3224 sceleris
1364 3168 1456 3224 vel
1482 3168 1669 3239 ﬂagitii
1714 3169 1950 3233 molitur,

386 3270 445 3314 ut
468 3260 617 3314 carni
641 3273 737 3329 per
776 3259 1106 3330 voluptatem
1138 3269 1301 3329 atque
1335 3259 1557 3315 delicias
1602 3260 1953 3329 gratiﬁcetur.

386 3351 556 3419 Quem
610 3352 783 3421 ipsum
839 3353 1079 3422 apertius
1127 3351 1385 3407 describit
1415 3351 1672 3406 Dominus
1703 3354 1754 3407 in
1784 3355 1956 3423 prima

391 3445 743 3508 beatitudine,
791 3459 912 3498 cum
952 3445 1027 3497 ait
1060 3460 1074 3496 :
1111 3442 1258 3497 Beati
1282 3460 1530 3513 pauperes
1551 3444 1742 3512 spiritu
1768 3444 1812 3495 ⁸.
1850 3443 1956 3497 Ne—

386 3549 491 3603 que
541 3535 704 3604 igitur
748 3532 927 3587 omnis
970 3546 1173 3601 pauper
1207 3532 1382 3599 justus
1409 3570 1424 3595 ,
1471 3531 1562 3585 sed
1623 3533 1669 3585 is
1727 3542 1955 3597 tantum,

391 3623 480 3691 qui
514 3631 599 3677 est
633 3621 843 3676 Lazaro
867 3622 1107 3677 moribus
1147 3621 1372 3684 similis;
1403 3634 1576 3689 neque
1602 3621 1751 3674 dives
1778 3623 1957 3676 omnis

390 3712 674 3784 reprobus,
704 3713 797 3767 sed
823 3711 914 3781 qui
954 3712 1117 3765 vitam
1152 3711 1225 3764 ita
1265 3710 1520 3777 instituit,
1552 3725 1609 3765 ut
1639 3712 1724 3766 ille
1752 3711 1958 3766 Lazaro

387 3802 609 3872 aequalis
636 3822 648 3857 :
692 3817 754 3855 ac
783 3801 873 3871 qui
905 3801 1103 3869 reipsa,
1128 3816 1191 3854 ac
1212 3800 1409 3869 quibus
1432 3801 1619 3855 eadem
1643 3801 1714 3854 illi
1746 3802 1955 3866 Vivunt,

386 3895 633 3965 ejusdem
666 3893 789 3948 vitae
825 3902 989 3947 testes
1021 3892 1294 3947 manifesti
1324 3893 1613 3946 exsistunt.
1651 3892 1788 3959 Quid
1810 3896 1952 3948 enim

387 3983 691 4042 admirabili
751 3982 889 4038 Jobo
940 3983 1296 4052 opulentius?
1356 3982 1538 4052 Neque
1608 3993 1782 4038 tamen
1835 4000 1956 4038 eum

391 4079 554 4133 nimia
591 4077 676 4130 illa
711 4090 889 4130 rerum
921 4075 1074 4144 capia
1103 4089 1165 4129 ac
1205 4073 1502 4142 afﬂuentia,
1554 4086 1643 4129 aut
1683 4090 1713 4128 a
1748 4076 1956 4144 iustitia

390 4168 624 4221 alienum
664 4166 823 4232 fecit;
877 4176 988 4229 aut,
1023 4174 1081 4219 ut
1110 4165 1345 4220 breviter
1368 4166 1567 4229 dicam,
1592 4181 1620 4219 a
1648 4165 1845 4219 virtute
1868 4166 1960 4219 de-

396 4260 582 4316 movit.
612 4258 810 4314 Contra
839 4272 992 4321 vero,
1026 4258 1153 4327 quid
1189 4257 1446 4312 lseariote
1479 4256 1811 4325 pauperius?
1854 4256 1957 4311 Nc-

2057 3170 2114 3223 δὲ
2157 3167 2420 3237 γενναίως
2469 3166 2605 3237 πρὸς
2654 3163 2754 3229 τὰς
2799 3162 3152 3236 περιστάσεις
3200 3160 3295 3216 τοῦ
3352 3160 3491 3231 βίου,
3542 3163 3642 3216 καί

2056 3260 2212 3315 οὐδὲν
2256 3258 2669 3329 κακουργοῦντα
2711 3256 2969 3327 πονηρὸν,
3018 3256 3106 3309 ἵνα
3151 3257 3214 3325 τῇ
3269 3254 3433 3324 σαρκὶ
3475 3253 3637 3324 χαρί-

2060 3369 2219 3421 σηται
2251 3350 2351 3420 τῆς
2376 3350 2586 3421 τρυφῆς
2613 3349 2711 3419 τὴν
2741 3348 3063 3401 ἀπόλαυσιν.
3100 3348 3196 3399 Ὃν
3242 3345 3337 3399 καὶ
3375 3345 3640 3413 σαφέστε-

2060 3461 2152 3514 ρον
2201 3443 2492 3513 διαγράφει
2542 3442 2598 3494 ἐν
2648 3438 2725 3510 τῷ
2775 3437 2976 3510 πρώτῳ
3030 3437 3138 3491 τῶν
3196 3435 3563 3507 μακαρισμῶν
3604 3439 3673 3517 ὸ,

2058 3539 2284 3609 Κύριος,
2313 3536 2518 3604 λέγων’
2552 3532 2841 3601 Μακάριοι
2867 3536 2923 3587 οι
2945 3531 3167 3600 πτωχοί
3208 3531 3288 3595 τῷ
3315 3530 3630 3599 πνεύματι.

2058 3628 2193 3684 Οὔτε
2223 3622 2318 3681 οὖν
2352 3627 2459 3690 πᾶς
2491 3625 2704 3695 πτωχὸς
2759 3624 2965 3687 δίκαιος
2985 3663 3000 3688 ,
3028 3622 3161 3701 ’ἀλλ’
3202 3623 3410 3684 ἐκεῖνος
3458 3615 3571 3684 οἷος
3603 3622 3634 3673 6

2059 3720 2342 3791 Λάζαρος·
2372 3716 2498 3770 οὔτε
2535 3718 2646 3781 πᾶς
2680 3714 2933 3778 πλούσιος
2978 3713 3422 3782 ἀπεγνωσμένος,
3461 3711 3578 3765 ἀλλ’
3608 3713 3639 3764 ὁ

2061 3809 2199 3882 μετὰ
2244 3807 2499 3879 τοιαύτης
2546 3806 2654 3872 ζῶν
2699 3806 3101 3878 προαιρέσεως,
3146 3803 3263 3857 οἵαν
3310 3800 3453 3874 εἶχεν
3483 3803 3512 3855 6
3542 3801 3639 3859 τοῦ

2058 3902 2309 3971 Λαζάρου
2361 3898 2684 3969 σύγχρονος,
2729 3899 2826 3951 καὶ
2870 3895 3143 3959 τούτουοί
3174 3893 3264 3949 διὰ
3309 3894 3408 3964 τῆς
3439 3893 3636 3966 πείρας

2056 3992 2150 4046 τοῦ
2184 3991 2300 4062 βίου
2331 3992 2604 4062 μάρτυρες
2644 3972 2922 4059 πρόδηλοι.
2954 3987 3019 4039 Τί
3049 3986 3158 4057 γὰρ
3191 3985 3284 4038 τοῦ
3325 3985 3468 4037 θείου
3516 3982 3636 4036 Ίὼσ

2063 4081 2496 4152 πλουσιώτερον;
2537 4079 2675 4132 Ἀλλ’
2718 4080 2866 4149 ὅμως
2900 4079 2932 4147 ὴ
2967 4078 3046 4140 εἰς
3092 4076 3229 4145 ἄγαν
3272 4074 3500 4144 εὐπορία
3546 4075 3637 4127 τὸν

2061 4175 2262 4245 ἄνδρα,
2314 4172 2439 4227 οὔτε
2485 4174 2584 4242 τῆς
2637 4170 2980 4239 δικαιοσύνης
3032 4167 3413 4239 ἠλλοτρίωσεν,
3469 4166 3633 4231 οὔτε,

2064 4262 2362 4334 συλλήϐδην
2416 4262 2613 4323 εἰπεῖν,
2662 4261 2759 4329 τῆς
2812 4258 3013 4330 ἀρετῆς
3085 4255 3368 4327 ἐξώρισεν.
3424 4256 3488 4308 Τί
3537 4256 3632 4308 τοῦ

393 4366 496 4419 que
530 4360 710 4403 tamen
742 4349 825 4403 vel
858 4349 1137 4403 minimum
1169 4350 1233 4402 ad
1267 4351 1491 4403 salutem
1520 4348 1568 4402 ei
1596 4347 1801 4417 profuit
1835 4363 1956 4419 ege-

2074 4351 2425 4425 Ἰσκαριώτου
2476 4352 2837 4422 πενέστερον;
2888 4349 3051 4401 Οὐδὲν
3105 4346 3359 4400 ἀπώνατο
3404 4347 3504 4416 τῆς
3548 4349 3636 4398 ἐν-

390 4452 545 4506 stas;
577 4455 760 4493 verum
797 4453 919 4492 cum
961 4440 1209 4494 undecim
1253 4454 1316 4493 ac
1359 4438 1712 4509 philosophis,
1752 4437 1956 4507 ipsique

2061 4443 2209 4506 δείας
2252 4444 2331 4506 είς
2380 4440 2682 4512 σωτηρίανο
2733 4438 2867 4492 ἀλλά
2916 4440 3025 4500 τοῖς
3067 4435 3257 4489 ἕνδεκα
3305 4435 3498 4505 πένησι
3544 4436 3640 4488 καὶ

395 4533 531 4588 adeo
567 4530 815 4595 Domino,
859 4531 949 4599 qui
984 4542 1175 4600 sponte
1211 4545 1414 4600 pauper
1444 4530 1614 4584 nostri
1649 4544 1808 4583 causa
1837 4527 1956 4583 elic-

2064 4535 2370 4606 φιλοσόφοις
2405 4530 2876 4601 συνδιαιτώμενος,
2907 4530 2999 4583 καὶ
3033 4525 3181 4597 αὐτῷ
3215 4544 3276 4595 γε
3314 4526 3389 4596 τῷ
3424 4526 3637 4599 Κυρίῳ,

395 4634 515 4677 ctus
536 4632 622 4676 est
651 4623 718 4684 ¹⁰.
749 4623 1105 4677 contubernio
1141 4623 1362 4690 junctus
1387 4630 1557 4686 esset,
1593 4620 1754 4675 animi
1778 4620 1956 4688 pravi-

2062 4627 2140 4699 τῷ
2165 4627 2231 4680 δι’
2258 4627 2404 4696 ἡμᾶς
2443 4623 2780 4695 αὐθαιρέτως
2824 4620 3220 4691 πτωχεύσαντι,
3242 4619 3419 4688 κακίᾳ
3449 4635 3643 4688 προαι-

394 4723 504 4767 tate
536 4713 589 4766 in
616 4714 903 4766 avaritiam
936 4715 1192 4781 abreptus
1240 4711 1416 4780 ipsam
1441 4713 1566 4767 inde
1603 4711 1956 4782 proditionem

2067 4716 2266 4788 ρέσεως
2298 4716 2378 4777 είς
2418 4712 2782 4785 φιλαργυρίαν
2836 4708 3231 4782 παρενεχθεὶς,
3282 4707 3491 4761 ἐκεῖθεν
3534 4708 3634 4760 καὶ

396 4805 615 4861 molitus
646 4813 745 4859 est.

2060 4808 2157 4881 τὴν
2187 4806 2475 4879 προδοσίαν
2502 4804 2942 4877 ἐρᾳδιούργησεν.

467 4894 658 4963 Opera:
690 4893 925 4964 pretium
959 4903 1137 4948 autem
1172 4893 1312 4958 erit,
1352 4893 1631 4962 utriusque
1669 4892 1956 4947 elationem

2140 4893 2321 4961 Ἄξιον
2350 4893 2407 4947 δὲ
2437 4893 2528 4946 καὶ
2553 4892 2649 4964 τὴν
2679 4891 2916 4963 ἐκφορὰν
2949 4888 3210 4961 ἐκατέρου
3239 4887 3344 4941 τῶν
3376 4887 3642 4958 τεθνηκό-

399 4984 637 5039 defuncti
680 4986 971 5054 prudenter
1021 4984 1357 5038 examinare.
1406 4983 1622 5054 Pauper
1660 4985 1803 5039 eniut
1841 5000 1956 5040 cum

2070 5002 2175 5040 των
2196 4983 2430 5046 συνετῶς
2446 4983 2762 5054 δοκιμάσαι.
2795 4984 2852 5035 '0
2874 4983 2973 5054 μὲν
3001 4982 3109 5052 γὰρ
3126 4982 3336 5051 πτωχὸς
3360 4980 3644 5049 κοιμηθεὶς

397 5074 795 5137 obdormisset,
848 5073 1068 5143 angelos
1117 5073 1265 5143 ipsos
1317 5074 1579 5142 stipantes
1630 5077 1848 5141 habuit,
1892 5092 1956 5131 ac

2069 5076 2331 5144 ἀγγέλους
2357 5071 2502 5145 εἶχεν
2537 5075 2866 5146 δορυφόρους
2891 5072 2985 5124 καὶ
3016 5071 3375 5145 θεραπευτάς,
3408 5068 3643 5138 ἄγοντας

397 5165 658 5234 obsequio
685 5164 958 5230 foventes,
986 5164 1075 5232 qui
1106 5164 1171 5216 ad
1204 5162 1374 5217 locum
1409 5164 1608 5233 quietis
1630 5205 1645 5229 ,
1674 5166 1824 5220 bona:
1854 5166 1956 5231 spei

2070 5166 2231 5220 αὑτὸν
2264 5164 2400 5236 μετὰ
2416 5164 2586 5235 καλῆς
2617 5166 2718 5233 τῆς
2745 5164 2957 5227 ἐλπίδος
2982 5165 3062 5226 si“;
3090 5156 3359 5215 τὸν’τόπον
3376 5160 3475 5231 τῆς
3504 5164 3642 5215 ἀνα-

402 5254 617 5325 plenuut
655 5256 1043 5323 perducerent;
1085 5265 1323 5309 mortuus
1357 5266 1529 5309 autent
1559 5255 1721 5321 dives,
1755 5258 1956 5328 inquit,

2073 5257 2342 5320 παύσεωςο
2364 5259 2395 5310 ό
2415 5256 2483 5309 δὲ
2541 5257 2836 5321 πλούσιος
2859 5253 3198 5317 ἀποθανὼν,
3224 5252 3407 5323 φησὶν,
3425 5251 3638 5322 ἐτάφη.

477 5457 500 5489 ⁸
524 5456 713 5511 Matth.
751 5471 875 5519 xxv,
915 5456 1002 5510 54.
1079 5457 1100 5488 ⁹
1133 5456 1322 5511 Matth.
1355 5472 1405 5523 ν,
1431 5456 1483 5510 5.
1566 5458 1607 5487 ³⁸
1632 5456 1673 5510 ll
1704 5456 1830 5511 Cor.
1866 5472 1980 5523 vni,
2011 5458 2064 5512 9.

470 5610 548 5680 (7)
587 5606 794 5680 Alioqui
824 5609 959 5662 enim
997 5616 1274 5680 utnunquc,
1307 5605 1702 5680 deft-ostri,
1744 5608 1956 5662 restitue

2070 5609 2181 5670 τοῖς
2211 5605 2602 5680 ἀπορουμένοις
2637 5605 2843 5671 άπλως,
2874 5607 2940 5662 ad
2967 5611 3243 5678 superiora
3263 5650 3276 5672 ,
3312 5622 3523 5680 unaque
3553 5608 3646 5663 illa

401 5677 541 5733 ἐπεί.
569 5679 680 5745 Qua
710 5681 807 5733 levi
835 5680 1125 5732 mutatione
1150 5677 1359 5734 constat
1388 5678 1529 5731 clara
1566 5677 1774 5749 littera,
1805 5693 1963 5744 quam
2072 5692 2201 5732 voce
2227 5677 2474 5739 reddens,
2516 5677 2568 5727 in
2595 5687 2921 5745 paupertate,
2954 5677 3096 5749 quad
3134 5681 3284 5735 valde
3302 5678 3551 5749 jejunum
3582 5693 3648 5733 ac

399 5749 667 5820 interpres
712 5750 851 5803 male
896 5750 1165 5815 obscurat,
1214 5750 1475 5803 reducens
1511 5749 1671 5801 verba
1724 5748 1810 5802 illa
1846 5749 1966 5800 ἐπεὶ
2073 5755 2356 5816 angustum
2388 5754 2701 5814 paupertate
2735 5755 2837 5801 est.
