4038 6134
405 411 510 468 £77

1427 411 1708 469 HOMILIA
1748 411 1788 470 Ι.
1829 413 1917 470 DE
1954 412 2181 472 DlVITE
2223 414 2306 470 ET
2348 411 2634 470 LAZARO.

3547 411 3652 471 I78

407 528 578 583 Οὐδὲν
597 525 707 598 γὰρ
725 519 840 579 οἷον
857 524 994 598 αὐτῇ
1023 524 1329 599 χρήσασθαι
1353 531 1421 603 τῇ
1449 528 1590 596 λέξει
1621 532 1686 602 τῇ
1719 534 1987 604 γραφικῇ,

2100 531 2320 600 sepultus
2351 540 2427 585 est
2468 528 2568 602 (8).
2603 526 2747 584 Nihil
2783 528 2926 586 enim
2960 526 3184 600 perinde
3215 527 3391 584 valeat
3425 542 3652 604 accou-

406 617 609 682 ίκανῶς
638 615 727 670 διὰ
755 617 885 687 μιᾶς
917 615 1115 684 λέξεως
1139 617 1514 691 ἐρμηνευούσῃ
1538 617 1636 691 τὴν
1667 621 1860 691 ἄτιμον
1890 619 1992 673 τοῦ

406 708 664 762 πλουσίου
697 707 1018 761 κατάλυσιν.
1085 708 1142 762 '0
1179 708 1286 780 γὰρ
1323 710 1644 782 ἁμαρτωλὸς
1684 713 1983 776 τελευτῶν,

405 803 580 867 ὅντως
608 802 894 864 θάπτεται,
925 801 1134 872 χθόνιος
1163 802 1237 857 ὢν
1266 803 1326 856 τὸ
1361 804 1521 876 σῶμα
1541 845 1555 868 ,
1587 807 1772 878 γήινος
1801 807 1854 860 δέ
1896 808 1990 861 καϊ

407 893 508 966 τὴν
535 895 714 965 ψυχήν
733 911 746 923 ·
786 895 878 947 καὶ
911 894 970 947 τὸ
1013 894 1241 964 φυσικὸν
1271 895 1483 966 ἐκείνης
1518 893 1733 968 ἀξίωμα
1761 900 1828 968 τῇ
1851 913 1987 968 συμ-⁹

411 985 610 1056 παθείᾳ
650 985 752 1054 τῆς
789 985 993 1056 σαρκὸς
1034 985 1170 1056 πρὸς
1199 984 1296 1056 τὴν
1329 985 1462 1056 ῦλην
1495 987 1848 1056 καταγαγὼν,
1897 989 1986 1041 ού-

410 1077 498 1131 δὲν
530 1075 767 1147 χρηστὸν
805 1077 904 1147 τῆς
948 1075 1143 1130 ἑαυτοῦ
1191 1073 1336 1146 ζωῆς
1382 1078 1804 1148 καταλιμπάνων
1855 1079 1986 1132 ὑπό-

415 1183 626 1237 μνημα,
669 1165 806 1238 λήθῃ
851 1167 908 1220 δὲ
949 1166 1130 1237 ἀτίμῳ
1164 1167 1598 1238 καλυπτόμενος,
1641 1171 1733 1224 καὶ
1761 1170 1850 1222 τὸν
1878 1171 1986 1223 τῶν

413 1257 775 1330 βοσκημάτων
810 1257 1038 1312 θάνατον
1062 1257 1346 1311 τελευτῶν.
1389 1260 1433 1312 Τ
1437 1260 1571 1328 άφος
1603 1261 1699 1331 μὲν
1727 1261 1834 1332 γὰρ
1875 1260 1985 1332 ἔχει

411 1349 472 1402 τὺ
500 1349 661 1420 σῶμα
683 1366 697 1379 ·
728 1349 860 1420 ᾅδης
891 1349 948 1402 δὲ
999 1349 1098 1419 τὴν
1119 1349 1299 1420 ψυχήν
1319 1366 1333 1380 ο
1373 1349 1466 1404 δύο
1496 1351 1744 1404 σκοτεινὰ
1773 1351 1985 1422 δεσμω-

409 1442 613 1512 τήρια,
649 1441 980 1512 μεριζόμενα
1011 1439 1107 1494 τοῦ
1143 1439 1380 1512 πονηροῦ
1421 1441 1519 1512 τὴν
1556 1443 1843 1515 τιμωρίαν.
1877 1445 1987 1498 Καὶ

409 1531 496 1594 τίς
530 1533 633 1584 οὐκ
666 1531 732 1585 ἂν
769 1533 870 1603 τῆς
898 1532 1152 1597 ἀϐουλίας
1185 1533 1275 1586 τὸν
1305 1533 1486 1587 ἄθλιον
1534 1534 1984 1606 καταμέμψαιτος

411 1625 580 1693 ἦνικα
627 1623 724 1693 μὲν
758 1624 898 1696 ὑπὲρ
930 1627 1033 1695 γῆς
1069 1620 1136 1696 ἦν
1168 1625 1509 1697 γαυροῦντα,
1542 1627 1987 1698 μεγαλαυχούμε-

414 1729 528 1776 νον,
556 1710 774 1766 πάντων
802 1711 1247 1782 ὑπερφρονοῦντα
1271 1712 1378 1766 τῶν
1409 1711 1690 1776 συζώντων
1732 1714 1822 1766 καὶ
1857 1715 1986 1784 ὁμο-

415 1801 620 1870 φύλων,
648 1800 744 1854 καὶ
779 1802 1060 1872 μονονουχὶ
1093 1801 1388 1874 μύρμηκας
1420 1803 1515 1855 καὶ
1543 1801 1828 1870 σκώληκας
1855 1803 1989 1855 ἀπο-

2088 632 2239 692 cepta
2274 623 2350 678 uti
2386 623 2684 693 Scriptum
2711 635 2876 688 voce,
2909 636 3013 692 qua
3040 633 3145 675 una
3181 618 3436 675 infamem
3467 619 3650 676 divitis

2089 714 2290 768 exitum
2327 713 2539 767 abunde
2589 711 2858 782 explicat..
2895 711 3128 766 Moriens
3169 711 3364 782 quippe
3397 719 3652 779 peccator

2089 821 2215 861 vere
2266 806 2544 874 sepelitur,
2599 807 2854 876 quoniam
2901 819 3126 874 corpore
3179 815 3234 858 et
3278 805 3460 859 animo
3495 801 3651 871 juxta

2088 899 2364 953 terrestris
2425 909 2550 964 est;
2615 913 2680 953 ac
2732 897 3035 952 naturalem
3084 895 3240 964 hujus
3295 895 3652 966 dignitatem,

2087 988 2473 1056 conjunctione
2511 1003 2576 1044 ac
2615 988 2918 1060 sympathia
2968 989 3148 1044 carnis
3182 987 3248 1041 ad
3303 987 3491 1042 sordes
3555 984 3652 1039 fae-

2088 1094 2286 1148 cesque
2330 1089 2570 1136 terrenas
2625 1082 2878 1134 deorsum
2919 1079 3122 1145 trahit,
3159 1079 3474 1150 nullumque
3521 1077 3655 1132 utile

2089 1171 2210 1225 vitae
2272 1187 2382 1226 suae
2453 1180 2862 1226 monumentum
2921 1171 3264 1240 relinquens,
3315 1185 3380 1225 ac
3434 1167 3654 1240 ignobili

2098 1270 2272 1316 tectus
2304 1262 2604 1326 oblivione,
2643 1263 2872 1317 similem
2912 1263 3209 1330 pecudibus
3247 1271 3474 1316 mortem
3515 1259 3651 1316 obit.

2091 1353 2221 1406 Nam
2261 1361 2315 1408 et
2347 1369 2544 1424 corpus
2567 1393 2582 1418 ,
2625 1355 2927 1424 sepulcrum
2961 1369 2976 1422 ;
3012 1353 3334 1422 et‘animam
3358 1391 3374 1418 ,
3413 1351 3654 1406 infernus

2091 1443 2252 1498 habet
2285 1463 2300 1499 :
2340 1460 2402 1498 ac
2444 1445 2598 1514 quasi
2642 1444 2912 1500 tenebrosi
2949 1445 3052 1498 duo
3103 1458 3387 1508 carceres,
3436 1456 3650 1512 pinnam

2095 1534 2306 1588 scelesti
2337 1551 2400 1590 ac
2429 1535 2686 1590 ultionem
2717 1535 3045 1602 partiuntur.
3081 1533 3212 1601 Quis
3241 1541 3450 1600 autem,
3485 1546 3612 1602 rogo
3633 1571 3650 1596 ,

2091 1627 2346 1681 miserum
2397 1642 2460 1681 ac
2511 1626 2778 1680 infelicem
2832 1624 3082 1680 stultitia;
3117 1639 3221 1680 non
3261 1625 3510 1690 incuset,
3561 1622 3654 1693 qui

2091 1719 2342 1788 quidem,
2378 1717 2430 1772 in
2469 1717 2718 1774 humanis
2747 1733 2943 1788 agens,
2978 1731 3170 1788 magna
3203 1716 3434 1786 spiraret
3469 1755 3484 1781 ,
3522 1729 3646 1769 sese

2091 1809 2306 1863 echrret
2337 1847 2354 1872 ,
2409 1822 2599 1862 omnes
2655 1821 2776 1862 cum
2811 1809 2926 1876 ipso
2988 1815 3263 1862 versantes
3317 1819 3380 1859 ac
3430 1803 3653 1858 tribules

415 1869 684 1945 καλοῦντα
728 1869 856 1954 τοὺς
899 1869 1353 1962 ἐντυγχάνοντας,
1399 1891 1540 1963 κενῷ
1582 1891 1639 1944 δὲ
1679 1869 1985 1962 φρονήματι

2100 1912 2220 1952 suos
2258 1897 2561 1966 despicatui
2601 1897 2864 1963 haberet;
2899 1911 2962 1950 ac
2993 1911 3238 1967 quosque
3269 1895 3652 1950 convenientes

415 1981 517 2050 τῆς
561 1981 928 2052 ὀλιγοχρονίου
976 1982 1133 2054 δόξης
1180 1983 1676 2056 διαρρηγνύμενον·
1727 1983 1887 2054 ἡνίκα
1928 1983 1987 2036 δέ

415 2073 747 2144 ἀπεσπάσθη
775 2073 872 2126 τοῦ
905 2073 1052 2144 βίου,
1117 2075 1210 2128 καί
1245 2075 1321 2138 ὡς
1348 2075 1634 2147 μαστιγίας
1673 2075 1859 2140 δοῦλος
1885 2075 1989 2144 ἀφ-

417 2164 593 2236 ῃρέθη
629 2164 739 2218 τῶν
776 2165 1072 2237 ἀλλοτρίων
1097 2207 1111 2228 ,
1157 2160 1234 2221 ὧν
1255 2166 1315 2232 ἐξ
1347 2167 1532 2231 ἀνοίας
1560 2167 1806 2238 ἐνόμιζεν
1849 2163 1988 2220 εἶναι

413 2255 702 2326 δεσπότης,
733 2257 814 2319 εἰς
840 2256 1166 2328 ἀντίρροπον
1194 2257 1290 2328 τῆς
1313 2257 1717 2330 ὑπερηφανείας
1745 2257 1990 2325 καταφέ-

423 2362 576 2416 ρεται
612 2347 973 2416 ταπεινότητα
1000 2387 1014 2414 ,
1049 2347 1140 2400 καὶ
1173 2349 1339 2418 γραὸς
1381 2349 1682 2420 θρηνούσης
1721 2348 1988 2420 ὀδυρμοὺς

419 2441 874 2513 προϐαλλόμενος,
919 2442 1103 2513 μακρά
1139 2444 1233 2496 καὶ
1262 2441 1498 2514 ἀνόνητα
1528 2443 1618 2510 τὸν
1645 2443 1988 2513 πατριάρχην

417 2534 790 2598 ἀποκαλεῖται,
820 2533 991 2602 λέγων
1009 2551 1022 2564 ·
1055 2533 1282 2606 [Πάτερ
1329 2533 1592 2604 Ἀϐραὰμ,
1614 2533 1875 2602 ἐλέησόν
1889 2550 1984 2602 με,

418 2623 520 2678 καί
549 2625 788 2693 πέμψον
809 2623 1092 2693 Λάζαρον,
1123 2623 1428 2692 ἵνα·,ϐἀψῃ
1461 2624 1524 2678 τὸ
1551 2624 1738 2694 ἄκρον
1759 2625 1862 2678 τοῦ
1889 2623 1990 2677 δα-

421 2715 652 2768 κτύλου
681 2715 862 2770 αὐτοῦ
899 2714 1140 2782 ὕδατος,
1176 2715 1274 2770 καὶ
1303 2715 1621 2785 καταψύξῃ
1651 2715 1764 2784 τὴν
1795 2715 1990 2785 γλῶσ-

417 2805 548 2858 σάν
577 2824 731 2875 μου,
774 2806 862 2860 ὅτι
914 2807 1212 2877 ὀδυνῶμαι
1261 2808 1330 2860 ἐν
1383 2807 1458 2876 τῇ
1503 2807 1682 2878 φλογὶ
1714 2807 1988 2889 ταύςῃ·]

418 2896 601 2968 ζητῶν
627 2898 795 2959 ἔλεον,
831 2897 888 2951 ὃν
929 2899 1029 2952 οὐκ
1059 2898 1291 2962 ἔδωκεν,
1337 2898 1501 2970 ἡνίκα
1536 2899 1629 2953 τοῦ
1685 2901 1990 2973 εὐεργετεῖν

419 2989 708 3061 πρόχειρον
737 2985 880 3060 εῖχεν
907 2989 1006 3060 τὴν
1036 2989 1281 3056 ἐξουσίαν
1299 3007 1315 3022 ο
1349 2989 1514 3056 ἀξιῶν
1541 2991 1599 3045 δὲ
1624 2991 1772 3064 αὐτῷ
1799 2991 1990 3064 βοηθὸν

311 3142 320 3157 η
419 3080 564 3134 κατά
602 3080 696 3135 τοῦ
731 3081 898 3152 πυρὸς
925 3081 1218 3151 ἀφικέσθαι
1250 3082 1339 3136 τὸν
1381 3081 1662 3154 Λάζαρονο
1699 3084 1990 3156 εὐχόμενος

417 3171 772 3241 ἁπομυζῆσαι
805 3171 899 3223 τοῦ
935 3169 1132 3243 λεπροῦ
1165 3171 1254 3224 τὸν
1293 3171 1552 3226 δάκτυλον
1571 3213 1598 3236 ,,
1625 3173 1800 3241 ὀλίγον
1839 3191 1987 3228 νενο-

417 3262 676 3332 τισμένον
703 3261 876 3316 ὕδατι.
900 3261 1158 3316 Τοιαῦται
1181 3261 1290 3316 τῶν
1314 3263 1704 3334 φιλοσωμάτων
1723 3265 1989 3320 ιίιϐουλίαι⁸

420 3352 584 3406 τοῦτο
611 3353 719 3407 τῶν
751 3352 1120 3422 φιλο-πλούτων
1153 3355 1248 3408 καὶ
1277 3353 1572 3424 φιληδόνων
1597 3355 1660 3408 τὸ
1685 3355 1856 3420 τέλος.
1885 3357 1995 3411 Καὶ

422 3445 698 3516 προσήκει
729 3444 820 3498 τὸν
865 3443 1086 3498 συνετὸν
1129 3444 1222 3498 καὶ
1260 3446 1514 3518 προμηθῆ
1559 3446 1654 3500 τοῦ
1691 3447 2006 3518 μέλλοντος..

421 3531 536 3590 οἷον
571 3536 859 3608 φάρμακόν
889 3555 940 3591 τι
971 3536 1403 3608 προφυλακτικδν
1435 3541 1737 3611 νοσήματος
1763 3540 1860 3611 τὴν
1890 3558 1996 3596 πα-

425 3627 664 3700 ραϐολὴν
692 3628 1058 3699 ἡγησάμενον,
1089 3631 1278 3696 φυγεῖν
1311 3629 1418 3681 τῶν
1451 3629 1650 3699 ὁμοίων
1675 3630 1860 3684 κακῶν
1899 3630 1998 3701 τὴν

423 3721 652 3790 πεῖραν·
705 3717 768 3770 τὸ
815 3718 1098 3789 συμπαθὲς
1135 3719 1231 3774 καὶ
1270 3719 1680 3790 φιλάνθρωπον,
1718 3720 1794 3784 ὡς
1821 3721 2001 3776 αἰτίαν

422 3807 529 3878 τῆς
557 3808 701 3876 ζωῆς
740 3808 843 3878 τῆς
891 3809 1226 3880 μελλούσης,
1260 3811 1594 3882 ἀσκήσαντα.
1640 3812 2001 3883 Δραματικῶς

423 3897 538 3970 γὰρ
559 3899 692 3968 ἡμῖν
730 3900 758 3952 ὀ
796 3897 952 3968 λόγος
983 3899 1082 3970 τὴν
1109 3899 1391 3954 νουθεσίαν
1418 3902 1510 3954 ἐπὶ
1540 3901 1844 3973 προσώπων
1869 3903 2002 3974 ὡρι-

428 3989 644 4059 σμένων
673 3988 902 4055 ἐξέθετο,
930 3991 1018 4044 ἵνα
1041 3991 1300 4063 ἐμψύχως
1339 3993 1434 4046 καὶ
1469 3992 1753 4056 δεικτικῶς
1785 3993 2006 4046 παιδευ-

429 4076 618 4142 θέντες
653 4079 752 4148 τῆς
794 4081 1005 4150 ἀγαθῆς
1043 4081 1322 4145 πολιτείας
1364 4081 1456 4134 τὸν
1509 4083 1702 4153 νόμον,
1737 4082 2007 4154 μηδέποτε,

433 4172 938 4241 καταφρονήσωμεν
973 4169 1080 4224 τῶν
1115 4169 1213 4240 τῆς
1248 4171 1287 4224 Γ
1291 4172 1468 4242 ραφῆς
1506 4172 2003 4244 παραγγελμάτων,

429 4260 510 4324 ὡς
543 4260 671 4332 ἄχρι
699 4261 856 4331 λόγου
891 4263 1051 4334 μόνον
1079 4263 1404 4333 φοϐούντων,
1433 4265 1496 4317 οὐ
1527 4265 1632 4335 μὴν
1661 4263 1757 4335 τὴν
1782 4263 2007 4336 ἀπειλὴν

434 4352 786 4421 προαγόντων
819 4354 898 4416 είς
938 4353 1231 4426 τιμωρίαν.
1281 4350 1412 4407 Οἶδα
1460 4341 1602 4425 γὰρ,
1639 4353 1714 4418 ὡς
1745 4356 1794 4408 οξ
1827 4355 2009 4409 πολλοὶ

429 4441 543 4496 τῶν
569 4441 872 4516 ἀνθρώπων
904 4449 1031 4515 ταῖς.
1054 4446 1335 4510 τοιαύταις
1369 4447 1644 4510 ὑπονοίαις
1686 4446 2008 4518 δελεαζόμε-

2087 1997 2292 2044 tantum
2335 2003 2440 2042 non
2484 1987 2736 2043 formicas
2775 2003 2839 2044 ac
2873 2003 3086 2042 vermes
3125 1987 3455 2057 appellaret,
3497 1985 3643 2040 inani

2087 2079 2264 2146 fastu,
2315 2077 2582 2150 ﬂuxaeque
2640 2092 2704 2133 ac
2767 2077 2974 2150 fugacis
3027 2078 3281 2147 opinione
3327 2077 3510 2148 gloria:
3573 2075 3656 2129 di-

2089 2179 2468 2240 rumperetur:
2514 2171 2603 2224 ubi
2659 2160 2840 2224 autem
2896 2170 2966 2224 ab
3027 2170 3132 2224 hoc
3180 2168 3376 2223 saeculo
3431 2167 3650 2222 avulsus

2086 2262 2223 2330 fuit,
2280 2277 2344 2318 ac
2405 2269 2659 2332 tanquam
2719 2257 2907 2317 servits
2962 2247 3188 2332 ﬂagrio,
3247 2261 3457 2325 aliena,
3513 2274 3650 2330 quo—

2089 2371 2204 2408 rum
2254 2369 2314 2409 se
2359 2368 2455 2424 per
2504 2355 2795 2409 humanam
2846 2354 3171 2408 dementiam
3215 2352 3492 2408 dominum
3535 2363 3655 2404 cre-

2090 2445 2350 2510 didisset,
2400 2445 2580 2499 ablata
2637 2445 2862 2510 amisit,
2919 2444 2986 2498 ad
3035 2459 3216 2514 parem
3275 2458 3384 2497 sua:
3437 2442 3512 2496 illi
3562 2455 3654 2494 su-

2092 2537 2290 2605 perbiai
2345 2535 2616 2590 delabitur
2673 2535 3066 2600 humilitatem,
3119 2547 3360 2602 anusque
3417 2531 3652 2601 lugentis

2086 2627 2260 2681 instar
2302 2626 2638 2690 lamentans,
2690 2623 2848 2694 longo
2882 2639 2946 2679 ac
2999 2624 3168 2678 inutili
3217 2623 3499 2676 verborum
3537 2636 3653 2676 am-

2087 2718 2200 2773 bitu
2252 2717 2612 2788 patriarcham
2670 2715 2919 2781 invocat,
2976 2715 3212 2770 dicens:
3263 2711 3426 2767 Pater
3483 2713 3661 2788 Abra-_

2086 2812 2244 2878 Imm,
2312 2811 2556 2864 miserere
2603 2809 2752 2862 mei:
2807 2816 2854 2861 et
2909 2808 3056 2861 mitte
3110 2805 3411 2872 Lazarum,
3467 2815 3522 2860 ut
3572 2807 3654 2860 in-

2089 2904 2256 2971 tingat
2311 2909 2600 2966 extremum
2656 2899 2810 2969 digiti
2869 2899 2955 2952 sui
3006 2899 3063 2956 in
3112 2914 3337 2967 aquam,
3391 2905 3448 2951 ut
3502 2897 3658 2966 refri-

2089 3003 2228 3066 geret
2285 2993 2521 3062 linguam
2575 3008 2776 3055 meam,
2829 2991 2957 3060 quia
3006 2993 3213 3044 crucior
3259 2991 3313 3045 in
3357 2991 3456 3045 hac
3500 2993 3658 3060 ﬂam-

2089 3101 2176 3137 ma
2209 3122 2224 3148 ,
2275 3080 2707 3135 misericordiam
2747 3094 3028 3148 quaerens,
3079 3094 3240 3148 quam
3285 3079 3396 3148 ipse
3439 3078 3659 3133 minime

2095 3171 2517 3240 impertivisset,
2585 3185 2706 3222 cum
2763 3169 2810 3221 ei
2877 3167 3246 3222 benefaciendi
3314 3168 3542 3230 facultas
3607 3169 3658 3220 in

2101 3271 2352 3332 promptu
2427 3270 2624 3323 esset,
2693 3269 2993 3327 petensque
3057 3273 3121 3313 ac
3178 3256 3423 3327 ﬂagitans
3487 3255 3660 3314 Laza-

2097 3369 2216 3409 rum
2269 3351 2528 3407 advenire
2582 3349 2814 3402 laturutn
2868 3348 3146 3417 suppetias
3201 3349 3462 3402 adversus
3521 3347 3663 3414 ignis

2097 3445 2207 3500 vim
2276 3459 2340 3498 ac
2397 3442 2782 3505 ﬂammarum;
2874 3448 3034 3509 atque
3107 3439 3319 3494 modico
3384 3437 3663 3507 perfusum

2101 3537 2328 3590 humore
2370 3531 2571 3602 leprusi
2619 3529 2882 3600 digitum,
2916 3544 3180 3598 precans,
3229 3528 3540 3583 allamhere.
3575 3525 3669 3580 Sic

2103 3627 2358 3682 nimirum
2413 3623 2608 3686 habet,
2665 3621 2942 3676 hominum
2999 3619 3244 3690 corporis
3307 3620 3668 3674 amantiorum

2103 3717 2380 3782 stultitia;
2432 3714 2510 3769 sic
2569 3725 2758 3766 eorum
2808 3713 3018 3778 exitus,
3083 3710 3176 3780 qui
3229 3725 3391 3782 supra
3450 3710 3666 3764 modum

2104 3811 2416 3896 diviti/arum
2480 3822 2544 3860 ac
2592 3807 2923 3876 voluptatum
2985 3805 3210 3860 studiosi
3268 3811 3412 3858 sunt.
3469 3801 3671 3876 Quam-

2103 3903 2289 3956 obrem
2342 3899 2558 3968 sapiens
2605 3898 2832 3967 quisque
2882 3911 2947 3951 ac
3001 3897 3167 3950 futuri
3226 3895 3520 3964 providus,
3572 3907 3669 3952 ceu

2108 3993 2300 4048 morbo
2368 3991 2608 4045 cavendo
2666 3999 3038 4060 comparatum
3093 3987 3387 4042 remedium
3445 3985 3674 4055 parabo-

2109 4083 2216 4136 lam
2265 4089 2566 4150 reputans,
2609 4076 3000 4131 misericordia:
3049 4088 3112 4128 ac
3163 4073 3518 4128 humanitatis.
3563 4071 3677 4126 cul-

2110 4181 2199 4234 tu,
2249 4171 2444 4240 quibus
2490 4168 2798 4223 obtineatur
2842 4164 3022 4219 futura
3069 4165 3213 4230 vita,
3261 4162 3514 4218 similium
3565 4176 3679 4214 ma-

2110 4261 2281 4315 lorum
2326 4259 2622 4329 periculum
2669 4258 2841 4312 vitare
2880 4256 3152 4310 habuerit.
3195 4255 3496 4308 Dramatice
3534 4251 3676 4306 enim

2111 4368 2174 4408 ac
2221 4353 2388 4408 certis
2442 4351 2676 4406 inductis
2733 4350 2981 4417 personis
3030 4346 3306 4415 Scriptura
3359 4345 3680 4403 admonitio-

2115 4459 2236 4498 nem
2287 4443 2569 4512 exposuit,
2617 4455 2724 4514 quo
2769 4455 2865 4508 per
2913 4438 3064 4492 vivas
3111 4439 3376 4508 imagines
3427 4445 3683 4506 certaque

430 4551 542 4598 νοι,
574 4533 848 4588 ἀκώλυτον
876 4537 1088 4600 ἑαυτοῖς
1123 4537 1217 4590 τοῦ
1250 4537 1585 4610 ἁμαρτάνειν
1627 4537 1722 4608 τὴν
1752 4537 1997 4604 ἐξουσίαν

2113 4535 2582 4592 demonstratione
2631 4535 2766 4588 bene
2824 4531 3039 4585 vivendi
3095 4530 3264 4601 legem
3313 4531 3534 4594 edocti,
3593 4543 3681 4583 sa-

432 4623 766 4694 χαρίζονται.
811 4627 928 4678 Πᾶν
957 4625 1014 4678 δέ
1055 4626 1363 4680 τούναντίον
1394 4627 1544 4698 παρά
1582 4627 1680 4698 τῆς
1719 4627 2010 4698 προκειμέ-

431 4731 532 4784 νης
561 4713 786 4784 Γραφῆς
809 4715 1194 4786 διδασκόμεθα,
1217 4717 1290 4782 ὡς
1315 4719 1436 4772 οὐδέ
1464 4719 1760 4790 συγγνώμη
1796 4737 1880 4783 τις
1909 4719 2010 4790 τῆς

431 4805 554 4858 ἐκεῖ
583 4804 818 4875 κρίσεως
846 4807 1209 4880 ἐπελαφρύνει
1241 4810 1337 4880 τὴν
1367 4811 1586 4864 κόλασιν
1604 4852 1617 4876 ,
1651 4811 1768 4864 οὐδὲ
1803 4811 2014 4867 ἐλαττοῖ

431 4897 529 4968 τὴν
557 4897 872 4970 ὡρισμένην
895 4900 1162 4970 τιμωρίαν
1191 4900 1596 4972 φιλανθρωπία’
1632 4903 1686 4956 εἴ
1700 4920 1761 4972 γε
1789 4903 1870 4959 δεῖ
1895 4906 2014 4970 ταῖς

434 4990 643 5058 φωναῖς
698 4987 794 5042 τοῦ
845 4991 1185 5062 πατριάρχου
1241 4994 1615 5065 τεκμηριῶσαι
1675 4995 1765 5048 τὸν
1832 4995 2006 5064 λόγον.

435 5079 612 5134 Πολλά
643 5081 752 5152 γὰρ
797 5082 1092 5146 ίκετευθεὶς
1140 5083 1288 5152 παρά
1318 5083 1412 5137 τοῦ
1449 5084 1727 5150 πλουσίου,
1770 5086 1864 5140 καὶ
1902 5104 2004 5157 μυ-

441 5171 574 5243 ρίων
599 5172 850 5226 ἐλεεινῶν
878 5173 1190 5238 ἐπακούσας
1215 5175 1408 5244 φωνῶν
1429 5216 1444 5239 ,
1471 5174 1595 5230 οὔτε
1624 5178 1736 5240 τοῖς
1761 5175 2014 5248 ὀδυρμοῖς

437 5262 770 5336 ἐπεκλάσθη,
797 5263 921 5317 οὔτε
945 5265 1041 5336 τῆς
1063 5265 1254 5336 ὀδύνης
1279 5265 1512 5330 ἐξείλετο
1562 5267 1656 5320 τὸν
1678 5267 1889 5340 πικρῶς
1913 5285 2014 5340 μα-

439 5350 781 5423 στιζόμενονο
823 5353 1080 5426 αὐστηρῷ
1128 5355 1185 5408 δὲ
1210 5355 1288 5426 τῷ
1323 5357 1630 5430 φρονήματι
1665 5357 1766 5428 τὴν
1801 5357 2015 5412 δικαίαν

436 5443 622 5516 κρίσιν
652 5445 951 5518 ἐκύρωσεν,
981 5445 1170 5510 εἰπὼν,
1209 5447 1292 5500 ὅτι
1322 5446 1458 5518 πρὸς
1487 5447 1643 5514 ἀξίαν
1668 5447 1882 5518 ἑκάστῳ
1911 5448 2018 5514 διετ

509 5648 589 5716 (8)
630 5647 883 5719 Sepultus
923 5657 998 5702 eu
1025 5688 1040 5708 .
1083 5647 1294 5719 ἐτάφη.
1347 5646 1437 5719 Sic
1471 5648 1663 5719 (ἐπείξει
1723 5651 2018 5705 etiamnum

438 5717 710 5792 retinent.
753 5717 954 5784 reiecto
999 5717 1390 5792 adsequentia
1443 5718 1538 5792 illo
1601 5721 1658 5772 ἐν
1708 5719 1829 5792 ᾄδῃ,
1879 5720 2018 5792 quod

440 5784 636 5856 Latina
682 5785 918 5856 jungunt
961 5788 1252 5856 participio
1307 5787 1534 5856 sepultus
1564 5827 1578 5849 ,
1639 5784 1825 5856 estque
1879 5784 2018 5844 idem

447 5855 766 5918 Latinorum
793 5855 1016 5925 Sensus,
1057 5873 1119 5912 ac
1149 5855 1305 5928 Quem
1335 5855 1388 5911 in
1419 5873 1521 5912 uua
1560 5857 1642 5912 illa
1679 5855 1806 5914 voce
1832 5860 2020 5928 deprc-

2112 4642 2201 4681 cra
2266 4623 2466 4678 monita
2515 4637 2579 4676 ac
2639 4629 2902 4690 pra-cepta
2966 4633 3242 4689 nunquam
3303 4616 3730 4686 aspernemur,’

2119 4731 2371 4790 tauquam
2415 4717 2528 4780 solo
2572 4724 2810 4771 terreant
2859 4727 3146 4778 sermone,
3187 4725 3250 4765 ac
3299 4711 3490 4766 inanes
3536 4708 3677 4763 intra

2115 4811 2292 4868 minas
2355 4809 2685 4864 consistant.
2745 4805 2855 4862 Nec
2905 4807 3052 4860 enim
3111 4819 3200 4859 me
3255 4803 3420 4866 latet,
3479 4809 3685 4856 morta-

2118 4900 2244 4953 lium
2284 4899 2466 4970 plures
2500 4897 2828 4966 ejuscemodi
2855 4895 3273 4966 cogitationibus
3304 4892 3576 4956 delinitos,
3603 4889 3686 4946 ef-

2125 4990 2334 5046 frenem
2396 4989 2500 5046 sibi
2563 4989 2837 5044 licentiam
2896 4985 3152 5056 peccandi
3211 4983 3512 5054 indulgere.
3574 4981 3684 5038 Ve-

2119 5099 2238 5138 rum
2283 5083 2388 5138 alia
2438 5097 2536 5138 nos
2583 5082 2763 5138 omnia
2809 5080 2960 5136 locus
3009 5079 3095 5134 hic
3143 5076 3438 5146 Scriptura?
3479 5075 3684 5144 docet;

2118 5175 2260 5231 nulla
2307 5175 2515 5231 scilicet
2561 5173 2676 5248 ejus
2720 5172 2907 5246 judicii
2937 5185 3177 5240 ,pmuam
3225 5169 3562 5239 indulgentia
3610 5168 3687 5224 le-

2124 5265 2280 5330 vari,
2341 5263 2488 5318 nulla
2547 5263 2824 5318 decretum
2893 5261 3216 5332 supplicium
3283 5259 3518 5332 mitigari
3581 5258 3690 5315 cle-

2120 5357 2360 5423 mentia;
2411 5355 2456 5411 si
2507 5357 2667 5411 modo
2721 5353 3042 5423 patriarchae
3091 5353 3319 5409 vocibus
3367 5361 3573 5408 certam
3623 5350 3688 5404 ll-

2119 5450 2238 5513 dem
2300 5447 2470 5504 astrui
2524 5446 2802 5508 volumus.
2864 5441 2999 5499 Cum
3070 5445 3216 5500 enim
3290 5443 3473 5499 multis
3537 5441 3689 5496 dives

2127 5651 2316 5705 hcndit
2348 5648 2616 5712 Asterius,
2660 5653 2718 5701 ut
2760 5654 2903 5700 totus
2943 5643 3058 5715 ipse
3083 5639 3330 5715 sepultus
3352 5619 3580 5714 dicatur,
3623 5652 3688 5695 ac

2122 5720 2364 5776 absolute
2413 5711 2674 5787 sepultus,
2715 5727 2943 5787 corpore
2967 5711 3187 5787 pariter
3229 5722 3290 5758 ac
3328 5711 3537 5787 .unimo,
3579 5721 3689 5776 quo

2124 5775 2351 5860 utroque
2381 5775 2624 5846 terrenus
2654 5775 3074 5848 exstit'isset,'ac
3104 5779 3298 5846 dignus
3323 5775 3556 5829 interno.

3539 5965 3648 5974 —...s
