4070 6142
342 388 446 441 179

1611 393 1666 445 S.
1712 335 1983 448 Αδτηῐῖιι
2024 388 2323 444 ASIASENI

3480 391 3588 447 180

336 509 512 556 virum
558 503 932 570 obsecrasset,
984 503 1134 573 isque
1183 501 1497 558 innumeras
1551 504 1691 559 illius
1740 506 1902 561 misc-

2033 502 2301 575 ιλήρωσεν
2336 502 2365 554 ὁ
2400 499 2564 555 Θεόςο
2611 498 2704 553 καὶ
2733 499 2816 552 σοὶ
2855 498 2952 570 μὲν
2982 497 3074 552 ἐπὶ
3109 496 3200 553 Ιιοῦ
3232 498 3355 570 βίον
3381 501 3592 573 τρυφή-

341 593 540 648 rabiles
594 606 753 647 voces
805 592 1079 656 audisset,
1137 607 1238 647 nec
1294 591 1545 647 lamentis
1598 592 1720 647 ullis
1768 592 1906 647 ﬂecti

350 684 564 753 potuit,
618 699 716 739 nec
774 700 903 739 vero
944 700 973 739 a
1018 685 1151 740 diris
1201 699 1324 743 eum
1379 684 1656 741 doloribus
1710 685 1909 741 libera—

342 779 461 845 vit;
492 776 584 833 sed
634 777 892 831 severiori
948 777 1128 831 animo
1171 773 1318 845 juste
1370 776 1535 830 latam
1587 779 1908 831 sententiam

2019 610 2172 649 σαντι
2227 591 2371 646 κατά
2422 590 2531 646 τῶν
2581 589 2875 662 ἀλλοτρίων
2930 589 3222 660 συμφορῶν
3243 630 3257 655 ,
3314 590 3435 662 δίκη
3492 592 3589 646 τοῦ

2019 684 2493 758 πλημμελήματος
2548 681 2811 754 ἐπετέθη,
2861 681 2897 736 ἃ
2947 682 3207 752 πάσχεις·
3256 682 3333 752 τῷ
3386 682 3432 736 δ’
3475 686 3593 738 ἐκεῖ

2022 776 2375 849 μοχθήσαντι,
2404 775 2498 830 καὶ
2538 775 2853 845 πατηθέντι,
2879 773 2973 827 καὶ¹
3005 774 3215 844 πικρῶς
3242 774 3595 845 ἀνασχομένῳ

341 865 714 932 confirmavit,
776 867 962 921 dicens
997 909 1014 933 ,
1065 881 1163 936 pro
1219 866 1427 921 meritis
1483 866 1684 935 cuique
1744 868 1908 925 Deum

2033 866 2116 936 τῆς
2146 865 2414 939 ἐνσάρκου
2452 864 2620 936 ζωῆς,
2668 863 2896 934 γλυκεῖά
2931 881 3015 926 τις
3046 863 3139 918 καὶ
3163 863 3528 936 εὐφραίνουσα
3559 866 3595 935 ἡ

346 957 729 1022 distribuisse;
767 973 830 1012 ac
866 968 921 1011 tu
958 958 1174 1030 quidem
1199 998 1215 1025 ,
1251 960 1355 1025 ait,
1388 959 1479 1029 qui
1510 958 1672 1011 vitam
1709 973 1909 1029 agens,

343 1050 573 1105 aliorum
633 1049 1034 1107 calamitatibus
1085 1051 1462 1115 deliciaharis,
1521 1064 1735 1120 pmnam
1788 1066 1915 1121 pec-

343 1140 451 1195 cati
509 1140 563 1195 in
621 1143 874 1212 praesenti
933 1141 1082 1209 luis;
1144 1142 1270 1198 huic
1322 1153 1542 1207 autem,
1603 1143 1694 1213 qui
1756 1144 1915 1198 mise-

344 1247 460 1286 ram
513 1246 578 1287 ac
637 1232 928 1301 acerbam,
989 1232 1438 1289 conculcantibus
1496 1234 1793 1298 omnibus,
1860 1233 1914 1288 in

344 1335 508 1377 carne
561 1323 730 1377 vitam
781 1325 928 1394 egit,
979 1323 1133 1381 larius
1178 1325 1264 1381 hic
1316 1339 1381 1380 ac
1425 1324 1696 1395 jucundus
1756 1325 1918 1380 vicis-

346 1413 447 1466 sim
496 1422 668 1470 status
723 1430 786 1469 ac
837 1414 1076 1473 conditio
1104 1416 1289 1473 cessit.
1335 1415 1646 1480 Praeterea,
1697 1425 1918 1484 vastus,

348 1499 558 1572 inquit,
618 1517 683 1559 ac
745 1503 1041 1560 immensus
1100 1505 1282 1563 hiatus
1344 1515 1531 1560 mutuo
1591 1506 1920 1562 commercio

348 1605 607 1662 utrosque
664 1595 955 1665 prohibet,
1009 1605 1175 1665 atque
1234 1611 1329 1653 eos
1381 1597 1472 1666 qui
1530 1597 1838 1667 plectuntur
1890 1612 1919 1650 a

348 1683 504 1738 bonis
537 1685 743 1740 honore
775 1688 1062 1743 cumulatis
1094 1688 1334 1754 dirimit,
1367 1705 1474 1760 quo
1507 1690 1736 1746 seorsim
1785 1691 1923 1744 utri-

346 1789 454 1843 que
503 1786 694 1846 agaut,
741 1793 806 1833 ac
850 1778 1104 1835 distincte
1150 1796 1301 1833 suam
1352 1759 1552 1852 quique
1597 1796 1702 1850 qua
1755 1781 1921 1835 bono-

2019 958 2204 1013 ἐνθάδε
2236 955 2557 1028 ἀπενεμήθη
2589 955 2944 1019 κατάστασις.
2985 953 3128 1025 Πρὸς
3154 954 3210 1007 δὲ
3242 954 3467 1019 τούτοις,
3499 955 3599 1010 καὶ

2020 1048 2206 1118 χάσμα
2231 1047 2374 1119 μέγα
2411 1042 2550 1103 εἷναί
2580 1063 2745 1117 φησιν
2798 1044 2862 1097 τὸ
2898 1043 3104 1098 κωλῦον
3124 1043 3321 1109 αὐτοὺς
3337 1045 3435 1117 τὴν
3458 1044 3600 1115 πρὸς

2021 1138 2279 1210 ἀλλήλους
2300 1137 2604 1209 ἐπιμιξίαν,
2635 1138 2731 1194 καὶ
2759 1135 2990 1207 διεῖργον
3010 1137 3136 1200 τοὺς
3155 1136 3599 1208 τιμωρουμένους

2022 1229 2132 1283 ἀπὸ
2157 1230 2266 1284 τῶν
2293 1229 2641 1301 τιμωμένων,
2679 1229 2766 1282 ἴνα
2794 1226 3062 1300 εὐκρινῶς
3091 1228 3347 1297 διάγωσιν
3382 1228 3476 1282 ἀπ’
3505 1227 3600 1282 ἀλ-

2022 1322 2197 1395 λήλων
2234 1321 2571 1395 ἀμφότεροι,
2614 1318 2924 1390 ἀσὺγχυτον
2966 1318 3178 1391 ἔχοντες
3227 1318 3335 1373 τῶν
3376 1319 3602 1387 ἀγαθῶν

2024 1413 2120 1468 καὶ
2145 1412 2254 1467 τῶν
2281 1412 2468 1469 κακῶν
2496 1412 2594 1485 τὴν
2631 1411 2955 1466 ἀπόλαυσιν.
2987 1407 3153 1482 Οἶμαι
3182 1409 3238 1463 δὲ
3268 1410 3367 1480 τὴν
3405 1410 3598 1482 αἰσθη..

2026 1503 2126 1575 τὴν
2179 1503 2496 1577 παραϐολὴν
2542 1502 2743 1576 νοητῆς
2782 1498 2921 1556 εἶναι
2970 1501 3204 1573 θεωρίας
3242 1499 3487 1572 αἴνιγμα.
3525 1502 3603 1557 Οὐ

2027 1595 2137 1667 γὰρ
2163 1595 2228 1668 δή
2251 1595 2458 1667 τάφρον
2484 1595 2654 1659 ὅντως
2691 1596 3032 1665 ἐννοήσωμεν
3059 1593 3176 1647 ἐκεῖ
3208 1592 3346 1666 πρὸς
3376 1591 3484 1651 τῶν
3504 1593 3608 1661 ἀγ-

2028 1685 2202 1755 γέλων
2245 1686 2621 1759 διορυχθεῖσαν
2641 1727 2659 1751 ,
2708 1678 2909 1757 οἷάπερ
2950 1685 3008 1738 ἐν
3061 1686 3173 1748 τοῖς
3223 1682 3607 1756 στρατοπέδοις

2029 1777 2236 1846 γίνεται
2267 1777 2336 1837 τὰ
2371 1777 2481 1832 τῶν
2513 1778 2788 1848 πολεμίων
2831 1776 3164 1848 μεταίχμια·
3207 1775 3342 1835 ἀλλά
3372 1776 3465 1830 τὸν
3500 1793 3608 1846 χω-

348 1881 509 1929 rum,
562 1883 666 1936 qua
719 1868 983 1924 malorum
1040 1880 1240 1927 sortem
1293 1873 1576 1943 recipiant.
1632 1872 1789 1927 Aliud
1843 1873 1924 1926 ni-

2033 1869 2217 1943 ρισμδν
2247 1871 2381 1942 ήμῖν
2411 1872 2440 1924 ὀ
2473 1871 2690 1937 Λουκᾶς
2733 1868 3071 1943 ὑπογράφων
3090 1909 3105 1934 ,
3135 1868 3194 1923 ὃν
3231 1869 3326 1922 ἀπ’
3361 1868 3609 1938 ἀλλήλων

356 1956 648 2012 hilominus
709 1960 935 2027 spiritali
1004 1961 1278 2016 intellectu
1356 1963 1598 2030 subjecta
1672 1963 1922 2019 sensibus

349 2048 599 2117 parabola
644 2049 931 2121 designare
973 2052 1238 2106 videatur.
1286 2050 1402 2106 Non
1447 2053 1592 2106 enim
1645 2050 1918 2121 profecto,

350 2140 553 2194 fossam
608 2140 717 2194 illic
766 2150 859 2195 aut
907 2142 1191 2207 scrobem,
1246 2143 1423 2213 qualis
1477 2143 1528 2199 in
1583 2144 1781 2198 castris
1834 2159 1923 2197 ar-

349 2230 539 2285 cendis
599 2231 839 2286 hostibus
899 2231 1015 2287 ﬁeri
1075 2233 1247 2299 solet,
1312 2233 1381 2289 ab
1442 2234 1646 2305 angelis
1710 2235 1921 2304 reipsa,

349 2324 569 2377 ductam
627 2324 1037 2394 putaverimus,
1096 2324 1189 2379 sed
1248 2324 1425 2393 potius
1478 2339 1506 2377 a
1563 2323 1742 2388 Luca,
1796 2325 1921 2376 dum

350 2413 636 2469 dissidiutn
670 2413 1175 2485 seiunctionetnquc
1208 2429 1394 2468 eorum
1444 2413 1765 2467 adumbrare
1806 2422 1923 2468 slu—

349 2503 471 2570 det,
522 2502 611 2573 qui
670 2519 766 2574 per
815 2504 1108 2570 virtutem,
1158 2505 1361 2574 quique
1410 2520 1565 2558 secus
1617 2504 1776 2556 vitam
1831 2519 1924 2559 co-

2029 1962 2136 2016 εἰσὶ
2172 1961 2587 2034 κεχωρισμένοι,
2610 1962 2664 2015 οῖ
2689 1978 2751 2016 τε
2786 1962 2908 2014 κατ’
2933 1961 3135 2031 ἀρετὴν
3155 1999 3171 2025 ,
3207 1961 3301 2017 καὶ
3328 1960 3376 2013 oi
3404 1959 3608 2030 ἑτέρως

2031 2050 2313 2124 ζήσαντες,
2342 2052 2571 2106 ὑπέθετο
2609 2050 2708 2123 τὴν
2747 2052 2932 2107 εἰκόνα
2977 2050 3071 2105 τοῦ
3115 2052 3411 2123 χάσματος.
3452 2048 3608 2107 Ἐπι-

2033 2144 2389 2216 σφραγίζεται
2415 2146 2513 2217 τὴν
2551 2145 2790 2199 διάνοιαν
2820 2146 2952 2217 ήμῖν
2983 2145 3190 2216 ταύτην
3222 2145 3315 2199 καὶ
3359 2143 3607 2211 Ἠσαῖας,

2030 2235 2171 2288 οὕτω
2208 2253 2325 2299 πως
2370 2236 2571 2306 λέγων’
2603 2236 2700 2305 Μὴ
2749 2239 2862 2291 οὐκ
2906 2237 3107 2306 ἰσχύει
3156 2237 3194 2306 ἠ
3229 2237 3356 2305 χεὶρ
3387 2236 3611 2304 Κυρίου

2029 2327 2135 2379 τοῦ
2164 2325 2380 2391 σῶσαι,
2409 2327 2447 2396 ἢ
2470 2326 2719 2396 ἐϐάρυνε
2749 2331 2812 2382 τὸ
2841 2325 2949 2395 οὖς
2977 2323 3164 2383 αὑτοῦ
3193 2328 3300 2382 τοῦ
3328 2327 3409 2398 μὴ
3431 2326 3607 2382 ἀκοῦ-

2037 2434 2174 2484 σαι;
2209 2419 2396 2473 Ἀλλὰ
2414 2419 2486 2474 τὰ
2512 2419 2900 2491 ἁμαρτήματα
2932 2420 3099 2491 ἡμῶν
3138 2420 3450 2475 διιστῶσιν
3492 2417 3612 2473 ἀνὰ

2029 2509 2227 2579 μέσον
2252 2512 2358 2567 τοῦ
2396 2512 2568 2567 Θεοῦ.

353 2596 571 2652 luerunt
594 2635 610 2663 ,
648 2596 853 2653 hancce
886 2599 1065 2653 hiatus
1097 2597 1498 2651 similitudinem
1547 2597 1876 2667 propositam
1915 2613 2034 2656 esse
2066 2615 2228 2673 atque
2262 2606 2572 2676 imaginem.
2609 2606 2705 2662 Cui
2751 2617 2936 2663 nostro
2965 2606 3144 2663 sensui
3174 2646 3189 2672 ,
3230 2607 3440 2661 abunde
3478 2602 3611 2659 asti-

352 2690 566 2759 pulatur
600 2687 766 2743 Isaias
806 2689 1038 2745 dicens:
1085 2688 1343 2760 Nunquid
1379 2704 1480 2741 non
1514 2687 1650 2742 valet
1710 2705 1898 2744 manus
1933 2690 2146 2748 Domini
2200 2696 2370 2750 salvos
2425 2696 2648 2765 facere?
2696 2699 2772 2753 vel
2825 2699 3061 2769 gravavit
3118 2712 3299 2752 aurem
3348 2712 3498 2750 suam
3556 2711 3608 2753 ut

353 2798 456 2836 non
497 2782 679 2835 audiat
708 2782 735 2834 .9
774 2780 961 2836 Verum
1002 2792 1213 2852 peccata
1262 2791 1430 2837 castra
1478 2780 1713 2835 dividunt
1760 2781 1892 2836 inter
1942 2800 2029 2839 vos
2074 2796 2123 2841 et
2174 2788 2336 2842 Deum
2388 2789 2450 2844 “.

1107 2876 1171 2929 ll.

354 2966 590 3023 llomilia
643 2970 699 3023 in
741 2968 913 3023 locum
952 2966 1227 3034 Evangelii
1266 2966 1550 3020 secundum
1591 2962 1822 3029 Lucam.
1867 2968 1932 3022 de

789 3054 1051 3092 acottomo
1084 3037 1371 3106 iniquitatis
1415 3037 1479 3089 ¹¹.

425 3126 639 3183 Memini
690 3144 1058 3200 smpenumero
1093 3129 1235 3184 inter
1287 3130 1638 3186 fabulandum
1686 3130 1923 3195 dixisse,

358 3220 481 3277 ﬁcta
516 3222 745 3291 quadam
783 3221 1023 3292 falsaque
1068 3222 1355 3277 invadente
1402 3222 1455 3276 in
1504 3233 1710 3277 mentes
1758 3222 1933 3277 homi-

359 3330 485 3367 num
537 3315 902 3387 cogitatione,
954 3324 1065 3370 tum
1115 3314 1455 3383 multiplicari
1505 3326 1762 3384 peccata,
1818 3324 1930 3367 tum

356 3404 497 3460 bona
555 3421 755 3476 opera,
808 3422 929 3477 qute
984 3420 1081 3477 pro
1135 3408 1216 3459 sui
1272 3407 1505 3475 quisque
1548 3406 1785 3460 instituti
1839 3422 1927 3459 ra-

360 3496 503 3550 tione
546 3511 801 3553 exercere
842 3498 1035 3563 debet,
1086 3497 1346 3551 retardari
1385 3516 1399 3551 :
1442 3496 1587 3550 illam
1637 3496 1887 3551 nimirum
1913 3538 1931 3563 ,

358 3603 466 3657 qua
526 3590 806 3650 universa,
858 3589 905 3641 si
962 3603 1070 3658 qua
1115 3587 1168 3641 iu
1222 3588 1342 3641 vitae
1401 3603 1556 3642 usum
1624 3588 1922 3649 habemus,

359 3687 548 3733 nostro
605 3695 703 3733 nos
752 3678 874 3746 jure
932 3695 997 3734 ac
1047 3690 1300 3749 tanquam
1355 3679 1602 3735 dominos
1651 3680 1932 3749 possidere

359 3776 634 3839 putamus.
687 3768 759 3822 Ed
818 3769 1200 3839 persuasione,
1256 3782 1450 3839 magna
1495 3783 1593 3839 pro
1645 3767 1753 3825 illis
1802 3784 1930 3824 cou-

363 3860 602 3914 tentione
652 3857 958 3927 litigamus,
1015 3875 1349 3932 pugnamus,
1405 3860 1808 3931 digladiamur;
1869 3877 1932 3916 ac

360 3965 457 4005 cett
504 3951 771 4020 praecipua
814 3952 1058 4020 quaedam
1109 3966 1172 4006 ac
1224 3951 1459 4022 seposita
1504 3954 1678 4017 bona,
1710 3968 1772 4007 ea
1819 3970 1932 4008 ma-

368 4043 512 4096 xime
572 4057 822 4098 amamus
895 4058 959 4097 ac
1015 4043 1367 4097 aestimamus.
1430 4041 1578 4096 Haud
1633 4058 1760 4097 vero
1812 4043 1929 4107 ita,

358 4136 486 4202 quin
523 4133 679 4203 longe
711 4148 868 4189 seetts
906 4149 965 4190 se
1011 4148 1099 4189 res
1147 4134 1329 4189 habet.
1380 4133 1527 4189 Nihil
1577 4135 1722 4190 enim
1775 4138 1930 4206 quid-

2778 2883 2851 2936 B'.

2050 2975 2278 3044 Ὀμιλία
2322 2976 2391 3030 ἐκ
2438 2977 2545 3030 τοῦ
2618 2974 2770 3029 κατὰ
2803 2970 3056 3044 Aequis:
3086 2970 3484 3044 Εὑαγγελίου,
3525 2971 3617 3035 εις

2384 3047 2491 3099 τὸν
2516 3045 2834 3112 οἰκονόμον
2856 3041 2966 3110 τῆς
2989 3041 3243 3107 ἀδικίας.

2106 3133 2367 3199 Πολλάκις
2402 3136 2529 3205 ὑμῖν
2548 3129 2698 3186 εἶπον
2727 3130 3127 3202 διαλεγόμενος,
3149 3129 3231 3182 ὅτι
3251 3126 3617 3205 πεπλασμένη

2034 3242 2118 3289 τις
2147 3225 2238 3277 καὶ
2272 3224 2474 3297 ψευδὴς
2522 3223 2697 3279 ἔννοια
2739 3224 2852 3287 τοῖς
2905 3219 3213 3296 ἀνθρώποις
3270 3217 3612 3291 ἐμπεσοῦσα,

2036 3313 2293 3387 πληθύνει
2331 3314 2400 3369 τὰ
2434 3314 2835 3387 ἁμαρτήματα,
2889 3312 2983 3365 καὶ
3021 3310 3236 3364 ἐλαττοῖ
3281 3311 3349 3365 τὰ
3396 3309 3608 3379 ἀγαθὰ,

2036 3408 2178 3480 ἅπερ
2215 3408 2442 3473 ἕκαστος
2479 3408 2764 3478 ὀφείλομεν
2813 3405 2906 3460 ἐπὶ
2950 3404 3051 3476 τῆς
3089 3405 3299 3459 ἑαυτῶν
3337 3404 3612 3468 πολιτείας

2035 3498 2243 3552 ἀσκεῖν.
2285 3498 2434 3570 Αὕτη
2480 3498 2535 3552 δέ
2570 3500 2717 3553 ἐστιν
2757 3498 2816 3551 τὸ
2845 3496 3108 3570 νομίζειν,
3156 3497 3239 3549 ὅτι
3287 3497 3464 3550 πάντα
3511 3496 3615 3551 ὅσα

2036 3589 2230 3662 ἔχομεν
2259 3593 2315 3644 ἐν
2344 3594 2409 3663 τῇ
2445 3592 2638 3663 χρήσει
2680 3589 2773 3643 τοῦ
2804 3589 2949 3661 βίου,
2985 3589 3059 3653 ὡς
3086 3587 3264 3661 κύριοι
3296 3587 3615 3659 κεκτήμεθα

2035 3683 2128 3734 καὶ
2160 3681 2433 3736 δεσπόται.
2470 3683 2579 3737 Καὶ
2623 3681 2828 3752 ταύτης
2874 3680 3059 3734 ἕνεκεν
3104 3680 3202 3752 τῆς
3255 3679 3614 3750 ὑπολήψεως,

2036 3772 2281 3844 σφοδρῶς
2312 3773 2451 3844 ὑπὲρ
2481 3773 2660 3826 αὐτῶν
2698 3770 3094 3843 διαμαχόμεθα,
3125 3771 3218 3826 καὶ
3246 3769 3613 3841 πολεμοῦμεν,

2036 3863 2129 3915 καὶ
2167 3860 2517 3933 δικαζόμεθα,
2558 3864 2653 3917 καὶ¹
2688 3863 2767 3925 εἰς
2812 3863 2980 3933 ἀκρον
3015 3860 3193 3915 αὐτῶν
3221 3859 3612 3933 περιεχόμεθα,

2034 3955 2110 4019 ὼς
2140 3952 2432 4026 ἐξαιρέτων
2464 3952 2779 4025 κτημάτων.
2824 3952 2890 4006 Ἠ
2927 3951 2983 4006 δὲ
3026 3952 3259 4024 ἀλήθεια
3300 3952 3398 4022 οὐχ
3441 3950 3616 4016 οὕτως

2034 4038 2148 4117 ἔχει
2172 4057 2185 4069 ·
2208 4039 2345 4095 ἀλλά
2369 4040 2462 4095 καὶ
2484 4040 2688 4114 σφόδρα
2719 4041 2993 4105 ἐναντίως.
3021 4041 3205 4097 Πάντα
3227 4042 3336 4113 γὰρ
3366 4035 3440 4095 ὧν
3468 4040 3615 4094 ἀπε-

2035 4130 2290 4204 λάϐομεν,
2323 4133 2419 4203 οὐχ
2448 4132 2691 4204 ἡμέτερα
2711 4147 2726 4162 ’
2751 4131 2875 4186 οὔτε
2909 4134 3016 4204 μὴν
3046 4134 3226 4204 ήμεῖς,
3251 4133 3327 4196 ὡς
3358 4130 3617 4189 αὐθένται

358 4242 519 4295 quam
581 4242 768 4280 eorum
822 4241 943 4297 quae
997 4225 1341 4295 accepimus,
1400 4235 1644 4280 nostrum
1704 4235 1821 4293 est;
1876 4236 1925 4279 at

2037 4222 2130 4275 καὶ
2152 4220 2362 4295 κύριοι,
2428 4221 2507 4294 τῷ
2548 4223 2646 4294 βίῳ
2685 4222 2891 4294 τούτῳ,
2922 4223 2997 4286 ὡς
3031 4222 3277 4294 ἡμετέρα
3310 4222 3477 4293 οἰκίᾳ,
3524 4224 3613 4275 ἐν-

362 4331 537 4387 neque
573 4318 625 4371 in
661 4321 801 4371 hanc
839 4318 1006 4372 vitam
1046 4332 1110 4372 ac
1144 4317 1396 4372 saeculum
1422 4358 1439 4385 ,
1475 4318 1550 4370 uti
1604 4318 1764 4387 pleno
1808 4318 1931 4389 iure

362 4406 563 4460 domini
606 4422 703 4460 ceu
752 4407 804 4460 in
854 4408 1127 4478 propriam
1179 4409 1394 4462 domum
1450 4407 1651 4461 inducti
1701 4422 1930 4474 sumus;

360 4497 459 4552 sed
497 4498 649 4567 quasi
687 4497 933 4567 inquilini
970 4508 1025 4552 et
1052 4498 1269 4551 advenae
1292 4536 1306 4563 ,
1361 4498 1681 4566 exsulesque
1733 4498 1939 4568 abripi-

364 4605 484 4643 mur
532 4605 638 4660 quo
683 4589 950 4654 nolumus,
977 4603 1041 4642 ac
1065 4603 1171 4655 quo
1220 4598 1459 4657 tempore
1489 4602 1593 4641 non
1648 4597 1931 4656 exspecta-

367 4678 603 4733 bamus:
646 4679 1017 4747 bouorumque
1065 4687 1373 4731 nostrorum
1415 4676 1778 4745 possessione,
1810 4692 1931 4730 cum

362 4770 590 4824 Domino
623 4770 792 4823 visum
831 4768 994 4823 fuerit
1030 4766 1402 4839 (9),exuimur.
1438 4766 1701 4834 Quocirca
1733 4768 1894 4821 etiam
1917 4807 1932 4832 ,

359 4860 516 4916 facile
549 4861 676 4930 quid
711 4860 967 4914 mutabile
1007 4860 1250 4915 mortalis
1290 4860 1404 4912 haec
1438 4858 1542 4912 vita
1570 4861 1801 4928 ;quique
1835 4859 1932 4914 lto-

358 4953 444 5006 die
464 4953 644 5008 clarus
662 4964 744 5007 est
766 4969 828 5008 ac
860 4952 1110 5015 illustris,
1130 4966 1251 5006 cras
1265 4950 1588 5025 miserabilis
1599 4961 1680 5005 est
1697 4966 1759 5005 ac
1773 4965 1936 5021 egens

356 5060 457 5114 ονε
476 5067 488 5101 :
506 5047 595 5115 qui
619 5046 671 5099 in
693 5045 976 5115 prmsentia
998 5043 1265 5116 opulentia
1284 5052 1367 5099 est
1382 5057 1443 5098 ac
1454 5042 1760 5101 divitiarum
1781 5044 1934 5113 copia

427 5242 468 5276 “
510 5243 614 5301 lsa.
650 5259 762 5308 th,
798 5242 851 5309 ι,
883 5240 942 5296 2.
1025 5242 1067 5273 “
1107 5241 1241 5299 Luc.
1273 5257 1361 5298 ινι
1385 5282 1402 5307 ,
1432 5242 1458 5298 1
1493 5256 1613 5313 sqq.

427 5395 506 5470 (9)
538 5395 780 5470 ~Cumque
802 5395 1234 5470 reruntﬂomino
1282 5398 1447 5452 visum
1486 5397 1667 5467 fuerit,
1707 5396 1788 5464 τῷ
1821 5402 1936 5470 {(v-

349 5466 461 5539 ρίῲ
487 5466 601 5536 τῆς
634 5466 925 5539 ternosue.
961 5467 1098 5539 ῃωιο
1125 5466 1226 5534 sic,
1248 5483 1416 5539 quam
1455 5466 1521 5539 ut
1563 5471 1791 5539 mutavit
1829 5468 1935 5522 Du-

354 5535 499 5609 esus
541 5554 604 5594 ex
641 5535 816 5593 Vntic.
861 5537 1175 5609 ac__Sirm.,i
1200 5535 1289 5609 τῷ
1320 5538 1510 5609 κυρίῳ
1550 5538 1653 5608 τῆς
1684 5538 1935 5605 κτίσεως,

354 5605 584 5664 Domino
617 5618 893 5665 creaturis.
931 5604 1063 5677 Non,
1091 5604 1335 5665 enim'de
1363 5604 1581 5667 Deo'est
1597 5604 1794 5672 sermo,
1828 5604 1936 5677 qua

358 5678 571 5733 ratione
609 5686 692 5732 est
715 5687 931 5734 creator
950 5690 1015 5733 ac
1049 5676 1190 5733 Deus
1218 5677 1494 5745 absolute;
1530 5677 1624 5732 sed
1654 5679 1721 5732 de
1745 5676 1935 5733 eodem

356 5744 460 5803 Sub
498 5748 771 5830 _pe_culia_ri
839 5748 1051 5804 ratione
1106 5746 1310 5830 domini
1369 5761 1434 5801 ac
1482 5744 1832 5830 possessoris
1882 5747 1935 5802 in

360 5817 642 5891 parabola,
670 5819 736 5873 ad
756 5832 917 5893 quem
945 5832 1139 5878 omnes
1166 5826 1223 5872 ut
1246 5817 1517 5875 osconomi
1539 5831 1934 5891 comparemur,

2032 4313 2494 4386 ῳκίσθημενυάλλ’
2518 4314 2594 4378 ὡς
2628 4314 2894 4386 πάροικοι,
2917 4315 3009 4368 καὶ
3042 4313 3332 4386 ἐπήλυδες,
3367 4315 3462 4367 καὶ
3480 4330 3614 4385 μετ-

2035 4403 2260 4458 ανάσται
2282 4444 2296 4468 ,
2365 4404 2607 4476 ἀγόμεθα
2639 4406 2772 4463 ὅπου
2814 4405 2876 4458 οὺ
2910 4404 3135 4475 θέλομεν
3157 4445 3171 4469 ,
3220 4404 3314 4459 καὶ
3352 4402 3513 4474 ήνίκα
3550 4404 3614 4458 οὐ

2039 4496 2475 4569 προσεδοκῶμεν.
2539 4496 2942 4570 ’Λφαιρούμεθα
2983 4496 3039 4550 δὲ
3084 4497 3191 4551 τῶν
3238 4497 3434 4563 ὄντων,
3486 4497 3617 4550 ὅταν

2039 4589 2165 4663 δόξῃ
2194 4589 2273 4661 τῷ
2296 4589 2485 4663 Κυρίῳ
2504 4630 2519 4654 ,
2564 4591 2661 4661 τῆς
2697 4591 2964 4662 κτήσεως.
2999 4589 3091 4642 Διὸ
3120 4589 3214 4643 καὶ
3257 4588 3618 4660 εὐμεταδολον

2039 4680 2230 4751 χρῆμά
2276 4680 2422 4732 ἐστιν
2455 4680 2515 4734 τὸ
2550 4681 2649 4752 τῆς
2699 4681 2963 4752 ἐπικήρου
3012 4680 3213 4750 ταύτης
3254 4679 3398 4751 ζωῆς
3420 4697 3432 4710 ·
3466 4681 3559 4733 καὶ
3589 4683 3621 4735 ἀ

2043 4771 2280 4840 σήμερον
2304 4768 2531 4841 ἔνδοξος,
2558 4769 2745 4842 αὔριον
2764 4769 3016 4834 ἐλεεινὸς,
3042 4768 3224 4824 οἴκτου
3250 4770 3346 4850 καὶ
3367 4768 3619 4840 βοηθείας

2041 4855 2188 4924 ἄξιος
2211 4875 2227 4891 ο
2277 4860 2305 4912 ό
2347 4858 2442 4913 νῦν
2475 4858 2705 4931 εὔπορος
2738 4860 2833 4915 καὶ
2872 4858 3269 4931 εὐθηνούμενος
3312 4861 3433 4924 ταῖς
3464 4858 3620 4923 ὕλαις

2039 4949 2135 5003 τοῦ
2179 4949 2442 5019 πλούτου,
2489 4952 2657 5024 πένης
2699 4950 2836 5022 μετά
2887 4951 3111 5024 μικρὸν,
3156 4952 3278 5006 οὐδὲ
3319 4951 3410 5003 τὸν
3453 4950 3621 5021 ἄρτον

2041 5040 2248 5096 οἴκοθεν
2273 5040 2430 5114 ἔχων,
2476 5043 2533 5098 ὃν
2580 5042 2955 5125 προσφέρηται
2999 5044 3078 5107 εἰς
3109 5041 3273 5114 ζωήν.
3305 5041 3413 5107 Καὶ
3442 5040 3622 5123 τούτῳ

2042 5397 2208 5452 vitam
2243 5396 2433 5467 ipsam
2473 5411 2539 5452 ac
2574 5396 2753 5467 omnia
2795 5395 2862 5451 ab
2913 5411 2978 5451 eo
3024 5394 3305 5463 habentes,
3349 5394 3432 5467 sic
3473 5398 3621 5450 velut

2046 5464 2311 5536 precario,
2341 5474 2401 5520 ut
2421 5480 2544 5521 cum
2579 5465 2809 5520 voluerit
2837 5474 3060 5535 repetat,
3097 5473 3259 5534 atque
3297 5464 3363 5519 ad
3399 5479 3529 5519 usus
3544 5478 3620 5536 ac

2048 5533 2536 5590 administrationis
2564 5537 2827 5590 rationem
2858 5533 3015 5603 cogat
3053 5533 3260 5603 :atque
3305 5536 3437 5590 adeo
3485 5533 3621 5603 nihil

2045 5606 2111 5659 ad
2149 5619 2260 5658 rem
2304 5619 2461 5673 quem
2515 5606 2647 5659 citat
2685 5607 2831 5659 locus
2875 5602 3079 5661 Ju’dith.
3129 5602 3184 5659 ti
3225 5605 3333 5660 i7:
3387 5602 3619 5673 Βασιλεῖ)

2044 5675 2227 5746 πάσης
2264 5671 2494 5737 κτίσεως
2545 5690 2659 5746 σου,
2685 5672 2810 5746 Rea;
2849 5676 3018 5746 omnis
3050 5685 3302 5746 creatum
3344 5684 3467 5746 tum.
3526 5671 3621 5729 Sic

2044 5743 2207 5816 paulo
2234 5755 2352 5815 post
2393 5745 2583 5812 repetit
2631 5743 2820 5816 κύριον
2860 5743 2965 5816 τῶν
3004 5744 3301 5816 χρημάτων
3349 5743 3445 5798 καὶ
3480 5758 3618 5816 amr-

2049 5813 2254 5887 μάτων,
2292 5829 2354 5870 ac
2382 5823 2490 5870 tota
2520 5813 2719 5883 passim
2754 5814 2991 5869 homilia.
