4090 6146
371 459 467 513 ω

1335 470 1614 525 ηοιιιιιιΑ
1649 471 1711 526 ll.
1753 471 1839 527 DE
1879 472 2246 531 υΕΟυΝοιιο
2285 474 2722 541 lNlQUlTATIS.

3528 473 3629 529 182

371 570 608 642 μάλιστα
704 571 835 636 Θεὸς
865 574 1183 646 nam,ch
1205 578 1416 652 θνητῶν
1443 582 1723 658 ὑπερέχει,
1758 584 1835 656 τῷ
1860 587 1946 641 ἀεὶ

2065 591 2301 660 ocupies,
2368 588 2706 657 postmodum
2747 604 2948 660 pauper
2985 587 3242 651 enectus,
3314 599 3381 640 ne
3435 600 3625 654 panem

368 664 398 715 6
426 662 589 726 αὐτὸς
618 659 758 717 εἶναι
780 706 794 728 ,
827 668 920 721 καὶ
944 668 1207 734 ὡσαύτως
1243 670 1387 743 ἔχειν
1406 715 1420 739 ,
1455 675 1549 729 καὶ
1586 676 1945 749 ἀναφαίρετον

371 754 669 824 κεκτῆσθαι
703 757 879 830 ζωὴν,
905 761 999 813 καὶ
1036 760 1214 829 δόξαν,
1255 765 1347 817 καὶ
1378 764 1625 837 δύναμιν.

443 1020 616 1073 Πόθεν
649 1016 742 1074 οὖν
769 1023 848 1086 είς
879 1024 1085 1095 ταύτην
1114 1019 1277 1095 ἦλθον
1317 1026 1414 1097 τὴν
1444 1026 1616 1098 ἀρχὴν
1644 1028 1735 1082 τοῦ
1762 1027 1942 1097 λόγου,

373 1109 407 1181 ἦ
448 1110 583 1178 τάχα
609 1108 884 1182 γνώριμον
916 1111 1015 1183 ἤδη
1055 1114 1310 1184 τυγχάνει
1341 1117 1455 1178 τοῖς
1486 1115 1609 1168 νοῦν
1642 1115 1822 1186 ἔχουσι
1856 1119 1950 1171 καὶ

376 1198 696 1267 φιλολόγοις.
746 1200 804 1253 '0
844 1202 1058 1264 Λουκᾶς
1100 1203 1231 1272 ἡμῖν
1286 1202 1601 1275 παραϐολὴν
1632 1204 1951 1271 ἀναπλάσας

375 1289 663 1358 ὑπανέγνω
717 1290 919 1362 ἀρτίως
939 1333 955 1359 ,
991 1294 1048 1347 ἐν
1173 1293 1264 1347 τὸν
1312 1295 1593 1367 οἰκονόμον
1629 1296 1737 1350 τῶν
1790 1297 1948 1352 ἀλλο-

371 1378 537 1451 τρίων
571 1381 881 1452 ὑπογράφει
909 1385 1226 1453 πενόμενον
1259 1386 1355 1438 καὶ
1384 1385 1729 1457 θλιϐόμενον,
1763 1389 1948 1461 ἐπειδὴ

369 1469 445 1534 ὡς
468 1470 718 1542 παθητῆς
744 1473 837 1526 καὶ⁵
868 1473 1244 1538 πολυδάπανος
1292 1476 1525 1546 ηκουσεν
1554 1478 1703 1550 παρὰ
1732 1478 1824 1533 τοῦ
1854 1497 1949 1533 κυ-

375 1563 491 1632 ρίου
513 1561 624 1616 τῶν
654 1563 952 1634 χρημάτων
984 1566 1078 1619 καὶ
1110 1565 1217 1619 τῶν
1247 1567 1566 1639 κτημάτων,
1602 1569 1683 1623 ὅτι
1708 1570 1820 1634 Δὸς
1842 1570 1952 1625 τὸν

370 1654 557 1723 λόγον
592 1654 702 1723 τῆς
728 1655 1113 1723 διοικήσεως,
1149 1660 1241 1712 καὶ
1274 1659 1603 1732 μετάστηθι·
1647 1663 1710 1716 οὒ
1740 1662 1848 1734 γάρ
1890 1679 1951 1715 σε

370 1748 485 1808 τοῖς
526 1747 695 1816 ἐμοῖς,
741 1747 815 1811 ὡς
850 1747 1030 1813 ίδίοις,
1064 1751 1334 1822 ὲντρυιρᾷν
1362 1751 1643 1823 ἀνέξομαι.
1678 1753 1850 1807 Τοῦτο
1891 1755 1950 1809 δέ

371 1838 540 1901 ἐστιν,
573 1838 633 1890 οὐ
668 1838 959 1908 γενομένου
992 1840 1312 1912 πράγματος
1340 1841 1618 1914 ἐξήγησις,
1652 1842 1787 1898 ἀλλά
1814 1844 1951 1898 πλά-

2048 682 2262 752 quidem
2293 680 2358 734 ad
2415 681 2537 735 vita:
2582 689 2941 735 commeatum
2991 680 3132 734 domi
3190 677 3369 732 habet.
3409 674 3626 746 Hocque

2050 771 2281 825 maxime
2308 770 2447 824 Deus
2474 770 2627 825 nobis
2651 769 2966 825 mortalibus
2996 778 3232 839 praestat,
3261 766 3403 838 quod
3417 781 3627 837 semper

2049 862 2189 917 idem
2234 878 2297 916 ac
2328 863 2379 916 in
2418 863 2604 915 eodem
2633 861 2701 914 sit
2750 869 2935 927 statu,
2978 862 3250 930 vitamque
3295 869 3351 915 et
3400 858 3623 929 gloriam

2051 969 2113 1007 ac
2149 953 2442 1022 potentiam
2473 949 2865 1005 inauferibilem
2899 952 3112 1006 habeat.

2122 1043 2238 1110 Quo
2274 1050 2450 1097 autem
2492 1042 2544 1094 in
2582 1042 2849 1096 sermonis
2885 1042 2987 1096 hoc
3021 1040 3300 1095 exordium
3334 1037 3614 1104 venerim,

2053 1132 2191 1187 forte
2234 1133 2343 1201 jam
2392 1132 2750 1202 intelligentes
2791 1147 2855 1187 ac
2908 1131 3131 1185 litterati
3173 1129 3329 1185 facile
3379 1128 3626 1183 animad-

2051 1236 2288 1280 vertunt.
2344 1224 2641 1291 Nimirum,
2698 1225 2832 1279 lecta
2889 1224 3046 1277 modo
3106 1229 3187 1277 est
3238 1218 3535 1289 composita
3591 1232 3623 1272 ιι

2052 1317 2193 1372 Luca
2243 1317 2530 1386 parabole,
2580 1316 2633 1370 in
2678 1331 2789 1385 qua
2836 1315 2957 1379 ille,
2996 1314 3295 1369 alienorum
3338 1312 3623 1382 dispensa-

2054 1417 2265 1473 torem,
2329 1409 2534 1460 tristem
2590 1405 2957 1475 afﬂictumque
3003 1403 3305 1470 describit,
3362 1401 3452 1456 ubi
3504 1411 3625 1455 tan-

2050 1512 2212 1568 quam
2249 1498 2502 1567 prodigus
2533 1511 2601 1552 ac
2633 1496 2941 1564 dissipator,
2974 1509 3037 1547 ex
3063 1494 3324 1547 bonorum
3351 1507 3413 1546 ac
3439 1504 3631 1545 rerum

2052 1589 2270 1643 domino
2328 1590 2602 1654 audisset,
2671 1586 2846 1642 Redde
2907 1585 3159 1638 rationem
3211 1581 3624 1652 dispensationis

2052 1685 2189 1740 ιιιιιι,
2230 1692 2292 1730 ac
2339 1693 2498 1746 quam
2546 1678 2654 1732 cito
2697 1675 2954 1730 discede:
2994 1687 3094 1727 nec
3140 1672 3321 1736 enim,
3377 1672 3540 1725 rebus
3574 1679 3625 1724 te

2052 1767 2451 1838 meis,perinde
2483 1782 2547 1823 ac
2583 1768 2716 1832 tuis,
2755 1763 3024 1821 luxuriari
3066 1765 3266 1818 sinam.
3311 1760 3407 1816 Est
3445 1768 3620 1814 autem

2054 1858 2202 1922 hzec,
2254 1874 2356 1913 non
2401 1873 2542 1914 veras
2590 1859 2664 1912 rei
2712 1856 2982 1921 narratio,
3028 1856 3121 1910 sed
3168 1853 3291 1908 ficta
3332 1851 3621 1922 parabola,

372 1944 457 1990 σις
497 1928 831 1999 παραϐολῆς,
857 1933 969 1994 τοῖς
1008 1932 1459 2002 ὲπεσκιασμένοις
1482 1932 1588 1986 τῶν
1622 1933 1796 2003 λόγων
1832 1934 1953 2005 ἠθι-

2058 1964 2171 2018 qua:
2218 1942 2468 2003 sermone
2518 1949 2748 2020 quodam
2801 1948 3151 2014 adumbrato,
3204 1942 3464 1999 moralem
3526 1957 3626 1997 nos

370 2021 472 2091 κὴν
497 2019 697 2092 ἀρετὴν
728 2021 1145 2076 ὲκπαιδεύουσα.
1175 2023 1347 2077 Γνῶθι
1376 2025 1554 2078 τοίνυν
1575 2025 1827 2091 ἕκαστος,
1872 2027 1949 2092 ὡς

369 2110 667 2181 ἀλλοτρίων
689 2106 740 2163 εἴ
761 2111 1059 2182 διοικητὴς,
1084 2112 1174 2165 καὶ
1203 2113 1363 2184 ῥίψας
1390 2114 1499 2169 ἀπὸ
1522 2114 1622 2185 τῆς
1650 2115 1829 2187 ψυχῆς
1855 2133 1948 2169 σου

369 2203 469 2274 τῆς
506 2202 792 2265 αὑθεντίας
822 2202 919 2274 τὴν
958 2204 1371 2275 ὑπερηφανίαν,
1413 2205 1474 2259 τὸ
1512 2204 1605 2259 τοῦ
1645 2206 1965 2262 ὑπευθύνου⁹

372 2295 469 2348 καὶ
488 2294 772 2365 οἰκονόμου
800 2293 1036 2349 άνάλαϐε
1068 2296 1324 2349 ταπεινὸν
1352 2297 1446 2349 καὶ
1470 2295 1716 2362 εὐλαϐὲς,
1742 2297 1830 2351 ἀεὶ
1858 2297 1951 2352 τὸν

372 2387 563 2459 κύριόν
595 2404 687 2441 σου
714 2388 1025 2458 ἀναμένων,
1069 2389 1162 2441 καὶ
1205 2389 1340 2459 μετά
1376 2389 1577 2454 δειλίας
1616 2390 1967 2462 συγγράφων-

371 2480 472 2549 τῆς
504 2478 797 2548 ἀπολογίας
839 2478 899 2531 τὸ
932 2478 1261 2547 λογοθέσιον.
1295 2480 1566 2551 Πάροικος
1605 2481 1713 2554 γὰρ
1744 2478 1815 2545 εἴ,
1851 2481 1954 2535 ὀλι-

373 2571 655 2641 γοχρονίου
677 2571 922 2642 χρήσεως
944 2572 1036 2624 καὶ
1059 2586 1135 2622 πα
1144 2570 1358 2642 ροδικῆς
1379 2571 1557 2626 λαϐὼν
1580 2572 1949 2645 συγχώρησιν.

374 2663 443 2715 El
492 2660 847 2730 ἀμφιϐάλλεις
891 2663 981 2715 ἐπὶ
1018 2664 1129 2726 τοῖς
1174 2663 1508 2734 γνωρίμοις,
1555 2664 1838 2735 κατάμαθε
1886 2664 1955 2720 τά

376 2751 659 2821 γινόμενα,
688 2753 778 2804 καὶ
808 2754 874 2824 τῇ
907 2751 1123 2822 ἀψευδεῖ
1150 2750 1475 2824 διδασκάλῳ,
1500 2757 1568 2825 τῇ
1600 2754 1788 2827 πείρᾳ,
1822 2772 1951 2810 παι-

373 2842 619 2914 ὃεΰθητι.

448 3018 727 3090 Κέκτησαι
753 3020 972 3093 χωρίον,
1000 3021 1032 3093 ἢ
1064 3021 1212 3094 παρὰ
1247 3023 1501 3094 πατέρων
1538 3022 1746 3091 λαϐὼν,
1782 3023 1814 3094 ἢ
1847 3025 1971 3079 dmi

378 3127 524 3173 τινος
564 3110 1005 3182 συναλλάγματος
1059 3112 1247 3184 κύριος
1290 3115 1551 3183 γεγονώς.
1606 3116 1953 3185 Ἀναλόγισαι

378 3198 475 3255 οἷν
502 3204 567 3273 τῇ
597 3204 785 3275 μνήμῃ
816 3204 911 3256 καὶ
938 3204 1325 3278 άπαρίθμησαι
1350 3207 1588 3270 πάντας,
1629 3209 1677 3260 εί
1706 3207 1952 3272 δύνασαι,

2053 2037 2304 2091 virtutem
2358 2040 2534 2093 docet.
2593 2037 2782 2107 Itaque
2837 2037 3053 2090 noveris
3094 2032 3343 2104 quisquis
3397 2045 3495 2096 es,
3543 2045 3627 2085 re-

2052 2141 2167 2185 rum
2219 2125 2311 2181 tibi
2369 2126 2668 2181 alienarum
2728 2123 3185 2194 dispensationem
3242 2134 3362 2176 esse
3415 2118 3626 2188 delega-

2055 2226 2189 2279 tam,
2242 2217 2521 2288 ejectaque
2569 2231 2792 2287 prorsus
2826 2230 2894 2270 ex
2950 2215 3134 2269 animo
3186 2208 3471 2282 potestatis
3529 2207 3624 2261 he-

2054 2305 2167 2358 rilis
2220 2305 2512 2374 superbia,
2580 2302 2975 2373 dispensatoris
3028 2300 3335 2355 rationibus
3397 2298 3622 2352 obnoxii

2054 2399 2411 2453 lmmilitatem
2464 2413 2531 2452 ac
2581 2395 2941 2452 reverentiam
2997 2408 3183 2455 sume,
3242 2389 3628 2456 dominumque

2052 2502 2265 2556 semper
2307 2496 2666 2556 exspectans,
2717 2482 2928 2537 tabulas
2976 2497 3040 2535 ac
3082 2479 3294 2534 codices
3347 2479 3617 2530 rationum

2052 2577 2282 2631 sollicite
2335 2592 2400 2631 ac
2472 2585 2708 2630 tremore
2767 2572 3069 2626 conscribe.
3133 2569 3429 2638 inquilinus
3482 2567 3625 2621 enim

2053 2684 2144 2735 es,
2195 2678 2357 2735 atque
2408 2668 2475 2721 ad
2526 2667 2691 2725 breve
2740 2673 2954 2734 tempus
2997 2676 3062 2717 ac
3114 2659 3343 2715 transitu
3407 2670 3624 2711 usuram

2052 2776 2366 2816 concessam
2429 2758 2618 2814 habes.
2685 2758 2835 2826 Quod
2899 2757 2945 2811 si
3009 2752 3171 2809 rebus
3216 2751 3350 2805 adeo
3406 2748 3617 2817 perspi-

2053 2849 2168 2903 citis
2223 2847 2429 2911 haeres,
2491 2860 2561 2901 ex
2613 2862 2671 2900 re
2732 2847 2846 2915 ipsa
2912 2858 2974 2898 ac
3045 2839 3376 2911 experientia
3443 2836 3629 2903 disce,

2055 2952 2172 3006 quae
2226 2936 2479 3004 magistra
2534 2936 2664 2990 nihil
2718 2935 2879 2989 fallax
2907 2946 3011 2989 est.

2126 3028 2389 3083 Prsidium
2434 3027 2674 3097 possides
2722 3026 2870 3096 (10),
2925 3025 3063 3093 ejus,
3113 3023 3193 3079 vel
3240 3036 3305 3078 ex
3361 3022 3624 3089 majorum

2056 3120 2401 3182 haereditate,
2459 3120 2539 3171 vel
2591 3126 2874 3171 contractu
2928 3116 3128 3184 aliquo,
3173 3114 3400 3183 adeptus
3454 3110 3629 3166 domi-

2056 3211 2224 3263 nium.
2270 3208 2523 3263 Memoria
2576 3207 2737 3277 igitur
2771 3217 2945 3260 tecum
2985 3213 3199 3273 repete.
3237 3218 3301 3257 ac
3333 3214 3625 3266 enumera,

377 3291 506 3354 sub;
538 3291 642 3362 πρδ
681 3291 774 3345 σοῦ
807 3296 1213 3365 κατεσχηκότας
1255 3297 1420 3351 αὐτό·
1463 3296 1720 3351 ἐπίϐαλλε
1760 3298 1818 3351 δὲ
1861 3300 1955 3353 καὶ

2058 3304 2101 3356 si
2139 3313 2320 3370 poles,
2359 3305 2621 3369 quotquot
2662 3297 2713 3351 id
2752 3296 2929 3365 ipsum
2970 3306 3094 3349 ante
3135 3303 3187 3347 te
3225 3291 3625 3361 possederunt:

375 3380 459 3451 τῷ
508 3381 753 3451 μέλλοντι
782 3383 959 3454 χρόνῳ
988 3385 1081 3439 τὸν
1125 3385 1248 3440 νοῦν
1272 3427 1287 3450 ,
1330 3388 1424 3441 καὶ
1458 3389 1614 3442 πόσοι
1655 3389 1819 3443 αὑτοῦ
1862 3408 1957 3443 κυ-

384 3472 660 3544 ριεύσουσι
693 3475 830 3545 μετὰ
870 3476 930 3528 σὲ
969 3477 1322 3549 κατανόησον.
1356 3480 1567 3550 Φράσον
1607 3480 1664 3533 δέ
1710 3498 1835 3552 μοι,
1880 3482 1954 3535 τίο

380 3583 472 3629 νος
503 3568 535 3636 ἡ
577 3565 880 3633 δεσποτεία,
914 3569 1005 3622 καὶ
1043 3570 1153 3623 τίσι
1182 3571 1303 3625 κατ’
1326 3569 1600 3643 ἐξαίρετον
1632 3572 1959 3644 διαφέρουσα

382 3659 496 3720 τοῖς
545 3658 833 3733 ὲσῃκόσι,
888 3662 1002 3724 τοῖς
1031 3660 1263 3731 ἔχουσιν,
1306 3661 1340 3733 ἢ
1380 3665 1492 3727 τοῖς
1529 3663 1842 3733 μέλλουσιν;
1898 3664 1960 3718 El

383 3748 495 3818 γάρ
524 3730 607 3811 τις
634 3750 698 3801 ἐκ
720 3752 967 3822 μηχανῆς
997 3730 1203 3817 πάντας
1228 3730 1549 3824 ἀθροίσειεν,
1575 3754 1960 3827 εὑρεθήσονται

382 3838 605 3903 πλείους
636 3840 742 3892 τῶν
772 3840 955 3911 βώλων
985 3844 1043 3895 οί
1063 3861 1227 3913 κεκτη
1238 3846 1405 3915 μένοι.
1451 3846 1667 3900 Μᾶλλον
1696 3846 1771 3908 δὲ,
1805 3848 1962 3920 εῐπερ

382 3929 632 4002 ἀκριϐῶς
657 3930 834 4001 βούλει
866 3933 1100 3988 κατιδεῖν
1125 3935 1230 3988 τίνι
1268 3937 1567 4008 παρόμοιος
1595 3939 1622 3990 ὁ
1651 3937 1761 4009 βίος
1782 3939 1814 4008 ἡ
1825 3938 1958 4009 μῶν,

389 4021 763 4092 μνημόνευσον
796 4026 976 4079 εῖποτε
1011 4025 1130 4097 ὥρᾳ
1159 4026 1349 4098 θέρους
1385 4028 1710 4100 ὁδοιπορῶν,
1753 4027 1963 4083 ἐθεάσω

383 4111 603 4183 δένδρον
643 4114 988 4185 ἀμφιθαλὲς,
1020 4118 1113 4170 ἐπὶ
1147 4116 1281 4172 πολὺ
1322 4118 1416 4172 τοῦ
1457 4119 1694 4184 πλάτους
1733 4121 1826 4175 καὶ
1868 4121 1961 4174 τοῦ

389 4209 600 4279 μήκους
644 4209 830 4282 διῆκον
856 4252 870 4272 ,
926 4211 1107 4265 ἱκανὸν
1159 4216 1224 4285 τῇ
1271 4214 1400 4285 σκιᾷ
1448 4214 1623 4278 οἰκίας
1678 4213 1962 4284 πληρῶσαι

386 4303 602 4373 χρείαν.
630 4302 814 4374 Τούτῳ
844 4303 1098 4375 τερφθεὶς
1121 4303 1380 4376 ὑπῆλθες,
1413 4306 1524 4369 καὶ,
1549 4306 1635 4375 ἐφ’
1664 4306 1786 4359 ὅσον
1811 4305 1959 4376 ἐξῆν,

387 4393 571 4444 ἐκεῖσε
598 4392 937 4461 κατέμεινες.
983 4393 1134 4447 Ἐπεὶ
1170 4393 1229 4447 δὲ
1273 4392 1382 4447 ἔδει
1415 4393 1574 4448 πάλιν
1603 4395 1833 4467 ἀπᾶραι,
1872 4396 1964 4449 καὶ

388 4482 486 4536 σοῦ
520 4482 840 4555 βουλομένου
868 4485 1203 4557 τὴνράφιξιν,
1218 4486 1405 4557 ἕτερος
1430 4486 1710 4560 ὁδοιπόρος
1736 4487 1959 4557 ἐπέστη.

2060 3401 2180 3462 pOst
2228 3392 2421 3446 deinde
2464 3391 2643 3443 animo
2677 3387 2964 3442 attendens
2998 3386 3235 3440 futurum
3271 3392 3511 3452 tempus,
3544 3390 3622 3435 te-

2060 3462 2634 3551 cnm'reputa,quam
2666 3478 2819 3533 multi
2866 3487 2987 3548 post
3039 3490 3092 3532 te
3140 3475 3254 3543 ejus
3306 3474 3414 3529 sint
3464 3472 3628 3527 futuri

2059 3578 2282 3632 domini.
2317 3574 2412 3631 Dic
2448 3590 2594 3641 vero,
2626 3574 2807 3640 sodes,
2835 3574 3118 3643 cujusnam
3151 3570 3268 3642 ejus
3295 3569 3589 3624 dominium
3611 3608 3627 3632 ,

2065 3679 2155 3723 aut
2184 3669 2248 3722 ad
2284 3682 2416 3736 quos
2453 3666 2580 3721 illud
2616 3662 2873 3737 peculiari
2906 3664 3135 3732 quadam
3173 3663 3380 3716 ratione
3417 3675 3479 3715 ac
3516 3659 3630 3713 sin-

2061 3761 2321 3831 gulariter
2375 3760 2647 3831 pertinet;
2704 3756 2771 3811 ad
2818 3769 2985 3811 eosne
3034 3754 3125 3822 qui
3168 3753 3503 3812 habuerunt.
3560 3765 3627 3804 an

2062 3853 2151 3923 qui
2186 3850 2420 3914 habent.
2454 3850 2535 3904 vel
2571 3849 2661 3919 qui
2694 3849 2948 3916 deinceps
2994 3853 3120 3899 sunt
3162 3841 3444 3897 habituri?
3491 3839 3627 3895 Nam

2063 3941 2109 3996 si
2141 3941 2261 4009 quis
2293 3953 2485 3993 omnes
2510 3937 2655 3992 velut
2684 3952 2714 3992 e
2741 3935 3008 3998 machina.
3025 3931 3434 4001 congregaverit
3454 3970 3470 3995 ,
3506 3944 3630 3999 pos-

2061 4046 2302 4088 sessores
2336 4031 2515 4100 plures
2538 4038 2825 4083 occurrent
2861 4040 3018 4096 quam
3052 4024 3238 4094 gielxe.
3273 4023 3415 4090 Quin
3458 4036 3585 4076 vero
3612 4062 3628 4091 ,

2066 4132 2123 4178 ut
2150 4135 2463 4191 expressam
2509 4121 2694 4175 Iubeas
2740 4116 2897 4186 hujus
2941 4117 3064 4170 vita:
3092 4116 3276 4169 videre
3306 4114 3629 4184 imaginem,

2065 4213 2349 4268 recordare
2370 4250 2385 4276 ,
2418 4211 2464 4265 si
2497 4208 2636 4264 forte
2696 4207 2891 4263 accidit
2944 4214 3005 4260 ut
3039 4204 3329 4274 aliquando
3362 4217 3460 4271 per
3489 4202 3631 4255 resti-

2067 4317 2187 4356 vum
2237 4312 2446 4370 tempus
2501 4301 2602 4353 iter
2647 4310 2817 4366 agens
2857 4295 3084 4349 viridem
3130 4292 3378 4346 arborem
3417 4288 3631 4360 conspi-

2073 4393 2313 4456 careris.
2368 4395 2603 4463 patulam
2656 4389 2801 4443 illam
2850 4401 2916 4441 ac
2952 4386 3150 4449 altam,
3202 4382 3412 4450 lataque
3451 4392 3630 4451 aptam

2067 4486 2287 4551 umbra,
2322 4493 2380 4537 ut
2411 4483 2495 4538 vel
2531 4483 2719 4536 domus
2749 4476 2996 4548 impleret
3023 4475 3216 4529 vicem.
3249 4473 3419 4542 Hujus
3453 4483 3507 4526 tu
3539 4473 3633 4528 de-

387 4574 503 4628 Καὶ
538 4576 603 4629 σὺ
637 4575 735 4647 μὲν
758 4577 1019 4649 ὲφόρτους
1053 4578 1150 4649 τὴν
1174 4578 1483 4649 ἀποσκευήν
1502 4594 1517 4609 ’
1543 4580 1572 4633 ό
1611 4578 1668 4632 δὲ
1697 4580 1796 4649 τὴν
1833 4578 1955 4633 ἰδίαν

2068 4577 2297 4632 iectatus
2348 4573 2665 4629 amoenitate
2714 4567 2906 4625 subisti
2955 4565 3239 4631 umbram,
3283 4564 3492 4633 subque
3530 4576 3630 4628 ea,

389 4664 641 4736 καθῄρει,
662 4668 756 4719 καὶ
775 4647 953 4721 πάντα
964 4668 1033 4721 τὰ
1050 4647 1117 4721 σά
1132 4666 1325 4739 ἀθρόον
1343 4647 1630 4732 διεδέξατο,
1655 4647 1762 4738 τὴν
1775 4666 1955 4721 στιϐά-

2066 4668 2298 4738 quandiu
2350 4665 2525 4731 licuit,
2566 4668 2933 4718 commoratus
2977 4673 3056 4713 es.
3103 4656 3236 4726 Quia
3281 4669 3408 4710 vero
3436 4654 3631 4709 iterum

386 4757 475 4822 δα,
487 4758 549 4812 τὸ
568 4758 699 4830 πῦρ,
719 4760 818 4831 τὴν
831 4759 926 4814 τοῦ
946 4760 1161 4831 δένδρου
1186 4760 1365 4825 σκιάν,
1382 4761 1442 4814 τὸ
1459 4760 1774 4833 παραρρέον
1798 4759 1962 4832 ὕδωρ.

387 4848 500 4901 Καὶ
530 4850 561 4902 ό
596 4849 696 4919 μὲν
727 4850 905 4920 εἴχετο
939 4850 1040 4921 τῆς
1077 4850 1478 4915 κατακλίσεως·
1521 4853 1585 4906 σὺ
1615 4851 1673 4905 δὲ
1692 4889 1708 4914 ,
1739 4851 1834 4905 τοῦ
1863 4868 1963 4906 πε-

390 4938 643 5011 ριπάτου.
687 4938 954 5011 Ἐτέρφθη
987 4940 1259 5005 κάκεῖνος,
1288 4935 1408 4995 εἶτα
1427 4940 1668 5011 ἀφῆκεν*
1701 4943 1795 4996 καὶ
1820 4941 1881 4995 τὸ
1904 4941 1964 4995 ἓν

464 5120 577 5191 (l0)
616 5118 1169 5196 Prwdium_possides.
1208 5122 1357 5196 ξορας)
1383 5136 1445 5175 ac
1478 5121 1712 5196 corrigo,
1759 5123 1956 5196 κέκτη-

393 5189 510 5262 σαι,
536 5204 632 5258 pro
671 5190 765 5243 καὶ
815 5189 1050 5262 κτῆσαιέ
1080 5192 1235 5262 quod
1267 5189 1443 5262 minus
1466 5189 1719 5257 cohaeret,
1752 5208 1851 5249 nec
1872 5189 1956 5249 εει

391 5260 538 5312 aliud
568 5275 728 5330 quam
757 5261 1042 5328 antiquarii
1077 5260 1276 5329 lapsus.
1306 5260 1509 5315 indicat
1538 5264 1780 5317 Asterius
1797 5278 1955 5319 occa-

388 5330 596 5384 sionem
636 5331 932 5397 sumpsisse
961 5332 1250 5386 enarrandi
1294 5331 1450 5396 hujus
1498 5332 1598 5385 loci
1628 5347 1694 5386 ex
1726 5332 1956 5387 lectione

387 5399 719 5471 evangelica,
751 5411 809 5452 ut
842 5415 959 5454 mos
989 5400 1075 5454 ille
1102 5402 1307 5471 legendi
1341 5400 1612 5468 Evangelii
1659 5403 1799 5456 inter
1825 5402 1954 5457 Mis-

390 5483 575 5540 sarunt
602 5469 888 5533 solemnia,
920 5485 1023 5525 non
1058 5469 1215 5525 unius
1239 5469 1740 5540 Hierosolymitana
1770 5471 1956 5526 Eccle-

388 5538 483 5593 sia:
530 5541 781 5607 proprius
835 5552 995 5602 esset,
1053 5549 1110 5595 ut
1165 5543 1393 5595 assumit
1445 5538 1706 5595 vastatius
1756 5540 1806 5595 in
1857 5556 1956 5596 suo

386 5607 593 5663 Joanne
617 5609 1001 5679 liieromlym.,
1029 5612 1121 5665 sed
1152 5612 1377 5664 aliarum
1410 5608 1769 5664 Ecciesiarum
1803 5626 1953 5666 com-

389 5681 589 5744 munis,
629 5689 690 5734 ut
738 5678 885 5750 nullo
935 5680 1057 5734 inde
1103 5691 1437 5750 argumento,
1497 5681 1618 5733 aliis
1672 5682 1958 5749 abrogatos

388 5762 692 5819 sermones,
716 5749 891 5803 eidem
918 5760 1151 5804 assertos
1168 5746 1356 5806 faciat.
1387 5746 1628 5819 Forsque
1654 5765 1758 5805 non
1789 5746 1957 5818 pauca

387 5816 505 5889 ejus
529 5820 595 5872 ad
622 5820 767 5889 idem
787 5830 1105 5889 argumenta
1133 5820 1265 5875 nihil
1293 5819 1384 5889 illo
1414 5816 1683 5889 robustius
1704 5816 1955 5889 habeant.

389 5883 554 5944 Paulo
590 5888 818 5946 inferius
845 5883 930 5957 τὸ,
956 5887 1232 5953 δικάζεται
1261 5888 1354 5943 καὶ
1390 5886 1634 5959 φέρεται,
1661 5887 1863 5944 mutavi
1904 5888 1959 5944 in

2064 4760 2214 4815 abire
2268 4755 2589 4827 oportebat,
2646 4753 2971 4807 destinatum
3028 4750 3354 4820 cogitantem
3416 4746 3630 4811 locum,

2074 4851 2213 4905 alius
2261 4849 2532 4920 quispiam
2566 4845 2741 4900 viator
2772 4844 3044 4898 accessit:
3081 4857 3146 4896 ac
3183 4851 3235 4894 tu
3268 4837 3486 4911 quidem
3514 4850 3632 4892 sar-

2067 4942 2242 4997 cinam
2293 4937 2558 4996 sustulisti
2629 4934 2780 5008 (ll);
2822 4934 2915 4990 ille
2962 4933 3243 5003 deposuit,
3284 4940 3481 5000 tuaque
3514 4943 3632 4984 om-

2058 5122 2307 5188 δικάζετε
2331 5131 2393 5193 et
2420 5122 2636 5193 φέρετε,
2668 5119 2862 5193 Liquet
2890 5118 2942 5193 in
2969 5115 3229 5193 ejusmodi
3258 5113 3430 5193 facilis
3467 5127 3630 5169 caco-

2059 5184 2304 5264 grapltia.
2336 5184 2768 5264 Τὴνῦπεόθυνον
2813 5190 2942 5242 dicit
2973 5184 3303 5264 πλεονεξίαν,
3349 5184 3414 5239 ad
3466 5199 3629 5264 quam

2062 5258 2239 5316 animo
2303 5258 2686 5331 profligandam
2720 5261 2997 5331 ‘horlalur‘
3044 5258 3357 5331 auditores,
3418 5269 3522 5331 non
3574 5261 3630 5306 ut

2067 5324 2323 5402 quisque-7
2359 5324 2624 5385 calculum
2655 5399 2664 5402 _
2699 5324 3124 5402 datttnatoriu_ttt_
3165 5326 3301 5380 ferat
3372 5324 3631 5379 adversus

2061 5395 2496 5463 suam'animam,
2532 5410 2590 5454 ut
2620 5399 2818 5453 absone
2850 5397 3078 5450 reddidit
3112 5395 3397 5463 interpres.

2131 5469 2244 5542 (11)
2284 5458 2560 5542 Sarcian
2596 5466 2877 5530 sustulisti,
2926 5464 3009 5519 σὺ
3037 5465 3160 5542 μὲν
3195 5458 3470 5542 ἐφόρτοις
3513 5458 3632 5542 (pp:

2059 5535 2432 5608 ἀποσκευήν.
2486 5537 2756 5608 Interpres
2804 5551 2909 5589 non
2955 5538 3151 5608 reddit.
3209 5535 3430 5608 vomens
3474 5537 3631 5608 putat

2061 5609 2234 5663 locum
2289 5600 2647 5673 mendosum,"
2705 5607 2886 5675 aitque
2962 5603 3196 5675 fortasse
3239 5600 3627 5675 scribendum;

2062 5678 2174 5734 Kal.
2198 5680 2280 5750 σὺᾼ
2302 5679 2400 5750 μὲν
2431 5666 2731 5749 ὲφόρτιζες.
2759 5666 2872 5750 Εξο
2902 5674 3034 5729 nihil
3073 5679 3489 5750 erratummputo.
3535 5666 3630 5750 sed

2068 5763 2221 5802 usum
2257 5737 2888 5802 Asteriunt'voce'mitfus
2915 5742 3208 5806 communi,
3261 5737 3402 5794 amni
3444 5748 3621 5806 tamen

2064 5816 2163 5890 τῷ,
2194 5816 2454 5890 φορτίζω,
2479 5830 2544 5871 ae
2562 5830 2639 5890 ex
2665 5815 2851 5868 eadem
2879 5814 3059 5890 radice
3084 5826 3099 5862 :
3131 5803 3311 5880 ut’pro
3340 5823 3407 5890 eo
3425 5803 3634 5890 inelue-

2066 5875 2402 5956 ιίῖ’φὲ›ρ⁵ιόιό·
2437 5875 2579 5956 quod
2607 5891 2891 5950 utrumque
2912 5881 2982 5937 sit
3005 5892 3185 5947 onero,
3215 5875 3509 5933 οηιιιιοιιο.
