4090 6146
334 382 435 440 I85

1279 378 1563 435 HOMILIA
1605 378 1671 434 ll.
1708 378 1802 432 DE
1835 377 2202 435 (ΕΕΟΝΟΜΟ
2241 375 2683 445 INIQUITATIS.

3483 371 3587 431 186

402 498 512 551 Καὶ
548 498 636 548 ἵνα
660 493 984 566 καταμάθῃς
1006 493 1273 565 ἀκριϐῶς,
1309 496 1395 550 ὅτι
1416 496 1601 566 νόμοις
1633 496 1916 551 ὑπόκεισαι

2090 496 2208 562 Quo
2233 505 2412 549 autem
2458 494 2667 563 plenius
2694 491 2904 557 discas,
2951 489 3163 561 legibus
3199 495 3251 543 te
3274 488 3354 543 'ac
3392 489 3588 559 regulis

327 589 427 644 mi.
454 588 644 640 κανόσι
672 585 1033 648 δεσποτικοῖς,
1070 583 1189 637 καθ’
1230 584 1324 648 οὓς
1354 602 1413 638 σε
1450 587 1724 657 προσῆκεν
1756 589 1913 657 ἀκρι-

327 680 444 743 ϐῶς
467 675 715 750 διορθοῦν
735 694 748 707 ο
797 674 905 728 ἀπὸ
936 674 1135 728 σαυτοῦ
1186 675 1402 747 πρῶτον
1436 678 1789 747 κατανόησον,
1829 679 1911 731 ὃτι

329 771 427 826 καὶ
457 770 520 822 τὸ
574 767 735 837 σῶμά
762 782 875 829 σου,
903 765 997 819 καὶ
1048 766 1081 836 ἡ
1113 765 1258 837 ψυχὴ
1312 764 1651 836 πανταχόθεν
1686 768 1796 829 τοῖς
1818 766 1914 835 τῆς

329 861 533 932 ἀρετῆς
559 857 842 911 ὑπόκειται
879 856 1353 927 παραγγέλμασιν,
1408 858 1502 910 καὶ
1548 858 1665 913 οὐδὲ
1716 855 1912 910 σαυτοῦ

331 944 522 1016 κύριος
546 938 633 995 εἶ’
666 942 801 996 ἀλλά
855 942 1136 1012 προσῆκέν
1182 960 1241 996 σε
1299 946 1603 1015 οἰκονομεῖν
1634 945 1727 998 καὶ
1758 945 1913 1012 λόγον

331 1036 429 1089 καὶ
453 1034 673 1107 πρᾶξιν,
703 1034 799 1088 καὶ
830 1036 937 1088 πᾶν
976 1036 1075 1106 τῆς
1120 1032 1265 1104 ζωῆς
1309 1052 1401 1088 σου
1427 1037 1650 1106 κίνημα.
1685 1035 1914 1099 Ἕλαϐες

334 1125 497 1195 σῶμα
528 1125 676 1198 παρὰ
719 1124 812 1177 τοῦ
846 1124 1150 1191 κτίσαντος,
1204 1127 1270 1177 ἐκ
1302 1124 1509 1179 πολλῶν
1541 1126 1741 1197 μορίων
1789 1142 1915 1193 συγ-

334 1217 609 1287 κείμενον.
667 1216 764 1269 καὶ
812 1216 973 1269 πέντε
1021 1216 1339 1286 αἰσθήσεσιν
1394 1220 1472 1281 εἰς
1503 1218 1599 1282 τὰς
1633 1218 1733 1286 τῆς
1771 1218 1915 1291 ζωῆς

333 1307 525 1377 χρείας
556 1305 1025 1376 οἰκονομούμενον.
1076 1306 1196 1359 Εἰσὶ
1217 1306 1270 1359 δὲ
1308 1306 1427 1359 οὐδὲ
1452 1301 1609 1361 αὗται
1646 1308 1914 1377 ἐλεύθεροι

334 1398 430 1451 καὶ
460 1398 780 1467 αὐτόνομοι·
817 1397 931 1449 ἀλλ’
965 1396 1168 1465 ἑκάστη
1199 1396 1358 1467 δούλη
1404 1398 1582 1468 νόμων
1615 1399 1759 1452 ἐστίν
1804 1400 1915 1454 Καὶ

336 1490 554 1561 πρῶτος
604 1488 789 1542 ἀκούει
837 1489 1131 1558 ὀφθαλμός
1182 1488 1352 1542 Βλέπε
1384 1489 1563 1558 φύσιν,
1601 1492 1694 1544 καὶ
1724 1490 1915 1561 θεὼρει

334 1580 371 1634 ἃ
403 1580 621 1649 βλέπειν
647 1579 808 1633 καλόν
828 1596 842 1609 °
902 1579 1071 1649 ἥλιον,
1106 1580 1285 1633 πᾶσαν
1322 1582 1420 1649 τὴν
1449 1582 1772 1652 οἰκουμένην
1802 1600 1915 1651 φω-

336 1670 589 1735 τίζοντα·
627 1672 874 1741 σελήνην,
930 1670 990 1722 τὸ
1031 1669 1352 1741 σκυθρωπὸν
1406 1673 1500 1726 καὶ
1556 1670 1793 1740 ζοφῶδες
1815 1673 1915 1742 τῆς

336 1758 532 1821 νυκτὸς
587 1758 1069 1825 καταυγάςουσαν·
1128 1761 1255 1821 τοὺς
1304 1758 1495 1820 ἄλλους
1548 1760 1799 1829 ἀστέρας,
1851 1761 1911 1812 οὐ

336 1851 473 1903 πολὺ
505 1850 619 1918 μὲν,
651 1849 770 1901 οὐδὲ
792 1847 1062 1919 αὔταρκες
1098 1852 1227 1919 ἡμῖν
1284 1850 1343 1903 τὸ
1392 1853 1519 1922 παρ’
1554 1850 1755 1903 ἑαυτῶν
1799 1850 1913 1920 φῶς
1946 1843 1988 1897 Β

337 1941 738 2014 χορηγοῦντας·
776 1939 914 2011 πλὴν
945 1941 1007 1993 τὸ
1046 1941 1238 2005 κάλλος
1259 1942 1286 1994 ὃ
1320 1940 1530 2011 ἔλαχον,
1567 1940 1914 1995 ἀποστίλϐον-

337 2051 461 2097 τας.
491 2031 696 2103 Θεώρει
734 2032 857 2101 γῆν,
905 2036 1089 2100 φυτοῖς
1146 2034 1511 2087 παντοδαπέσι
1547 2034 1639 2085 καὶ
1665 2033 1915 2103 βοτάναις

337 2122 598 2192 κομῶσαν
642 2121 915 2174 Θάλασσαν
964 2120 1317 2191 ὴπλωμένην,
1375 2123 1449 2185 ὡς
1483 2122 1661 2175 πεδίον
1692 2121 1912 2192 ὁμαλὲς,

337 2213 469 2266 ὅταν
504 2213 579 2276 εἰς
634 2210 879 2282 καθαράν
930 2210 1172 2280 γαλήνην
1204 2213 1375 2281 παγῇ.
1407 2212 1502 2274 Εἰς
1542 2210 1711 2264 ταῦτα
1731 2211 1916 2264 καὶτὰ

338 2304 563 2356 τοιαῦτα
607 2302 990 2372 κατακέχρησο
1032 2299 1110 2371 τῷ
1160 2302 1293 2371 ὁρᾷν
1315 2319 1327 2332 ·
1360 2301 1457 2365 τὰς
1484 2301 1539 2353 δὲ
1572 2302 1737 2365 ἄλλας
1765 2301 1912 2364 Θέας,

336 2397 465 2451 ὅσαι
493 2395 580 2447 διὰ
602 2398 700 2465 τῆς
732 2389 908 2464 ὅψεως
937 2394 1033 2459 τὴν
1095 2391 1295 2463 βλάϐην
1344 2394 1691 2462 ἐπεισάγουσι
1718 2398 1783 2465 τῇ
1822 2394 1919 2463 ψυ-

340 2489 436 2557 χῇ,
467 2485 632 2555 φεῦγε
676 2484 771 2536 καὶ
822 2482 1153 2553 παράτρεχε,
1194 2483 1288 2535 καὶ
1348 2482 1577 2536 ἐπιτίθει
1610 2483 1788 2554 σαυτῷ
1820 2484 1918 2537 κά-

339 2578 554 2648 λυμμα,
585 2577 673 2628 ἴνα
706 2577 778 2646 μὴ
808 2574 997 2644 βλέπῃ.
1040 2573 1256 2626 Βέλτιον
1285 2574 1393 2644 γὰρ
1430 2576 1677 2627 σκοτίσαι
1708 2576 1806 2645 τὴν
1831 2575 1916 2628 αῖ-

343 2670 563 2740 σθησιν,
597 2669 723 2721 ὅταν
746 2666 850 2719 τῶν
881 2666 1056 2736 ἔργων
1084 2665 1177 2718 τοῦ
1214 2666 1435 2728 σκότους
1464 2665 1561 2737 τὴν
1584 2666 1759 2719 αἰτίαν
1788 2684 1921 2738 παρ-

343 2762 486 2831 έχει.
517 2759 623 2812 Διάί
640 2757 794 2811 τοῦτο
821 2758 947 2828 χθὲς
978 2756 1159 2826 ἔλεγεν
1203 2759 1334 2827 ἡμῖν
1362 2759 1391 2810 ὁ
1432 2758 1633 2829 Κύριος
1663 2757 1749 2811 διὰ
1777 2758 1924 2811 Ματ⁸

343 2851 502 2905 θαίου
530 2868 543 2880 '
571 2850 695 2915 Πᾶς
718 2853 751 2904 ό
781 2850 1031 2914 ,Βλέπων
1054 2848 1307 2919 γυναῖκα
1361 2849 1511 2916 πρὸς
1538 2849 1602 2903 τὸ
1638 2848 1922 2918 ἐπιθυμῆ-

343 2959 472 3003 σαι.
525 2941 640 3009 ἤδη
673 2942 1030 3010 ἐμοίχευσεν
1050 2939 1244 3007 αὐτὴν
1281 2941 1351 2993 ἐν
1402 2940 1478 3009 τῇ
1520 2942 1766 3010 καρδίᾳο
1828 2942 1922 2995 καὶ

347 3034 555 3103 βέλτιον
605 3033 897 3086 ἐκκόπτειν
940 3033 1122 3099 αὑτὸν,
1179 3034 1306 3086 ὅταν
1349 3033 1560 3087 ἄτακτα
1607 3034 1777 3105 βλέπῃ
1829 3035 1922 3088 καὶ

344 3124 628 3194 ἐπιζήμια.
664 3125 774 3179 Καὶ
794 3126 828 3193 ἡ
861 3125 998 3195 ἀκοὴ
1026 3124 1459 3196 παραγγέλματα
1496 3124 1770 3179 κωλυτικά
1803 3126 1924 3181 πά-

345 3234 451 3287 σης
482 3215 700 3289 [κακῆς]
748 3216 1082 3287 ἀκροάσεως.
1138 3215 1259 3287 Χρὴ
1291 3216 1398 3287 γὰρ
1442 3215 1635 3286 αὐτὴν,
1664 3217 1793 3269 ὅταν
1825 3217 1921 3287 μὲν

342 3307 568 3376 ἀγαθῶν
586 3325 746 3361 τινων
775 3306 968 3380 ἀκούῃ,
1016 3308 1476 3379 ἀναπεπταμένην
1533 3302 1694 3369 εἶναι,
1727 3308 1821 3363 καὶ
1858 3308 1922 3361 δι’

344 3399 545 3469 ἑαυτῆς
580 3400 647 3469 τῇ
680 3399 824 3469 ψυχῇ
859 3398 1248 3468 παραπέμπειν
1276 3399 1387 3452 τῶν
1433 3398 1818 3471 συμφερόντων
1842 3399 1926 3452 λό-

343 3505 462 3556 γων
490 3488 590 3558 τὴν
620 3487 892 3558 αἴσθησιν.

421 3573 486 3625 Εἰ
514 3573 572 3626 δέ
598 3590 679 3636 τις
707 3572 907 3629 κακίας
950 3574 1182 3643 ἑταῖρος,
1217 3574 1310 3626 καί
1338 3572 1542 3643 λοιμὸς,
1604 3575 1697 3627 καὶ
1731 3573 1926 3645 φθόρος

346 3662 659 3733 πλησιάσας
691 3662 849 3732 αὐτῇ,
879 3661 1159 3714 ὲπαντλεῖν
1192 3661 1372 3732 μέλλει
1404 3662 1502 3732 τῆς
1539 3663 1812 3733 ἁμαρτίας
1837 3664 1926 3715 τὸν

344 3754 631 3826 βόρϐορον,
683 3754 763 3807 δεῖ
793 3755 1013 3823 φεύγειν
1039 3755 1219 3817 αὑτὸν,
1249 3753 1323 3817 ὡς
1357 3753 1556 3808 ἰοϐόλον
1584 3754 1788 3825 θηρίον.
1823 3756 1929 3807 Σω-

345 3848 614 3920 φρονείτω
638 3848 780 3917 καὶὴ
806 3846 1026 3914 γλῶσσα
1064 3845 1201 3917 μετά
1227 3844 1322 3898 τοῦ
1366 3845 1629 3916 στόματος
1653 3862 1668 3876 °
1704 3845 1927 3900 λαλείτω

342 3941 416 3993 τὰ
442 3939 625 3992 δίκαια
643 3955 655 3968 ·
687 3936 796 3990 τῶν
824 3937 881 3990 δὲ
923 3935 1388 4007 ἀπηγορευμένων
1420 3936 1727 4007 ἀπεχέσθω,
1754 3936 1924 3990 λοιδο-

348 4030 504 4102 ριῶν,
535 4030 927 4096 συκοφαντιῶν,
977 4029 1313 4100 κατηγορίας
1343 4029 1550 4093 ἀδίκου,
1600 4028 1928 4092 καταλαλιάς

342 4122 446 4192 τῆς
479 4119 621 4173 κατά
651 4118 759 4172 τῶν
791 4118 1055 4188 ἀδελφῶν,
1098 4112 1445 4189 βλασφημίας
1477 4119 1574 4189 τῆς
1603 4118 1739 4189 πρὸς
1763 4118 1926 4171 Θεόν⁹

344 4210 670 4282 φθεγγέσθω
696 4211 753 4264 δὲ
777 4212 878 4265 ὃσα
898 4210 1140 4282 εὔφημα,
1181 4212 1280 4264 ὅσα
1300 4210 1518 4281 εὐσεϐῆ,
1550 4212 1650 4264 ὅσα
1679 4210 1926 4281 πράξεων

343 4303 572 4373 ἀγαθῶν
607 4302 718 4373 ἔχει
739 4302 838 4373 τὴν
862 4301 1167 4372 συμϐουλήν
1185 4318 1197 4331 ·
1238 4301 1330 4354 καὶ
1358 4301 1563 4369 λεγέτω
1589 4302 1695 4363 πᾶς
1722 4300 1929 4371 ἀνθρω-

345 4413 452 4459 πος
484 4394 554 4447 τὰ
578 4394 669 4447 τοῦ
714 4392 1070 4464 Ἱεροψάλτου⁹
1098 4388 1280 4445 Εἴπαο
1322 4390 1574 4454 Φυλάξω
1613 4392 1719 4456 τὰς
1752 4389 1929 4455 ὁδούς

2015 586 2206 655 subjici
2239 586 2568 648 Dominicis,
2611 583 2676 636 ad
2713 597 2834 652 qua:
2874 584 3056 638 omnia
3085 580 3273 638 sedulo
3309 580 3585 649 dirigenda

2015 679 2142 742 sint,
2171 677 2398 743 teipsum
2446 677 2498 729 in
2544 675 2734 745 primis
2766 675 2975 728 intuere
3014 681 3068 726 et
3100 670 3408 735 considera,
3440 681 3498 723 ut
3532 678 3589 725 et

2014 782 2213 836 corpus
2244 777 2299 820 et
2350 766 2527 819 anima
2596 766 2948 834 undequaque
2971 762 3186 816 virtutis
3210 770 3494 816 teneantur
3515 759 3590 815 le-

2014 859 2189 929 gibus,
2225 873 2399 925 neque
2449 857 2525 910 tui
2577 856 2690 925 ipse
2743 856 2992 909 dominus
3038 855 3154 919 sis;
3196 856 3287 908 sed
3322 869 3442 907 cum
3473 867 3589 907 ser—

2016 966 2130 1017 mo,
2201 960 2312 1004 tum
2372 951 2646 1013 actiones,
2703 956 2864 1016 atque
2922 948 3056 1001 adeo
3103 947 3408 1015 quicunque
3469 945 3591 999 vitae

2015 1052 2194 1097 motus
2220 1081 2233 1104 ,
2278 1051 2426 1095 certa
2460 1041 2553 1093 tibi
2599 1039 2716 1109 lege
2751 1037 2978 1093 habendi
3008 1038 3135 1092 sint.
3170 1037 3436 1107 Aceepisti
3471 1050 3591 1091 cor-

2014 1146 2115 1200 pus
2146 1145 2174 1182 a
2211 1127 2498 1193 Creatore,
2530 1142 2595 1181 ex
2632 1126 2875 1196 pluribus
2920 1126 3164 1194 partibus
3204 1125 3588 1192 compositum,

2014 1235 2068 1277 et
2090 1222 2328 1291 quinque
2356 1220 2604 1275 sensibus
2633 1220 2698 1273 ad
2724 1235 2879 1274 usum
2908 1218 3453 1284 commoditatemque
3470 1217 3592 1268 vitae

2017 1313 2358 1368 instructum.
2384 1313 2454 1366 At
2490 1326 2665 1381 neque
2701 1311 2798 1381 ipsi
2837 1310 2992 1364 liberi
3028 1318 3186 1371 sunt,
3225 1322 3287 1361 ac
3315 1307 3395 1361 sui
3433 1306 3590 1375 juris,

2014 1405 2108 1459 sed
2153 1403 2264 1459 suis
2299 1403 2529 1472 quisque
2559 1402 2769 1472 legibus
2805 1401 3147 1471 astringitur.
3194 1399 3407 1453 Primus
3434 1397 3485 1450 in
3514 1400 3594 1452 eis

2016 1497 2166 1550 audit
2214 1496 2401 1549 oculus
2439 1494 2552 1564 (14)
2589 1512 2604 1547 :
2639 1493 2907 1548 Contuere
2937 1503 3181 1546 naturam
3213 1530 3229 1554 ,
3273 1505 3335 1544 ac
3366 1505 3427 1544 ea
3465 1503 3592 1543 conv

2019 1585 2296 1656 templare,
2325 1602 2443 1655 quae
2465 1588 2600 1640 bene
2626 1600 2688 1639 ac
2710 1588 2933 1639 honesto
2955 1584 3116 1638 videri
3139 1590 3378 1652 queant;
3403 1579 3592 1644 solem,

2019 1690 2287 1734 terrarum
2324 1678 2510 1731 orbem
2541 1676 2987 1742 collustrantem;
3045 1675 3226 1727 lunam
3253 1712 3267 1737 ,
3306 1672 3511 1725 tristem
3542 1680 3598 1725 et

2018 1771 2300 1827 obscuram
2331 1768 2506 1823 noctis
2541 1768 2732 1823 faciem
2764 1766 3186 1827 illuminantem;
3233 1764 3417 1819 stellas
3440 1770 3600 1817 caete-

2016 1878 2101 1917 ras
2125 1902 2139 1926 ,
2166 1862 2457 1928 exiguum,
2483 1861 2602 1915 illas
2645 1859 2858 1928 quidem
2891 1872 3065 1925 neque
3105 1855 3256 1909 nobis
3294 1852 3586 1918 sutliciens,

2014 1968 2077 2007 ex
2114 1967 2233 2007 sese
2276 1951 2457 2006 lumen
2489 1953 2823 2020 prmbentes;
2859 1962 3042 2001 verum
3073 1947 3213 2015 quod
3264 1944 3424 1999 decus
3449 1957 3600 1997 acce-

2014 2053 2212 2113 perunt
2273 2059 2337 2097 ac
2393 2043 2656 2113 speciem,
2724 2039 3075 2107 ejaculantes.
3142 2036 3337 2106 Aspice
3400 2047 3596 2089 terram

2016 2135 2207 2204 plantis
2243 2134 2545 2202 omnigenis
2582 2132 2873 2201 herbisque
2923 2136 3267 2195 comantem;
3319 2142 3383 2182 ac
3429 2139 3596 2188 mare,

2014 2227 2333 2297 atquabilem
2368 2228 2419 2279 in
2468 2224 2746 2295 planitiem
2787 2237 3083 2293 expansum
3108 2260 3124 2284 ,
3164 2221 3254 2274 ubi
3294 2233 3424 2289 pura
3454 2227 3601 2271 tran—

2016 2320 2257 2392 quillitas
2291 2317 2484 2371 stravit
2515 2331 2579 2369 ac
2627 2315 2763 2369 lixit.
2806 2314 2860 2367 ln
2897 2313 2981 2367 his
3027 2325 3088 2365 ac
3123 2309 3427 2381 huiusmodi
3482 2310 3599 2363 visu

2019 2422 2204 2475 utere;
2263 2408 2467 2478 reliqua
2523 2422 2652 2460 vero
2707 2404 3015 2475 spectacula
3066 2417 3187 2471 quae
3248 2417 3313 2455 ex
3379 2409 3598 2470 aspectu

2018 2515 2212 2555 noxam
2242 2499 2423 2552 animo
2467 2496 2738 2558 inferunt,
2765 2494 2887 2562 fuge
2915 2508 2978 2547 ac
3044 2501 3401 2561 praetercnrre
3426 2529 3442 2553 ,
3479 2489 3602 2542 tibi-

2019 2605 2123 2661 que
2146 2589 2283 2657 ipse,
2315 2598 2371 2640 ut
2395 2602 2460 2640 ne
2486 2586 2670 2638 videas
2690 2624 2705 2649 ,
2738 2583 2918 2635 velum
2942 2582 3214 2636 obducito.
3249 2579 3431 2634 Satius
3455 2580 3600 2633 enim

2019 2682 2198 2738 sensui
2232 2681 2483 2733 tenebras
2511 2677 2799 2740 inducere,
2845 2689 3005 2745 quam
3044 2672 3298 2741 Operibus
3345 2670 3599 2724 tenebrae

2021 2789 2138 2829 rum
2164 2771 2504 2825 occasionem
2534 2768 2793 2837 praebere.
2837 2764 3042 2818 Idcirco
3072 2763 3227 2817 nobis
3266 2761 3381 2815 beri
3417 2760 3598 2813 Domi.

2021 2880 2120 2920 nus
2146 2863 2381 2917 Matthazi
2413 2875 2508 2915 ore
2538 2859 2752 2913 dicebat
2784 2878 2797 2913 :
2830 2855 3140 2925 Quicunque
3182 2854 3372 2907 videri:
3420 2853 3596 2905 mulie-

2022 2972 2129 3010 rem
2160 2954 2227 3008 ad
2263 2950 2727 3021 concupiscendum
2751 2988 2765 3013 ,
2796 2947 2909 3015 jam
2954 2945 3241 2998 moechatus
3283 2951 3360 2995 est
3399 2958 3511 2995 eam
3546 2941 3602 2993 in

2023 3048 2176 3101 corde
2205 3060 2298 3099 suo
2321 3044 2360 3075 "
2397 3063 2408 3098 :
2450 3049 2773 3111 prmstatque
2790 3036 3105 3091 exscindere
3138 3035 3343 3102 ipsum,
3385 3047 3502 3085 cum
3537 3033 3602 3084 ad

2024 3135 2162 3189 {alia
2193 3151 2256 3189 ac
2279 3134 2434 3188 noxia
2466 3130 2732 3201 aspicit".
2776 3127 2879 3181 Sed
2912 3137 2963 3180 et
2996 3126 3142 3178 auris
3163 3125 3359 3177 malum
3389 3136 3600 3173 omnem

2024 3226 2271 3278 auditum
2325 3223 2666 3292 prohibentia
2694 3221 2738 3291 (1
2754 3217 2805 3287 ii)
2844 3224 3106 3287 prmci-pta
3142 3215 3309 3267 audit.
3336 3214 3414 3265 Ad
3442 3226 3604 3265 sanos

2024 3317 2167 3372 enim
2204 3316 2479 3383 bonosque
2510 3326 2791 3367 sermones
2841 3317 3051 3378 oportet
3092 3316 3330 3376 apertam
3363 3319 3503 3366 esse,
3543 3319 3604 3358 ac

2025 3407 2077 3461 in
2115 3408 2351 3460 animum
2380 3444 2395 3468 ,
2437 3419 2534 3459 suo
2566 3404 2735 3471 ipsam
2767 3414 2969 3466 organo
2999 3398 3147 3450 velut
3176 3395 3324 3459 tubo,
3346 3395 3604 3448 conduci-

2023 3499 2207 3556 bilinm
2242 3511 2548 3553 sermonum
2581 3510 2795 3549 sensum
2820 3489 3208 3545 transmittere.

2094 3592 2164 3647 At
2190 3591 2234 3645 si
2269 3590 2389 3659 quis
2415 3589 2667 3642 vitiorum
2704 3583 2907 3639 asseela
2935 3624 2948 3645 ,
2980 3580 3342 3651 pestilensque
3382 3591 3444 3630 ac
3478 3574 3601 3644 pe‘r-

2026 3684 2261 3739 niciosus
2288 3682 2505 3754 propius
2535 3680 2778 3744 accedat,
2805 3675 3009 3745 peccati
3042 3671 3321 3728 inl‘nsurus
3370 3681 3605 3730 ccemnn,

2025 3774 2312 3845 fugiendus
2339 3774 2425 3826 ille
2453 3782 2614 3841 atque
2644 3770 2898 3825 vitandus
2920 3811 2933 3833 ,
2974 3766 3115 3820 haud
3149 3779 3304 3818 secus
3332 3771 3492 3827 atque
3516 3774 3605 3812 ve-

2025 3878 2260 3919 nenosus
2288 3876 2530 3931 serpens.
2563 3858 2634 3914 Os
2664 3861 2826 3913 etiam
2861 3872 2923 3911 ac
2961 3857 3136 3924 lingua
3174 3852 3431 3920 castigata
3459 3850 3559 3903 sint
3586 3889 3602 3912 ,

2025 3963 2085 4008 ut
2113 3955 2249 4007 bona
2299 3962 2506 4005 tantum
2541 3959 2595 4003 et
2639 3949 2861 4002 honesta
2911 3954 3196 4015 promant;
3237 3959 3264 3996 a
3303 3942 3460 3997 [mdis
3482 3955 3606 3993 vero

2024 4045 2311 4113 vetitisque
2355 4042 2697 4103 abstineant;
2728 4052 2918 4107 nempe
2947 4053 2973 4089 λ
3004 4034 3272 4091 conviciis
3298 4074 3312 4097 ,
3342 4048 3368 4085 a
3400 4032 3605 4084 calum-

2026 4135 2131 4190 niis
2153 4174 2167 4200 ,
2196 4134 2378 4204 iniqua
2405 4130 2813 4194 criminatione,
2845 4129 3177 4182 detractione
3211 4125 3470 4177 adversus
3500 4121 3605 4174 fra-

2029 4235 2170 4289 tres,
2209 4239 2274 4279 ac
2313 4222 2644 4293 blasphemia
2688 4230 2873 4275 contra
2920 4214 3117 4281 Deum,
3153 4228 3448 4278 eorumque
3489 4212 3607 4265 loco

2025 4313 2325 4387 proferant,
2360 4313 2402 4366 si
2437 4328 2538 4382 qua
2567 4310 2704 4364 bona
2733 4350 2747 4373 ,
2782 4311 2825 4362 si
2858 4324 2959 4376 qua
2988 4309 3094 4375 pia,
3131 4306 3175 4358 si
3209 4319 3311 4373 qua
3347 4303 3605 4356 bonarum

2031 4407 2302 4460 actionum
2343 4403 2625 4458 consilium
2673 4402 2906 4455 habeant
2954 4413 3016 4450 ac
3048 4396 3400 4450 incentivum.
3453 4394 3606 4448 Sacri

342 4505 488 4557 μου,
528 4485 635 4539 τοῦ
658 4485 744 4554 μὴ
774 4483 1135 4554 ἁμαρτάνειν
1147 4499 1224 4552 με
1255 4483 1323 4537 ἐν
1356 4481 1608 4551 γλώσσῃ
1642 4499 1755 4551 μου
1781 4497 1797 4513 ο
1836 4481 1923 4535 καί

2030 4495 2224 4550 Psalta:
2252 4494 2479 4562 quisque
2512 4491 2623 4544 haec
2647 4495 2867 4556 usurpet
2898 4501 2915 4540 :
2952 4486 3073 4539 Dixi
3110 4500 3128 4538 :
3161 4482 3466 4538 Custodiam
3495 4483 3606 4535 uias

346 4579 434 4640 τὸ,
470 4574 606 4641 Ταῖς
632 4573 941 4644 γλώσσαις
962 4573 1161 4628 αὐτῶν
1185 4574 1577 4628 ἐδολιοῦσαν·
1607 4573 1701 4625 καὶ
1733 4572 1815 4635 τὸ,
1870 4571 1929 4625 Tl

348 4665 655 4739 ἑγκαυχᾷς
683 4667 972 4732 ἐνκακίᾳ,
1023 4668 1055 4719 ὁ
1097 4665 1353 4731 δυνατὸς
1400 4665 1694 4734 ἀνομίαν;
1739 4663 1931 4729 Ὅλην

345 4759 464 4829 τὴν
492 4757 721 4827 ἡμέραν
764 4756 1003 4811 ἀδικίαν
1044 4758 1365 4827 ἐλογίσατο
1419 4757 1457 4825 ἠ
1482 4754 1736 4825 γλῶσσά
1773 4769 1889 4809 σου
1915 4771 1928 4784 ·

345 4851 489 4905 ὡσεὶ
521 4849 709 4917 ξυρὸν
740 4848 1118 4918 ἠκονημένον
1141 4849 1430 4914 ἐποίησας
1452 4847 1655 4901 δόλον.
1685 4843 1935 4898 Γευέσθω

345 4943 456 4997 τῶν
487 4938 843 5008 ὠφελούντων
873 4940 934 4991 τὸ
986 4939 1179 5010 στόμα.
1239 4937 1609 5007 Σωφρωνείτω
1633 4935 1727 4989 καὶ
1750 4937 1783 5005 ἡ
1826 4934 1930 5005 ῥὶς,

353 5033 429 5105 μὴ
457 5032 670 5103 τρυφὴν
700 5031 788 5084 ἀεὶ
809 5030 1229 5101 ὀσφραινομένη,
1262 5032 1397 5100 μήτε
1424 5028 1609 5099 μύρων
1631 5026 1932 5081 πολυτελῶν

348 5126 556 5197 ἀτμοὺς
587 5123 810 5187 εὐώδεις
860 5123 955 5176 ἐπὶ
994 5122 1095 5188 τὴν
1140 5120 1379 5191 κεφαλὴν
1434 5120 1751 5173 ἀνέλκουσα.
1812 5116 1932 5171 Τῶν

459 5289 501 5321 ιιι
527 5287 716 5342 nam“
757 5302 812 5351 ν,
855 5283 945 5338 28.
1018 5283 1062 5314 “
1085 5282 1273 5337 Matth.
1305 5298 1436 5336 xvm
1457 5322 1471 5347 ,
1500 5285 1554 5341 8.

420 5405 534 5471 (14)
577 5403 737 5456 Audit
793 5401 1012 5463 oculus,
1063 5397 1929 5471 πρῶτοςνὰκούειλόφθαλμός.

347 5468 771 5545 Quod'auditns
823 5481 1018 5545 sensus
1076 5479 1150 5521 Stt
1196 5470 1510 5545 disciplinae,
1566 5468 1689 5545 jure
1744 5471 1934 5545 merito

352 5536 593 5604 Ksterius
632 5541 732 5610 ipsi
792 5536 1049 5615 oculuuac
1094 5536 1343 5615 sensibus
1395 5540 1625 5615 reliquis_
1658 5539 1930 5592 Dominica

351 5606 666 5689 pmcepta,
705 5622 826 5680 quae
867 5606 1123 5672 audiant,
1168 5610 1219 5663 id
1264 5618 1378 5675 est,
1426 5606 1752 5678 percipiant,
1809 5622 1934 5677 pro-

354 5702 533 5822 pollluﬁ.)
570 5749 778 5807 Halum
830 5767 1030 5806 omnem
1081 5747 1321 5822 auditum
1364 5746 1713 5816 prohibentia.
1778 5745 1930 5822 addo

355 5817 536 5891 vocem
576 5822 801 5893 κακῆς,
862 5835 1021 5891 quam
1084 5819 1320 5872 clausam
1378 5826 1734 5887 repraesento;
1791 5817 1930 5871 forte

1636 5285 1677 5317 "
1716 5283 1859 5340 Psal.
1886 5297 2067 5348 xxxvi,
2099 5282 2153 5339 8.
2232 5283 2277 5315 ²⁰
2301 5281 2441 5337 Psal.
2472 5296 2524 5347 ν,
2561 5281 2647 5336 ll.

2031 4602 2207 4647 meas,
2249 4594 2304 4637 ut
2340 4601 2441 4637 non
2484 4580 2782 4650 delinquam
2816 4580 2866 4631 in
2911 4578 3088 4646 lingua
3123 4591 3237 4628 mea
3263 4575 3328 4641 ¹⁹;
3365 4583 3417 4627 et
3446 4591 3457 4627 :
3488 4573 3607 4627 Lino

2032 4675 2145 4744 guis
2188 4678 2296 4727 suis
2327 4673 2501 4726 dolose
2533 4671 2752 4740 agebant
2788 4668 2865 4735 ";
2887 4684 2946 4721 ac
2989 4677 3248 4734 praeterea
3281 4679 3295 4717 :
3325 4663 3466 4730 Quid
3490 4664 3606 4734 glo-

2033 4767 2193 4821 riaris
2225 4767 2278 4819 in
2308 4764 2511 4817 malitia
2532 4805 2546 4827 ,
2568 4764 2656 4833 qui
2674 4771 2851 4829 potens
2876 4775 2929 4813 es
2952 4756 3339 4823 iniuiquitate?
3364 4754 3491 4809 Tota
3524 4754 3607 4808 die

2034 4858 2347 4928 injustitiam
2377 4856 2623 4924 cogitavit
2650 4854 2829 4923 lingua
2864 4862 2955 4905 tua
2980 4865 2997 4902 :
3022 4851 3159 4903 sicut
3186 4850 3435 4903 novacula
3453 4855 3608 4900 acuta

2039 4949 2210 5017 fecisti
2257 4947 2517 5001 dolum“.
2551 4945 2741 5000 Gustct
2776 4960 2838 4999 os
2892 4959 3010 5014 qua:
3056 4941 3413 4996 conducibilia
3459 4948 3603 4994 sunt.

2038 5041 2116 5094 Ac
2146 5040 2367 5093 naribus
2401 5052 2613 5107 quoque
2646 5052 2708 5090 ac
2735 5036 2980 5090 odoratui
3031 5034 3219 5087 modus
3263 5032 3606 5094 adhibeatur,

2040 5146 2106 5185 ne
2132 5129 2389 5199 voluptati
2430 5130 2624 5183 dedita:
2670 5127 2894 5182 nimium
2922 5126 3063 5185 sint.
3110 5131 3609 5192 unguentorunique

2723 5282 2764 5313 ⁸⁸
2794 5279 2934 5334 Psal.
2959 5295 3032 5343 LI,
3058 5280 3115 5343 5,
3153 5278 3209 5332 4.

2034 5397 2170 5450 facta
2201 5411 2264 5449 ex
2297 5410 2357 5449 ea
2390 5395 2488 5449 fuit
2515 5411 2617 5449 vox
2657 5394 2837 5464 πάσης
2862 5410 2877 5424 ·
2929 5407 3048 5462 qua!
3092 5391 3237 5446 nullo
3269 5390 3604 5464 incommodo

2034 5469 2224 5519 abesse
2253 5475 2446 5534 potest.
2473 5466 2686 5533 Alioqui
2723 5460 2847 5517 vero
2870 5460 2971 5516 non
2999 5470 3424 5534 constatsensus
3447 5460 3603 5510 Aste~

2034 5537 2134 5590 rio.
2180 5531 2295 5589 Non
2334 5537 2475 5589 enim
2526 5531 2704 5589 divina
2757 5534 2841 5587 lex
2881 5531 3099 5585 omnino
3148 5531 3301 5585 nobis
3327 5531 3602 5582 obturatas

2035 5606 2141 5659 vult
2167 5621 2348 5667 aures,
2376 5614 2466 5659 aut
2495 5604 2745 5675 prohibet
2773 5601 2989 5675 quidvis
3013 5600 3200 5675 audire
3232 5617 3246 5651 :
3277 5595 3601 5675 ειιηιροιῖυε

2029 5690 2171 5743 saepe
2202 5663 2456 5741 provocet
2493 5663 2731 5743 auditum
2756 5663 2985 5743 {sitque
3029 5668 3249 5743 auditio,
3275 5666 3416 5743 sicut
3444 5663 3599 5743 visio,

2028 5734 2131 5867 prol
2173 5734 2246 5797 rei
2281 5744 2474 5799 auditae
2522 5753 2615 5796 aut
2660 5734 2788 5795 visa:
2829 5734 3067 5801 ratione,
3104 5734 3229 5803 quid
3275 5735 3473 5788 bonum
3508 5741 3602 5785 aut

2028 5828 2110 5867 ma
2139 5828 2248 5866 um.

2027 5828 2248 5867 malum.
