4070 6142
501 467 607 523 187

1766 458 1821 513 S.
1863 455 2135 513 ASTERII
2177 451 2477 509 AMASENI

3645 448 3760 502 188³

500 582 858 650 pretiosorqu
915 579 1215 649 fragrantes
1282 576 1480 631 halitus
1546 585 1946 631 consectentur.
2011 571 2066 626 lu

2183 571 2283 640 γὰρ
2311 569 2563 623 τοιούτων
2594 568 2686 622 καὶ
2712 569 2739 621 ὁ
2775 566 3000 630 Ἡσαΐας
3032 565 3272 636 σφοδρῶς
3311 565 3458 619 ἐστιν
3507 565 3746 636 κατήγο-

503 671 637 727 tales
679 670 818 723 enim
851 669 1016 724 lsaias
1044 682 1259 737 quoque
1303 668 1502 723 acriter
1539 669 1808 721 invehitur
1831 669 1897 721 ε’.
1934 667 2069 733 Quin

502 777 695 819 manus
735 776 947 831 quoque
995 761 1307 816 meminisse
1366 761 1735 814 mandatorum
1778 760 1933 815 debet
1959 800 1974 821 .
2011 776 2074 813 ac

502 866 714 913 cavere.
744 867 810 906 ne
835 852 1139 921 promiscue
1168 850 1563 920 qualiacunque
1601 858 1917 905 contreclet.
1944 850 2075 905 l‘ro-

508 944 759 999 teudatur
786 946 850 996 ad
878 943 1307 1012 elecmosynam,
1343 957 1447 995 non
1491 942 1556 995 ad
1585 942 1863 1010 rapinam;
1895 952 2076 996 servet

501 1034 716 1102 propria
738 1073 752 1091 .
783 1050 887 1088 non
928 1033 1143 1103 colligat
1173 1042 1336 1100 atque
1371 1041 1671 1101 comportet
1702 1032 1873 1086 aliena
1911 1051 1926 1101 ;
1952 1048 2076 1088 coro

500 1138 632 1193 pora
681 1138 821 1195 εδει-ιι
878 1138 941 1177 ac
986 1123 1124 1177 male
1175 1121 1364 1178 affecta
1401 1123 1465 1176 ad
1498 1137 1652 1192 opem
1687 1122 1958 1176 ferendam
1993 1134 2078 1176 at-

506 1216 709 1287 tingat,
770 1230 875 1269 non
942 1224 1128 1286 vegeta
1186 1230 1251 1269 ac
1315 1228 1531 1284 semper
1589 1213 1902 1269 libidinibus
1951 1230 2077 1282 pru-

503 1306 719 1360 rientia.

570 1396 688 1452 Jam
718 1410 964 1454 constare
997 1399 1250 1454 existimo
1282 1408 1338 1450 ut
1371 1412 1437 1452 ne
1471 1397 1638 1452 nostri
1666 1397 1878 1465 quidem
1906 1397 2077 1453 simus

501 1486 732 1553 domini,
781 1490 872 1542 sed
938 1490 1203 1544 (economi
1246 1497 1456 1542 tantum
1528 1503 1592 1543 ac
1656 1489 2073 1555 dispensatores.

502 1576 769 1645 Quidquid
810 1580 953 1633 enim
1005 1578 1212 1649 legibus
1266 1594 1330 1634 ac
1386 1582 1667 1649 praeceptis
1737 1579 2073 1649 astringitur,

502 1685 722 1723 servum
771 1669 926 1737 plane
979 1684 1042 1724 ac
1102 1670 1395 1723 obnoxium
1457 1669 1749 1740 legislatori
1814 1671 2074 1725 noscitur.

503 1758 652 1825 Quod
676 1759 720 1812 si
752 1759 935 1827 igitur,
965 1775 1030 1813 ne
1067 1760 1195 1829 ipsa:
1229 1762 1443 1829 quidem
1475 1763 1714 1827 corporis
1756 1762 1925 1815 nostri
1955 1777 2079 1830 par-

505 1858 584 1903 tes
630 1864 693 1903 ac
733 1848 1004 1912 membra,
1061 1848 1226 1901 libera
1276 1852 1466 1918 suique
1491 1847 1627 1913 juris
1659 1858 1782 1901 sunt
1806 1890 1820 1908 ,
1852 1847 1945 1902 sed
1972 1849 2074 1902 Do-

2178 680 2286 733 ρος.
2322 659 2634 731 Μεμνήσθω
2660 659 2754 712 καὶ
2784 662 2817 730 ἠ
2843 660 2966 729 χεὶρ
2987 657 3094 711 τῶν
3122 656 3371 719 ἐντολῶν,
3402 657 3487 709 ἵνα
3519 654 3592 726 μὴ
3617 657 3747 710 πάν-

2175 770 2284 805 των
2303 749 2596 814 ἀκωλύτως
2653 750 2911 819 ἅπτηται.
2966 748 3316 803 Ἑκτεινέοθω
3344 747 3479 819 πρὸς
3516 747 3742 818 ἐλεημο-

2179 841 2361 912 σύνην,
2400 840 2475 912 μὴ
2510 839 2646 910 πρὸς
2674 838 2952 911 ἁρπαγήν·
2983 837 3215 910 τηρείτω
3242 839 3307 891 τὰ
3334 837 3459 900 ἴδια,
3499 835 3572 908 μὴ
3605 853 3744 889 συν-

2179 930 2357 999 αγέτω
2404 929 2471 983 τὰ
2506 928 2762 1001 ἀλλότρια
2783 948 2797 961 ·
2834 929 3087 983 ἁπτέσθω
3123 928 3384 999 σωμάτων
3405 927 3627 999 νωθρῶν
3649 928 3749 983 καὶ

2178 1025 2580 1096 κεκακωμένων
2601 1025 2663 1079 δι’
2695 1024 2904 1095 ἀγαθῆς
2949 1021 3306 1092 ἐπισκέψεως,
3349 1021 3421 1092 μὴ
3451 1021 3557 1076 τῶν
3589 1038 3758 1091 σφρια

2178 1112 2397 1182 γὼντων
2416 1115 2510 1168 καὶ
2531 1117 2651 1179 ταῖς
2687 1114 2965 1186 πορνείαις
2987 1114 3074 1168 ἀεὶ
3110 1111 3494 1183 σχολαζόντων.

2252 1396 2487 1462 Ἐδειξεν
2534 1400 2663 1468 ἡμῖν
2693 1399 2721 1450 ὁ
2753 1398 2929 1465 λόγος,
2974 1399 3049 1462 ὡς
3097 1399 3190 1451 καί
3239 1398 3390 1451 αὐτοὶ
3440 1398 3647 1452 ἑαυτῶν
3685 1400 3759 1451 οὗ

2176 1485 2430 1540 δεσπόται
2466 1489 2649 1558 ἐσμὲν,
2702 1489 2814 1543 ἀλλ’
2846 1490 3137 1560 οἰκονόμοι.
3172 1491 3285 1542 Πᾶν
3308 1489 3416 1561 γὰρ
3476 1490 3536 1543 τὺ
3566 1490 3750 1560 νόμοις

2178 1576 2532 1648 ὑποκείμενον
2561 1581 2653 1632 καὶ
2685 1579 3088 1651 προστάγμασι,
3118 1579 3305 1633 δοῦλον
3334 1580 3427 1634 τοῦ
3455 1580 3763 1650 νομοθέτου.

2178 1665 2326 1719 ἐστὶν
2355 1668 2447 1719 καὶ
2472 1669 2730 1739 ὑπήκοον.
2753 1670 2816 1722 Et
2844 1669 2901 1722 δὲ
2923 1668 2989 1722 τὰ
3022 1668 3184 1740 μόρια
3203 1669 3295 1724 τοῦ
3321 1669 3567 1741 σώματος
3593 1672 3752 1742 ἡμῶν

2176 1754 2277 1807 οὐκ
2304 1756 2561 1827 ἐλεύθερα
2624 1756 2890 1822 ἐξουσίας,
2924 1758 3058 1812 ἀλλά
3112 1756 3414 1828 δεσποτικῷ
3453 1758 3753 1831 βουλήματι

2181 1846 2317 1919 πρὸς
2362 1847 2460 1911 τὰς
2492 1849 2769 1921 ἐνεργείας
2827 1851 3245 1922 κανονιζόμενα’
3300 1851 3353 1904 τί
3399 1852 3464 1905 ἂν
3494 1851 3636 1906 εἴποι
3668 1870 3773 1918 τις

503 1939 632 1991 mini
662 1939 935 1992 voluntate
962 1940 1026 1992 ad
1059 1939 1361 1994 functiones
1415 1956 1541 1993 suas
1587 1940 1916 2007 diriguntur,
1944 1941 2072 2009 quid

2183 1937 2311 2009 πρὸς
2335 1939 2459 2002 τοὺς
2489 1939 2784 2010 οἰομένους,
2822 1941 3024 2012 χρυσοῦ
3084 1942 3177 1994 καὶ
3206 1943 3468 2014 ἀργύρου,
3499 1946 3592 1997 καὶ
3622 1946 3745 2015 γῆς,

501 2028 587 2082 his
628 2030 898 2091 dicemus,
950 2030 1042 2098 qui
1084 2030 1183 2083 sibi
1229 2031 1576 2098 persuadent,
1625 2031 1739 2084 auri
1782 2046 1872 2095 se,
1899 2040 1950 2085 ct
1984 2046 2071 2084 ar-

504 2123 672 2190 genti,
724 2137 789 2175 ac
845 2122 983 2189 agri,
1039 2131 1460 2192 etcterarumque
1513 2138 1712 2185 rerum,
1763 2123 1921 2177 nullis
1976 2125 2071 2176 ob-

506 2211 722 2264 noxiam
755 2212 1055 2264 rationibus
1092 2210 1336 2283 obtinere
1379 2211 1807 2281 possessionem?
1846 2210 2004 2274 Nihil,
2040 2225 2072 2263 ο

505 2300 699 2364 homo,
732 2311 880 2354 tuum
906 2311 1007 2355 est.
1042 2301 1239 2355 Servus
1263 2317 1321 2355 es
1364 2318 1379 2367 ;
1434 2312 1629 2369 tuaque
1660 2301 1837 2355 omnia
1862 2300 2070 2355 Domini

506 2401 672 2446 sunt:
704 2390 893 2445 Servus
936 2392 1077 2444 enim
1143 2408 1244 2444 non
1292 2392 1441 2445 habet
1502 2392 1763 2459 peculium
1832 2391 2071 2447 liberum.

502 2479 711 2551 Quippe
741 2482 915 2536 nudus
949 2483 1000 2537 in
1034 2484 1170 2536 hanc
1210 2481 1381 2536 lucem
1419 2483 1695 2551 prodiisti;
1744 2499 2076 2552 quaecunque

504 2573 705 2638 babes,
737 2589 802 2627 ex
836 2574 1044 2627 Domini
1098 2575 1173 2627 tui
1217 2574 1331 2643 lege
1367 2574 1650 2641 accepisti;
1699 2574 1812 2627 sive
1853 2582 2073 2639 paterna

504 2664 853 2729 haereditate,
897 2664 1037 2734 quod
1092 2664 1163 2717 ita
1215 2664 1353 2718 Deus
1403 2665 1740 2719 constituerit
1797 2661 2073 2735 (Parentes

2178 2030 2403 2082 καὶτῶν
2433 2030 2608 2084 ἄλλων
2647 2030 2938 2086 ἀνεύθυνον
2991 2033 3135 2103 ἐχειν
3181 2033 3278 2105 τὴν
3331 2036 3555 2107 κτῆσιν;
3586 2036 3753 2090 Οὐδὲν

2177 2117 2289 2183 σὺν,
2341 2120 2613 2191 ἄνθρωπε.
2657 2121 2727 2175 Σὺ
2770 2121 2975 2186 δοῦλος,
3034 2123 3127 2177 καὶ
3155 2124 3223 2177 τὰ
3277 2123 3344 2178 σά
3396 2124 3489 2178 τοῦ
3524 2126 3751 2195 Κυρίου.

2169 2210 2396 2277 Δοῦλος
2409 2212 2515 2283 γὰρ
2538 2214 2856 2282 ἐλεύθερον
2887 2216 3211 2269 πεκούλιον
3240 2219 3350 2269 οὐκ
3383 2217 3505 2286 ἔχει
3547 2218 3755 2288 Γυμνὸς

2169 2299 2279 2371 γάρ
2326 2300 2499 2372 ἦχθῃς
2524 2304 2604 2366 είς
2646 2302 2803 2357 τοῦτο
2844 2304 2905 2357 τὸ
2957 2305 3104 2372 φῶς·
3155 2303 3343 2368 ἔλαϐες
3378 2304 3412 2359 ἃ
3442 2305 3583 2376 ἔχεις
3613 2308 3755 2361 κατά

2170 2389 2335 2460 νόμον
2376 2392 2471 2445 τοῦ
2531 2394 2736 2466 Κυρίου
2782 2411 2897 2459 σου,
2948 2395 2981 2466 ἢ
3046 2396 3457 2468 κληρονομήσας
3516 2398 3753 2469 πατέρα.

2172 2478 2359 2552 ἐπειδὴ
2385 2480 2557 2546 οὕτως
2594 2484 2623 2535 ὁ
2648 2484 2780 2547 Θεδς
2810 2483 3087 2551 διετάξατο
3108 2485 3335 2556 (Porcii;
3365 2485 3473 2556 γὰρ
3497 2487 3756 2553 τέκνοις,

2180 2572 2332 2642 φησὶ,
2363 2575 2642 2641 μεριοῦσι
2675 2578 2921 2649 σκύλα),
2964 2580 2997 2652 ἢ
3030 2581 3138 2634 ἀπὸ
3164 2581 3341 2653 γάμου
3375 2582 3470 2654 τὴν
3495 2584 3756 2656 εὐπορίαν

2179 2664 2520 2736 κτησάμενος
2549 2668 2747 2739 (γάμος
2784 2672 2843 2726 δέ
2895 2673 2986 2726 καὶ
3021 2673 3089 2726 τὰ
3113 2674 3197 2726 ἐπ’
3220 2674 3411 2746 ἐκείνῳ
3444 2675 3595 2748 παρά
3621 2677 3760 2730 Θεοῦ

501 2756 666 2821 enim,
706 2756 911 2823 inquit,
944 2755 1069 2825 [iliis
1110 2755 1275 2821 spolia
1300 2758 1523 2810 dividant
1557 2756 1603 2788 ³³
1642 2753 1758 2827 [16]
1790 2758 1831 2817 l,
1866 2756 1978 2810 sive
2009 2770 2073 2809 ex

2183 2754 2572 2825 διατέτακται),
2626 2758 2660 2829 ἦ
2709 2760 2817 2813 ἀπὸ
2862 2761 3152 2831 ἐμπορίας.
3203 2763 3296 2816 καὶ
3338 2766 3629 2836 γεωργίας.
3664 2768 3761 2822 καὶ

507 2843 851 2897 matrimonio
895 2842 1111 2896 divitias
1149 2855 1472 2899 consecutus
1521 2857 1611 2909 es;
1662 2845 1761 2897 hoc
1805 2844 1945 2896 eiiim
1975 2883 1990 2905 ,
2022 2852 2078 2897 et

2183 2843 2288 2898 τῶν
2315 2844 2490 2899 ἄλλων
2528 2849 2872 2917 προφάσεων,
2931 2850 3065 2903 Θεοῦ
3108 2851 3243 2923 πρὸς
3286 2853 3472 2906 ἐκεῖνα
3505 2858 3761 2928 συμπρά-

506 2943 626 2997 qua:
678 2932 946 3001 pertinent
984 2938 1049 2985 ad
1092 2931 1219 2985 illud
1262 2947 1292 2986 a
1338 2934 1444 2988 Deo
1485 2933 1725 2987 instituta
1772 2944 1896 2987 sunt
1925 2951 1938 2986 :
1965 2933 2077 2987 sive
2184 2930 2390 2999 ξαντος.

507 3023 738 3090 denique
793 3036 859 3076 ex
927 3034 1253 3090 mercatura,
1306 3032 1399 3080 aut
1457 3023 1806 3094 agricultura,
1836 3023 1916 3079 vel
1961 3021 2078 3079 aliis
2118 3025 2432 3093 acquirendi
2466 3027 2667 3090 modis,
2711 3026 2936 3083 faciente
2987 3030 3097 3087 Deo
3150 3049 3212 3089 ac
3247 3035 3578 3106 .itljuvante,
3608 3038 3782 3093 dives.

507 3112 679 3166 factus
707 3128 784 3167 es.

575 3205 694 3258 Jam
736 3207 916 3274 itaque
942 3204 1223 3275 probatum
1253 3212 1374 3269 est,
1426 3205 1699 3274 accepisse
1738 3213 1789 3259 te
1814 3220 1919 3259 non
1953 3215 2075 3271 tua;

2264 3198 2395 3252 Ἰδοὺ
2423 3199 2622 3263 τοίνυν,
2656 3200 2865 3274 ἐδείχθη
2916 3204 2999 3257 ὅτι
3044 3204 3234 3270 ἔλαϐες
3267 3206 3335 3259 τὰ
3370 3207 3445 3279 μὴ
3481 3208 3569 3264 σά.
3610 3210 3764 3265 Ἵδω-

507 3300 785 3351 videamus
841 3298 1093 3366 deinceps
1136 3298 1261 3365 quid
1308 3298 1678 3367 prtescriptum
1728 3297 1823 3352 tibi
1864 3300 1972 3364 sit,
2017 3312 2078 3351 ac

2183 3308 2282 3361 μεν
2313 3292 2491 3344 τοίνυν
2519 3290 2726 3356 λοιπὸν,
2756 3294 2807 3346 τί
2840 3311 2922 3347 σοι
2952 3296 3250 3368 ἐπετάχθη,
3278 3299 3372 3353 καὶ
3394 3300 3479 3354 οἶα
3502 3302 3588 3354 ἐπ’
3612 3304 3765 3358 ἐκεί-

506 3387 678 3457 qualis
710 3402 894 3442 eorum
948 3387 1348 3443 administratio
1396 3402 1515 3441 esse
1561 3388 1775 3443 debeat.
1823 3386 1897 3443 Da
1952 3404 2078 3442 csu-

2183 3400 2290 3448 νοις
2310 3381 2590 3453 διοίκησις.
2622 3385 2719 3449 Δὸς
2743 3384 2819 3457 τῷ
2854 3386 3127 3453 πεινῶντι,
3161 3389 3376 3445 ἐνδυσον
3406 3392 3496 3446 τὸν
3534 3396 3763 3466 γυμνὸν,

508 3481 696 3545 ricuti;
754 3489 873 3548 tege
900 3480 1131 3543 nudum;
1167 3494 1295 3532 cura
1344 3479 1480 3531 male
1522 3477 1810 3544 aﬂectum;
1852 3493 1918 3533 ne
1959 3494 2078 3547 ege-

2183 3472 2516 3545 θεράπευσον
2552 3476 2644 3528 τὸν
2674 3478 3081 3549 κεκακωμένον,
3129 3480 3203 3552 μὴ
3231 3483 3475 3555 περιίδῃς
3498 3485 3589 3538 τὸν
3627 3485 3764 3541 ἀπο·

507 3587 655 3635 Itum,
683 3585 746 3624 ac
777 3570 829 3622 iu
870 3569 1043 3623 triviis
1074 3569 1366 3637 projectum
1411 3571 1743 3639 neglexeris;
1771 3570 1875 3623 noli
1906 3570 1971 3623 de
1992 3580 2078 3623 te-

2183 3581 2295 3635 ρον,
2326 3563 2418 3616 τὸν
2447 3563 2778 3634 ἐρριμμένον
2826 3566 2884 3618 ἐν
2928 3567 3043 3629 τοῖς
3095 3569 3343 3636 τριόδοις.
3392 3570 3464 3624 Σὺ
3497 3570 3595 3640 μὲν
3628 3588 3763 3625 σαυ-

509 3665 623 3726 ipso
636 3662 1046 3726 sollicitusesse,
1062 3661 1329 3729 quomodo
1348 3675 1474 3730 ages
1493 3661 1544 3713 in
1575 3662 1869 3714 crastinum
1885 3660 2077 3733 “(17).

2183 3655 2273 3708 τοῦ
2309 3655 2382 3726 μὴ
2407 3658 2767 3727 μεριμνήσῃς,
2797 3656 2931 3727 μηδὲ
2963 3659 3274 3732 φροντίσῃς,
3301 3662 3417 3725 πῶς
3443 3662 3640 3730 διάξεις
3669 3667 3767 3719 ἐπὶ

510 3753 575 3807 Et
622 3753 691 3805 ita
742 3751 956 3819 quidem
988 3751 1032 3806 si
1071 3749 1283 3815 feceris,
1315 3751 1489 3820 inquit
1518 3790 1535 3813 ,
1599 3750 2020 3806 cohoneslabere
2051 3768 2078 3805 a

2183 3744 2281 3811 τῆς
2306 3745 2614 3815 ὑστεραίας.
2652 3744 2768 3798 Κάν
2795 3744 2987 3811 ταῦτα,
3012 3749 3196 3818 φησὶν,
3222 3751 3451 3822 ἐργάσῃ,
3482 3751 3770 3827 τιμηθήσῃ

509 3843 815 3913 legislatore
847 3860 863 3911 ;
898 3843 979 3897 sin
1014 3857 1143 3898 vero
1187 3844 1499 3898 mandatum
1546 3852 1916 3913 transgressus
1964 3844 2080 3899 fue—

510 3939 623 3999 vis,
667 3938 904 4004 graviter
942 3938 1183 4007 puniere.
1234 3937 1359 3991 time
1401 3936 1644 4006 profecto
1680 3952 1783 3991 nou
1835 3937 1963 3991 mihi
2008 3936 2083 3990 vi-

508 4033 702 4083 dentur
733 4028 848 4095 eius
879 4043 1020 4095 esse,
1053 4030 1142 4097 qui
1169 4044 1300 4084 suus
1344 4029 1444 4084 sibi
1475 4029 1724 4085 dominus
1755 4030 1825 4085 sit
1846 4068 1862 4094 ,
1898 4044 1962 4086 ac
1996 4031 2079 4083 cui

510 4122 676 4175 libera
705 4131 955 4190 suppetat
994 4121 1212 4190 quidvis
1266 4122 1461 4189 agendi
1514 4131 1790 4191 potestas:
1824 4122 1917 4175 sed
1966 4136 2083 4175 om-

509 4213 635 4266 nino
679 4222 895 4279 contra,
942 4211 1233 4267 multitudo
1260 4220 1649 4282 praeceptorum
1694 4210 1963 4267 hominem
1992 4227 2083 4264 ar-

507 4302 802 4370 guitvalde
846 4302 1072 4372 imperio
1114 4304 1513 4370 mancipatum,
1569 4300 1878 4371 legibusque
1907 4298 2082 4354 Domi-

517 4393 654 4446 uicis
702 4392 1001 4459 subditum,
1052 4409 1081 4447 a
1128 4408 1237 4462 quo
1266 4393 1590 4462 prmscriptze
1614 4391 1737 4446 vita:
1766 4392 1903 4446 ratio
1932 4392 2081 4461 quasi

2183 3835 2334 3905 παρὰ
2354 3836 2444 3889 τοῦ
2477 3837 2765 3906 νομοθέτου
2787 3854 2803 3870 ο
2832 3837 2898 3891 ἂν
2929 3838 2984 3892 δὲ
3020 3842 3373 3914 παρακούσῃς
3400 3845 3496 3915 τῆς
3522 3845 3769 3917 ἐντολῆς,

2183 3925 2488 3997 κολασθήσῃ
2517 3926 2751 3998 πικρῶς.
2801 3925 2987 3982 Ταῦτα
3021 3928 3131 3998 ἐγὼ
3158 3931 3218 3983 οὐ
3247 3930 3427 4002 βλέπω
3450 3931 3538 3985 τοῦ
3574 3933 3769 4001 αὐτεξ-

2184 4020 2387 4086 ουσίου,
2411 4020 2529 4073 οὐδὲ
2556 4019 2649 4073 τοῦ
2676 4019 2877 4085 ζῶντος
2922 4024 3040 4092 μετ’⁵
3073 4023 3388 4090 αὑθεντείας
3408 4044 3420 4056 ·
3455 4026 3589 4079 ἀλλά
3618 4027 3769 4081 τούν-

2183 4111 2384 4173 αντίον,
2413 4110 2485 4165 τὰ
2536 4111 2705 4166 πολλὰ
2737 4113 2831 4166 καὶ
2882 4115 3079 4186 συνεχῆ
3129 4117 3526 4188 προστάγματα
3553 4118 3769 4173 ὑποδείο

2183 4202 2341 4255 κνυσί
2373 4219 2462 4272 μοι
2487 4201 2773 4274 ἄνθρωπον
2802 4203 3216 4277 βασιλευόμενον
3268 4207 3523 4280 ἰσχυρῶς,
3554 4210 3651 4263 καὶ
3678 4211 3770 4263 νό-

2187 4315 2307 4369 μοις
2332 4297 2671 4362 δεσποτικοῖς
2700 4298 3020 4365 ὑπεύθυνον,
3050 4301 3144 4354 καὶ
3168 4301 3268 4373 τὴν
3304 4304 3771 4377 κεκανονισμένην

2186 4387 2460 4442 πολιτείαν
2518 4390 2914 4461 ἀπαιτούμενον
2963 4391 3038 4456 ὡς
3092 4393 3269 4464 χρέος.
3315 4394 3503 4465 Ἡμεῖς
3543 4394 3619 4459 δὲ,
3648 4395 3771 4459 πῶς

509 4484 746 4538 debitum
781 4484 997 4554 aliquod
1038 4485 1309 4553 exigatur.
1352 4481 1463 4540 Nos
1501 4499 1660 4548 vero,
1708 4484 1978 4554 quomodo
2008 4484 2078 4538 sic

2186 4480 2567 4549 ἀλογίστευτον
2602 4482 2815 4554 ἔχοντες
2853 4484 2944 4537 τὸν
2977 4485 3114 4554 βίον,
3139 4488 3265 4549 τοὺς
3299 4487 3398 4557 μὲν
3423 4486 3635 4552 ἀθλίους
3669 4490 3771 4542 καὶ

510 4578 676 4632 Stulte
704 4589 1058 4645 amentcrque
1080 4578 1244 4631 vitam
1280 4576 1540 4631 habemus
1562 4615 1577 4639 ,
1606 4585 1662 4629 ut
1702 4576 1927 4630 miseros
1962 4576 2078 4628 ino-

2189 4571 2518 4643 πενομένους
2550 4573 2896 4645 περιορῶμεν
2939 4554 3362 4641 ἐντελευτῶντας
3413 4580 3532 4641 ταῖς
3558 4595 3771 4649 συμφο-

510 4681 716 4736 pesque
741 4666 1125 4735 despiciemus,
1157 4682 1221 4721 ac
1248 4667 1482 4722 miseriis
1527 4668 1738 4722 iuimori
1778 4668 2078 4735 patiamur;

513 4757 797 4824 largusque
847 4756 1063 4810 interim
1112 4767 1356 4824 sumptus
1419 4758 1471 4810 in
1523 4758 1683 4812 rebus
1731 4758 1882 4811 vanis
1913 4756 2081 4810 ambi-

515 4848 652 4902 tiose
682 4861 981 4914 ponamus;
1016 4846 1224 4901 alamus
1258 4847 1567 4901 helluouum
1609 4849 1946 4902 adulatorum
1972 4856 2081 4901 tur-

516 4940 660 5000 ham,
701 4952 765 4992 ac
792 4938 1148 5007 parasitorum
1199 4936 1494 4992 infelicium
1548 4940 1758 5008 agmina
1810 4939 2083 4992 individuo

514 5032 768 5083 comitatu
812 5030 1128 5094 trahauius;
1179 5045 1501 5100 rursumque
1551 5030 1603 5084 iu
1654 5030 1977 5101 gladiatores
2020 5046 2084 5085 ac

614 5211 660 5242 “
692 5208 792 5262 lsa.
819 5224 914 5274 ιιι,
942 5207 1013 5261 28
1037 5223 1160 5277 sqq.
1268 5208 1312 5239 ’⁸
1342 5206 1501 5266 Prov.
1540 5225 1631 5265 xix
1654 5253 1669 5279 ,
1701 5212 1785 5267 Η.

592 5391 704 5461 (ιο)
748 5389 997 5446 Parentes
1026 5389 1151 5459 filiis
1179 5388 1618 5461 δροίίτιῌιίὲιιὶάιειιιΣ
1660 5388 1815 5461 Prov.
1846 5405 1962 5461 xix.
1994 5389 2081 5453 H,

519 5454 627 5533 quo
653 5454 897 5533 A'sterius
925 5454 1158 5533 respicit,
1180 5454 1284 5533 est.
1312 5454 1577 5533 olxov_xa.‘t
1594 5456 1845 5533 ὓπαρξιν,
1870 5459 2083 5510 domum

521 5526 567 5589 ἐι
600 5532 945 5587 substantiam
971 5548 990 5597 ;
1012 5526 1025 5531 ’
1051 5531 1217 5584 voluit
1252 5528 1389 5584 forte
1435 5529 1515 5582 sic
1564 5544 1670 5581 uno
1702 5526 1864 5580 verbo
1900 5542 2089 5582 auctor

521 5607 731 5667 dicere;
787 5612 842 5655 et
904 5602 1029 5669 quia
1086 5601 1282 5669 passim
1335 5600 1391 5669 in
1455 5599 1728 5669 Scriptura
1781 5597 2091 5669 mentidfit

525 5672 804 5727 divisionis
850 5667 1164 5742 spoliorum.
1203 5671 1343 5725 Bene
1377 5668 1599 5725 Ducwus
1644 5667 1952 5735 interpretis
2004 5667 2092 5721 hic

526 5742 734 5811 lapsum
769 5750 1098 5797 correxeral.

596 5812 707 5881 (t7)
750 5811 1022 5877 Quomodo
1049 5827 1168 5881 ages
1192 5812 1243 5864 in
1268 5809 1571 5881 crastinum,
1591 5807 1715 5881 πῶς
1746 5804 1973 5881 διάξεις
1999 5806 2095 5859 ἐπὶ

526 5879 637 5951 trib
659 5879 1000 5950 ὖστεραίας.
1024 5879 1186 5937 Plana
1214 5889 1295 5937 cst
1316 5879 1507 5935 allusio
1522 5879 1775 5935 adlocqu
1805 5879 2096 5946 ascriptum

2191 4665 2342 4735 ραῑςο
2393 4666 2484 4717 καὶ
2506 4665 2872 4735 δαπανώμεθά
2917 4666 2975 4720 δὲ
2998 4667 3294 4738 φιλοτίμως
3318 4671 3437 4733 ταῖς
3472 4669 3771 4741 ματαιότη-

2191 4772 2295 4821 σιν,
2324 4755 2567 4811 κολάκων
2587 4757 2787 4827 πλῆθος
2808 4758 3031 4812 ἀσώτων
3050 4760 3357 4831 τρέφοντες,
3378 4761 3473 4813 καὶ
3498 4760 3771 4833 φρατρίας

2189 4851 2591 4921 κακοδαιμόνων
2614 4852 2926 4923 παρασίτων
2953 4850 3333 4920 ἐπισυρόμενοι
3351 4867 3366 4882 ’
3397 4846 3551 4913 αὖθις
3578 4849 3769 4922 θηριο-

2192 4940 2383 5012 μάχοις
2424 4943 2519 4997 καὶ
2563 4942 2771 5013 θηρίοις
2808 4942 3193 5013 σκορπίξοντες
3236 4939 3325 4994 τὸν
3386 4940 3631 5001 πλοῦτον,
3664 4941 3770 4995 κάν

2190 5037 2310 5099 ταῖς
2361 5036 2746 5108 ἱπποτροφίαις
2786 5035 3000 5099 οὐδενὸς
3048 5034 3155 5089 τῶν
3210 5034 3377 5088 ὄντων
3425 5031 3767 5104 φειδόμενον

1893 5210 1937 5241 ³⁵
1979 5209 2165 5265 Matth.
2197 5226 2268 5275 vl,
2302 5211 2390 5265 54.

2194 5387 2441 5457 margini,
2482 5403 2589 5457 quo
2622 5389 2939 5455 prohibetur
2964 5403 3031 5443 ne
3058 5387 3229 5442 simus
3258 5387 3325 5440 de
3351 5386 3589 5439 crastino
3622 5384 3769 5438 solli-

2196 5459 2311 5521 citi,
2341 5469 2503 5523 utque
2535 5459 2586 5510 in
2617 5473 2682 5510 eo
2708 5459 2875 5512 simus
2904 5459 3114 5518 victuri.
3156 5473 3219 5510 ac
3250 5470 3337 5509 res
3365 5465 3578 5508 nostras
3617 5470 3770 5508 cuui-

2196 5529 2434 5597 paraturi
2467 5544 2479 5578 :
2514 5543 2618 5580 non
2643 5531 2784 5596 quod
2813 5528 2984 5580 reddit
3015 5529 3300 5597 interpres,
3322 5525 3765 5597 quemadmodum

2196 5594 2264 5651 nd
2289 5598 2424 5650 diem
2465 5594 2752 5651 crastinum
2792 5598 3073 5663 pervenies.
3113 5595 3202 5650 Sic
3234 5594 3433 5664 pasSim
3473 5594 3768 5661 Scriptura:

2203 5667 2315 5720 loca
2351 5667 2526 5719 minus
2552 5667 2930 5720 animadvertit
2973 5683 3037 5723 ac
3082 5667 3358 5736 etprimit,
3398 5666 3539 5733 quod
3581 5678 3681 5730 ego
3715 5664 3766 5714 iu

2204 5736 2423 5790 Patrum
2444 5736 2760 5791 Gnecorum
2777 5737 3091 5804 interprete.
3125 5736 3342 5790 maximi
3369 5750 3482 5790 rem
3508 5736 3766 5804 momenti

2203 5805 2479 5876 existimo;
2509 5822 2628 5860 cum
2660 5806 2710 5859 in
2743 5806 2869 5876 illis,
2902 5802 3143 5876 scitoque
3165 5820 3353 5861 eorum
3379 5818 3500 5866 usu,
3534 5802 3766 5871 plurima

2207 5876 2286 5931 vis
2310 5888 2373 5930 ac
2396 5875 2557 5932 decor
2577 5875 2887 5932 earumdem
2913 5875 3220 5932 sermunum
3249 5883 3484 5931 conswt.
