4090 6146
204 3485 235 3512 ο

293 366 400 424 189

1253 360 1539 416 llOMlLlA
1579 360 1641 415 ll.
1685 357 1773 418 DE
1812 359 2185 417 (ΕΩΟἉΟΜΟ
2224 358 2659 426 ιλιριτιτλτιε.

3445 364 3549 421 190

299 487 394 537 καὶ
419 479 582 535 πάλιν
634 480 1077 549 θαυματοποιοῖς,
1112 477 1205 532 καὶ
1249 476 1456 548 μίμοις,
1494 478 1723 541 καὶτοῖς
1754 477 1880 549 ἑξῆς

2008 493 2146 541 eras,
2185 477 2513 545 alendosque
2544 491 2733 546 equos,
2770 478 2911 532 nulla
2950 480 3309 548 impensarum
3340 483 3552 539 ratione

299 570 563 643 ὀλεθρίοις
601 568 950 632 δαπανῶντες
1000 568 1099 639 τὴν
1150 567 1433 638 εὐπορίαν.
1485 568 1596 621 Καὶ
1645 568 1875 637 πρᾶγμα

300 666 582 735 πάσχομεν
597 661 775 726 κενὸν,
802 662 896 715 καὶ
926 661 1123 730 μανίας
1144 658 1327 727 ἐγγύς.
1363 657 1533 712 Ἔνθα
1579 657 1677 728 μὲν
1713 656 1878 728 γὰρὴ

297 755 512 823 δαπάνη
551 752 706 823 φέρει
759 749 821 803 τὸ
872 748 1058 820 κέρδος
1108 746 1407 818 ἀνάριθμον
1450 746 1545 800 καὶ
1609 746 1882 817 σωτηρίαν

301 846 589 907 ἀθάνατον,
631 841 930 912 συνέχομεν
963 839 1205 911 σφοδρῶς
1226 839 1288 893 τὸ
1320 839 1603 911 ἀργύριον,
1643 838 1717 902 ὡς
1751 837 1885 908 μηδὲ

303 937 519 1005 ὀλίγους
548 934 770 997 ὀϐολοὺς
806 933 906 1002 τῆς
931 931 1110 1003 χειρὸς
1160 932 1412 985 ἐκπεσεῖν
1434 946 1447 960 °
1475 931 1607 984 ὅπου
1629 928 1685 982 δὲ
1712 930 1890 1000 ἁμαρ-

304 1028 440 1082 τιῶν
467 1027 678 1096 γίνεται
728 1024 791 1077 τὸ
822 1023 1082 1093 ἀνάλωμα
1110 1023 1204 1076 κα)⁵
1261 1021 1470 1093 μυρίων
1501 1019 1774 1075 κολάσεων
1803 1019 1891 1074 αῖ-

307 1136 443 1180 τιον,
469 1118 562 1172 καὶ
583 1117 756 1187 αὐτῆς
791 1132 855 1184 γε
876 1114 979 1184 τῆς
1017 1114 1105 1168 διὰ
1146 1112 1316 1183 πυρὸς
1342 1111 1632 1184 τιμωρίας,
1664 1111 1891 1165 αὐτοκέ-

308 1211 523 1263 λευστοι
548 1207 765 1278 ῥέομρν.
810 1206 876 1259 Ἠ
904 1204 1180 1274 φιλοτιμία
1200 1202 1571 1274 προλαμϐάνει
1596 1201 1694 1273 τὴν
1733 1200 1888 1272 αἰτη-

310 1315 426 1354 σιν’
455 1299 551 1353 καὶ
571 1299 753 1362 πάσας
784 1296 950 1369 θύρας
980 1296 1307 1361 ἀνοίξαντες,
1352 1296 1582 1366 ἀφίεμεν
1605 1294 1697 1347 τὸν
1724 1294 1887 1348 πλοῦ-

305 1408 402 1444 τον
426 1388 566 1462 πρὸς
600 1390 726 1453 τούς
757 1388 862 1453 ἔξω
891 1390 1108 1458 χωρεῖν.
1141 1387 1311 1440 Τοῦτο
1334 1386 1391 1440 δὲ
1423 1386 1483 1440 τὸ
1513 1387 1769 1457 φρόνημα
1790 1386 1891 1439 οὐκ

307 1482 426 1535 ἐστι
445 1480 649 1534 δούλων
667 1479 1045 1550 ἀναμενόντων
1061 1477 1152 1531 τὸν
1179 1477 1389 1548 κύριον,
1421 1475 1559 1530 ἀλλά
1578 1474 1712 1529 νέων
1743 1473 1889 1528 ἀσώ-

306 1592 438 1641 των,
468 1571 800 1644 κωμαστῶν,
829 1569 1163 1624 ἀκολάστων.

1986 570 2165 623 habita
2191 607 2206 633 ,
2238 584 2370 636 opes
2403 569 2808 640 dispergamus;
2858 570 3163 638 deuiquein
3198 574 3551 642 praestigiato-

1987 674 2074 715 νιος
2104 675 2169 714 ac
2201 660 2394 715 mimos
2438 661 2680 729 aliosque
2705 661 3098 730 perditissimus
3144 664 3386 718 homines
3419 666 3553 718 divi-

1991 752 2094 805 tias
2123 766 2540 819 consumamus,
2593 760 2753 821 atque
2803 753 2937 807 adeo
2980 754 3202 809 stultum
3233 756 3359 825 quid
3387 770 3449 810 ac
3472 756 3554 811 in—

1991 842 2157 896 saniae
2197 857 2419 912 prorsus
2459 841 2621 896 affine
2658 841 2960 897 faciamus?
2996 844 3093 903 Ubi
3128 846 3270 899 enim
3312 846 3555 918 impensa

1986 931 2192 986 lucrum
2246 931 2624 987 inaestimabile
2683 946 2747 986 ac
2797 940 3050 987 aeternam
3104 933 3256 989 affert
3301 936 3554 1000 salutem,

1986 1037 2297 1090 compressa
2328 1037 2486 1076 manu
2526 1023 2804 1091 pecuniam
2842 1023 3155 1080 cohibemus
3177 1066 3191 1090 ,
3219 1036 3276 1080 ut
3306 1042 3374 1081 ne
3399 1028 3554 1098 pauci

1989 1114 2209 1182 quidem
2271 1114 2413 1169 oboli
2467 1115 2869 1180 cxridant;ubi
2900 1125 3077 1169 autem
3135 1117 3202 1171 de
3258 1117 3559 1187 sumptibus

1986 1204 2289 1259 istiusmodi
2336 1207 2530 1276 agitur,
2587 1220 2724 1273 quos
2764 1214 2817 1258 et
2856 1216 3074 1276 peccata
3127 1208 3474 1274 comitantur,
3505 1216 3562 1263 et

1986 1310 2159 1365 paena!
2208 1296 2465 1359 infinitas.
2503 1312 2566 1351 ac
2610 1300 2688 1349 vel
2729 1299 2899 1366 ipsum
2946 1298 3084 1367 ignis
3122 1298 3440 1368 supplicium
3469 1311 3559 1354 se»

1989 1388 2192 1457 quitur,
2230 1385 2370 1442 ultro
2413 1403 2545 1459 opes
2594 1387 2937 1444 eﬂ‘undimus.
2971 1389 3210 1461 Largitio
3235 1403 3297 1443 ac
3329 1388 3566 1445 liberali-

1993 1488 2075 1532 tas
2107 1477 2220 1549 (l8)
2251 1478 2564 1546 petitionem
2614 1488 2872 1549 occupat;
2921 1488 3139 1550 totoque
3187 1493 3375 1551 aperto
3402 1482 3564 1545 ostio,

1993 1569 2214 1627 divitias
2241 1572 2306 1625 ad
2339 1582 2630 1628 extraneos
2672 1574 2821 1627 exire
2862 1574 3250 1641 permittimus.
3292 1574 3391 1643 Qui
3436 1588 3568 1631 sane

309 1681 421 1722 non
453 1674 535 1719 est
561 1677 755 1718 sensus
787 1661 1106 1730 animusque
1134 1674 1412 1715 servorum
1451 1658 1881 1728 exspectantium
1921 1660 2221 1732 dominum,
2255 1666 2347 1721 sed
2375 1667 2632 1735 juvenqu
2701 1664 3007 1720 ltelluonum
3031 1708 3048 1733 ,
3117 1677 3566 1743 comessatorum,

309 1756 648 1823 luxuriaeque
697 1768 761 1808 ac
791 1751 1157 1821 voluptatibus
1200 1751 1524 1805 deditorum.

383 1848 450 1901 Εἰ
496 1846 553 1899 δὲ
597 1844 795 1908 θέλεις,
831 1844 860 1896 ό
886 1840 1181 1915 ἀκροατὴς,
1234 1839 1360 1894 ἰδεῖν
1387 1838 1670 1910 οἰκονόμου
1711 1838 1895 1910 φόϐον,

2070 1839 2222 1906 Quod
2254 1840 2321 1906 si,
2344 1841 2578 1906 auditor,
2622 1842 2803 1898 videre
2830 1843 3128 1911 desideras,
3156 1861 3317 1915 quam
3344 1847 3570 1905 sollicite

315 1938 461 2013 μετά
491 1937 593 2007 τῆς
623 1934 899 2007 σώφρονος
925 1932 1208 1997 εὐλαϐείας
1233 1931 1559 1994 διοικοῦντος
1579 1930 1652 1985 τά
1676 1948 1897 1985 πιστευ·

312 2032 497 2096 θέντα,
528 2026 834 2092 ἀνάπτυξω
873 2026 972 2099 τὴν
997 2025 1174 2096 βίϐλον
1201 2023 1299 2079 τοῦ
1323 2023 1512 2078 Δαϐίδ·
1565 2022 1797 2094 ζήτησον
1837 2024 1895 2075 ὲ-

312 2123 530 2184 κείνους
556 2122 682 2184 τοὺς
714 2119 907 2187 λόγους
924 2116 1052 2171 ἔνθα
1079 2117 1245 2187 φησὶν
1275 2115 1410 2188 πρὸς
1424 2114 1514 2169 τὸν
1538 2114 1713 2168 Θεὸνό
1735 2114 1896 2186 ἀνὴρ,

314 2210 786 2283 πολυπραγμονῶν
829 2207 923 2262 τοῦ
960 2207 1088 2261 ἰδίου
1133 2207 1319 2269 τέλους
1380 2205 1479 2275 τὴν
1522 2203 1858 2276 προθεσμίαν
1883 2219 1896 2234 ⁸

314 2300 628 2371 Γνώρισόν
697 2316 822 2369 μοι,
868 2299 1066 2366 Κύριε,
1110 2296 1177 2351 τὸ
1222 2294 1408 2364 πέρας
1450 2311 1593 2363 μου,
1640 2292 1740 2349 καί
1794 2293 1901 2347 τὸν

314 2391 569 2461 ἀριθμὸν
606 2388 724 2444 τῶν
769 2387 1009 2459 ἡμερῶν
1041 2405 1161 2457 μου
1208 2387 1301 2452 τίς
1330 2386 1521 2449 ἐστιν,
1554 2386 1655 2439 ἵνα
1690 2383 1810 2455 γνῶ
1845 2385 1903 2439 τί

314 2480 551 2550 ὑστερῶ
578 2479 711 2550 ἐγώ.
755 2480 918 2550 Ὁρᾷς
972 2477 1122 2539 ὅπως
1168 2475 1245 2539 ὡς
1290 2476 1349 2529 ἐν
1395 2474 1565 2528 εἰκόνι
1621 2474 1903 2544 θεωρεῖται

314 2574 396 2644 τῷ
421 2573 615 2642 λόγῳή
634 2570 729 2624 τοῦ
755 2568 1052 2639 εὐξαμένου
1082 2567 1341 2631 διάθεσις,
1371 2567 1452 2619 ὄτι
1481 2565 1736 2636 περιδεής
1766 2566 1899 2627 ἐστι,

316 2665 420 2727 καὶ
447 2662 661 2732 προορᾷ
687 2661 747 2714 τὸ
784 2659 995 2732 μέλλον,
1052 2659 1145 2712 καὶ
1174 2656 1435 2728 ἀναμένει
1454 2655 1553 2726 τὴν
1583 2654 1785 2723 κρίσιν,
1810 2654 1905 2708 καὶ

317 2754 421 2825 τὴν
452 2750 791 2823 προθεσμίαν
842 2747 1289 2821 περιεργάξεται,
1326 2746 1412 2800 ἵνα
1443 2745 1516 2817 μὴ
1550 2742 1657 2816 [τὸ]
1685 2742 1904 2815 ἀπαρά·

321 2861 520 2900 σκευον
550 2843 712 2897 αὐτὸν
741 2841 1020 2914 καταλάϐῃ
1072 2842 1168 2913 τῆς
1190 2841 1372 2908 ἐξόδου
1394 2838 1454 2893 τὸ
1491 2838 1741 2910 σύνθημα
1765 2854 1777 2868 ·
1811 2836 1907 2891 καὶ

321 2938 480 3007 ζητεῖ
522 2935 879 3006 λογισάμενος
939 2934 1198 3000 κατιδεῖν,
1245 2933 1300 2986 τί
1344 2932 1406 2986 τὸ
1466 2932 1564 3003 τῆς
1619 2930 1906 3002 παροικίας

321 3027 632 3097 ὑστέρημα,
655 3027 744 3079 ἵνα
770 3026 1011 3088 σπεύσας
1033 3024 1426 3095 ἀναπληρώσῃ.
1457 3024 1586 3095 πρὶν
1613 3020 1788 3075 ἐλθεῖν
1816 3020 1906 3074 τὸν

320 3118 608 3186 ἐξάγοντα.
668 3117 907 3188 Ἀληθῶς
934 3118 1041 3189 γάρ
1073 3119 1221 3169 ἐστιν
1249 3116 1412 3168 εἰκὼν
1432 3114 1739 3184 οἰκονόμου,
1772 3112 1903 3167 ἑκά-

2001 1931 2293 2001 timideque
2321 1933 2634 1987 concredita
2681 1934 2782 1988 sibi
2835 1935 3178 2004 dispensator
3206 1939 3461 2006 providus
3485 1942 3572 1993 ad-

2001 2022 2290 2087 ministrat,
2324 2023 2538 2076 Davidis
2563 2024 2692 2077 mihi
2717 2023 2929 2093 explica
2964 2025 3158 2080 librqu
3191 2044 3206 2093 ;
3241 2043 3364 2082 eum
3396 2029 3569 2084 locum

1997 2128 2226 2181 quaere,
2277 2128 2382 2182 quo
2434 2114 2516 2167 vir
2558 2113 2647 2168 ille
2704 2116 3060 2185 praestitutam
3118 2118 3295 2174 exitus
3324 2120 3406 2174 sui
3429 2120 3570 2175 diem

1999 2206 2239 2261 studiose
2278 2206 2557 2277 inquirens
2583 2246 2597 2271 ,
2645 2207 2725 2261 sic
2747 2208 2812 2260 ad
2842 2206 3008 2261 Deum
3041 2207 3183 2263 fatur
3213 2229 3226 2264 :
3263 2210 3461 2264 Nomm
3487 2212 3573 2280 [ac

1999 2298 2159 2362 mihi,
2198 2297 2449 2363 Domine,
2497 2299 2653 2366 ﬁnem
2708 2316 2919 2365 utrum;
2961 2309 3010 2354 et
3060 2316 3332 2355 numerum
3372 2303 3573 2356 dierum

2002 2404 2231 2440 meorum
2260 2388 2377 2457 quis
2412 2399 2519 2451 est,
2548 2397 2607 2442 ut
2640 2391 2801 2443 sciam
2841 2392 2967 2456 quid
3001 2391 3134 2445 desit
3166 2392 3294 2446 mihi
3315 2393 3383 2448 “.
3413 2388 3575 2448 Vides

2004 2479 2057 2533 in
2091 2480 2173 2532 his
2200 2481 2375 2533 verbis
2402 2489 2656 2549 tanquam
2702 2483 2752 2534 in
2796 2483 3032 2551 imagine
3064 2483 3336 2551 precantis
3362 2497 3577 2551 expres.

2004 2584 2120 2621 smn
2161 2570 2399 2622 animum
2422 2579 2477 2623 et
2510 2568 2877 2636 affectionem,
2910 2582 2966 2624 ut
2997 2573 3065 2624 sit
3098 2572 3319 2628 timidus
3344 2612 3358 2639 ,
3398 2583 3457 2626 ut
3490 2572 3578 2625 fu-

2008 2668 2182 2712 turum
2208 2661 2487 2727 provideat
2508 2700 2521 2724 ,
2553 2670 2610 2713 ιιι
2638 2659 2900 2729 judicium
2948 2671 3245 2731 eatspectet,
3278 2679 3340 2717 ac
3366 2662 3579 2719 curiose

2007 2748 2245 2818 inquirat
2301 2752 2660 2816 praestitutum
2708 2749 2883 2813 diem,
2921 2766 2987 2804 ne
3042 2766 3163 2804 cum
3222 2753 3451 2806 abeundi
3506 2752 3582 2806 si-

2004 2851 2204 2907 gnum,
2243 2838 2563 2908 imparatum
2608 2838 2842 2892 offendat
2882 2850 3045 2909 atque
3073 2843 3384 2910 opprimat:
3415 2850 3581 2912 utque

2008 2931 2309 2999 recogitans
2356 2931 2669 3000 perspicere
2724 2943 2931 3001 quaerat
2997 2934 3123 2999 quid
3177 2948 3272 3002 pro
3345 2932 3578 2987 incolatu

2006 3021 2177 3086 desit,
2233 3032 2291 3075 ut
2336 3023 2609 3092 diligentia
2642 3041 2705 3078 ac
2740 3024 2917 3078 studio
2958 3024 3098 3093 quod
3147 3035 3227 3078 est
3280 3022 3437 3079 ofﬁcii
3483 3024 3584 3076 im-

2010 3111 2182 3180 pleat,
2233 3114 2544 3182 priusquam
2601 3114 2682 3180 is,
2721 3115 2811 3182 qui
2855 3123 2937 3167 est
2978 3114 3345 3178 abducturus,
3378 3113 3581 3171 veniat.

322 3178 455 3266 στου
506 3209 663 3282 ήμῶν
695 3178 958 3278 τελευτή,
1004 3178 1069 3262 ἀν
1101 3206 1172 3261 τά
1226 3205 1348 3260 καθ’
1374 3178 1629 3260 ἕκαστον-
1657 3204 1906 3274 ἀλλήλοις

2013 3201 2152 3257 Vere
2194 3220 2427 3274 namque
2476 3215 2719 3261 nostrmn
2770 3206 3032 3276 cujusque
3074 3207 3251 3259 exitus
3307 3218 3583 3272 morsque,

320 3301 793 3372 ἀντεξετάσωμεν,
842 3300 895 3351 τί
922 3300 1022 3370 μὲν
1051 3299 1249 3368 πάσχει
1297 3299 1325 3350 ό
1352 3295 1731 3367 ἀποθνήσκων,
1769 3294 1822 3346 τί
1851 3293 1908 3346 δὲ

323 3392 590 3464 ὑπομένει
620 3395 650 3446 ό
671 3393 770 3462 τῆς
785 3389 1095 3462 οἰκονομίας
1127 3387 1540 3459 ἐκϐαλλόμενος.

408 3655 644 3726 Ὁμοίως
686 3653 800 3725 γὰρ
840 3654 868 3704 ὁ
904 3651 1169 3706 τελευτῶν
1206 3650 1386 3714 ἄλλοις
1440 3648 1913 3720 μεταπαραδίδωσι

326 3753 425 3821 τὴν
469 3748 758 3819 διοίκησιν,
791 3745 867 3809 ὡς
893 3747 922 3799 ὁ
953 3743 1234 3815 οἰκονόμος
1270 3741 1370 3806 τὰς
1415 3741 1659 3803 κλεῖδας·
1705 3741 1913 3803 ἐκεῖνος

328 3840 726 3911 ἐκϐαλλόμενος
759 3836 952 3909 ἀγροῦ·
986 3830 1160 3901 οὗτος,
1194 3833 1288 3888 τοῦ
1324 3834 1532 3904 κόσμου
1585 3831 1806 3895 παντὸς,
1837 3830 1913 3895 ὡς

328 3930 448 3993 ἑνὸς
493 3929 717 4000 χωρίου.
776 3921 1101 3996 Περιπαθὼν
1148 3923 1424 3993 ἀναχωρεῖ
1473 3919 1755 3991 οἰκονόμος
1805 3917 1914 3971 τῶν

331 4021 478 4074 ἰδίων
512 4021 712 4083 πόνων,
749 4011 860 4071 οἷον
892 4014 1178 4087 ἀμπέλων,
1212 4016 1427 4085 κήπων,
1467 4011 1655 4066 οἰκιῶν
1676 4028 1688 4041 ·
1740 4009 1792 4063 τί
1822 4005 1914 4063 οὖν

325 4115 481 4168 δοκεῖ
508 4129 595 4166 σοι
630 4111 723 4166 καὶ
757 4112 787 4164 ὁ
816 4108 1085 4163 τελευτῶν
1122 4106 1390 4178 πάσχειν;
1422 4105 1536 4160 Οὐκ
1568 4102 1818 4175 ὀδύρεται
1847 4099 1918 4155 τά

328 4206 623 4275 κτήματα;
662 4204 765 4256 οὐκ
796 4201 1025 4256 ἐλεεινὸν
1059 4198 1380 4271 περιϐλέπει
1408 4197 1508 4266 τὴν
1546 4194 1746 4258 οἰκίαν,
1779 4190 1916 4264 μετά

327 4296 606 4366 τοσαύτην
642 4295 1018 4366 προσπάθειαν
1046 4289 1427 4362 ἀπροαιρέτως
1460 4287 1631 4357 αὐτῆς
1658 4284 1916 4339 ἀποσπώ-

332 4403 533 4459 μενος,
566 4386 756 4458 πόρρω
800 4382 1110 4456 θησαυρῶν,
1166 4380 1473 4452 ταμιείων;
1509 4378 1603 4432 καὶ
1646 4377 1774 4430 ὅταν
1811 4376 1917 4444 ἀφ-

2011 3296 2275 3352 ωευηοιιιὶ
2313 3313 2375 3350 ac
2395 3296 2782 3365 dispensatoris
2815 3298 3050 3367 speciem
3091 3296 3327 3366 prchert,
3358 3312 3415 3350 ut
3444 3296 3584 3367 sigil-

2013 3388 2162 3443 latim
2203 3389 2606 3456 exaniinemus,
2644 3405 2707 3443 ac.
2736 3404 2963 3458 quaeque
3004 3401 3432 3457 componamus;
3459 3385 3584 3455 quid

2025 3478 2263 3533 moriens
2286 3479 2521 3547 patiatur
2540 3517 2556 3541 ,
2589 3478 2786 3548 quidve
2810 3476 3231 3548 dispensationis
3258 3475 3585 3531 abdicandus

2014 3584 2255 3625 munere.

2082 3658 2312 3714 Perinde
2341 3661 2481 3714 enim
2512 3660 2557 3715 is
2601 3661 2690 3730 qui
2722 3661 2949 3715 moritur
2999 3661 3119 3715 aliis
3165 3660 3591 3720 administratio-

2016 3762 2137 3802 nem
2163 3747 2346 3813 tradit,
2373 3758 2532 3817 atque
2558 3761 2874 3803 (ecouomus
2899 3749 3112 3803 claves:
3145 3750 3231 3802 hic
3279 3764 3409 3818 agro
3435 3747 3585 3814 ejici-

2021 3847 2147 3903 tur;
2198 3838 2286 3891 ille
2314 3845 2426 3891 toto
2480 3839 2682 3891 mundo
2716 3846 2968 3908 tanquam
3012 3853 3118 3892 uno
3167 3842 3396 3907 quodam
3460 3853 3590 3909 agro

2029 3929 2222 3983 cedere
2249 3930 2478 3998 cogitur.
2509 3927 2852 3984 (Economus
2883 3932 3096 3984 labores
3126 3946 3273 3996 suos,
3325 3940 3472 4000 puta,
3507 3931 3589 3983 vi-

2016 4035 2164 4085 neas,
2195 4021 2401 4086 hortos,
2426 4022 2614 4076 domos
2638 4060 2655 4084 ,
2692 4031 2915 4076 maestus
2959 4023 3263 4092 invitusque
3295 4022 3544 4089 relinquit
3574 4039 3590 4088 ;

2017 4111 2165 4166 illum
2197 4121 2375 4167 autem
2391 4112 2484 4182 qui
2511 4113 2620 4167 vita
2645 4110 2909 4183 fungitur,
2933 4114 3204 4181 quomodo
3229 4123 3384 4180 putas
3413 4109 3548 4163 allici
3572 4110 3593 4164 3

2020 4201 2209 4259 Nonne
2259 4205 2631 4272 possessiones
2700 4204 2990 4273 deplorat?
3040 4202 3227 4257 Nonne
3301 4200 3592 4255 miserabili

2019 4302 2238 4363 aspectu
2284 4297 2500 4349 domum
2543 4296 2967 4365 circumquaque
3027 4295 3237 4354 lustrat.
3298 4309 3327 4345 ιι
3378 4305 3484 4361 qua
3515 4294 3595 4347 sic

2022 4386 2270 4439 adamata
2308 4385 2508 4440 invitus
2548 4384 2819 4450 avellitur,
2847 4395 3009 4453 atque
3040 4400 3067 4438 a
3093 4382 3444 4454 suppellectili
3488 4384 3597 4436 tlte-

332 4482 524 4552 ῖκηται
549 4479 687 4550 πρὸς
705 4477 798 4532 τὸν
824 4475 1174 4549 κληρωθέντα
1207 4474 1391 4535 τόπον,
1416 4469 1627 4524 ἀκούων
1645 4486 1658 4499 ·
1680 4466 1906 4534 Ἀπόδος

2025 4476 2310 4545 saurisque
2368 4475 2552 4545 procul
2582 4474 2834 4543 ejicitur:
2867 4490 2929 4529 ac
2965 4476 3052 4529 ubi
3100 4488 3179 4528 eae
3230 4474 3596 4544 personabunt

329 4569 445 4623 τὸν
472 4568 661 4637 λόγον
684 4566 796 4635 τῆς
819 4565 1160 4634 οἰκονομίας
1185 4578 1301 4617 σου
1319 4580 1336 4597 ι
1371 4559 1561 4624 δεῖξον,
1588 4558 1735 4621 ὅπως
1762 4557 1921 4628 ἣκου-

338 4676 435 4723 σας
468 4656 580 4710 τῶν
622 4654 874 4719 ἐντολῶν,
911 4655 1061 4717 ὅπως
1091 4651 1334 4721 διετέθης
1365 4650 1499 4721 πρὸς
1528 4648 1655 4712 τοὺς
1695 4645 1922 4718 ὁμοδού-

333 4749 461 4812 λους
484 4789 501 4813 ,
553 4746 589 4818 ἢ
638 4745 891 4820 χρηστῶς
934 4744 1029 4798 καὶ
1074 4741 1503 4813 φιλανθρώπως,
1539 4739 1572 4811 ἢ
1616 4737 1923 4793 τούναντίον

335 4839 597 4913 ἐπαχθῶς
628 4840 721 4894 καὶ
760 4835 1095 4909 τυραννικῶς
1115 4876 1129 4900 ,
1164 4834 1361 4896 παίων,
1403 4830 1751 4894 κονδυλίζων,
1782 4831 1923 4883 ἀπο-

336 4932 548 5004 στερῶν
587 4932 688 5003 τῆς
731 4928 1100 5001 ὲλεημοσύνης
1152 4926 1498 4999 σιτηρέσιον;
1538 4925 1659 4980 Κᾶν
1689 4924 1795 4996 μὴν
1834 4924 1924 4976 δυ-

336 5025 476 5097 νηθῇ
507 5023 635 5078 ῖλεω
667 5021 1008 5092 καταστῆσαι
1040 5020 1132 5075 τὸν
1160 5018 1452 5088 δεσπότην,
1503 5016 1706 5087 ἀγαθὸν
1736 5014 1922 5070 δοῦλον

337 5115 536 5174 ἑαυτὸν
569 5114 770 5181 δείξας,
802 5109 862 5169 εὖ
895 5114 962 5170 ἂν
991 5112 1104 5184 ἔχοι
1125 5129 1138 5143 ·
1178 5113 1227 5166 εἰ
1258 5111 1315 5167 δὲ
1346 5108 1678 5174 τούναντίον,
1710 5108 1812 5162 οὐκ
1842 5106 1924 5161 ἐτι

337 5210 616 5287 μάστιγες
647 5209 739 5263 διὰ
788 5207 1023 5281 ῥάϐδων,
1071 5205 1194 5260 οὐδὲ
1241 5203 1426 5276 μύλων
1482 5202 1793 5268 σκοτεινὸς,
1831 5203 1925 5256 καὶ

336 5303 505 5359 πέδαι
534 5302 776 5374 σιδηραῖο
818 5299 958 5355 ἀλλά
988 5299 1101 5372 πῦρ
1138 5298 1424 5360 ἄσϐεστον,
1451 5296 1546 5351 καὶ
1572 5294 1762 5358 σκότος
1789 5293 1923 5348 αἰώ-

390 5436 437 5467 ¹⁵
467 5433 610 5489 Psal.
636 5448 863 5496 xxxvttt,
890 5432 942 5486 5.

410 5572 527 5644 (l8)
571 5570 807 5638 Largitio
835 5586 898 5623 ac
927 5567 1238 5644 liberalitas.
1265 5563 1409 5644 Lego
1427 5578 1505 5644 _ac
1529 5562 1764 5643 corrigo,
1786 5562 1929 5644 quod

341 5633 571 5698 Du'caeits
620 5633 850 5696 lilienter
905 5639 982 5690 ait
1013 5638 1301 5698 lecturum,
1330 5633 1452 5687 ἀντὶ
1493 5633 1587 5685 τοῦ
1619 5634 1927 5701 προσλαμ-

340 5713 529 5780 ϐάνει,
555 5712 618 5767 τὺ
640 5707 1072 5782 προλαμϐάνει.
1098 5704 1280 5782 ῼοίσηι
1310 5704 1454 5759 enim
1482 5702 1714 5782 explicat
1737 5713 1929 5782 auctor

343 5786 487 5854 quod
514 5770 572 5839 ir;
612 5770 797 5837 multis
831 5770 1074 5850 quntidie
1112 5775 1386 5847 lugemus;
1436 5773 1526 5843 qui
1558 5770 1699 5829 ultro
1736 5770 1923 5839 etiam,

2022 4583 2204 4632 voces,
2235 4583 2358 4623 cum
2389 4568 2694 4638 pervenerit
2722 4566 2787 4621 ad
2816 4567 3140 4621 destinatum
3176 4565 3350 4619 locum
3373 4604 3388 4628 ,
3419 4562 3593 4616 Redde

2022 4661 2277 4715 rationem
2303 4670 2407 4716 tum
2432 4660 2836 4729 dispensationis
2860 4676 2876 4725 ;
2914 4659 3140 4715 ostende
3166 4656 3436 4727 quomodo
3460 4670 3595 4724 prae-

2018 4752 2189 4820 ceptis
2212 4751 2692 4821 obtemperaveris,
2737 4761 2795 4804 ut
2822 4750 3074 4804 habueris
3119 4762 3247 4818 erga
3275 4760 3589 4807 conservos,

2020 4857 2146 4898 nmn
2169 4843 2305 4898 lenis
2328 4843 2697 4913 benignusque
2728 4857 2792 4896 ac
2817 4841 3079 4903 clemens,
3106 4855 3173 4893 an
3203 4847 3390 4893 contra
3422 4851 3598 4891 sanus

2021 4946 2075 4990 et
2096 4935 2440 5002 inhumanus,
2467 4936 2629 5005 inque
2660 4950 2862 4989 morem
2890 4932 3122 5004 tyranni,
3158 4929 3349 5000 pugnis
3379 4942 3444 4981 ac
3471 4941 3597 4981 ver-

2024 5026 2239 5080 beribus
2274 5027 2325 5080 in
2374 5041 2471 5082 eos
2522 5027 2774 5091 saeviens,
2827 5040 2891 5079 ac
2931 5024 3287 5093 elcemosyntn
3342 5021 3601 5075 demenso

2020 5115 2318 5171 fraudans?
2342 5121 2420 5172 Ac
2450 5117 2669 5188 quidem
2699 5126 2757 5171 ut
2788 5116 3076 5171 Dominum
3105 5111 3391 5184 propitium
3410 5116 3601 5181 potueo

2024 5209 2093 5263 rit
2119 5211 2362 5274 reddere,
2398 5226 2463 5265 ac
2486 5209 2684 5266 bonum
2721 5223 2781 5265 se
2818 5222 3038 5264 servum
3095 5205 3343 5276 probare,
3376 5203 3516 5257 bene
3544 5198 3599 5253 id

2024 5299 2309 5366 habuerit;
2344 5302 2427 5356 sin
2457 5306 2658 5367 minus,
2691 5315 2796 5355 non
2845 5299 2953 5354 illic
3008 5298 3057 5353 ei
3089 5302 3289 5366 parata:
3323 5293 3487 5364 virga:
3535 5303 3599 5342 ac

2042 5576 2106 5620 ac
2136 5563 2271 5619 nihil
2323 5563 2493 5635 rogati
2526 5564 2597 5635 jn
2633 5561 2965 5635 meretrices,
2997 5559 3177 5635 ludos,
3199 5555 3409 5635 aliaque
3430 5549 3593 5635 idggev

2036 5649 2140 5688 nus
2187 5625 2791 5703 pecuniaseﬂ‘undaut.
2843 5625 2963 5686 cum
3013 5625 3340 5703 vixobolu‘tu
3380 5625 3431 5673 in
3465 5632 3593 5689 pan-

2034 5696 2203 5772 peres'
2222 5719 2286 5760 ac
2312 5704 2397 5774 pia
2422 5702 2526 5758 alia
2554 5714 2717 5772 opera
2743 5714 2969 5769 erogare
3000 5696 3321 5752 sustineant.
