4090 6146
521 422 618 479 191

1795 416 1853 474 S.
1896 414 2170 473 ASTERII
2208 413 2534 472 AMASENI.

3673 408 3787 463 ωε

520 538 724 605 ﬂagra;
764 550 869 590 non
924 534 1211 588 obscurum
1273 530 1601 596 pistrinum;
1653 545 1760 585 non
1814 530 2095 599 compedes

2200 545 2333 590 νιον,
2365 525 2560 580 οὔποτε
2602 528 2747 596 φωτῖ
2776 526 3269 597 Μταυγαζόμενον,
3317 524 3410 578 καὶ
3455 526 3483 578 6
3531 523 3773 597 βρυγμὸς

522 627 753 693 ferreae;
791 627 882 681 sed
910 627 1045 695 ignis
1074 621 1547 690 inexstingnibilis,
1580 621 1670 676 sed
1707 621 1937 676 tenebrae
1967 635 2092 689 per-

523 729 719 787 petuae,
753 718 999 784 nullaque
1024 716 1158 770 lucis
1210 714 1610 781 intercapedine
1646 713 1943 775 distinctas;
1999 713 2090 767 sed

522 810 724 863 stridor
747 808 1004 871 dentium,
1039 806 1203 872 ipsius
1233 805 1385 857 nobis
1436 802 1707 872 Evangelii
1760 802 1937 870 palam
1965 801 2089 855 olim

522 899 830 967 designatus
865 895 1168 950 testimonio
1191 895 1259 948 ".
1301 892 1451 958 Quod
1482 892 1525 946 si
1566 907 1834 961 nunquam
1865 892 2092 946 terrenis

527 989 676 1042 hisce
732 986 888 1041 bonis
940 996 1193 1054 tanquam
1256 983 1447 1037 alienis
1502 998 1723 1046 exuere,
1783 995 1881 1049 age
1938 996 2087 1046 sane,

522 1078 703 1132 fruere
738 1078 955 1140 mundo,
1015 1084 1231 1143 totaque
1271 1072 1519 1127 libertate
1549 1087 1802 1126 sensuum
1846 1070 2086 1124 omnium

522 1167 850 1221 adminiculo
879 1165 1136 1234 voluptati
1170 1164 1418 1232 indulge;
1454 1164 1534 1217 sin
1579 1176 1756 1217 autem
1818 1164 1932 1216 lucc
1969 1172 2096 1216 sunt

521 1260 969 1322 consummantia,
996 1273 1095 1311 nec
1129 1256 1227 1310 nisi
1254 1270 1422 1324 pauco
1454 1265 1695 1323 tempore
1720 1270 1904 1308 eorum
1940 1254 2094 1307 nobis

521 1351 789 1406 constabit
826 1349 1008 1403 fruitio
1041 1363 1057 1403 :
1106 1350 1392 1403 timeamus
1416 1387 1432 1411 ,
1486 1348 1684 1401 fratres
1708 1389 1723 1411 ,
1759 1345 2094 1415 migrationis

521 1440 668 1495 illum
698 1440 862 1500 diem,
896 1453 1070 1507 exque
1092 1437 1300 1490 Domini
1331 1438 1666 1507 prmscripto,
1702 1436 1966 1490 incolatus
1997 1448 2093 1487 uo-

520 1532 620 1587 stri
648 1541 888 1599 tempore
918 1532 1176 1583 vivamus.
1205 1526 1281 1581 Ne
1304 1543 1399 1597 pro
1429 1543 1537 1584 mre
1562 1529 1737 1583 alieno
1761 1527 1922 1581 vincti
1947 1525 2091 1578 abri-

2199 619 2308 673 τῶν
2339 619 2585 681 ὀδόντων,
2613 618 2671 672 ὃν
2702 620 2890 688 σαφῶς
2917 621 3049 690 ἡμῖν
3093 618 3154 671 τὸ
3188 616 3520 685 Εὐαγγέλιω
3545 617 3775 687 προεδή-

2198 708 2390 763 λωσεν.
2431 708 2495 759 Εἰ
2539 706 2637 776 μὲν
2666 703 2759 761 οῦν
2797 708 3051 761 οὐδέποτε
3082 706 3191 760 τῶν
3229 705 3478 772 ἐνταῦθα,
3513 704 3587 769 ὡς
3615 705 3773 758 ἀλλο-

2197 798 2383 869 τρέων,
2412 796 2669 868 ἐκϐάλλῃ,
2700 797 3119 868 κατατρύφησον
3142 795 3235 849 τοῦ
3263 796 3489 866 κόσμου,
3517 793 3611 848 καὶ
3633 793 3771 865 μετά

2198 889 2377 958 πάσης
2406 888 2709 959 αἰσθήσεως
2740 887 3016 942 ἀκώλυτον
3053 887 3191 953 ἄφες
3222 887 3322 958 τὴν
3358 885 3574 956 ἡδονήν.
3616 887 3680 938 Εἰ
3713 885 3772 938 δὲ

2200 979 2673 1051 συντελεσθήσεται
2708 978 2902 1045 ταῦτα,
2954 978 3049 1033 καὶ
3102 981 3195 1031 ἐπὶ
3245 976 3454 1049 μακρὸν
3493 976 3538 1009 ³ο
3593 975 3772 1030 αὐτῶν

2194 1069 2589 1141 ἀπολαύσομεν·
2623 1070 2972 1142 φοϐηθῶμεν,
3028 1068 3267 1137 ἀδελφοὶ,
3307 1069 3407 1138 τὴν
3443 1066 3653 1121 ἐνθένδε
3678 1085 3774 1138 με-

2196 1161 2477 1227 τάστασιν,
2510 1163 2603 1215 καὶ
2632 1162 2887 1233 ζήσωμεν
2920 1162 2977 1214 ὲν
3004 1160 3082 1230 τῷ
3112 1159 3288 1229 καιρῷ
3317 1158 3417 1230 τῆς
3452 1159 3767 1230 παροικίας,

2194 1250 2272 1315 ὡς
2307 1253 2336 1304 6
2368 1252 2573 1324 Κύριος
2613 1255 2948 1308 ἐνετείλατο·
3002 1254 3075 1322 μὴ
3111 1250 3446 1322 ἀπαχθῶμεν
3495 1250 3770 1320 δεσμῶται

2200 1342 2336 1413 μετὰ
2369 1344 2565 1414 χρεῶν,
2602 1346 2715 1399 ἀλλ’
2746 1345 3053 1414 ὁδεύσωμεν
3092 1343 3397 1413 ἐλεύθεροι,
3438 1345 3533 1395 καὶ
3567 1344 3772 1413 eia-mf;-

2198 1435 2488 1506 ρησίαστον
2522 1438 2580 1492 τὸ
2603 1437 2842 1500 συνειδὸς
2870 1436 3221 1505 ἐπαγόμενοι,
3252 1435 3646 1504 ἀκατάγνωστα
3674 1434 3773 1504 φὲκ

2197 1541 2382 1594 ροντες
2415 1527 2483 1581 τὰ
2508 1530 2605 1598 τῆς
2638 1529 2732 1583 τοῦ
2775 1529 2889 1598 βίου
2916 1528 3191 1592 πολιτείας
3218 1526 3414 1596 βιϐλία.

520 1626 768 1693 piamur;
805 1625 900 1679 sed
962 1622 1139 1687 liberi,
1208 1637 1505 1693 securaque
1562 1621 1914 1685 conscientia,
1986 1619 2109 1672 vita:
2141 1620 2406 1674 rationum
2442 1621 2653 1677 libellos
2690 1623 2816 1677 nulli
2855 1621 3118 1676 obnoxios
3165 1618 3562 1690 reprehensioni
3596 1618 3770 1675 feren‘

517 1726 618 1778 tes,
660 1729 723 1769 eo
752 1716 1157 1769 contendamus.

589 1804 758 1857 Malus
789 1803 889 1857 fuit
913 1804 1072 1873 hujus
1102 1805 1227 1859 vitae
1264 1819 1579 1862 teconomus
1616 1805 1767 1859 dives
1799 1804 1906 1869 ille,
1937 1802 2088 1870 cujus

2261 1804 2443 1867 Κακὸς
2487 1801 2557 1876 ἦν
2586 1805 2866 1875 οἰκονόμος
2896 1804 2995 1874 τῆς
3034 1802 3219 1857 ἐνθάδε
3254 1800 3400 1870 ζωῆς
3445 1785 3475 1851 6
3517 1798 3768 1861 πλούσιος

519 1914 647 1968 ager
669 1898 873 1955 fructus
893 1899 1086 1955 uberes
1115 1901 1418 1955 reddiderat
1451 1918 1464 1954 :
1500 1902 1699 1971 quippe
1728 1900 1817 1969 qui
1847 1900 1898 1952 in
1946 1906 2090 1950 tanta

518 1990 605 2044 illa
637 1989 844 2059 frugum
869 1991 1044 2059 copia,
1081 1991 1213 2045 nihil
1235 1994 1357 2046 boni
1382 2007 1445 2046 ac
1469 1992 1852 2045 htuuanitatem
1884 1989 2089 2043 haben-

518 2082 588 2134 tis
616 2081 826 2135 consilii
878 2081 1098 2147 inierit;
1154 2083 1247 2137 sed
1310 2083 1495 2136 hiante
1546 2082 1749 2136 ventris
1800 2080 2088 2143 desiderio,

518 2171 744 2239 latisque
775 2188 839 2226 ac
876 2172 1150 2227 immensis
1199 2173 1442 2227 avaritias
1487 2172 1697 2226 sinibus
1734 2171 1954 2239 apertis,
1996 2184 2093 2223 suo

519 2263 687 2329 ipsius
720 2263 837 2316 usui
876 2279 939 2317 ac
980 2264 1241 2333 voluptati
1294 2264 1476 2318 omnia
1523 2264 1814 2326 addixerit,
1859 2262 2087 2317 dicens:

519 2351 797 2406 Destruam
825 2353 1012 2407 horrea
1043 2370 1184 2421 mea,
1225 2363 1273 2408 et
1298 2353 1504 2422 majora
1530 2361 1818 2418 exstruunt,
1850 2362 1897 2404 et
1921 2352 2090 2403 dicam

517 2445 712 2498 anime
739 2462 866 2499 mea:
901 2461 918 2498 :
955 2444 1125 2499 Habes
1147 2446 1314 2501 multa
1337 2444 1472 2498 bona
1496 2445 1722 2513 reposita
1752 2460 1769 2506 ;
1811 2445 2088 2512 requiesce,

517 2536 743 2596 comede.
779 2538 910 2603 bibe,
949 2538 1161 2604 epulare
1208 2537 1279 2591 ⁸⁷.
1319 2537 1561 2604 Dumque
1610 2537 1722 2589 haec
1761 2537 2088 2603 loqueretur,

520 2625 692 2678 astitit
715 2626 804 2695 qui
834 2635 978 2680 esset
1005 2627 1360 2680 abducturus.
1385 2625 1632 2680 Accessit
1656 2639 1950 2679 conservus
1984 2635 2084 2677 ter-

523 2714 668 2767 r.bili
706 2715 906 2780 specie,
939 2716 1028 2783 qui
1085 2716 1328 2769 avulsum
1391 2730 1420 2767 a
1473 2713 1803 2767 villicatione
1857 2722 2088 2782 raperet.

517 2801 635 2855 Jam
667 2818 794 2857 vero
836 2805 963 2872 quid
1009 2805 1113 2857 vita
1147 2803 1445 2873 voluptaria
1496 2802 1687 2869 juvat?
1744 2803 1922 2870 Atque
1981 2802 2093 2855 ltaac

519 2895 740 2963 quidem
783 2896 960 2949 vivide
986 2910 1047 2948 ac
1074 2897 1331 2965 graphice
1363 2898 1427 2949 ad
1456 2907 1696 2950 nostram
1730 2896 1930 2963 scripta
1967 2902 2094 2947 sunt

518 2983 960 3037 admonitionem.
996 2983 1214 3049 Quanta
1239 2999 1365 3039 vero
1388 2985 1496 3039 vita
1535 2985 1635 3038 hac
1692 2986 1880 3039 horum
1932 2998 2093 3050 expe-

519 3074 750 3128 rientia?
783 3073 969 3128 Nonne
998 3076 1109 3129 haec
1144 3076 1361 3130 assidue
1399 3091 1579 3130 rerum
1614 3075 1725 3145 ipsa
1761 3075 2092 3129 exhibitione

520 3164 645 3217 talia
672 3165 907 3219 clamat?
930 3167 1053 3219 dum
1083 3181 1203 3220 eum
1242 3154 1481 3236 quidem,
1511 3167 1601 3236 qui
1657 3166 1878 3221 meridie
1907 3165 2092 3220 ﬁrmus

518 3264 603 3310 est
628 3270 691 3309 ac
718 3256 920 3322 valens,
952 3266 1076 3311 ante
1112 3258 1323 3326 besperi
1354 3267 1556 3323 ortum,
1613 3268 1882 3313 mortuum
1914 3269 2096 3314 osten-

517 3349 627 3416 dit;
660 3348 918 3417 illnmque
962 3349 1050 3416 qui
1077 3348 1287 3417 vesperi
1341 3364 1506 3404 sanus
1554 3360 1640 3404 est
1689 3366 1753 3403 ac
1791 3349 2091 3415 incolumis,

518 3440 746 3494 necdum
775 3439 1042 3508 explicato
1069 3440 1219 3493 radio
1240 3439 1498 3492 matutino
1522 3442 1848 3494 exstinctum
1880 3456 1895 3505 ;
1932 3440 2093 3493 alium

520 3531 754 3599 denique
790 3530 927 3584 inter
953 3529 1141 3597 epulas
1171 3545 1232 3583 ac
1266 3529 1417 3583 cibos
1466 3531 1570 3583 vita
1612 3531 1921 3598 privatum?
1967 3532 2097 3597 Quis

521 3623 595 3672 ita
622 3621 875 3681 stolidus,
905 3631 960 3672 ut
994 3636 1096 3672 non
1119 3620 1317 3686 videat,
1346 3619 1466 3673 aliis
1494 3620 1721 3688 aliisque
1766 3622 1939 3676 modis
1965 3638 2098 3690 quoa

524 3713 651 3767 tidie
684 3727 781 3766 nos
810 3712 932 3766 vitre
964 3711 1119 3778 iulius
1163 3714 1569 3783 dispensatione
1627 3714 1826 3766 moveri
1853 3714 1876 3766 ?
1910 3714 2097 3768 Enim-

520 3818 650 3858 vero
699 3803 871 3859 bonus
901 3820 965 3858 ac
997 3805 1169 3857 ﬁdelis
1197 3820 1406 3869 servus,
1439 3805 1622 3872 reique
1655 3805 1821 3874 probe
1872 3807 2098 3860 admini-

519 3902 704 3949 stratm
728 3894 1055 3948 conscientia
1099 3886 1290 3959 fretus,
1328 3896 1400 3948 ita
1427 3896 1606 3949 animo
1626 3905 1969 3963 comparatus
1994 3905 2097 3960 est,

522 3987 599 4040 uti
628 3987 756 4040 olim
793 3987 1010 4041 Paulus.
1045 3987 1137 4042 Ille
1163 3988 1304 4041 enim
1331 4004 1451 4043 cum
1506 4003 1603 4044 nec
1640 3989 1895 4044 Dominus
1946 4005 2101 4060 urge-

522 4088 622 4140 ret,
660 4078 724 4132 ad
756 4093 876 4132 eunt
909 4079 1221 4142 anhelabat,
1254 4095 1319 4134 ac
1349 4080 1482 4133 solvi
1538 4082 1810 4151 cupiebat,
1851 4082 2101 4152 ultroque

520 4166 916 4236 deprecabatur
949 4167 1350 4234 villicationem,
1375 4169 1573 4224 alicubi
1632 4171 1850 4240 quidem
1911 4174 1984 4225 ita
2019 4174 2103 4226 di-

2194 1893 2432 1955 ἐκεῖνος,
2467 1885 2528 1945 οὗ
2571 1894 2604 1963 ἡ
2658 1892 2811 1964 χώρα
2842 1893 3171 1963 ηὐφόρησεψ
3218 1890 3404 1959 ἐπειδὴ
3434 1890 3502 1958 τῇ
3547 1887 3769 1957 εὐθηνίᾳ

2191 1982 2300 2034 τῶν
2323 1984 2572 2055 καρπῶν,
2595 1984 2745 2037 οὐδὲν
2764 1988 2793 2038 6
2818 1983 2914 2038 ἀνθ
2922 2000 3104 2053 ρωπος
3129 1982 3364 2054 χρηστὸν
3389 1978 3763 2034 ἐϐουλεύσατο·

2193 2073 2305 2126 ἀλλ’
2349 2074 2568 2139 ἀνοίξας
2613 2075 2847 2146 γαστρὸς
2884 2073 3211 2144 ἐπιθυμίαν,
3255 2072 3347 2125 καὶ
3390 2072 3516 2133 τοὺς
3546 2069 3769 2133 πλατεῖς

2193 2164 2286 2217 καὶ
2312 2166 2628 2237 ἀχωρήτους
2665 2165 2767 2237 τῆς
2799 2164 3115 2229 πλεονεξίας
3146 2164 3400 2227 κόλπους,
3430 2161 3605 2216 πάντα
3635 2162 3771 2214 ἀπε-

2193 2258 2396 2329 κλήρου
2440 2261 2508 2329 τῇ
2542 2258 2736 2311 ἑαυτοῦ
2789 2257 3107 2321 ἀπολαύσει,
3140 2257 3333 2324 λέγων·
3373 2253 3616 2309 Καθελῶ
3648 2271 3770 2322 μου

2191 2349 2298 2415 τὰς
2352 2348 2663 2415 ἀποθήκας
2687 2389 2701 2414 ,
2740 2349 2840 2403 καί
2889 2348 3165 2419 μείζονας
3210 2345 3614 2415 οἰκοδομήσω,
3667 2343 3767 2397 καί

2191 2441 2304 2509 ἐρῷ
2332 2439 2406 2508 τῇ
2443 2440 2617 2510 ψυχῇ
2637 2458 2756 2510 μου
2777 2457 2790 2470 ·
2829 2442 3026 2510 Ἔχεις
3054 2440 3254 2494 πολλὰ
3289 2437 3478 2507 ἀγαθὰ
3505 2437 3767 2505 κείμενα·

2191 2536 2527 2597 ἀναπαύου,
2564 2533 2735 2604 φάγε,
2769 2534 2888 2597 πίε,
2908 2533 3235 2601 εὐφραίνου
3260 2549 3273 2563 υ
3310 2530 3404 2584 καὶ
3434 2528 3641 2600 μεταξὺ
3674 2528 3773 2581 λα-

2191 2626 2426 2690 λοῦντος,
2471 2629 2499 2679 6
2540 2625 2767 2695 ἀπάγων
2816 2625 3054 2695 ὲπέστη’
3089 2619 3222 2695 ἦλθε
3274 2620 3502 2692 φοϐερὸς
3547 2619 3767 2673 σύνδου-

2192 2718 2303 2782 λος,
2334 2717 2680 2772 ἀνάσπαστον
2720 2719 2783 2771 ὲκ
2820 2717 2923 2787 τῆς
2952 2715 3266 2785 οἰκονομίας
3297 2712 3520 2777 ἀπάξων
3541 2727 3554 2741 ⁸
3583 2710 3677 2764 καὶ
3715 2710 3769 2762 τί

2190 2809 2251 2862 τὸ
2297 2809 2486 2879 ὄφελος
2534 2810 2635 2878 τῆς
2681 2808 2967 2879 φιληδόνου
3008 2806 3244 2876 βουλῆς;
3296 2805 3406 2858 Καὶ
3451 2801 3618 2857 ταῦτα
3670 2800 3772 2873 μὲν

2193 2902 2450 2973 ἐμψύχως
2482 2903 2695 2974 ἐγράφη
2726 2904 2806 2963 εἰς
2853 2898 3136 2953 νουθεσίαν
3184 2895 3362 2967 ἡμῶν.
3420 2896 3485 2948 Ἦ
3515 2896 3569 2949 δὲ
3605 2896 3771 2964 πεῖρα

2192 2994 2285 3047 τοῦ
2320 2995 2433 3064 βίου
2482 2994 2735 3063 ποταπή;
2789 2991 2862 3046 Ού
2901 2990 3021 3044 καθ’
3074 2989 3308 3058 ἑκάστην
3345 2986 3561 3059 ἡμέραν
3597 2984 3773 3040 ταῦτα

2119 3120 2165 3181 C
2196 3087 2262 3139 δι’
2319 3085 2495 3158 ἔργων
2545 3084 2665 3155 βοᾷ,
2714 3081 2967 3136 δεικνῦσα
3014 3083 3143 3152 ἡμῖν
3179 3081 3271 3132 τὸν
3318 3081 3375 3132 ἐν
3418 3079 3557 3150 μέσῃ
3592 3077 3787 3148 ἡμέρας

2199 3179 2530 3246 ὑγιαίνοντα,
2575 3177 2680 3248 πρὸ
2719 3175 2821 3245 τῆς
2854 3173 3109 3245 ὲπιτολῆς
3142 3172 3236 3225 τοῦ
3277 3171 3513 3243 ἑσπέρου
3553 3169 3766 3241 νεκρόνο

2198 3272 2291 3324 καὶ
2322 3270 2412 3324 τὸν
2456 3269 2768 3341 ἐρρωμένον
2801 3269 2857 3320 ὲν
2921 3270 2985 3339 τῇ
3040 3266 3268 3338 ἑσπέρᾳ,
3307 3264 3405 3334 τὴν
3447 3265 3638 3318 ἀκτῖνα
3674 3262 3776 3333 τὴν

2198 3363 2426 3433 ἑωθινὴν
2465 3363 2525 3415 οὐ
2569 3360 3086 3432 καταλαμϐάνοντα·
3118 3360 3212 3412 καὶ
3253 3358 3409 3411 ἄλλον
3446 3354 3648 3426 μεταξὺ
3679 3353 3775 3407 τοῦ

2198 3456 2418 3520 ἐσθίειν,
2439 3454 2534 3507 τοῦ
2561 3451 2659 3524 ζῇν
2681 3452 3024 3523 ἀπολήγοντα
3042 3466 3056 3515 ;
3081 3449 3178 3512 Τίς
3192 3448 3248 3501 δὲ
3269 3446 3440 3510 οὕτως
3456 3444 3680 3515 ἠλίθιος,
3700 3443 3779 3506 ὡς

2203 3547 2276 3619 μὴ
2295 3548 2543 3617 συνορᾷν,
2569 3546 2716 3606 ὅπως
2746 3544 3076 3614 καθημέραν.
3089 3540 3245 3603 ἀλλος
3268 3538 3455 3592 ἄλλοτε
3472 3537 3570 3607 τῆς
3586 3534 3776 3589 ἐνθάδε

2199 3638 2509 3709 οἰκονομίας
2532 3634 2960 3705 ἀποκινούμεθα;
2998 3633 3138 3686 Ἀλλ’
3163 3634 3191 3686 6
3219 3632 3315 3703 μὲν
3346 3629 3549 3699 ἀγαθὸς
3566 3629 3658 3681 καὶ
3688 3646 3780 3680 πι-

2201 3731 2322 3792 στὸς
2349 3727 2565 3797 οἰκέτης
2582 3728 2675 3779 καὶ
2698 3724 2970 3788 πεποιθὼς
2991 3727 3057 3795 τῇ
3083 3724 3276 3777 ἑαυτοῦ
3306 3723 3587 3793 διοικήσει,
3606 3719 3780 3784 οὕτως

2201 3820 2312 3891 ἔχει
2325 3816 2566 3889 γνώμης,
2582 3818 2657 3881 ὡς
2672 3811 2784 3888 εἶχε
2803 3816 3034 3879 Παῦλος.
3072 3817 3309 3877 Ἐκεῖνος
3325 3812 3558 3885 γάρ,τοῦ
3577 3812 3780 3881 Κυρίου

2204 3913 2278 3984 μὴ
2303 3910 2737 3978 κατεπείγοντος,
2775 3908 3000 3960 ἔσπευδε
3028 3907 3162 3979 πρὸς
3187 3905 3367 3969 αὑτὸν,
3404 3903 3496 3957 καὶ
3518 3903 3615 3973 τὴν
3646 3903 3781 3961 ἀνάγ

2201 4006 2353 4059 λυσιν
2389 4001 2574 4056 ἐπόθει
2600 4042 2614 4063 ,
2664 4002 2759 4054 καὶ
2804 4001 3099 4072 παρῃτεῖτο
3141 3996 3280 4049 ἑκὼν
3318 3995 3415 4067 τὴν
3447 3993 3778 4064 οἰκονομίαν,

2206 4099 2281 4168 πῆ
2312 4097 2408 4168 μὲν
2437 4095 2609 4164 λέγων
2630 4110 2645 4126 ·
2676 4093 3054 4159 Ταλαίπωρος
3081 4089 3193 4159 ἐγὼ
3235 4089 3565 4156 ἅνθρωπος,
3592 4087 3683 4150 τίς
3703 4100 3787 4153 με

2196 4189 2449 4255 ῥύσεται
2486 4184 2554 4237 ἐκ
2592 4183 2698 4238 τοῦ
2756 4181 3029 4250 σώματος
3074 4178 3181 4232 τοῦ
3215 4176 3475 4233 θανάτου
3534 4177 3776 4238 τούτου,

519 4272 648 4311 cens
679 4275 692 4311 :
733 4256 926 4325 Infelix
952 4275 1043 4325 ego
1073 4259 1245 4325 homo,
1273 4258 1392 4329 quis
1418 4276 1498 4313 me
1526 4261 1763 4314 liberabit
1804 4263 1867 4315 de
1891 4279 2095 4331 corpore

2204 4277 2298 4329 καὶ
2338 4275 2528 4329 πάλινο
2577 4273 2732 4342 Ἐμοί
2784 4271 2870 4337 δὲ,
2918 4270 3107 4323 καλὸν
3147 4268 3476 4332 ἀναλῦσαι,
3520 4265 3619 4319 καὶ
3661 4264 3789 4318 σὺν

520 4348 704 4400 mortis
730 4348 887 4417 hujus
909 4348 989 4401 "‘3
1013 4349 1089 4403 Ac
1134 4366 1322 4405 rursus
1353 4367 1365 4403 :
1404 4350 1538 4405 illi/ii
1567 4362 1744 4407 autem
1811 4355 2001 4409 bonum
2026 4366 2095 4409 est

2204 4367 2434 4439 Χριστῷ
2472 4368 2645 4421 εῖναι.
2682 4366 2740 4417 ὐ
2773 4364 2829 4417 δὲ
2878 4364 3061 4433 γήινος
3107 4361 3167 4414 τὸ
3204 4360 3488 4430 φρόνημα,
3542 4357 3636 4411 καὶ
3672 4355 3787 4409 τῶν

522 4439 758 4501 dissolvi,
787 4449 832 4494 et
868 4458 978 4495 esse
1003 4460 1117 4496 cum
1147 4442 1357 4498 Christo
1404 4446 1471 4499 ’9.
1512 4445 1731 4508 Contra,
1787 4449 1875 4515 qui
1907 4448 2094 4517 plenus

2210 4460 2393 4532 βώλων
2430 4455 2644 4528 ἀληθῶς
2691 4452 2980 4522 συγγενὴς,
3015 4450 3237 4503 τοιαῦτα
3270 4448 3516 4519 ὀδύρεται
3563 4448 3785 4516 ἀμηχα-

523 4538 606 4583 est
640 4531 872 4586 terrenis
905 4534 1348 4601 cogitationibus,
1377 4536 1657 4604 glebisque
1682 4551 1746 4590 ac
1775 4537 1936 4591 humo
1978 4554 2104 4594 vere

523 4631 802 4690 cognatus,
825 4624 1086 4691 ejusmodi
1112 4624 1438 4680 lamentatur
1455 4630 1650 4683 anxius
1669 4630 1735 4684 de
1761 4631 2102 4697 migratione,

526 4721 687 4779 atque
716 4713 877 4767 homo
903 4714 989 4767 ille
1012 4716 1062 4767 in
1092 4717 1344 4783 parabola
1369 4720 1697 4787 propositus:
1732 4721 1870 4785 Quid
1885 4721 2101 4790 faciam,

524 4803 649 4870 quia
694 4805 937 4860 dominus
1005 4825 1148 4861 meus
1207 4810 1379 4877 aufert
1415 4828 1445 4864 α
1480 4827 1560 4864 me
1613 4812 2053 4879 dispensationem
2081 4815 2106 4866 1’

527 4891 733 4948 Fodere
756 4911 856 4948 non
878 4896 1043 4961 valeo,
1068 4899 1361 4952 mendicare
1388 4902 1669 4968 erubesco;
1696 4903 1895 4956 desidis
1944 4904 2105 4959 simul

528 4996 690 5056 atque
719 4989 998 5057 voluptarii
1026 4991 1176 5045 dolor
1208 4990 1294 5045 hic
1347 5007 1411 5048 ac
1460 4997 1700 5062 querela.
1749 4996 2106 5051 Abiturientis

528 5078 671 5131 enim
702 5077 861 5133 ﬂetus
890 5081 978 5135 ille
1016 5097 1079 5136 ac
1110 5082 1359 5149 cjulatus,
1409 5084 1681 5139 hominem
1731 5088 1906 5156 arguit
1936 5088 2105 5145 fundo

530 5171 825 5238 impensius
852 5172 1145 5239 addictum,
1174 5174 1375 5242 quique
1401 5176 1583 5229 carnis
1611 5176 1836 5232 vitiosas
1860 5178 2106 5248 volupta-

531 5269 611 5314 tes
640 5259 899 5328 deploret.
958 5258 1305 5320 [inbecillitas
1351 5275 1530 5320 autem
1563 5282 1626 5320 ac
1686 5268 1810 5338 luga
1838 5268 2101 5334 laborum,

531 5352 653 5405 vita:
703 5367 799 5421 per
844 5352 1090 5409 inertiam
1148 5371 1209 5411 ac
1261 5358 1520 5413 desidiam
1585 5367 1717 5415 actae
1772 5371 1895 5416 nota
1924 5371 2006 5416 est
2041 5377 2105 5417 ac

529 5444 758 5500 crimen.
811 5442 942 5498 Nam
974 5445 1018 5501 si
1057 5447 1204 5516 operi
1253 5463 1318 5503 ac
1372 5448 1539 5503 labori
1571 5452 1916 5518 assuevisset,
1951 5468 1980 5506 a
2021 5453 2100 5509 lo-

529 5534 725 5591 diendo
744 5551 1080 5607 nequaquam
1115 5537 1450 5598 abhorreret.

604 5627 757 5695 Quod
779 5628 825 5683 si
875 5628 1159 5699 allegorice
1198 5630 1266 5686 de
1304 5632 1390 5688 bis
1449 5649 1569 5705 quae
1624 5635 1723 5690 sub
1777 5635 2100 5691 intellectum

2205 4535 2312 4607 νῶν
2350 4550 2442 4603 ἐπὶ
2472 4551 2537 4620 τῇ
2590 4545 2948 4619 μεταστάσει,
2983 4537 3069 4595 οἷα
3098 4534 3251 4603 οὗτος
3280 4541 3307 4592 ὁ
3339 4539 3438 4609 τῆς
3470 4534 3786 4608 παραϐολῆς

2205 4644 2521 4714 ἄνθρωπος’
2560 4640 2619 4693 Τί
2649 4636 2880 4702 ποιήσω
2902 4676 2916 4701 ,
2954 4635 3041 4687 ὅτι
3077 4637 3107 4688 ὀ
3142 4632 3345 4699 κύριός
3366 4647 3484 4700 μου
3520 4626 3783 4697 ἀφαιρεῖ-

2204 4746 2299 4784 ται
2354 4727 2471 4796 τὴν
2524 4724 2869 4792 οἰκονομίαν
2926 4721 3025 4773 ἀπ’
3078 4718 3263 4788 ἐμοῦ;
3320 4715 3619 4769 Σκάπτειν
3669 4714 3788 4767 οὐκ

2206 4821 2430 4890 ἰσχύω,
2463 4815 2735 4873 ἀπαιτεῖν
2773 4814 3152 4880 αἰσχύνομαι.
3202 4805 3397 4880 Ἀργοῦ
3424 4805 3518 4860 καὶ
3564 4804 3784 4876 φιληδό-

2204 4929 2296 4965 νου
2329 4913 2362 4983 ἡ
2392 4908 2559 4980 λύπη.
2594 4908 2668 4961 Τὸ
2700 4908 2795 4978 μὲν
2828 4904 2936 4976 γὰρ
2958 4902 3050 4955 ἐπὶ
3078 4903 3143 4973 τῇ
3175 4899 3516 4970 ἀναχωρήσει
3538 4897 3781 4968 θρηνεῖν,

2210 5004 2429 5075 ἔλεγχός
2457 5004 2603 5055 ἐστιν
2642 4999 2735 5053 τοῦ
2769 4992 3193 5070 προστετηκέναι
3219 4989 3297 5061 τῷ
3328 4989 3532 5060 χωρίῳ,
3566 4986 3786 5051 καὶτὰς

2209 5096 2476 5167 ἐμπαθεῖς
2523 5095 2621 5165 τῆς
2653 5090 2855 5162 σαρκὸς
2908 5085 3234 5147 ἀπολαύσεις
3270 5079 3585 5150 ὀδύρεσθαι·
3618 5077 3679 5131 τὸ
3715 5078 3787 5144 ,δὲ

2210 5188 2490 5241 ἀδυνατεῖν
2518 5184 2652 5255 πρὸς
2682 5183 2861 5253 ἔργον,
2903 5176 3072 5249 ἀργοῦ
3109 5176 3222 5246 βίου
3253 5172 3348 5227 καὶ
3384 5168 3785 5225 ἀναπεπτωκό-

2214 5297 2303 5343 τος
2335 5279 2450 5332 ἐστὶ
2480 5275 2863 5346 κατηγόρημα.
2894 5273 2958 5324 Εἰ
2993 5270 3102 5343 γὰρ
3126 5266 3268 5340 εἶχεν
3302 5265 3438 5336 πρὸς
3471 5261 3786 5334 φιλοπονίαν

2214 5369 2520 5442 συνήθειαν,
2561 5367 2660 5419 οὐκ
2686 5364 2751 5418 ἂν
2778 5362 3023 5432 ἐφοϐεῖτο
3046 5358 3137 5413 τοῦ
3166 5358 3445 5412 σκάπτειν.

2284 5635 2345 5689 Εἰ
2387 5633 2445 5685 δὲ
2479 5625 2854 5701 ἀλληγορικῶς
2904 5623 3003 5695 τὴν
3032 5620 3348 5695 παραϐολὴν
3393 5616 3573 5671 ὲπίοτὺ
3597 5613 3790 5685 νοητὸν

605 5766 649 5847 δ’
692 5767 876 5847 Milli"-
915 5784 1035 5847 ξιιμ.
1067 5769 1624 5847 ‘3;xxtt,15;xx1v,
1668 5775 1727 5831 Si
1760 5793 1774 5842 ;
1808 5790 1932 5839 xxv,
1988 5775 2074 5830 '50.

2216 5770 2342 5827 Luc.
2385 5785 2479 5834 xu,
2516 5767 2602 5833 18,
2647 5765 2729 5819 19.
2808 5760 3028 5815 "Rom.
3059 5772 3155 5824 vn,
3193 5754 3282 5810 24.
3349 5755 3395 5787 ¹⁹
3430 5751 3564 5809 Phil.
3600 5767 3638 5817 t,
3690 5748 3791 5808 25.

526 5833 574 5871 ³ο
610 5836 742 5909 Leg.
773 5841 874 5893 οὐκ
917 5833 1032 5894 ὲπῖ
1063 5833 1229 5915 μακρ.
