4070 6142
292 313 401 370 393

1331 303 1616 360 HOMILIA
1655 307 1743 363 Ill.
1787 308 2150 366 ADVERSUS
2192 311 2591 367 AVARITIAM.

3450 321 3549 380 194

303 425 641 495 ὲκλάσοιμεν,
674 423 818 495 μετὰ
857 421 954 493 τὴν
980 419 1186 474 ἐνθένδε
1234 422 1594 493 μετάστασιν,
1622 426 1745 477 οὔτε
1781 426 1868 477 τοῦ

1979 428 2194 493 cadunt,
2237 430 2547 496 parabolam
2575 431 2713 484 hanc
2744 431 3161 502 interpretemur
3192 455 3207 490 :
3260 438 3347 493 ubi
3381 444 3549 499 semel

301 518 609 586 προσαιτεῖν
667 512 880 583 καιρός.
931 510 1039 564 Καὶ
1081 509 1170 563 διὰ
1214 510 1372 563 τοῦτο
1423 512 1608 582 μηδεὶς
1647 512 1870 579 λεγέτω·

300 610 596 666 Σκάπτειν
624 609 736 662 οὐκ
755 607 965 675 ἰσχύω.
990 604 1106 659 Κᾶν
1135 603 1242 674 γὰρ
1270 605 1514 676 δύνηται,
1545 606 1716 670 οὐδεὶς
1747 624 1876 675 συγ-

301 706 483 774 χωρεῖ.
536 703 597 754 Ὀ
637 700 751 770 βίος
806 692 957 761 οὗτος
1008 696 1119 768 ἔχει
1168 696 1277 749 τῶν
1313 697 1539 751 ἐντολῶν
1567 698 1663 770 τήν
1699 716 1875 767 γεωρ..

300 791 457 857 γίαν·
488 792 516 842 ό
559 789 617 842 δὲ
652 786 885 858 μέλλων,
922 786 1020 855 τὴν
1058 785 1376 840 ἀπόλαυσιν.
1413 787 1576 839 Ὥστε
1616 788 1663 839 εἰ
1709 787 1873 858 μηδὲν

300 883 536 953 εἰργάσω
566 878 826 943 ἐνταῦθα,
862 877 1157 947 ἀπέμεινον
1186 880 1240 931 αἰ
1268 878 1520 948 ἄμπελοι,
1556 881 1649 931 καὶ
1687 896 1874 950 περιτ-

301 974 404 1036 τῶς
437 969 745 1042 φροντίζεις
789 969 915 1039 περὶ
956 967 1055 1038 τῆς
1101 968 1418 1038 σκαπάνης·
1459 967 1581 1021 οὔτε
1622 969 1679 1021 δὲ
1707 987 1875 1040 προσ-

302 1063 459 1116 αιτῶν
488 1061 793 1132 ὠφελήσεις
820 1076 872 1111 τι
904 1059 1117 1112 σαυτόν.
1152 1060 1264 1113 Καὶ
1292 1058 1481 1112 τούτου
1511 1061 1678 1129 σαφὲς
1740 1064 1869 1131 ἡμῖν

303 1153 605 1223 ὓπόδειγμα
638 1152 1034 1224 παραδέδοται,
1065 1150 1125 1203 τὸ
1167 1151 1273 1204 τῶν
1315 1152 1512 1223 μωρῶν
1563 1152 1868 1223 παρθένωεν

301 1247 498 1308 αἳτινες
532 1244 740 1314 ἀπορία
766 1244 1105 1297 καταστᾶσαι
1132 1243 1223 1295 τοῦ
1252 1243 1451 1308 ελαίου,
1489 1245 1718 1309 ἀναιδῶς
1742 1246 1870 1317 ᾔτη-

300 1354 392 1389 σαν
440 1335 593 1405 παρὰ
630 1334 739 1387 τῶν
787 1334 1063 1405 φρονίμων
1090 1350 1103 1363 ⁸
1160 1332 1377 1404 ὤνησαν
1421 1335 1475 1388 δὲ
1527 1336 1700 1401 οὐδὲν,
1755 1336 1871 1390 ἀλλ’

297 1427 734 1498 ἀπεστράφησαν
775 1427 1042 1498 ἄπρακτοι
1065 1443 1077 1458 ·
1122 1426 1427 1491 δεικνύντος
1453 1427 1548 1480 τοῦ
1577 1428 1756 1496 λόγου,
1788 1430 1868 1481 ὅτι

297 1517 560 1588 ἀλλοτρίῳ
605 1517 769 1587 ἐλαίῳ
808 1519 865 1570 ὲν
895 1520 961 1588 τῇ
1000 1518 1269 1588 παρουσία
1313 1517 1405 1570 τοῦ
1436 1519 1670 1588 νυμφίου
1697 1519 1872 1582 οὐδεὶς

298 1610 605 1680 κέχρηται·
672 1607 970 1673 τοὺτέστιν,
1029 1608 1294 1679 ἀλλοτρίῳ
1353 1608 1738 1680 κατορθώματι
1792 1610 1872 1672 εἰς

297 1700 427 1753 ἰδίαν
476 1700 800 1753 ἀπόλαυσιν.
836 1700 1110 1761 ’Ἕκαστος
1161 1698 1267 1770 γὰρ
1294 1698 1390 1771 τὴν
1430 1700 1566 1752 ἰδίαν
1597 1700 1869 1753 πολιτείαν

1979 519 2102 572 hinc
2124 520 2554 588 migraverimus,
2590 538 2759 592 neque
2796 527 3053 593 operandi
3078 537 3286 597 tempus
3310 541 3414 600 est,
3447 548 3547 587 ne-

1975 622 2079 676 que
2102 610 2477 675 ntendicandi;
2515 627 2687 680 eoque
2738 630 2898 667 nemo
2947 617 3132 672 dicat:
3192 618 3393 674 Fodere
3441 639 3544 677 non

1977 696 2139 752 valeo.
2171 696 2237 750 Ut
2262 700 2400 751 enim
2445 701 2676 756 maxime
2730 703 2908 759 valeas
2938 745 2953 770 ,
3002 721 3158 761 nemo
3216 712 3542 776 permiserit.

1976 782 2161 839 Cultus
2203 799 2254 838 et
2329 787 2632 843 observatio
2688 793 3058 849 mandatorum
3132 797 3290 866 hujus
3330 802 3545 870 propria

1977 874 2095 926 vita-
2130 884 2245 940 est;
2278 874 2461 930 l'ruitio
2494 892 2619 931 vero
2643 876 2859 937 futura}.
2895 882 3071 948 Quare
3098 887 3142 939 si
3187 886 3275 941 hic
3305 890 3438 942 nihil
3486 904 3547 946 es

1975 974 2243 1033 operatus,
2269 979 2645 1022 remanserunt
2696 971 2852 1034 vites,
2884 987 2948 1026 ac
2988 973 3261 1030 incassum
3308 978 3377 1031 de
3429 978 3543 1034 fos-

1975 1056 2127 1111 sione
2172 1058 2436 1113 sollicitus
2490 1076 2567 1114 es.
2610 1062 2678 1114 At
2726 1078 2824 1116 nec
2853 1066 3211 1123 mendicando
3250 1072 3544 1140 quidquam

1976 1148 2287 1216 profeceris.
2328 1150 2493 1217 Hujus
2518 1152 2670 1205 nobis
2699 1154 2905 1209 illustre
2935 1160 3241 1226 exemplum
3286 1163 3541 1217 traditum

1975 1249 2074 1302 est,
2105 1240 2342 1308 quinque
2378 1241 2503 1294 illud
2532 1241 2802 1297 fatuarum
2845 1246 3110 1316 virginum
3135 1249 3218 1319 a';
3251 1266 3385 1319 quae,
3418 1267 3543 1307 cum

1973 1330 2147 1383 oleum
2178 1331 2307 1399 ipsis
2335 1332 2567 1398 deesset,
2598 1336 2938 1403 impudenter
2984 1339 3161 1394 oleum
3198 1357 3227 1394 a
3281 1344 3540 1411 sapienti-

1974 1422 2071 1475 bus
2101 1424 2387 1490 petierunt,
2426 1441 2523 1478 nec
2544 1427 2838 1496 quidquam
2864 1438 3042 1485 tamen
3073 1442 3197 1487 sunt
3221 1444 3540 1498 consecutae,

1974 1513 2065 1565 sed
2098 1528 2152 1565 re
2187 1512 2379 1568 infecta
2417 1513 2687 1569 abierunt.
2751 1516 2868 1585 Quo
2942 1520 3218 1579 docemur.
3274 1524 3541 1577 nemiuem

1973 1600 2147 1656 alieno
2180 1603 2252 1655 nti
2279 1604 2396 1657 oleo
2419 1604 2471 1657 in
2497 1606 2727 1657 adventu
2762 1606 2971 1673 sponsi,
3003 1608 3052 1660 id
3084 1618 3184 1672 est,
3218 1609 3408 1661 alienis
3433 1625 3544 1663 me-

1975 1692 2111 1757 ritis,
2143 1694 2208 1744 ad
2236 1709 2388 1746 suum
2415 1696 2581 1761 ipsius
2616 1697 2955 1749 commodum
2988 1712 3052 1752 ac
3084 1698 3337 1752 fructum.
3367 1700 3538 1767 Quam

293 1790 365 1853 ὼς
404 1790 621 1860 ἱμάτιον
666 1789 1074 1862 περιϐέϐληται,
1107 1791 1215 1842 εἴτε
1243 1789 1493 1861 λαμπρὸν
1538 1791 1631 1843 καὶ
1669 1792 1866 1861 τίμιον,

1974 1782 2200 1850 quisque
2248 1784 2412 1851 gessit
2459 1786 2579 1837 vita:
2613 1787 2910 1850 rationem,
2955 1802 3051 1840 ceu
3102 1800 3304 1843 vestem
3344 1791 3538 1857 induit,

292 1883 401 1934 εἴτε
438 1880 645 1950 φαῦλον
697 1881 925 1951 καὶτῆς
972 1882 1249 1953 πτωχικῆς
1302 1883 1612 1952 ἐφεστρίδος
1663 1884 1865 1952 ὅμοιον.

304 1973 664 2026 Ἐκδόσασθαι
704 1974 759 2026 δὲ
786 1974 917 2027 αὐτὸ
945 1974 1043 2027 οὐκ
1077 1975 1243 2037 ἔστιν,
1287 1973 1407 2027 οὔτε
1441 1974 1743 2039 ἀπαλλάξαι
1777 1975 1870 2027 καὶ

291 2063 679 2135 διαμείψασθαι
706 2064 842 2133 πρὸς
869 2064 1073 2136 ἕτερον,
1102 2063 1223 2117 οὔτε
1249 2066 1313 2118 ἐκ
1340 2064 1528 2138 δάνους
1562 2066 1594 2136 ἢ
1626 2067 1869 2136 χρήσεως

291 2160 349 2211 ὲν
370 2159 450 2229 τῷ
482 2156 659 2229 καιρῷ
688 2158 785 2227 τῆς
807 2158 1038 2227 κρίσεως
1070 2158 1513 2212 καλλωπίσασθαι
1540 2159 1631 2211 καὶ
1664 2175 1869 2229 κοσμη-

222 2314 231 2321 υ
290 2248 471 2320 θῆναι.
506 2250 676 2303 Μένει
700 2249 756 2303 δὲ
783 2248 1012 2313 ἕκαστος
1039 2243 1149 2313 οἷος
1176 2251 1268 2303 ἐπὶ
1300 2253 1397 2322 τῆς
1417 2249 1668 2320 ἀληθείας
1696 2250 1864 2314 ἐστὶν,

288 2340 400 2395 εἴτε
444 2342 617 2411 πένης
657 2339 897 2409 ἀγαθῶν,
934 2339 1043 2392 εἴτε
1088 2340 1359 2404 πλούσιος.
1406 2341 1516 2394 Καὶ
1548 2340 1719 2394 ταῦτα
1769 2341 1868 2411 μὲν

288 2427 387 2482 ἐπὶ
419 2429 693 2483 τοσοῦτον.

362 2520 430 2571 Τί
480 2520 524 2573 δ’
552 2520 617 2573 ἂν
670 2521 917 2589 εἴποιμεν
976 2520 1104 2589 περί
1153 2520 1252 2591 τῆς
1304 2522 1701 2591 συγχωρήσεως
1760 2520 1866 2575 τῶν

289 2609 492 2681 χρεῶν,
518 2609 584 2680 ἢν
611 2610 898 2679 ἐπενόησεν
940 2610 968 2661 ό
997 2608 1278 2680 οἰκονόμος
1309 2612 1408 2681 τῆς
1436 2610 1667 2672 ἀδικίας,
1699 2626 1868 2680 παρα-

291 2700 502 2772 μυθίαν
555 2700 724 2769 ἑαυτῷ
772 2700 882 2755 τῶν
929 2699 1113 2753 κακῶν
1173 2700 1308 2771 πρὸς
1367 2702 1492 2763 τοὺς
1544 2699 1867 2770 ὁμοδούλους

288 2793 859 2863 πραγματευσάμενος
884 2808 899 2857 ;
935 2792 1010 2845 Οὐ
1039 2791 1147 2863 γάρ
1177 2792 1324 2845 ἐστιν
1352 2790 1571 2844 εὔκολον
1597 2795 1676 2855 εἰς
1705 2792 1867 2864 ἀλλη-

290 2883 487 2954 τορίαν
522 2882 805 2936 ἀκόλουθον
853 2884 1253 2954 μετασκευάσαι
1288 2882 1367 2954 τῷ
1397 2883 1768 2954 γεγραμμένῳ
1797 2885 1862 2942 ³¹.

294 2976 365 3028 Ὃ
410 2975 470 3030 δέ
522 2992 611 3046 μοι
668 2975 838 3029 πολλὰ
894 2974 1293 3046 σκοπησαμένῳ
1330 2973 1609 3045 παρέστη,
1659 2973 1866 3028 τοιοῦτο

285 3065 583 3136 τυγχάνειο
632 3065 840 3128 Πάντες
893 3063 1202 3135 ἄνθρωποι,
1250 3064 1363 3116 ὅσοι
1411 3062 1508 3134 τὴν
1565 3064 1863 3135 μέλλουσαν

285 3160 506 3220 ἑαυτοῖς
533 3158 717 3211 ἄνεσιν
752 3155 1254 3229 πραγματευόμεθα
1276 3196 1290 3222 ,
1327 3154 1581 3226 ἀλλότρια
1608 3156 1861 3222 διδόντες,

270 3254 322 3326 -ἢ
360 3253 797 3325 συγχωροῦντες,
827 3256 1024 3306 οἰκεῖον
1066 3250 1402 3324 ποριζόμεθα
1427 3250 1636 3322 κέρδος.
1682 3247 1866 3301 Ἀλλό-

281 3362 416 3417 τρια
462 3344 729 3415 δὲλέγω,
780 3343 852 3397 τὰ
891 3342 984 3396 τοῦ
1024 3342 1317 3395 Δεσπότου.
1360 3340 1526 3394 Οὐδὲν
1569 3341 1677 3411 γάρ
1720 3341 1866 3392 ἐστιν

288 3438 583 3508 ἡμέτερον·
616 3436 752 3490 ἀλλὰ
797 3434 974 3489 πάντα
1002 3435 1101 3505 τῆς
1140 3432 1352 3486 ἐκείνου
1381 3431 1696 3493 δεσποτείας
1733 3430 1867 3501 κτή-

292 3547 462 3599 ματα.
499 3531 632 3583 Ὅτε
666 3528 730 3583 ἃν
758 3524 849 3582 οὖν
880 3544 963 3590 τις
1001 3527 1320 3597 αἰσθόμενος
1353 3524 1452 3594 τῆς
1486 3521 1739 3593 τελευτῆς
1775 3520 1868 3573 καὶ

285 3620 393 3690 τῆς
440 3618 654 3673 ἐνθένδε
704 3619 1117 3690 μεταστάσεως,
1162 3615 1427 3678 εὐποιίαις
1470 3614 1700 3685 κουφίσῃ
1758 3610 1867 3666 τῶν

288 3713 578 3784 ἁμαρτιῶν
598 3712 658 3766 τὸ
683 3711 921 3782 φορτίον,
950 3710 983 3781 ἢ
1009 3710 1308 3782 χρεωσταῖς
1334 3707 1690 3777 συγχωρήσας
1713 3703 1870 3774 ὀφλή-

288 3823 439 3877 ματα
461 3847 477 3871 ,
528 3805 564 3876 ἢ
609 3806 723 3867 τοῖς
758 3803 1071 3874 πενομένοις
1111 3800 1427 3873 χορηγήσας
1453 3798 1552 3867 τὴν
1585 3797 1866 3868 εὐπορίαν,

284 3898 361 3951 τὰ
381 3898 476 3951 τοῦ
506 3896 783 3949 Aeci-roseo
811 3893 1003 3959 διδοὺς,
1032 3891 1216 3962 φίλους
1245 3891 1438 3942 κτᾶται
1466 3886 1715 3949 πολλοὺς.
1742 3885 1869 3947 τοὺς

290 3990 593 4062 μέλλοντας
621 3988 770 4060 αὐτῷ
800 3988 1244 4060 προσμαρτυρεῖν
1275 3983 1428 4054 παρὰ
1456 3981 1533 4053 τῷ
1566 3982 1742 4052 Κριτῇ
1770 3979 1867 4049 τὴν

288 4081 694 4152 ἀγαθωσύνην,
744 4081 840 4134 καὶ
886 4079 974 4133 διὰ
1019 4079 1118 4149 τῆς
1180 4075 1483 4148 μαρτυρίας
1529 4069 1868 4142 εὐτρεπίζειν

286 4173 610 4243 ἀναψύξεως
636 4170 999 4239 καταγώγιον.
1037 4168 1329 4240 Μάρτυρες
1363 4165 1419 4219 δὲ
1446 4164 1694 4233 λέγονται
1726 4163 1773 4214 οἰ
1808 4156 1866 4213 εὖ

288 4264 563 4327 παθόντες
612 4263 762 4334 παρὰ
787 4262 866 4333 τῷ
888 4263 1088 4334 Κριτῇ,
1113 4261 1173 4313 οὐ
1203 4260 1426 4328 φωναῖς,
1451 4257 1526 4321 ὡς
1549 4253 1867 4325 ἀγνοοῦντα,

288 4357 639 4418 διδάσκοντες
662 4395 679 4420 ,
714 4353 828 4408 ἀλλ’
858 4354 933 4418 ὡς
978 4353 1079 4423 τῆς
1107 4352 1236 4424 περὶ
1268 4351 1464 4413 αὐτοὺς
1493 4347 1743 4419 πράξεως
1772 4345 1871 4415 τῆς

290 4451 565 4523 τιμωρίας
589 4450 715 4512 τοὺς
738 4449 1162 4520 ἁμαρτήσαντας
1188 4443 1596 4515 ἐξαιρουμένης.

290 4542 495 4615 τρόπον
540 4542 602 4595 τὸ
643 4537 783 4612 αἷμα
817 4538 912 4593 τοῦ
965 4537 1130 4591 ’Ᾱὸελ
1176 4535 1390 4605 ἐλέγετο
1427 4533 1554 4605 βοᾷν
1604 4531 1740 4604 πρὸς
1777 4528 1868 4582 τὸν

295 4638 450 4700 Θεὸν,
479 4635 683 4706 ὁμοίως
714 4633 808 4686 καὶ
833 4632 895 4684 τὸ
926 4628 1128 4698 ἀγαθὸν
1174 4627 1332 4700 ἔργον
1360 4625 1679 4696 λεχθήσεται
1724 4637 1867 4691 μαρ-

297 4729 477 4796 τυρεῖν
512 4724 595 4795 τῷ
648 4720 1032 4793 κατωρθωκότι
1079 4720 1136 4772 ὲν
1184 4714 1406 4788 Χριστῷ
1471 4712 1644 4785 Ἰησοῦ
1677 4709 1868 4782 Κυρίῳ

299 4817 452 4887 ἡμῶν
472 4833 485 4847 ο
504 4809 551 4885 ᾧ
578 4817 612 4887 ἡ
637 4814 764 4878 δόξα
787 4815 865 4879 εἰς
886 4812 1011 4875 τοὺς
1037 4809 1238 4872 αἰῶνας
1257 4806 1365 4861 τῶν
1394 4803 1628 4861 αἰώνων.
1669 4803 1866 4874 Ἀμήν.

1045 4992 1115 5044 Γ’.

685 5084 915 5154 Ὀμιλία
941 5082 1089 5136 κατὰ
1122 5078 1495 5143 πλεονεξίας.

378 5177 599 5250 ’Δνδρες
662 5176 1014 5250 Χριστιανοὶ,
1082 5175 1178 5228 καὶ
1244 5171 1486 5242 κλήσεως
1540 5165 1859 5237 ἐπουρανίου

370 5318 413 5351 ⁸⁸
442 5317 570 5387 Leg.
618 5318 682 5369 τὸ
732 5312 1136 5386 γεγραμμένον.
1211 5311 1255 5342 ³²
1286 5308 1473 5363 Matth.
1526 5320 1676 5370 xxv,
1707 5305 1732 5357 1
1789 5318 1907 5371 sqq.

369 5457 483 5530 (19)
511 5452 820 5530 rDccasione
859 5450 1238 5530 nundinarum,
1282 5462 1401 5526 qua:
1449 5445 1504 5530 in
1561 5450 1857 5530 inartvrm-n

305 5512 572 5584 menibus
609 5527 803 5579 crebro
833 5520 1009 5589 populi
1043 5512 1315 5589 concursu
1343 5514 1455 5589 jam
1491 5523 1600 5589 tum
1647 5512 1856 5589 tierent,

308 5580 565 5665 nonnulla
605 5580 849 5649 avaritiae
891 5580 1100 5665 specie,
1151 5580 1524 5665 exagitandam
1551 5584 1685 5665 "hoc
1743 5580 1860 5665 loco

308 5662 544 5723 Asterius
577 5665 817 5732 suscepit
842 5653 1144 5724 avaritiam,
1183 5653 1419 5733 inquam
1447 5653 1618 5733 pridie
1649 5663 1861 5733 quoque

309 5736 545 5793 invectus
572 5723 758 5792 esset?
786 5733 881 5788 sed
916 5744 1016 5784 non
1050 5723 1224 5784 exStat
1259 5723 1427 5782 altera
1467 5723 1556 5778 illa
1587 5723 1858 5777 tractatio.

1972 1870 2085 1923 sive
2107 1871 2437 1939 splendidam
2473 1874 2616 1927 illam
2669 1892 2732 1929 ac
2776 1878 3088 1944 pretiosam,
3129 1878 3242 1932 sive
3276 1879 3431 1933 vilem
3477 1895 3541 1933 ac

1973 1964 2289 2031 paupertino
2312 1966 2494 2034 sagulo
2526 1967 2792 2023 similem:
2827 1984 2923 2023 nec
2954 1985 3148 2024 exuere
3178 1985 3294 2023 eam
3332 1968 3410 2024 fas
3436 1979 3538 2036 est,

1971 2063 2060 2105 aut
2082 2053 2181 2105 alia
2211 2068 2581 2123 commutare;
2617 2073 2716 2112 nec
2745 2060 2963 2113 omnino
2990 2060 3072 2114 vel
3106 2076 3171 2114 ex
3205 2063 3344 2115 dono
3368 2063 3448 2117 vel
3474 2079 3538 2116 ex

1970 2147 2306 2199 commodata
2345 2146 2533 2213 judicii
2581 2159 2822 2219 tempore
2874 2163 3121 2205 ornatum
3173 2154 3541 2220 mundumque

1970 2236 2255 2292 asciscere.
2305 2237 2485 2293 Manet
2524 2241 2753 2310 quisque
2810 2241 2984 2312 qualis
3043 2230 3230 2297 revera
3288 2250 3387 2300 est.
3424 2243 3540 2298 sive

1969 2329 2231 2381 bonorum
2261 2345 2483 2398 egenus,
2505 2331 2617 2385 sive
2648 2333 2798 2387 dives
2821 2340 2875 2386 et
2893 2333 3162 2402 copiosus.
3196 2333 3261 2387 Et
3287 2337 3398 2388 haec
3423 2336 3541 2404 qui-

1969 2416 2087 2469 dem
2128 2417 2402 2471 hactenus.

2038 2507 2305 2579 Quidjam
2335 2510 2575 2565 dicemus
2597 2510 2662 2562 de
2693 2513 3085 2569 condonatione
3113 2531 3174 2570 ac
3216 2515 3535 2571 remissione

1968 2599 2290 2659 debitorum,
2333 2617 2494 2670 quam
2521 2602 2822 2671 iniquitatis
2853 2618 3166 2659 meonoutus
3200 2616 3537 2660 commentus

1967 2699 2066 2756 est,
2099 2691 2423 2746 utsolatium
2466 2694 2682 2763 aliquod
2722 2705 2776 2747 et
2805 2696 3060 2750 auxilium
3089 2697 3139 2749 in
3192 2697 3343 2751 malis
3396 2696 3565 2764 apud.

1967 2798 2255 2838 conservos
2282 2783 2381 2837 sibi
2408 2786 2784 2855 compararet?
2806 2787 2926 2841 Non
2956 2789 3097 2841 enim
3123 2804 3253 2840 sane
3279 2788 3536 2856 proclive,

1967 2875 2108 2945 quod
2144 2875 2215 2928 ita
2245 2877 2503 2943 scriptum
2532 2886 2614 2930 est
2644 2875 2697 2930 in
2729 2876 3042 2947 alleget-iam
3077 2893 3203 2933 vero
3241 2895 3536 2934 consonam

1966 2978 2301 3021 convertere.
2339 2966 2520 3021 Dicam
2572 2979 2747 3024 tamen
2782 2970 2922 3040 quod
2974 2970 3138 3023 multa
3192 2971 3425 3025 volventi
3481 2973 3536 3026 in

1971 3070 2202 3113 mentem
2235 3061 2401 3113 venit.
2444 3065 2643 3115 Omnes
2675 3076 2792 3126 nos,
2826 3071 3089 3130 quotquot
3116 3061 3347 3115 futuram
3382 3063 3537 3117 nobis

1963 3150 2210 3219 requiem
2241 3163 2557 3218 comparare
2592 3152 2869 3203 studemus
2890 3190 2905 3213 ,
2937 3150 3236 3204 alienarum
3285 3154 3534 3206 donatio-

1970 3257 2090 3294 netu
2122 3256 2184 3294 ac
2205 3240 2607 3293 concessionem
2667 3255 2869 3302 rerum,
2921 3238 3124 3293 lucrum
3163 3254 3227 3294 ac
3272 3250 3533 3310 quaestum

1969 3332 2242 3403 proprium
2268 3330 2511 3384 facimus.
2543 3330 2764 3399 Appello
2813 3338 2991 3383 autem
3029 3330 3223 3394 aliena,
3260 3347 3377 3399 qua:
3433 3333 3538 3389 Do-

1972 3421 2099 3476 mini
2126 3432 2269 3476 sunt.
2299 3419 2445 3475 Nihil
2489 3422 2632 3474 enim
2668 3422 2887 3476 omnino
2919 3430 3180 3483 nostrum,
3212 3424 3303 3476 sed
3334 3423 3536 3488 omnia,

1971 3513 2112 3567 illius
2131 3522 2255 3566 sunt
2286 3511 2526 3567 d0minio
2551 3513 2857 3583 mancipata
2888 3512 3047 3565 bona.
3079 3511 3212 3567 Cum
3263 3513 3385 3583 quis
3437 3514 3538 3585 igi-

1971 3614 2077 3670 tur,
2107 3606 2425 3659 moritnrum
2466 3602 2580 3656 fore
2606 3602 3004 3672 persentiscens
3058 3618 3119 3657 ac
3156 3602 3536 3673 migraturum,

1971 3704 2311 3764 peccatorum
2343 3708 2479 3747 onus
2515 3693 2867 3747 beneﬁcentia
2898 3692 3075 3746 levare
3119 3696 3320 3759 studet,
3365 3710 3428 3747 ac
3458 3695 3539 3747 νει

1968 3786 2272 3839 debitorum
2295 3785 2395 3840 sibi
2422 3784 2697 3838 nominum
2720 3783 2947 3852 gratiam
2975 3783 3123 3846 facit,
3144 3784 3225 3837 vel
3258 3785 3541 3852 egentibus

1970 3878 2213 3948 largitur,
2240 3894 2303 3933 ea
2331 3880 2581 3957 donando
2623 3894 2744 3948 quae
2775 3891 2900 3934 sunt
2952 3880 3186 3946 Domini,
3232 3883 3410 3951 plures
3436 3884 3537 3937 sibi

1970 3968 2173 4022 amicos
2203 3969 2478 4031 conciliat,
2517 3974 2604 4036 qui
2648 3970 2902 4023 bonitatis
2930 3967 3044 4036 ejus
3089 3985 3153 4024 ac
3205 3971 3541 4025 liberalitatis

1972 4061 2107 4129 apud
2130 4058 2371 4114 Iudicem
2404 4069 2563 4113 teSte;
2600 4059 2761 4112 futuri
2802 4061 2927 4125 sint,
2973 4076 3033 4114 ac
3072 4062 3373 4115 testimonio
3406 4077 3526 4125 suo,

1972 4151 2241 4220 refrigerii
2278 4150 2451 4202 locum
2479 4151 2738 4218 paraturi.
2773 4152 2936 4205 Porro
2962 4162 3129 4206 testes
3160 4152 3415 4205 dicuntur
3446 4155 3539 4205 be-

1973 4242 2163 4296 nelicio
2192 4240 2367 4294 allecti
2409 4242 2547 4310 apud
2599 4239 2878 4305 Judicem;
2912 4258 3016 4294 non
3047 4242 3284 4301 vocibus,
3324 4251 3380 4294 ut
3414 4249 3536 4294 tan-

1972 4349 2130 4403 quam
2160 4332 2404 4400 ignarum
2432 4330 2657 4385 doceant
2685 4347 2699 4395 ;
2760 4331 2851 4384 sed
2884 4331 3027 4398 quod
3063 4331 3114 4383 in
3152 4344 3245 4383 eos
3299 4330 3538 4384 exhibita

1632 4442 1726 4493 Ὃν
1760 4436 1868 4510 γὰρ
1900 4445 1948 4504 D
1974 4425 2133 4488 actio,
2170 4436 2419 4477 auczores
2475 4436 2599 4476 suos
2648 4438 2676 4474 a
2724 4421 3008 4475 criminum
3067 4434 3225 4489 ptrue
3287 4426 3487 4476 eximat
3523 4441 3537 4477 :

1976 4531 2100 4570 nam
2137 4531 2240 4584 qua
2275 4514 2476 4567 ratione
2497 4513 2714 4583 sanguis
2743 4510 2873 4565 Abel
2905 4510 3140 4566 clamare
3162 4513 3226 4564 ad
3257 4511 3539 4566 Dominum

1942 4622 1947 4627 '
1977 4607 2149 4661 dictus
2167 4606 2332 4673 est",
2359 4606 2545 4660 eodem
2575 4604 2733 4659 modo
2758 4619 2917 4672 opera
2947 4605 3085 4659 bona
3108 4605 3156 4658 ei
3178 4605 3541 4659 testinonium

1977 4700 2261 4769 perhibere
2285 4701 2548 4762 dicentur,
2574 4700 2663 4769 qui
2694 4696 2888 4752 meruit
2909 4712 2972 4750 ac
2987 4698 3244 4765 praeclara
3277 4695 3540 4771 geSsit,‘iu

1977 4793 2193 4849 Christo
2240 4791 2368 4848 Jesu
2422 4791 2648 4847 Domino
2697 4801 2882 4847 nostro
2905 4832 2919 4854 ,
2948 4790 3032 4844 cui
3065 4791 3232 4861 gloria
3265 4790 3316 4844 in
3347 4788 3541 4845 smcula

1975 4885 2311 4940 saeculorum.
2340 4885 2527 4938 Amen.

2266 5066 2495 5123 Homilia
2539 5066 2785 5120 adversus
2812 5065 3093 5118 avaritiam
3126 5062 3254 5134 (19).

2050 5160 2159 5214 Viri
2190 5160 2507 5224 Christiani,
2550 5172 2756 5228 vosque
2786 5156 3023 5212 cmlcstis
3079 5154 3374 5209 vocationis
3414 5167 3539 5223 par-

2001 5301 2043 5330 ³³
2073 5299 2207 5353 Gen.
2272 5313 2343 5360 tv,
2411 5297 2496 5355 l0.

1968 5437 2039 5489 De
2074 5436 2161 5489 illa
2199 5434 2373 5505 populi
2411 5433 2671 5488 elfusione
2711 5427 2778 5505 ad
2812 5441 3125 5505 _t_nartyrnm
3173 5438 3327 5484 extra
3378 5428 3538 5481 urbes

1966 5499 2285 5561 celebranda
2323 5514 2544 5572 tropaea,
2587 5516 2651 5555 ac
2721 5504 2774 5553 in
2812 5499 3103 5569 Martyriis,
3148 5512 3528 5617 ttonttttnguaut

1966 5576 2386 5617 (Ilirvenctmnug
2435 5582 2491 5617 ut
2512 5587 2632 5617 cum
2662 5571 2728 5617 de
2756 5581 2944 5617 saneto
2971 5567 3196 5617 Babvla.
3229 5577 3333 5617 etc.
3418 5572 3528 5616 rant

1965 5567 2491 5645 Chrysostomusfut
2512 5587 2632 5645 cum
2662 5571 2728 5624 de
2756 5567 3196 5645 sancto‘llabyla,
3229 5567 3541 5644 etc._Erant

1969 5636 2219 5715 Martyria
2264 5636 2413 5715 estra
2465 5642 2645 5715 urbes,
2693 5639 2836 5715 quod
2889 5636 3099 5707 legibus
3137 5636 3392 5689 Romanis
3430 5648 3538 5688 non

1971 5710 2155 5770 liceret
2191 5713 2347 5769 condi
2373 5713 2425 5767 in
2453 5710 2675 5767 urbibus
2706 5710 2989 5765 cadavera,
