4090 6146
461 312 567 368 195
1734 311 1791 366 S.
1835 309 2021 366 ASTE‘

2150 311 2453 367 AMASENI
3617 313 3719 370 £96

456 431 649 501 ticipes
680 428 728 463 “
753 428 931 486 εποιειί
966 429 1087 495 viri,
1117 428 1268 499 plebs
1317 430 1608 495 rusticana,
1661 444 1721 485 ac
1767 439 2021 502 quotquot

2135 429 2352 502 μέτοχοι
2377 429 2597 502 ἄνδρες⁸
2649 432 2806 503 ὑμεῖς
2859 432 2887 486 ὀ
2918 433 3153 505 χωρικδς
3203 432 3402 505 δῆμος,
3446 434 3538 488 καὶ
3581 434 3717 490 πάν-

454 522 665 591 oppidis
692 522 920 593 egressi,
947 538 1048 576 una
1073 523 1430 577 consensione
1457 523 1523 577 ad
1548 523 1647 577 hoc
1675 522 1868 578 [estiam
1899 538 2021 577 con-

2132 536 2243 584 τες,
2298 522 2413 574 ὅσοι
2484 521 2593 575 τῶν
2655 523 2865 578 πόλεων
2923 525 3368 598 ὲκφοιτήσαντες,
3418 526 3554 597 πρὸς
3618 527 3720 599 τὴν

453 613 702 669 curristis
758 614 970 683 (omnes
996 613 1196 684 quippe
1236 628 1331 668 vos
1387 629 1494 667 uno
1522 614 1855 683 complector
1881 613 2021 667 vocis

2134 611 2414 682 παροῦσαν
2473 611 2781 684 συμφώνως
2821 615 3014 688 ἑορτὴν
3067 617 3432 687 συνεδράμετε
3480 617 3720 691 (γενικῷ

455 705 746 777 prteconio)
772 724 786 757 :
820 707 1119 777 quisquene
1143 717 1378 760 vestrum
1411 707 1591 761 animo
1608 721 1790 761 curam
1825 705 2021 775 injet-it,

2132 700 2239 771 γὰρ
2286 703 2429 774 ὑμᾶς
2480 705 2686 769 πάντας
2750 705 3144 777 περιλαμϐάνω
3191 708 3571 781 κηρύγματι),
3608 705 3721 781 ἆρα

454 797 836 867 perspexitque
866 813 930 852 ac
971 796 1236 851 intellexit
1288 812 1392 865 qua
1420 803 1484 849 de
1513 811 1678 849 causa
1716 795 2021 850 conveneri-

2130 793 2360 858 ἕκαστος
2400 795 2554 868 ὑμῶν
2593 797 2876 851 ἐνεϐάλετο
2921 800 2986 869 τῇ
3029 799 3237 872 διανοίᾳ
3281 802 3558 871 φροντίδα,
3592 819 3719 856 συν-

455 889 620 943 mus?
651 904 715 945 ac
744 903 911 959 quare
946 900 1230 960 martyres,
1275 903 1395 942 cum
1454 889 1649 942 mdium
1689 894 1883 941 ornatu
1915 887 2021 941 cul-

2132 883 2271 938 εἶδεν
2297 883 2354 936 δὲ
2397 885 2491 937 καὶ
2537 884 2886 956 κατενόησεν,
2932 886 3071 959 ὑπὲρ
3111 887 3255 951 τίνος
3306 886 3715 959 ἠθροίσθημεν;

455 988 618 1049 tuque
666 980 970 1050 magniﬁco,
1029 990 1139 1033 tum
1192 980 1389 1033 annuis
1423 977 1755 1044 ejusccmodi
1797 978 2021 1032 coetibus

2130 973 2248 1027 ἀνθ’
2276 975 2397 1028 ὅτου
2446 974 2503 1029 δὲ
2546 966 2813 1047 τιμῶνται
2848 978 3123 1049 μάρτυρες
3189 978 3354 1033 οἴκων
3399 979 3715 1051 περιφανῶν

452 1074 838 1138 honestentur,
890 1086 955 1126 ac
1007 1087 1114 1141 quo
1148 1071 1490 1142 potissimum
1552 1070 1827 1140 proposito
1860 1083 2021 1136 scopo

2131 1070 2528 1135 κατασκευαῖς,
2564 1069 2658 1121 καὶ
2684 1071 2796 1132 τοῖς
2843 1069 3135 1134 ἐνιαυσίοις
3164 1069 3376 1133 τούτοις
3403 1071 3679 1141 συλλόγοις
3697 1113 3713 1138 ,

450 1164 682 1233 majores
715 1164 910 1227 nostri,
949 1163 1049 1218 ista
1084 1178 1204 1232 qua:
1237 1161 1480 1216 videmus
1510 1159 2021 1228 instituerint,jure-

2129 1154 2381 1226 καὶπρὸς
2403 1156 2522 1211 τίνα
2545 1157 2744 1210 σκοπὸν
2770 1156 3056 1228 βλέποντες
3086 1161 3133 1211 οἱ
3156 1158 3387 1231 πατέρες
3411 1159 3571 1231 ήμῶν
3601 1164 3718 1216 ἐνο-

450 1271 556 1327 que
588 1266 846 1326 perpetuo
878 1271 999 1311 eum
1030 1255 1187 1308 ritum
1221 1254 1288 1307 ad
1315 1263 1564 1321 posteros
1595 1250 2021 1307 transmiserint?

2133 1244 2330 1316 μοθέτη
2339 1263 2437 1300 σαν
2457 1247 2525 1300 τὰ
2542 1245 2810 1318 ὁρώμενα,
2841 1249 2933 1302 καὶ
2954 1248 3171 1323 ἰσχυρὸν
3189 1246 3406 1320 ἀφῆκαν
3425 1251 3514 1305 τὸν
3546 1252 3712 1324 νόμον

447 1346 638 1401 Nonne
665 1345 749 1401 vel
800 1359 990 1414 parum
1047 1343 1346 1398 intendenti
1395 1343 1635 1397 animum
1674 1357 1735 1396 ac
1794 1340 2021 1411 sapienti

2130 1336 2243 1398 τοῖς
2270 1335 2597 1405 μετέπειτα;
2629 1339 2700 1390 Ἢ
2732 1338 2997 1410 πρόδηλον
3028 1338 3106 1409 τῷ
3137 1341 3230 1394 καὶ
3263 1341 3457 1413 μικρὸν
3500 1341 3718 1397 πυκνώ-

447 1438 663 1506 planum
700 1437 750 1491 id
781 1446 942 1505 atque
968 1435 1336 1504 perspicuum,
1367 1434 1584 1503 pietatis
1611 1434 1728 1486 zelo
1755 1433 1868 1487 haec
1897 1432 2021 1487 talia

2132 1443 2285 1481 σαντι
2314 1429 2414 1499 τὴν
2451 1429 2709 1494 διάνοιαν,
2751 1431 2826 1494 ὡς
2869 1430 3016 1504 ζήλῳ
3046 1434 3177 1503 ήμίν
3224 1433 3504 1499 εὐσεϐείας
3541 1435 3715 1490 ταῦτα

448 1531 604 1584 nobis
635 1530 929 1586 constituta
952 1542 1094 1591 esse,
1126 1527 1504 1595 solemnesque
1535 1537 1852 1590 conventus,
1873 1541 2021 1580 com-

2127 1517 2471 1590 διετυπώθη,
2519 1521 2613 1574 καὶ
2642 1520 2796 1574 κοινὰ
2839 1522 3213 1591 παιδαγωγεῖα
3264 1524 3373 1578 τῶν
3419 1525 3607 1597 ψυχῶν
3656 1527 3713 1581 αι

449 1636 637 1675 mones
668 1620 930 1688 quosdam
983 1619 1288 1672 animorum
1323 1617 1546 1674 coiiﬂari
1583 1618 1757 1685 ludos,
1788 1627 1848 1671 ut
1879 1632 2021 1670 mar-

2130 1608 2467 1680 πανηγύρεις
2523 1611 2863 1681 συνάγονται,
2896 1612 2982 1665 ἵνα
3012 1614 3294 1685 μάρτυρας
3328 1616 3616 1688 τιμῶντες,
3654 1616 3718 1672 τὸ

448 1720 624 1782 tyrum
657 1710 804 1764 cultu
840 1725 903 1764 ac
939 1709 1307 1775 veneratione,
1356 1723 1516 1777 quam
1572 1708 1643 1762 illi
1681 1724 1777 1778 pro
1825 1709 2021 1777 pietate

2128 1698 2238 1752 τῶν
2287 1699 2579 1771 μαρτύρων
2625 1702 2765 1772 ὑπὲρ
2813 1702 3094 1769 εὐσεϐείας
3142 1706 3408 1777 καρτερὸν
3466 1707 3719 1781 μιμησὼ-

447 1777 817 1857 fortitudinem
859 1802 1257 1866 exltibueruut,
1298 1801 1590 1865 imitemur,
1646 1777 1811 1870 utque
1843 1801 2021 1854 docto-

2134 1787 2302 1859 μεθα·
2329 1789 2418 1844 ἵνα
2442 1794 2556 1853 τοῖς
2585 1792 2973 1863 συναγομένοις
3000 1795 3315 1861 παιδευταῖς
3342 1777 3630 1865 ὑποθέντες
3654 1802 3715 1857 τὸ

449 1896 597 1950 ribus
641 1910 703 1946 ea
729 1894 1021 1948 occasione
1072 1893 1419 1962 congregatis
1468 1907 1653 1947 aurem
1703 1892 2021 1960 praebentes,

2129 1875 2242 1944 οῦς,
2272 1882 2531 1953 μάθωμέν
2556 1901 2609 1936 τι
2632 1885 2889 1955 χρηστὸν,
2925 1885 2954 1939 ὅ
2999 1892 3104 1960 πρὸ
3135 1888 3364 1961 βραχέος
3390 1891 3490 1945 οὐκ
3521 1892 3714 1962 ἐγινώ-

448 1982 787 2055 profuturom
821 1983 1046 2052 aliquid,
1076 1998 1136 2038 ac
1167 1992 1328 2037 antea
1384 1984 1761 2053 hactenusque
1805 1984 2028 2055 ignora-

451 2085 558 2128 tum
581 2075 887 2139 discamus;
918 2074 998 2127 vel
1024 2074 1157 2127 certi
1194 2074 1450 2128 nimirum
1478 2074 1683 2145 aliquid
1713 2078 1980 2144 dogmatis
2007 2092 2023 2142 ;

448 2165 528 2219 vel
564 2165 954 2232 expositionem
983 2164 1223 2227 obscuri,
1252 2179 1316 2218 ac
1345 2165 1580 2234 ambigui
1622 2165 1722 2220 loci
1778 2166 2017 2237 Scriptu-

450 2272 523 2311 ται
553 2273 569 2322 ;
601 2257 682 2310 vel
734 2257 964 2325 denique
1024 2256 1384 2326 compositum
1420 2272 1727 2312 sermonem
1787 2257 2028 2314 moribus

450 2349 835 2404 inStituendis?
887 2349 992 2405 Sed
1030 2351 1175 2405 enim
1210 2365 1306 2405 vos
1361 2349 1491 2403 mihi
1524 2350 1795 2411 videmini,
1825 2351 2028 2405 omisso

448 2442 663 2497 virtutis
711 2442 910 2505 studio,
980 2455 1220 2509 curaque
1299 2440 1492 2494 anima:
1534 2441 1863 2511 posthabita,
1930 2440 2028 2496 toti

448 2534 590 2586 circa
620 2547 943 2587 mammonae
976 2534 1188 2599 sordes,
1230 2532 1511 2602 forumque
1552 2547 1728 2585 rerum
1757 2532 2026 2587 venalium

448 2623 692 2688 versari;
723 2623 812 2676 alii
846 2624 1063 2692 quidem
1118 2623 1218 2693 ipsi
1250 2625 1678 2689 contrahentes;
1714 2624 1803 2676 alii
1839 2623 2027 2679 alienis

450 2715 639 2769 intenti
674 2714 1075 2782 inhiantesque,
1101 2729 1166 2768 ac
1196 2728 1376 2768 rerum
1424 2713 1690 2766 venalium
1727 2714 2029 2768 contentio-

449 2806 620 2860 siores
648 2805 1003 2858 aestimatores
1026 2803 1391 2868 sciscitantes,
1417 2819 1523 2872 quo
1557 2819 1655 2857 sua
1686 2803 1914 2858 invicem
1950 2805 2028 2857 vi-

452 2897 659 2950 lescere
696 2893 897 2947 faciant
930 2909 993 2948 ac
1024 2895 1196 2964 pretio
1253 2894 1514 2948 minuant.
1559 2893 1778 2957 Verum,
1839 2896 1979 2965 agite
2009 2913 2023 2962 ;

453 2988 553 3040 hoc
588 2984 978 3039 mihistudinm
1015 2986 1080 3039 ad
1142 2986 1440 3041 Ecclesiam
1500 2985 1804 3052 transferte,
1870 2986 2028 3040 relin-

2131 1988 2355 2043 σκομεν,
2381 1973 2414 2045 ἢ
2444 1973 2712 2044 δόγματος
2738 1976 3059 2046 ἀσφάλειαν,
3085 1980 3116 2050 ἢ
3146 1979 3301 2034 λύσιν
3325 1983 3714 2058 ἀπορουμένης

2130 2065 2354 2136 Γραφῆς
2379 2066 2453 2138 ,ἦ
2493 2083 2614 2120 τινα
2650 2066 2806 2136 λόγον
2847 2069 2946 2141 τὴν
2974 2070 3083 2125 τῶν
3122 2071 3269 2142 ἠθῶν
3313 2073 3717 2145 ὲπανορθοῦντα

2130 2156 2496 2223 κατάστασιν;
2541 2157 2731 2228 Ὑμεῖς
2767 2159 2824 2213 δέ
2865 2178 2954 2231 μοι
2985 2161 3189 2216 δοκεῖτε
3214 2163 3317 2234 τῆς
3345 2165 3548 2237 ἀρετῆς
3596 2169 3717 2220 ὲπι-

2133 2245 2352 2316 μέλειαν
2392 2248 2657 2318 ἀφέντες,
2705 2251 2798 2304 καὶ
2835 2253 2933 2322 τῆς
2973 2253 3103 2325 περὶ
3144 2253 3242 2326 τήν
3271 2255 3446 2328 ψυχὴν
3479 2258 3716 2328 σπουδῆς
3802 2270 3813 2279 ’

2129 2336 2505 2407 ἐκλαθόμενοι,
2540 2339 2668 2411 ὃλην
2698 2341 2908 2398 ἑαυτῶν
2942 2345 3386 2414 μετατεθεικέναι
3429 2349 3526 2420 τήν
3561 2349 3719 2421 μέρι-

2133 2445 2270 2498 μναν
2297 2429 2435 2500 πρὸς
2453 2429 2544 2485 τὸν
2564 2434 2830 2502 συρφετὸν
2858 2434 2952 2489 τοῦ
2981 2439 3280 2507 μαμμωνᾶ,
3308 2438 3402 2491 καὶ
3427 2440 3527 2510 τὴν
3546 2441 3714 2510 ἀσχο-

2128 2520 2247 2575 λίαν
2275 2522 2381 2576 τῶν
2413 2524 2733 2594 πρατηρίων
2754 2542 2767 2554 ·
2803 2528 2853 2578 οἱ
2901 2528 2997 2596 μὲν
3039 2528 3194 2582 αὐτοὶ
3238 2530 3711 2600 συναλλάττοντες,

2127 2613 2177 2664 οί
2204 2612 2261 2666 δὲ
2296 2614 2586 2702 κεχηνότες
2612 2616 2691 2677 είς
2731 2615 2800 2669 τὰ
2835 2615 3120 2690 ἀλλότρια,
3167 2621 3262 2674 καὶ
3302 2621 3429 2686 τοὺς
3473 2623 3567 2678 ὲπὶ
3602 2627 3712 2688 τοῖς

2095 2771 2103 2779 ἱ
2128 2702 2308 2766 ὠνίοις
2334 2705 2773 2773 φιλονεικοῦντας
2803 2711 3162 2784 ἱστοροῦντες,
3193 2713 3341 2777 ὅπως
3364 2713 3434 2768 τὰ
3464 2715 3713 2787 ἀλλήλων

2128 2795 2551 2861 ὲπευωνίζωσιν.
2596 2798 2758 2853 Ἀλλὰ
2791 2801 3050 2872 μετάθετέ
3073 2821 3162 2873 μοι
3195 2804 3286 2857 τὸν
3311 2807 3475 2860 πόθον
3503 2809 3595 2861 ἐπὶ
3613 2809 3713 2880 τὴν

2141 2885 2464 2957 Ἐκκλησίαν
2482 2905 2495 2918 θ
2525 2889 2888 2961 καταλείψατε
2913 2892 3011 2963 τὴν
3037 2892 3425 2966 φιλαργυρίαν,
3455 2898 3552 2969 τὴν
3584 2899 3713 2966 ἀγό-

2134 2992 2319 3046 ραιον,
2349 2978 2447 3051 τὴν
2481 2980 2733 3050 μαινάδα.
2791 2983 3205 3056 Ἀποστράφητε
3246 2985 3418 3057 αὐτὴν
3461 2989 3539 3051 ὡς
3581 2990 3711 3044 ἄκο-

449 3076 600 3147 quite
621 3074 927 3137 avaritiam,
956 3074 1099 3129 illam
1147 3074 1673 3140 circumforaneam,
1715 3076 1857 3129 illam
1893 3091 2021 3130 mte-

2133 3084 2270 3137 σμον
2300 3071 2566 3142 ὲταιρίδα,
2606 3071 2996 3144 προσγελῶσαν
3039 3073 3114 3146 τῷ
3151 3074 3367 3147 πλήθει,
3393 3081 3514 3142 ταῖς
3548 3080 3708 3135 ἁλλο-

448 3167 585 3223 nada
619 3183 635 3220 :
665 3168 996 3221 aversamini
1058 3177 1311 3236 tanquam
1361 3176 1567 3236 turpem
1606 3167 2024 3235 meretriculam,

449 3259 770 3315 multitudini
803 3258 1149 3324 arridentem,
1172 3238 1361 3315 alienis
1388 3270 1634 3314 ornatam
1673 3260 2021 3326 indumentis,

447 3365 511 3405 ac
524 3348 794 3405 coloribus
824 3350 1163 3421 pigmentarii
1184 3349 1438 3407 fucatam.
1455 3350 1674 3419 Contra,
1694 3362 1870 3407 amate
1887 3351 2026 3406 divi-

449 3455 573 3496 nam
604 3440 745 3495 illam
774 3455 836 3495 ac
862 3440 1083 3511 probam
1111 3440 1492 3510 pudicainque,
1526 3442 1721 3496 decore
1750 3443 2022 3509 amictam,

449 3534 705 3602 vultuque
728 3533 875 3602 gravi
916 3547 980 3586 ac
1007 3533 1270 3586 modesto.
1299 3531 1389 3585 Sir.
1417 3534 1558 3585 enim
1590 3534 1665 3586 ait
1691 3533 1943 3588 Salomon
1970 3535 2023 3589 in

447 3626 584 3680 libro
609 3623 1062 3679 Proverbiorum:
1125 3622 1207 3677 Ne
1260 3625 1498 3677 dimittas
1559 3642 1697 3689 eain,
1757 3637 1902 3695 teque
1930 3625 2024 3680 illa

447 3728 630 3772 mutuo
655 3713 1023 3784 complectetur
1054 3730 1072 3768 :
1105 3716 1265 3785 dilige
1298 3731 1434 3779 eam,
1477 3724 1524 3769 et
1572 3716 1827 3770 custodiet
1880 3728 1928 3770 te
1957 3717 2022 3771 ³³.

446 3808 566 3864 Νι)ιὶ
623 3822 721 3877 per
759 3816 1127 3876 contemptum
1184 3808 1489 3875 praeterire,
1526 3823 1623 3862 nec
1654 3822 1773 3877 quae
1826 3808 1919 3863 tibi
1970 3809 2022 3864 in

447 3901 549 3956 hac
577 3913 761 3953 mensa
797 3897 1168 3966 proponimus,
1196 3912 1260 3952 eo
1292 3899 1630 3965 aspernanda
1672 3908 1848 3967 putes,
1879 3901 2022 3968 quod

444 4008 508 4047 ea
541 3990 708 4061 gratis
760 3989 1015 4055 consequi
1067 3999 1240 4058 poles.
1297 3986 1400 4043 Sed
1440 4004 1505 4043 eo
1536 3992 1769 4060 gratiora
1810 3994 1919 4047 sint
1962 4008 2025 4049 ac

446 4081 615 4151 niagis
666 4091 1015 4149 expetantur,
1037 4082 1178 4148 quod
1217 4096 1320 4134 non
1370 4082 1654 4137 sedeamus
1711 4084 2020 4140 institorum

443 4188 595 4229 more
652 4187 774 4227 cum
837 4179 1037 4226 statera
1074 4181 1128 4224 et
1167 4172 1415 4225 trutina:
1470 4172 1790 4244 lucrumqne
1833 4191 2018 4241 unum,

440 4268 706 4321 auditoris
739 4281 801 4321 ac
837 4264 1080 4334 discipuli
1113 4264 1340 4319 salutem
1362 4280 1686 4334 quaeramus.

513 4359 672 4414 Lecta
713 4359 865 4414 nobis
887 4368 1054 4415 estex
1079 4359 1227 4413 Actis
1258 4359 1623 4427 apostolorum
1652 4359 1802 4415 Pauli
1825 4362 1891 4416 ad
1916 4362 2017 4417 Fe-

2129 3158 2308 3231 τρίαις
2343 3160 2496 3227 ὕλαις
2536 3163 3038 3236 καλλωπιζομένην,
3091 3166 3186 3220 καὶ
3232 3171 3345 3233 τοῖς
3390 3170 3575 3225 ἄνθεσι
3615 3173 3709 3226 τοῦ

2130 3254 2594 3324 φαρμακοπώλου.
2657 3257 2954 3330 Ἐράσθητε
3005 3258 3210 3333 ταύτης
3260 3260 3361 3333 τῆς
3412 3262 3561 3328 θείας
3611 3266 3708 3318 καὶ

2131 3339 2408 3415 σώφρονος
2436 3345 2773 3416 ὲσταλμένης
2815 3348 3059 3418 κοσμίως
3079 3390 3093 3415 ,
3124 3349 3321 3420 σεμνὸν
3347 3352 3443 3405 καὶ
3465 3352 3711 3425 ἅμετεώ-

2133 3450 2314 3504 ριστον
2347 3434 2669 3505 βλεπούσης.
2700 3436 2856 3491 Οὕτω
2878 3438 2985 3508 γὰρ
3044 3440 3302 3512 Σαλομών
3333 3442 3392 3494 ὲν
3414 3445 3480 3515 τῇ
3514 3462 3709 3515 παροι-

2131 3527 2302 3596 μιακῇ
2338 3525 2504 3596 βίϐλῳ
2534 3527 2697 3597 φησίν
2716 3545 2732 3560 ο
2764 3529 2863 3598 Μὴ
2890 3530 3332 3601 ἐγκαταλείπῃς
3365 3534 3581 3602 αὐτὴν.
3606 3539 3707 3591 καί

2126 3614 2440 3681 ἀνθέξεταί
2456 3630 2594 3670 σου.
2635 3616 2943 3687 Ἐράσθητι
2968 3620 3181 3690 αὐτῆς,
3211 3620 3308 3677 καὶ
3338 3626 3583 3695 τηρήσει
3607 3645 3703 3681 σε.

2126 3702 2217 3774 Μὴ
2257 3704 2534 3777 παρέλθῃς
2560 3709 3002 3779 καταφρονήσας,
3034 3711 3171 3782 μηδὲ
3200 3712 3269 3766 τὰ
3298 3717 3427 3786 παρ’
3458 3719 3589 3789 ήμίν
3614 3720 3707 3770 ἐπὶ

2124 3795 2222 3867 τῆς
2271 3797 2552 3869 τραπέζης
2594 3797 2797 3870 ταύτης
2828 3801 3192 3873 προκείμενα,
3235 3805 3324 3859 διὰ
3365 3807 3524 3863 τοῦτο
3565 3809 3706 3862 αὐτὰ

2125 3885 2353 3958 νομίσῃς
2372 3885 2565 3957 ἄτιμα,
2590 3888 2776 3961 ἐπειδὴ
2807 3892 3010 3961 προῖκά
3038 3908 3120 3944 σοι
3141 3892 3349 3958 ἔξεστιν
3374 3895 3473 3967 τὴν
3501 3899 3699 3968 κτῆσιν

2126 3978 2613 4049 περιποιήσασθαι⁸
2665 3979 2802 4033 ἀλλὰ
2851 3982 3179 4054 καὶμᾶλλον
3226 3985 3585 4059 ὲπιθύμησον,
3619 3989 3703 4044 ὅτι

2123 4068 2183 4120 οὐ
2215 4069 2503 4142 καθήμεθα
2541 4070 2798 4142 κάπηλοι,
2835 4072 2999 4142 ζυγὸν
3038 4076 3070 4145 ἢ
3114 4076 3386 4150 τρυτάνην
3417 4080 3699 4152 φέροντες⁸

2123 4158 2180 4212 ἓν
2208 4160 2263 4214 δὲ
2294 4162 2481 4234 κέρδος
2517 4162 2810 4235 ζητοῦμεν,
2844 4167 2943 4237 τὴν
2966 4166 3061 4221 τοῦ
3093 4168 3336 4241 μαθητοῦ
3366 4174 3658 4245 σωτηρίαν.

2205 4352 2539 4426 Ἀνεγνώσθη
2578 4356 2708 4426 ήμῖν
2750 4356 2815 4411 ἐκ
2851 4356 2957 4411 τῶν
2987 4358 3247 4430 Πράξεων
3298 4361 3511 4417 Παύλου
3544 4364 3701 4434 λόγος

441 4462 581 4505 stum
640 4466 703 4506 ac
744 4449 1029 4520 Agrippam
1068 4450 1241 4505 oratio
1267 4448 1311 4480 ³⁸
1342 4465 1355 4501 :
1381 4448 1554 4514 Pauli,
1588 4450 1837 4519 inquam,
1874 4452 2019 4506 illius

2126 4449 2258 4520 πρὸς
2281 4450 2487 4520 Φῆστον
2511 4451 2604 4504 καὶ
2640 4451 2967 4522 Ἀγρίππαν,
2996 4453 3209 4508 Παύλου
3234 4454 3327 4509 τοῦ
3352 4456 3543 4511 πιστοῦ
3572 4459 3702 4512 ἀπο-

442 4555 495 4595 et
520 4540 689 4595 fidelis
716 4538 941 4608 apostoli
959 4548 1014 4591 et
1039 4536 1317 4607 prudentis
1343 4537 1599 4591 oratoris.
1626 4535 1814 4592 Vidisti
1837 4535 2014 4606 plane,

441 4632 674 4696 auditor,
699 4629 961 4697 siquidem
1000 4627 1235 4680 animum
1262 4626 1562 4688 advertisti,
1602 4634 1661 4681 ut
1686 4641 1785 4681 nec
1814 4626 1902 4682 ille
1930 4643 2020 4682 ve—

444 4724 654 4776 ritatem
685 4736 749 4774 ex
781 4729 925 4772 metu
953 4718 1176 4788 prodat;
1217 4732 1282 4773 ac
1316 4717 1631 4786 obsequium
1662 4733 1790 4788 erga
1824 4719 2017 4788 Agrip-

443 4830 562 4885 pum
576 4811 841 4868 sermonis
854 4810 1098 4863 libertate
1112 4818 1434 4877 temperans.
1456 4809 1646 4862 durum
1662 4810 1888 4864 tribunal
1903 4811 2013 4883 (ΞΟ)

442 4903 793 4972 mnimitiget,
847 4916 910 4955 ac
945 4900 1008 4954 ad
1063 4900 1335 4955 lenitatem
1384 4899 1667 4954 inﬂectat:
1711 4917 1814 4954 non
1864 4902 2019 4957 aliter

440 5011 603 5067 quam
656 4995 699 5048 si
742 4993 947 5049 belluas
1003 4991 1229 5063 aliquas,
1273 4991 1556 5056 orationis,
1594 5000 1653 5045 ut
1706 4993 1776 5046 ita
1819 4994 2014 5058 dicam,

443 5085 867 5141 contrectatione
898 5085 1229 5139 incantares.
1275 5079 1381 5138 Sed
1409 5093 1464 5138 et
1511 5082 1800 5140 Zacharias
1858 5086 2017 5141 hodie

441 5178 784 5246 prophetavit
827 5176 963 5249 (2i),
988 5188 1303 5247 magnorum
1350 5174 1504 5231 nobis
1537 5172 1804 5246 Unigeuiti
1835 5192 2017 5233 sacra-

545 5311 593 5344 “
627 5309 787 5366 llebr.
821 5325 903 5377 ιιι,
928 5311 978 5364 l.

508 5448 619 5521 (20)
663 5448 859 5502 Durum
896 5445 1148 5521 tribunal,
1194 5445 1382 5521 τραχὺ
1426 5444 1752 5521 xpcnﬁptor.
1772 5443 1864 5500 Sic
1889 5444 2015 5518 legit.

442 5515 727 5586 interpres.
777 5534 898 5573 cum
958 5518 1129 5572 reddit
1179 5515 1338 5571 duros
1393 5515 1616 5570 animos.
1679 5515 1807 5569 Erat
1863 5515 2012 5571 certe

3662 4544 3690 4569 τ

2126 4541 2330 4607 στόλου,
2386 4544 2479 4596 καὶ
2535 4544 2700 4614 σοφοῦ
2756 4545 3090 4619 δημηγόρου.
3150 4543 3302 4614 Εἶδες
3358 4549 3595 4615 πάντως,
3655 4544 3702 4604 ὧ

2123 4633 2416 4706 ἀκροατὴς,
2444 4637 2492 4688 εί
2517 4636 2607 4689 τὸν
2637 4636 2760 4690 νοῦν
2789 4638 3115 4710 ἐπέστησας,
3144 4640 3292 4705 ὅπως
3326 4643 3419 4696 καὶ
3443 4641 3540 4715 τὴν
3564 4642 3700 4714 ἀλή-

2124 4724 2274 4779 θειαν
2301 4727 2360 4779 ού
2390 4727 2712 4799 προδίδωσιν
2744 4732 2810 4784 ὲκ
2831 4730 3051 4799 δειλίας,
3083 4732 3176 4786 καὶ
3195 4734 3293 4804 τὴν
3317 4733 3451 4807 πρὸς
3486 4736 3701 4809 Ἀγρίπ-

2127 4831 2235 4867 παν
2264 4815 2567 4885 θεραπείαν
2612 4820 2678 4889 τῇ
2731 4820 3016 4891 παρρησίᾳ
3073 4821 3335 4892 κεράσας,
3367 4823 3426 4875 τὸ
3464 4823 3637 4894 βραχὺ
3654 4823 3699 4854 ³⁷

2125 4908 2407 4978 κριτήριον
2444 4909 2780 4979 ὲκμαλάσσει
2811 4912 2947 4983 πρὸς
2969 4911 3297 4985 ἀγαθότητα,
3323 4912 3513 4985 ὥσπερ
3536 4914 3701 4985 θηρία

2122 4995 2246 5049 τινὰ
2272 4996 2591 5069 κατεπᾴδων
2620 5001 2739 5062 ταῖς
2760 4998 2854 5053 τοῦ
2878 4999 3035 5069 λόγου
3064 5002 3526 5073 μεταχειρήσεσιν.
3559 5001 3701 5072 Προ-

2124 5086 2422 5155 εφήτευσεν
2450 5088 2544 5140 κα.)⁸
2569 5089 2809 5161 σήμερον
2834 5090 3127 5162 Ζαχαρίας,
3154 5089 3263 5143 τῶν
3289 5088 3537 5159 μεγάλων
3568 5091 3700 5161 ἡμῖν

2127 5176 2441 5247 μυστηρίων
2493 5177 2589 5231 τοῦ
2633 5180 2973 5249 Μονογενοῦς
3023 5182 3328 5251 ὑπανοίγων
3373 5181 3469 5253 τὴν
3505 5180 3695 5252 θύραν,

1072 5310 1116 5343 ³⁸
1143 5308 1301 5365 Prov.
1329 5325 1405 5374 tv,
1440 5306 1493 5364 6.
1570 5308 1616 5341 ³⁸
1632 5309 1755 5364 Act.
1791 5326 1914 5375 xxv,
1953 5310 2021 5366 8:

2126 5330 2157 5378 .;
2181 5327 2328 5374 XXVI,
2359 5312 2538 5384 isqq.
2616 5315 2659 5348 ⁸⁷
2695 5315 2822 5387 Leg.
2858 5334 3053 5388 τραχυ.

2124 5447 2296 5513 tisset,
2330 5458 2387 5501 nt
2416 5450 2537 5504 Act.
2571 5467 2692 5504 xxv.

2190 5518 2303 5593 (ει)
2342 5516 2631 5593 Zacharias
2670 5523 2821 5593 hodie
2867 5523 3219 5593 praphetauit.
3264 5521 3351 5579 Uti
3390 5524 3585 5591 Latini,
3619 5529 3695 5581 sic

442 5590 631 5677 Festus.
662 5588 829 5677 Pianlo
855 5590 1023 5677 duri-ts
1051 5589 1237 5677 iudex,
1271 5589 1360 5656 qui
1393 5587 1582 5677 volens
1615 5588 1847 5677 gratiam
1881 5601 2014 5668 prae:-
2117 5597 2171 5677 ει
2201 5586 2391 5668 ρι’ωοί
2413 5592 2719 5677 Ιιὶιίωυῖιηιίιῖ
2772 5586 3075 5677 quibusque
3133 5593 3523 5677 testiumque?-
3566 5586 3696 5651 tu...

443 5672 582 5716 stare
608 5660 827 5724 .hnlteis,
862 5656 1064 5714 eisdem
1112 5656 1333 5711 Paulum
1367 5656 1662 5712 traditurus
1711 5666 1851 5722 erat,
1907 5657 2010 5711 nisi

444 5736 554 5802 ipse
594 5730 909 5800 appellando
947 5728 1237 5795 Caesarem,
1285 5728 1523 5798 iniquum
1553 5738 1807 5785 conatum
1858 5742 2014 5782 aver-

2118 5657 2377 5736 lectioues
2412 5657 2634 5736 habent,
2699 5657 3224 5736 ιιοξὰναγνώσματα
3275 5678 3338 5718 ex
3390 5664 3695 5736 Scriptura,

2113 5728 2264 5796 juxta
2320 5728 2459 5795 quod
2516 5729 2635 5783 festi
2693 5733 2828 5785 ratio
2870 5728 3089 5787 videtur
3124 5732 3363 5802 exigere,
3427 5728 3694 5807 prtecipae
