4090 6146
352 287 386 339 ’ί
396 285 463 339 97

1394 281 1679 337 HOMILIA
1716 282 1803 337 Ill.
1844 282 2218 343 ADVERSUS
2254 286 2660 344 AVARITIAM.

3513 296 3612 360 198

363 404 447 458 διὰ
468 403 562 456 τοῦ
584 402 756 467 λίθου,
788 403 881 457 τοῦ
910 402 1008 465 τὰς
1037 401 1175 456 ἑπτὰ
1210 401 1371 473 βολὰς
1401 404 1517 457 τῶν
1543 403 1832 476 ὀφθαλμῶν
1855 423 1922 460 κε⁴

2045 417 2342 464 mentorum
2382 408 2603 479 januam
2650 422 2916 475 reserans,
2959 410 3151 478 lapidis
3202 410 3369 481 ﬁgura
3407 425 3609 484 septeni

353 495 654 568 κτημένου,
695 495 783 549 διὰ
826 495 924 566 τῆς
977 494 1182 566 χρυσῆς
1221 494 1458 566 λυχνίας,
1487 498 1571 565 ἐφ’
1598 491 1666 568 ἦς
1705 499 1754 550 οἱ
1799 499 1938 553 ἑπτὰ

346 589 539 658 ’λύχνοι
581 588 675 641 καὶ
720 585 790 640 τὰ
830 587 924 640 δὺο
970 585 1193 660 στελέχη
1232 587 1341 640 τῶν
1378 588 1592 643 ἐλαιῶν.
1630 590 1827 645 Πολλαὶ
1881 592 1935 644 al

367 677 493 748 ἑξῆς
517 677 752 749 Γραφαὶ,
809 678 1059 730 πλούσιον
1098 677 1190 731 τὸν
1230 677 1501 750 θησαυρὸν
1542 680 1642 751 τῆς
1673 680 1938 750 ὠφελείας

354 771 600 841 ἔχουσαι,
634 765 722 832 αἷς
766 770 1067 841 ἐϐουλόμην
1098 770 1300 834 πάσαις
1330 771 1596 838 ἐπελθεῖν,
1643 773 1734 825 καὶ
1770 773 1936 839 δεῖξαι

356 864 489 931 ὑμῖν
535 864 635 933 τὴν
679 862 781 934 τῆς
842 864 1220 934 πνευματικῆς
1263 862 1622 934 πανηγύρεως
1661 864 1935 924 εὐθηνίαν.

365 953 608 1022 Ἐπείγει
638 952 695 1006 δέ
745 970 813 1024 με
860 952 996 1022 πρὸς
1036 954 1135 1025 τὴν
1165 953 1367 1009 ἔκτισιν
1404 953 1498 1008 τοῦ
1526 954 1720 1025 χρέους
1765 957 1798 1027 ἡ
1837 958 1936 1027 τῆς

356 1043 686 1116 προτεραίας
716 1044 1033 1113 ὑπόσχεσις.
1074 1044 1393 1116 Ἀρξάμενοι
1420 1045 1527 1115 γὰρ
1552 1044 1770 1110 πολλαῖς
1803 1065 1934 1101 κατ-

340 1132 603 1203 ηγορίαις
647 1132 748 1202 τῆς
799 1132 1110 1200 πλεονεξίας
1167 1133 1563 1199 καθάπτεσθαι,
1621 1135 1807 1207 ἐπειδὴ
1858 1137 1932 1209 μὴ

352 1224 596 1295 ἔφθημεν
638 1224 809 1295 αὐτῆς
853 1225 1140 1294 γυμνῶσαι
1183 1226 1281 1298 τὴν
1328 1226 1684 1298 ματαιότητα,
1731 1228 1810 1292 εἰς
1836 1228 1934 1300 τὴν

354 1314 636 1387 παροῦσαν
677 1314 891 1385 ἡμέραν
925 1316 1016 1368 τὸν
1043 1314 1262 1386 ἔλεγχον
1289 1316 1385 1387 τῆς
1407 1317 1740 1389 κατηγορίας
1768 1318 1934 1390 ὑπερ-

349 1405 605 1475 εθὲμεθα.
649 1406 943 1460 Ἀκούσατε
969 1402 1083 1471 οὖν,
1110 1409 1204 1461 καὶ
1229 1407 1450 1475 γένεσθε
1474 1408 1813 1480 εὐγνώμονες
1833 1412 1932 1480 τῆς

348 1495 608 1565 ἀληθείας
645 1495 845 1568 κριταί.
900 1497 1109 1568 Ἐπειδὴ
1146 1499 1282 1568 μήτε
1301 1496 1480 1562 ἄλλοις
1512 1498 1672 1564 τισὶν,
1700 1497 1833 1551 ἀλλὰ
1862 1501 1929 1570 τῇ

347 1586 559 1640 ἑαυτῶν
590 1588 832 1658 σωτηρίᾳ
864 1588 1131 1653 δικάζετε,
1176 1589 1271 1641 καὶ
1304 1588 1483 1653 πάσας
1520 1590 1621 1653 τὰς
1662 1606 1931 1661 κατακρι-

344 1676 545 1739 νούσας
565 1676 779 1748 ψήφους
804 1680 894 1731 ἐπὶ
912 1679 1009 1750 τὴν
1037 1680 1335 1734 ὑπεύθυνον
1361 1680 1554 1751 φέρετε
1579 1680 1807 1744 ἕκαστος
1829 1678 1930 1750 τῆς

348 1768 490 1830 ιδίας
522 1769 721 1838 ψυχῆς,
751 1768 941 1841 ὥσπερ
974 1769 1149 1834 οἰκίας
1186 1769 1217 1840 ἢ
1259 1770 1466 1833 πόλεως
1508 1770 1675 1842 αὐτὴν
1721 1771 1924 1824 ἀπελά-

346 1877 561 1923 σαντες.

424 1952 709 2018 Πλεονεξία
744 1951 922 2005 τοίνυν
956 1953 1120 2022 ἐστὶν,
1147 1954 1207 2005 οὺ
1252 1952 1410 2022 μόνον
1442 1952 1518 2025 τῷ
1548 1952 1792 2025 ἀργυρίῳ
1829 1953 1924 2006 σὺν

339 2047 461 2107 τοῖς
509 2044 685 2107 ἄλλοις
732 2044 1005 2114 κτήμασιν
1049 2043 1451 2114 ἐπιμαίνεσθαι,
1498 2044 1589 2097 καὶ
1640 2042 1923 2114 βούλεσθαι

338 2137 460 2197 τοῖς
490 2132 721 2205 παροῦσι
748 2133 818 2186 τὰ
856 2133 929 2204 μὴ
960 2132 1227 2203 προσόντα
1256 2133 1567 2187 συνάπτειν·
1593 2132 1748 2196 ἀλλὰ,
1779 2150 1925 2202 γενι-

326 2224 585 2297 κώτερον
640 2226 834 2288 εἰπεῖν,
899 2225 959 2277 τὸ
1017 2224 1108 2276 ἐπὶ
1158 2224 1358 2287 παντὸς
1395 2223 1717 2295 πράγματος
1763 2222 1923 2277 πλέον

338 2320 493 2389 ἔχειν
529 2315 812 2386 βούλεο-θαι
850 2314 941 2368 τοῦ
984 2313 1333 2385 ὸφειλομένου
1373 2316 1463 2367 καὶ
1507 2314 1908 2379 ἐπιϐάλλοντος.

338 2409 460 2463 Καὶ
480 2408 545 2480 δὴ
563 2408 720 2461 τοῦτο
743 2405 802 2459 τὸ
826 2405 1203 2477 πλημμέλημα
1227 2406 1439 2475 πρῶτος
1458 2405 1659 2459 ἔπαθεν
1691 2407 1716 2458 ό
1744 2406 1923 2460 διάϐο-

338 2502 464 2566 λος,
498 2500 833 2572 ἀρχάγγελος
861 2500 957 2570 μὲν
983 2497 1057 2551 ὢν
1089 2498 1182 2551 καὶ
1209 2499 1298 2551 ἐπὶ
1325 2498 1429 2566 τῆς
1458 2498 1749 2570 καλλίστης
1776 2498 1924 2568 ζωῆς

339 2595 447 2647 καὶ
468 2594 674 2657 τάξεως
702 2590 1054 2661 τεταγμένος,
1080 2588 1371 2658 τυραννίδα
1399 2588 1455 2640 δὲ
1490 2589 1582 2640 καὶ
1616 2588 1923 2641 ἐπανάστα-

340 2700 440 2739 σιν
470 2682 614 2736 κατά
643 2683 739 2752 τῆς
771 2682 1022 2752 θεότητος
1052 2680 1311 2750 ἐννοήσας
1343 2680 1372 2731 ό
1408 2678 1773 2750 ματαιόφρων·
1807 2674 1923 2731 εἶτα

322 2773 726 2844 καταϐληθεὶς,
759 2774 850 2827 καὶ
882 2774 962 2836 είς
994 2771 1085 2825 τὸν
1124 2771 1397 2843 περίγειον
1428 2769 1614 2823 τοῦτον
1650 2770 1788 2841 ἀέρα
1824 2786 1925 2822 κα-

336 2866 622 2933 ταπεσὼν,
657 2866 823 2928 κακὸς
871 2863 1063 2932 γείτων
1112 2864 1208 2933 τῆς
1256 2859 1527 2932 ἡμετέρας
1571 2860 1735 2931 ζωῆς.
1785 2858 1922 2913 Οὔτε

336 2959 481 3028 γοῦν
510 2957 824 3022 κατέλαϐεν,
861 2957 889 3008 ὃ
914 2955 1154 3021 ἐδίωκεν,
1186 2955 1284 3025 τὴν
1312 2954 1558 3025 θεότητα·
1596 2952 1695 3007 καὶ
1710 2950 1921 3007 ἀπώλε-

338 3068 463 3115 σεν,
506 3050 535 3103 ὅ
579 3028 879 3121 ἐκέκτητο,’
930 3048 992 3102 τὸ
1037 3046 1402 3118 ἀρχάγγελον·
1442 3045 1625 3109 δοῦλος
1673 3045 1917 3109 ἄπιστος,

331 3146 468 3206 ταῖς
491 3141 631 3196 κατά
664 3140 856 3212 μικρὸν
896 3139 1115 3210 τόλμαις
1146 3140 1224 3202 εἰς
1255 3136 1455 3209 λῃστὴν
1490 3135 1739 3203 ἐξελθών·
1775 3135 1919 3189 κύων

330 3235 441 3290 τοῦ
475 3235 605 3305 παρ’
639 3232 896 3302 Ἕλλησιν
931 3229 1123 3301 μύθου,
1162 3227 1375 3282 καὶτοῦ
1411 3226 1586 3301 κρέως
1615 3226 1916 3297 στερηθεὶς,

326 3328 440 3384 καὶ
477 3326 575 3397 τῆς
620 3325 777 3386 σκιᾶς
812 3323 874 3375 οὐ
909 3321 1263 3394 δραξάμενος,
1292 3318 1428 3389 (πῶς
1456 3317 1564 3386 γάρ
1579 3320 1617 3389 ;)
1650 3317 1920 3387 ἀκαταλή-

329 3438 478 3475 πτου
507 3419 848 3490 πράγματος.

412 3594 571 3651 Μετά
609 3592 796 3647 τοῦτον
827 3593 856 3645 ὁ
886 3588 1100 3662 πρῶτος
1134 3587 1418 3658 ἄνθρωπος
1453 3587 1533 3649 είς
1584 3585 1916 3656 ἡδυπάθειαν

318 3687 669 3750 δελεασθεὶς,
699 3682 1126 3756 ἀπηγορευμένῃ
1151 3678 1350 3753 βρώσει
1371 3679 1469 3750 τὴν
1495 3677 1791 3730 ἀθανασίαν
1820 3678 1919 3731 ἀπ-

322 3780 563 3834 ώλεσεν·
591 3776 667 3841 ὡς
701 3772 873 3828 Ἦσαῦ
897 3771 1122 3842 ὕστερον
1148 3768 1235 3822 διὰ
1262 3768 1441 3837 φακὴν
1466 3765 1513 3797 ³⁸
1540 3765 1609 3818 τὰ
1643 3765 1916 3837 πρωτότο-

327 3888 435 3926 κα.
474 3869 585 3922 Καὶ
621 3866 720 3930 τὰς
754 3863 1067 3924 διαλέκτους
1103 3861 1161 3915 δὲ
1193 3859 1414 3922 ταύτας,
1450 3857 1544 3910 καὶ
1592 3856 1689 3919 τὰς
1719 3856 1916 3919 πολλὰς

329 3960 452 4015 τῶν
511 3954 814 4028 ἀνθρώπων
854 3951 1058 4021 φωνὰς,
1109 3948 1247 4020 ἔρως
1298 3945 1390 3999 τοῦ
1431 3944 1673 4008 πλείονος
1715 3945 1793 4009 εἰς
1825 3944 1915 3997 τὸν

327 4052 455 4123 βίον
484 4049 800 4119 εἰσήγαγεν.
830 4045 899 4097 Ui
920 4042 1029 4114 γὰρ
1054 4043 1121 4112 τῇ
1146 4038 1465 4110 ἀνθρωπικῇ
1493 4034 1717 4106 εὐθηνίᾳ
1745 4035 1916 4106 ὑπερ-

330 4144 705 4217 μαζήσαντες,
740 4135 898 4208 βατὺν
947 4134 1004 4187 δὲ
1048 4134 1259 4194 ἑαυτοῖς
1305 4128 1522 4182 ἔσεσθαι
1562 4127 1653 4180 τὸν
1689 4126 1916 4197 οὐρανὸν

327 4213 833 4307 προσδοκήσαντες,
882 4225 979 4280 καὶ
1024 4222 1233 4295 πύργον
1262 4220 1471 4307 γελοῖον
1516 4218 1608 4271 ἐπὶ
1646 4217 1746 4287 τὴν
1766 4213 1917 4307 Δὲκεί-

326 4304 430 4381 νου
468 4320 948 4396 ματαιοποιοῦντες
970 4315 1252 4376 ἀνάϐασιν,
1284 4306 1429 4366 οὗτοι
1454 4308 1578 4371 τοὺς
1601 4304 1915 4378 ὁμοφώνους

2042 502 2287 557 habentis
2308 500 2581 556 oculorum
2597 501 2774 570 jactus
2787 500 3107 572 oblatusque
3123 504 3195 568 ³⁸,
3215 520 3278 557 au
3288 505 3467 574 reique
3483 525 3611 561 catt—

2039 592 2239 647 delahri
2276 594 2361 647 cui
2398 591 2629 646 lucernae
2664 601 2869 660 septem
2903 593 2949 624 ⁸⁸
2984 608 3048 648 ac
3076 593 3337 649 olivarum
3375 597 3476 651 duo
3512 598 3612 651 sti-

2040 684 2179 751 pites
2215 681 2466 752 imposita
2493 690 2694 736 essent.
2740 681 2900 735 Multa
2937 683 3186 754 deinceps
3230 684 3453 739 decursa
3485 697 3609 741 sunt

2040 771 2333 842 Scriptura:
2380 775 2518 839 loca,
2564 771 2893 827 abundantes
2928 775 3172 829 utilitatis
3202 779 3480 834 thesauros
3510 785 3606 832 ha-

2038 862 2239 928 bentia,
2282 863 2577 934 Iubensque
2618 864 2823 934 singula
2871 864 3209 930 edisserens,
3248 871 3605 936 spiritualium

2038 951 2189 1007 vobis
2224 953 2580 1007 nundinarum
2641 955 2942 1007 ubertatem
2989 958 3364 1013 ostendissent.
3403 958 3605 1014 Verum

2038 1053 2187 1110 urget
2223 1055 2280 1096 ut
2312 1046 2548 1098 debitum
2579 1044 2851 1099 exsolvant
2890 1045 3137 1100 hesterna
3176 1049 3261 1103 die
3299 1049 3437 1103 facta
3477 1066 3605 1121 pro-

2037 1133 2241 1187 missio.
2277 1131 2409 1187 Cum
2447 1135 2589 1187 enim
2623 1134 2803 1189 multis
2854 1136 3204 1205 cmpissentus
3232 1140 3512 1192 avaritiam
3542 1155 3604 1195 ae

2035 1221 2195 1275 alieni
2238 1220 2536 1290 improbam
2584 1221 2931 1290 cupiditatem
2982 1225 3277 1293 exagitare,
3331 1244 3431 1281 nec
3488 1227 3604 1296 ejus

2039 1311 2169 1364 satis
2202 1312 2491 1366 vanitatem
2529 1327 2589 1366 ac
2621 1312 2900 1367 stultitiam
2943 1315 3178 1371 licuisset
3213 1318 3512 1383 traducere,
3550 1321 3606 1375 in

2033 1402 2173 1458 hanc
2204 1402 2344 1457 diem
2381 1403 2833 1473 vituperationem
2885 1405 3001 1474 ejus
3053 1407 3356 1476 tejecimus.
3402 1411 3596 1477 Quant-

2032 1494 2212 1548 obrent
2243 1495 2440 1560 audite,
2470 1511 2531 1550 ac
2555 1497 2689 1565 atqui
2725 1498 2965 1552 veritatis
2990 1500 3344 1555 aestimatores
3369 1518 3430 1555 ac
3453 1503 3602 1571 judi-

2034 1601 2125 1641 (ει-ε
2154 1597 2344 1644 estote.
2379 1587 2493 1641 Non
2525 1589 2666 1643 enim
2696 1588 2763 1642 de
2794 1588 3008 1654 alienis,
3038 1590 3129 1644 sed
3152 1591 3217 1645 de
3247 1602 3421 1645 vestra
3459 1594 3603 1662 ipso-

2034 1694 2151 1733 rum
2213 1678 2386 1733 salnte
2444 1679 2785 1748 disceptatis;
2838 1694 2899 1733 ac
2950 1680 3313 1734 damnatorios
3358 1696 3602 1750 quosque

1962 1749 2004 1804 Β
2030 1767 2267 1823 calculos
2291 1771 2549 1822 adversus
2584 1783 2752 1834 ream,
2778 1768 2845 1822 ab
2869 1768 3047 1821 anima
3080 1770 3315 1838 propria,
3348 1779 3599 1837 lattqttam

2028 1871 2057 1909 a
2078 1856 2237 1911 domo
2270 1855 2351 1911 vel
2382 1857 2512 1911 urbe
2543 1856 2686 1910 illam
2715 1856 3011 1923 ejicientes,
3041 1859 3264 1926 quisque
3297 1861 3525 1914 mittitis.

2095 1946 2335 2000 Avaritia
2381 1947 2586 2017 itaque,
2636 1951 2827 2002 nedum
2881 1959 2964 2003 est
3001 1950 3188 2003 insana
3235 1953 3437 2020 argenti
3468 1954 3601 2005 alio-

2028 2051 2252 2107 rumque
2280 2038 2539 2091 bonorum
2589 2040 2883 2107 cupiditate
2939 2040 3097 2107 ferri,
3154 2040 3371 2111 jamque
3419 2044 3597 2098 habita

2025 2145 2088 2183 ac
2121 2129 2286 2183 nostri
2324 2128 2462 2182 facta
2499 2128 2659 2198 juris,
2691 2130 2810 2184 aliis
2844 2147 2948 2185 non
2998 2132 3196 2188 habilis
3246 2135 3382 2189 velle
3410 2150 3598 2188 cumu-

2024 2221 2166 2288 lare;
2204 2236 2386 2276 verum
2413 2221 2573 2276 etiam
2602 2224 2958 2278 universalius
2984 2224 3269 2293 loquendo,
3301 2226 3350 2279 in
3379 2243 3434 2281 re
3460 2242 3595 2296 qua-

2025 2309 2151 2365 libet
2184 2324 2347 2381 supra
2383 2325 2546 2380 quant
2577 2309 2862 2374 deheatur,
2904 2321 2995 2367 aut
3035 2315 3107 2368 sit
3147 2330 3464 2381 congruunt,
3500 2335 3588 2370 cn.

2024 2401 2233 2469 piditati
2266 2403 2584 2457 concedere.
2631 2403 2709 2456 Ac
2737 2404 2953 2472 quidem
3003 2404 3103 2461 hoc
3152 2407 3358 2474 primus
3391 2412 3594 2475 peccati

2025 2492 2213 2546 morbo
2248 2492 2494 2546 diabolus
2524 2492 2828 2547 laboravit:
2874 2497 3071 2565 quippe
3126 2497 3592 2564 praeclarissinnun

2024 2582 2330 2653 archangeli
2356 2583 2666 2653 dignitatem
2685 2594 2845 2654 atque
2860 2588 3102 2641 ordinem
3122 2589 3391 2653 obtinens,
3414 2600 3483 2658 tyt
3499 2607 3596 2642 an-

2024 2675 2199 2728 nidem
2225 2689 2288 2729 ac
2324 2674 2674 2729 rebellionem
2710 2675 2966 2731 adversus
2991 2678 3242 2731 deitatem
3279 2679 3490 2733 molitus
3512 2690 3597 2732 est

2024 2766 2265 2828 demens,
2302 2781 2535 2836 moxque
2559 2768 2610 2821 in
2640 2769 3153 2825 aeremhuncterrte
3169 2772 3465 2838 proximum
3497 2774 3593 2824 tle-

2025 2856 2288 2916 turbatus,
2317 2857 2487 2911 malus
2525 2858 2679 2914 nobis
2722 2874 2784 2914 ac
2835 2860 2957 2914 vitae
2999 2869 3194 2914 nostra:
3229 2860 3432 2915 vicinus
3464 2859 3593 2914 elle-

2023 2955 2143 2999 ctus
2169 2957 2253 3001 est
2280 2966 2293 3001 :
2319 2955 2480 3018 atque
2505 2949 2659 3012 adeo,
2691 2966 2790 3005 nec
2827 2951 3179 3016 divinitatem,
3209 2966 3369 3019 quam
3406 2963 3593 3021 capta-
3674 2978 3680 2983 -

2026 3038 2137 3101 bat,
2166 3039 2389 3106 adeptus
2411 3049 2516 3104 est,
2551 3052 2606 3096 et
2642 3042 2899 3095 honorem
2929 3043 3257 3113 archangeli,
3284 3058 3390 3112 quo
3422 3044 3593 3114 fulge-

2023 3128 2133 3192 bat,
2160 3128 2370 3195 amisit,
2411 3131 2551 3184 servi
2582 3131 2754 3185 instar
2783 3132 2949 3195 intidi,
2997 3132 3086 3200 qui
3126 3134 3423 3188 temerariis
3448 3137 3593 3188 ausis

2023 3220 2073 3272 in
2101 3220 2359 3274 latronem
2397 3221 2652 3289 paulatim
2683 3222 2883 3286 evasit,
2922 3237 2985 3276 ac
3023 3223 3174 3276 canis
3203 3223 3343 3277 illius
3380 3225 3430 3276 in
3462 3240 3592 3293 gen-

2023 3310 2193 3364 tiliutn
2227 3310 2549 3381 fabulis,qui
2585 3323 2639 3366 et
2678 3327 2894 3365 carnem
2938 3312 3183 3380 perdidit,
3217 3328 3313 3367 nec
3342 3316 3587 3367 umbraut

2020 3402 2391 3472 apprehendit.
2417 3402 2517 3469 Qui
2551 3403 2694 3457 enim
2725 3403 2935 3456 inanem
2968 3419 3077 3458 rent
3104 3404 3414 3458 acnesciam
3443 3421 3589 3460 cout-

2020 3493 2314 3563 prehendi?

2086 3583 2215 3640 Post
2237 3587 2377 3640 ltunc
2395 3586 2600 3656 primus
2624 3588 2782 3641 homo
2816 3587 3002 3642 vitiosa
3026 3587 3294 3657 voluptate
3310 3587 3585 3658 pellectus,

2018 3676 2120 3729 cihi
2148 3677 2296 3731 vetiti
2340 3678 2776 3746 prtesutnptione,
2814 3677 3264 3734 immortalitatem
3295 3679 3477 3735 amisit
3519 3678 3586 3745 ⁸⁵⁸,

2019 3766 2154 3820 sicut
2179 3781 2364 3834 pos:ea
2392 3767 2530 3822 Esau
2553 3767 2639 3837 jus
2657 3770 3087 3840 primogenitum
3119 3783 3336 3842 propter
3359 3772 3585 3829 lenticu-

2018 3857 2182 3912 lam"
2205 3859 2335 3931 (22).
2376 3860 2480 3915 Sed
2501 3869 2554 3915 et
2580 3862 2971 3917 multitudinem
3016 3865 3155 3918 hanc
3188 3864 3488 3936 linguarum
3532 3876 3588 3923 et

2019 3950 2334 4005 id'omatutn
2368 3952 2720 4007 immoderata
2760 3956 3025 4024 cupiditas
3063 3956 3113 4009 itt
3159 3957 3297 4012 hanc
3319 3959 3477 4012 vitam
3508 3959 3588 4012 itt-

2017 4042 2182 4094 vettit.
2212 4039 2311 4105 Qui
2353 4040 2495 4095 enim
2530 4038 2783 4096 felicitate
2830 4043 2991 4095 nimia
3044 4042 3413 4108 lascivientes,
3464 4061 3585 4099 cum

2018 4130 2263 4200 pervium
2305 4130 2404 4185 sibi
2433 4130 2626 4186 cmlnm
2670 4131 2785 4186 lore
2814 4133 3189 4200 credidissent,
3223 4134 3495 4189 rideudant
3521 4140 3586 4189 ad

2016 4221 2132 4291 ejus
2178 4237 2459 4279 ascensum
2504 4224 2692 4278 turrim
2756 4225 2806 4278 itt
2866 4240 3079 4295 cassum
3138 4227 3302 4281 moliti
3343 4238 3488 4287 sunt,
3551 4229 3585 4283 ii

2017 4328 2115 4382 pro
2135 4314 2399 4368 sermonis
2426 4330 2528 4368 una
2558 4317 2930 4381 consensione,
2953 4316 3147 4370 diversi
3183 4318 3470 4369 humanum
3496 4333 3587 4383 ge-

328 4416 680 4490 ἀνθρώπους,
719 4408 1151 4482 ἑτερογλώσσους
1195 4404 1476 4471 ἐποίησαν·
1517 4399 1609 4452 καὶ
1636 4397 1698 4451 τὸ
1730 4397 1911 4490 πλέον,

2024 4418 2117 4457 nus
2140 4402 2332 4472 eloquii
2372 4403 2648 4471 fecerunt;
2681 4405 3014 4475 ampliusque
3068 4406 3267 4475 aliquid
3315 4412 3587 4463 conce5sts

329 4505 400 4566 οὗ
438 4489 606 4580 εἶχον,
652 4503 961 4576 ζητοῦντες,
1001 4498 1153 4554 αὐτοί
1195 4513 1256 4549 τε
1297 4490 1683 4564 συνεχέθησαν,
1711 4489 1805 4543 καὶ
1840 4491 1917 4560 τῷ

333 4602 489 4671 γένει
540 4598 650 4651 τῶν
698 4595 998 4668 ἀνθρώπων
1041 4591 1329 4646 κατέλιπον
1369 4587 1599 4654 κάμνειν
1644 4584 1702 4635 ὲν
1729 4582 1920 4644 ἀκοαῖς

334 4693 573 4762 ἀσήμων
596 4687 788 4757 φωνῶν
817 4687 911 4739 καὶ
934 4682 1237 4755 ἑρμηνειῶν
1261 4679 1504 4751 ζητήσει.

409 4867 475 4921 Τί
504 4865 563 4919 δὲ
596 4866 625 4918 ὁ
657 4862 884 4934 Φαραὼ;
930 4859 1096 4912 ιιόθεν
1129 4858 1247 4919 ταῖς
1286 4843 1575 4921 διαφοραῖς
1610 4848 1705 4900 καὶ
1743 4846 1921 4900 ποικί-

2014 4493 2214 4549 habere
2249 4504 2574 4563 quaerentes,
2627 4506 2736 4549 tum
2780 4496 2877 4566 ipsi
2906 4496 3127 4550 cohibiti
3175 4506 3299 4550 sunt
3326 4513 3388 4551 ac
3434 4514 3586 4552 coer-

2017 4584 2130 4651 citi,
2165 4596 2274 4638 lum
2313 4587 2559 4640 humana:
2583 4586 2726 4657 genti
2760 4586 3057 4641 molestiam
3081 4602 3147 4641 ex
3178 4602 3365 4643 vomm
3391 4591 3586 4643 obscu-

2016 4691 2197 4729 rarum
2231 4678 2525 4743 auditione,
2560 4677 3060 4749 interpretandique
3084 4679 3320 4735 laborent
3353 4681 3586 4753 relique-

2018 4780 2144 4825 runt
2179 4770 2244 4823 υ.

2083 4861 2203 4919 Jam
2253 4878 2381 4922 vero
2413 4864 2623 4920 Pharao
2649 4905 2666 4932 ,
2713 4880 2880 4936 quare
2931 4866 2983 4920 in
3025 4877 3172 4922 tanta
3219 4868 3404 4937 sicque
3437 4869 3583 4921 varia

334 4959 459 5023 λαις
505 4957 800 5029 περιέπεσε
838 4944 1125 5025 μάστιξιν;
1159 4949 1220 5001 οὐ
1252 4946 1338 5000 διὰ
1362 4940 1694 5008 πλεονεξίαν,
1727 4937 1819 4990 καὶ
1851 4938 1914 4992 τὺ

2024 4953 2220 5026 ﬂagella
2268 4958 2495 5013 incurrit
2523 4957 2611 5012 “‘l
2644 4957 2833 5015 Nonne
2883 4974 3044 5013 avara
3088 4974 3151 5014 ac
3192 4959 3311 5030 plus
3355 4957 3584 5014 habendi

414 5098 461 5131 ³³
490 5096 614 5152 Vat.
638 5105 692 5149 et
728 5094 836 5147 Sir.

337 5170 388 5202 "
410 5167 545 5223 Gen.
572 5182 651 5232 ιι,
688 5167 710 5220 1
752 5178 870 5233 sqq.

333 5299 468 5339 vero
518 5297 638 5336 cum
689 5278 1023 5334 Dominicum
1065 5273 1279 5343 aliquod
1331 5269 1782 5343 festumagitur,
1847 5284 1911 5327 ac

337 5354 497 5420 cujus
524 5362 890 5422 sacramenta,
918 5350 999 5400 vel
1037 5340 1219 5422 ﬁgura;
1251 5340 1910 5422 prgcesserintjnyeteri,

334 5409 426 5479 vel
458 5421 773 5494 prophetiae.
807 5409 916 5494 lloc
942 5409 1284 5494 ergo'ordine
1309 5413 1477 5492 lectus
1505 5409 1910 5494 earl-agitari“

278 5516 284 5520 ·
332 5494 394 5549 in
432 5480 495 5549 e'a
520 5480 797 5562 panegyri,
828 5480 1160 5562 in‘qtta'ltmc
1178 5480 1648 5562 Asteriusoravit.
1686 5480 1913 5562 Videan-

333 5574 426 5618 tur
463 5551 593 5618 ve'ro
626 5551 727 5616 ista
763 5551 1032 5628 respicere
1060 5554 1199 5610 festa
1228 5551 1514 5614 Natalitia,
1562 5552 1774 5605 tametsi
1827 5565 1913 5604 res

331 5633 568 5689 obscura
592 5641 697 5686 est.
829 5697 839 5700 _
935 5697 947 5700 _
1023 5694 1034 5700 _
1198 5691 1233 5700 _
1633 5688 1645 5700 ,

410 5686 521 5772 (ΞΞ)
565 5700 791 5767 Prom"
821 5694 1144 5772 lenticulam:
1198 5691 1422 5772 [litemus
1452 5688 1669 5758 corrigit
1706 5686 1914 5772 (νινε-

337 5759 516 5829 licitae
548 5781 605 5829 et
642 5759 807 5827 Sirm.
835 5766 958 5823 ἀντὶ
1001 5761 1207 5834 φακῆν,
1243 5759 1447 5829 φακόν-
1479 5774 1600 5828 qua:
1641 5774 1746 5811 una
1787 5770 1914 5825 vos,

900 5089 1092 5158 φακόν.

948 5160 995 5191 ⁸⁵
1023 5157 1193 5213 Exod.
1227 5168 1461 5209 Viti—xw.

1186 5085 1420 5139 “Zach.
1483 5096 1565 5148 tu,
1616 5081 1670 5136 9.
1747 5084 1793 5117 ⁸⁸
1824 5085 1922 5141 Zat'

2024 5105 2098 5157 tv,
2135 5090 2191 5146 Ξ.
2268 5091 2311 5124 ⁸³
2362 5090 2497 5147 Gen.
2537 5108 2619 5159 tu,
2670 5094 2697 5148 1
2736 5059 2888 5164 ειμι..
2921 5093 2966 5125 δ’
2994 5092 3129 5148 Gen.
3186 5108 3311 5158 λιν,
3337 5093 3408 5149 29
3461 5108 3580 5163 sqq.

2018 5273 2282 5346 duplicem
2312 5273 2458 5330 illam
2475 5272 2639 5346 LXX,
2672 5274 2861 5346 ἕψημα
2899 5274 3090 5344 φακοῦ·
3132 5274 3319 5328 lentem
3360 5284 3580 5346 coctam,

2017 5343 2492 5416 seu,gpulmetttum
2516 5360 2581 5398 ea:
2608 5343 2851 5416 (cutibus,
2893 5343 3182 5416 signiﬁcat,
3232 5359 3336 5416 non
3383 5343 3580 5416 lentem

2015 5413 2277 5480 absolute,
2316 5416 2458 5484 quod
2502 5416 2669 5484 magis
2711 5415 2869 5468 habet
2911 5413 2972 5469 τὸ
3015 5415 3203 5483 φακός.
3252 5413 3341 5467 Sic
3384 5413 3583 5480 passim

2014 5484 2279 5556 ἐκφράζει
2308 5484 2927 5559 _Asteriu_s,_elegantius
2963 5488 3188 5540 reddens
3219 5484 3377 5559 verba
3404 5495 3582 5559 saera,

2016 5547 2138 5629 aut"
2168 5547 2382 5629 paucis
2410 5547 2738 5629 cultissime'
2758 5563 3150 5620 repmsentans
3170 5622 3181 5629 _
3204 5552 3346 5629 quod
3397 5547 3529 5629 .vefil
3551 5563 3579 5629 ,ε

2016 5618 2272 5696 πάρεργα
2331 5624 2417 5680 hic
2480 5623 2546 5680 de
2604 5618 2920 5693 pulmento,
2979 5632 3034 5679 et
3095 5618 3450 5692 pulmentario
3514 5618 3580 5668 at:

2016 5701 2201 5750 eodem
2211 5734 2224 5747 .
