4070 6142
463 315 556 368 ltili

1670 314 1671 317 “
1720 318 1779 372 S.
1818 315 2094 371 ASTERII
2134 316 2442 377 A’lIASENl

3603 320 3710 375 2.31)

460 437 769 507 cupiditate,
801 436 1085 504 studioque
1126 432 1439 488 dominandi
1480 432 1769 502 peregrino
1811 432 2026 503 potiulo,

2143 436 2423 507 βούλεσθαι
2454 436 2641 511 κύριος
2665 434 2804 493 εἶναι
2830 441 2982 507 ξένου
3009 440 3137 496 λαοῦ
3186 440 3281 494 καὶ
3312 436 3616 511 μηδαμόθεν
3645 442 3709 510 τῇ

460 530 549 597 qni
575 531 640 581 ad
668 527 781 596 ejus
830 526 961 580 nihil
998 526 1282 594 imperium
1315 524 1622 593 Spectaret?
1668 523 1802 577 Hinc
1833 524 2032 577 factum

459 634 565 687 est,
602 629 677 685 ut,
706 635 825 673 cnm
860 620 1064 673 alienos
1092 633 1196 672 non
1224 615 1540 682 dimitteret,
1566 632 1692 672 suos
1716 616 2034 687 perdiderit,

462 729 563 780 qua
596 724 776 780 strage
804 709 1307 779 primogenitornm.
1341 723 1446 776 qua
1480 709 1644 762 maris
1681 709 1870 760 itinere
1909 723 2034 776 per-

460 808 735 861 secutione
773 805 1020 859 abeuntis
1045 802 1247 873 pepuli.
1279 799 1486 856 Omitto
1518 803 1657 856 enim
1690 801 1885 856 ﬂuenta
1911 819 2035 855 san-

461 900 688 967 guinea,
716 914 965 952 ranarunt
1001 897 1261 950 inﬁnitam
1296 894 1570 961 sobolem,
1603 893 1789 950 bruchi
1841 903 2032 948 tetram

464 990 637 1054 luem,
690 989 1029 1058 pustularum
1072 1003 1135 1042 ac
1180 987 1497 1058 papularnm
1548 985 1743 1041 fmdam
1792 987 2035 1055 eruptio-

464 1096 584 1134 nem
610 1119 623 1143 ,
654 1079 1059 1148 quadrupedum
1094 1092 1314 1141 necem,
1349 1088 1703 1145 casteramqne
1736 1074 1940 1128 cladem
1972 1089 2037 1128 ac

464 1154 688 1239 p'estem,
708 1186 810 1239 qna
840 1168 1125 1240 Egyptns,
1157 1167 1226 1221 ob
1249 1166 1508 1236 principis
1537 1167 1815 1220 avaritiam
1840 1164 2037 1234 impro-

464 1262 691 1330 bamque
714 1261 874 1315 alieni
894 1259 1266 1329 Cupiditatem,
1293 1257 1545 1311 damnata
1599 1255 1717 1309 fuit.
1752 1254 1891 1307 Alibi
1915 1270 2038 1308 rur-

462 1368 601 1415 sum,
629 1352 765 1405 mala
793 1352 893 1405 hoc
917 1350 1095 1405 scabie
1123 1365 1185 1403 ac
1212 1349 1386 1417 spissa
1412 1348 1557 1416 lepra
1602 1345 1930 1398 vindicatum
1957 1345 2040 1398 di-

466 1445 590 1498 dici.
621 1443 682 1495 Et
712 1442 864 1512 juxta
896 1455 1105 1493 mecum
1128 1436 1227 1493 hic
1260 1438 1565 1502 recordare,
1594 1435 1836 1505 quisquis
1859 1435 2031 1490 histo-

465 1536 599 1587 riam
628 1547 798 1595 amas,
838 1546 901 1584 ac
942 1530 1103 1584 Elisei
1142 1528 1399 1597 prmclara
1427 1528 1561 1581 facta
1594 1527 1822 1582 libenter
1846 1528 1997 1582 audis
2019 1569 2033 1593 ,

465 1622 917 1694 quemadmodum
969 1619 1209 1672 Naaman
1265 1619 1355 1673 ille
1404 1617 1604 1689 Syrus,
1659 1627 1945 1687 postquam
1985 1617 2036 1670 in

461 1715 692 1771 Jordane
715 1712 955 1779 lavisset,
992 1727 1020 1764 a
1056 1710 1202 1780 lepra
1237 1709 1398 1764 fuerit
1427 1710 1685 1764 liberatus
1710 1710 1788 1762 ι³ε
1824 1716 2038 1763 contra-

2136 529 2341 583 ἐκείνου
2390 530 2633 603 βασιλείᾳ
2675 533 3078 603 προσήκοντος;
3110 534 3221 587 Καὶ
3250 532 3338 585 διά
3374 531 3552 591 τοῦτο,
3585 534 3713 596 τοὺς

2136 607 2446 689 ἀλλοτρίους
2501 619 2601 672 οὐκ
2648 621 2827 689 ἀφεὶς,
2875 624 3000 685 τοὺς
3044 622 3203 686 ἰδίους
3243 621 3541 676 ἀτι·ιί›λεσεν⁸
3587 623 3716 687 τοὺς

2139 709 2237 780 μὲν
2264 712 2320 764 ἐν
2350 710 2535 782 πληγῇ
2569 713 2677 766 τῶν
2710 715 3088 784 πρωτοτόκωνο
3125 717 3250 777 τοὺς
3282 715 3363 778 δὲ,
3403 716 3460 768 ἐν
3491 718 3556 786 τῇ
3592 716 3716 768 διώ-

2138 801 2217 866 ξει
2251 805 2317 873 τῇ
2344 804 2486 857 κατά
2518 803 2811 859 θάλασσαν.
2851 805 3072 877 Ἀφίημι
3105 806 3209 875 γὰρ
3238 808 3513 877 ποταμοὺς
3538 809 3619 870 εἰς
3639 803 3718 860 αἴ-

2138 911 2217 964 μα
2275 895 2527 966 ῥυέντας,
2585 897 2679 950 καὶ
2725 897 3012 967 βατράχων
3069 897 3298 951 ἄπλετον
3344 897 3576 965 γένεσιν,
3621 898 3717 949 καὶ

2139 986 2367 1059 βρούχου
2400 987 2600 1059 λύμην,
2633 990 2727 1041 καὶ
2756 988 3096 1058 φλυκταινῶν
3132 990 3439 1061 ἐξάνθησιν,
3480 990 3575 1043 καὶ
3608 990 3717 1043 τῶν

2136 1080 2475 1149 τετραπόδων
2507 1080 2598 1132 τὸν
2623 1079 2870 1145 θάνατον,
2903 1081 2996 1133 καὶ
3026 1082 3203 1134 πᾶσαν
3244 1082 3341 1151 τὴν
3381 1082 3623 1134 κάκωσιν
3649 1079 3716 1152 ἦν

2137 1166 2408 1237 Αἴγυπτος
2457 1168 2815 1239 κατεδικάσθη
2871 1168 2959 1222 διὰ
2997 1169 3096 1240 τὴν
3145 1169 3454 1233 πλεονεξίαν
3491 1170 3585 1222 τοῦ
3621 1171 3720 1241 ἀρ⁹

2138 1275 2341 1326 χοντος.
2389 1257 2644 1329 ’Λλλαχοῦ
2675 1258 2832 1311 πάλιν
2865 1259 3015 1322 τέλος
3043 1260 3141 1330 τῆς
3168 1261 3438 1330 ἁμαρτίας
3475 1261 3719 1330 κατέμα-

2140 1349 2250 1413 θον,
2283 1346 2488 1419 λέπραν
2516 1349 2707 1420 ἀθρόον
2741 1350 2818 1421 τῷ
2847 1351 3143 1423 πλεονέκτῃ
3176 1353 3575 1423 περιχυθεῖσαν.
3605 1353 3717 1407 Καί

2142 1457 2231 1510 μοι
2281 1440 2862 1513 συνδιαμνημόνευσον,
2904 1442 3075 1506 εἴτις
3116 1444 3428 1516 φιλοΐστωρ,
3476 1445 3567 1499 καὶ
3609 1447 3717 1498 τῶν

2140 1530 2577 1601 κατορθωμάτων
2617 1533 2920 1587 Ἐλισσαίου
2954 1536 3228 1605 φιλήκοος,
3256 1537 3402 1600 ὅπως
3434 1536 3531 1608 μὲν
3558 1540 3585 1591 ὁ
3618 1538 3719 1590 Σύ-

2141 1637 2233 1691 ρος
2270 1621 2519 1691 Νεαιμὰν
2554 1622 2885 1695 ἐκαθαρίσθη
2916 1623 3016 1694 τῆς
3054 1624 3279 1696 λέπρας,
3314 1628 3371 1679 ἐν
3403 1626 3479 1697 τῷ
3517 1628 3717 1700 Ἰορδά-

2142 1725 2208 1782 νῃ
2232 1710 2586 1782 λουσάμενος
2621 1714 2767 1780 ὅπως
2795 1715 2851 1767 δὲ
2897 1715 3157 1786 μετῆλθεν
3183 1716 3243 1769 τὸ
3283 1718 3451 1781 πάθος
3489 1720 3567 1781 είς
3601 1719 3719 1771 Γιε-

464 1824 569 1878 que
632 1823 693 1862 ea
754 1814 1038 1874 correptus
1097 1820 1227 1873 puer
1262 1802 1446 1869 Giczi,
1483 1818 1678 1856 avarus
1732 1799 2041 1855 adolescens

2145 1799 2227 1863 ζεῖ
2246 1801 2305 1854 τὸ
2339 1804 2642 1875 παιδάριον,
2673 1808 2951 1860 νεανίσκον
2983 1807 3309 1879 πλεονέκτην
3339 1810 3433 1862 καί¹
3460 1809 3717 1877 ἀφιλόσο-

466 1916 564 1955 nec
589 1900 860 1953 studiosus
880 1940 895 1965 ,
924 1898 1015 1967 qui
1048 1895 1348 1966 Spiritalcm
1393 1895 1621 1964 gratiam
1649 1892 2044 1962 gratuitamque

465 1987 701 2043 doctoris
730 1986 990 2040 medelam
1051 1986 1220 2055 pretio
1258 1985 1571 2038 ventitarat.
1621 1981 1762 2049 Quid
1811 1980 2038 2034 Ahsalo-

467 2091 610 2140 nem,
637 2075 903 2128 llllll>Slllll
941 2077 1108 2144 patris
1156 2074 1388 2129 ferocem
1440 2074 1810 2141 audacemque
1844 2070 2034 2128 lilium.

466 2169 531 2222 ad
546 2168 889 2237 parricidium
906 2168 1081 2235 adegit
1103 2165 1189 2219 “‘3
1216 2164 1400 2220 Nonne
1424 2163 1801 2232 intempestiva
1832 2175 2042 2214 succes-

466 2259 636 2313 sionis
676 2258 854 2324 regiae,
888 2257 1171 2323 alienaque
1196 2256 1479 2310 invadendi
1515 2270 1579 2309 ac
1626 2253 1909 2322 diripiendi
1940 2266 2040 2305 cu-

468 2349 703 2419 piditas?
740 2349 875 2415 Quid
912 2346 1103 2402 Jndam
1156 2363 1186 2402 e
1225 2347 1468 2415 catalogo
1522 2343 1915 2413 discipulorum
1942 2357 2041 2396 ex-

469 2439 679 2508 punxit,
727 2453 899 2505 exque
957 2437 1201 2506 apostolo
1264 2439 1592 2505 proditorem
1650 2432 1809 2488 fecit?
1858 2431 2043 2486 Nonne

475 2547 596 2587 cum
630 2532 996 2602 gazophylacii
1022 2530 1183 2583 inﬁda
1218 2528 1634 2590 administratio,
1670 2535 1779 2579 tum
1812 2524 2042 2595 pretium

469 2623 687 2689 infante,
720 2633 774 2677 et
805 2622 1145 2675 denariorum
1184 2622 1386 2688 aliquot
1422 2620 1807 2688 propudiosum
1854 2625 2043 2671 aucto-

470 2725 767 2769 ramentum
810 2713 893 2766 "?
934 2714 1155 2766 Ananiae
1186 2713 1416 2779 denique
1446 2721 1499 2765 et
1552 2706 1831 2779 Sapphirae
1877 2707 2044 2761 tristis

470 2807 607 2860 unde
645 2816 699 2858 et
746 2804 979 2874 tragicus
1034 2805 1085 2857 in
1141 2804 1287 2856 Actis
1332 2801 1695 2869 apostolorum
1748 2799 1925 2852 exitus
1955 2798 2045 2852 ‘5?

471 2897 657 2952 Nonne
681 2898 805 2965 quia
850 2910 1071 2948 suarum
1121 2911 1180 2947 se
1210 2893 1352 2947 furto
1388 2907 1588 2956 rerum,
1621 2905 1682 2944 ac
1705 2890 2041 2957 propriorum

468 2988 810 3042 denariorum
855 2984 1137 3054 sacrilegio
1166 2980 1663 3036 contaminassent?
1708 2978 1927 3033 Deﬁciet
1960 2995 2044 3031 me

470 3080 603 3140 dies,
639 3080 684 3132 si
720 3077 996 3131 ministros
1022 3086 1077 3129 et
1109 3074 1374 3143 mancipia
1408 3072 1651 3126 avaritia:
1700 3071 2043 3125 dinumerare

471 3185 709 3241 pergant.
748 3167 908 3222 Missa
950 3169 1132 3236 itaque
1178 3165 1344 3219 veteri
1393 3162 1636 3226 historia,
1671 3162 2040 3231 quotidianam

472 3260 593 3313 vita:
615 3257 999 3328 experientiam
1038 3255 1451 3323 interrogemus,
1484 3253 1783 3322 cujusmodi
1830 3250 1939 3304 fera
1973 3252 2043 3304 sit

472 3351 695 3403 avaritia
719 3389 733 3413 ,
766 3363 830 3402 ac
864 3362 1024 3417 quam
1075 3361 1232 3415 (egre,
1264 3360 1401 3414 quos
1450 3343 1616 3397 semel
1680 3343 2041 3411 prehenderit,

471 3440 608 3493 elabi
635 3439 812 3504 sinat;
839 3449 897 3492 ut
921 3447 1110 3505 vegeta
1131 3450 1345 3504 semper
1364 3445 1525 3503 atque
1553 3434 1745 3496 valida,
1772 3448 2042 3501 nunquam

470 3528 781 3583 debilitetnr
808 3542 871 3581 ac
902 3527 1154 3591 deticiat;
1189 3526 1284 3579 sed
1302 3541 1421 3577 cum
1451 3525 1535 3587 iis,
1571 3538 1707 3593 quos
1741 3523 1839 3577 sibi
1867 3522 2045 3590 suhje-

472 3620 628 3684 cerit,
653 3626 1008 3671 consenescat
1039 3627 1200 3684 atque
1238 3623 1516 3683 perennet.

543 3708 884 3763 Libidinosus
931 3721 995 3759 ac
1026 3721 1310 3775 corporum
1348 3714 1561 3756 amator
1613 3702 1827 3757 tametsi
1886 3703 2044 3771 longo

473 3800 755 3855 insanierit
787 3810 1028 3867 tempore
1076 3797 1406 3865 voluptatum
1458 3808 1605 3850 ostro
1654 3796 1911 3866 percitus,
1956 3795 2044 3849 ubi

478 3902 655 3943 tamen
682 3889 764 3943 vel
797 3889 911 3958 ipse
953 3887 1156 3943 seniles
1206 3887 1382 3955 attigit
1424 3902 1613 3950 annos,
1661 3887 1742 3941 vel
1774 3902 1929 3956 quam
1957 3887 2046 3940 de-

473 3981 653 4051 periit,
686 3980 948 4034 exoletam
983 3994 1046 4033 ac
1095 3977 1244 4032 ﬂoris
1277 3978 1530 4031 exstincti
1562 3977 1728 4042 videt,
1773 3977 2043 4032 remissio-

473 4086 594 4125 nem
624 4072 835 4124 tandem
888 4069 1159 4138 linemqne
1208 4070 1378 4124 morbi
1427 4070 1650 4123 invenit.
1708 4066 1958 4131 Gulosus,
1991 4076 2044 4120 et

472 4165 587 4233 ipse
614 4179 641 4217 a
675 4163 876 4217 ventris
898 4162 1262 4231 voluptatibus
1295 4162 1517 4226 recedit,
1544 4162 1658 4217 sive
1698 4162 1910 4231 quando
1929 4159 2041 4228 jam

472 4270 594 4310 enm
626 4256 849 4309 satietas
876 4252 1041 4322 cepit,
1069 4253 1185 4307 sive
1230 4268 1350 4307 cum
1375 4256 1710 4317 stomachus,
1751 4267 1813 4304 ac
1863 4262 2043 4318 partes

474 4343 596 4408 ilhc,
644 4345 838 4413 quibus
869 4344 950 4398 vis
996 4360 1057 4398 ac
1102 4358 1295 4396 munus
1339 4339 1707 4411 concoquendi
1759 4338 2037 4401 incumbit,

2141 1906 2259 1958 ερον,
2329 1893 2696 1961 πνευματικὸν
2762 1893 3090 1965 πωλήσαντα
3142 1895 3404 1965 χάρισμα,
3465 1895 3559 1947 καὶ
3618 1894 3717 1963 τὴν

2140 1978 2367 2050 ἄμισθον
2412 1982 2650 2052 ἰατρείαν
2679 1982 2773 2035 τοῦ
2802 1983 3141 2038 διδασκάλου.
3182 1983 3349 2036 Πόθεν
3385 1985 3413 2036 ὁ
3459 1984 3717 2040 Ἀϐεσσα-

2140 2069 2260 2141 λὼμ
2320 2072 2653 2143 πατραλοίας
2726 2074 2971 2141 ἐγένετο,
3031 2076 3059 2127 ὁ
3112 2073 3205 2127 τοῦ
3278 2075 3452 2146 πράου
3515 2076 3717 2147 πατρὸς

2142 2162 2487 2233 φλεγμαίνων
2529 2166 2620 2218 καὶ
2661 2164 2867 2235 θρασὺς
2923 2166 3201 2228 νεανίσκος
3224 2183 3240 2229 ;
3288 2167 3348 2219 οὐ
3379 2166 3483 2238 πρὸ
3525 2165 3718 2236 καιροῦ

2141 2252 2383 2325 ζητήσας
2436 2254 2534 2325 τξην
2570 2254 2935 2326 κληρονομίαν
2972 2256 3073 2326 τῆς
3126 2256 3418 2325 βασιλείας,
3463 2257 3721 2326 ἐπιπηδή-

2106 2354 2113 2360 ’
2144 2362 2237 2408 σας
2269 2346 2323 2398 δὲ
2345 2349 2456 2409 τοῖς
2488 2345 2807 2417 ἀλλοτρίοις,
2834 2348 2909 2411 ὠς
2941 2348 3155 2420 ἆρπαξ;
3186 2350 3288 2402 Τὸν
3323 2349 3516 2403 Ἰούδαν
3538 2349 3594 2402 δὲ
3616 2349 3722 2402 πά-

2141 2436 2244 2500 λιν,
2273 2436 2325 2490 τί
2352 2438 2447 2491 τοῦ
2475 2438 2774 2507 καταλόγου
2803 2440 2910 2493 τῶν
2938 2439 3195 2511 μαθητῶν
3223 2441 3493 2507 ἐξέϐαλεν,
3531 2441 3720 2512 ἐποίη-

2144 2542 2231 2578 σεν
2254 2527 2310 2580 δὲ
2338 2528 2599 2599 προδότην
2622 2530 2735 2583 ἀντ’
2760 2531 3088 2597 ἀποστόλου;
3132 2531 3193 2585 οὐ
3218 2533 3277 2586 τὸ
3301 2533 3715 2602 γαζοφυλάκιον,

2142 2617 2356 2690 πρῶτον
2402 2620 2911 2691 ῥᾳδιουργούμενον,
2942 2619 3117 2695 είταή
3153 2625 3343 2695 κτῆσις
3383 2628 3478 2696 τῆς
3521 2625 3717 2695 ἀτίμου

2142 2710 2340 2780 τιμῆς;
2379 2711 2626 2765 Ἀνανίαν
2661 2713 2754 2766 καὶ
2788 2714 3103 2785 Σάπφειραν
3142 2715 3231 2767 διὰ
3264 2715 3314 2766 τί
3348 2713 3719 2786 τραγῳδοῦσιν

2141 2800 2249 2853 τῶν
2281 2802 2594 2857 ἀποστόλων
2649 2805 2704 2856 αἱ
2747 2804 3013 2874 Πράξειςς
3064 2807 3163 2858 οὐκ
3210 2807 3395 2878 ἐπειδὴ
3436 2807 3543 2858 τῶν
3574 2806 3721 2860 ἰδίων

2142 2894 2389 2961 ἐγένοντο
2413 2895 2661 2960 κλέπται,
2692 2896 2784 2948 καὶ
2817 2895 2924 2947 τῶν
2950 2897 3162 2949 οἰκείων
3198 2898 3559 2969 ἀναθημάτων
3587 2898 3724 2971 {€96-

2146 2984 2332 3051 συλοι;
2379 2985 2678 3056 Ἐπιλείψει
2725 3003 2793 3057 με
2841 2986 2980 3057 τάχα
3017 2989 3110 3040 καὶ
3154 2989 3405 3059 ή·ήμέρα
3443 2992 3568 3052 τοὺς
3620 2990 3724 3060 τῆς

2071 3116 2114 3174 C
2146 3074 2455 3141 πλεονεξίας
2506 3076 2785 3147 ὑπηρέτας
2829 3076 3326 3149 ἀπαριθμούμενον.
3371 3079 3624 3147 Ἀφέντες
3665 3080 3724 3133 δὲ

2143 3165 2239 3236 τὴν
2282 3166 2519 3220 παλαιάν
2575 3168 2837 3240 ἱστορίαν,
2862 3168 2959 3238 τὴν
3008 3171 3201 3239 πεῖραν
3237 3170 3579 3241 ἐξετάσωμεν
3625 3171 3723 3242 τὴν

2145 3257 2654 3328 παρακολουθοῦσαν
2673 3259 2749 3330 τῷ
2778 3259 2895 3330 βίῳ·
2912 3256 3023 3312 οἷον
3049 3258 3187 3314 οἶδεν
3204 3261 3389 3333 θηρίον
3410 3263 3509 3334 τὴν
3533 3260 3725 3315 πλεον-

2144 3346 2310 3413 εξίαν,
2358 3350 2453 3403 καὶ
2511 3343 2585 3404 ὧν
2645 3350 2711 3404 ἂν
2770 3349 2998 3421 λάϐηται
3041 3352 3508 3407 δυσαπάλλακτον’
3545 3354 3725 3424 ἀκμά-

2145 3438 2235 3503 ζον
2277 3441 2368 3521 ἀεὶ.
2393 3442 2488 3494 καὶ
2517 3442 2576 3495 οὐ
2624 3443 3038 3514 μαραινόμενον·
3082 3445 3465 3517 συγγηράσκον
3515 3446 3569 3497 δὲ
3610 3447 3725 3509 τοῖς

2146 3529 2350 3596 ἁλοῦσι,
2385 3533 2479 3584 καὶ
2502 3533 2581 3594 εἰς
2606 3532 2757 3595 τέλος
2782 3533 2958 3585 συνόν.

2228 3704 2284 3756 Ὁ
2318 3704 2512 3771 λάγνος
2556 3706 2648 3758 καὶ
2691 3706 2957 3775 σωμάτων
3017 3706 3269 3777 ἐραστὴς,
3309 3706 3410 3761 κᾶν
3455 3709 3545 3761 ἐπὶ
3585 3709 3722 3763 πολὺ

2144 3797 2265 3857 ταῖς
2309 3794 2628 3865 ἐπιθυμίαις
2660 3795 2925 3869 λυσσὴσῃ,
2967 3796 2998 3861 ἢ
3041 3798 3201 3860 αὐτὸς
3241 3799 3321 3861 εἰς
3350 3798 3724 3872 πρεσϐυτικὴν

2144 3882 2361 3953 ἡλικίαν
2392 3881 2575 3937 ἐλθὼν,
2625 3883 2656 3954 ἢ
2695 3883 2753 3936 τὸ
2792 3882 3122 3953 ποθούμενον
3168 3882 3427 3954 ἑωρακὼς
3477 3884 3726 3938 παλαιω-

2146 3972 2256 4036 θέν,
2284 3973 2379 4026 καὶ
2416 3973 2475 4025 τὸ
2506 3973 2664 4038 ἄνθος
2689 3974 2982 4039 ἀποϐαλὸν,
3012 3975 3197 4040 στάσιν
3226 3976 3469 4045 εὑρίσκει
3504 3977 3604 4047 τῆς
3636 3977 3727 4029 νό-

2146 4084 2261 4121 σου.
2298 4068 2356 4120 'U
2385 4066 2795 4138 γαστρίμαργος
2832 4069 3104 4139 ἀναχωρεῖ
3141 4069 3234 4120 καὶ
3277 4069 3439 4130 αὐτὸς
3473 4068 3572 4138 τῆς
3602 4070 3725 4138 φιλ-

2143 4159 2381 4227 ηδονίας,
2415 4158 2446 4229 ἢ
2481 4159 2574 4211 τοῦ
2611 4160 2771 4229 κόρου
2800 4158 3202 4229 πληρώσαντος,
3236 4158 3269 4229 ἢ
3308 4159 3414 4211 τῶν
3439 4158 3725 4211 πεπτιγῶν

2148 4250 2350 4321 μορίων
2383 4250 2815 4319 ἀσθενησάντων,
2851 4251 2943 4303 καὶ
2971 4251 3292 4304 παυσάντων
3331 4251 3427 4321 τὴν
3470 4252 3724 4303 ἐπιτετα-

2147 4339 2314 4409 μένην
2353 4339 2550 4412 ὅρεξιν.
2600 4342 2656 4393 ὐ
2688 4339 2958 4409 φιλόδοξος
2988 4340 3206 4404 πολλαῖς
3236 4342 3591 4411 ἐγκομπάσας
3626 4360 3722 4395 τιε-

473 4437 853 4492 imbecilliores
891 4436 1065 4500 factae,
1096 4435 1332 4490 hiantem
1381 4434 1524 4488 illam
1566 4431 1922 4502 appetentiam
1953 4444 2040 4484 sc-

2149 4432 2468 4501 ριφανείαις,
2504 4429 2598 4482 τοῦ
2634 4432 2898 4501 φανητιᾷν
2935 4431 3215 4502 ἀπολήγει.
3251 4432 3314 4483 Ἦ
3339 4432 3394 4484 δὲ
3410 4432 3509 4501 τῆς
3532 4432 3721 4485 πλεον-

472 4527 686 4580 (larunt.
711 4525 1064 4589 Ambitiosns,
1102 4524 1191 4577 ubi
1223 4523 1404 4576 multis
1432 4521 1812 4589 splendorihns
1832 4519 2039 4586 magni-

474 4620 575 4674 ﬁce
600 4619 822 4687 gloriam
864 4618 1070 4680 habuit,
1100 4615 1330 4686 spectari
1387 4615 1600 4668 tandem
1647 4612 1803 4677 velle,
1830 4625 1891 4664 ac
1926 4610 2033 4663 ina-

477 4727 574 4766 nes
598 4712 729 4763 dare
757 4710 976 4780 glorias,
1012 4709 1229 4764 desinit.
1271 4707 1468 4762 Verum
1516 4706 1760 4759 avaritia:
1789 4702 2038 4765 morbus,

471 4800 733 4868 ejusmodi
770 4800 964 4853 malum
989 4808 1092 4864 est,
1123 4807 1180 4851 ut
1203 4798 1288 4851 vix
1313 4812 1546 4865 unquam
1578 4812 1642 4850 eo
1666 4795 1885 4850 liberari
1917 4808 2043 4864 pos-

472 4892 567 4946 sis.
586 4892 664 4944 Ac
688 4890 826 4944 sicut
854 4900 1109 4959 perpetuo
1132 4889 1316 4941 vivens
1342 4897 1503 4956 atque
1538 4886 1794 4941 frondens
1840 4886 2040 4939 hcdcra

472 4982 673 5036 adsitas
690 4981 932 5050 irrepens
949 4981 1171 5033 arbores
1197 4978 1370 5031 valide
1394 4977 1839 5031 circumvolvitur
1865 4976 2043 5029 adita:-

476 5084 689 5141 retqne,
726 5088 789 5126 ac
818 5088 883 5126 ne
914 5071 1079 5125 ramis
1116 5068 1334 5138 quidem
1372 5068 1747 5123 {miscentibus
1783 5075 1874 5118 aut
1917 5079 2040 5119 are-

474 5165 627 5219 factis
679 5163 899 5227 rccedit,
950 5162 1051 5215 nisi
1099 5162 1220 5230 quis
1253 5160 1423 5213 ﬂexus
1475 5161 1606 5215 istos
1637 5168 1691 5211 ct
1743 5156 2041 5228 anguineos

472 5255 624 5323 quasi
676 5268 855 5324 gyros,
909 5253 1052 5308 ferro
1093 5262 1285 5308 secet:
1334 5253 1406 5305 ita
1458 5265 1556 5306 nec
1597 5251 1743 5303 avari
1777 5260 2038 5313 mentem,

471 5348 587 5400 sive
622 5346 707 5398 hic
744 5345 955 5411 juvenis
980 5346 1072 5410 sit,
1104 5345 1218 5399 sive
1256 5360 1444 5409 senex,
1474 5343 1526 5397 in
1554 5342 1853 5396 libertatem
1889 5339 2048 5394 facile

473 5437 780 5498 vindicaris,
832 5437 932 5489 nisi
993 5438 1174 5489 sobrio
1213 5436 1571 5505 prudentique
1623 5434 1849 5490 consilio
1898 5431 2044 5486 velut

473 5532 735 5584 machaera
765 5529 1008 5581 morbum
1040 5527 1339 5582 discideris.

539 5731 662 5787 ιιιν
691 5733 816 5805 Reg.
847 5750 897 5801 v,
936 5735 998 5789 ll
1024 5748 1165 5803 sqq.;
1203 5731 1329 5788 Luc.
1358 5746 1430 5800 tv,
1459 5730 1545 5785 ‘27.
1612 5729 1655 5761 ³⁶
1680 5729 1721 5783 ιι
1745 5729 1874 5797 Reg.
1911 5744 1993 5793 xv,
2026 5733 2047 5781 ι
2088 5742 2209 5797 sqq.

2144 4520 2293 4585 εξίας
2320 4519 2492 4582 νόσος,
2549 4520 2715 4573 κακόν
2752 4522 2867 4572 ἐστι
2898 4519 3354 4573 δυσαπάλλακτον.
3385 4521 3494 4573 Καὶ
3529 4518 3721 4590 ὥσπερ

2143 4614 2171 4665 ὁ
2201 4611 2385 4673 κισσὸς
2417 4604 2591 4673 οὗτος,
2632 4610 2691 4662 τὸ
2720 4610 2943 4673 εὐθαλὲς
2971 4610 3133 4678 φυτὸν
3168 4610 3262 4663 καὶ
3296 4609 3598 4679 ἀείφυλλον,
3626 4613 3720 4663 ἐπὶ

2143 4700 2211 4754 τά
2254 4701 2685 4772 παραπεφυκότα
2737 4701 2844 4753 τῶν
2877 4700 3107 4771 δένδρων
3153 4702 3425 4772 άνέρπων,
3483 4703 3719 4772 ἰσχυρῶς

2144 4793 2536 4864 περιελίττεται
2576 4796 2687 4856 τοῖς
2727 4792 2923 4860 ξύλοις,
2963 4786 3152 4863 ὧνπερ
3199 4794 3265 4847 ἂν
3296 4792 3575 4864 δράξηται·
3625 4797 3720 4848 καὶ

2141 4884 2264 4937 οὕτε
2298 4884 2662 4948 πεπονθότων,
2686 4883 2807 4937 οὔτε
2837 4884 3206 4956 ξηρανθέντων
3236 4886 3522 4957 ἀναχωρεῖ,
3557 4887 3604 4938 εί
3641 4888 3720 4955 μή

2140 4993 2225 5039 τις
2264 4975 2425 5029 αὑτοῦ
2456 4976 2673 5048 σιδήρῳ,
2693 4975 2943 5047 καθάπερ
2976 4977 3288 5047 δράκοντος,
3332 4976 3560 5046 διατέμῃ
3589 4978 3719 5040 τοὺς

2143 5068 2423 5139 ἐλιγμούς.
2474 5069 2659 5131 Οὕτως
2706 5068 2826 5121 οὐδὲ
2865 5069 3103 5122 τοιούτου
3144 5068 3320 5140 ψυχὴν
3353 5065 3717 5137 ἐλευθερῶσαι

2144 5161 2361 5232 ῥᾴδιον,
2433 5160 2541 5214 εἴτε
2620 5160 2902 5226 νεάζοντος
2955 5161 3050 5214 τοῦ
3116 5160 3393 5229 σώματος,
3451 5159 3560 5211 εἴτε
3623 5163 3718 5214 καὶ

2143 5253 2640 5325 ὑπομαρανθέντος,
2678 5252 2773 5306 ἐὰν
2808 5256 2882 5324 μή
2912 5271 2994 5315 τις
3029 5252 3293 5323 νηφαλέος
3329 5249 3586 5321 λογισμὸς
3621 5252 3717 5304 ἐττ-

2142 5343 2331 5408 ελθὼν,
2360 5344 2435 5408 ὡς
2470 5345 2707 5415 μάχαιρα
2732 5344 2964 5416 διακόψῃ
2990 5343 3085 5414 τὴν
3114 5343 3286 5395 νόσον.
3343 5337 3351 5343 ’

2293 5725 2333 5756 ⁸⁷
2363 5722 2515 5780 Joan.
2547 5739 2639 5788 xu,
2665 5722 2715 5778 li.
2797 5720 2840 5753 “
2863 5718 2983 5779 Act.
3017 5737 3069 5790 v,
3101 5721 3122 5775 1
3155 5735 3278 5791 sqq.
