4090 6146
375 359 471 414 201

1397 357 1676 414 llOMILlA
1713 357 1794 411 ΙΙΙ.
1842 359 2205 418 ADVERSUS
2245 361 2642 416 AVAHITIAM.

3515 358 3624 417 202

439 479 566 541 Τοῖς
608 478 832 541 οἰκείοις
883 481 911 530 ὁ
958 477 1444 550 πλεονέκτηςὲστὶν
1480 480 1672 550 ἀηδὴς,
1711 480 1945 544 οἰκέταις

2127 485 2337 539 Avarus
2389 483 2704 552 propinquis
2737 491 2820 537 est
2854 483 3073 537 odiosus
3098 523 3114 548 ,
3157 481 3373 538 famulis
3398 485 3582 552 gravis
3604 521 3624 548 ,

367 569 561 640 βαρὺς.
590 569 765 637 φίλοις
804 571 1096 642 ἄχρηστος,
1129 569 1298 634 ξένοις
1328 570 1736 634 δυσέντευκτος.
1771 571 1950 639 γείτο-

366 678 454 712 σιν
505 660 758 731 όχληρὸς,
808 660 1028 728 γυναικὶ
1087 659 1360 730 μοχθηρὸς
1415 659 1683 726 σύνοικος,
1745 661 1952 714 παίδων

365 750 630 818 φειδωλὸς
657 751 752 803 καὶ
790 751 1113 821 μικρολόγος
1139 752 1392 821 τροφεὺς,
1423 753 1616 806 ἑαυτοῦ
1642 753 1811 817 κακὸς
1834 755 1954 806 em-

367 841 598 911 στάτης,
634 839 850 910 νύκτωρ
895 838 1217 911 φροντίζων,
1251 840 1370 910 μεθ’
1409 840 1624 911 ἡμέραν
1663 857 1954 893 πεπυκνω-

369 930 553 1000 μένος,
583 931 961 1001 διαλεγόμενος
983 929 1160 1000 ἑαυτῷ
1181 930 1322 983 κατὰ
1348 932 1476 994 τοὺς
1507 931 1890 1002 ἐξεστηκότας,
1918 930 1951 1001 ἢ

366 1022 813 1093 παραφέροντας·
848 1022 1067 1076 πάντων
1081 1021 1307 1085 εὑθηνού
1316 1039 1500 1092 μενος,
1529 1022 1624 1074 καὶ
1651 1021 1854 1074 στένων
1877 1022 1952 1083 ὡς

368 1111 574 1181 ἐνδεής·
610 1110 715 1163 τῶν
747 1112 1029 1181 παρόντων
1057 1114 1157 1166 οὑκ
1179 1112 1490 1174 ἀπολαύων,
1518 1113 1612 1164 καὶ
1637 1112 1705 1164 τά
1743 1112 1953 1165 ἀπόντα

369 1205 570 1272 ζητῶν·
609 1207 722 1268 τοῖς
766 1204 917 1267 ἰδίοις
963 1206 1024 1257 οὑ
1061 1205 1422 1276 κεχρημένος,
1477 1201 1862 1274 ἐποφθαλμιῶν
1896 1203 1952 1256 δὲ

366 1300 482 1362 τοῖς
504 1297 823 1368 ἀλλοτρίοις.
855 1297 1161 1369 Πολύαρνον
1193 1297 1287 1351 τοῦ
1315 1297 1560 1350 τοιούτου
1592 1296 1655 1349 τὸ
1675 1297 1949 1366 ποίμνιον,

370 1388 590 1441 πενοὺν
620 1390 748 1452 τούς
781 1391 1002 1460 σηκοὺς,
1027 1390 1112 1458 ἐφ’
1135 1382 1212 1442 ὧν
1238 1389 1639 1443 κατακλείεται·
1675 1386 1951 1440 καλύπτον

369 1481 625 1543 πεδιάδας
679 1482 738 1533 ὲν
782 1476 870 1544 αἷς
906 1481 1152 1552 νέμεται.
1198 1479 1310 1535 Κᾶν
1352 1479 1619 1552 εὔσαρκον
1661 1478 1800 1549 ὀφθῇ
1853 1475 1949 1530 τοῦ

367 1572 662 1643 προσοίκου
695 1572 986 1642 πρόϐατον,
1024 1573 1182 1643 ἀφεὶς
1201 1573 1303 1643 τὴν
1342 1573 1478 1626 ἰδίαν
1511 1571 1735 1641 ἀγέλην,
1767 1569 1846 1640 τῷ
1870 1569 1951 1622 ένὶ

368 1664 464 1716 καὶ
513 1663 778 1734 ἀλλοτρίῳ
821 1666 890 1732 τῇ
943 1661 1206 1731 ἐπιθυμία
1249 1660 1648 1733 προσκάθηται.
1695 1659 1768 1713 Τὸ
1820 1659 1951 1711 αὑτὸ

367 1753 464 1804 ἐπὶ
509 1753 616 1805 τῶν
651 1752 790 1821 βοῶν
810 1769 824 1782 ·
874 1753 1073 1823 ὁμοίως
1121 1753 1212 1804 ἐπὶ
1251 1752 1356 1805 τῶν
1393 1753 1593 1805 ἵππων·
1627 1752 1728 1805 οὐκ
1775 1749 1949 1811 ἄλλως

367 1845 462 1897 ἐπὶ
494 1844 592 1914 τῆς
628 1844 752 1914 γῆς.
784 1844 970 1898 Πάντα
1007 1846 1328 1915 στενοχωρεῖ
1362 1844 1460 1916 τὴν
1486 1845 1684 1906 οἰκίαν,
1723 1843 1816 1896 καὶ
1857 1843 1950 1895 οὑ·-

363 1932 457 1986 δὲν
477 1933 536 1984 ὲν
571 1935 637 2003 τῇ
664 1935 874 2004 χρήσει.
900 1933 1034 1987 Οὐδὲ
1059 1933 1166 2004 γάρ
1191 1934 1589 1988 ἀπολαυστικὸν
1617 1931 1728 1987 οἷόν
1763 1950 1824 1986 τε
1863 1928 1945 1986 εἷ-

363 2039 458 2078 ναι
488 2024 579 2076 τὸν
624 2024 914 2095 ἄπληστον·
945 2024 1058 2077 ἀλλ’
1082 2025 1229 2078 ἔστιν
1254 2025 1418 2078 αὑτοῦ
1447 2025 1592 2080 οἰκία
1626 2024 1798 2094 τάφου
1841 2042 1946 2077 πα·-

367 2116 668 2186 ραπλησία.
705 2117 836 2170 Ἰδοὺ
879 2118 989 2188 γὰρ
1025 2120 1074 2170 οἰ
1101 2120 1262 2187 τάφοι
1293 2117 1522 2188 γέμουσι
1557 2116 1818 2180 πολλάκις
1847 2118 1945 2188 ἀρ-

363 2206 535 2277 γύρου
575 2209 668 2260 καὶ
701 2208 925 2278 χρυσοῦ·
964 2208 1076 2261 ἀλλ’
1106 2211 1161 2263 αί
1197 2209 1322 2264 ὗλαι
1346 2211 1472 2272 τοὺς
1500 2208 1817 2279 χρωμένους
1845 2209 1945 2260 οὐκ

364 2299 603 2368 ἔχουσιν.
625 2299 698 2352 Τδ
720 2299 881 2369 σῶμα
909 2301 970 2353 οὐ
995 2301 1273 2371 τρέφεται·
1306 2299 1484 2371 ψυχῆς
1503 2302 1602 2371 οὐχ
1633 2301 1944 2373 εὑρίσκεται

363 2391 577 2460 κέρδος.
611 2391 722 2444 υὺκ
751 2391 968 2462 εὐθηνεῖ
993 2393 1100 2461 γὰρ
1129 2393 1194 2445 ὲκ
1220 2391 1321 2462 τῆς
1354 2392 1534 2456 δεξιᾶς
1574 2394 1606 2462 ἡ
1646 2392 1942 2464 ἐλεημοσύ-

363 2499 452 2550 νη.
505 2482 569 2539 Τί
617 2483 674 2535 δὲ
720 2483 872 2546 τέλος
906 2483 998 2536 τοῦ
1045 2483 1266 2554 μόχθου,
1324 2483 1587 2550 διδαξάτω
1627 2481 1696 2554 μέ
1729 2500 1812 2546 τις
1837 2482 1944 2535 τῶν

365 2575 541 2644 ταύτῃ
581 2575 1030 2646 προειλημμένων
1051 2578 1116 2645 τῇ
1140 2575 1298 2645 νόσῳ·
1331 2570 1448 2629 οἶδα
1461 2575 1519 2627 δὲ
1556 2574 1782 2638 πολλοὺς
1808 2574 1940 2640 ἐγὼ,

364 2666 643 2736 γνωρίσας
687 2665 777 2718 ἐπὶ
813 2668 911 2737 τῆς
952 2667 1166 2738 πείρας,
1198 2667 1273 2729 ὡς
1310 2667 1404 2720 καί⁵
1438 2669 1496 2718 ὲν
1531 2667 1708 2730 νόσοις
1745 2665 1945 2737 μᾶλλον

362 2755 468 2826 τῆς
497 2756 684 2823 ὑγείας
711 2757 962 2826 ἀγαπῶσι
984 2757 1053 2812 τὰ
1086 2759 1364 2830 χρήματα.
1403 2757 1524 2812 Κάν
1564 2758 1663 2828 μὲν
1699 2759 1728 2811 ό
1760 2756 1944 2829 ίατρδς

360 2847 454 2899 διά
482 2863 629 2910 τινος
655 2847 782 2919 ὖλης
811 2847 1012 2902 εὐώνου
1051 2849 1142 2902 τὸν
1175 2850 1274 2920 τῆς
1313 2848 1607 2919 θεραπείας
1645 2851 1942 2922 εἰσηγήση-

361 2956 451 2992 ται
484 2939 706 3009 τρόπον,
735 2937 845 2992 οἷον
865 2939 954 2992 διὰ
980 2940 1207 3004 σελίνου,
1243 2939 1275 3010 ἦ
1315 2939 1509 3011 θύμου,
1538 2940 1570 3011 ἢ
1609 2941 1832 3012 ἀνήθου,
1866 2935 1943 2994 ὧν

364 3033 399 3100 ἡ
439 3033 670 3103 εὐπορία
709 3034 1001 3097 ἀδάπανος,
1035 3031 1308 3097 εὐπειθῶς
1356 3033 1457 3104 τῆς
1491 3033 1797 3104 συμϐουλῆς
1840 3036 1944 3088 ὑπ·

361 3125 682 3187 ακούοντας·
733 3125 801 3179 ἀν
853 3126 911 3178 δέ
970 3144 1115 3189 τινος
1153 3127 1444 3199 φαρμάκου
1493 3127 1716 3199 γένηται
1754 3127 1942 3199 μνήμη

2055 574 2244 629 amicis
2304 573 2528 635 inutilis,
2570 576 2772 628 exterls
2821 574 3052 629 dillicilis
3094 589 3158 628 ac
3202 575 3288 626 vix
3359 575 3625 644 affabilis,

2055 662 2248 716 vicinis
2277 661 2539 716 molestus
2569 703 2584 728 ,
2621 663 2775 717 uxori
2827 664 3164 734 importunus
3193 665 3624 733 contubernalis,

2053 749 2344 804 liberorum
2398 766 2590 819 parcus
2653 760 2815 822 atque
2875 755 3124 809 sordidus
3179 755 3485 821 educator,
3537 758 3621 810 sui

2055 839 2224 908 ipsius
2255 841 2425 894 malus
2450 851 2685 906 curator,
2722 845 2952 898 interdiu
2981 856 3249 916 noctuque
3276 847 3538 903 sollicitus
3560 861 3626 902 ac

2055 932 2486 1000 cogitabundus,
2556 947 2742 988 secum
2780 936 2894 1002 ipse
2945 935 3171 1006 loquens
3223 953 3288 992 ac
3331 939 3617 1000 disserens.

2053 1035 2240 1075 eorum
2271 1024 2547 1092 more,qui
2570 1026 2817 1079 sensibus
2837 1026 3000 1080 emoti
3021 1027 3359 1083 ininsaniam
3389 1029 3622 1098 prolapsi

2053 1120 2198 1166 sunt.
2238 1111 2370 1167 Cum
2401 1113 2650 1169 omnibus
2678 1116 2930 1179 abundet,
2958 1127 3211 1187 tanquam
3241 1121 3480 1174 omnium
3502 1137 3626 1192 cge-

2054 1219 2154 1258 nus
2173 1204 2496 1274 ingemiscit.
2530 1207 2644 1261 Non
2669 1207 2864 1261 fruitur
2891 1212 3269 1279 praesentibus;
3302 1227 3364 1265 ea
3389 1230 3505 1281 qua:
3528 1215 3625 1268 ab-

2052 1308 2194 1362 sunt,
2224 1298 2382 1352 anxie
2407 1301 2654 1367 quatritat
2691 1319 2704 1363 ;
2741 1316 2845 1354 non
2884 1304 3054 1356 utitur
3097 1307 3229 1364 suis,
3281 1305 3469 1360 alienis
3494 1321 3624 1359 vero

2051 1384 2235 1452 adjicit
2255 1388 2489 1442 oculum.
2544 1388 2706 1444 Multa
2731 1391 3030 1446 confertum
3062 1396 3266 1463 pecude
3293 1410 3508 1466 gregem
3532 1397 3626 1449 ha-

2052 1473 2159 1538 bet,
2206 1483 2263 1527 ut
2300 1476 2386 1529 vix
2431 1478 2636 1532 stabula
2685 1479 2937 1548 capiant,
2979 1483 3264 1552 campique
3314 1501 3380 1538 ac
3425 1500 3619 1554 pascua

2053 1571 2321 1632 tegantur.
2347 1567 2417 1620 At
2449 1572 2499 1622 sl
2531 1569 2781 1640 pinguem
2828 1585 2891 1625 ac
2924 1573 3062 1626 bene
3092 1574 3330 1629 habitam
3359 1590 3513 1630 ovem
3540 1577 3622 1629 vi-

2049 1655 2153 1707 cini
2184 1659 2478 1726 aspexerit,
2509 1662 2676 1714 misso
2710 1663 2925 1732 proprio
2948 1678 3132 1733 grege,
3162 1664 3215 1719 in
3269 1681 3426 1719 unam
3478 1667 3620 1721 illam

2053 1761 2116 1800 ac
2150 1747 2381 1804 alienam
2422 1751 2717 1819 cupiditate
2749 1752 2939 1809 fertur.
2983 1756 3158 1824 Atque
3196 1756 3268 1809 ita
3312 1771 3526 1827 quoque
3555 1759 3625 1814 de

1984 1838 2023 1892 Β
2054 1835 2250 1900 bobus,
2298 1841 2473 1908 equis,
2525 1842 2688 1910 agris.
2738 1841 2990 1898 Omnium
3046 1845 3197 1913 copia
3253 1862 3431 1900 rermu
3481 1849 3625 1903 :edes

2053 1937 2388 1996 coangustat,
2412 1945 2510 1986 nec
2539 1938 2624 1986 est
2645 1933 2786 1988 ullus
2813 1933 3190 1989 usus.Nullum
3214 1937 3356 1990 enim
3389 1938 3619 1992 fructum

2052 2017 2342 2087 voluptatis
2369 2022 2646 2090 percipere
2665 2033 2858 2091 p0test,
2883 2027 3126 2096 quisquis
3147 2038 3230 2082 est
3262 2029 3619 2086 insatiabilis:

2051 2118 2244 2176 estque
2290 2109 2481 2164 domus
2531 2112 2651 2180 ejus
2681 2115 2982 2172 conditorio
3016 2133 3080 2172 ac
3125 2120 3373 2189 sepulcro
3403 2122 3615 2177 similis.

2063 2196 2194 2249 Cum
2231 2199 2374 2250 enim
2404 2201 2652 2268 sepulcra
2696 2203 2836 2257 haud
2887 2221 3012 2261 raro
3054 2207 3206 2276 plena
3236 2210 3345 2264 sint
3380 2226 3514 2266 auro
3543 2221 3624 2265 at-

2051 2303 2156 2358 que
2183 2300 2402 2358 argento
2435 2308 2447 2344 :
2491 2293 2582 2360 qui
2620 2303 2796 2349 tamen
2843 2296 2908 2351 iis
2945 2307 3146 2361 utatur,
3199 2303 3414 2356 exsistit
3442 2319 3618 2358 nemo.

2050 2381 2211 2434 Avari
2253 2396 2450 2450 corpus
2477 2398 2580 2437 non
2609 2385 2793 2449 alitur,
2827 2387 3005 2442 anima
3047 2390 3178 2444 nihil
3204 2391 3464 2447 literatur.
3504 2393 3620 2450 Non

2051 2474 2194 2526 enim
2221 2474 2564 2546 eleemosyna
2594 2491 2658 2532 ex
2685 2477 2800 2544 ejus
2829 2481 3093 2534 exuberat
3133 2482 3373 2538 dextera.
3421 2486 3623 2542 Doceat

2053 2579 2151 2620 nos
2177 2579 2364 2620 eorum
2400 2568 2618 2637 aliquis,
2657 2583 2796 2638 quos
2826 2571 2912 2624 hic
2943 2573 3160 2626 morbus
3194 2576 3400 2642 pridem
3444 2581 3618 2635 corri-

2054 2658 2189 2727 puit,
2221 2660 2468 2728 quisnam
2507 2661 2638 2715 tanti
2683 2659 2842 2727 hujus
2870 2662 3068 2716 laboris
3092 2679 3154 2719 ac
3178 2681 3431 2723 aerumna:
3460 2673 3529 2724 sit
3554 2674 3585 2725 li
3604 2703 3618 2712 -

2053 2750 2158 2805 nis.
2191 2751 2386 2808 Multos
2407 2753 2654 2822 equidem
2680 2756 2792 2827 ipse
2822 2757 2962 2815 facto
2991 2762 3226 2828 periculo
3257 2763 3397 2823 novi,
3426 2763 3517 2832 qui
3539 2765 3619 2819 vel

2051 2841 2246 2899 afflicta
2275 2845 2527 2911 sanitate,
2568 2846 2678 2916 ipsa
2709 2850 2882 2904 salute
2912 2853 3190 2918 pecuniam
3233 2854 3402 2921 magis
3440 2867 3621 2910 ament

2052 2945 2214 3006 atque
2264 2938 2569 3004 aestiment;
2609 2956 2730 2994 nam
2770 2941 2814 2995 si
2861 2941 2997 2996 forte
3031 2944 3270 2999 medicus
3325 2948 3618 3002 remedium

2051 3033 2130 3080 eis
2162 3027 2401 3096 parabile
2422 3042 2488 3082 ac
2514 3030 2663 3096 parvi
2690 3033 2846 3099 pretii
2874 3035 3207 3102 praescribat,
3236 3050 3302 3089 ex
3324 3039 3446 3106 apio
3472 3051 3618 3106 pulzt,

2052 3119 2134 3174 vel
2181 3120 2387 3191 thymo,
2439 3121 2519 3176 vel
2550 3125 2768 3187 anetho,
2803 3139 2925 3193 quae
2981 3129 3185 3193 passim
3216 3131 3375 3184 obvia
3406 3141 3534 3186 sunt
3567 3144 3620 3186 et

360 3217 473 3269 τῶν
515 3215 599 3270 οἷα
644 3220 712 3272 τά
784 3218 1004 3272 ποικίλα
1052 3219 1146 3272 καὶ
1191 3218 1583 3284 πολυσύνθετα,
1633 3220 1727 3273 καὶ
1769 3219 1944 3273 ὲλθείν

2050 3224 2216 3278 parvo
2243 3222 2646 3278 comparantur,
2689 3213 2808 3266 sine
2861 3230 3006 3268 mora
3063 3219 3290 3272 consilio
3347 3222 3620 3290 obtempe-

362 3310 503 3382 πρὶς
549 3311 641 3364 τὸν
677 3310 1129 3382 φαρμακοπώλην
1161 3311 1195 3384 ἢ
1239 3311 1299 3364 τὸ
1359 3311 1731 3382 μυροπωλεῖω
1761 3311 1950 3365 κελευ-

359 3402 585 3466 σθῶσιν,
619 3402 812 3456 θᾶττον
835 3402 934 3473 τὴν
957 3402 1132 3473 ψυχὴν
1153 3403 1433 3472 ἀφιέντας,
1465 3402 1496 3472 ἢ
1529 3401 1754 3465 λύοντας
1777 3401 1838 3454 τὸ
1864 3401 1950 3471 βα-

360 3492 592 3546 λάντιον.
647 3494 827 3564 Γήινοι
875 3493 984 3564 γὰρ
1018 3494 1168 3556 ὄντες
1200 3493 1260 3545 τὸ
1293 3495 1566 3565 φρόνημα,
1613 3493 1712 3563 τὴν
1756 3494 1948 3561 κτῆσιν

358 3585 470 3637 τῶν
502 3584 708 3654 γηίνων
734 3585 875 3637 ὑλῶν
907 3583 1188 3656 νομίζουσι
1212 3587 1310 3654 τὴν
1343 3584 1510 3654 ζωήν.

362 3695 680 3735 crumenam
716 3681 946 3735 solvant.
984 3682 1190 3750 Quippe
1228 3692 1405 3735 tuente
1469 3696 1532 3734 ac
1592 3681 2008 3748 cogitationibus

360 3778 611 3843 spiritum
631 3779 859 3832 ducunt.

431 3869 669 3934 Τούτους
718 3868 978 3922 λυποῦσιν
1021 3869 1160 3937 ἄγαν
1204 3870 1295 3923 καὶ
1321 3871 1375 3922 αἰ
1415 3871 1591 3924 κοιναὶ
1627 3871 1939 3940 εὐπραγίαι·

359 3961 717 4031 εὐφραίνουσι
743 3961 802 4013 δὲ
843 3962 898 4013 αἰ
947 3962 1315 4030 περιστάσεις.
1345 3960 1605 4031 Εὕχονται
1641 3961 1735 4015 καὶ
1761 3962 1942 4032 φόρων

359 4053 702 4106 ἀνυποίστων
746 4053 936 4123 φοιτᾷν
966 4053 1338 4123 ἐπιτάγματα,
1382 4053 1468 4105 ἵνα
1501 4052 1682 4114 τόκοις
1709 4052 1939 4105 πλεονά-

360 4160 498 4196 σωσι
531 4143 592 4195 τὸ
621 4143 900 4214 ἀργύριον.
961 4143 1320 4214 Ἐπιθυμοῦσι
1370 4142 1587 4213 βλέπειν
1627 4143 1755 4206 τοὺς
1789 4141 1938 4212 παρὰ

357 4234 469 4287 τῶν
491 4235 783 4287 δανειστῶν
809 4235 1164 4304 ἀγχομένους,
1189 4234 1275 4287 ἵνα
1297 4234 1604 4306 κτήσωνται
1632 4232 1724 4285 τὸν
1747 4232 1935 4302 ἀγρὸν,

357 4327 395 4396 ἢ
424 4326 485 4377 τὸ
510 4325 720 4389 σκεῦος,
749 4326 864 4396 ἢτὸ
895 4327 1052 4390 ζῶον,
1083 4327 1297 4390 εὐώνως
1333 4329 1397 4380 ὲκ
1429 4326 1529 4396 τῆς
1565 4325 1811 4394 ἀνάγκης
1854 4326 1934 4394 ῥι-

362 4416 632 4485 πτόμενον
679 4416 922 4486 Συνεχῶς
961 4417 1014 4470 δὲ
1047 4417 1141 4471 καὶ
1172 4417 1307 4489 πρὸς
1335 4417 1425 4470 τὸν
1455 4417 1682 4487 οὐρανὸν
1708 4415 1934 4468 ἀναϐλέ-
1972 4434 2012 4486 ί)

361 4522 524 4558 πουσι
556 4505 696 4558 κατά
730 4506 854 4568 τοὺς
889 4507 1212 4577 φιλοσόφους
1241 4509 1366 4570 τοὺς
1393 4508 1461 4560 τά
1496 4506 1744 4576 μετέωρα
1783 4522 1942 4576 φρον-

357 4596 631 4658 τίζοντας,
659 4597 759 4649 οὑκ
793 4598 1019 4668 ἀστέρος
1043 4597 1260 4668 ἐντολὴν
1283 4597 1589 4668 ζητοῦντες,
1618 4597 1738 4649 οὐδὲ
1761 4596 1844 4658 τίς
1865 4591 1942 4648 οἷ-

362 4703 456 4749 κος
501 4687 595 4740 ἕνα
638 4687 746 4739 τῶν
790 4688 1075 4760 πλανητῶν
1114 4689 1225 4760 ἔχει
1262 4687 1771 4760 περισκοπούμενοι·
1806 4687 1942 4739 ἀλλά

359 4780 458 4849 τὴν
490 4780 584 4833 τοῦ
618 4781 776 4851 ἀέρος
803 4781 1381 4852 πολυπραγμονοῦντες
1410 4781 1762 4842 κατάστασιν,
1793 4779 1842 4831 εί
1872 4777 1940 4831 τά

362 4871 773 4941 προφαινόμενα
818 4875 1018 4942 σημεῖα
1057 4872 1278 4943 ὄμϐρων
1319 4871 1599 4942 ἐπιρροήν,
1649 4869 1681 4937 ἢ
1729 4869 1939 4940 αὐχμὸν

360 4960 772 5028 ἐπαγγέλλεται.
831 4963 949 5014 Κᾶν
999 4961 1147 5014 ἴδωσί
1191 4979 1244 5014 τι
1282 4966 1393 5024 τοῖς
1423 4961 1634 5023 πολλοῖς
1679 4959 1936 5030 δυσχερὲς

363 5049 831 5122 προσδοκώμενον,
879 5052 1257 5122 εὐφραίνονται
1295 5056 1360 5123 τῇ
1399 5052 1508 5108 τῶν
1547 5051 1720 5104 ἀλλων
1755 5049 1937 5102 κακώ-

363 5157 464 5194 σει.
513 5143 698 5193 Πάντα
729 5143 1052 5210 συνάγουσιν
1097 5144 1155 5195 ἐν
1197 5146 1308 5206 τοῖς
1351 5142 1640 5212 ταμιείοις,
1676 5140 1934 5210 ἀσφαλῶς

359 5234 884 5302 κατασημαίνοντες,
925 5235 1018 5288 καὶ¹
1055 5235 1258 5298 δισσοῖς
1302 5234 1567 5304 κλείθροις
1603 5231 1934 5301 κατασφαλί-

357 5323 561 5387 ζονται,
603 5324 1020 5394 διαμετροῦντες
1063 5325 1313 5396 ἀλήκτως
1347 5325 1686 5393 ψηφίζουσιν.
1744 5323 1932 5393 Ἀσχο-

353 5413 621 5484 λουμένου
651 5416 706 5468 δὲ
739 5416 832 5468 τοῦ
862 5417 1184 5469 πλεονέκτου
1221 5419 1347 5486 περί
1374 5418 1470 5486 τὴν
1491 5415 1749 5486 τοιαύτην
1777 5415 1934 5467 ἐλπί-

353 5505 440 5567 δα,
483 5505 578 5558 καὶ
609 5505 743 5566 τέως
791 5505 924 5576 ὄναρ
963 5505 1319 5570 πλουτοῦντος
1371 5508 1426 5557 ἐν
1472 5508 1538 5575 τῇ
1592 5505 1935 5574 σκιαγραφία

351 5597 464 5649 τῶν
502 5596 744 5661 ἐννοιῶν,
779 5597 873 5650 ὲάν
914 5597 1228 5668 ἐπιγένηται
1275 5599 1433 5667 νέφος
1483 5597 1641 5666 βαθὺ,
1687 5597 1934 5665 φοϐεῖται

351 5690 426 5751 ὼς
459 5689 839 5742 κινδυνεύσων.
875 5691 970 5741 "Av
996 5689 1227 5757 ψεκάδες
1261 5690 1359 5758 τὴν
1391 5689 1492 5759 γῆν
1521 5689 1932 5759 ἐπιρῤαἰνωσιν,

351 5782 718 5850 ὑποὸακρύειν
741 5781 985 5853 ἄρχεται·
1016 5781 1080 5833 ἂν
1100 5781 1154 5832 δὲ
1187 5782 1279 5833 καὶ
1316 5781 1467 5844 ὑετὸς
1490 5781 1806 5849 ἐπιγένηται
1831 5781 1932 5850 ἀρ-

639 5878 719 5934 ΡΑ
735 5894 905 5936 Πιοι..
939 5875 1054 5934 Gtt.
1094 5876 1217 5934 XL.

2045 3314 2198 3367 rant;
2230 3304 2274 3357 si
2311 3317 2440 3357 vero
2471 3304 2986 3358 medicatncnlorutn
3031 3309 3294 3375 ejusmodi
3335 3310 3426 3364 flat
3458 3328 3610 3366 men-

2045 3399 2138 3458 tio,
2171 3411 2290 3463 quae
2325 3397 2495 3457 varia.
2527 3411 2589 3449 ac
2634 3412 2697 3449 cx
2734 3398 2978 3464 pluribus
3029 3403 3321 3465 Composita
3354 3415 3501 3466 sunt,
3529 3405 3618 3473 ju-

2047 3489 2386 3556 beanturque
2423 3488 2502 3541 rel
2540 3488 3014 3557 pharmacopolam
3046 3490 3214 3556 adire,
3265 3493 3346 3545 vel
3394 3496 3462 3548 ab
3515 3512 3614 3549 nn-

2047 3583 2332 3651 guentaria
2379 3592 2592 3652 petere,
2646 3583 2882 3637 animam
2931 3586 3109 3653 potius
3153 3587 3429 3652 exhalent,
3457 3604 3614 3656 quam

2050 3679 2272 3741 terreni,
2311 3687 2644 3732 terrenarum
2685 3694 2865 3733 rerum
2908 3681 3306 3748 possessionem
3357 3683 3520 3738 vitam
3553 3700 3618 3738 ac

2118 3861 2227 3916 Hos
2251 3859 2385 3915 tales
2429 3860 2621 3913 tnirum
2657 3861 2709 3913 in
2732 3861 2946 3915 modum
2967 3861 3177 3933 publica
3209 3866 3615 3933 communisque

2046 3954 2276 4009 felicitas
2327 3952 2570 4004 molestia
2606 3949 2796 4014 allicit;
2836 3953 3026 4006 damna
3075 3963 3259 4007 contra
3312 3968 3374 4006 ac
3409 3955 3613 4024 clades,

2045 4044 2408 4099 delectatione
2448 4050 2500 4095 et
2536 4043 2751 4109 gaudio.
2797 4043 3070 4110 Exoplant
3101 4059 3292 4112 graves
3327 4061 3389 4099 ac
3423 4046 3614 4098 intole-

2047 4137 2246 4190 rabiles
2289 4133 2451 4188 indici
2490 4134 2880 4202 pensitationes
2926 4143 2981 4188 et
3033 4134 3252 4196 tributa,
3290 4151 3394 4204 quo
3429 4139 3610 4192 usuris

2045 4227 2328 4297 pecuniam
2358 4238 2586 4294 augeant
2617 4243 2629 4278 :
2662 4239 2929 4291 avemque
2977 4221 3156 4280 videre
3194 4226 3415 4279 miseros
3457 4243 3484 4278 ιι
3527 4227 3610 4282 fe-

2045 4318 2384 4374 neratoribus
2409 4331 2715 4384 oppressos,
2745 4327 2802 4369 ut
2821 4331 3006 4368 eorum
3027 4331 3206 4385 agros,
3232 4317 3609 4386 instrumenta,

2045 4409 2123 4461 vel
2167 4423 2357 4477 pecora
2383 4421 2446 4460 ac
2469 4408 2737 4474 jumenta,
2769 4421 2936 4474 parvo
2979 4421 3075 4473 per
3100 4408 3476 4462 necessitatem
3503 4426 3612 4463 mre

2042 4499 2299 4568 projecta,
2337 4497 2645 4567 acquirant.
2671 4495 2938 4549 Contione
2985 4511 3136 4560 vero,
3171 4496 3606 4566 philosophorum

2042 4593 2216 4644 instar
2244 4590 2389 4644 circa
2428 4598 2666 4642 meteora
2696 4571 3255 4648 versantium.ctelnm
3285 4590 3610 4656 suspiciunt,

2041 4699 2142 4736 non
2179 4691 2236 4734 ut
2277 4681 2470 4735 sideris
2499 4678 2726 4747 alicujus
2757 4686 2933 4733 ortum
2997 4688 3092 4732 aut
3123 4682 3351 4748 planetu:
3390 4684 3604 4738 domum

2039 4780 2368 4832 scrutentur,
2401 4771 2494 4825 sed
2520 4778 2578 4822 ut
2602 4768 2748 4822 aeris
2769 4769 3202 4823 constittuionem
3226 4773 3605 4835 considerent;

2039 4874 2093 4918 et
2117 4880 2184 4917 an
2214 4865 2528 4932 apparentia
2553 4862 2708 4930 signa
2746 4859 3008 4930 largiores
3049 4862 3268 4926 imbres,
3306 4873 3397 4916 aut
3431 4864 3604 4918 sicci-

2041 4964 2204 5008 taten't
2239 4953 2581 5010 denuntient.
2615 4954 2694 5007 At:
2723 4954 2767 5007 si
2801 4969 2896 5022 pro
2923 4967 3018 5022 spe
3063 4968 3158 5006 sua
3193 4954 3373 5006 multis
3408 4955 3604 5006 malum

2038 5047 2318 5099 imminere
2341 5044 2838 5108 animadverterint,
2868 5045 3042 5099 aliena
3076 5044 3389 5098 infelicitate
3419 5047 3606 5100 Ιιυιιιη-

2040 5148 2144 5190 tur.
2168 5135 2358 5191 Omnia
2391 5134 2626 5204 undique
2657 5150 2870 5189 suntttto
2901 5135 3078 5189 studio
3107 5136 3157 5186 in
3190 5136 3379 5190 horrea
3412 5152 3604 5206 longe-

2039 5235 2181 5289 runt,
2198 5229 2585 5296 obsignantque
2607 5225 2887 5293 diligenter
2905 5226 3134 5295 singula,
3157 5243 3219 5282 ac
3239 5229 3433 5296 duplici
3458 5245 3604 5283 coin-

2038 5320 2284 5372 muniunt
2323 5333 2464 5380 sera,
2514 5317 2762 5386 nullaque
2817 5319 3216 5373 intermissione
3253 5321 3605 5375 dimetiuntur

2036 5421 2196 5480 atque
2225 5420 2536 5480 suppulattl.
2571 5411 2712 5464 Inter
2753 5411 2864 5464 lucc
2893 5426 2955 5464 ac
2991 5413 3120 5466 dum
3167 5428 3226 5465 ea
3263 5427 3358 5482 spe
3409 5428 3603 5466 avarus

2035 5503 2305 5567 titillatur,
2336 5513 2390 5556 ct
2421 5504 2572 5571 quasi
2606 5517 2701 5572 per
2727 5505 2993 5557 somnium
3018 5505 3268 5558 inanibus
3304 5521 3367 5559 ac
3415 5506 3602 5574 imagi~

2033 5594 2202 5648 uariis
2226 5594 2418 5662 opibus
2449 5596 2670 5660 ditatur,
2723 5596 2767 5648 si
2820 5597 2991 5651 nubes
3036 5609 3129 5650 aut
3164 5598 3351 5650 nebula
3385 5598 3601 5649 densiOr

2032 5689 2420 5754 Supervenerit,
2444 5698 2768 5750 exterretur,
2801 5703 2864 5741 ac
2889 5689 2931 5741 si
2962 5691 3149 5758 ingens
3177 5689 3272 5754 ipsi
3304 5687 3598 5754 periculum

2033 5776 2330 5832 immineat.
2369 5779 2520 5843 Quod
2575 5779 2619 5833 si
2654 5780 2909 5837 minutula
2959 5780 3132 5848 pluvia
3174 5788 3376 5829 terram
3411 5794 3598 5844 asper-

2450 5871 2454 5874 ’
3323 5869 3354 5912 '7
