4070 6142
432 301 538 355 233

1703 297 1759 350 S.
1803 295 2076 350 ASTERlI
2120 294 2421 350 AMASENI

3586 295 3694 353 205

436 425 549 486 gat,
581 411 978 484 sublacrymari
1023 411 1264 482 incipit:
1304 411 1349 467 si
1394 425 1587 482 magna
1632 427 1786 481 aqua:
1822 412 1925 476 vis,
1956 427 2017 467 ac

2128 414 2230 466 κῶν
2264 412 2354 466 τὸν
2380 413 2590 481 αὐχμὸν
2619 411 2956 477 ἐξιάσασθαι,
2999 410 3194 474 πένθος
3220 409 3423 464 τέλειον
3453 412 3516 465 τὸ
3549 415 3691 483 πρᾶ-

434 506 664 562 siccitati
697 505 942 560 tollendze
975 519 1072 572 par
1126 504 1362 575 ingruat,
1388 512 1666 558 extremus
1687 519 1807 557 eum
1836 506 2012 560 luctus

437 605 684 663 occupat.
712 593 904 650 Omnia
923 594 1176 662 deinceps
1195 595 1508 662 perlustrat,
1527 608 1592 649 ac
1611 594 1840 649 sollicite
1865 609 2011 663 qum-

439 689 530 748 rit,
557 688 702 742 haud
747 702 903 742 secus
932 703 996 741 ac
1027 688 1367 757 periclitante
1391 685 1518 750 ﬁlio,
1549 700 1672 738 num
1713 686 2008 740 remedium

438 779 675 848 aliquod,
713 779 1011 847 modusque
1045 794 1108 832 ac
1150 777 1312 842 ratio,
1346 778 1612 830 frumenta
1649 793 1679 830 a
1729 775 1851 830 tabe
1885 792 2009 832 ver-

440 871 716 938 tniumqne
765 869 958 937 injuria
1015 867 1318 923 diutissime
1376 867 1652 922 servandi.
1715 867 1792 921 Ac
1834 868 1878 920 si
1901 867 2012 937 jam

439 968 672 1015 aestumo
719 960 1133 1026 animadvertit,
1163 972 1227 1013 ac
1251 956 1459 1013 caloris
1507 957 1638 1012 vitio
1669 957 1890 1023 corripi,
1919 971 2016 1025 pro

442 1051 776 1106 medicorum
810 1051 862 1106 iu
901 1065 995 1105 eos
1034 1049 1280 1104 instituto
1311 1047 1447 1118 (23),
1485 1048 1572 1116 qui
1609 1062 1744 1115 pene
1765 1047 2014 1101 exhausti

447 1153 571 1197 sunt
619 1158 684 1197 ac
737 1142 1137 1206 distabuerttnt,
1177 1141 1436 1210 expandit
1473 1155 1558 1202 ea,
1597 1139 1756 1208 inque
1787 1139 2020 1193 minores

439 1233 770 1286 distribuens
799 1232 1070 1295 cumulos,
1101 1232 1282 1286 studet
1306 1229 1650 1299 refrigerare.
1683 1229 1897 1284 Assidet
1922 1231 2020 1283 mi-

2117 519 2253 572 γμα.
2323 504 2636 573 Περινοστεῖ
2673 502 2858 556 λοιπὸν
2903 504 3038 556 πᾶσι
3090 503 3530 573 συσκοπούμενος
3567 506 3694 575 περὶ

2117 595 2209 648 τοῦ
2241 595 2414 660 σίτου,
2442 595 2517 658 ὡς
2545 594 2662 648 υίοῦ
2691 593 3112 657 κινδυνεύοντος,
3147 593 3230 656 τίς
3273 593 3435 664 ῖασις,
3467 593 3550 656 τίς
3595 613 3697 664 μη-

2118 687 2273 756 χανὴ,
2301 687 2386 738 ἵνα
2419 686 2553 756 πρὸς
2579 685 2745 739 πολὺν
2775 685 3088 756 αύταρκέσῃ
3117 686 3328 757 χρόνον,
3359 685 3443 738 ἵνα
3461 685 3567 738 τῶν
3597 703 3694 756 ση-

2115 777 2224 830 τῶν
2245 776 2478 849 διαφύγῃ
2498 777 2557 829 τὸ
2578 776 2770 840 πάθος.
2806 775 2922 828 Κᾶν
2945 777 3198 847 αἴσθηται
3221 776 3519 840 καύσωνος,
3544 776 3619 837 ῶς
3646 779 3696 830 oi

2119 868 2294 939 ίατροὶ
2330 869 2457 930 τοὺς
2485 867 2966 938 διαφορουμένους,
2987 866 3296 931 διαπλώσας
3319 868 3502 932 αὐτὸν,
3532 885 3698 922 καταο

2121 960 2331 1031 μερίζει
2367 960 2462 1014 καὶ
2487 959 2811 1029 καταψύχει,
2840 959 3054 1029 μοχθῶν
3086 958 3541 1032 προσκαθέζεται,
3573 957 3696 1011 σκέ·

2119 1067 2228 1120 πην
2265 1050 2404 1103 κατά
2443 1050 2543 1121 τὴν
2579 1049 2925 1120 μεσημϐρίαν
2958 1049 3260 1117 σοφίζεται,
3287 1049 3388 1112 τὰς
3415 1048 3571 1112 σκιὰς
3608 1066 3698 1101 νυο

2120 1141 2246 1204 κτὸς
2288 1141 2613 1209 ἀπογυμνοῖ,
2667 1140 2754 1193 ἵνα
2795 1143 2916 1203 ταῖς
2964 1139 3160 1211 αὔραις
3197 1143 3317 1204 ταῖς
3354 1141 3700 1211 νυκτεριναῖς

2123 1231 2482 1301 ὑποπνέηται.

441 1339 533 1380 ser
581 1339 645 1377 ac
690 1339 750 1378 se
775 1324 1137 1387 discrucians;
1198 1332 1554 1393 tegumenque
1597 1338 1660 1376 ac
1713 1331 1952 1375 tutamen
1987 1335 2015 1374 a
2055 1321 2279 1377 meridie
2329 1322 2624 1391 excogitat;
2691 1335 2753 1374 ac
2787 1319 2932 1374 circa
2961 1327 3175 1372 noctem
3245 1333 3430 1374 rursus
3456 1331 3698 1384 amovet,

445 1427 499 1470 ut
528 1425 808 1471 nocturna:
835 1430 984 1470 aurae
1015 1415 1238 1470 liberius
1271 1415 1514 1483 aspirare
1541 1424 1761 1484 queant.

516 1512 572 1566 In
604 1511 690 1565 his
723 1512 993 1565 laboribus
1018 1526 1080 1564 ac
1110 1510 1371 1565 molestiis
1399 1512 1752 1566 circumstans
1787 1525 2008 1581 pauper.

2190 1507 2376 1562 Ταῦτα
2410 1505 2556 1576 αὐτῷ
2585 1501 3016 1573 ταλαιπωροῦντι
3059 1503 3086 1554 6
3123 1499 3288 1569 πένης
3327 1500 3697 1571 περιίσταται,

444 1602 805 1671 periclitantis
846 1602 1054 1671 aliquid
1079 1602 1334 1658 frumenti
1368 1613 1540 1672 rogat,
1561 1617 1657 1657 nec
1688 1603 1777 1657 ille
1808 1604 2012 1657 tribuit:

445 1704 541 1748 aut
575 1709 727 1759 sane,
765 1693 816 1748 id
875 1709 1039 1762 parce
1094 1695 1383 1748 admodum
1443 1710 1506 1749 ac
1542 1693 1893 1760 semianimis,
1921 1709 2019 1764 pro

446 1784 843 1839 vehementiori
876 1799 976 1839 suo
997 1784 1064 1839 ad
1097 1785 1224 1838 illud
1266 1784 1480 1840 aﬂ'ccru.
1516 1786 1714 1840 Verum
1769 1786 2017 1847 obsecro,

445 1874 541 1944 qui
575 1875 669 1928 tali
710 1875 980 1944 praeditus
1017 1875 1239 1944 ingenio
1262 1877 1358 1938 sis,
1383 1891 1448 1929 ne
1483 1883 1738 1945 perpetuo
1761 1876 1840 1929 sic
1869 1874 2018 1928 labo-

445 1982 572 2022 rare
596 1981 658 2022 ac
702 1967 1026 2022 discruciari
1063 1967 1216 2022 velis.
1257 1966 1402 2022 Sane
1441 1968 1655 2037 quidem
1689 1966 1771 2020 vel
1809 1967 1854 2020 is
1888 1981 2021 2031 quo-

447 2075 552 2130 que
583 2075 777 2116 avarus
801 2059 992 2129 dignus
1017 2068 1099 2112 est
1127 2059 1492 2121 miseratione,
1521 2058 1610 2126 qui
1640 2072 1744 2111 non
1765 2057 2019 2110 abhorret

449 2167 478 2204 a
517 2150 762 2216 deliciis;
819 2150 910 2220 qui
968 2150 1173 2204 ventris
1233 2148 1505 2219 voluptate
1551 2149 1782 2217 aliisque
1839 2149 2023 2209 definit

449 2247 642 2308 vitam,
681 2256 916 2310 eumque
949 2241 1186 2296 hominis
1221 2241 1380 2295 linem
1427 2240 1624 2296 credit.
1662 2239 1825 2294 Multo
1853 2240 2023 2311 magis

451 2349 517 2388 ac
551 2333 874 2388 immensum
907 2332 1268 2396 miserrimus,
1322 2331 1412 2401 qui
1448 2329 1726 2384 illiberalis
1751 2338 1835 2383 cst
1863 2340 2024 2398 atque

449 2424 740 2490 sordidus;
771 2438 1018 2493 unusque
1071 2422 1186 2492 ipse
1229 2438 1347 2492 qua:
1372 2431 1495 2475 sunt
1523 2412 1750 2490 plurium
1774 2427 2020 2488 occupat,

453 2532 516 2573 ac
547 2531 702 2572 suum
722 2515 1070 2570 nihilominus
1092 2513 1306 2583 genium
1327 2511 1632 2574 defraudat,
1658 2509 1802 2563 nullo
1824 2517 2025 2564 exacta:

455 2609 591 2662 adeo
615 2605 904 2676 diligentias
933 2605 1106 2659 fructu
1147 2610 1311 2671 atque
1356 2602 1482 2656 line.
1529 2600 1663 2667 Quis
1707 2600 1848 2653 enim
1878 2600 2028 2668 igno-

451 2708 556 2761 rat,
593 2707 820 2766 pr0pter
841 2696 1102 2766 seipsum,
1133 2693 1376 2761 exceptis
1405 2692 1714 2757 virtutibus,
1739 2690 1868 2745 nihil
1889 2691 2024 2754 tieri,

448 2788 544 2842 sed
576 2795 636 2840 ut
682 2785 825 2840 aliud
881 2800 945 2838 ex
1005 2783 1110 2838 alio
1165 2782 1489 2849 obtineatur,
1524 2797 1587 2836 ac
1635 2781 2027 2836 conﬁciamus?

447 2877 618 2933 Nemo
667 2886 814 2933 certe
863 2876 1144 2945 quisquam
1213 2874 1378 2930 soliu;
1449 2889 1607 2928 causa
1669 2852 2094 2942 navigationisC

453 2970 588 3024 mari
639 2984 700 3025 se
748 2968 1068 3032 committit;
1106 2981 1264 3020 nemo
1310 2974 1526 3034 propter
1555 2965 1724 3034 ipsam
1755 2964 2017 3032 agricola-

453 3065 650 3116 tionem
676 3062 730 3116 in
756 3059 939 3114 labore
971 3067 1182 3112 aetatem
1219 3056 1361 3126 agit;
1419 3057 1514 3110 sed
1554 3055 1756 3124 liquido
1785 3065 2020 3117 constat,

452 3153 594 3221 quod
619 3161 770 3206 certo
803 3158 1030 3218 uterque
1063 3148 1291 3202 consilio
1327 3148 1460 3201 istas
1496 3147 1774 3202 molestias
1805 3146 2016 3200 subeat:

457 3247 595 3300 alter
625 3243 880 3299 nituit-um
913 3241 990 3296 uti
1022 3239 1199 3308 fruges
1235 3239 1563 3308 uheremque
1598 3252 1828 3292 messem
1877 3236 2026 3291 colli—

455 3347 574 3405 gat;
600 3335 757 3399 alter,
797 3343 857 3388 ut
891 3334 1120 3388 nautica:
1146 3331 1524 3403 negotiationis
1551 3329 1770 3384 divitias
1806 3329 2016 3382 referat.

453 3429 532 3484 Tn
556 3443 686 3485 vero
713 3427 822 3492 dic,
851 3427 1030 3492 sodes,
1056 3426 1307 3494 quidnam
1340 3433 1568 3493 spectes,
1589 3433 1642 3476 ut
1669 3423 1749 3476 sic
1769 3421 2027 3490 colligas?

454 3522 655 3590 quidve
689 3519 812 3574 linis
849 3517 1178 3588 propositum
1207 3517 1298 3580 sit,
1333 3525 1390 3568 ut
1437 3515 1507 3567 ita
1540 3528 1670 3580 opes
1699 3512 1916 3567 inutiles
1932 3526 2020 3564 ex-

455 3622 670 3668 struere
691 3609 951 3664 studeas‘l
975 3605 1066 3661 Vel
1117 3608 1252 3676 ipse,
1286 3606 1485 3673 inquis,
1521 3619 1606 3660 me
1639 3615 1891 3672 aspectus
1934 3603 2027 3656 de-

455 3702 638 3755 lectat.
685 3698 845 3768 Atqui
889 3698 1092 3751 ratione
1134 3697 1238 3750 alia
1272 3696 1462 3750 morbo
1489 3706 1578 3750 tuo
1619 3696 1866 3765 indulge;
1905 3711 2025 3747 nam

463 3790 654 3844 alienis
687 3789 848 3841 etiam
882 3787 1038 3842 bonis
1085 3786 1279 3840 sedare
1336 3788 1438 3840 hoc
1488 3783 1812 3840 desiderium
1851 3794 2024 3853 potes.

469 3882 526 3935 Si
569 3892 619 3935 te
648 3879 790 3947 capit
817 3895 881 3932 ac
907 3877 1174 3945 exhilarat
1231 3877 1436 3946 argenti
1478 3877 1672 3948 fulgor,
1713 3879 1764 3931 in
1795 3879 2030 3946 argenti-

463 3974 622 4028 licnnt
649 3970 874 4025 oliicinis
897 3969 1152 4024 assidenti
1185 3981 1558 4024 coruscantem
1595 3973 1805 4037 argenti
1853 3971 2026 4025 lucent

459 4061 815 4132 contemplari
847 4061 1001 4125 licet;
1057 4071 1149 4135 aut
1199 4061 1343 4115 circa
1401 4061 1576 4115 forum
1605 4071 1660 4114 et
1706 4061 1818 4115 loca
1851 4078 2026 4116 rerum

463 4155 754 4218 venalium,
793 4154 880 4207 ubi
917 4152 1075 4215 disci,
1107 4154 1312 4219 lances,
1366 4153 1610 4221 aquales,
1651 4167 1714 4206 ac
1743 4167 1904 4208 onme
1938 4169 2029 4223 ge-
2061 4192 2107 4249 Β

463 4265 564 4304 nus
593 4258 838 4319 prostant
883 4246 1122 4316 exposita
1153 4261 1304 4306 vasa.
1357 4247 1596 4300 animum
1626 4245 1915 4301 oblectare.
1941 4247 2032 4302 Li-

461 4348 650 4401 berum
675 4345 775 4398 hoc
800 4357 861 4395 ac
899 4343 1194 4411 gratuitum
1222 4341 1610 4410 spectaculum.
1651 4341 1756 4396 Sed
1790 4353 1843 4396 et
1877 4357 2033 4395 num-

463 4433 720 4488 mularios
771 4443 1018 4501 spectare
1069 4431 1218 4495 licet,
1267 4431 1438 4499 quiin
1492 4431 1693 4485 mensis
1753 4433 2030 4499 pecuniam

461 4527 678 4580 assidue
734 4531 1074 4577 contrectant
1125 4531 1290 4590 atque
1345 4523 1707 4577 dinutnerant.
1753 4521 1864 4577 lmo
1907 4539 2034 4576 vero

462 4616 622 4670 rectis
673 4613 850 4682 potius
893 4611 1272 4678 obtemperans
1337 4611 1572 4674 monitis,
1623 4627 1844 4680 pravum
1891 4613 2033 4667 hunc

470 4705 766 4775 appetitum
797 4717 989 4765 exues,
1014 4717 1077 4754 ac
1103 4702 1342 4755 animum
1374 4703 1628 4757 mutabis.
1661 4703 1855 4758 Facilis
1889 4707 2031 4759 enim

2119 1600 2297 1672 ζητῶν
2326 1602 2390 1653 ὲκ
2415 1597 2508 1652 τοῦ
2534 1595 2929 1657 κινδυνεύοντος
2958 1592 3128 1655 σίτου,
3159 1592 3252 1644 καὶ
3285 1592 3345 1644 ού
3373 1591 3588 1644 δίδωσιν
3609 1610 3622 1624 ·
3663 1593 3697 1658 ἧ

2117 1693 2262 1754 δοὺς,
2300 1689 2572 1760 φειδωλῶς
2611 1687 2894 1760 χαρίζεται
2938 1685 3033 1738 καὶ
3057 1682 3378 1754 ήμίθνητος,
3413 1682 3508 1736 τοῦ
3545 1682 3694 1736 σίτου

2121 1784 2326 1855 σφόδρα
2372 1781 2780 1853 περιεχόμενος.
2825 1777 2916 1847 Μὴ
2956 1777 3135 1829 τοίνυν
3173 1775 3459 1845 ἀπέραντα
3507 1775 3698 1846 μόχθει

2121 1877 2214 1930 καὶ
2247 1873 2481 1945 χαλέπα,
2522 1873 2550 1924 6
2577 1869 2840 1932 τοιοῦτος,
2873 1866 3198 1939 παρακαλῶ,
3240 1866 3420 1919 Ἐλέου
3458 1867 3555 1938 μὲν
3588 1867 3698 1938 γὰρ

2121 1969 2268 2032 ἄξιος
2291 1968 2385 2021 καὶ
2406 1968 2434 2018 6
2460 1963 2680 2038 τρυφῶν
2710 1962 3063 2032 πλεονέκτης,
3097 1961 3126 2014 6
3151 1963 3216 2031 τῇ
3241 1961 3437 2032 γαστρὶ
3459 1961 3550 2014 καὶ
3578 1964 3698 2023 ταῖς

2121 2060 2306 2122 ἄλλαις
2333 2059 2546 2128 ἡδοναῖς
2578 2053 2905 2126 περιορίζων
2940 2053 3030 2106 τὸν
3070 2051 3202 2118 βίον,
3233 2050 3391 2103 τοῦτο
3423 2050 3570 2114 τέλος
3614 2068 3699 2102 vo-

2126 2151 2296 2221 μίζων
2345 2149 2444 2219 τῆς
2490 2146 2925 2218 ἀνθρωπότητος.
2973 2144 3032 2196 Ὀ
3073 2143 3128 2197 δὲ
3177 2145 3554 2213 μικροπρεπὴς
3602 2144 3700 2196 καὶ

2125 2240 2508 2312 σμικρολόγος,
2540 2238 2659 2291 οὐδὲ
2692 2237 2889 2308 μέτρον
2923 2236 3034 2307 ἔχει
3058 2236 3156 2305 τῆς
3188 2235 3520 2304 ἀθλιότητος,
3556 2234 3695 2304 λαμο

2123 2332 2300 2386 6ἀνων
2329 2331 2396 2383 τά
2420 2329 2528 2382 τῶν
2569 2327 2800 2391 πολλῶν,
2838 2327 2929 2380 καὶ
2957 2326 3136 2397 ἑαυτῷ
3172 2325 3245 2396 μὴ
3271 2325 3464 2388 διδοὺς.
3489 2326 3568 2388 είς
3604 2325 3697 2378 οὐ·

2122 2423 2209 2474 δὲν
2235 2421 2290 2475 δὲ
2316 2420 2641 2490 καταλήγων
2668 2418 2768 2488 τῆς
2794 2416 3030 2487 σπουδῆς
3061 2415 3428 2486 ἀποτέλεσμα.
3468 2415 3559 2477 Τίς
3590 2414 3702 2486 γάρ

2124 2515 2224 2567 οὐκ
2257 2509 2415 2578 οἶδεν,
2459 2512 2534 2574 ὼς
2572 2510 2725 2563 οὐδὲν
2762 2509 2870 2562 τῶν
2906 2508 3226 2577 γινομένων,
3259 2508 3399 2578 πλὴν
3431 2507 3537 2560 τῶν
3567 2507 3702 2576 ἀρε-

2123 2605 2252 2662 τῶν.
2285 2603 2415 2656 αὐτὸ
2455 2602 2521 2655 δι’
2556 2601 2714 2654 ἑαυτὸ
2745 2600 2978 2668 γίνεται,
3009 2599 3120 2653 ἀλλ’
3145 2599 3331 2670 ἔτερόν
3364 2616 3417 2652 τι
3465 2598 3704 2669 πράττο-

2130 2711 2248 2764 μεν,
2282 2694 2345 2746 ἵν’
2380 2691 2504 2746 ἄλλο
2527 2689 2996 2760 κατορθώσωμεν;
3031 2687 3219 2750 Οὐδεὶς
3247 2687 3444 2750 πλέων,
3475 2688 3540 2740 δι’
3569 2687 3704 2740 αὺτδ

2127 2787 2187 2839 τὸ
2242 2786 2412 2848 πλεῖν,
2471 2781 2805 2836 θαλαττεύειο
2845 2780 2965 2833 οὐδὲ
3025 2779 3308 2851 γεωργῶν,
3360 2781 3427 2834 δι’
3473 2779 3606 2834 αὐτὸ
3642 2779 3706 2832 τὸ

2128 2879 2414 2949 γεωργεῖν,
2453 2878 2566 2938 τοῖς
2593 2875 2774 2936 πόνοις
2806 2872 2960 2942 συζῗγ
2997 2872 3132 2926 ἀλλά
3177 2872 3461 2942 πρόδηλον,
3493 2875 3569 2938 ὡς
3593 2879 3708 2939 τοῖς

2126 2966 2386 3036 λυπηροῖς
2437 2961 2860 3033 ὲγκαρτεροῦσιν
2910 2960 3229 3030 ἀμφότεροι,
3265 2961 3294 3012 6
3336 2961 3436 3030 μὲν
3472 2961 3559 3016 ἵνα
3605 2965 3709 3035 τὴν

2127 3055 2456 3127 ἐπικαρπίαν
2480 3054 2578 3125 τῆς
2603 3054 2726 3123 γῆς,
2757 3054 2787 3106 6
2813 3052 2870 3106 δὲ
2901 3053 2988 3105 ἵνα
3024 3051 3113 3104 τὸν
3146 3051 3372 3105 πλοῦτον
3400 3053 3498 3123 τῆς
3522 3071 3707 3110 ναυτι-

2127 3149 2228 3218 κῆς
2262 3146 2528 3218 ἐμπορίας
2570 3146 2885 3216 κομίσηται.
2918 3145 2990 3197 Σὺ
3025 3143 3101 3204 δὲ,
3127 3144 3179 3197 τί
3210 3144 3268 3198 τὺ
3296 3145 3386 3199 σὸν
3421 3145 3594 3217 πέρας
3624 3150 3707 3202 εἱ-

2127 3245 2214 3297 πέ.
2245 3244 2362 3296 Ἵνα
2386 3241 2731 3311 συναγάγῃςς
2757 3239 2864 3293 Καὶ
2885 3241 3034 3291 ποῖον
3062 3237 3220 3292 τοῦτο
3245 3239 3397 3302 τέλος
3425 3241 3505 3304 τὸ,
3531 3242 3706 3312 ἄχρη-

2127 3353 2250 3389 στον
2279 3333 2410 3404 ὓλην
2451 3331 2824 3404 σωρεύσαντα,
2870 3330 3127 3400 βλέπειν;
3177 3331 3382 3401 Τέρπει
3429 3349 3515 3402 με,
3549 3334 3706 3401 φησὶ.

2128 3428 2222 3480 καὶ
2245 3428 2278 3498 ἡ
2304 3425 2420 3479 θέα.
2453 3423 2665 3478 Οὐκοῦν
2688 3423 2862 3487 ἀλλως
2894 3423 2956 3475 τὸ
2987 3411 3195 3475 σαυτοῦ⁸
3212 3423 3423 3494 νόσημα
3458 3423 3705 3492 μέτελθε.

2131 3517 2377 3583 Ἔξεστιν
2404 3514 2512 3583 γὰρ
2555 3514 2650 3567 καὶ
2677 3515 2790 3576 τοῖς
2815 3511 3116 3582 ἀλλοτρίοις
3151 3514 3396 3583 χρήμασι
3428 3531 3708 3585 προσανα-

2129 3608 2321 3662 παύειν
2353 3605 2442 3658 τὸν
2477 3604 2657 3658 πόθον.
2697 3603 2758 3656 Εἰ
2800 3604 3080 3676 εὐφραίνει
3131 3621 3189 3656 σε
3221 3604 3283 3657 τὸ
3328 3605 3578 3658 στιλπνὸν
3613 3607 3708 3660 τοῦ

2129 3699 2417 3772 ἀργυρίου.
2451 3693 2903 3768 προσκαθήμενος
2944 3697 3056 3758 τοῖς
3089 3695 3442 3765 ἀργυροχόοις
3470 3695 3710 3749 ἀπόϐλε-

2130 3810 2198 3845 πε
2221 3790 2354 3861 πρὸς
2388 3788 2486 3860 τὴν
2519 3786 2729 3856 πυκνὴν
2760 3784 2853 3837 καὶ
2890 3786 3208 3838 στίλϐουσαν
3239 3786 3430 3856 αὑγήν·
3461 3787 3492 3857 ἦ
3518 3787 3611 3840 καὶ
3640 3787 3713 3840 τὰ

2131 3883 2408 3956 πρατήρια
2471 3880 2929 3951 καταλαμϐάνων,
2993 3878 3196 3947 τέρπου
3268 3880 3378 3941 τοῖς
3448 3877 3713 3941 ποικίλοις

2134 3973 2404 4033 σκεύεσιν,
2427 3969 2713 4042 ὀφοφόροις
2739 3986 2796 4022 τε
2827 3967 3216 4043 καὶ-προχόοις·
3263 3969 3462 4038 προῖκα
3493 3967 3600 4038 γάρ
3627 3984 3713 4021 σοι

2132 4068 2227 4120 κοιλ⁸
2265 4062 2540 4119 ἀκώλυτον
2571 4063 2604 4131 ἡ
2639 4060 2753 4113 θέα.
2802 4060 2945 4130 Ὅρα
2994 4059 3086 4112 καὶ
3122 4060 3247 4121 τοὺς
3287 4058 3714 4129 ἀργυρογνώμο-

2133 4175 2228 4222 νας
2298 4155 2424 4217 τοὺς
2487 4153 2580 4206 ἐπὶ
2653 4151 2761 4230 τῶν
2830 4150 3114 4220 τραπεζῶν
3175 4151 3534 4222 ψηλαφῶντας
3615 4153 3711 4205 καὶ

2135 4249 2504 4321 ἀριθμοῦντας
2560 4245 2798 4315 συνεχῶς
2850 4247 2918 4296 τὰ
2969 4244 3313 4315 νομίσματαο
3384 4245 3584 4315 μᾶλλον
3631 4245 3710 4308 δὲ,

2135 4341 2456 4412 παραινέσει
2517 4337 2759 4398 πεισθεὶς
2799 4335 3000 4406 ἀγαθῇ.
3048 4334 3281 4404 μετάθου
3333 4335 3430 4405 τῆς
3463 4335 3710 4405 γνώμης.

2135 4431 2369 4494 Εὓκολος
2411 4430 2520 4499 γὰρ
2556 4431 2588 4498 ὴ
2624 4426 2926 4498 διόρθωσις,
2968 4423 3154 4496 ἐπειδὴ
3190 4425 3262 4494 μὴ
3305 4423 3520 4492 φύσεώς
3565 4427 3714 4478 ἐστιν

2134 4523 2348 4592 ἀνάγκη
2401 4517 2699 4582 πλεονεξία,
2757 4516 2901 4586 ὁρμὴ
2951 4515 3006 4567 δὲ
3062 4514 3453 4584 προαιρέσεως·
3499 4515 3565 4583 ἣν
3618 4531 3712 4585 με-

2139 4613 2390 4669 ταΰαλεῖν
2427 4613 2538 4673 τοῖς
2569 4609 2628 4661 τὸ
2670 4607 2947 4678 συμφέρον
2974 4604 3434 4675 ἐπιλογιζομένοις
3467 4607 3526 4658 ού
3556 4607 3714 4676 χαλε-

2143 4707 2259 4759 πόν.

467 4793 756 4857 correctio,
789 4808 910 4847 cum
944 4791 1173 4845 avaritia
1203 4807 1308 4846 non
1334 4793 1404 4846 sit
1435 4793 1616 4862 aliqua
1659 4797 1917 4850 naturalis
1959 4799 2279 4863 necessitas,
2312 4799 2404 4852 sed
2435 4799 2666 4866 impetus
2714 4810 2778 4850 ac
2830 4795 3128 4848 voluntaria
3177 4794 3420 4862 quaedam
3477 4791 3712 4856 aﬂectiu,

467 4905 630 4964 quam
659 4889 928 4957 deponere
956 4887 1097 4941 haud
1134 4888 1203 4941 iis
1234 4888 1306 4942 sit
1335 4887 1569 4954 difﬁcile,
1603 4891 1692 4958 qui
1731 4903 1981 4960 reputent
2005 4907 2066 4945 ac
2094 4895 2274 4946 norint
2305 4893 2626 4948 concludere
2659 4890 2799 4960 quod
2834 4889 2961 4943 utile
2985 4891 3074 4943 sit.

537 4981 789 5052 Prospice
817 4979 999 5032 animo
1029 4980 1080 5032 iu
1139 4976 1379 5032 futurum
1413 4989 1644 5050 tempus,
1681 4982 1902 5050 quando
1931 4999 2034 5034 non

464 5078 612 5142 om;
667 5072 882 5144 quando
933 5068 1166 5139 pauxilla
1253 5079 1396 5124 terra
1451 5083 1828 5140 exporrectum
1889 5084 2036 5127 tuum

471 5182 668 5236 corpus
719 5163 868 5220 omni
909 5165 1220 5219 destitutum
1276 5179 1436 5218 sensu
1505 5165 1749 5218 habitura
1807 5180 1921 5231 cst;
1977 5183 2039 5219 ac

467 5277 760 5333 paucorum
793 5257 967 5312 tabula
1005 5255 1330 5325 palmorum,
1386 5267 1507 5310 tuas
1549 5267 1858 5310 cuntectura
1911 5258 2035 5310 reli-

465 5355 642 5426 quias.
674 5353 772 5406 Ubi
835 5363 960 5403 tunc
1001 5364 1156 5417 opes,
1210 5363 1275 5402 ac
1333 5348 1560 5404 collecta
1616 5349 1870 5403 cimelia?
1908 5349 2040 5414 Quis

538 5512 649 5581 (9.3)
694 5506 798 5560 Ρτο
851 5504 1164 5581 medicorum
1215 5503 1268 5578 in
1317 5518 1407 5580 neos
1461 5503 1724 5581 instituto,
1774 5502 1884 5581 qui.
1934 5509 2036 5553 elc-

465 5572 593 5637 Lt-‘vi
633 5572 1070 5644 'transpositione
1120 5573 1326 5624 restitui
1394 5574 1534 5638 quod
1585 5583 1734 5644 textu
1793 5572 2030 5644 luxatuni

472 5664 590 5704 «ιι-ειι
641 5641 821 5716 πηριιοῖ
851 5643 1154 5699 confusum,
1195 5656 1325 5716 cum
1372 5652 1524 5716 antea
1584 5642 1869 5716 legeretur,
1922 5641 2035 5716 τοῖς

464 5710 900 5793 διαφορου’μένοις
933 5711 1322 5780 καταμερὲζει’
1363 5713 1556 5779 quippe
1582 5710 1831 5775 alterum,
1872 5712 2038 5764 medi-

2218 4981 2562 5053 ’Υπέρκυψον
2597 4980 2675 5050 τῷ
2713 4979 2958 5049 λογισμῴ
2997 4981 3076 5042 εἰς
3106 4979 3194 5031 τὸν
3227 4976 3352 5044 ἑξῆς
3383 4975 3590 5046 χρόνον,
3623 4974 3716 5028 ὅτε

2136 5076 2235 5128 οὐκ
2264 5076 2382 5147 ἔσῃ·
2415 5075 2502 5126 ὅτε
2533 5071 2706 5143 μικρὰ
2746 5073 2817 5142 γῆ
2847 5069 3062 5133 καθέξει
3101 5086 3195 5122 σου
3235 5066 3606 5136 διηπλωμένον
3655 5066 3717 5118 τὸ

2139 5162 2298 5232 σῶμα
2330 5161 2674 5230 ἀναίσθητον·
2709 5158 2851 5222 πλὰξ
2891 5159 2948 5210 δὲ
2980 5157 3176 5223 ὀλίγων
3219 5154 3508 5222 σπιθαμῶν
3547 5153 3706 5206 καλύ·

2137 5253 2227 5322 ψει
2249 5254 2308 5305 τὸ
2333 5253 2600 5321 λείψανον.
2633 5251 2742 5303 Ποῦ
2767 5251 2887 5302 τότε
2914 5251 2942 5300 ὁ
2974 5248 3202 5311 πλοῦτος
3225 5249 3317 5301 καὶ
3345 5247 3412 5298 τὰ
3433 5243 3693 5314 συναχθέν

2139 5366 2204 5400 τα
2259 5347 2546 5418 κειμήλια;
2581 5347 2675 5407 Τίς
2728 5347 2756 5396 6
2798 5343 2904 5395 τῶν
2935 5340 3404 5409 καταλειφθέντων
3453 5335 3721 5406 κλειρονό-

2150 5515 2241 5552 cos
2263 5540 2277 5561 ,
2313 5500 2535 5552 alterum
2595 5496 2809 5562 respicit
2839 5509 3081 5550 avarum.
3110 5493 3200 5562 qui
3233 5492 3456 5562 idipsurn
3492 5509 3720 5562 proporo

2145 5572 2290 5621 tione
2343 5570 2394 5620 in
2449 5567 2713 5619 frutnenta
2766 5562 3092 5616 tabescentia
3144 5573 3376 5630 praestet,
3435 5576 3595 5629 atque
3643 5563 3720 5615 illi

2145 5639 2196 5691 in
2246 5653 2468 5703 corpora
2519 5635 2872 5688 immoderato
2915 5638 3100 5703 calore
3149 5633 3606 5694 t'ontahescetttia,
3657 5647 3721 5684 ac

2147 5723 2264 5776 quae
2300 5702 2407 5760 tota
2444 5708 2493 5758 iu
2530 5707 2753 5759 sudores
2786 5702 3146 5765 resolvantur,
3185 5717 3246 5755 ac
3268 5714 3394 5755 afstu
3431 5703 3720 5754 exhausta.
