4090 6146
385 328 493 383 eos

1415 325 1695 380 IIOMIIJA
1737 327 1820 381 ill.
1862 325 2224 382 ADVERSUS
2258 325 2685 381 AVARITIAM.-

3537 326 3643 381 206

387 457 522 510 μος;
551 439 628 492 Οὐ
658 439 768 510 γὰρ
809 423 1026 502 πάντως
1071 441 1275 503 ἐκεῖνος
1325 440 1478 494 ἔσται
1514 443 1776 512 διάδοχος,
1809 443 1868 496 ὃν
1905 444 1967 494 σὺ

2077 445 2342 499 bonorum
2391 444 2699 498 relictorum
2733 441 2944 497 ltmres?
2983 440 3090 496 Nec
3122 443 3266 497 enim
3312 442 3361 496 is
3398 445 3640 507 omnino,

382 530 709 601 προσδοκᾷς.
762 534 859 583 ’Λν
907 531 1101 594 παῖδας
1153 531 1508 602 καταλείπῃς,
1563 533 1725 603 τυχὸν
1781 533 1966 587 κονδυ-

382 623 752 694 λισθήσονται,
807 625 903 676 καὶ
958 624 1264 694 ὁμότροπός
1310 641 1403 677 σου
1450 625 1783 696 πλεονέκτης
1837 626 1968 697 θρη-

381 712 610 775 νοῦντας
648 713 848 776 αὐτοὺς
885 713 986 784 τῆς
1024 714 1202 776 οἰκίας
1245 714 1345 783 τῆς
1374 715 1649 785 πατρικῆς
1684 715 1966 769 ἀπελάσει.

306 843 312 850 .
384 804 505 857 Κᾶν
531 804 701 866 ἄπαις
725 803 818 856 ὲπί
847 821 972 857 τινα
997 804 1107 857 τῶν
1133 803 1302 871 φίλων
1331 805 1709 878 παραπέμψῃς
1733 806 1823 858 τὸν
1849 805 1972 877 κλῆ-

384 912 502 964 ρον,
535 893 609 964 μὴ
643 895 881 965 πρόσεχέ
913 912 1008 948 σου
1041 897 1104 964 τῇ
1134 894 1386 966 διαθήκῃ,
1419 896 1496 958 ὡς
1523 897 1766 967 ἀκινήτῳ
1796 897 1967 968 νόμῳ,

381 986 461 1049 ὡς
490 987 776 1058 πράγματι
798 987 1176 1057 ἀναπιρρήτῳ
1206 987 1298 1038 καὶ
1332 987 1557 1057 ἰσχυρῷ.
1595 988 1780 1058 Ὀλίγη
1804 1006 1969 1042 σπου-

382 1077 449 1147 δὴ
483 1079 682 1148 ἄκυρον
714 1080 887 1130 ποιεῖν
911 1077 1010 1146 τὴν
1042 1077 1276 1147 γραφήν.
1313 1078 1382 1129 Ἣ
1399 1079 1496 1147 οὐχ
1524 1081 1655 1149 ὁρᾷς
1683 1080 1809 1142 τοὺς
1843 1097 1970 1132 συν-

383 1169 526 1238 εχῶς
554 1171 610 1221 ὲν
633 1171 744 1231 τοῖς
771 1169 1142 1239 δικαστηρίοις
1163 1169 1306 1224 κατὰ
1335 1170 1442 1222 τῶν
1469 1170 1742 1241 διαθηκῶν
1767 1174 1968 1240 όιγωνι.⁹

383 1261 667 1331 ζομένους,
697 1262 845 1324 ὅπως
875 1261 1041 1324 αὐτὰς
1084 1261 1351 1324 ποικίλοις
1393 1263 1753 1332 ἐγχειρήμασι
1795 1280 1970 1332 παρα-

383 1353 696 1424 κρούονται,
732 1356 858 1419 τοὺς
900 1354 1007 1408 τῶν
1053 1355 1235 1423 νόμων
1279 1353 1527 1423 τεχνίτας
1577 1354 1969 1424 προϊστάμενοι

383 1447 742 1516 συνηγόρους,
777 1447 905 1509 τοὺς
940 1445 1146 1508 δεινοὺς
1201 1447 1436 1516 ῥήτορας
1477 1447 1805 1516 ἐπαγόμενοι
1840 1447 1966 1516 βοη-

381 1537 532 1599 θοὺς,
556 1536 1010 1607 ψευδομάρτυρας
1042 1537 1355 1606 τρέφοντες,
1379 1537 1700 1608 δικαστήρια
1723 1536 1968 1604 διαφθεί-

384 1642 606 1696 ροντες;
649 1626 761 1679 Καὶ
814 1625 900 1678 διὰ
952 1625 1109 1678 τοῦτο
1163 1624 1222 1693 ἐξ
1265 1619 1341 1678 ῶν
1385 1627 1517 1697 ὁρᾷς
1545 1625 1672 1691 ζῶν,
1706 1626 1970 1698 περὶτῶν

383 1716 688 1785 μελλόντων
720 1715 829 1770 τῶν
877 1715 1014 1786 μετά
1058 1717 1116 1769 σὲ
1162 1716 1440 1771 παιδεύου.
1480 1719 1539 1770 ΕΞ
1574 1718 1784 1793 δίκαιον
1826 1717 1967 1788 ἔχεις

2072 551 2231 603 quem
2287 536 2556 596 destinas,
2617 534 2832 589 futurus
2884 543 2986 588 est.
3016 533 3072 589 Si
3143 533 3296 588 liberi
3321 537 3644 602 superstites

2072 627 2201 686 sint,
2235 639 2412 694 pugno
2461 625 2602 679 forte
2645 640 2709 679 ac
2772 625 3086 680 verberibus
3123 626 3422 689 ctedentur,
3463 626 3646 694 tuique

2073 716 2268 770 similis
2331 729 2528 769 avarus
2589 715 2834 785 lugentes
2891 726 3112 784 paterna
3180 718 3340 771 domo
3393 715 3642 785 expellet.

2073 807 2223 871 Quod
2263 806 2307 859 si
2339 807 2504 860 orbus
2551 806 2736 860 liberis
2777 807 2841 859 ad
2877 806 3106 876 aliquem
3144 809 3440 862 amicorum
3472 818 3649 861 trans-

2073 897 2254 950 mittas
2281 897 2670 959 luereditatem,
2708 914 2810 950 non
2841 906 2922 950 est
2966 913 3066 953 cur
3101 899 3410 954 testamenti
3452 899 3648 953 tabulis

2074 1003 2399 1058 magnopere
2419 987 2680 1051 coulidas,
2717 997 2970 1054 tanquam
2995 997 3156 1042 certa:
3184 997 3239 1042 et
3271 989 3643 1056 delinilmiegi,

2074 1091 2328 1149 tauquam
2397 1081 2472 1134 rei
2530 1081 2747 1134 minime
2803 1090 3205 1145 controversae,
3257 1084 3450 1152 cuique
3501 1083 3647 1137 nullo

2075 1174 2234 1227 modo
2261 1174 2555 1228 contradici
2586 1183 2771 1242 queat.
2806 1173 3010 1227 Modica
3037 1190 3199 1243 opera
3233 1177 3557 1244 scripturam
3585 1189 3647 1230 ac

2078 1265 2288 1319 tabulas
2323 1265 2510 1319 irritas
2540 1266 2642 1320 fac.
2686 1265 2873 1320 Nonne
2901 1281 2996 1320 eos
3032 1267 3181 1320 vides
3230 1267 3318 1334 qui
3354 1267 3568 1321 assidue
3592 1267 3643 1318 iu

2073 1354 2192 1408 foro
2229 1371 2390 1422 super
2417 1357 2757 1411 testamentis
2781 1357 3014 1426 litigant,
3067 1374 3175 1426 quo
3208 1358 3372 1411 variis
3397 1373 3458 1411 ea
3491 1357 3641 1410 moli-

2076 1447 2310 1500 ιὶοιιίΙιυε
2340 1461 2404 1500 ae
2436 1447 2642 1502 artibus
2663 1458 2910 1502 evertant
2938 1449 3283 1517 cladumque,
3303 1449 3646 1518 jurisperitos

2073 1547 2331 1604 patronos
2354 1537 2700 1602 adhibentes,
2734 1549 2982 1594 oratores
3026 1539 3420 1593 disertissimos
3447 1539 3646 1592 auxilio

2073 1627 2426 1693 asciscentes,
2464 1628 2630 1684 falsos
2666 1639 2829 1684 testes
2865 1630 3114 1684 mercede
3153 1630 3646 1698 condttceutes,ju-

2074 1716 2252 1768 dicunt
2287 1732 2578 1772 concessus
2609 1719 3043 1786 corrumpentes?
3089 1718 3448 1784 Quamobrem
3479 1735 3540 1773 ex
3577 1721 3645 1774 iis

378 1809 473 1861 τὸν
499 1808 750 1866 πλοῦτον.
783 1811 864 1872 εἰς
885 1809 1001 1862 δέον
1026 1811 1249 1881 χρῆσαι,
1271 1811 1346 1873 ὡς
1374 1811 1402 1862 ὁ
1432 1811 1704 1881 μακάριος
1751 1811 1889 1864 ’1ὡό-
1919 1814 1967 1864 εί

2073 1821 2192 1874 qua:
2219 1816 2270 1860 te
2303 1817 2576 1876 spectante
2608 1824 2672 1863 ac
2724 1809 2845 1862 vivo
2881 1812 3034 1874 liunt,
3069 1811 3136 1865 de
3195 1811 3277 1863 bis
3323 1809 3487 1864 facito
3515 1826 3642 1864 ceu-

379 1899 585 1960 ἄδικον,
618 1899 887 1952 ἀνάλυσον
909 1899 1071 1953 αὑτὸν
1103 1901 1196 1953 ἐπὶ
1222 1901 1348 1964 τοὺς
1379 1901 1699 1971 βιασθέντας
1721 1901 1962 1970 κυρίους,

378 1991 459 2054 ῶς
484 1991 828 2061 αἰχμάλωτον
859 1992 924 2045 ἐκ
951 1991 1208 2062 πολέμου·
1233 1992 1266 2063 ἢ
1300 1992 1461 2045 αὑτὸν
1485 1992 1544 2045 ὃν
1569 1991 1779 2056 ἔλαϐες,
1809 1991 1841 2062 ἢ
1873 2009 1968 2062 με-

379 2081 452 2136 τὰ
484 2083 823 2154 προσθήκης,
858 2083 932 2146 ὡς
962 2083 990 2134 ὁ
1017 2084 1305 2153 Ζακχαῖος.
1344 2085 1407 2136 Εἰ
1435 2085 1510 2156 μὴ
1539 2083 1690 2155 ἔχῃς,
1728 2083 1802 2155 μὴ
1836 2084 1966 2154 κτή-

380 2191 450 2245 σῃ
487 2175 690 2238 κακῶς.
730 2177 822 2228 Σοὶ
857 2177 955 2246 μὲν
989 2176 1098 2248 γὰρ
1132 2176 1176 2208 ⁸⁵
1210 2175 1566 2248 ἀκολουθήσει
1625 2175 1822 2247 πικρὸν
1870 2177 1968 2244 ιφ-

377 2266 522 2318 όδιοθ
571 2269 603 2336 ὴ
660 2267 927 2338 ἁμαρτία,
979 2267 1077 2339 τὴν
1127 2267 1431 2336 ἀναγκαίαν
1475 2267 1824 2338 πορευομένῳ
1867 2283 1962 2319 πο-

386 2359 560 2429 ρείαν’
594 2362 627 2430 ἡ
653 2361 711 2414 δὲ
749 2361 1046 2424 ἀπόλαυσις
1084 2359 1193 2414 τῶν
1219 2359 1546 2431 κτηθέντων,
1580 2355 1664 2422 οἷς
1688 2359 1750 2413 οὐ
1795 2359 1962 2428 γινώο

383 2465 557 2512 σκεις,
588 2451 1104 2522 καταλειφθήσεται.
1144 2451 1255 2504 Καὶ
1288 2451 1408 2503 τότε
1435 2451 1524 2504 τὸν
1557 2449 1720 2504 Δαὸὶδ
1751 2448 1965 2518 θαυμά-

383 2558 503 2605 σεις
536 2542 787 2611 λέγοντα·
830 2542 1198 2610 Θησαυρίζει,
1255 2542 1355 2596 καί
1406 2544 1476 2596 οὺ
1520 2542 1799 2612 γινώσκει
1846 2541 1965 2593 τίνι

385 2633 640 2696 συνάξει
687 2635 858 2688 αὑτά.
917 2635 957 2686 Γ
961 2635 1195 2707 νωρίσῃς
1225 2634 1283 2688 δὲ
1326 2633 1422 2687 καὶ
1458 2632 1549 2686 τὸν
1582 2631 1835 2685 πλούσιον
1879 2630 1967 2682 τὸν

387 2724 668 2778 ἀντίθετον
691 2726 782 2779 τοῦ
817 2723 1093 2796 Λαζάρου,
1129 2725 1220 2778 τὸν
1245 2725 1450 2796 ἀρτίως
1478 2725 1609 2795 ἡμῖν
1643 2724 1709 2775 ὲκ
1732 2720 1840 2774 τῶν
1863 2721 1968 2774 Εὑ-

385 2816 660 2885 αγγελίων
702 2816 1140 2886 ἀναγνωσθέντα,
1186 2817 1248 2870 οὐ
1295 2816 1462 2887 μῦθον
1499 2814 1854 2885 συγκείμενον
1891 2815 1971 2875 είς

384 2907 750 2980 κατάπληξιν,
804 2908 940 2964 ἀλλά
985 2907 1156 2962 τύπον
1194 2907 1397 2980 ἀκριϐῆ
1444 2905 1819 2978 παραδοθέντα
1873 2902 1968 2955 τοῦ

389 2999 696 3067 μέλλοντος.

2059 1899 2348 1964 jccturant,
2373 1917 2492 1971 quae
2523 1913 2643 1970 post
2673 1911 2723 1957 le
2748 1902 2921 1955 futura
2955 1915 3098 1955 sunt.
3122 1902 3178 1956 Si
3210 1913 3334 1956 sunt
3361 1902 3647 1970 opesjusle

2066 2007 2129 2045 ac
2157 1992 2394 2060 legitime
2411 2005 2596 2062 parta},
2624 1993 2759 2047 bene
2777 1995 2876 2055 eis,
2896 1993 3140 2061 exemplo
3155 1995 3294 2048 beati
3317 1992 3438 2060 Job,
3456 2004 3602 2048 ntere
3627 2013 3640 2047 :

2066 2081 2110 2135 si
2140 2082 2275 2135 male
2306 2094 2359 2137 et
2386 2099 2483 2154 per
2509 2085 2660 2139 nefas
2697 2085 2958 2153 qumsitm,
3011 2086 3129 2138 sine
3175 2094 3430 2154 tauquam
3475 2087 3644 2154 capti-

2067 2164 2165 2226 vos
2191 2187 2219 2224 a
2252 2173 2413 2236 bello,
2438 2175 2504 2224 ad
2540 2174 2808 2239 dominos,
2829 2190 2856 2226 a
2884 2173 3077 2238 quibus
3099 2173 3201 2226 illa:
3231 2173 3426 2239 injuria
3451 2173 3644 2226 ablata:

2072 2260 2199 2324 siut,
2237 2261 2445 2324 redire;
2477 2262 2558 2316 vel
2619 2263 2804 2332 quales
2846 2265 3146 2332 accepisti,
3213 2263 3294 2316 vel
3347 2263 3533 2325 etiam,
3568 2264 3641 2316 uti

2071 2353 2379 2419 Zaccltzeus,
2409 2371 2529 2408 cum
2559 2354 2742 2410 fenore
2762 2371 2824 2410 ac
2851 2359 3112 2412 auctario.
3141 2356 3198 2411 Si
3237 2357 3412 2410 nullas
3451 2358 3639 2418 babes.

2072 2443 2178 2499 noli
2205 2460 2301 2512 per
2330 2445 2503 2500 malas
2528 2453 2674 2499 artes
2727 2448 3030 2515 acquirere.
3073 2448 3285 2517 Alioqui
3341 2450 3508 2510 enim,
3547 2453 3642 2501 ab-

2072 2546 2288 2591 euntem
2326 2552 2391 2590 ac
2448 2537 2815 2601 ueces;arium
2873 2539 3263 2608 ingredientem
3327 2541 3448 2602 iter,
3491 2541 3645 2595 triste

2070 2629 2274 2697 peccati
2309 2629 2558 2681 viaticum
2587 2639 2940 2698 persequetur
2973 2648 2984 2681 :
3023 2629 3285 2698 bonisque
3330 2633 3426 2685 abs
3469 2641 3517 2685 te
3554 2647 3643 2685 re-

2070 2719 2211 2773 lictis
2256 2720 2415 2774 alieni
2443 2721 2717 2790 ignotique
2766 2721 3032 2776 fruentur.
3083 2719 3218 2775 Tum
3255 2723 3508 2775 Davidem
3536 2725 3641 2776 mi-

2073 2811 2260 2864 rabere
2285 2811 2595 2866 dicentem:
2642 2811 3009 2878 Tltesuurizat,
3059 2821 3104 2866 et
3143 2815 3349 2882 ignorat
3393 2814 3476 2866 cui
3520 2829 3643 2866 con-

2068 2903 2303 2970 gregabit
2333 2919 2395 2956 ea
2422 2903 2487 2958 ⁸⁸.
2527 2902 2661 2957 Tum
2696 2914 2750 2958 et
2805 2904 3023 2959 divitem
3088 2904 3235 2958 illum
3289 2905 3505 2960 noveris
3539 2905 3644 2959 La-

2072 3009 2200 3047 zaro
2249 2995 2556 3062 appositum
2604 3034 2620 3060 ,
2679 2996 2824 3051 illum
2873 2997 3090 3066 quidem
3149 2998 3308 3052 modo
3370 2998 3526 3054 nobis
3575 3013 3641 3052 cx

388 3091 693 3160 Evangeliis
743 3093 944 3146 lectum
985 3133 1002 3158 ,
1056 3103 1230 3158 neque
1281 3084 1517 3140 fabulam
1548 3116 1552 3121 -
1581 3086 1646 3138 ad
1708 3093 1970 3140 terrorem
2015 3087 2391 3155 compositam,
2423 3089 2518 3141 sed
2566 3099 2774 3143 certum
2822 3104 2886 3142 ac
2937 3090 3244 3146 absolutum
3305 3092 3406 3146 aevi
3476 3092 3641 3147 futuri

385 3193 594 3251 typum.

469 3271 531 3323 Ἡ
561 3271 757 3342 βύσσος
787 3273 1045 3344 έσάπη,ή
1079 3271 1329 3340 βασιλεία
1365 3271 1630 3342 μετῆλθεν
1655 3272 1734 3333 είς
1756 3270 1964 3340 ἕτερον,

2145 3271 2346 3340 Byssus
2378 3270 2739 3338 computruit;
2799 3285 3022 3338 regnum
3057 3274 3122 3324 ad
3159 3271 3321 3326 alium
3355 3275 3634 3338 transivit;

382 3363 442 3416 αἱ
489 3364 691 3433 τρυφαὶ
743 3362 1190 3434 κατηργήθησαν*
1233 3364 1266 3432 ή
1313 3362 1406 3416 ἀπ’
1448 3361 1671 3414 ἐκείνων
1721 3361 1966 3432 ἁμαρτία

385 3455 843 3524 συνεξεδήμησεν,
876 3455 951 3517 ὼς
981 3454 1111 3507 σκιὰ
1137 3453 1530 3524 παραμένουσα
1565 3451 1831 3522 βαδίζοντι
1862 3451 1968 3504 σώ-

386 3562 540 3613 ματι.
573 3543 682 3595 Καὶ
715 3543 802 3596 διὰ
826 3543 984 3595 τοῦτο
1025 3543 1164 3614 μετὰ
1189 3543 1286 3614 τὴν
1318 3541 1661 3596 πολυτέλειαν
1687 3541 1796 3596 τῶν
1832 3559 1968 3613 συμ-

386 3636 609 3689 ποσίων.
643 3639 738 3690 καὶ
767 3625 864 3707 τὴν
883 3636 1218 3707 ἁϐροδίαιτον
1249 3635 1546 3706 τράπεζαν,
1583 3634 1774 3698 ὓδατος
1812 3634 1964 3705 ῥανί-

381 3729 451 3781 δα
490 3728 642 3798 ζητεί
682 3728 944 3781 δακτύλου
990 3727 1194 3799 λεπροῦ
1226 3727 1659 3791 ἀποστάζουσαν·
1687 3730 1782 3781 καὶ
1811 3728 1967 3782 καλεῖ

380 3821 476 3872 τὸν
505 3821 715 3890 πτωχὸν
758 3821 858 3891 τῆς
895 3820 1164 3892 τιμωρίας
1203 3818 1562 3892 θεραπευτὴν,
1588 3820 1679 3873 τὸν
1705 3821 1824 3873 οὐδὲ
1855 3823 1966 3891 χεῖ-

387 3927 487 3981 ρας
517 3909 709 3980 ἔχοντα
727 3912 885 3981 τάχα.
920 3911 1083 3982 ἡνίκα
1107 3911 1183 3981 τῷ
1213 3911 1416 3964 πυλῶνι
1447 3911 1894 3984 προσεῤῥίπτετο·
1927 3907 1964 3982 ἦ

385 4001 496 4070 γὰρ
524 4001 589 4054 ἂν
617 4001 740 4065 τοὺς
769 4001 936 4064 κύνας
960 4001 1324 4073 ἀπεσόὸησεν,
1352 4002 1477 4066 τοὺς
1529 4002 1964 4073 ὲπιλειχομένους

382 4091 452 4144 τὰ
483 4090 794 4161 τραύματα.
831 4094 1120 4165 Ἐπιθυμεῖ
1145 4095 1202 4148 δὲ
1241 4093 1505 4164 συμμίξαι
1533 4093 1612 4164 τῷ
1634 4095 1870 4166 Λαζάρῳ
1902 4097 1966 4147 ὲκ

385 4180 480 4234 τοῖ
517 4181 848 4252 καταντικρυ
883 4182 1220 4254 βλεπομένῳ,
1258 4184 1353 4236 καὶ
1390 4183 1538 4254 μέσῳ
1566 4182 1966 4254 διείργεταιτῷ

384 4270 680 4340 ὀρύγματι,
742 4272 776 4344 ἦ
832 4273 908 4342 τῷ
951 4275 1212 4344 χάσματιο
1275 4275 1335 4326 οὐ
1382 4273 1574 4344 βόθρου
1628 4274 1771 4337 τινὸς
1814 4274 1966 4339 ὄντος

385 4363 729 4434 ὼρυγμένου,
763 4365 884 4419 οὐδὲ
936 4367 1141 4437 τάφρου
1181 4365 1576 4436 πεποιημένης,
1609 4366 1685 4429 ῶς
1728 4367 1821 4419 ἐπὶ
1858 4367 1968 4420 τῶν

390 4453 770 4524 στρατοπέδων
795 4455 941 4508 ἔστιν
975 4456 1102 4509 ἰδεῖν
1128 4456 1190 4509 τὸ
1218 4455 1311 4508 τοῦ
1346 4455 1584 4525 πολέμου
1623 4473 1754 4526 μετα
1766 4457 1963 4527 ίχμιοψ

387 4543 525 4596 ἀλλὰ
571 4544 630 4596 τὸ
674 4544 922 4616 κώλυμα,
959 4543 1133 4618 οἶμαι,
1175 4548 1284 4600 τῶν
1311 4547 1723 4618 ἁμαρτημάτων
1759 4549 1787 4600 ὁ
1811 4548 1966 4616 λόγος

2070 3362 2277 3415 deliciae
2309 3375 2372 3414 ac
2403 3361 2700 3430 voluptates
2732 3372 3103 3416 evanuerunt:
3149 3373 3429 3431 peccatum
3459 3375 3638 3421 autem

2073 3452 2138 3506 ab
2173 3451 2277 3505 illis
2317 3450 2623 3520 profectum
2665 3459 2867 3516 manet,
2911 3451 3307 3521 abeuntemque
3335 3455 3531 3523 oppido
3555 3471 3640 3510 se-

2071 3543 2278 3612 quitur,
2309 3541 2450 3596 liaud
2504 3555 2659 3595 secus
2694 3555 2757 3596 ac
2815 3541 3005 3596 umbra
3045 3555 3283 3610 corpus:
3317 3557 3490 3612 eoque
3521 3557 3643 3614 post

2065 3633 2437 3688 conviviorum
2472 3631 2949 3703 magniﬁcentiam,
2998 3641 3120 3702 post
3149 3633 3324 3688 lautas
3360 3636 3641 3705 epiparas-

2067 3739 2172 3794 que
2201 3739 2438 3791 mensas,
2477 3740 2630 3794 aqua:
2691 3734 2896 3795 guttam
2929 3725 3124 3793 leprosi
3157 3724 3324 3796 digito
3367 3727 3641 3783 distillan~
3719 3718 3724 3722 ’

2067 3825 2173 3869 tem
2205 3816 2452 3884 requirit,
2481 3830 2546 3870 ac
2575 3817 2880 3872 mendicum
2915 3817 2980 3870 ad
3001 3817 3229 3886 'paauam
3292 3819 3639 3888 mitigandam

2069 3905 2346 3976 implorat,
2379 3907 2470 3976 qui
2500 3916 2556 3960 et
2601 3906 2742 3962 forte
2782 3907 3031 3962 manibus
3085 3908 3326 3962 delectus
3356 3908 3478 3974 fuit,
3517 3926 3638 3965 cum

2068 3997 2134 4050 ad
2163 3997 2386 4068 jauuam
2438 3998 2712 4069 projectus
2757 3999 2998 4068 jaceret;
3061 3999 3260 4070 alioqui
3301 4002 3444 4056 enim
3478 4019 3643 4058 Canes

2069 4086 2333 4157 liugeutes
2360 4087 2543 4142 ulcera
2602 4089 2890 4159 abegisset.
2942 4089 3229 4145 Desiderat
3286 4102 3466 4147 autem
3506 4109 3639 4148 con-

2065 4177 2216 4247 jungi
2257 4175 2481 4240 Lazaro,
2511 4193 2670 4246 quem
2703 4195 2768 4231 ex
2801 4181 3030 4233 adverso
3085 4181 3251 4245 videt,
3286 4181 3426 4235 fossa
3468 4184 3643 4239 media

2068 4269 2150 4321 vel
2178 4269 2326 4322 hiatu
2350 4269 2611 4324 divulsus.
2658 4270 2774 4335 Quo
2807 4271 3024 4338 quidem
3067 4271 3312 4338 designat
3339 4270 3641 4341 Scriptura,

2072 4373 2176 4412 non
2211 4358 2429 4426 vallum,
2461 4369 2555 4412 aut
2607 4374 2853 4428 aggerem
2876 4401 2892 4425 ,
2943 4361 3154 4429 qualem
3216 4361 3267 4413 iu
3299 4367 3496 4434 castris
3523 4365 3641 4419 duci

2069 4450 2251 4504 videas
2281 4450 2344 4502 ad
2375 4451 2666 4504 arcendum
2696 4451 2922 4512 bouem,
2959 4451 3076 4514 sed,
3113 4461 3264 4520 puto,
3297 4464 3640 4522 peccatorum

2069 4543 2274 4597 obicem
2308 4551 2362 4597 et
2407 4542 2789 4612 scpimentum,
2823 4544 2964 4611 quod
3012 4543 3269 4598 damnato
3294 4561 3358 4599 ac
3381 4549 3640 4625 reprobo,

389 4629 740 4694 ἐνδείκνυται,
797 4615 836 4686 ὃγ
877 4633 956 4705 τῷ
998 4615 1443 4706 κατεγνωσμένῳ-
1598 4637 1734 4708 πρὸς
1767 4638 1860 4692 τὸν
1887 4615 1967 4692 δί-

2073 4632 2222 4686 velut
2253 4632 2389 4686 muri
2423 4631 2660 4698 objecta,
2693 4629 2898 4684 aditum
2927 4632 3326 4703 transitumque
3346 4617 3412 4687 ad
3435 4615 3641 4702 justum

390 4739 544 4775 καιον
575 4725 811 4796 παρόδου
853 4728 1217 4798 ἀπετείχισεν.
1264 4729 1372 4782 Καί
1407 4747 1506 4800 μου
1548 4731 1648 4800 τὴν
1674 4733 1970 4802 ἑρμηνείαν

399 4817 627 4879 Ἡσαΐας
693 4819 721 4871 ὁ
776 4821 1060 4890 προφήτης
1119 4822 1596 4893 ὲπισφραγίζεται,
1656 4813 1793 4894 πρδς
1841 4824 1970 4877 λαὸν

391 4905 601 4976 ἄφρονα
655 4905 868 4976 βαρέως
898 4909 1333 4980 ἀποτεινόμενος,
1369 4913 1462 4964 καὶ
1505 4913 1696 4981 λέγων’
1731 4911 1827 4980 Μὴ
1861 4913 1972 4965 οὐκ

393 4997 588 5064 ἰσχύει
612 4999 744 5066 χεὶρ
783 5000 1004 5067 Κυρίου
1028 5000 1360 5066 elumbem;
1390 5003 1428 5071 ἢ
1457 5005 1748 5072 ἐϐάρυνεν
1772 5005 1838 5056 τὸ
1864 4999 1974 5069 οὖς

389 5087 576 5140 αὐτοῦ
607 5089 714 5142 τοῦ
748 5089 833 5158 μὴ
863 5091 1159 5157 ἀκοῦσαι;
1197 5091 1358 5148 Ἀλλ’
1390 5097 1450 5148 ul
1482 5096 1757 5164 ἁμαρτίαι
1801 5093 1967 5164 ὑμῶν

389 5175 700 5233 ὃιιστῶσιν
750 5181 869 5234 ἀνὰ
913 5181 1109 5252 μέσον
1128 5182 1296 5252 ὑμῶν
1333 5186 1433 5238 καὶ
1477 5186 1595 5241 ἀνὰ
1629 5191 1824 5255 μέσον
1861 5186 1968 5240 τοῦ

393 5267 562 5322 Θεοῦ.
595 5270 656 5322 El
685 5271 742 5322 δὲ.
766 5272 1143 5342 ἁμαρτήματα
1181 5272 1502 5344 ἀνθρώπους
1545 5277 1800 5347 χωρίζειν
1825 5270 1967 5329 οἶδεν

387 5361 545 5427 θεοῦ,
576 5363 728 5417 οὐδὲν
769 5365 835 5417 ἂν
864 5365 1175 5431 πλεονεξίας
1197 5367 1646 5438 ἀμαρτωλότερον
1676 5369 1904 5435 γένοιτο,
1933 5369 1967 5439 ἥ

389 5451 482 5503 καὶ
515 5453 668 5524 παρὰ
681 5456 780 5524 τῆς
811 5454 1077 5524 ἀψευδοῦς
1103 5457 1284 5526 φωνῆς
1321 5456 1560 5518 Παύλου,
1591 5459 1685 5511 τοῦ
1715 5457 1810 5528 τῆς
1839 5458 1970 5525 ἁλη-

389 5540 538 5606 θείας
585 5546 849 5614 κήρυκος,
886 5545 1301 5615 εἰδωλολατρεία
1352 5546 1836 5617 προσαγορεύεται,
1876 5547 1967 5597 καὶ

385 5638 604 5687 παντων
633 5637 743 5688 τῶν
772 5637 957 5690 κακῶν
983 5637 1108 5704 ῥίζα
1141 5639 1233 5688 καὶ
1265 5639 1472 5707 μήτηρ.

461 5751 612 5806 δεῖσ.
678 5752 725 5802 εἰ
796 5750 868 5822 μὴ
911 5751 1040 5821 γάρ.
1118 5750 1162 5780 ⁵⁰
1192 5748 1332 5803 Psal.
1385 5765 1616 5810 xxxviii,
1665 5749 1715 5800 7.

1795 5748 1835 5777 δι
1872 5747 1972 5802 lsa.
2014 5747 2284 5812 “5,1,2.

2071 4723 2392 4776 interclusit.
2412 4721 2550 4775 Iluic
2576 4735 2705 4774 vero
2731 4721 3080 4790 cxplicationi
3137 4723 3428 4780 subscribit
3455 4727 3642 4793 Isaias,

2072 4831 2191 4866 cum
2217 4815 2453 4884 graviter
2506 4813 2850 4881 insipientem
2892 4815 3143 4884 populum
3197 4816 3507 4886 increpans,
3535 4807 3640 4875 aiti

2076 4906 2332 4976 Nunquid
2357 4924 2456 4960 non
2491 4908 2618 4960 valet
2661 4925 2845 4962 inaltus
2877 4907 3087 4962 Domini
3128 4910 3296 4964 salvos
3327 4912 3544 4980 facere?
3570 4916 3644 4968 vel

2072 4999 2301 5066 gravavit
2328 5012 2508 5048 aurem
2541 5012 2694 5050 suam
2729 5008 2780 5048 ut
2819 5013 2920 5050 non
2948 4998 3176 5049 audiat?
3215 4997 3401 5052 Verum
3428 5014 3644 5068 peccatu

2071 5099 2240 5140 vestra
2271 5087 2511 5140 dividunt
2541 5087 2680 5139 inter
2719 5104 2805 5140 vos
2842 5100 2887 5140 et
2919 5087 3084 5140 Deum
3109 5088 3176 5140 ".
3200 5088 3352 5154 Quod
3379 5092 3421 5144 si
3449 5108 3644 5161 pecca-

2073 5189 2246 5233 torum
2289 5181 2563 5247 proprium
2609 5187 2713 5241 est.
2761 5190 2866 5232 uta
2917 5178 3027 5233 Deo
3077 5181 3324 5237 homines
3372 5196 3641 5254 separent,

2075 5272 2214 5325 baud
2269 5281 2414 5324 certe
2465 5270 2630 5324 ullum
2684 5271 2910 5324 avaritia
2966 5273 3282 5329 sceleratius
3337 5287 3643 5345 peccatum,

2074 5379 2232 5428 quant
2291 5371 2343 5416 et
2394 5377 2514 5416 vera
2565 5377 2695 5416 voce
2750 5357 2992 5417 veritatis
3054 5364 3139 5418 ille
3198 5383 3393 5436 praeco,
3427 5369 3639 5430 Paulus,

2077 5453 2433 5507 idulolatriam
2461 5454 2716 5523 appellat,
2739 5454 3088 5523 ouininmque
3114 5458 3372 5512 malorum
3406 5459 3640 5528 radicem
3723 5487 3731 5494 -

2078 5560 2141 5597 ac
2186 5557 2409 5598 matrem
2446 5549 2509 5595 5‘.
3575 5546 3602 5568 "

2365 5745 2407 5775 "
2436 5744 2630 5814 Eplics.
2669 5761 2719 5809 ν,
2754 5746 2816 5812 5;
2845 5743 3018 5798 lTim.
3051 5759 3120 5806 vt,
3159 5744 3241 5795 10.
