4090 6146
421 330 522 385 ΞΠἺ

1700 317 1758 372 S.
1801 314 2072 369 ASTEllll
2118 312 2415 368 AMASENI

3576 305 3683 364 208

492 445 631 512 Quid
672 444 815 501 enim
846 457 942 499 eos
969 443 1060 512 qui
1099 441 1316 497 Christo
1361 441 1631 510 quondam
1673 459 1868 498 nomen
1902 444 1997 494 de-

2174 432 2344 486 Πόθεν
2373 431 2482 502 γάρ
2505 431 2554 482 οἱ
2585 431 2680 500 τῆς
2708 427 2923 500 μερίδος
2953 427 3106 490 δντες
3133 425 3265 479 ποτε
3292 403 3398 478 τῶν
3422 424 3682 493 Χριστια-

423 542 637 604 derant,
665 553 727 592 ac
780 539 1247 591 sacramentorum
1311 531 1525 586 fuerant
1572 534 1885 603 participes.
1935 536 2000 590 ad

425 634 631 685 cnltmn
662 630 968 684 dmmonuin
1006 625 1308 694 pertraxit?
1333 622 1522 678 Nonne
1547 624 1696 692 plura
1724 626 2003 693 possiden-

429 725 482 776 di
514 721 800 792 cupiditas,
849 733 914 772 ac
948 717 1152 771 alienas
1201 716 1448 770 fortunas
1473 719 1770 786 occupandi
1791 718 1814 770 ?
1835 717 2002 771 Nimi-

434 828 552 865 rum
585 827 678 881 spe
717 810 1126 876 magistratuum
1158 823 1222 860 ac
1243 806 1704 876 przefectnrarum,
1740 809 2004 878 regi-acque

431 904 817 958 muniﬁcentia:
873 917 937 956 ac
988 901 1290 971 largitionis
1345 900 1413 953 ah
1481 900 1658 969 impiis
1694 900 1854 964 facta,
1911 901 2002 955 Dei

428 998 633 1051 cultum
663 995 1092 1064 religionemque
1121 992 1274 1061 quasi
1327 999 1526 1046 vestem
1573 992 1852 1059 repentino
1891 1007 2005 1044 niu-

432 1097 635 1141 larunt.
657 1086 722 1140 Et
752 1085 866 1139 hac
895 1083 1116 1153 quidem
1153 1081 1486 1135 anteriorum
1517 1080 1764 1150 exempla
1799 1090 2006 1150 tempo-

434 1197 575 1243 rum,
609 1179 778 1232 nostri
807 1176 966 1246 hujus
996 1175 1178 1230 szcculi
1226 1173 1495 1228 memoria
1545 1173 1858 1242 auditisque
1893 1189 2008 1227 ser—

433 1273 578 1326 vavil
603 1287 666 1325 ac
700 1271 916 1334 docuit;
967 1279 1095 1322 sunt
1146 1278 1325 1322 autem
1346 1267 1519 1321 etiam
1556 1268 1787 1320 recentia
1819 1281 1882 1320 ac
1911 1281 2007 1320 no-

431 1375 560 1417 strae
584 1361 778 1416 :ctatis.
803 1359 938 1416 Cum
974 1361 1119 1414 enim
1153 1360 1426 1428 Angustus
1449 1356 1558 1420 ille,
1602 1369 1823 1427 repente
1843 1358 2008 1426 depo-

430 1455 559 1516 sita,
599 1467 760 1519 quam
786 1450 874 1504 diu
902 1464 998 1518 per
1028 1446 1433 1502 simulationem
1467 1455 1809 1515 gestaverat,
1846 1443 2007 1500 Chri-

433 1546 592 1599 stiani
647 1557 924 1610 persona,
997 1549 1215 1608 totaque
1265 1539 1489 1592 reducto
1549 1537 1750 1606 sipario
1808 1537 2006 1590 nudata

432 1652 618 1699 scena,
657 1646 766 1688 tum
791 1634 903 1704 ipse
939 1633 1219 1686 tl3£lll0llll5
1261 1631 1601 1700 impudenter
1656 1629 2004 1694 sacriﬁcavit,

423 1742 547 1786 tum
586 1730 724 1783 alios
757 1727 923 1780 variis
977 1724 1270 1795 propositis
1307 1722 1540 1791 prtcmiis
1569 1722 1635 1776 ad
1664 1722 1844 1777 scelus
1866 1722 2006 1776 idem

433 1824 730 1878 invitavit:
772 1830 1009 1890 quantus
1065 1819 1132 1872 ab
1179 1817 1422 1872 Ecclesia
1484 1816 1551 1869 ad
1607 1814 1796 1869 altaria
1836 1815 2036 1870 factus

432 1931 516 1973 est
544 1915 878 1972 concursus?
915 1915 1088 1980 Quam
1121 1913 1274 1968 multi
1311 1928 1405 1983 per
1437 1913 1703 1967 honorum
1741 1927 1921 1968 escam
1957 1922 2013 1966 et

435 2010 745 2071 illecebras,
775 2022 880 2060 una
937 2021 1058 2060 cum
1093 2020 1155 2058 ea
1187 2005 1638 2074 transgreSsionis
1681 2005 1898 2058 hamum
1921 2005 2012 2057 de-

437 2101 740 2158 vorarunt‘?
786 2101 884 2166 Qui
954 2115 1096 2154 nunc
1152 2100 1371 2167 quidem
1429 2099 1718 2167 stigmatici
1767 2098 2013 2152 civitates

435 2197 712 2256 oberrant,
746 2194 996 2248 omnilms
1018 2193 1142 2246 odio
1179 2208 1242 2245 ac
1268 2192 1523 2254 ludibrio,
1566 2192 1732 2246 habiti
1759 2200 2012 2260 tanquam

435 2286 878 2342 Cliristi'Domini
928 2293 1147 2354 propter
1191 2282 1488 2352 pauxillum
1533 2284 1742 2350 argenti
1777 2283 2013 2352 prodito-

427 2394 562 2445 res;
587 2376 839 2447 expuncli
864 2374 1301 2431 Christianorum
1327 2373 1470 2434 albo.
1507 2375 1646 2428 sicut
1671 2371 1857 2438 Jndas,
1888 2387 2014 2441 apo-

434 2471 733 2535 stolarum;
767 2483 798 2523 a
833 2465 1252 2536 transgressoris
1277 2465 1635 2536 appellatione
1660 2467 1794 2532 noti,
1825 2466 1960 2520 sicut
1983 2479 2011 2518 a

437 2563 607 2632 signis
641 2562 800 2631 equi:
834 2561 924 2630 qui
960 2575 1020 2613 se
1055 2569 1262 2612 tantum
1317 2559 1458 2612 trahi
1489 2557 1632 2628 passi
1676 2558 1742 2610 ad
1772 2559 2012 2612 onmimn

437 2666 776 2725 peccatorum
799 2653 1147 2707 deterrimam
1179 2651 1612 2719 provocationem
1633 2648 1767 2719 (2i),
1794 2650 2016 2719 impura

346 2740 353 2745 ’
439 2763 559 2800 mox
621 2762 685 2800 ac
746 2746 1104 2800 exsecrabilis
1160 2745 1454 2811 impietatis
1510 2743 1785 2796 doetorem
1841 2740 2014 2795 secuti

435 2849 583 2892 Sunt.

499 2930 583 2982 1ta
619 2927 872 2980 nimirum
900 2926 1150 2988 avaritia,
1199 2925 1351 2993 juxta
1389 2923 1741 2992 Apostnhnn,
1796 2923 2018 2978 idolola-

438 3021 541 3074 tria
572 3032 786 3088 quoque
838 3015 1090 3082 ellicitur,
1147 3031 1212 3071 ac
1264 3019 1506 3070 omninnt
1539 3017 1693 3070 radix
1724 3015 2012 3077 malorum,

2103 527 2230 590 νῶν,
2271 525 2363 579 καὶ
2409 523 2656 578 κοινωνοὶ
2709 521 2816 575 τῶν
2873 519 3210 591 μυστηρίων,
3261 516 3398 588 πρὸς
3447 516 3544 586 τὴν
3574 515 3684 568 τῶν

2103 615 2373 686 δαιμόνων
2397 613 2651 684 λατρείαν
2674 609 3036 681 εἱλκύσθησαν
3063 625 3078 674 ;
3105 609 3206 661 οὐκ
3239 606 3404 678 ἔρωτι
3431 605 3526 658 τοῦ
3556 606 3684 659 πολ-

2103 708 2172 760 λὰ
2204 705 2528 778 κτήσασθαι,
2571 705 2664 758 καὶ
2705 703 2886 775 κύριοι
2923 699 3178 770 γενέσθαι
3220 698 3328 753 τῶν
3357 698 3683 769 άλλοτρίωνς

2106 801 2375 862 Λαϐόντες
2405 799 2460 852 δὲ
2494 797 2815 867 ὑποσχέσεις
2839 795 2990 866 παρὰ
3011 793 3119 847 τῶν
3140 792 3314 847 ἀθέων
3336 791 3430 844 καὶ
3450 789 3684 852 ἀσεϐῶν,

2107 897 2139 967 ἢ
2169 896 2314 967 ζωῆς
2342 893 2689 966 άρχοντικῆς,
2733 893 2767 963 ἢ
2796 890 3121 962 περιουσίας
3163 890 3264 960 τῆς
3295 890 3360 942 ὲκ
3390 887 3685 958 βασιλικῶν

2104 989 2393 1060 ταμιείων,
2421 987 2611 1057 ῶσπερ
2639 985 2854 1056 ίμάτιον
2879 984 3087 1055 ταχέως
3112 982 3210 1054 τὴν
3241 981 3537 1052 θρησκείαν
3567 995 3687 1050 μετο

2106 1079 2466 1153 ημφιέσαντο.
2510 1079 2620 1133 Καὶ
2646 1077 2717 1131 τὰ
2751 1077 2849 1148 μὲν
2885 1075 2994 1129 τῶν
3031 1076 3290 1146 ἀνωτέρω
3331 1071 3558 1144 χρόνων,
3588 1070 3687 1140 τῆς

2107 1172 2381 1244 ἡμετέρας
2405 1171 2549 1240 ζωῆς
2578 1171 2767 1241 μνήμη
2795 1169 2888 1222 καὶ
2913 1169 3050 1239 ἀκοὴ
3074 1166 3369 1220 διεσώσατο
3397 1163 3492 1217 καλ⁸
3517 1161 3687 1216 ἐδίδα-

2109 1265 2218 1331 ξεν.
2251 1263 2440 1327 Ἔστιν
2469 1263 2528 1316 δὲ
2557 1263 2593 1317 ἃ
2618 1264 2710 1316 καὶ
2731 1265 2758 1315 ὁ
2788 1260 2906 1316 καθ’
2934 1263 3083 1332 ἡμᾶς
3112 1259 3224 1331 βίος
3250 1261 3316 1329 τῇ
3349 1257 3515 1328 πείρᾳ
3543 1272 3688 1327 παρ-

2105 1358 2328 1412 έδωκεν.
2364 1359 2493 1410 Ὅτε
2530 1356 2640 1426 γὰρ
2685 1357 2714 1410 ὁ
2766 1354 3017 1424 βασιλεὺς
3067 1355 3290 1418 ἐκεῖνος,
3344 1352 3373 1404 ό
3413 1349 3474 1402 τὸ
3522 1361 3691 1421 προσ-

2108 1456 2306 1507 ωπεῖον
2353 1451 2446 1505 τοῦ
2492 1450 2820 1522 Χριστιανοῦ
2855 1449 3052 1521 ἀθρόον
3079 1445 3436 1517 ἀποθέμενος,
3473 1442 3691 1513 γυμνώ-

2112 1564 2210 1609 σας
2245 1545 2303 1599 δὲ
2335 1544 2396 1598 τὸ
2424 1544 2606 1616 δρᾶμα
2640 1542 2699 1594 τὸ
2733 1540 3000 1612 κωμικὸν,
3034 1538 3063 1592 δ
3095 1540 3154 1591 ὲν
3189 1536 3370 1607 πολλῷ
3403 1535 3480 1606 τῷ
3511 1535 3691 1605 χρόνῳ

2111 1635 2570 1707 καθυπεκρίνατο,
2595 1633 2755 1697 αὑτός
2781 1649 2841 1686 τε
2873 1629 3105 1694 ἀναιδῶς
3123 1629 3280 1682 ἔθυεν
3303 1627 3571 1698 δαίμοσιν,
3595 1625 3691 1678 καὶ

2111 1732 2224 1794 τοῖς
2249 1728 2407 1782 τοῦτο
2434 1725 2776 1797 βουλομένοις
2803 1727 2975 1778 ποιεῖν
3001 1723 3172 1777 πολλὰ
3196 1718 3462 1793 προετέθη
3498 1720 3566 1773 τά
3597 1719 3690 1789 γέ-

2123 1841 2211 1896 ρα,
2241 1825 2397 1876 πόσοι
2420 1821 2516 1894 τὴν
2550 1819 2876 1890 Ἐκκλησίαν
2907 1818 3159 1889 ἀφέντες,
3194 1817 3286 1870 ἐπὶ
3312 1815 3441 1878 τοὺς
3478 1814 3689 1885 βωμοὺς

2118 1915 2352 1985 ἔδραμον
2377 1930 2390 1978 ;
2421 1912 2576 1965 πόσοι
2606 1910 2684 1976 δὲ,
2720 1910 2780 1962 τὸ
2807 1909 2916 1963 τῶν
2945 1908 3269 1978 ἀξιωμάτων
3301 1906 3494 1976 δέλεαρ
3520 1903 3690 1957 εἰσδε-

2117 2005 2363 2074 ξάμενοι,
2398 2002 2514 2072 μετ’
2548 2001 2756 2053 ἐκείνου
2796 1999 3054 2052 κατέπιον
3093 1997 3155 2050 τὸ
3190 1997 3288 2067 τῆς
3328 1993 3690 2066 παραϐάσεως

2115 2097 2443 2166 ἇγκιστρον;
2465 2092 2790 2162 Στιγματίαι
2811 2091 2867 2144 δὲ
2886 2087 3263 2161 περινοστοῦσι
3291 2087 3433 2142 κατὰ
3466 2087 3563 2151 τὰς
3597 2085 3695 2140 πό-

2115 2187 2246 2252 λεις,
2293 2187 2628 2259 μισούμενοι·
2669 2179 3271 2252 δακτυλοδεικτούμενοι
3310 2177 3566 2249 προδόται
3600 2176 3694 2230 καὶ

2116 2275 2260 2335 οὗτοι
2296 2277 2392 2332 τοῦ
2421 2275 2660 2350 Χριστοῦ
2701 2275 2766 2329 δι’
2788 2274 2967 2342 ὀλίγον
2988 2272 3269 2346 ἀργύριον·
3308 2269 3572 2342 ὲξόριστοι
3600 2267 3694 2321 τοῦ

2101 2371 2420 2440 καταλόγου
2443 2371 2552 2424 τῶν
2581 2368 2943 2440 Χριστιανῶν,
2966 2366 3042 2430 ὡς
3073 2365 3273 2428 Ἰούδας
3325 2362 3435 2418 τῶν
3463 2361 3684 2416 άποστό·

2115 2465 2245 2519 λων·
2275 2465 2384 2519 ἀπὸ
2409 2464 2510 2533 τῆς
2541 2460 2911 2534 προσηγορίας
2950 2458 3045 2512 τοῦ
3075 2457 3394 2530 παραϐάτου
3431 2454 3695 2526 γνωριζό·

2119 2574 2290 2627 μενοι,
2326 2555 2402 2618 ὼς
2425 2554 2532 2608 ἀπὸ
2560 2553 2668 2607 τῶν
2690 2553 3016 2622 σημάντρων
3053 2551 3101 2603 οἱ
3137 2551 3310 2603 ἵπποι·
3346 2548 3696 2610 ἐλκυσθέντες

2122 2648 2284 2719 μόνον
2321 2647 2402 2710 εἰς
2437 2645 2535 2717 τὴν
2563 2643 2955 2716 χαλεπωτάτην
2992 2642 3242 2713 παταγὴν
3287 2641 3477 2695 πασῶν
3515 2641 3698 2710 ἀμαρ-

2117 2738 2270 2804 τιῶν,
2294 2737 2390 2791 καὶ
2419 2735 2581 2800 εὐθὺς
2609 2735 3074 2808 ἀκολουθήσαντες
3110 2734 3189 2805 τῷ
3215 2734 3316 2804 τῆς
3343 2732 3570 2805 βεϐήλου
3601 2732 3696 2786 καὶ

2121 2831 2325 2900 μιαρᾶς
2347 2827 2662 2892 δυσσεϐείας
2690 2826 3054 2900 μυσταγωγῷ.

2190 2923 2348 2977 υῦτω
2371 2923 2548 2976 τοίνυν
2573 2920 2712 2976 κατὰ
2740 2921 2832 2974 τὸν
2855 2919 3174 2973 Ἀπόστολσν
3207 2921 3236 2990 ἡ
3271 2918 3552 2984 πλεονεξία
3602 2919 3698 2972 καὶ

2121 3014 2534 3087 εἰδωλολατρεία
2569 3014 2797 3083 γίνεται,
2841 3012 2934 3066 καὶ
2969 3013 3094 3086 ῥίζα
3124 3014 3342 3068 πάντων
3374 3012 3481 3065 τῶν
3511 3012 3696 3067 κακῶν

435 3115 722 3166 innumera
773 3125 836 3163 ex
874 3124 993 3166 sese
1033 3109 1159 3161 vitia
1205 3109 1549 3178 progigncns.
1605 3110 1759 3164 bicut
1811 3109 1954 3163 enim
1981 3109 2011 3163 ii

2120 3110 2287 3172 ἐστιν,
2319 3109 2410 3177 ἀφ’
2446 3107 2641 3178 ἑαυτῆς
2683 3103 2995 3176 ἀμυθήτους
3051 3104 3298 3173 γεννῶσα
3340 3104 3557 3168 κακίας.
3609 3105 3696 3162 Ὠς

437 3205 530 3274 ιιιιί
557 3218 748 3256 aurum
779 3203 830 3254 in
868 3202 988 3255 sinu
1026 3201 1431 3272 visceribusque
1471 3211 1628 3256 terra:
1679 3211 2015 3264 scrutantur,

439 3310 658 3351 auream
689 3304 886 3346 terrain
930 3293 1074 3348 circa
1117 3293 1416 3362 principem
1442 3307 1506 3348 ac
1555 3297 1832 3364 proprium
1855 3309 2019 3364 gene-

438 3387 664 3444 rationis
709 3386 883 3441 locum
924 3384 1236 3440 cumulatim
1291 3387 1580 3455 repositam
1625 3385 1854 3440 inveniri
1893 3401 2009 3438 nar-

443 3491 585 3547 rant,
625 3491 680 3534 et
740 3479 951 3548 aliquas
1014 3479 1138 3534 inde
1190 3478 1332 3532 velut
1362 3493 1526 3534 venas
1563 3479 1861 3550 iniongum
1895 3481 2019 3534 hinc

440 3574 565 3626 imle
588 3570 831 3641 produci,
859 3585 922 3622 at:
950 3571 1102 3624 varie
1139 3571 1338 3633 secari,
1370 3571 1510 3624 sicut
1565 3573 1818 3626 arborum
1870 3587 1898 3624 a
1930 3573 2021 3626 sti-

441 3667 551 3736 pitc
609 3664 717 3718 late
771 3678 892 3717 sese
923 3647 1199 3731 ettpl'icant
1228 3675 1292 3715 ac
1320 3659 1624 3715 diﬂ'undnnt
1662 3663 1871 3716 radices
1902 3678 1917 3714 :
1950 3663 2016 3716 ad

438 3756 688 3809 emndem
718 3754 957 3818 modum,
999 3749 1164 3806 mtilta
1202 3752 1289 3806 hic
1320 3753 1474 3807 video
1501 3753 1746 3822 germina
1787 3755 2019 3809 multos-

439 3863 546 3918 que
584 3845 983 3910 surculos,tma
1039 3845 1338 3916 eademque
1386 3846 1566 3901 radice
1619 3847 1862 3902 avaritiae
1883 3863 2018 3902 con-

435 3941 654 4010 iunctos
705 3958 720 4006 ;
770 3955 835 3994 ac
879 3953 1012 3994 sane
1081 3937 1223 3993 haud
1275 3938 1658 3993 inconveniens
1701 3937 1832 4009 (25),
1876 3939 2017 4008 quod

441 4047 624 4087 sermo
671 4031 932 4085 adversus
983 4030 1270 4085 avaritiam
1323 4029 1389 4083 ab
1421 4045 1554 4082 auro
1601 4029 2018 4084 invenitexem-

441 4125 586 4194 plum
649 4133 814 4192 atque
852 4122 1166 4192 imaginem.
1217 4122 1360 4177 Ilinc
1402 4123 1727 4192 parricidam
1755 4122 1912 4176 video
1935 4139 2019 4192 ge-

443 4218 635 4274 nitoris
694 4216 859 4287 capiti
915 4216 1339 4282 imminentem;
1390 4215 1644 4286 nullaque
1699 4215 2019 4270 veneranda:

440 4308 687 4376 canitiei,
751 4307 832 4362 vel
878 4317 1120 4376 paternae
1167 4305 1508 4362 auctoritatis
1571 4309 1890 4371 reverentia,
1948 4309 2018 4362 oh

440 4403 739 4474 longiorem
781 4404 927 4456 senis
953 4403 1115 4454 vitam
1171 4400 1561 4470 indignantem.
1610 4399 1836 4455 Omnem
1871 4404 2015 4457 enim

438 4497 647 4566 cupiam
673 4494 815 4550 domi
849 4493 1074 4564 largiter
1115 4503 1401 4562 suppetere
1452 4492 1662 4558 videns,
1697 4509 1796 4547 nec
1823 4509 2011 4549 eorum

444 4601 565 4656 quae
593 4586 708 4640 visa
741 4583 980 4638 alliciunt
1016 4598 1182 4651 penes
1215 4599 1274 4637 se
1300 4583 1602 4638 dominium
1645 4584 1883 4650 habens;
1917 4604 2014 4641 cu-

440 4678 704 4745 piensque
751 4689 940 4728 eorum
969 4688 1036 4726 ac
1077 4673 1392 4727 deliciarum
1447 4672 1563 4728 ﬁeri
1612 4673 1881 4739 dominus,
1920 4693 2013 4747 pa-

441 4779 591 4822 terna
639 4773 1024 4835 coangustatur
1083 4763 1452 4817 dominatione
1505 4779 1568 4818 ac
1612 4775 1895 4834 potestate.
1939 4770 2018 4825 Ac

441 4858 596 4911 initio
633 4855 843 4928 quidem
889 4853 1166 4908 silentium
1196 4854 1350 4918 colit,
1401 4854 1618 4924 alteque
1674 4861 2010 4916 reconditum

509 4950 554 4982 ⁸³
587 4948 713 5019 ch.
746 4947 846 5000 οὐκ
865 4947 1148 4999 ἀνοίκειον.

511 5043 566 5113 (2
577 5042 622 5110 ι)
637 5113 646 5119 _
663 5041 1005 5119 Deterrimum
1027 5042 1474 5119 Prorocqtionem,
1501 5039 1602 5119 sl;
1623 5044 2008 5119 χαίεπωτάτην

439 5110 709 5182 παταγήν.
732 5110 1435 5182 Veltthnntliclttntsignum
1453 5111 1599 5164 edito
1621 5127 1682 5164 ex
1707 5110 2008 5179 percussio-

441 5203 506 5239 ne
539 5181 671 5238 sono
701 5199 715 5236 ε
745 5181 886 5250 quod
910 5190 1063 5234 vocat
1087 5182 1330 5250 Asterius
1365 5181 1624 5234 bonorum
1651 5197 1712 5234 ac
1743 5185 2004 5241 honorum

439 5249 772 5322 propositam
813 5266 986 5318 spem,
1024 5267 1126 5322 qua
1157 5249 1402 5306 Julianus
1441 5251 1728 5320 plurimum
1780 5261 2008 5312 tentavit

438 5320 796 5386 Christianos,
859 5329 917 5375 nt
975 5337 1038 5375 ex
1087 5320 1330 5390 Gregorii
1366 5321 1620 5389 'l'heologi
1668 5338 1730 5376 ac
1776 5325 2003 5381 aliorum

438 5394 724 5466 ωιιιι.ιιιιιιιι
765 5394 1126 5466 monumentis
1160 5391 1548 5466 liquet._S_nau_i
1595 5402 1783 5446 auctor
1822 5408 2005 5466 aperte

438 5461 651 5525 aetatem
681 5461 974 5531 signiﬁcat,
1005 5473 1060 5515 et
1090 5471 1148 5516 ιιι
1188 5463 1299 5530 ipsa
1348 5463 1543 5518 Juliani
1591 5472 1749 5517 :ctate
1794 5461 2011 5531 viierit,

437 5539 596 5606 eique
646 5533 807 5590 liter-it
845 5544 1119 5600 superstes
1146 5535 1429 5606 {obscuro
1485 5537 2015 5606 tatneuymnltosnc

441 5604 737 5675 ari—paucos
776 5618 967 5675 annos.
1005 5618 1123 5657 sese
1153 5605 1187 5657 ii
1227 5605 1580 5658 excesserint.
1621 5604 1824 5657 indicat
1856 5622 1882 5656 a
1915 5605 2013 5658 Ju-

441 5672 607 5740 liano,
629 5675 718 5745 qui
747 5672 1508 5746 παραϐάτηςιιιιιοιιοιιιιιειίεε
1525 5676 1697 5727 dictus
1714 5683 1815 5735 est,
1838 5675 2013 5746 factos

438 5748 507 5801 ah
547 5762 612 5802 eo
651 5743 959 5801 desertores
1009 5743 1333 5800 Christiana:
1369 5744 1664 5814 religionis,
1714 5745 2008 5814 appellatos

2046 4465 2095 4522 D

2120 3202 2229 3271 γὰρ
2267 3201 2314 3252 οἱ
2345 3200 2434 3252 τὸν
2465 3199 2666 3270 χρυσὸν
2693 3198 2917 3252 ἐπὶτῶν
2945 3198 3160 3252 κόλπων
3185 3198 3287 3268 τῆς
3318 3199 3420 3270 γῆς
3449 3198 3695 3269 ἀνιχνεύ-

2117 3311 2290 3358 οντες,
2321 3295 2483 3362 φασὶν
2513 3292 2609 3364 τὴν
2637 3295 2882 3364 χρυσῖτιν
2909 3292 3011 3363 γῆν
3042 3292 3128 3346 ἐπ’
3158 3292 3328 3363 αὐτῆς
3355 3292 3454 3362 μὲν
3485 3294 3582 3364 τῆς
3603 3293 3697 3365 άρ-

2117 3385 2220 3456 χῆς
2251 3386 2345 3438 καὶ
2387 3385 2487 3454 τῆς
2525 3384 2874 3456 κυριωτάτης
2896 3383 3162 3453 γενέσεως
3193 3384 3437 3456 σωρηδὸν
3473 3385 3697 3438 ἀποκεῖ-

2120 3477 2274 3531 σθαι·
2329 3477 2540 3531 ἐκεῖθεν
2587 3476 2644 3529 δὲ
2701 3477 2890 3548 ῶσπερ
2943 3475 3146 3545 φλέϐας
3197 3477 3350 3540 τινὰς
3395 3476 3503 3531 ἀπό
3552 3493 3697 3539 τινος

2119 3570 2269 3624 ἔνθεν
2313 3570 2408 3624 καὶ
2442 3569 2593 3622 ἔνθεν
2625 3571 2704 3634 εἰς
2735 3570 2942 3640 μακρὸν
2971 3570 3200 3641 διήκειν,
3233 3570 3326 3622 καὶ
3364 3568 3699 3638 πολυσχιδῶς

2117 3663 2500 3719 ἁποτείνεσθαι
2529 3663 2646 3716 κατ’
2675 3661 2845 3725 αὑτάς
2875 3679 2976 3714 που
3001 3660 3098 3724 τὰς
3123 3661 3279 3732 ῥίζας
3300 3661 3409 3714 τῶν
3436 3661 3696 3731 δένδρων,

2115 3761 2216 3821 τὰς
2245 3758 2308 3810 ἐκ
2340 3755 2431 3809 τοῦ
2468 3755 2705 3826 πρέμνον
2735 3753 3165 3824 διαπλουμένας·
3195 3753 3366 3818 οὕτως
3393 3751 3695 3816 κάνταῦθα,

2120 3849 2320 3912 πολλὰς
2350 3848 2570 3919 βλέπων
2609 3848 2707 3911 τὰς
2729 3847 3052 3916 ἀποφύσεις,
3099 3847 3196 3917 μιᾷ
3232 3847 3358 3919 sic;
3381 3846 3482 3916 τῆς
3511 3845 3698 3898 πλεονο

2118 3943 2267 4007 εξίας
2295 3943 2393 4006 τὰς
2428 3942 2610 4006 πάσας
2637 3940 3023 4012 συνδεδεμένας
3051 3940 3308 4011 εὑρίσκω.
3349 3939 3461 3992 Καὶ
3513 3937 3697 4010 μέντοι

2118 4037 2212 4090 καὶ
2239 4037 2338 4090 οῦκ
2367 4036 2432 4088 ἂν
2463 4035 2662 4088 οἰκεῖον
2688 4034 2735 4066 ⁵³
2768 4028 2926 4104 εῦρεν
2955 4035 2984 4086 ὁ
3015 4032 3171 4102 λόγος
3206 4031 3344 4104 πρὸς
3387 4028 3699 4094 πλεονεξίαν

2119 4129 2184 4180 ὲκ
2206 4125 2298 4180 τοῦ
2325 4123 2528 4198 χρυσοῦ
2551 4123 2612 4177 τδ
2641 4123 2967 4193 ὑπόδειγμα.
3014 4121 3296 4176 Ἐντεῦθεν
3325 4121 3437 4194 δρῶ
3466 4121 3557 4174 τὸν
3591 4137 3697 4174 πα-

2118 4219 2373 4292 τραλοίαν
2433 4218 2532 4289 τῆς
2597 4214 2841 4285 κεφαλῆς
2887 4215 2984 4284 τῆς
3050 4212 3389 4283 γεννησάσης
3437 4209 3699 4264 κατατολ-

2123 4312 2329 4383 μῶντα·
2362 4312 2465 4364 οὐκ
2500 4308 2815 4381 αἰδούμενον
2851 4307 2907 4360 δὲ
2955 4306 3078 4360 οὔτε
3105 4305 3204 4377 τὴν
3239 4305 3451 4370 πολιὰν,
3486 4303 3610 4358 οὔτε
3635 4303 3700 4357 τὸ

2124 4403 2386 4474 πατρικὸν
2437 4400 2672 4472 άξῖωμα,
2723 4398 2859 4454 ἀλλὰ
2890 4401 2956 4470 τῇ
3001 4398 3092 4452 ἐπὶ
3133 4398 3293 4451 πλέον
3335 4399 3447 4468 ζωῇ
3483 4396 3576 4450 τοῦ
3615 4396 3703 4465 γέ-

2125 4514 2312 4569 ρον-τος
2345 4494 2697 4568 βαρούμενον.
2734 4492 2920 4546 Πάντα
2949 4492 3058 4562 γάρ
3087 4491 3228 4562 ὁρῶν
3269 4490 3362 4544 ἐπὶ
3394 4490 3492 4561 τῆς
3520 4489 3697 4553 οἰκίας

2119 4590 2346 4658 ἄφθονα,
2383 4589 2476 4642 καὶ
2497 4587 2594 4658 τὴν
2623 4586 2872 4653 ἐξουσίαν
2905 4585 3013 4638 τῶν
3042 4584 3388 4656 βλεπομένων
3412 4585 3512 4638 οὒκ
3534 4583 3695 4654 ἔχων,

2120 4679 2404 4752 ἐπιθυμῶν
2432 4679 2490 4733 δὲ
2515 4679 2701 4751 κύριος
2732 4672 2871 4729 εἶναι
2903 4674 3080 4728 αὐτῶν
3102 4693 3176 4730 -τε
3208 4677 3302 4730 καὶ
3331 4676 3428 4746 τῆς
3477 4691 3698 4748 περιου-

2124 4776 2263 4840 σίας,
2295 4773 2574 4828 στενοῦται
2615 4775 2682 4844 τῇ
2715 4775 2954 4844 πατρικῇ
2991 4770 3296 4841 αὐθεντείᾳ.
3334 4771 3446 4824 Καὶ
3493 4767 3561 4821 τὰ
3599 4767 3698 4838 μὲν

2121 4869 2310 4939 πρῶτα
2344 4867 2541 4936 σιωπᾷ,
2585 4867 2679 4919 καὶ
2710 4867 2768 4918 ὲν
2814 4864 2890 4936 τῷ
2923 4864 3076 4936 βάθει
3133 4862 3349 4934 κατέχει
3380 4861 3478 4933 τὴν
3523 4862 3696 4915 νόσον·

2115 5051 2428 5107 Julianitas.
2455 5047 2628 5101 Latini
2646 5045 2914 5102 lulianum
2949 5045 3118 5114 magis
3147 5045 3448 5110 Apostnlant
3475 5037 3706 5105 vocant,

2117 5137 2276 5187 quam
2335 5131 2790 5188 transgressorcm
2845 5131 2939 5169 seu
2989 5116 3501 5184 praevaricatorem,
3551 5115 3696 5182 quod

2113 5193 2300 5249 Grzeca
2329 5205 2428 5261 vox
2461 5187 2788 5261 παραϐάτης
2808 5195 2965 5240 sonat

2186 5262 2297 5329 (25)
2339 5259 2496 5329 Manil
2527 5253 3090 5329 δἐι-ηιοιήεοιιυειιὶεηε.
3119 5254 3260 5329 Lego
3274 5253 3376 5329 οὐκ
3403 5255 3692 5329 ἀνοίκειον,

2113 5326 2256 5404 quod
2280 5326 2344 5384 'ct
2365 5327 2490 5400 legit
2523 5329 2771 5404 interp_r.,
2799 5327 3060 5404 necillnd,
3078 5326 3178 5378 οὐκ
3204 5327 3268 5404 av
3296 5328 3514 5404 oixaiov,
3551 5327 3692 5404 aliud

2114 5397 2359 5457 videatur
2403 5397 2564 5469 tinam
2605 5397 2885 5466 scriptura:
2943 5398 3149 5469 vitium.
3204 5397 3406 5469 lfassim
3463 5412 3590 5449 vero
3638 5397 3694 5448 in

2122 5472 2360 5541 antiquis
2411 5466 2623 5539 quoque
2674 5469 2952 5541 codicibus
2997 5466 3132 5541 mala
3181 5467 3268 5541 illa
3318 5480 3695 5541 voctttn,__q_tta

2120 5534 2314 5598 divisio
2345 5534 2451 5610 qua
2480 5534 2782 5593 contractio
2809 5538 3068 5597 occurrit,
3101 5545 3158 5590 ut
3191 5539 3260 5590 sit
3301 5549 3443 5610 opus
3465 5534 3696 5610 judicio,

2121 5615 2187 5667 ad
2217 5606 2612 5681 percipiendam
2663 5621 2896 5662 mentem
2936 5618 3216 5662 auctorum
3254 5621 3316 5661 ac
3356 5607 3486 5676 quid
3517 5606 3695 5676 reipsa

2120 5685 2154 5737 ii
2182 5681 2520 5750 scripserint.
3711 5683 3717 5692 '
