4090 6146
369 385 472 443 209

1402 391 1687 448 IIOMILIA
1734 393 1818 449 Ill.
1859 393 2232 456 ADVERSUS
2262 399 2722 456 AVARITIAM."

3544 396 3651 450 Ξιο

372 506 445 578 τῷ
477 504 654 578 χρόνῳ
691 504 748 559 δέ
783 508 882 576 τὴν
907 506 1204 580 ἐπιθυμίαν
1236 510 1556 576 πλεονάσας,
1609 515 1704 567 καὶ
1745 514 1965 586 πληρω·

2081 519 2316 574 morbum
2348 521 2578 588 retinet;
2614 522 2737 576 dein
2774 537 2900 577 vero
2955 529 3108 577 aucta
3142 535 3235 591 per
3267 528 3476 589 tempus
3499 521 3653 591 cupi-

365 599 481 663 οεὶς
509 599 608 671 τὴν
641 599 844 670 ψυχὴν,
889 599 1085 672 ἀθρόον
1137 604 1434 675 ἐκρήγνυσι
1476 605 1576 676 τὴν
1626 606 1848 670 κακίαν,
1889 606 1964 668 ὡς

365 694 460 748 ἐπὶ
491 693 598 746 τῶν
635 693 894 763 σωλήνων
927 694 997 747 τά
1019 694 1205 750 ὕδατα.
1237 697 1347 750 Καὶ
1380 697 1562 752 λοιπόν
1588 700 1735 752 ἐστιν
1759 699 1965 770 ἀφόρη-

366 802 459 850 τος
495 784 574 857 τῷ
607 785 910 859 πρεσϐύτῃ,
950 788 1232 858 μονονουχὶ
1265 789 1605 843 συνελαύνων
1639 791 1802 844 αὐτὸν
1830 791 1966 858 πρὸς

369 880 497 943 τοὺς
533 879 740 948 τάφους
790 879 1105 947 ὑγιαίνοντα
1137 881 1231 934 καὶ
1273 880 1576 951 βαδίζοντα.
1613 885 1710 938 “Av
1753 883 1968 952 κούφως

367 966 545 1039 ἀναϐῇ
575 967 669 1022 τὸν
700 969 892 1032 ἵππον,
941 968 1378 1040 ὑπερθαυμάζει·
1421 971 1488 1027 ἂν
1533 973 1742 1044 τροφῆς
1791 975 1968 1046 ἐῤῥωι

370 1061 699 1130 μενέστερον
729 1060 1026 1132 μεταλάϐῃ,
1056 1061 1338 1131 γογγύζει·
1367 1064 1436 1118 ἂν
1461 1065 1589 1128 τοὺς
1618 1065 1837 1129 οἰκέτας
1871 1066 1970 1119 ἐω-

369 1152 519 1216 Θινὸς
564 1153 820 1225 διεγείρει
866 1155 1002 1225 πρὸς
1031 1155 1132 1220 τὰς
1158 1157 1486 1228 ὑπηρεσίας,
1527 1159 1596 1229 τῇ
1638 1159 1969 1232 ἐγρηγόρσει

369 1249 467 1301 καὶ
493 1250 560 1318 τῇ
591 1247 824 1319 δυνάμει
855 1248 949 1302 τοῦ
981 1248 1239 1320 γέροντος
1271 1250 1516 1322 ἄχθεται.
1549 1252 1645 1304 Ἂν
1673 1252 1729 1304 δὲ
1757 1253 1852 1322 καὶ
1877 1252 1970 1306 δω-

373 1337 600 1408 ρήσεταί
643 1356 696 1390 τι
738 1338 848 1391 τῶν
889 1339 1272 1410 κειμηλίων,ἢ
1319 1341 1538 1411 οἰκέτην
1579 1343 1690 1413 ἀφῇ
1718 1315 1818 1412 τῆξ
1848 1342 1971 1396 δου-

372 1430 543 1493 λείας,
576 1431 698 1483 τότε
717 1429 782 1501 δὴ
819 1430 962 1495 τότε,
1008 1432 1102 1484 καὶ
1129 1432 1314 1503 λῆρος,
1349 1433 1442 1487 καὶ
1487 1434 1842 1504 παραπαίων,
1879 1435 1973 1488 καὶ

370 1524 501 1586 τοὺς
556 1524 657 1593 τῆς
699 1523 842 1595 ζωῆς
892 1524 1136 1596 ὑπερϐάς
1179 1526 1360 1598 ὄρους,
1411 1526 1641 1580 καὶτῶν
1673 1526 1973 1598 ἀλλοτρίων

372 1615 685 1687 σπαθητὴς,
759 1617 855 1669 καὶ
918 1619 1028 1671 πᾶν
1099 1617 1424 1691 βλάσφημον
1483 1619 1698 1672 ἀκούων
1761 1620 1975 1690 ἐμπαρ-

369 1711 620 1762 οινεῖται·
674 1708 762 1762 διὰ
832 1708 883 1761 τί
937 1707 1013 1780 μὴ
1061 1711 1272 1781 ταχέως
1341 1709 1648 1777 ἀπέθανεν,
1710 1709 1974 1778 ἐγκαλού-

375 1818 558 1874 μενος.

1968 1911 1974 1924 ._
1997 1867 2036 1920 ll

447 1981 548 2044 Σδς
573 1971 750 2044 οὗτος,
774 1973 822 2034 ὦ
860 1979 1033 2050 μιαρὴ
1070 1978 1370 2044 πλεονεξία,
1407 1981 1644 2052 καρπός·
1683 1981 1836 2053 παρά
1876 1980 1970 2034 σοῦ

373 2072 446 2126 τά
473 2071 673 2143 κέντρα
714 2071 1011 2142 λαμϐάνων
1052 2072 1082 2123 ὁ
1117 2073 1244 2134 παῖς
1267 2113 1282 2135 ,
1323 2072 1581 2144 πολέμιος
1619 2073 1827 2141 γίνεται
1877 2073 1972 2126 τοῦ

377 2167 762 2236 γεννήσαντος.
797 2166 870 2220 Σὺ
897 2165 1126 2236 πληροῖς
1152 2165 1252 2235 τὴν
1281 2166 1383 2237 γῆν
1410 2165 1625 2239 λῃστῶν
1649 2166 1744 2220 καὶ
1777 2184 1969 2236 φονευ-

375 2258 507 2322 τῶν,
541 2255 989 2311 καταποντιστῶν
1031 2255 1088 2309 δὲ
1129 2256 1429 2321 θάλασσαν,
1462 2258 1562 2320 τὰς
1597 2259 1781 2321 πόλεις
1817 2257 1975 2329 θορύ-

375 2351 512 2413 ϐων,
575 2349 645 2402 τὰ
689 2349 1018 2420 δικαστήρια
1066 2348 1549 2422 ψευδομαρτύρων,
1597 2352 1972 2421 συκοφαντῶν,

377 2443 681 2514 προδοτῶν,
713 2442 1050 2514 συνηγόρων,
1081 2441 1354 2495 δικαστῶν
1377 2445 1495 2495 ἐκεῖ
1517 2443 1814 2514 ῥεπόντων,
1842 2444 1974 2498 ὅπου

377 2539 426 2590 δ’
459 2537 525 2590 ἂν
559 2537 624 2590 σὺ
656 2535 1022 2608 καθελκύσῃς.
1067 2534 1376 2601 Πλεονεξία,
1419 2539 1598 2608 μήτηρ
1643 2539 1742 2607 τῆς
1797 2538 1974 2592 ἀνισό-

379 2641 567 2696 τητος,
609 2625 857 2696 ἀνηλεής,
899 2623 1305 2696 μισάνθρωπος,
1369 2625 1646 2696 ιῖιμοτάτη.
1695 2627 1796 2680 Διά
1844 2629 1975 2681 ταύ-

379 2733 488 2784 την
543 2715 571 2766 ὁ
601 2715 708 2768 τῶν
741 2714 1042 2786 ἀνθρώπων
1081 2714 1192 2784 βίος
1228 2715 1545 2786 ἀνωμαλίας
1587 2716 1768 2788 γέμει·
1798 2719 1893 2770 καὶ
1927 2717 1976 2770 oi

384 2807 489 2878 μὲν
519 2808 584 2859 ἐκ
621 2805 714 2859 τοῦ
743 2807 906 2878 κόρου
941 2805 1202 2861 ναυτιῶσι
1229 2805 1326 2878 τὴν
1357 2807 1678 2878 περισσείαν
1707 2809 1818 2864 τῶν
1846 2827 1978 2880 κτη-

384 2899 596 2970 μάτων,
629 2892 740 2951 οἴον
786 2898 992 2969 τροφὴν
1043 2898 1319 2968 ἄπληστον
1361 2899 1787 2964 ἀποϐλύζοντες·
1829 2901 1977 2956 ἄλλοι

379 2991 442 3044 δὲ
497 2990 639 3062 λιμῷ
667 2991 760 3044 καὶ
789 2990 964 3062 ἐνδείᾳ
998 2989 1311 3060 πιεζόμενοι
1336 2990 1760 3046 κινδυνεύουσιν.
1788 2992 1851 3046 Ol
1878 2992 1977 3063 μὲν

382 3081 481 3134 ὑπ’
513 3081 730 3152 ὀρόφοις
774 3080 1176 3151 χρυσοπάστοις
1218 3079 1591 3143 κατάκεινται,
1630 3082 1724 3134 καὶ
1768 3081 1845 3145 ὡς
1890 3100 1978 3152 μι-

382 3172 529 3244 κρὰς
555 3173 738 3236 πόλεις
771 3171 981 3226 οἰκοῦσι
1021 3172 1120 3235 τάς
1163 3171 1362 3235 οἰκίας,
1415 3172 1660 3243 λουτροῖς
1690 3174 1785 3225 καὶ
1807 3173 1976 3236 οἴκοις

381 3263 674 3328 ποικίλοις,
719 3264 816 3317 καὶ
871 3266 1054 3327 στοαῖς
1101 3263 1192 3315 ἐπὶ
1238 3262 1583 3334 μακρότατον
1636 3263 1973 3334 διηκούσαις,

384 3357 482 3411 καὶ
510 3356 740 3428 παντοία
763 3355 1084 3427 πολυτελείᾳ
1111 3355 1555 3427 κεκοσμημένας·
1575 3356 1749 3426 ἕτεροι
1778 3356 1834 3409 δὲ
1885 3357 1978 3411 δύο

381 3449 561 3504 δοκῶν
600 3449 814 3520 σκέπην
868 3449 969 3502 οὐκ
1022 3448 1256 3519 ἔχουσιψ
1309 3449 1425 3502 ἀλλ’
1463 3449 1592 3502 ὅταν
1631 3452 1689 3503 ἐν
1729 3450 1978 3522 ὑπαίθρῳ

383 3541 578 3613 διαζῇν
612 3542 688 3614 μὴ
714 3541 997 3605 δύνωνται,
1031 3541 1064 3611 ἢ
1096 3541 1234 3613 πρὸς
1273 3541 1373 3605 τὰς
1407 3541 1672 3612 καμίνους
1701 3541 1978 3610 καταφεύ-

385 3653 546 3705 γουσι
574 3635 684 3690 τῶν
705 3634 971 3706 λουτρῶν,
1000 3634 1034 3704 ἢ
1067 3635 1159 3688 καὶ
1196 3637 1308 3698 τοῖς
1332 3633 1620 3704 βαλανεῦσι
1659 3635 1979 3702 κακοξένοις

385 3726 794 3797 περιτυχόντες,
832 3725 1232 3798 παραπλησίως
1259 3727 1370 3788 τοῖς
1399 3725 1604 3796 χοίροις
1636 3725 1736 3796 τὴν
1774 3725 1980 3797 κόπρον

385 3816 730 3889 ὀρύττοντες,
760 3817 862 3887 τὴν
883 3815 1186 3885 ἀναγκαίαν
1215 3814 1424 3885 Θέρμην
1451 3815 1663 3876 ἑαυτοῖς
1689 3813 1968 3884 μηχανῶνο

385 3928 502 3965 ται.
539 3908 646 3964 Καὶ
691 3908 753 3962 τὸ
802 3907 1066 3978 ὁμότιμον
1103 3905 1265 3971 ζῶον,
1316 3906 1344 3957 ὁ
1374 3903 1680 3977 ἄνθρωπος,
1713 3904 1980 3976 τοσαύτην

387 4003 505 4073 ἔχει
549 4002 649 4073 τὴν
691 3999 956 4072 διαφορὰν
1007 3999 1109 4069 τῆς
1149 3998 1359 4067 διαίτης
1407 3997 1547 4070 πρὸς
1591 3997 1651 4050 τὸ
1685 3996 1977 4066 ὁμόφυλον

384 4097 489 4151 οὐκ
516 4095 676 4150 ἄλλου
702 4093 846 4157 τινὸς
874 4091 974 4164 τὴν
1000 4090 1228 4156 ἀταξίαν
1253 4090 1459 4160 ταύτην
1495 4090 1589 4143 καὶ
1625 4089 1725 4159 τὴν
1756 4090 1982 4160 ἀνωμα-

385 4190 535 4253 λίαν,
587 4188 621 4259 ῆ
671 4187 772 4258 τῆς
809 4183 1124 4250 πλεονεξίας
1163 4182 1584 4253 ἐπεισαγούσης.
1638 4183 1698 4235 '0
1747 4182 1845 4253 μὲν
1889 4199 1984 4250 γυ-

391 4285 548 4356 μνοῖς
590 4282 892 4352 ἀσχημονεῖ
939 4278 1146 4350 μέλεσι·
1199 4277 1292 4330 καὶ
1344 4278 1372 4329 ὁ
1418 4275 1573 4338 ἄλλος
1609 4274 1744 4346 πρὸς
1797 4274 1857 4327 τὸ
1887 4274 1984 4345 τὴν

389 4374 599 4443 ἐσθῆτα
630 4371 1033 4443 δυσαρίθμητον
1072 4368 1236 4440 ἔχειν,
1281 4369 1591 4439 πορφυραῖς
1632 4365 1828 4432 πλαξὶν
1859 4367 1984 4429 τοὺς

387 4466 608 4536 τοίχους
641 4464 837 4518 ὲνδύει.
877 4463 935 4517 '0
966 4462 1136 4533 πένης
1159 4462 1250 4514 ἐπὶ
1283 4459 1501 4530 ξυλίνης
1525 4455 1801 4529 τραπέζης
1822 4458 1984 4528 ἄρτον

390 4558 593 4628 ἀπορεῖ
621 4553 938 4626 διαθρύψαγ
972 4551 1066 4604 καὶ
1101 4552 1130 4603 ὁ
1158 4548 1378 4621 τρυφῶν
1407 4548 1659 4619 ἀργυρῆν
1700 4546 1982 4618 τράπεζαν

391 4648 596 4711 ἐλάσας
646 4647 728 4710 εἱς
771 4645 993 4707 πλάτος,
1021 4641 1102 4712 τῷ
1132 4639 1398 4695 στίλϐοντι
1439 4639 1848 4710 ψυχαγωγεῖται
1883 4640 1980 4712 τῆς

393 4741 545 4811 ὕλης.
586 4739 699 4792 Καὶ
730 4737 883 4808 πόσῳ
915 4735 1269 4804 δικαιώτερον
1300 4727 1389 4802 ἦν,
1425 4729 1516 4784 τὸν
1571 4731 1670 4801 μὲν
1699 4729 1982 4782 ἑστιᾶσθαι

392 4831 737 4904 ἀρκούμενον
768 4831 836 4900 τῇ
866 4827 1003 4900 ἄλλῃ
1034 4828 1235 4898 τρυφῇ,
1275 4825 1376 4895 τῆς
1414 4823 1696 4894 τραπέζης
1728 4821 1784 4874 δὲ
1816 4820 1982 4892 τιμὴν

392 4928 502 4982 τῶν
536 4924 760 4997 ἀπόρων
790 4917 1249 4991 εἷναιτρυφήν⁸³;
1279 4916 1472 4977 Ἀλλος
1498 4914 1749 4986 γηραιὸς,
1778 4913 1872 4967 καὶ
1899 4913 1985 4983 βα.

393 5021 562 5087 δίζειν
583 5017 883 5083 ἀδυνατῶν,
915 5015 950 5086 ἢ
981 5015 1068 5070 διά
1091 5032 1214 5068 τινα
1247 5012 1428 5084 λώϐην
1460 5010 1734 5082 χωλεύων,
1774 5007 1894 5060 ὄνον
1921 5006 1982 5058 οὐ

398 5113 681 5183 κέκτηται,
720 5111 1018 5178 ἀναγκαῖον
1056 5107 1154 5179 τῆς
1189 5105 1380 5178 χρείας
1423 5104 1627 5174 ὄχημαο
1670 5101 1763 5154 καὶ
1799 5098 1986 5169 ἕτερος

393 5205 485 5260 διὰ
527 5203 730 5274 πλῆθος
773 5202 872 5266 τὰς
901 5200 1103 5270 ἀγέλας
1131 5200 1192 5252 οὐ
1225 5197 1480 5268 γνωρίζει
1510 5195 1620 5249 τῶν
1656 5194 1860 5248 ἵππων.
1895 5189 1988 5262 Τῷ

398 5295 502 5368 μὲν
548 5294 727 5348 ἔλαιον
767 5293 910 5346 ἐνδεῖ
955 5290 1092 5362 πρὸς
1127 5291 1188 5342 τὸ
1213 5289 1408 5358 λύχνον
1436 5284 1660 5356 ἀνάψαι·
1708 5283 1800 5336 καὶ
1828 5281 1988 5345 ἀλλος

397 5390 592 5460 μόναις
628 5389 748 5450 ταῖς
786 5383 1031 5455 λυχνίαις
1074 5381 1313 5436 πλουτεῖ.
1360 5380 1418 5434 '0
1462 5379 1562 5450 μὲν
1609 5377 1702 5430 ἐπὶ
1747 5373 1841 5429 τοῦ
1865 5375 1987 5429 ἐδά-

395 5499 533 5552 φους
564 5481 842 5552 ἔρριπταιο
873 5477 970 5530 καὶ
999 5477 1029 5529 ὁ
1060 5474 1238 5546 μάτην
1268 5468 1534 5533 πλουτῶν,
1568 5467 1646 5539 τῷ
1676 5467 1867 5537 κόσμῳ
1891 5465 1992 5536 τῆς

396 5573 587 5643 κλίνης
620 5568 1151 5641 περιαστράπτεται,
1192 5564 1440 5638 ἀργυρᾶς
1489 5561 1726 5632 σφαίρας
1761 5557 1993 5629 ἐχούσης

397 5663 492 5718 καὶ
509 5663 733 5724 ἁλύσεις
745 5661 864 5715 ἀντὶ
885 5660 998 5716 τῶν.
1017 5659 1132 5731 σ’χοί
1147 5676 1261 5712 κων.
1282 5655 1467 5710 Ταῦτα
1489 5653 1558 5706 τά
1573 5652 1671 5723 τῆς
1697 5651 1991 5722 ἀκορέστου

471 5848 522 5878 ⁵⁵
553 5851 640 5908 ῖσ,
674 5849 901 5922 τροφήν.

2070 613 2257 674 «litate,
2280 627 2344 667 ac
2377 615 2561 667 animo
2583 615 2695 684 jam
2739 623 3003 680 tumente,
3054 623 3280 682 repente
3301 611 3501 666 malum
3527 627 3652 680 pro-

2073 703 2290 771 rumpit,
2345 703 2648 757 nonaliter
2697 720 2858 772 quam
2901 720 2931 760 e
2988 705 3184 761 ﬁstulis
3247 720 3310 757 ac
3368 701 3652 756 canalibus

2069 811 2221 864 aqua:
2250 796 2348 850 vis.
2387 794 2522 848 Tum
2570 796 2660 850 ille
2721 797 2922 852 misero
2975 798 3090 853 seni
3150 795 3507 850 intolerabilis
3547 802 3651 858 est,

2072 885 2268 954 vixque
2301 903 2404 939 non
2437 885 2702 940 valentem
2729 901 2793 940 ac
2823 886 2977 940 firmo
3009 901 3220 956 gressu,
3252 887 3318 939 ad
3345 885 3652 954 sepulcrum

2071 975 2215 1046 cogit
2241 991 2304 1030 ac
2326 974 2503 1030 effert.
2546 974 2602 1029 Si
2620 990 2816 1045 equum
2847 975 3059 1045 agiliter
3091 975 3429 1037 conscendit,
3458 975 3653 1027 mirum

2073 1069 2125 1122 in
2153 1069 2370 1122 modum
2402 1069 2633 1122 miratur
2660 1084 2722 1123 ac
2747 1078 2964 1140 stupet;
2991 1069 3037 1122 si
3093 1068 3320 1138 largius,
3353 1078 3408 1122 et
3432 1079 3489 1120 ιιι
3520 1068 3656 1121 bene

2073 1172 2258 1223 sanus,
2288 1158 2441 1213 cibos
2465 1158 2652 1220 sttmit,
2681 1157 2789 1213 fert
2815 1175 2979 1230 trgre,
3001 1174 3298 1228 secumque
3328 1168 3655 1221 murmurat;

2073 1253 2120 1306 si
2155 1251 2387 1308 famulos
2417 1255 2491 1307 ad"
2543 1269 2707 1322 opera
2742 1269 2806 1309 ac
2872 1255 3173 1308 ministeria
3237 1269 3396 1306 mane
3429 1254 3654 1312 excitat,

2077 1342 2410 1414 vigilantiam
2447 1346 2753 1416 bonamque
2803 1346 3170 1401 valetudinem
3207 1346 3353 1400 senis
3392 1346 3560 1416 gemit
3594 1360 3657 1398 ac

2079 1435 2243 1491 dolet.
2280 1436 2433 1503 Quod
2458 1437 2503 1490 si
2533 1438 2818 1509 pignorum
2851 1437 3053 1508 aliquid
3087 1439 3389 1504 donaverit,
3420 1447 3514 1491 ant
3541 1452 3659 1491 ser-

2079 1545 2202 1583 vum
2237 1545 2396 1584 manu
2425 1531 2653 1596 miserit,
2691 1541 2818 1586 tunc
2850 1546 2982 1586 sane
3021 1532 3352 1596 tunc,homo
3376 1530 3576 1586 delirus
3597 1544 3661 1582 ac

2079 1621 2277 1677 mentis
2307 1636 2502 1677 emota:
2529 1624 2696 1690 audit,
2723 1623 2924 1693 quique
2976 1624 3100 1678 vitae
3150 1623 3445 1678 excesserit
3482 1623 3664 1677 termi-

2081 1725 2200 1774 nos,
2235 1725 2297 1766 ac
2357 1711 2518 1766 alieni
2571 1713 2827 1781 prodigus
2874 1728 2939 1768 ac
3001 1714 3252 1782 profusus
3290 1731 3305 1767 :
3341 1712 3663 1781 probrisque

2080 1800 2334 1854 omnibus
2369 1815 2434 1856 ac
2460 1801 2764 1856 maledictis
2808 1801 3175 1870 proscinditur
3206 1800 3308 1855 hoc
3349 1799 3484 1853 male
3513 1812 3658 1864 reus,

2077 1891 2221 1961 quod
2249 1905 2356 1946 non
2393 1892 2625 1947 celerius
2656 1894 2766 1946 vita
2801 1893 3018 1946 functus
3047 1892 3136 1946 sit.

2142 1983 2243 2038 Tui
2278 1983 2390 2048 isti,
2416 1983 2682 2039 scelerata
2713 1984 2966 2050 avaritia,
3003 1983 3232 2038 fructus.
3264 1981 3395 2036 Tuis
3425 1981 3660 2034 stimulis

2073 2080 2400 2143 provOeatus
2428 2073 2592 2140 illius,
2642 2075 2856 2144 parenti
2919 2073 3154 2130 efﬁcitur
3204 2073 3397 2128 hostis.
3434 2071 3658 2127 Terram

2075 2163 2252 2234 reples
2281 2165 2582 2221 latronibus
2624 2181 2687 2221 ac
2733 2166 2970 2231 sicariis,
3034 2179 3184 2220 mare
3240 2166 3450 2234 piratis,
3500 2165 3662 2219 urbes

2077 2257 2248 2311 turbis
2283 2264 2447 2327 atque
2481 2259 2830 2327 tumultibus,
2874 2259 3050 2314 forum
3092 2274 3156 2314 ae
3191 2259 3481 2314 tribunalia
3513 2257 3662 2312 falsis

2077 2349 2323 2416 testibus,
2362 2349 2871 2418 calumniatoribus,
2927 2352 3316 2426 proditoribus,
3353 2351 3661 2416 advocatis,

2069 2440 2348 2510 iudicibus
2398 2459 2462 2498 eo
2496 2445 2980 2514 propendentibus,
3031 2459 3140 2515 quo
3195 2453 3250 2499 tu
3301 2443 3660 2513 pertraxeris.

2077 2536 2318 2590 Avaritia
2346 2545 2521 2591 mater
2551 2546 2634 2591 est
2661 2537 3083 2604 inaequalitatis;
3126 2536 3536 2599 immisericors,
3581 2536 3665 2588 itt-

2079 2628 2335 2690 humana,
2368 2642 2578 2682 summe
2607 2627 2860 2682 crudelis.
2891 2626 2991 2681 Per
3033 2631 3172 2681 hanc
3209 2627 3516 2680 mortalium
3555 2626 3661 2680 vita

2077 2721 2263 2790 dispar
2284 2721 2506 2775 omnino
2537 2736 2601 2775 ac
2634 2720 2974 2790 inmquabilis
3006 2729 3120 2786 est;
3193 2734 3254 2773 ac
3311 2719 3401 2774 alii
3443 2719 3664 2788 quidem

2077 2811 2470 2883 superﬂuarum
2520 2813 2772 2868 satietate
2805 2827 2966 2881 opum
3022 2811 3168 2867 velut
3202 2820 3489 2876 nauseant,
3521 2827 3583 2865 ac
3618 2813 3662 2866 si

2076 2901 2257 2956 cibum
2281 2916 2389 2971 quo
2410 2916 2468 2957 se
2499 2901 2726 2956 nimium
2759 2901 3234 2972 ingurgitaverint,
3267 2903 3661 2968 evomant;alii

2078 2991 2220 3046 fame
2242 3007 2305 3046 ac
2336 2992 2561 3061 penuria
2591 2993 2789 3061 pressi,
2829 2993 2881 3045 in
2920 3003 3168 3047 extremo
3193 3008 3329 3062 pene
3350 2993 3668 3047 discrimine

2078 3091 2385 3138 versantur.
2410 3081 2470 3135 lli
2494 3082 2595 3135 sub
2631 3083 2838 3136 auratis
2863 3083 3024 3135 tectis
3060 3083 3408 3147 recumbunt,
3439 3083 3664 3138 domos-

2077 3185 2186 3242 que
2214 3169 2457 3225 incolunt
2500 3171 2567 3224 ad
2619 3168 2792 3224 instar
2839 3168 3112 3222 minorum
3159 3170 3395 3232 urbium,
3434 3169 3664 3230 balneis.

2079 3262 2539 3330 subdomibusque
2602 3260 2809 3325 variis,
2869 3274 2932 3314 ac
2982 3259 3280 3328 porticibus
3335 3259 3661 3313 immensum

2080 3355 2357 3428 productis
2381 3395 2394 3420 ,
2423 3353 2601 3409 omnis
2660 3352 2892 3421 denique
2935 3352 3152 3420 generis
3185 3351 3475 3421 magniﬁco
3507 3367 3665 3405 orna-

2084 3459 2165 3503 tas
2197 3447 2378 3514 cultu;
2407 3446 2481 3501 illi
2514 3456 2726 3510 contra,
2773 3460 2839 3500 ne
2885 3445 2990 3500 duo
3021 3444 3239 3515 quidem
3293 3445 3437 3515 tigna
3472 3447 3670 3514 quibus

2083 3551 2356 3611 tegantur,
2400 3538 2630 3605 habent;
2673 3553 2908 3608 cumque
2955 3539 3055 3593 sub
3106 3538 3196 3592 dio
3244 3539 3540 3608 perdurare
3574 3556 3670 3592 ne-

2081 3646 2308 3705 queant,
2347 3633 2430 3689 vel
2459 3632 2528 3688 ad
2567 3634 2810 3687 caminos
2845 3633 3160 3687 balnearum
3202 3631 3542 3700 confugiunt,
3562 3633 3667 3694 vel,

2083 3727 2126 3782 si
2160 3725 2214 3780 in
2248 3723 2590 3780 balneatores
2643 3723 2998 3793 inhospitales
3057 3723 3365 3790 inciderint,
3401 3725 3542 3779 haud
3576 3725 3668 3780 ab-

2083 3818 2250 3874 simili
2279 3833 2343 3872 ac
2369 3832 2495 3872 sues
2533 3818 2762 3884 ratione,
2793 3818 3058 3874 fodientes
3079 3819 3284 3882 (inium,
3303 3817 3667 3872 necessarium

2083 3911 2185 3967 sibi
2211 3910 2447 3965 calorem
2480 3920 2798 3981 procurant.
2830 3912 2908 3967 Ac
2943 3927 3094 3976 vero,
3128 3919 3188 3964 ut
3220 3911 3411 3965 eadem
3445 3909 3672 3965 honoris

2085 4003 2439 4073 prmrogativa
2499 4011 2716 4056 auctutn
2771 4003 2994 4068 animal,
3049 4004 3232 4066 homo,
3281 4003 3493 4055 diversa
3538 4004 3672 4056 adeo

2088 4095 2209 4149 vitae
2237 4095 2468 4161 ratione,
2520 4110 2548 4147 a
2608 4094 2898 4149 contribuli
2947 4104 3074 4166 agat
3104 4094 3362 4160 homine;
3405 4103 3672 4160 tanta-que

2088 4186 2233 4241 illius
2271 4186 2697 4255 perturbationis
2724 4201 2787 4240 ac
2813 4183 3216 4255 inaequalitatis,
3253 4198 3354 4235 una
3383 4185 3590 4236 auctrix
3611 4202 3674 4235 at:

2088 4294 2278 4342 causa,
2311 4279 2542 4348 avaritia
2566 4278 2772 4333 est.Ab
2806 4280 2905 4331 hac
2930 4287 3037 4340 est,
3075 4286 3130 4329 ut
3183 4277 3321 4328 alius
3357 4284 3545 4327 contra
3577 4275 3671 4326 dt.»-

2086 4385 2275 4425 corum
2333 4384 2469 4438 pene
2516 4369 2730 4434 nudus;
2797 4368 2934 4422 alius
2993 4376 3188 4436 praeter
3246 4366 3559 4420 innumeras
3608 4367 3671 4418 ad

2089 4477 2246 4517 nsum
2274 4461 2521 4532 corporis
2553 4471 2752 4526 vestes,
2778 4459 3015 4526 parietes
3047 4459 3194 4526 ipsos
3229 4473 3469 4545 purpura
3501 4457 3664 4509 Velut.

2018 4577 2060 4632 ι)
2091 4553 2325 4622 Pauper,
2378 4567 2445 4607 ne
2499 4568 2691 4623 panem
2726 4551 2943 4620 quidem
3006 4549 3188 4614 habet,
3221 4565 3380 4618 quem
3417 4548 3467 4601 in
3498 4547 3670 4618 lignea

2091 4659 2276 4700 mensa
2316 4643 2575 4715 frangat;
2609 4659 2731 4698 cum
2772 4642 2949 4699 mollis
2972 4659 3034 4698 ac
3059 4641 3323 4696 delicatus
3363 4639 3568 4710 fulgore
3597 4640 3676 4693 la-

2093 4737 2314 4792 tissimae
2348 4752 2415 4791 ex
2447 4745 2673 4808 argento
2726 4751 2952 4799 mensae,
2983 4751 3146 4805 quam
3177 4749 3343 4804 opere
3393 4735 3578 4789 ductili
3609 4735 3661 4788 ti-

2091 4829 2168 4884 eri
2193 4831 2427 4890 curavit,
2481 4841 2715 4885 mentem
2773 4839 2827 4885 et
2857 4829 3044 4884 oculos
3093 4837 3302 4899 pascat.
3356 4829 3425 4881 At
3468 4836 3675 4896 qttattto

2094 4919 2275 4974 fuerat
2298 4920 2530 4989 aequius,
2576 4919 2667 4974 illo
2720 4921 2866 4976 laute
2907 4920 3125 4989 quidem
3177 4935 3242 4975 ac
3286 4921 3511 4989 opipare
3541 4935 3674 4987 epu—

2094 5011 2259 5074 lante,
2287 5021 2621 5078 casterasque
2648 5011 2872 5066 delicias
2898 5013 2964 5064 ad
3019 5012 3328 5067 satietatem
3355 5021 3673 5081 usurpante,

2095 5118 2296 5159 mensa:
2344 5103 2574 5173 pretium
2644 5104 2698 5158 in
2758 5104 2978 5160 delicias
3030 5103 3276 5158 converti
3345 5103 3680 5173 pauperum?

2096 5194 2249 5249 Alius
2273 5206 2436 5251 mtate
2486 5195 2682 5256 fessus,
2736 5210 2799 5249 ac
2846 5194 3063 5250 infirmo
3110 5210 3319 5266 gressu,
3355 5195 3438 5250 vel
3497 5195 3679 5263 aliquo

2097 5286 2321 5342 claudus
2351 5287 2501 5350 vitio,
2542 5301 2609 5341 ne
2659 5288 2871 5341 asinum
2936 5288 3154 5357 quidem
3189 5287 3553 5342 necessarium
3585 5304 3673 5338 ve-

2099 5388 2304 5434 ctorem
2351 5379 2630 5446 possidet;
2685 5378 2820 5432 alius
2870 5378 3014 5447 ipsos
3055 5393 3322 5448 equorum
3381 5394 3572 5448 greges
3609 5377 3677 5430 ob

2101 5468 2502 5525 multitudinem
2545 5467 2777 5536 ignorat.
2840 5466 2977 5520 lluie
3002 5465 3179 5521 oleum
3201 5467 3268 5520 ad
3299 5466 3553 5537 lychnum
3587 5463 3679 5512 de~

2102 5569 2212 5612 est:
2257 5559 2345 5613 ille
2399 5558 2466 5611 ab
2499 5557 2633 5628 ipsis
2679 5557 2975 5612 luminibus
3031 5573 3091 5612 ac
3135 5554 3476 5612 candelabris
3525 5551 3681 5604 dives

2103 5652 2315 5707 censeri
2352 5659 2548 5722 potest.
2578 5649 2676 5705 llic
2703 5650 2753 5704 in
2782 5649 2925 5704 nudo
2978 5650 3094 5705 solo
3133 5647 3552 5720 projectus'est;
3591 5643 3681 5696 ille
