4070 6142
455 377 550 432 2H

1707 419 1723 432 .
1751 376 1808 431 S.
1850 375 2120 432 ASTERII
2160 378 2463 435 AMASENI

3590 372 3702 428 ἮΞ

454 506 646 547 manes
671 491 890 547 divitias
914 492 1196 561 jactitans,
1249 492 1367 547 lecti
1421 490 1723 559 fulgoribus
1748 494 2024 562 undequa—

2140 495 2440 562 πλεονεξίας
2471 494 2904 566 ἀποτελέσματα.
2944 494 3005 547 Εἰ
3045 492 3152 564 γὰρ
3190 490 3265 562 μὴ
3300 489 3594 559 εἰσήγαγεν
3626 488 3706 553 εἰς

458 596 565 651 que
586 593 861 646 coruscat,
912 584 1069 652 cujus
1118 585 1225 638 sint
1265 595 1534 655 argenteae
1574 585 1822 651 sphzerae,
1846 600 2022 653 exque

457 672 645 726 eodem
676 682 881 728 catena:
914 673 1130 728 metallo
1158 675 1274 729 vice
1327 674 1559 731 funium.
1586 675 1744 731 Tales
1770 677 2022 730 nimirum

457 764 794 833 inexplebilis
821 767 1064 822 avaritia:
1093 764 1336 822 ell‘ectus.
1364 766 1475 822 Nisi
1499 767 1641 822 enim
1693 783 1756 820 ea
1785 769 2024 837 inaequa-

458 854 663 911 litatem
692 857 891 912 mundo
925 858 1235 922 invexisset,
1262 850 1674 928 haudquaquam
1715 858 1819 913 illa:
1847 868 2031 915 essent

2127 587 2219 640 τὸν
2249 587 2363 658 βίον
2387 589 2489 659 τὴν
2517 586 2829 657 ἀνισότητα,
2863 585 2962 639 οὐκ
2986 585 3052 639 ἂν
3079 578 3241 637 αὗται
3269 578 3410 654 ἦσαν
3434 580 3534 651 τῆς
3564 581 3706 634 ἀνω-

2134 677 2333 747 μαλίας
2361 679 2418 730 αἰ
2447 676 2630 748 ἐξοχαί
2671 676 2766 731 καὶ
2791 675 3121 745 κοιλότητες,
3148 672 3259 725 οὐδ’
3284 672 3350 725 ἂν
3378 671 3436 724 αί
3467 668 3709 724 ποικίλαι

2133 769 2415 841 συμφοραὶ
2442 770 2580 841 ἀηδῆ
2625 767 2719 822 καὶ
2757 766 3097 838 πολύδακρυν
3119 763 3219 836 τὴν
3244 763 3390 834 ζωὴν
3417 761 3577 833 ήμῶν
3602 761 3709 815 άπ-

2134 858 2467 929 ειργάζοντο.

456 961 581 1002 cum
613 946 1028 1014 exsuperantiam,
1069 956 1180 999 tum
1222 944 1468 1001 defectus
1523 961 1591 1001 ac
1622 948 1933 1011 inanitates,
2002 962 2101 1003 nec
2141 947 2304 1002 variis
2342 949 2478 1003 adeo
2532 946 2775 1001 cladibus
2812 957 2877 998 ac
2931 939 3350 1003 calamitatibus,
3415 938 3708 1007 injucunda

461 1036 618 1090 nobis
641 1036 751 1088 vita
785 1050 847 1089 ac
877 1035 1239 1106 lacrymabilis
1263 1036 1601 1091 redderetur.

531 1124 667 1180 llinc
700 1126 946 1183 homines
1006 1127 1242 1182 naturali
1285 1135 1467 1181 mutua
1511 1127 1722 1196 abjecta
1760 1129 2025 1195 amicitia,

2216 1124 2497 1180 Ἐντεῦθεν
2522 1123 2619 1194 τήν
2648 1122 2885 1192 φυσικὴν
2929 1117 3063 1190 πρὸς
3093 1114 3356 1187 ἀλλήλους
3385 1115 3571 1184 φιλίαν
3603 1115 3710 1167 ἀπ-

458 1211 661 1268 ferrum
711 1224 936 1279 acuunt,
993 1217 1142 1270 acies
1194 1216 1488 1277 instruttut,
1540 1233 1607 1271 ac
1650 1232 1868 1290 summa
1902 1232 2026 1271 cum

2140 1220 2336 1313 ὤλεσαν
2362 1218 2658 1290 ἄνθρωποι,
2693 1214 2786 1268 καί
2812 1214 3028 1283 σίδηρον
3062 1209 3320 1313 ἀκονιῦσι,
3349 1207 3444 1261 καὶ
3475 1222 3711 1313 συγκρο-

459 1302 799 1355 immanitate
843 1312 1096 1370 tanquam
1149 1303 1334 1358 heSIiae
1390 1304 1530 1358 inter
1556 1320 1614 1359 se
1658 1307 2024 1360 committunt.

456 1391 660 1448 Cmtera
694 1393 948 1463 deinceps
994 1395 1116 1463 quis
1159 1396 1533 1450 enarraverit?
1578 1395 1715 1452 Muri
1773 1396 1933 1455 validi
1965 1412 2030 1451 ac

456 1483 656 1538 excelsi
714 1485 982 1539 machinis
1027 1494 1484 1555 conquassantar,
1519 1487 1682 1541 urbes
1710 1503 2026 1557 expugnan-

459 1586 582 1641 tur,
617 1589 813 1628 uxores
843 1574 1210 1641 abducuntur,
1263 1574 1414 1629 liberi
1443 1574 1496 1628 in
1528 1575 1843 1629 servitutem
1887 1573 2029 1628 redi-

458 1675 682 1729 guntur,
735 1664 850 1733 agri
891 1674 1180 1717 vastantur
1233 1679 1298 1719 ac
1368 1665 1694 1730 desolantur,
1746 1665 2032 1720 arboribus

459 1754 616 1822 ipsis,
641 1763 896 1822 tanquam
924 1754 1234 1808 hominibus
1276 1755 1438 1809 illane
1470 1757 1574 1811 reis
1606 1755 1838 1824 injurias,
1880 1756 2024 1811 baud

461 1854 830 1912 temperatur;
863 1848 1013 1900 multi
1050 1847 1273 1900 ﬂorente
1322 1856 1484 1902 aetate
1519 1846 1858 1917 jugulantur,
1897 1848 2029 1903 rivi-

459 1950 567 2001 que
592 1935 871 2006 sanguinis
902 1950 929 1987 a
968 1946 1149 2003 strage
1183 1936 1506 1991 cadaverum
1534 1938 1833 1994 miserabili
1862 1937 2034 1992 ﬂtntnt

460 2033 623 2090 atque
669 2023 1001 2090 volvuntur;
1045 2024 1330 2081 facultates
1386 2027 1619 2096 denique
1684 2043 1749 2083 ac
1805 2029 2034 2082 fortuna:

458 2129 672 2179 eorum,
699 2116 789 2183 qui
843 2115 969 2169 victi
1030 2116 1254 2179 fuerint,
1305 2116 1604 2173 victoribus
1643 2120 1861 2172 cedunt.
1894 2117 2033 2185 Quid

461 2205 693 2261 deinde?
721 2205 1013 2258 Viduarum
1050 2203 1311 2270 lamenta,
1342 2206 1667 2276 pupillorum
1697 2206 1874 2271 ﬂetus,
1908 2223 2031 2261 cum

469 2308 719 2365 parentes
749 2312 897 2362 suos,
937 2308 1049 2352 tum
1079 2299 1332 2353 amissam
1374 2299 1666 2368 lugentium
1708 2300 2032 2354 libertatem.

466 2390 567 2456 Qui
605 2390 1020 2455 nudiustertius,
1085 2390 1373 2443 multarutn
1441 2405 1864 2460 magnarumque
1894 2389 2001 2443 divi

464 2481 660 2536 tiarum
701 2482 1044 2551 possessione
1110 2481 1364 2551 pollebat,
1422 2493 1534 2535 tum
1601 2480 1830 2536 frustum
1882 2481 2035 2550 panis

463 2576 689 2629 dextera
741 2585 1061 2643 exporrecta
1116 2574 1405 2628 mendicat.
1443 2570 1545 2639 Qui
1603 2573 1785 2643 plures
1849 2587 2035 2626 servos

461 2666 707 2719 textrina:
760 2665 1026 2725 addictos,
1084 2663 1333 2733 aedesque
1388 2663 1626 2717 vestibus
1668 2662 1893 2717 refertas
1947 2663 2015 2717 ha

460 2756 673 2818 buerat,
701 2755 880 2809 lacero
922 2754 1224 2824 detritoque
1272 2764 1442 2809 tcctus
1469 2753 1776 2821 panniculo,
1806 2754 2038 2808 servitu-

461 2858 569 2902 tem
596 2848 712 2915 ipse
743 2846 931 2912 servit,
967 2861 1162 2914 aquam
1192 2846 1512 2900 necessariis
1541 2845 1729 2900 usibus
1754 2845 2033 2910 convehit,

464 2940 537 2994 ab
567 2939 732 3006 eqnili
779 2950 1023 2993 stercora
1091 2937 1346 3001 abradit,
1394 2936 1659 3006 bellisque
1699 2938 2037 3005 mancipatur

462 3029 726 3098 ejusmodi
761 3027 1096 3082 ministeriis.
1128 3027 1244 3080 Alia
1283 3033 1539 3081 sexcenta
1572 3026 1710 3080 mala
1743 3035 1891 3092 sunt,
1917 3042 2037 3096 quae

466 3138 569 3177 non
610 3121 732 3176 licet
758 3120 1069 3176 summatim
1101 3119 1349 3175 oratione
1372 3120 1675 3189 complecti.
1709 3118 1912 3175 Horum
1936 3135 2035 3173 au-

468 3226 573 3269 tem
600 3214 840 3268 omnium
891 3212 1062 3282 origo,
1108 3226 1399 3281 causaque,
1440 3226 1504 3267 ac
1560 3212 1733 3276 radix,
1796 3212 1913 3282 plus
1944 3212 2038 3266 ha-

465 3305 620 3359 bendi
679 3302 965 3373 cupiditas,
1017 3317 1080 3355 ac
1136 3300 1354 3370 iniquus
1411 3301 1678 3356 bonorum
1741 3301 2037 3356 alienorum

466 3411 644 3450 amor.
680 3394 827 3449 lianc
862 3392 1203 3447 alTectionem
1234 3402 1291 3444 ut
1318 3390 1441 3460 quis
1480 3391 1758 3445 hominum
1792 3391 2040 3459 exegerit

462 3487 679 3549 animis,
715 3485 849 3539 nihil
887 3484 993 3537 erit
1015 3483 1155 3552 quod
1184 3491 1326 3537 vetet
1378 3482 1506 3551 quin
1560 3483 1609 3535 in
1654 3482 1761 3537 alta
1810 3497 1941 3553 pace
1977 3497 2042 3537 ac

470 3576 756 3646 tranquille
786 3577 1051 3637 vivamus,
1094 3588 1361 3641 omneque
1412 3573 1481 3625 ab
1527 3573 1761 3627 humana
1793 3574 1898 3627 vita
1930 3572 2042 3628 bel—

468 3669 605 3733 lum,
634 3682 697 3720 ac
730 3667 966 3721 turbatio
991 3665 1224 3720 exsulet.
1255 3664 1590 3733 Quapropter
1607 3665 1768 3718 etiam
1784 3664 2042 3720 Dominus

472 3761 611 3813 banc
633 3754 821 3811 sedulo
855 3753 1227 3826 mgritudinern
1277 3753 1391 3807 suis
1426 3752 1647 3809 monitis
1708 3764 1882 3822 curat,
1912 3755 2040 3810 dum

472 3850 607 3903 alias
640 3848 856 3917 quidem
885 3845 1137 3908 aﬂirmat,
1166 3858 1269 3898 non
1306 3859 1464 3913 posse
1491 3860 1587 3898 nos
1629 3845 1737 3900 Deo
1766 3847 1968 3900 servire
1988 3856 2043 3901 et

476 3959 794 3998 mammona:
823 3944 901 4008 ⁸⁸;
935 3942 1069 3997 alias
1100 3953 1304 4009 autem,
1347 3944 1563 3999 divitem
1600 3944 1748 3998 illum
1785 3946 2040 4000 miserum

472 4036 805 4102 pronuntiat.
829 4035 918 4105 qui
969 4035 1023 4088 in
1077 4034 1375 4089 crastinum
1436 4035 2039 4101 moriturus,'diuturni

470 4128 728 4196 temporis
753 4126 971 4180 sibimet
1001 4126 1320 4192 designabat
1349 4126 1570 4182 delicias
1599 4127 1681 4192 ⁸⁶;
1710 4142 1773 4181 ac
1805 4143 1927 4182 cum
1951 4129 2042 4181 de-

471 4220 631 4288 nique
659 4235 782 4273 eum
810 4217 964 4272 docet
992 4218 1316 4286 perlectum,
1355 4217 1444 4288 qui
1490 4234 1585 4273 saa
1633 4217 1813 4273 omnia
1841 4234 2043 4287 paupe-

469 4310 621 4363 ribus
653 4324 881 4377 erogans
934 4310 1016 4372 ⁵⁷,
1052 4309 1192 4363 ultro
1234 4310 1300 4363 ad
1361 4310 1570 4377 inopem
1623 4309 2038 4380 philosophiam,

470 4407 696 4451 matrem
731 4398 877 4452 illam
914 4397 1130 4453 virtutis
1166 4413 1229 4453 ac
1261 4398 1724 4465 contubernalem,
1755 4402 1967 4455 transit.

538 4595 736 4650 Verum
771 4595 856 4648 hic
886 4590 1013 4646 milii
1037 4594 1121 4647 vel
1154 4594 1426 4648 silentium
1459 4607 1749 4651 consuetas
1770 4612 1865 4652 eas
1884 4613 2043 4654 voces

468 4686 656 4740 audire
686 4684 893 4749 videor,
926 4684 1122 4752 quibus
1158 4683 1470 4756 plerumque
1494 4685 1803 4743 doctoribus
1834 4690 2045 4745 obstre—

473 4790 644 4847 punt:
685 4776 746 4831 Et
776 4777 1064 4846 quomodo.
1097 4777 1365 4846 inquiunt,
1399 4779 1563 4832 vitam
1600 4783 2045 4848 sustentabimns,

472 4878 517 4931 si
550 4872 690 4927 nulla
727 4872 797 4926 sit
826 4870 900 4924 rei
932 4869 1216 4924 fatniliaris
1250 4884 1375 4923 cura
1399 4869 1422 4921 ?
1443 4869 1720 4935 Quomodo
1739 4874 2041 4928 necessaria

471 4979 787 5034 comparare
814 4961 1111 5016 valebimus
1127 4961 1152 5013 ἓ
1169 4960 1440 5029 quomodo
1467 4960 1547 5013 vel
1578 4976 1653 5015 :es
1676 4961 1910 5015 alienum
1936 4963 2047 5017 dis-

470 5057 730 5119 solvetur,
763 5053 846 5107 vel
889 5062 1128 5106 mutuum
1187 5051 1389 5120 petenti
1429 5050 1666 5117 dabitur,
1724 5053 1769 5106 si
1813 5062 1901 5107 tuo
1933 5068 2046 5107 om-

477 5163 572 5202 nes
610 5145 854 5201 obsecuti
883 5144 1130 5209 consilio,
1189 5151 1562 5212 paupertatem
1610 5143 1842 5212 amplexi
1877 5142 2040 5197 fueri-

475 5235 893 5293 mus?lnlidelis
951 5237 1174 5289 verbum
1239 5235 1389 5290 hoc:
1459 5232 1760 5302 insipientis
1812 5248 1935 5301 vox,
1980 5250 2046 5289 ac

472 5330 587 5402 ejus
603 5327 694 5397 qui
730 5326 958 5387 nesciat,
991 5325 1190 5379 habere
1228 5339 1325 5378 nos
1350 5323 1654 5387 Dominum,
1701 5321 1888 5385 Deum,
1927 5322 2049 5374 vita:

475 5420 892 5489 gubernatorem
919 5429 983 5469 ac
1034 5413 1484 5482 dispensatorem,
1526 5410 1615 5479 qui
1648 5410 1847 5465 creatis
1875 5410 1969 5464 abs
1991 5424 2048 5464 se

476 5508 839 5563 animantibus
886 5506 1212 5571 necessaria,
1264 5520 1386 5559 cum
1439 5503 1691 5556 alimenta
1719 5502 2043 5569 suppeditet,

478 5611 590 5655 tum
623 5610 951 5670 tegumenta.
992 5598 1175 5654 Divina
1218 5597 1361 5652 cnim
1414 5594 1748 5664 providentia
1807 5593 1950 5647 l‘ovet
1982 5608 2046 5648 ac

544 5778 593 5811 ⁸³
612 5777 741 5836 Luc.
776 5796 883 5846 xvt,
915 5779 991 5834 l5.
1070 5780 1114 5811 "
1138 5777 1266 5832 an.
1305 5793 1401 5842 χιι,
1437 5775 1526 5829 9.0.

2128 1299 2307 1364 τοῦσῖ
2323 1308 2676 1381 παρατάξεις,
2706 1308 2800 1360 καὶ
2833 1305 3023 1374 ὥσπερ
3046 1301 3167 1355 τινὰ
3193 1299 3355 1372 θηρία
3397 1299 3534 1369 μετά
3579 1299 3709 1352 πολ-

2130 1400 2228 1470 λῆς
2259 1399 2359 1468 τῆς
2381 1397 2704 1469 ἀγριότητος
2728 1395 2977 1466 ἀλλήλοις
3005 1391 3354 1446 συνάπτουσι.
3388 1389 3470 1443 Τά
3494 1388 3551 1441 δὲ
3581 1389 3713 1442 6x6-

2133 1487 2299 1542 λουθα
2335 1487 2543 1550 τούτοις
2598 1485 2712 1548 πῶς
2761 1484 2825 1538 ἄν
2868 1499 2952 1545 τις
2993 1481 3089 1534 καὶ
3138 1478 3498 1550 ὲξηγήσαιτο;
3542 1479 3709 1550 Τείχη

2136 1573 2380 1645 καρτερά
2415 1575 2528 1637 τοῖς
2568 1573 2922 1643 μηχανήμασι
2967 1570 3337 1632 κατασείεται,
3387 1568 3480 1621 καὶ
3526 1568 3713 1632 πόλεις

2134 1666 2467 1729 ἁλίσκονται,
2503 1666 2602 1720 καὶ
2630 1666 2884 1732 γυναῖκες
2908 1661 3150 1729 ἄγονται,
3186 1661 3279 1714 καί⁵
3306 1660 3495 1724 παῖδες
3516 1660 3715 1732 ἀνδρα-

2133 1753 2458 1817 ποδίζονταιο
2485 1752 2742 1822 τέμνεται
2770 1752 2839 1820 γῆ
2871 1752 2963 1804 καί
2992 1750 3257 1820 κείρεται,
3301 1751 3396 1804 καὶ
3419 1751 3488 1804 τά
3519 1751 3715 1819 δένδρα

2134 1843 2494 1915 πολεμοῦνται
2519 1844 2594 1906 ὡς
2617 1843 2970 1913 ἀδικήσαντες
3003 1840 3494 1911 ἅνθρωποι’.φόνο;
3520 1840 3576 1893 δὲ
3603 1840 3713 1895 τῶν

2134 1933 2193 1987 ἐν
2221 1932 2372 2003 ἀκμῇ
2410 1931 2596 1994 πολὺς,
2651 1930 2744 1983 καί
2802 1930 2850 1982 οἱ
2893 1928 2988 1982 τοῦ
3018 1928 3250 1997 αἵματος
3291 1928 3492 1999 ῥύακες
3536 1929 3714 1998 ἀπορ-

2136 2024 2318 2097 ῥέουσι
2348 2022 2455 2075 τῶν
2481 2021 3003 2092 ἀθλίων’σωμάτων·
3027 2023 3056 2074 6
3083 2020 3138 2073 δὲ
3161 2019 3389 2082 πλοῦτος
3412 2018 3520 2072 τῶν
3548 2021 3716 2090 ήττηο

2135 2116 2356 2179 θέντων,
2387 2111 2548 2169 ἆθλον
2571 2114 2681 2168 τῶν
2711 2111 3123 2185 κρατησάντων.
3170 2111 3293 2165 Ἑπί
3317 2109 3526 2174 τούτοις
3555 2110 3717 2181 ὀδυρο

2139 2211 2229 2281 μοὶ
2253 2209 2500 2281 χηρείας,
2529 2206 2781 2279 ὀρφανῶν
2812 2206 3042 2277 δάκρυα,
3074 2207 3168 2259 καί⁵
3194 2204 3432 2277 πατέρας
3458 2204 3593 2275 όμοῦ
3619 2205 3717 2258 καὶ

2135 2302 2232 2372 τὴν
2290 2300 2602 2372 ἐλευθερίαν
2658 2297 3018 2369 θρηνούντων·
3082 2299 3110 2351 ό
3146 2298 3204 2352 δὲ
3271 2296 3463 2369 πρώην
3526 2297 3716 2367 κύριος

2136 2391 2367 2445 πλούτου
2396 2391 2615 2445 πολλοῦ.
2651 2390 2817 2460 ἄρτου
2850 2391 3093 2460 μεταιτεῖ
3124 2389 3380 2460 τέμαχος,
3418 2389 3718 2460 προτείνων

2135 2483 2234 2554 τὴν
2278 2481 2479 2547 δεξιάν⁹
2523 2482 2617 2534 καὶ
2668 2482 2696 2533 ὁ
2743 2478 2968 2542 πολλοὺς
3013 2477 3152 2549 ἔχων
3189 2478 3405 2542 δούλους
3453 2479 3714 2547 ὑφάντας,

2136 2577 2231 2630 καὶ
2252 2576 2429 2639 οἰκίας
2459 2574 2732 2645 γεμούσας
2755 2576 3018 2646 ἐσθήτων,
3056 2573 3221 2644 ῥάκια
3246 2571 3718 2644 περιϐεϐλημένος

2135 2666 2394 2730 δουλεύει,
2430 2666 2574 2738 ὕδωρ
2601 2667 2736 2738 πρὸς
2769 2667 3013 2736 ἀνάγκην
3045 2665 3306 2736 κομίζων,
3351 2665 3445 2718 καὶ
3487 2662 3579 2717 τοῦ
3629 2668 3717 2717 ἰπ-

2138 2758 2320 2821 πῶνος
2381 2757 2634 2821 ἀποξύων
2702 2758 2801 2827 τὴν
2859 2756 3084 2828 κόπρον,
3143 2756 3238 2808 καί
3286 2757 3407 2817 ταῖς
3464 2754 3716 2825 αἰσχραῖς

2137 2847 2464 2919 ὑπηρεσίαις
2503 2846 2936 2916 διακονούμενος·
2971 2845 3105 2899 ἀλλα
3140 2844 3307 2915 μυρία
3336 2844 3502 2911 κακά,
3545 2845 3582 2900 ἃ
3617 2863 3718 2900 πε-

2139 2936 2381 3008 ριλαϐεῖν
2409 2934 2618 3003 ἀθρόως
2644 2934 2917 2988 ἀδύνατον.
2953 2933 3171 2987 Τούτων
3196 2933 3254 2986 δὲ
3289 2933 3505 2987 πάντων
3544 2935 3722 3008 ἀρχὴ,

2138 3026 2234 3080 καὶ
2261 3026 2425 3085 αἰτία.
2466 3025 2560 3078 καί
2593 3026 2737 3098 ῥίζα,
2774 3028 2807 3097 ἡ
2850 3024 2945 3080 τοῦ
2979 3025 3223 3089 πλείονος
3256 3024 3539 3095 ἐπιθυμία,
3576 3026 3723 3097 ἔρως

2141 3117 2322 3181 ἄδικος
2351 3116 2455 3169 τῶν
2488 3116 2781 3190 ἀλλοτρίων
2810 3118 3125 3188 κτημάτων.
3164 3118 3228 3170 Εἰ
3266 3116 3323 3170 δέ
3356 3133 3441 3180 τις
3465 3117 3623 3171 τοῦτο
3654 3118 3724 3172 τὸ

2140 3209 2313 3273 πάθος
2338 3208 2445 3261 τῶν
2476 3205 2775 3278 ἀνθρώπων
2797 3208 3073 3278 ἐξέκοψεν,
3102 3207 3255 3261 οὐδὲν
3281 3207 3550 3261 ἐκώλυσεν
3572 3209 3721 3280 εἰρήο

2139 3318 2238 3370 νην
2273 3300 2369 3371 μὲν
2410 3299 2488 3370 τῷ
2522 3300 2623 3371 βίῳ
2667 3299 2887 3369 βαθεῖαν
2929 3298 3403 3371 ἐμπολιτεύεσθαι,
3447 3299 3720 3370 πολέμους

2140 3392 2198 3446 δὲ
2231 3392 2325 3445 καὶ
2356 3391 2597 3462 ταραχὰς
2620 3390 2683 3455 ἐξ
2710 3389 2806 3446 ἀνθ
2816 3390 3012 3460 ρώπων
3041 3390 3462 3461 φυγαδευθῆναι,
3488 3391 3717 3445 ἐπανελ-

2142 3483 2253 3537 θεῖν
2284 3483 2341 3536 δὲ
2375 3483 2583 3546 πάντας
2615 3484 2708 3535 ἐπὶ
2739 3482 2835 3553 τήν
2865 3482 3008 3536 κατά
3034 3482 3195 3552 φύσιν
3226 3482 3460 3554 στοργήν
3495 3482 3590 3535 καὶ
3627 3500 3719 3551 φι-

2141 3574 2278 3627 λίαν.
2311 3572 2409 3626 Διὰ
2438 3571 2598 3625 τοῦτο
2632 3573 2727 3626 καὶ
2770 3575 2799 3626 6
2837 3573 3039 3644 Κύριος
3084 3572 3246 3643 ἡμῶν
3294 3573 3568 3644 ἐπιμελῶς
3607 3575 3720 3638 τοῖς

2143 3663 2567 3736 παραγγέλμασι
2617 3663 2821 3733 ταύτην
2857 3663 3065 3728 ὲξιᾶται
3114 3663 3209 3735 τήν
3250 3664 3422 3728 νόσον,
3458 3664 3588 3719 ποτὲ
3621 3665 3722 3735 μὲν

2142 3754 2594 3825 ἀποφαινόμενος·
2641 3754 2717 3807 Οὐ
2749 3754 2975 3809 δύνασθε
3022 3754 3140 3826 Θεῷ
3174 3754 3463 3819 δουλεύειν,
3512 3756 3606 3809 καὶ
3643 3756 3721 3828 τῷ

2146 3846 2398 3917 μαμωνᾷ·
2445 3845 2574 3898 ποτὲ
2606 3844 2662 3898 δὲ
2686 3844 2778 3899 τὸν
2808 3846 3062 3900 πλούσιον
3093 3849 3299 3901 ἐκεῖνον
3366 3848 3547 3902 ἄθλιον
3588 3850 3711 3901 ἁπο-

2143 3935 2370 4006 φαίνων,
2395 3935 2485 3989 τὸν
2514 3939 2581 4008 τῇ
2613 3936 2740 4006 ἑξῆς
2772 3938 3030 4010 τελευτᾷν
3060 3938 3344 4009 μέλλοντα,
3373 3940 3468 3993 καὶ
3494 3939 3594 4011 τὴν
3625 3958 3719 4011 μα-

2144 4028 2460 4100 κροχρόνιον
2528 4029 2823 4082 ἀπόλαυσιν
2897 4030 2995 4100 τὴν
3067 4031 3281 4103 τρυφῆς
3345 4032 3526 4101 ἑαυτῷ
3590 4049 3716 4103 προ·

2142 4120 2437 4174 τυπούντα*
2500 4122 2591 4175 καί
2658 4121 2887 4193 ἀλλαχοῦ
2952 4124 3043 4177 τὸν
3113 4123 3314 4177 τέλειον
3378 4126 3582 4178 ἐκεῖνον
3644 4120 3722 4178 εἰ-

2144 4231 2232 4266 ναι
2285 4212 2571 4276 διδάσκων,
2621 4213 2681 4276 ὂς
2735 4212 2800 4266 ἂν
2854 4215 3089 4280 πάντων,
3134 4208 3209 4268 ὧν
3259 4214 3392 4287 ἔχει.
3443 4217 3556 4278 τοῖς
3603 4215 3723 4269 δεο-

2148 4304 2329 4375 μένοις
2388 4305 2816 4375 παραχωρήσας,
2885 4303 3020 4375 πρὸς
3075 4303 3174 4376 τὴν
3232 4306 3518 4375 ἀκτήμονα
3577 4305 3724 4374 φιλο-

2150 4394 2341 4463 σοφίαν
2366 4394 2747 4465 αὐτομολήσει,
2777 4393 2876 4464 τὴν
2911 4394 3124 4467 μητέρα
3145 4395 3243 4467 τῆς
3269 4397 3469 4469 ἀρετῆς
3486 4398 3581 4450 καὶ
3594 4398 3721 4466 ὁμό-

2078 4506 2125 4564 D
2153 4500 2360 4537 σκευον.

2234 4595 2396 4651 Ἀλλά
2444 4612 2534 4665 μοι
2574 4594 2718 4648 δοκῶ
2765 4596 2859 4649 καὶ
2893 4595 3223 4650 σιωπώντων
3264 4596 3484 4651 ἀκούειν
3515 4598 3625 4651 τῶν
3661 4599 3727 4652 ἐκ

2150 4687 2437 4757 συνηθείας
2466 4686 2535 4740 τά
2571 4685 2792 4740 τοιαῦτα
2837 4686 3221 4758 φθεγγομένων
3251 4688 3389 4759 πρὸς
3419 4689 3544 4752 τοὺς
3578 4690 3729 4743 διδά-

2151 4793 2414 4841 σκοντας’
2452 4777 2563 4830 Καὶ
2608 4775 2726 4839 πῶς
2770 4777 2909 4847 πρὸς
2940 4778 3032 4831 τὸν
3072 4777 3186 4846 βίον
3232 4778 3635 4849 διατελέσομεν,
3680 4782 3732 4832 εἰ

2150 4873 2185 4942 ή
2211 4869 2404 4939 κτῆσις
2452 4868 2560 4922 τῶν
2597 4868 2896 4939 χρημάτων
2948 4866 3286 4939 ἀμεληθείη;
3336 4868 3453 4932 πῶς
3499 4869 3557 4922 δὲ
3605 4872 3724 4933 ταῖς

2152 4961 2366 5031 χρείαις
2421 4960 2835 5030 ὲπαρκέσομενς
2901 4959 3018 5022 πῶς
3076 4958 3370 5030 λυθήσεται
3422 4959 3726 5030 δάνεισμα;

2150 5052 2267 5117 πῶς
2301 5051 2357 5105 δὲ
2390 5051 2482 5104 καὶ
2509 5051 2795 5121 δοθήσεται
2825 5051 2981 5114 δάνος
3008 5050 3085 5122 τῷ
3117 5051 3387 5121 ζητοῦντι,
3422 5050 3490 5105 ἂν
3524 5052 3726 5118 πάντες

2150 5135 2300 5212 ὦμεν
2327 5140 2414 5195 διὰ
2454 5143 2554 5212 τὴν
2590 5144 2690 5212 σὴν
2736 5141 3055 5214 παραίνεσιν
3096 5142 3323 5214 duorm;
3378 5141 3634 5196 Ἀπίστου
3666 5145 3729 5197 τὸ

2151 5234 2324 5306 ῥῆμα,
2370 5232 2625 5297 ἀσύνετος
2688 5234 2716 5302 ἡ
2766 5232 2938 5304 φωνὴ,
2990 5234 3091 5286 οὐκ
3138 5233 3358 5297 εἰδότος,
3400 5233 3482 5285 ὅτι
3522 5234 3720 5288 Δεσπό·

2143 5343 2243 5396 την
2286 5324 2480 5396 ἔχομεν
2509 5325 2599 5377 τὸν
2628 5325 2779 5387 Θεὸν,
2824 5325 3107 5396 οἰκονόμον
3151 5324 3244 5377 τοῦ
3291 5323 3429 5395 βίου,
3462 5324 3543 5396 τῷ
3574 5342 3727 5394 γενος

2145 5417 2293 5488 μένῳ
2326 5416 2449 5487 ζὼῳ
2488 5419 2615 5487 παρ’
2649 5416 2841 5471 ἑαυτοῦ
2866 5415 3205 5489 χορηγοῦντα
3232 5415 3302 5469 τά
3331 5418 3597 5489 χρήσιμα,
3632 5416 3735 5486 κο.)

2143 5508 2268 5579 τοὺς
2315 5508 2648 5577 ἀναγκαίους
2704 5508 3005 5579 πορισμοὺς
3046 5508 3146 5578 τῆς
3188 5510 3416 5580 τροφῆς,
3471 5508 3563 5561 καὶ
3616 5507 3729 5561 τῶν

2144 5602 2549 5671 σκεπασμάτων
2572 5599 2671 5671 τῆν
2705 5600 2913 5669 χρείαν.
2952 5600 3015 5651 'll
3045 5598 3154 5671 γάρ
3183 5600 3410 5671 πρόνοια
3442 5598 3536 5653 τοῦ
3583 5596 3726 5654 Θεοῦ

1616 5774 1660 5805 ⁸⁷
1692 5774 1878 5829 Matth.
1913 5791 2024 5844 xtx,
2055 5777 2143 5831 2!.
