4070 6142
305 344 405 399 213

1323 351 1607 408 HOMILIA
1647 355 1734 410 Ill.
1775 357 2146 416 ADVERSUS
2179 358 2580 415 AVARITIAM.

3461 353 3587 410 2H.»

303 464 405 516 τῶν
436 463 661 517 οἰκείων
709 465 1030 536 ποιημάτων
1076 468 1226 522 ἐστὶν
1276 473 1633 542 περιεκτική’
1670 474 1764 526 καὶ
1809 475 1899 526 τὸν

2005 487 2184 531 tuetur
2206 491 2304 532 sua
2331 491 2526 545 opera;
2581 488 2677 528 nec
2719 488 2954 542 unquam
3002 489 3054 527 In
3082 473 3186 528 nde
3213 471 3432 526 divitem
3465 485 3563 540 op-

308 557 482 606 nistst
532 553 907 619 πλουτοῦντα,
986 558 1174 622 πενίας
1226 561 1571 616 οὐδεπώποτε
1623 564 1883 634 κατέσχεν

309 644 584 714 συμφορά..
626 645 726 697 Ἓν
758 645 815 699 δὲ
857 647 972 699 ’τῶν
1015 646 1174 701 θείων
1231 651 1572 722 προκομίσας
1617 653 1789 723 λόγων
1815 657 1893 718 είς

307 733 579 798 ἀπόδειξιν
596 732 692 786 τοῦ
724 737 1108 806 προκειμένου,
1133 740 1344 810 ἱκανὴν,
1375 741 1452 804 ὠς
1481 738 1652 812 οἶμαι,
1689 761 1894 814 μαρτυ-

314 824 434 894 ρίαν
467 824 714 894 παρέξω.

393 915 478 967 Ἑν
505 919 571 988 τῇ
603 917 716 970 τῶν
760 918 1050 973 Βασιλειῶν
1101 922 1308 994 ἱστορία
1355 926 1491 994 γυνή
1543 943 1625 988 τις
1695 927 1892 994 ἀναγέ-

314 1023 552 1076 γραπται
601 1010 768 1079 χήρα,
823 1011 1163 1086 βαρυνομένη
1209 1014 1328 1068 λίαν
1376 1020 1440 1088 τῇ
1493 1022 1748 1091 συμφορᾷ
1797 1022 1894 1090 τῆς

317 1098 622 1166 μονώσεως.
668 1101 1007 1174 Ἐπολιόρκει
1050 1104 1108 1158 δὲ
1155 1106 1326 1178 αὐτὴν
1367 1108 1650 1180 δανειστὴς
1699 1110 1893 1181 φιλάρ-

315 1206 477 1260 γυρος
508 1191 602 1243 καὶ
645 1193 1048 1263 μισάνθρωπος,
1096 1196 1350 1267 ἐνέχυρον
1383 1200 1509 1262 τοὺς
1552 1201 1700 1264 υίοὺς
1727 1201 1891 1269 ἀφαμ

319 1278 598 1349 ρώμενος,
633 1281 726 1344 οὓς
771 1283 964 1352 μόνους
1009 1281 1153 1355 εἶχεν
1204 1288 1324 1340 ἀντὶ
1371 1289 1587 1342 πάντων
1622 1292 1654 1360 ἡ
1689 1293 1891 1361 μήτηρ.

327 1370 477 1422 Ἐπεὶ
500 1369 558 1422 δὲ
582 1372 662 1436 είς
688 1372 998 1444 ἀμηχανίαν
1018 1377 1153 1447 αὐτῇ
1174 1380 1545 1450 περιειστήκει
1562 1381 1622 1434 τὸ
1641 1383 1892 1453 πρᾶγμα,

316 1461 407 1514 καὶ
449 1461 628 1526 οὐδεὶς
669 1463 814 1532 ἠλέει
861 1465 970 1518 τῶν
1020 1467 1250 1537 ἑχόντων
1291 1470 1533 1542 χρυσίον,
1566 1468 1727 1543 ἦλθεν
1763 1477 1896 1546 πρὸς

311 1555 402 1608 τὸν
440 1557 634 1628 ἔχοντα
679 1557 1087 1629 φιλανθρωπίαν
1119 1560 1214 1614 καὶ
1247 1561 1448 1616 πίστιν.
1505 1564 1805 1629 Ἐλισσαῖος
1840 1567 1897 1620 δὲ

310 1642 467 1712 οὗτος
514 1644 584 1719 ἦν
627 1651 657 1702 ὁ
706 1651 1011 1721 προφήτης,
1057 1651 1195 1722 ἀνὴρ
1235 1654 1500 1726 ἀκτήμων
1547 1656 1654 1711 τῶν
1695 1658 1896 1728 γηίνων

313 1739 477 1804 ὑλῶν,
514 1741 610 1794 καὶ
637 1742 1088 1814 περισσευόμενος
1113 1744 1213 1814 τῆς
1235 1747 1529 1817 ἀσωμάτου
1560 1749 1890 1818 περιουσίας·

2000 567 2195 636 pressit
2221 564 2559 634 paupertatis
2591 577 2850 616 aerumna.
2891 561 2993 618 [ibi
3055 572 3232 616 autem
3264 560 3564 630 exemplum

1999 669 2163 708 unum
2188 667 2254 708 ex
2281 653 2558 722 Scriptura
2584 651 2650 705 ad
2675 650 2751 705 rei
2804 652 3149 704 astruendam
3189 650 3344 705 ﬁdem
3378 656 3564 717 protu-

1999 744 2132 808 lero,
2157 742 2318 805 satis,
2351 757 2495 808 reor,
2519 749 2769 796 testatam
2798 741 2941 796 illam
2980 741 3282 796 reddidero.

2072 924 2128 977 In
2162 923 2472 992 Regnorum
2500 922 2722 976 historia
2775 919 2965 975 mulier
2992 919 3235 990 qmedam
3285 919 3440 972 vidua
3471 918 3566 972 de-

1999 1016 2200 1084 scripta
2255 1024 2361 1079 est,
2416 1013 2618 1068 aﬂlieta
2665 1013 2817 1067 valde
2877 1025 2974 1081 pro
3004 1010 3294 1066 solitudine
3322 1009 3388 1064 ³⁸.
3418 1007 3567 1062 Hanc

1999 1123 2197 1162 avarus
2227 1122 2290 1162 ac
2325 1107 2647 1160 inhumanus
2676 1102 2897 1174 urgebat
2931 1102 3218 1166 fenerator,
3254 1102 3396 1170 ipsas
3427 1115 3564 1170 quo-
3595 1120 3606 1130 ·

1998 1214 2102 1268 que
2139 1198 2374 1268 pignoris
2430 1197 2548 1250 loco
2601 1196 2882 1249 ablaturus
2930 1193 3127 1263 proles,
3187 1207 3322 1260 quas
3371 1201 3564 1260 praeter

1999 1291 2131 1345 nihil
2160 1291 2366 1344 miserae
2387 1288 2647 1356 reliquum
2683 1295 2822 1341 erat.
2851 1285 3035 1354 Itaque
3060 1299 3180 1338 cum
3214 1283 3266 1335 in
3295 1292 3567 1335 extremas

1999 1391 2139 1438 esset
2172 1381 2384 1435 redacta
2412 1379 2710 1448 angustias,
2741 1392 2800 1432 ac
2819 1390 2977 1430 nemo
3001 1375 3284 1444 quisquam
3311 1371 3564 1427 ditiorum

2001 1472 2344 1532 miseratione
2377 1478 2711 1538 tangeretur,
2747 1469 2812 1521 ad
2865 1466 3138 1522 hominem
3167 1463 3298 1517 adiit
3323 1460 3568 1516 Immani-

2003 1571 2112 1618 tate
2159 1577 2222 1617 ac
2267 1561 2369 1616 [ide
2417 1569 2687 1615 ornatum.
2740 1558 2944 1612 Eliseus
2982 1557 3069 1610 hic
3110 1562 3228 1609 erat
3284 1554 3566 1623 propheta,

2001 1654 2228 1709 tem-nis
2251 1653 2466 1723 quidem
2495 1651 2649 1706 bonis
2687 1663 2900 1713 carens,
2931 1647 3263 1715 incorporeis
3287 1655 3464 1698 autem
3504 1658 3568 1696 ae

1999 1746 2309 1801 coelestibus
2342 1744 2557 1812 copiose
2579 1743 2920 1807 instructus;
2975 1738 3326 1809 philosophus
3355 1736 3421 1790 ab
3443 1750 3569 1789 ara-

311 1832 602 1901 φιλὸσοφος
631 1832 691 1899 ἐξ
708 1809 1023 1906 ἀροτήρων,
1045 1809 1246 1902 ἄοικος,
1274 1809 1538 1905 ἀνέστιος,
1567 1809 1890 1913 μονοείμων·

2004 1847 2102 1903 tro,
2125 1835 2416 1890 siuedomo
2447 1848 2512 1887 ac
2545 1832 2687 1897 lare;
2721 1841 2871 1884 veste
2899 1842 3000 1882 una
3029 1841 3090 1880 ac
3111 1825 3343 1894 simplici
3371 1832 3574 1884 utens;

309 1923 507 1976 νεωστὶ
533 1923 634 1994 μὲν
663 1925 762 1996 κλη
773 1929 1097 1999 ρονομήσας,
1119 1928 1217 1999 τὴν
1241 1929 1297 1982 δὲ
1324 1930 1687 2002 κληρονομίαν
1717 1931 1896 1987 λαϐὼν

314 2015 573 2087 μηλωτὴν
598 2015 823 2078 εὔωνον,
863 2020 957 2074 καὶ
987 2020 1234 2090 εὐλογίαν
1265 2022 1516 2092 ἀόρατον,
1549 2023 1644 2076 τοῦ
1671 2024 1895 2094 πυρίνου

309 2107 562 2178 ἅρματος
611 2109 972 2166 ἐκπεσοῦσαν.
1019 2113 1090 2166 Οὐ
1133 2114 1238 2184 μὴν
1269 2115 1548 2186 ἄπρακτον
1580 2116 1678 2189 τὴν
1711 2118 1895 2189 ἱκέτην

308 2196 663 2267 ἀπέπεμψεν,
701 2199 824 2252 οὐδὲ
860 2200 1081 2270 ἀπέγνω
1123 2204 1224 2273 τῆς
1269 2204 1540 2275 βοηθείας,
1592 2207 1779 2277 ἐπειδὴ
1822 2208 1896 2280 μὴ

310 2287 497 2357 παρῆν
543 2288 604 2340 τὸ
656 2287 1020 2360 ζητούμενον
1062 2293 1181 2345 οὐδὲ
1233 2289 1384 2346 εἶπεν
1418 2297 1618 2366 ἀγεννῆ
1655 2314 1777 2351 τινα
1806 2297 1898 2350 καὶ

307 2380 519 2432 ἄπιστα
549 2382 788 2452 ῥήματα,
827 2383 902 2446 ὡς
930 2379 1008 2447 εἷς
1039 2383 1146 2439 τῶν
1180 2385 1411 2439 πολλῶν·
1444 2389 1548 2440 Καὶ
1589 2387 1748 2442 πόθεν
1779 2389 1899 2459 ἐμοὶ

307 2471 601 2541 ἀργύριον,
650 2470 790 2525 ὥστε
843 2472 1090 2527 διαλῦσαι
1139 2474 1201 2527 τὸ
1262 2474 1518 2546 6φλημα;
1578 2477 1786 2550 ’Ὠσπερ
1841 2477 1898 2530 δὲ

308 2563 540 2632 ἄριστος
593 2565 794 2634 ἰατρὸς,
845 2568 938 2618 καὶ
994 2567 1301 2638 φαρμάκων
1352 2568 1427 2638 μὴ
1485 2568 1784 2639 παρόντων,
1840 2570 1898 2635 ἐξ

311 2653 575 2705 ἐπινοιῶν
617 2654 929 2726 παραδόξων
978 2651 1104 2728 εὗρε
1149 2660 1214 2728 τῇ
1267 2657 1405 2727 νόσῳ
1437 2657 1538 2728 τὴν
1583 2657 1747 2721 ἴασιν,
1783 2659 1897 2722 καὶ,

316 2743 388 2796 Τί
415 2758 540 2808 σοι,
582 2746 760 2815 φησὶν,
808 2746 905 2800 ἐπὶ
946 2745 1057 2816 τῆς
1097 2749 1309 2814 οἰκίας,
1348 2743 1395 2801 ὦ
1423 2749 1639 2818 γύναι;
1669 2750 1897 2820 Μνημο-

309 2851 531 2899 νευσον,
578 2836 632 2888 εἷ
652 2852 704 2888 τι
745 2837 840 2889 καὶ
881 2836 1060 2905 ὀλίγον
1093 2837 1238 2902 ἔνδον
1271 2838 1542 2908 τυγχάνει.
1576 2838 1764 2902 Οὐδεὶς
1792 2839 1899 2911 γάρ

308 2925 492 2991 οὕτως
519 2928 708 2999 πένης,
745 2929 822 2992 ὠς
851 2926 1106 2993 καθάπαξ
1146 2929 1371 3001 μηδενὸς
1397 2930 1584 3001 κύριος
1615 2925 1772 2985 εἶναι.
1813 2933 1901 2995 Ὡς

309 3018 371 3070 δὲ
413 3015 589 3084 εἶπεν,
639 3020 721 3074 ὅτι
758 3019 1021 3091 κεράμιόν
1055 3022 1221 3085 ἐστιν,
1259 3022 1351 3074 καὶ
1381 3021 1630 3090 λείψανον
1663 3023 1720 3076 ἐν
1753 3021 1902 3092 αὐτῷ

1999 1943 2167 1996 nuper
2201 1925 2417 1995 quidem
2480 1934 2670 1978 auetus
2724 1919 3074 1982 luereditate,
3122 1933 3185 1970 ea
3237 1925 3414 1970 tamen
3448 1914 3570 1967 vilis

1997 2016 2438 2085 duntaxatpretii
2467 2015 2698 2076 melotae,
2746 2011 3138 2080 invisibilisque
3178 2006 3568 2064 benedictionis

1998 2110 2151 2180 igneo
2181 2123 2341 2163 curru
2364 2107 2593 2174 delapsa:
2627 2105 2692 2157 ⁸⁸.
2750 2103 2900 2157 Haud
2949 2103 3226 2156 enimvero
3251 2098 3566 2168 supplicem,

2011 2217 2066 2255 re
2110 2200 2330 2263 inlecta,
2359 2198 2587 2261 remisit,
2615 2211 2712 2252 nec
2736 2197 2799 2251 de
2822 2194 3020 2248 auxilio
3037 2192 3290 2248 continuo
3317 2190 3572 2256 despera-

2007 2293 2102 2356 vit,
2142 2293 2281 2362 quod
2315 2305 2418 2345 non
2447 2298 2590 2345 esset
2638 2289 2690 2342 iu
2743 2295 2990 2356 promptu
3014 2282 3566 2355 quodquaerebatur;

2001 2395 2097 2434 nec
2127 2379 2286 2433 verba
2320 2378 2562 2448 quaulam
2600 2373 2882 2446 degeneris
2937 2390 3000 2430 ac
3056 2373 3344 2428 dillitlentis
3407 2370 3570 2423 animi

1998 2469 2238 2540 protulit,
2292 2484 2354 2523 ac
2404 2469 2580 2538 qualia
2631 2483 2768 2522 unus
2818 2467 3084 2536 quispiam
3125 2481 3154 2519 e
3187 2463 3379 2532 vulgo:
3413 2459 3568 2516 Unde

2000 2575 2128 2616 vero
2155 2561 2282 2614 mihi
2315 2559 2537 2629 pecunia
2568 2566 2625 2612 ut
2677 2557 2934 2614 solvendo
2978 2554 3122 2610 sim?
3149 2553 3218 2609 Ut
3247 2562 3428 2607 autem
3468 2566 3564 2620 pe-

2001 2653 2291 2709 ritissimus
2321 2651 2580 2715 medicus,
2603 2649 2813 2705 tametsi
2850 2647 3241 2703 medicamenta
3265 2644 3329 2700 ad
3352 2657 3571 2698 manum

2003 2761 2104 2801 non
2135 2751 2314 2810 erant,
2357 2742 2538 2799 subtili
2608 2743 2850 2807 invento,
2909 2740 3079 2793 umrbi
3144 2736 3438 2792 remedium
3475 2749 3570 2788 no-

2002 2853 2124 2892 vum
2153 2833 2511 2904 excogitavit;
2551 2841 2650 2889 et:
2707 2832 2850 2898 Quid
2892 2831 3072 2893 habes,
3107 2828 3304 2896 inquit,
3361 2826 3569 2890 mulier,

2000 2931 2055 2984 in
2085 2929 2239 2982 domo
2263 2925 2471 2981 tuam"?
2499 2925 2611 2991 Dic,
2645 2924 2825 2988 sodes,
2861 2924 2904 2977 si
2935 2921 3058 2992 quid
3110 2921 3202 2974 tibi
3240 2920 3294 2974 in
3329 2933 3391 2972 ea
3443 2916 3568 2971 reli-

2002 3035 2166 3090 quum
2200 3028 2304 3074 est.
2330 3017 2437 3072 Nec
2459 3019 2601 3070 enim
2641 3015 2927 3085 quisquam
2958 3015 3092 3067 adeo
3114 3025 3339 3082 pauper,
3375 3020 3432 3062 ut
3459 3007 3578 3062 nul-

311 3111 495 3180 βραχὺ
546 3110 765 3164 ἐλαίου·
823 3112 1249 3183 Παρασκεύασόν
1301 3130 1411 3182 μοι,
1464 3109 1638 3175 εἶπεν,
1693 3113 1898 3183 πλῆθος

2004 3112 2107 3166 lius
2137 3111 2293 3180 plane
2333 3111 2408 3164 rei
2437 3108 2693 3163 dominus
2714 3107 2807 3163 sit.
2854 3106 2948 3162 Ubi
2986 3120 3114 3159 vero
3157 3101 3454 3172 respondit,
3482 3116 3577 3154 vas

309 3201 575 3270 ἀγγείων.
603 3204 713 3256 Καὶ
745 3206 777 3274 ή
811 3205 907 3275 μὲν
931 3205 1288 3276 ηὑτρέπισενο
1319 3207 1346 3258 ὁ
1368 3204 1424 3257 δὲ
1453 3205 1518 3258 δι’
1546 3205 1713 3275 αὐτῆς
1735 3206 1899 3277 ἐπλή-

313 3309 516 3362 ρωσεν,
570 3294 664 3347 καὶ
708 3294 786 3365 τῷ
826 3295 1072 3367 δανειστῇ
1122 3295 1337 3366 διελύθη
1378 3296 1440 3348 τὸ
1490 3295 1745 3367 ὄφλημα·
1781 3298 1813 3367 ἡ
1845 3296 1900 3350 δὲ

309 3385 453 3456 γυνὴ
483 3386 750 3457 ἀπῆλθεν,
775 3387 835 3451 ἐξ
859 3387 1076 3458 ἀπόρων
1103 3387 1338 3460 εὑροῦσα
1371 3387 1460 3440 τὸν
1491 3388 1674 3459 πόρον.
1700 3388 1772 3441 Τὸ
1793 3389 1901 3462 γάρ

309 3478 590 3545 ὀλίγιστον
623 3478 824 3542 ἔλαιον,
875 3479 902 3531 ὃ
945 3475 1083 3532 εἶναι
1128 3479 1257 3551 παρ’
1289 3479 1424 3550 αὐτῇ
1465 3476 1617 3532 εἶπεν
1647 3480 1781 3552 πρὸς
1813 3480 1902 3533 τὸν

311 3571 632 3642 προφήτην,
675 3571 950 3641 ὲπήγασεν
982 3573 1046 3623 ἐκ
1076 3570 1169 3623 τοῦ
1209 3571 1536 3641 παραδόξου,
1569 3571 1662 3623 καὶ
1697 3571 1903 3634 πάντας

313 3663 447 3725 τοὺς
479 3661 938 3734 εὐτρεπισθέντας
978 3663 1355 3734 ἀμφορίσκους
1386 3663 1703 3734 ἐπλήρωσεν
1725 3680 1738 3696 ’
1773 3662 1901 3733 ἔστη

311 3753 369 3806 δὲ
401 3752 527 3805 τότε
564 3754 665 3823 τῆς
697 3753 923 3824 ῥύσεως,
957 3756 1044 3808 ὅτε
1076 3755 1295 3822 ἀγγεῖον
1333 3753 1434 3806 οὐκ
1465 3752 1546 3805 ἔτι
1574 3748 1642 3823 ἦν
1669 3751 1729 3806 τὸ
1753 3753 1902 3823 δεχό-

315 3861 485 3914 μενον
505 3861 518 3876 ’
552 3845 649 3897 καὶ
678 3846 742 3915 τῇ
772 3845 930 3915 χρείᾳ
956 3843 1336 3915 συνεμετρήθη
1377 3845 1410 3914 ἡ
1441 3845 1621 3914 χάρις.
1665 3843 1904 3914 Ἀληθῶς

313 3941 502 3993 ἔλαιον
537 3941 734 4002 έκεῖνο,
773 3939 804 3992 ὃ
838 3939 1002 4007 φυτὸν
1048 3939 1148 3992 οὐκ
1194 3938 1667 4009 ἐκαρποφόρησεν,
1707 3936 1822 3990 ἀλλ’
1857 3936 1904 3988 οἱ

313 4031 417 4085 τοῦ
463 4031 603 4084 Θεοῦ
644 4030 919 4104 οἰκτιρμοί
962 4029 1333 4101 έγεώργησαν.
1377 4027 1594 4098 Ταύτην
1623 4027 1904 4100 ὠνήσασθε

315 4123 422 4194 τὴν
451 4123 783 4192 ἐπιστήμην,
818 4124 866 4174 εἰ
896 4121 1144 4184 δύνασθε,
1174 4122 1222 4173 οἱ
1253 4120 1362 4174 ἀπὸ
1389 4120 1540 4189 ήλίου
1572 4120 1904 4189 ἀνίσχοντος,

320 4217 494 4287 μέχρι
537 4215 634 4267 καὶ
682 4213 962 4284 δυομένου,
1015 4213 1272 4283 βασιλεῖς,
1313 4212 1591 4275 δυνάσται,
1639 4210 1904 4265 πλούσιοι.

318 4309 387 4361 Οἱ
435 4307 592 4375 σοφοὶ
637 4305 735 4374 τῆς
773 4305 1068 4375 ὲγκοσμίου
1111 4304 1322 4372 σοφίας,
1373 4302 1645 4374 κτήσασθε
1676 4304 1768 4355 τοῦ
1803 4303 1909 4355 ἀπὸ

321 4401 614 4471 ἀροτήρων
656 4398 936 4469 προφήτου
975 4398 1036 4450 τὸ
1081 4397 1348 4468 χάρισμα,
1374 4395 1402 4449 ὃ
1429 4396 1794 4466 ἀναφαίρετον
1833 4395 1910 4464 τῷ

2002 3217 2122 3258 esse
2159 3200 2318 3256 lictile
2345 3215 2466 3255 cuin
2495 3200 2614 3256 oleo
2653 3197 2888 3269 pauxillo
2917 3210 2930 3248 :
2966 3195 3094 3258 Far,
3130 3193 3219 3255 ait,
3255 3193 3423 3246 multa
3447 3191 3576 3245 mihi

2005 3310 2132 3351 vasa
2169 3310 2346 3365 pares.
2384 3293 2448 3347 Et
2474 3293 2590 3362 ipsa
2624 3291 2838 3360 quidem
2869 3287 3077 3356 paravit
3101 3303 3115 3352 ;
3136 3285 3224 3341 ille
3255 3293 3434 3337 autem
3458 3281 3575 3350 eius

2005 3381 2309 3436 ministerio
2335 3379 2618 3448 implevit:
2659 3392 2724 3432 ac
2775 3375 3012 3430 debitmn
3036 3375 3248 3443 quidem
3289 3371 3576 3427 t‘cneratori

2007 3473 2334 3542 persolutum
2359 3480 2481 3537 est;
2518 3469 2716 3523 mulier
2773 3482 2900 3520 vero
2964 3481 3028 3520 ex
3094 3464 3387 3533 deploratis
3421 3463 3579 3518 rebus

2007 3565 2108 3619 iter
2133 3563 2384 3619 secundis
2441 3561 2746 3626 inveniens,
2789 3557 3071 3614 discessit:
3123 3572 3245 3611 nam
3287 3554 3578 3626 pauxillqu

2007 3653 2134 3707 illud
2167 3651 2290 3715 olei,
2335 3651 2477 3719 quod
2507 3663 2569 3705 se
2594 3663 2756 3720 penes
2782 3661 2901 3702 esse
2942 3645 3220 3716 prOpltelae
3263 3645 3491 3711 dixerat,
3528 3646 3580 3700 iu

2008 3745 2221 3798 modum
2254 3741 2416 3797 fontis
2447 3742 2720 3810 inopinato
2745 3736 3044 3802 scaturivit,
3105 3750 3401 3804 omnesque
3427 3745 3581 3805 quot-

2009 3843 2142 3904 quot
2169 3833 2255 3886 illa
2287 3840 2570 3902 paraverat
2596 3831 2905 3900 amphoras,
2947 3827 3214 3897 replevit;
3260 3841 3324 3881 ac
3349 3836 3456 3880 tum
3485 3825 3580 3880 de-

2010 3942 2155 3990 mum
2192 3925 2320 3981 ﬂere
2343 3923 2526 3990 desiit,
2560 3937 2684 3977 cum
2713 3937 2841 3978 vasa
2877 3920 3170 3976 defuissent
3217 3919 3284 3973 ad
3313 3918 3579 3986 reeipien-

2008 4018 2390 4087 dum;Deique
2411 4016 2539 4070 illud
2567 4014 2881 4069 beneficium
2949 4012 3256 4082 indigentiae
3311 4021 3580 4079 aequatum

2010 4121 2112 4166 est.
2140 4110 2280 4164 Vere
2305 4107 2479 4163 oleum
2515 4106 2644 4160 illud
2680 4103 2814 4175 (26),
2838 4103 2982 4172 quod
3029 4117 3132 4156 non
3187 4101 3350 4154 arbor
3378 4115 3439 4154 ac
3464 4099 3583 4152 olea

2013 4203 2286 4272 produxit,
2317 4201 2408 4254 sed
2447 4197 2540 4252 Dei
2569 4195 2934 4252 misericordia
2990 4192 3186 4247 edidit!
3229 4190 3378 4244 Hanc
3407 4189 3579 4253 vobis,

2011 4296 2052 4347 si
2079 4294 2224 4355 l'.eet,
2256 4299 2565 4360 comparate
2591 4289 2892 4352 scientiam,
2926 4285 3254 4352 quicunque,
3285 4296 3445 4350 quant
3476 4281 3584 4335 late

2013 4393 2160 4456 patet
2204 4383 2396 4440 Oriens
2423 4391 2478 4437 et
2504 4380 2787 4442 Occidens,
2819 4375 3026 4444 uspiam
3062 4374 3226 4440 estis;
3278 4387 3456 4442 reges,
3488 4371 3586 4442 dy-

323 4463 550 4545 mea
588 4463 788 4561 συνῆν(
811 4463 895 4543 ’ἑὰ
925 4489 1035 4561 γὰρ
1067 4463 1168 4560 τῆς
1203 4463 1476 4561 ὑμετέρας
1517 4463 1751 4558 σπονδῆς
1778 4463 1899 4558 κτήί·

2013 4485 2202 4540 ηοειω,
2238 4473 2450 4529 divites.
2502 4470 2610 4525 Vos
2662 4469 2943 4523 mundame
2999 4465 3276 4533 sapientia:
3330 4463 3583 4526 consulti,

330 4599 480 4652 ματα
544 4553 771 4652 μυρίους
819 4553 949 4651 ἔχει-
994 4553 1436 4651 παρακειμένους
1487 4578 1587 4648 τῆς
1637 4553 1899 4641 ἀπωλείας

2017 4567 2292 4638 propheta:
2327 4563 2453 4619 illud
2505 4563 2573 4616 ab
2627 4568 2808 4614 aratro
2865 4559 3061 4612 donum
3114 4556 3398 4624 acquirite,
3445 4553 3586 4622 quod

323 4673 640 4736 κινδῦνουςο
674 4673 876 4745 λῃστὲίς
920 4669 1407 4743 τοιχωρυχοῦντας,
1475 4671 1772 4742 τυράννους
1813 4672 1899 4741 ἀρ-

2018 4663 2085 4715 ab
2124 4675 2190 4714 eo
2250 4658 2341 4728 qui
2395 4655 2692 4724 accepisset
2754 4668 2858 4708 non
2915 4659 3127 4722 poterat
3177 4648 3590 4718 auferri,eique

328 4763 624 4826 πάζοντας,
669 4765 762 4816 καὶ
810 4763 1153 4832 συκοφάντας
1198 4759 1678 4823 ἐπιϐουλεύοντας*
1708 4759 1899 4815 θάλασ-

2020 4767 2235 4824 semper
2265 4766 2448 4807 eomes
2469 4758 2609 4805 erat.
2637 4749 2769 4814 Quae
2793 4747 2936 4801 enim
2967 4745 3104 4799 bona
3131 4755 3447 4813 comparare
3469 4750 3590 4794 stu-
3669 4792 3672 4796 .

331 4872 429 4908 σαν
457 4831 980 4920 καταποντίζουσαν,
1013 4855 1108 4907 καὶ
1142 4855 1244 4924 γῆν
1281 4852 1780 4925 ὑπερῤηγνυμένην-
1801 4853 1899 4914 τοῖς

2021 4844 2181 4908 detis,
2206 4837 2691 4896 innumerabilibus
2737 4836 2991 4906 periculis
3040 4835 3282 4901 exposita
3321 4840 3480 4898 sunt;
3514 4831 3593 4883 la~

332 4947 626 5018 χάσμασιν.
671 4948 852 5000 Ἔστω
889 4947 1069 5000 τοίνυν
1118 4945 1271 5008 ἐλπὶς
1304 4945 1398 4998 καὶ
1425 4944 1669 5012 ταμιεῖον
1703 4941 1887 5014 ἀνθρώ

2019 4935 2261 4991 tronibus
2315 4934 2578 5003 parietum
2630 4930 3059 5001 perfossoribus;
3123 4925 3366 4998 tyrannis
3403 4931 3588 4991 rapto-

485 5041 519 5110 ἡ
565 5027 660 5092 τοῦ
702 5038 837 5091 Θεοῦ
871 5037 1041 5104 δεξιὰ,
1073 5039 1107 5108 ἡ
1137 5037 1228 5090 τὸν
1253 5035 1380 5090 λαὸν
1410 5035 1688 5102 Αἰγύπτου
1728 5013 1898 5102 sem

2016 5029 2200 5092 ribus;
2237 5024 2586 5095 syeophantis
2641 5021 3089 5087 insidiatoribus;
3141 5017 3274 5072 mari
3319 5013 3590 5070 haurienti

334 5130 522 5197 γοῦσει,
549 5131 647 5184 καὶ
675 5131 733 5182 ὲν
762 5130 955 5200 ἐρήμῳ
975 5127 1132 5199 χώρᾳ
1163 5126 1262 5197 τὴν
1286 5125 1539 5195 εὐθηνίαν
1566 5124 1675 5178 τῶν
1699 5124 1899 5192 ἀγαθῶπ

2021 5118 2299 5185 ﬂuctibus;
2344 5127 2502 5172 terrae
2534 5115 2772 5170 hiatibus
2801 5111 3125 5169 dehiscenti.
3165 5110 3301 5179 Spes
3331 5122 3462 5176 ergo
3494 5121 3594 5160 no-

340 5223 722 5292 (ορηγήσασω
761 5222 796 5292 ή
847 5219 925 5292 τῷ
977 5219 1176 5291 Δανιὴλ
1235 5217 1520 5286 ἀγαγοῦσα
1560 5217 1651 5270 τὸν
1710 5218 1899 5288 ’Λμῦαι

2019 5221 2132 5265 stra
2164 5226 2226 5263 ac
2260 5225 2398 5280 penu
2420 5249 2434 5275 ,
2470 5208 2558 5263 Dei
2616 5209 2687 5262 sit
2742 5208 2991 5262 dextera:
3039 5218 3157 5273 quae
3189 5202 3470 5258 Judaiemn
3499 5212 3597 5267 po-

1133 5355 1177 5386 ”
1207 5353 1271 5407 IV
1301 5353 1430 5425 Reg.
1457 5370 1516 5415 tt,
1552 5353 1633 5406 15.
1714 5352 1779 5384 ‘9‘
1813 5351 1876 5406 IV
1916 5351 2044 5421 Reg.
2081 5367 2151 5411 tv,
2185 5350 2238 5402 2.

409 5469 516 5539 (ili)
573 5466 702 5523 Vere
755 5468 926 5522 oleum
986 5467 1140 5520 illud.
1193 5467 1397 5521 Allusio
1469 5475 1554 5521 est
1607 5466 1672 5539 ad
1709 5480 1910 5539 __voeetn

334 5535 506 5602 ἕλεος,
546 5541 692 5608 quod
744 5547 829 5593 est
889 5539 1272 5602 misericordia,
1337 5553 1365 5590 a
1419 5551 1550 5608 qua
1583 5535 1644 5588 τὸ
1705 5535 1909 5608 ἔλαιον,

338 5605 584 5673 quadanf
624 5609 770 5663 velut
819 5610 1195 5674 paranomasia
1251 5608 1452 5660 dictum
1511 5606 1626 5661 sit:
1662 5615 1719 5658 ut
1769 5605 1909 5657 istud

335 5693 476 5734 esset
505 5681 706 5733 eximie
736 5677 945 5730 ἔλαιον·
998 5678 1127 5748 quia
1169 5692 1196 5748 a
1247 5677 1336 5730 Dei
1379 5675 1490 5742 ipsa
1539 5676 1912 5748 misericordia

342 5748 482 5805 velut
531 5759 829 5814 manasset,
874 5765 976 5803 non
1017 5743 1088 5803 ab
1136 5747 1252 5802 olea
1296 5757 1436 5803 esset
1467 5755 1664 5801 ortum.
1705 5743 1911 5813 Ubique

408 5355 452 5386 ⁸⁸
485 5355 544 5408 ιν
607 5356 738 5423 νινε.
777 5353 898 5417 tv,l
938 5369 1057 5424 sqq.

2024 5466 2266 5521 Asterius
2291 5464 2530 5518 divinum
2563 5461 2696 5530 quid
2731 5476 2794 5513 ae
2824 5455 3268 5530 summeeultum
3293 5450 3513 5530 praefert
3538 5448 3590 5500 in

2018 5537 2471 5603 descriptionibus
2518 5521 3016 5603 suis.__l_nterpres_
3044 5527 3118 5603 ita
3179 5521 3372 5582 reddit,
3405 5526 3474 5603 ut
3525 5530 3593 5570 ne

2019 5596 2302 5676 vestigium
2349 5604 2644 5676 exprimat_
2668 5600 2810 5653 illius
2844 5596 3108 5676 aeutuinis
3138 5611 3150 5647 :
3179 5606 3243 5647 ac
3285 5603 3352 5643 ne
3397 5600 3600 5642 sensus

2018 5665 2232 5744 quidevm
2259 5677 2312 5730 in
2349 5665 2647 5730 co'audori
2685 5676 2898 5723 constat
2933 5665 3090 5719 ullus.
