4070 6142
431 302 538 358 915

1668 308 1670 311 ’
1742 306 1800 360 S.
1843 305 2117 362 ΑΒΗ-21111
2157 305 2459 362 AMASENI

3599 301 3711 359 2l6

431 419 614 485 pulum
649 435 713 474 ex
737 420 971 493 JEgypto
1026 424 1211 478 eduxit
1233 427 1300 488 ω,
1333 435 1496 495 atque
1547 425 1598 478 in
1637 424 1852 479 deserto
1888 423 2018 476 alfa-

2132 425 2288 495 ιιοὺμ.
2327 424 2421 477 καὶ
2449 423 2542 476 τὸν
2576 421 2800 493 Ἰσμαὴλ
2823 422 3068 486 σώσασα,
3100 421 3198 490 τῆς
3233 423 3503 493 μητρικῆς
3541 420 3716 490 ἀγκά-

434 511 529 566 ιίιιι
586 516 724 568 bona
778 516 827 571 ei
877 517 1278 586 suppeditavit;
1337 534 1458 587 qua:
1519 516 1721 569 Danieli
1769 515 2016 569 Ilabncuc

432 606 572 660 stitit
595 605 662 672 “,
687 606 1088 677 abiectumque,
1116 625 1178 663 ac
1208 610 1468 664 maternis
1507 610 1814 662 abdit-attint
1852 605 2016 668 ulnis,

433 694 714 751 lsmaelem
759 700 997 753 servavit
1033 701 1078 732 "
1110 718 1126 754 :
1179 715 1298 770 quae
1337 700 1513 755 omnis
1553 698 1728 751 aetatis
1783 694 2018 749 homini-

435 788 537 842 "us
563 787 678 861 (27)
705 805 976 845 annonam
1006 792 1468 856 subministravit,
1503 807 1567 844 ac
1609 793 1822 844 dennnn
1855 787 2017 854 quin-

433 897 538 943 que
569 883 905 939 hordeaceos
937 901 1101 954 panes
1129 886 1298 940 instar
1328 887 1524 940 messis
1555 886 1834 938 inmensae
1876 880 1942 940 ⁸³,
1964 886 2022 933 ut

433 975 629 1043 singuli
661 976 1004 1036 millenorum
1029 977 1309 1032 hominum
1357 978 1555 1032 famem
1603 977 1878 1040 satiariut,
1903 973 2018 1026 sin-

2117 520 2220 588 λης
2275 515 2680 588 ἀπορῤιφέντα·
2733 515 2826 568 καὶ
2883 518 2998 578 τοῖς
3049 515 3169 568 καθ’
3225 515 3464 585 ἑκάστην
3519 514 3717 582 γενεὰν

2123 605 2478 673 ἐπαρκέσασα
2498 622 2511 635 '
2544 605 2638 658 καὶ
2665 604 2973 658 τελευταῖον
3003 605 3161 658 πέντε
3185 605 3465 676 κριθίνους
3488 607 3712 676 ἄρτους,

2123 697 2199 760 ὡς
2244 697 2472 769 ἄπειρον
2505 697 2782 768 γεωργίαν
2833 696 3173 768 πληθύνασα,
3205 697 3292 750 ἵνα
3333 698 3361 749 ό
3408 693 3490 760 εἷς
3552 699 3713 768 ἄρτος

2122 787 2308 858 χιλίων
2354 785 2565 857 ἀνδρῶν
2627 785 2940 840 πεινώντων
2985 787 3250 861 πληρώσῃ
3304 788 3568 858 γαστέρα,
3620 789 3712 841 καὶ

2125 878 2262 947 πρός
2305 895 2366 946 γε
2420 878 2640 946 κόφινον
2663 877 2772 931 τῶν
2817 879 3108 948 λειψάνων.
3136 881 3226 952 Τῷ
3247 881 3302 933 δὲ
3333 881 3452 951 Θεῷ
3495 882 3654 952 ἡμῶν
3680 886 3702 935 i

2123 969 2272 1034 δόξα,
2300 973 2381 1032 εἰς
2408 973 2537 1034 τοὺς
2563 970 2766 1035 αἰῶνας
2798 971 2905 1025 τῶν
2928 972 3160 1026 αἰώνων.
3186 976 3222 1026 Α
3234 975 3361 1044 μὴν.
3701 987 3708 1046 j

434 1067 692 1138 culosque
720 1079 978 1138 praeterea
1011 1070 1272 1140 cupitinos
1303 1070 1547 1141 reliquiis
1572 1065 2011 1139 adimpleverint,
2051 1061 2290 1118 adauxit.
2333 1065 2438 1118 Deo
2465 1074 2646 1118 autem
2677 1075 2865 1120 nostro
2925 1066 2994 1120 sit
3054 1066 3168 1122 laus
3235 1079 3288 1120 et
3327 1066 3493 1136 gloria
3531 1067 3582 1120 in
3615 1083 3690 1119 sae

434 1161 554 1214 t-ula
579 1161 924 1216 saeculorum.
945 1162 1141 1218 Amen.

1178 1255 1266 1310 IV.

595 1343 784 1398 Sermo
817 1347 1069 1400 adversus
1103 1345 1466 1402 Kalendarum
1504 1349 1694 1415 festum
1721 1346 1857 1417 (9.8).

513 1437 625 1490 Duo
653 1435 880 1505 pariter,
930 1436 1218 1492 hesternos
1273 1439 1676 1508 bodiernnsqne
1702 1439 1840 1503 dies,
1882 1437 2018 1492 festa

436 1529 772 1597 conjunguut
820 1528 953 1581 nihil
1003 1530 1143 1586 inter
1182 1545 1241 1584 se
1270 1542 1498 1600 cognata
1529 1547 1593 1588 ac
1625 1531 2017 1602 congruentia;

2881 1245 2954 1300 A'.

2165 1339 2357 1407 Λόγγος
2385 1339 2775 1408 κατηγορικιίς
2814 1339 2924 1407 τῆς
2946 1339 3159 1408 ἐτρτῆς
3187 1339 3306 1393 τῶν
3331 1340 3681 1397 Καλανδῶν.

2201 1430 2307 1484 Δύο
2333 1431 2476 1485 κατὰ
2498 1432 2696 1486 ταυτὸν
2712 1433 2896 1502 ἑορταὶ
2929 1432 3263 1504 συνέδραμον
3289 1434 3382 1486 ἐπὶ
3403 1434 3503 1503 τῆς
3525 1432 3722 1503 χθιζῆς

2128 1522 2224 1576 καὶ
2273 1523 2374 1593 τῆς
2429 1521 2740 1594 ἐνεστώσης
2789 1523 3025 1595 ἡμέρας,
3080 1524 3142 1576 οὐ
3189 1521 3472 1593 σύμφωνοί
3509 1540 3570 1575 τε
3622 1525 3722 1576 καὶ

436 1635 704 1689 serosque
733 1620 981 1683 omnino,
1014 1623 1227 1678 diversa
1265 1624 1445 1694 plane,
1508 1633 1671 1694 atque
1725 1623 2018 1679 contraria.

2132 1613 2369 1684 ἀδελφοὶ,
2415 1615 2523 1668 πᾶν
2551 1613 2609 1668 δὲ
2647 1614 2960 1668 τούναντίον
2997 1612 3208 1685 ἐχθρῶς
3236 1630 3296 1666 τε
3330 1614 3424 1667 καὶ
3457 1613 3721 1676 ἐναντίως

435 1713 678 1772 Alterum
743 1719 888 1772 enim
942 1727 1292 1774 externarum
1344 1716 1586 1772 sordium
1637 1727 1741 1783 est,
1798 1715 2021 1770 multam

436 1821 757 1862 mammonae
789 1809 1074 1878 pecuniam
1107 1805 1400 1876 colligens,
1452 1807 1840 1876 sordidamque
1864 1804 2024 1859 aliam

436 1911 501 1951 ac
529 1897 844 1954 illiberalem
901 1900 1348 1956 nundinationem
1379 1901 1728 1963 convellens;
1763 1899 2020 1965 altermu,

439 2005 611 2045 sacrae
640 2007 704 2047 ac
733 2008 874 2047 vene
907 1993 1201 2062 religionis,
1240 1992 1678 2060 conjunctionem
1726 2006 1848 2046 cum
1889 1990 2020 2056 Deo,

437 2096 501 2136 :ic
532 2082 656 2136 vitte
685 2082 993 2152 depurgatze
1018 2083 1272 2138 virtutem
1293 2083 1518 2138 docens.
1549 2082 1684 2149 Quia
1725 2098 1854 2137 vero
1873 2099 2024 2138 com-

438 2172 646 2239 plures,
689 2173 867 2229 inanis
922 2175 1285 2230 observantim
1339 2175 1561 2230 delicias
1586 2191 1649 2230 ac
1678 2177 1852 2230 studia
1883 2193 2022 2246 pra:-

447 2264 732 2328 babentes,
761 2280 921 2320 sacro
944 2267 996 2320 in
1040 2266 1268 2322 ecclesia
1325 2267 1614 2321 conventni
1672 2282 1735 2321 ac
1772 2269 2020 2323 concioni

441 2371 545 2409 non
577 2355 904 2412 interfuere:
937 2372 1037 2428 age
1069 2372 1234 2422 nunc,
1290 2358 1496 2412 fatuam
1541 2359 1685 2414 illam
1713 2375 1778 2415 ac
1804 2360 2020 2414 noxiam

438 2448 882 2514 delectationem,
917 2449 1240 2517 pbrenitidis
1267 2451 1439 2526 instar
1477 2451 1619 2506 imer
1653 2451 1817 2505 risum
1850 2466 1913 2504 ac
1935 2450 2023 2519 jo-

439 2555 563 2593 rum
599 2550 906 2606 necantem,
933 2541 1202 2596 sermonis
1233 2541 1284 2596 vi
1339 2557 1406 2596 ex
1447 2542 1647 2598 animis
1699 2541 1901 2612 ejicere
1931 2557 2022 2598 co-

442 2645 654 2686 nemur.
681 2630 738 2685 In
768 2646 876 2701 quo
920 2631 1228 2687 Salomonis
1279 2632 1498 2703 quidem
1556 2634 1772 2689 dicendi
1803 2634 2018 2688 modum

439 2731 496 2776 et
527 2723 829 2777 institutum
859 2733 1162 2793 opportune
1190 2723 1322 2778 mibi
1360 2723 1548 2780 videor
1571 2740 1730 2796 posse
1769 2741 1855 2781 tne
1898 2727 2022 2780 imi-

441 2818 574 2872 tari:
615 2833 738 2871 nam
764 2827 817 2871 et
850 2817 939 2872 ille
968 2833 1197 2872 monens
1225 2819 1473 2888 juvenes,
1507 2826 1567 2871 ut
1618 2817 1910 2888 diligenter
1953 2818 2021 2873 ab

441 2905 877 2972 intemperantiae
905 2905 1006 2960 sibi
1033 2905 1242 2974 laqueis
1276 2918 1523 2972 caveant,
1574 2923 1682 2974 quo
1711 2907 1830 2976 plus
1859 2908 2019 2962 robo-

2124 1705 2346 1776 ἔχουσαι
2378 1706 2517 1779 πρὸς
2543 1707 2800 1778 ἀλλήλας.
2852 1707 2914 1761 ’11
2945 1706 3044 1778 μὲν
3069 1707 3178 1778 γάρ
3211 1707 3360 1759 ἐστιν
3385 1706 3479 1760 τοῦ
3515 1705 3721 1771 ἔξωθεν

2127 1795 2424 1868 συρφετοῦ,
2461 1797 2598 1850 πολὺ
2627 1797 2940 1866 συνάγουσα
2960 1796 3056 1849 τοῦ
3090 1797 3328 1868 μαμωνᾶ
3345 1796 3407 1849 τὸ
3431 1795 3720 1867 ἀργύριον,

2127 1888 2224 1941 καὶ
2246 1888 2347 1959 τὴν
2382 1889 2552 1958 ἀλλην
2591 1886 2898 1959 καπηλείαν
2933 1888 3295 1960 ἐφελκομένη,
3335 1887 3432 1960 τὴν
3463 1889 3722 1960 ἀγοραῖόν

2123 1996 2182 2032 τε
2213 1979 2310 2034 καὶ
2339 1980 2691 2053 ἀνελεύθερον
2711 1998 2724 2010 ο
2759 1983 2790 2052 ὴ
2818 1981 2873 2035 δὲ
2898 1981 2996 2050 τῆς
3018 1981 3182 2050 ἁγίας
3208 1982 3303 2034 καὶ
3322 1980 3557 2053 ἀληθοῦς
3587 1980 3724 2051 θρη-

2125 2073 2334 2136 σκείας,
2378 2074 2656 2127 οίκείωσιν
2689 2072 2791 2144 τὴν
2827 2073 2965 2144 πρὸς
2994 2073 3148 2136 Θεὸν,
3183 2072 3280 2126 καὶ
3308 2073 3401 2126 τοῦ
3446 2073 3725 2143 κεκαθαρ-

2126 2165 2289 2234 μένου
2315 2165 2432 2236 βίου
2458 2165 2557 2238 τὴν
2585 2165 2790 2238 ἀρετὴν
2812 2165 3236 2220 ἐκπαιδεύουσα.
3268 2165 3488 2236 Ἐπειδὴ
3505 2164 3563 2218 δὲ
3593 2163 3726 2218 πολ-

2122 2257 2205 2310 λοὶ
2238 2258 2620 2328 προτιμῶντες
2653 2257 2752 2329 τὴν
2784 2260 2848 2311 ἐκ
2878 2257 2979 2328 τῆς
3003 2257 3368 2328 ματαιότητος
3390 2256 3600 2326 τρυφὴν
3628 2255 3726 2309 καὶ

2121 2351 2400 2421 ἀσχολίαν,
2463 2350 2875 2422 ἀπελείφθησαν
2931 2349 3027 2403 τοῦ
3076 2348 3218 2403 κατά
3275 2349 3374 2420 τὴν
3417 2349 3720 2420 ἐκκλησίαν

2124 2428 2384 2513 συλλόγου
2406 2483 2420 2507 ,
2455 2445 2610 2515 φέρε.
2638 2443 2738 2514 τὴν
2785 2441 2978 2514 μωρὰν
3008 2443 3104 2494 καὶ
3151 2441 3498 2512 βλάπτουσαν
3526 2440 3724 2511 τέρψιν

2120 2534 2266 2607 λόγῳ
2285 2536 2395 2590 τῶν
2418 2535 2606 2606 ψυχῶν
2633 2535 3018 2604 ἀπελάσωμεν,
3037 2534 3226 2606 ῶσπερ
3245 2534 3366 2587 τινὰ
3396 2536 3636 2604 φρενῖτιν
3663 2535 3722 2586 ἐν

2117 2631 2198 2701 τῷ
2239 2627 2406 2698 γελᾷν
2462 2627 2559 2681 καὶ
2599 2623 2818 2690 παίζειν
2872 2626 2964 2680 τὸν
3017 2625 3250 2681 θάνατον
3303 2626 3564 2694 ἄγουσαν.
3629 2624 3722 2678 Ἐν

2121 2719 2300 2791 καιρῷ
2324 2720 2369 2774 δ’
2402 2719 2468 2773 ἂν
2497 2718 2586 2773 τὸν
2617 2719 2941 2790 Σολομῶντα
2971 2718 3285 2790 ζηλώσαιμι
3314 2720 3412 2789 τῆς
3436 2717 3532 2771 τοῦ
3561 2717 3724 2786 λόγου

2125 2815 2591 2884 μεταχειρήσεως.
2634 2812 2745 2866 Καὶ
2781 2813 2890 2884 γὰρ
2938 2814 3148 2875 ἐκεῖνος
3194 2811 3579 2881 συμϐουλεύων
3609 2815 3726 2876 τοῖς

2125 2905 2272 2970 νέοις
2300 2903 2560 2974 ἀσφαλῶς
2592 2904 2819 2966 ἑαυτοὺς
2847 2903 2956 2958 ἀπὸ
2981 2903 3089 2956 τῶν
3122 2903 3364 2971 παγίδων
3391 2904 3492 2973 τῆς
3517 2903 3728 2958 ἀκολα-

445 2997 519 3050 ris
548 3010 613 3049 ac
636 3010 926 3050 nervorum
984 2997 1220 3052 orationi
1267 2999 1418 3062 insit,
1449 2998 1879 3068 intemperantia:
1906 3014 2024 3069 per-

2133 2997 2255 3060 σίας
2287 2999 2504 3068 τηρεῖν,
2534 2996 2623 3049 ἵνα
2654 2994 2986 3067 δραστήριον
3019 2995 3112 3049 καὶ
3146 2996 3344 3068 ἐνεργῆ
3379 2996 3575 3052 ἑαυτοῦ
3602 3016 3728 3052 νου-

441 3101 630 3142 sonam
661 3087 886 3156 perdita:
917 3104 981 3142 ac
1033 3090 1306 3144 damnata:
1357 3091 1479 3145 vitae
1530 3091 1742 3145 mulieri
1799 3091 2020 3158 tribuit;

439 3192 765 3247 omnemque
811 3177 928 3246 ejus
975 3179 1383 3249 improbitatem
1437 3181 1746 3247 traducens,
1783 3196 1846 3236 ac
1881 3181 2025 3236 velut

442 3271 699 3324 marmori
734 3270 1066 3339 insculpens,
1102 3271 1186 3325 bis
1213 3271 1304 3341 qui
1329 3270 1444 3338 ejus
1472 3271 1743 3328 illecebris
1771 3274 2020 3328 inescan-

441 3369 549 3426 tur,
577 3362 994 3434 dignamquam
1029 3363 1156 3418 odio
1196 3375 1634 3434 prosequantur,
1688 3367 2021 3423 ostendit“.

443 3455 623 3520 Quare
652 3465 708 3508 et
767 3432 868 3524 ego
916 3455 1036 3509 festi
1083 3454 1245 3524 hujus
1300 3432 1521 3509 humani
1582 3457 1924 3525 profanique,
1955 3460 2025 3515 ob

440 3544 627 3598 oettlos
656 3547 952 3602 vanitatem
985 3546 1216 3601 dicendo
1241 3561 1469 3614 ponens,
1491 3536 1494 3540 ί
1517 3546 1635 3615 ejus
1665 3551 1938 3605 studiosos
1961 3567 2025 3606 ac

443 3645 738 3702 amatores,
761 3637 829 3690 ab
855 3650 1090 3691 erronco
1121 3636 1223 3691 hoc
1257 3626 1445 3692 studio
1464 3638 1742 3693 deterrere
1773 3655 1837 3694 ac
1868 3656 2023 3696 revo-

443 3743 570 3782 care
610 3729 872 3783 conabor.

516 3866 563 3899 “
591 3865 760 3920 Exod.
792 3882 901 3932 xw,
933 3877 1038 3923 etc.
1118 3870 1160 3901 “
1201 3868 1336 3922 Dan.
1373 3885 1482 3935 xw,
1519 3871 1609 3925 55.

517 4010 630 4080 (27)
656 4009 1412 4088 _0mnis_a.’tatisflaminibus,
1441 4021 1545 4068 etc.
1575 4013 1751 4088 Ipsum
1773 4026 1858 4088 est
1885 4019 2028 4088 quod

445 4081 779 4151 Augustinus
814 4082 880 4133 ad
911 4098 1031 4135 eum
1067 4081 1294 4137 Joannis
1347 4083 1519 4137 locum
1563 4081 1917 4140 universalis'
1939 4088 2029 4141 Dei

446 4152 800 4224 providentiae
846 4152 1174 4224 miraculum
1213 4154 1442 4214 extollit,
1494 4157 1667 4224 majus
1702 4155 1830 4208 illtnl
1867 4172 2027 4224 quam

446 4223 536 4277 illa
582 4237 778 4291 panttm
836 4222 1235 4293 multiplicatio,
1297 4223 1511 4279 tametsi
1567 4241 1725 4279 nemo
1778 4222 2025 4292 miretur,

447 4293 571 4360 quia
601 4305 942 4348 consuetum.
981 4292 1117 4348 Male
1161 4308 1383 4358 prorsus
1412 4293 1680 4362 interpres
1718 4297 1781 4348 ad
1812 4294 2027 4351 Jndmos

450 4363 746 4433 restringit,
775 4379 896 4436 cum
925 4362 995 4436 ita
1030 4363 1246 4436 reddit:
1277 4362 1408 4436 Qua!
1439 4365 1642 4419 Jurla'is
1667 4383 1760 4432 per
1791 4369 2026 4436 singulas

447 4441 628 4505 «etate:
657 4432 921 4505 οριιιιίαια
960 4433 1083 4505 fuit.
1129 4432 1229 4488 Ubi
1258 4435 1421 4488 etiam
1451 4450 1557 4488 non
1591 4435 1725 4488 bene
1762 4432 2022 4505 expressa

448 4519 549 4556 vox
579 4503 984 4574 ἐπαρκέσασαν,
1017 4503 1341 4574 juxta_quod
1370 4505 1471 4560 loci
1508 4507 1645 4560 ratio
1673 4503 1862 4574 exigit.
1897 4507 2034 4562 Fue-

453 4583 533 4626 rat
568 4574 618 4627 in
647 4571 765 4629 istis
799 4574 1136 4628 exercendus
1169 4571 1344 4628 Dttcwi
1376 4575 1638 4639 calamus,
1676 4589 1730 4629 ut
1768 4571 2035 4634 voluisset

450 4645 638 4698 audire
668 4643 815 4696 oumi
851 4654 1004 4711 parte
1037 4645 1341 4711 recognitor
1369 4657 1676 4702 accuratus.

523 4713 637 4781 (Q8)
681 4712 898 4768 Festum
932 4716 1034 4767 hoc
1061 4728 1184 4767 can.
1213 4713 1282 4767 62
1308 4714 1566 4769 'l‘rullano
1607 4717 1875 4779 aboletur,
1909 4732 2033 4772 eum

453 4787 523 4836 ita
575 4783 766 4837 Patres
812 4783 1104 4837 sanciunt:
1134 4782 1246 4846 Τὰς
1291 4783 1435 4837 οὕτω
1473 4784 1770 4908 λεγομένας
1819 4788 2036 4842 Καλάν-

453 4855 567 4908 δαε.
593 4855 687 4908 καὶ
718 4853 787 4907 τὰ
815 4852 1084 4908 λεγόμενα
1117 4854 1275 4908 Βοτὰ.
1314 4855 1407 4908 καὶ
1430 4855 1500 4908 τὰ
1529 4874 1598 4908 κα
1633 4857 1838 4908 ούιιενα
1869 4860 2036 4908 Βοου-

448 4855 567 4930 δας.
593 4855 687 4908 καὶ
718 4853 787 4930 τᾲ
815 4852 1084 4930 λεγόμενα
1117 4854 1275 4930 βοτὰ,
1303 4855 1407 4930 ⁸καὶ.
1430 4855 1500 4908 τὰ
1514 4852 1838 4930 *καλούμενα
1869 4860 2038 4930 Βρου-

453 4925 642 5000 μάλια,
692 4925 788 5000 καὶ
829 4923 1040 5000 τὴνέν
1081 4927 1148 4994 τῇ
1203 4924 1397 5000 πρῴτῃ
1448 4924 1542 4978 τοῦ
1589 4923 1832 5000 Μαρτίου
1869 4923 2038 5000 μηνὸς

449 4994 636 5077 ἡμέρα
688 4994 1112 5077 ἐπιτελουμένην
1166 4994 1815 5077 πανήγυρινιηκαθάπαξ.
1931 4994 2038 5077 ’τῆς

451 5065 564 5139 τῶν
614 5065 824 5139 πιστῶν
893 5065 1164 5139 πολιτείας
1224 5065 2035 5139 περιαιρεθῆναι--βουλόμεθα·

456 5134 728 5191 Kalendas
746 5136 1204 5205 quwdicuntur.et
1231 5134 1348 5204 quin
1364 5134 1612 5192 dicuntur
1645 5134 1798 5202 Vela,
1826 5134 1876 5193 ei
1897 5140 2040 5194 Bru-

455 5205 616 5288 niafig
643 5222 760 5275 qua:
792 5218 1064 5266 rotantur.
1104 5217 1152 5260 et
1192 5208 1382 5288 quinia
1415 5209 1586 5288 primo
1622 5207 1807 5262 Martii
1848 5211 2038 5288 "tensis

455 5279 540 5331 die
572 5276 657 5342 ﬁt,
689 5288 1017 5336 conventum.
1063 5294 1126 5329 ea:
1173 5276 1408 5344 [idalium
1444 5280 1781 5332 universitate
1825 5281 2038 5334 omnino

457 5347 571 5402 tolli
599 5346 857 5401 volumus.
886 5347 938 5400 Id
971 5363 1105 5401 sane
1133 5349 1347 5414 merito,
1386 5359 1442 5400 ut
1482 5348 1703 5414 profana
1753 5352 2038 5415 festivitas,

459 5418 626 5472 multa
650 5418 786 5471 adeo
810 5419 951 5472 foeda
981 5434 1047 5472 ac
1072 5419 1246 5473 aliena
1265 5434 1294 5470 ιι
1327 5419 1532 5472 ratione
1567 5419 1810 5484 haberet,
1836 5432 2038 5480 quanta

457 5489 706 5560 Asterius
736 5500 1049 5560 exaggerat.
1084 5487 1229 5560 Nihil
1261 5501 1412 5543 certe
1455 5490 1764 5543 Christiana
1819 5491 2040 5560 dignum

457 5559 692 5624 pietate;
722 5557 1086 5627 pleua’omnia
1112 5558 1315 5622 furore,
1343 5561 1594 5620 avaritia,
1624 5560 1854 5627 aliisque
1882 5557 2042 5614 inalis

465 5631 718 5683 habebat.
752 5627 1021 5685 Balsama.
1071 5647 1194 5683 cutn
1243 5636 1308 5683 ad
1337 5647 1458 5685 eum
1496 5645 1615 5683 tau.
1661 5629 1812 5692 dicit,
1840 5631 2040 5684 malum

469 5701 570 5773 hoc
593 5699 696 5773 οὐκ
717 5699 1252 5773 ἀρχαιοπαράδοτον,
1299 5717 1398 5752 non
1435 5701 1666 5768 antiqua:
1715 5716 1846 5773 rue
1876 5701 2043 5773 tradi-

469 5769 651 5832 tionis,
683 5773 776 5826 sed
813 5769 1142 5838 indulgentia
1179 5771 1344 5839 Theo,
1369 5773 1561 5837 hylaeti
1596 5771 1917 5839 patt‘iatcha:
1948 5772 2042 5826 lilii

1687 3871 1734 3903 θ’
1773 3872 1907 3928 Gen.
1938 3892 2051 3941 ut,
2090 3877 2177 3932 19.

2131 3089 2319 3144 θεσίαν
2353 3088 2680 3160 ἐργάσηται,
2722 3090 3135 3160 προσωποποιεῖ
3162 3087 3261 3158 τὴν
3302 3088 3600 3144 ἀκολασίαν
3643 3091 3728 3154 εἰς

2130 3183 2368 3252 γυναῖκα
2389 3180 2878 3251 κατεγνωσμένην·
2915 3182 3097 3234 πᾶσαν
3124 3179 3181 3233 δέ
3210 3180 3309 3252 τὴν
3330 3180 3528 3235 κακίαν
3552 3181 3728 3252 αὐτῆς

2133 3274 2499 3346 στηλιτεύων,
2533 3272 2708 3337 οὕτως
2751 3273 2940 3344 μίσους
2977 3273 3137 3338 ἀξίαν
3167 3274 3460 3343 ἀποφαίνει
3490 3277 3604 3338 τοῖς
3635 3273 3728 3326 δε-

2131 3367 2501 3438 λεαζομένοις.
2533 3366 2624 3418 Διὸ
2650 3363 2807 3434 κάγὼ
2828 3368 2926 3438 τὴν
2960 3367 3300 3436 ματαιότητα
3329 3366 3430 3435 τῆς
3455 3365 3732 3436 ἀνθρωπι-

2133 3463 2238 3532 κῆς
2289 3461 2486 3532 ἑορτῆς
2529 3459 2816 3524 ὑποδείξας
2866 3459 2947 3528 τῷ
2999 3459 3163 3528 λόγῳ,
3211 3460 3546 3529 πειράσομαι
3597 3459 3728 3523 τοὺς

2133 3553 2372 3624 ἐραστὰς
2401 3552 2616 3622 ἐκείνης
2640 3551 2953 3622 ἀποστῆσαι
2978 3551 3077 3622 τῆς
3103 3551 3529 3623 πεπλανημένης
3557 3569 3726 3606 σπου-

2133 3643 2255 3712 δῆς.

2255 3875 2302 3908 ⁸³
2329 3873 2488 3929 Joan.
2517 3889 2590 3936 Vl,
2622 3871 2675 3928 9.
2755 3873 2800 3905 “
2841 3871 2998 3928 Prov.
3033 3890 3086 3939 ν,
3115 3874 3168 3938 6,
3195 3875 3253 3930 7.

2138 4016 2365 4073 Romani
2394 4015 2656 4084 Lecapeni
2695 4015 3038 4080 imperatoris
3074 4016 3380 4080 invectum;
3412 4029 3514 4066 non
3547 4013 3727 4080 poti-sl

2140 4092 2206 4142 de
2243 4088 2416 4152 pritna
2454 4087 2623 4153 acripi
2658 4085 3016 4147 institutione,
3061 4088 3154 4140 sed
3194 4086 3259 4138 de
3293 4086 3476 4136 aboliti
3509 4085 3722 4138 instan-

2141 4159 2352 4212 ralione
2379 4200 2393 4221 ,
2444 4172 2564 4210 eum
2603 4155 2691 4208 ille
2725 4158 2917 4207 nedum
2960 4156 3198 4217 Asterio,
3233 4157 3328 4209 sed
3373 4164 3422 4208 et
3465 4155 3726 4209 Trulluno

2135 4240 2406 4281 conventu
2449 4229 2615 4288 multo
2657 4225 2840 4292 junior
2870 4226 2959 4278 sit.
2994 4223 3256 4279 Fabulosa
3289 4235 3434 4283 sunt.
3461 4242 3580 4290 qnze
3615 4240 3727 4278 tta-

2136 4299 2218 4352 dit
2261 4299 2369 4353 illic
2406 4299 2544 4349 idem
2581 4295 2843 4353 llalsatno.
2889 4298 2953 4347 de
2984 4297 3157 4349 tribus
3193 4297 3323 4350 viris
3351 4299 3487 4362 apud
3521 4296 3720 4348 liniun-

2137 4385 2234 4422 nos
2282 4367 2560 4436 sapientia:
2590 4365 2746 4418 laude
2780 4365 3014 4436 inclytis,
3051 4382 3279 4436 quorntn
3335 4367 3366 4418 ii
3401 4367 3628 4419 consilio
3660 4383 3726 4420 ac

2136 4435 2418 4508 prudentia
2481 4436 2691 4490 liberati
2735 4451 2774 4508 Δε
2827 4435 2992 4508 fame,
3047 4438 3098 4490 in
3133 4452 3318 4508 eorum
3381 4439 3720 4508 tnenniriam,

2137 4505 2316 4576 exque
2345 4522 2538 4562 eorum
2602 4505 2840 4576 nomine,
2883 4505 3174 4576 Kalendas,
3229 4506 3349 4558 ldus
3405 4523 3466 4559 ac
3519 4505 3721 4569 Nonas,

2137 4573 2603 4634 consecraverint.
2636 4573 2848 4628 Nullam
2890 4591 2990 4641 ego
3052 4575 3211 4628 aliam
3248 4576 3514 4628 rationem
3547 4578 3725 4644 primo

2139 4647 2532 4703 celebrantium
2557 4645 2754 4699 animis
2786 4646 3053 4701 insedisse
3084 4647 3340 4708 arbitror,
3371 4657 3566 4712 praeter
3594 4649 3727 4700 insi-

2140 4729 2358 4772 nuatam
2395 4718 2464 4769 ab
2493 4715 2739 4778 Asterio;
2777 4731 2968 4784 nempe
2993 4729 3051 4771 ut
3085 4717 3222 4770 Velut
3259 4720 3495 4770 enea-nia
3529 4717 3724 4770 ineun-

2140 4790 2209 4843 tis
2245 4789 2371 4841 anni
2420 4786 2780 4850 celebrarent,
2836 4785 3050 4854 sibique
3095 4799 3281 4840 nmtuo
3317 4787 3488 4840 fausta
3524 4787 3727 4855 impre-

2138 4869 2418 4922 carentur,
2444 4866 2610 4926 atque
2641 4857 2778 4911 adeo
2814 4858 2989 4911 xeniis
3035 4873 3100 4911 ac
3135 4857 3468 4911 munusculis
3493 4858 3725 4925 quibus-

2140 4930 2266 4981 dam
2315 4927 2551 4982 vicissim
2588 4942 2646 4979 se
2677 4926 3037 4990 devincirent,
3097 4928 3270 4996 iisque
3318 4928 3609 4980 humanam
3663 4943 3726 4982 ac

2139 4999 2354 5053 civilem
2421 4998 2735 5052 societatem
2804 4997 3114 5051 foverent:
3165 5014 3283 5066 qua:
3348 4998 3528 5050 omnia
3585 4999 3726 5051 bona

2139 5079 2316 5130 erant,
2346 5076 2421 5138 λυι
2452 5067 2715 5138 castigato
2759 5083 2858 5138 usu
2891 5068 3264 5122 c0nstitissent
3294 5083 3308 5120 :
3338 5082 3435 5120 nec
3468 5067 3729 5121 llebrzeo-

2142 5153 2261 5191 rum
2287 5156 2316 5192 a
2346 5135 2457 5192 Deo
2481 5135 2743 5192 institutis
2770 5137 3079 5193 Neouteniis
3109 5140 3394 5192 admodum
3415 5138 3724 5203 dissimilia,

2143 5209 2285 5263 unde
2325 5224 2422 5262 nec
2451 5208 2645 5262 desunt
2693 5209 2779 5278 pia
2834 5220 3180 5262 monumenta
3224 5209 3440 5263 Patrum
3492 5209 3544 5262 in
3582 5210 3726 5263 diem

2142 5279 2480 5341 indit-tinnis,
2514 5294 2620 5348 qua
2669 5295 2865 5332 novum
2899 5295 3102 5332 annum
3153 5280 3512 5348 antiquorittt
3548 5279 3722 5333 Graeci

2143 5365 2206 5403 ac
2236 5348 2348 5404 fere
2373 5347 2679 5403 Orientales
2711 5349 3124 5418 auspicarentur
3155 5365 3342 5404 mense
3374 5347 3678 5418 Septembri
3708 5366 3724 5403 :

2141 5421 2258 5473 sive
2289 5429 2416 5473 tune
2442 5419 2612 5471 abnstt
2649 5418 2866 5472 insolito
2883 5431 3350 5490 perpetrarentur,
3397 5437 3517 5489 qua:
3560 5420 3728 5473 Aste—

2144 5491 2258 5542 rius
2309 5491 2397 5541 bie
2447 5489 2704 5558 exagitat,
2752 5489 2893 5544 sive
2925 5491 3103 5555 potius
3148 5489 3404 5544 Kalendis
3460 5489 3729 5552 Januarii,

2143 5569 2231 5612 aut
2264 5561 2428 5613 etiam
2457 5558 2654 5622 Martii,
2680 5575 2827 5628 quas
2852 5563 3096 5628 ougtium
3129 5561 3516 5615 celeberrimas
3545 5562 3720 5628 genti-

2146 5610 2406 5683 litio‘fet‘e
2435 5610 2536 5680 ritu
2575 5610 2883 5685 in'O'riente
2922 5610 3162 5684 'i‘rullani
3214 5629 3402 5682 Patres
3445 5610 3728 5698 speciatim

2145 5699 2425 5751 damnant.
2469 5699 2541 5751 De
2573 5699 2866 5754 indictione
2893 5715 2957 5755 ac
2988 5700 3240 5756 Kalendis
3272 5699 3517 5754 Ceramei
3547 5701 3724 5756 inter-

2145 5784 2271 5839 pres
2305 5783 2367 5822 ac
2398 5770 2716 5837 illustratur,
2750 5772 2814 5824 ad
2857 5771 2974 5842 ejus
3003 5786 3071 5826 eo
3095 5771 3250 5827 titulo
3277 5772 3576 5826 bomiliam.
