4090 6146
335 297 442 352 ΞΠ

332 529 433 581 μςς
456 528 470 540 ο
496 512 716 582 πρῶτον
745 514 848 585 μὲν
874 516 1115 591 φανεοὺν
1143 520 1346 574 σκοπὸν
1369 514 1509 574 εἶναι
1531 521 1892 594 πανηγύρεως
1912 543 1926 558 ο

331 602 526 658 [πειτα
561 604 751 676 κοινὴν
781 601 922 660 εἶναι
957 607 1174 662 πάντων
1200 611 1567 682 εὐφροσύνην,
1601 613 1694 666 καὶ
1726 613 1802 684 μὴ
1831 614 1930 684 μέ-

331 712 422 764 ρος
455 697 554 764 μὲν
578 696 830 766 ἥδεσθαι,
856 698 918 751 τὸ
939 700 995 752 δὲ
1020 699 1345 772 λειπόμενον
1373 704 1431 756 ὲν
1457 703 1611 777 λύπῃ
1644 705 1742 759 καὶ
1803 724 1928 760 κατ-

333 791 502 862 ηφεία
543 790 773 860 διάγειν.
799 792 971 846 Τοῦτο
1009 793 1120 866 γάρ
1149 795 1388 867 πολέμου
1431 798 1696 871 μᾶλλονῆ
1734 800 1929 870 ἑορτῆς

330 885 614 957 ἐξαίρετον
633 904 646 917 ·
673 885 978 957 ἐπειδήπερ
998 888 1312 956 ἐπάναγκες
1337 891 1462 953 τοὺς
1491 891 1590 960 μὲν
1621 895 1929 965 κρατήσαν-

333 996 431 1040 τας
450 977 834 1048 ἐμπομπεύειν
856 981 922 1050 τῇ
945 980 1090 1051 νίκῃ,
1110 980 1236 1043 τοὺς
1254 980 1298 1034 δ’
1320 981 1552 1052 ἡττηθὲν
1563 1001 1652 1048 τας
1669 984 1928 1056 δακρύειν

332 1073 433 1140 τὴν
467 1070 777 1141 συμφοράν.
842 1072 1060 1144 Ἐπειδή
1097 1073 1143 1105 ⁸⁵
1182 1090 1246 1142 γε
1280 1074 1486 1128 τούτων
1518 1075 1630 1128 τῶν
1663 1077 1888 1148 ἡμερῶν
1909 1118 1926 1143 ,

333 1168 553 1235 πρῶτον
589 1164 689 1234 μὲν
722 1164 786 1216 τὸ
831 1165 924 1218 ἐπὶ
953 1165 1066 1218 τίσι
1096 1165 1336 1221 τελεῖται
1378 1169 1412 1239 ἡ
1443 1170 1772 1241 πανήγυρις,
1799 1170 1929 1241 ἄδη-

331 1255 446 1308 λον.
477 1255 650 1310 Μῦθοι
677 1256 785 1329 γάρ
810 1255 1062 1326 λέγονται
1090 1258 1298 1324 πολλοὶ,
1329 1260 1575 1330 ἀλλήλων
1597 1262 1928 1333 ἀνατρεπτι-

331 1349 455 1402 κοί-
486 1348 687 1419 ἀληθὲς
707 1349 766 1401 δὲ
818 1349 992 1404 οὐδέν.
1020 1347 1176 1415 Εἶτα,
1205 1351 1421 1421 ὀλίγους
1447 1353 1546 1424 μὲν
1567 1355 1930 1426 εὐφραινομέ-

330 1458 458 1505 νους
491 1441 716 1511 βλέπω·
748 1442 1088 1514 ἀνιωμένους
1123 1444 1181 1498 δὲ
1220 1447 1346 1508 τοὺς
1379 1445 1633 1510 πολλοὺς.
1683 1447 1790 1502 κᾶν
1835 1447 1930 1500 εὑ-

331 1537 542 1603 πρεπεῖ
587 1534 872 1607 ἑτερότητι
901 1537 1000 1608 τὴν
1040 1535 1220 1608 λύπην
1261 1537 1693 1603 ὲπισκιάζωσιψ
1751 1539 1929 1594 πάντα

329 1629 388 1680 δὲ
418 1628 651 1700 θορύϐου
679 1630 922 1700 γέμοντα
943 1632 1039 1684 καὶ
1063 1633 1331 1704 ταραχῆς,
1359 1633 1454 1687 καὶ
1482 1633 1544 1687 τὸ
1566 1633 1770 1706 πλῆθος
1790 1636 1929 1708 πρὸς

330 1724 518 1793 ἑαυτῷ
549 1726 674 1794 εἰκῆ
705 1725 1060 1796 ὡθιζόμενον.

418 1905 752 1976 Ἀνάμνησίς
787 1908 940 1960 ἐστιν
979 1907 1074 1961 καὶ
1113 1907 1422 1981 εὐφροσύνη
1466 1912 1736 1968 ἐνιαυτοῦ.
1788 1913 1926 1968 Ποία

328 1999 668 2072 εὲφροσύνη,
710 1999 1000 2072 ἄνθρωπες
1047 2002 1294 2074 Πρῶτον,
1325 2006 1452 2058 ὅταν
1478 2007 1716 2078 ὲννοήσω
1750 2007 1796 2039 ⁸⁸
1825 2009 1925 2078 τῆς

333 2093 634 2163 συντυχίας
667 2093 728 2146 τὸ
769 2094 982 2164 σχῆμα,
1014 2089 1127 2148 οἷόν
1157 2098 1328 2162 ἐστιν,
1359 2098 1456 2151 καὶ
1482 2100 1632 2162 ὅπως
1659 2099 1922 2168 ὕποπτον,

327 2185 429 2238 καὶ
459 2187 520 2238 οὺ
553 2185 765 2254 φιλικόν
787 2188 799 2240 !
821 2188 1072 2260 ’Λδρανεῖ
1085 2191 1149 2259 τῇ
1181 2192 1334 2261 φωνῇ
1367 2191 1462 2244 καὶ
1491 2191 1661 2263 λεπτῇ
1691 2193 1725 2264 ἠ
1756 2210 1929 2263 προσ-

330 2278 534 2349 ηγορὲα
558 2280 776 2349 πρόεισι
797 2280 907 2334 τῶν
938 2281 1167 2350 χειλέων
1189 2301 1200 2311 ο
1241 2280 1361 2337 εἶτα
1385 2284 1670 2339 ἀκολουθεῖ
1693 2286 1924 2358 φίλημα,

330 2370 431 2424 τοῦ
461 2371 750 2442 λήμματος
778 2373 1100 2443 προοίμιονο
1132 2375 1227 2428 καὶ
1252 2375 1487 2444 φιλεῖται
1521 2376 1617 2446 μὲν
1641 2376 1701 2430 τὸ
1728 2377 1925 2447 στόμα,

331 2449 625 2530 evoluam
655 2464 712 2517 δὲ
745 2465 806 2516 τὸ
840 2465 1117 2535 νόμισμα·
1153 2467 1216 2519 τὸ
1252 2469 1440 2539 σχῆμα
1481 2468 1800 2536 διαθέσεως,
1832 2474 1929 2525 καὶ

330 2555 396 2608 τὸ
427 2555 590 2626 ἔργον
621 2555 954 2622 πλεονεξίας.
985 2559 1157 2612 Ἔνθα
1183 2560 1242 2613 δὲ
1269 2562 1486 2632 καθαρά
1516 2563 1672 2632 φιλία
1701 2565 1795 2617 καὶ
1816 2565 1930 2619 ἀδο-

331 2646 453 2710 λος,
495 2647 718 2717 ἀμισθοι
764 2650 858 2703 καὶ
901 2651 1155 2722 ἀκερδεῖς
1198 2653 1338 2706 εἰσιν
1383 2655 1441 2706 αἱ
1485 2655 1924 2727 φιλοφρονήσεις.

334 2741 710 2812 Περιφὲρεται
757 2741 891 2812 γοῦν
944 2744 1081 2800 πολὺ
1137 2746 1440 2816 πανταχοῦ,
1489 2749 1582 2802 καὶ
1630 2749 1830 2802 δίδοται
1867 2751 1930 2805 τὸ

331 2833 566 2919 χρυσίον
583 2851 597 2866 ·
629 2835 903 2905 πρόφασις
929 2837 987 2889 δὲ
1017 2837 1201 2891 δικαία
1227 2840 1321 2892 καὶ
1354 2839 1636 2912 εὐπρεπὴς
1665 2841 1760 2894 τοῦ
1790 2841 1854 2912 λή
1865 2860 1932 2913 μ-

336 2939 529 2991 ματος,
572 2922 698 2976 οὔτε
733 2923 904 2988 ἐστιν,
939 2924 1064 2979 οῦτε
1098 2927 1339 2996 λέγεται.
1393 2929 1576 3000 Γάμος
1616 2931 1717 2984 οὐκ
1755 2931 1925 2995 ἔστιν,

333 3011 428 3063 ἴνα
460 3013 697 3082 νυμφίου
730 3031 816 3077 τις
861 3014 1069 3088 γαύρου
1115 3017 1320 3090 καλέσῃ
1357 3019 1689 3091 φιλοτιμίαν.
1739 3022 1928 3094 Ἐλεη-

335 3103 584 3175 μοσύνην
609 3106 712 3159 οὐκ
745 3105 856 3178 ἔχω
897 3108 1084 3160 καλεῖν
1109 3108 1209 3180 τὴν
1258 3111 1538 3181 δαπάνην·
1590 3113 1769 3178 οὐδεὶς
1810 3117 1922 3187 γὰρ

1183 303 1466 360 llOIlllLlA
1503 307 1593 365 IV;
1635 310 2004 370 ADVERSUS
2043 313 2523 375 KALENDARUM
2563 321 2863 378 FESTUM.

412 419 642 492 Ἐορτῆς
676 421 860 478 τοίνυν
891 426 1172 498 πανδήμου
1201 421 1358 494 οὗτος
1385 432 1412 484 ό
1439 431 1640 502 Θεσμδς
1671 436 1765 488 καὶ
1792 437 1820 488 ό
1840 436 1924 488 νό-
1956 441 1997 494 Α

3511 328 3618 387 218

2101 437 2222 492 Ιιωο
2259 440 2442 510 itaque
2467 442 2664 510 publici
2713 443 2831 497 festi
2865 443 2947 498 lex
2976 454 3095 500 est:
3128 446 3384 514 primum,
3417 459 3474 502 ut
3495 467 3616 505 cer-

2035 546 2121 588 tus
2154 537 2226 589 sit
2253 553 2317 589 ac
2347 539 2668 594 manil‘esuts
2689 538 2806 606 ejus
2841 556 3066 609 scoptts;
3101 551 3236 604 tum,
3293 551 3350 595 ut
3394 545 3466 597 sit
3498 559 3618 598 om-

2035 627 2182 679 nium
2231 630 2536 684 Communis
2583 632 2810 697 Ιειιιίιίιι,
2858 649 2962 686 non
3017 644 3075 687 ttt
3131 634 3298 704 aliqui
3333 636 3384 688 in
3420 639 3618 702 gaudio

2030 718 2135 770 sint
2157 759 2172 782 ,
2208 721 2388 773 caeteri
2418 721 2469 774 iu
2503 736 2736 776 maerore
2769 738 2832 779 ac
2861 724 3026 779 luctu.
3080 725 3134 779 ld
3157 729 3298 780 enim
3327 727 3470 781 bello
3504 745 3618 783 ma-

2032 811 2134 878 gis,
2167 826 2330 879 quam
2364 813 2503 868 festo
2524 816 2810 884 congruit;
2843 815 2897 868 iu
2939 831 3046 883 quo
3085 832 3309 872 necesse
3333 830 3418 872 est
3455 821 3619 873 victo-

2035 916 2120 954 res
2147 903 2440 968 t-Xsultare,
2479 920 2646 973 seque
2665 921 2729 959 ex
2765 906 2990 960 victoria
3040 909 3326 977 magniﬁce
3386 909 3614 978 efferre;

2032 995 2206 1048 victos
2246 1009 2374 1050 vero
2399 997 2607 1051 cladem
2639 1014 2793 1052 suam
2830 1013 2894 1054 ac
2920 1000 3286 1055 calamitatem
3315 1003 3610 1072 deplorare.

2032 1087 2344 1153 Enimvero,
2383 1091 2524 1158 quod
2554 1091 2620 1144 ad
2655 1091 2788 1146 istos
2815 1093 2932 1148 dies
2950 1102 3181 1160 spectat,
3207 1076 3499 1150 obscurum
3529 1108 3614 1152 est

2029 1193 2096 1232 ac
2125 1179 2412 1242 incertum,
2441 1195 2546 1250 qua
2594 1197 2658 1234 ex
2699 1197 2861 1237 causa
2917 1185 3203 1240 celebritas
3244 1187 3486 1240 instituta
3519 1189 3610 1242 sit.

2029 1267 2162 1322 Nam
2193 1271 2410 1336 fabula,
2461 1288 2581 1342 quae
2625 1275 2807 1330 multa:
2857 1286 3168 1341 narrantur,
3225 1293 3345 1333 sese
3383 1280 3613 1334 invicem

2030 1366 2188 1422 facile
2204 1369 2549 1434 subvertant,
2575 1386 2674 1426 nec
2696 1372 2991 1442 quidquam
3017 1375 3125 1428 veri
3150 1374 3370 1430 habent.
3393 1375 3615 1441 Deinde,

2028 1475 2150 1515 cum
2181 1475 2382 1527 paucos
2411 1462 2701 1518 admodum
2731 1465 2915 1534 gaudii
2949 1474 3252 1534 compotes,
3290 1475 3401 1520 tum
3433 1464 3616 1534 plures

2029 1552 2187 1625 longe
2223 1554 2405 1610 tristes
2433 1555 2708 1626 animique
2737 1572 2910 1626 aegros
2950 1558 3128 1624 video,
3163 1573 3468 1627 quanquam
3497 1558 3612 1612 la'ta

2032 1659 2341 1715 serenaque
2372 1645 2553 1701 fronte
2574 1648 2818 1702 dolorem
2855 1658 3042 1718 tegunt
3075 1658 3237 1716 atque
3267 1649 3611 1704 obumbrant:

2030 1735 2214 1790 omnia
2245 1736 2480 1806 denique
2502 1739 2730 1807 strepitu
2761 1739 2918 1808 plena
2971 1755 3034 1793 ac
3089 1741 3344 1804 tumultu,
3375 1739 3617 1795 turbam-

2029 1840 2135 1895 que
2159 1840 2347 1883 mutuo
2377 1843 2438 1883 se
2479 1839 2684 1884 temere
2709 1830 3097 1900 impellentem.

2095 1919 2168 1972 At
2189 1929 2271 1973 est
2293 1921 2418 1974 anui
2435 1921 2667 1977 ineuntis
2693 1922 2806 1976 laeta
2831 1923 3075 1991 quaadam
3103 1922 3424 1977 recordatio.
3443 1922 3613 1990 Quam

2028 2011 2170 2073 lmta.
2205 2028 2411 2082 quaeso,
2435 2015 2572 2070 bone
2603 2014 2722 2068 vir?
2751 2014 2990 2068 Primum
3025 2024 3082 2068 ut
3129 2031 3454 2085 congressus
3480 2014 3617 2069 ima~

2027 2104 2206 2174 ginem
2236 2105 2675 2174 cogitaverimus,
2699 2105 2875 2174 qualis
2927 2105 3016 2159 illa
3054 2122 3212 2176 rogo;
3263 2119 3428 2176 utque
3460 2106 3614 2176 plena

2029 2197 2375 2268 suspicionis,
2404 2215 2468 2254 ac
2497 2199 2719 2254 minime
2763 2200 2976 2254 amica!
3035 2199 3304 2254 Salutatio
3348 2201 3491 2255 tenui
3536 2201 3619 2256 iu-

2029 2289 2346 2360 cliuataque
2375 2307 2508 2348 voce
2542 2291 2700 2346 labiis
2728 2293 3002 2361 profertur
3027 2309 3042 2360 ;
3084 2295 3433 2365 succeditque
3456 2309 3618 2349 oscu-

2029 2383 2138 2438 lum
2165 2385 2406 2440 muneris
2435 2385 2677 2451 initium;
2704 2400 2766 2439 ac
2800 2385 3045 2438 suavium
3080 2386 3296 2454 quidem
3338 2386 3614 2456 pangitur;

2031 2475 2260 2544 pecunia
2314 2484 2498 2529 autem
2551 2475 2866 2544 eXpetitur:
2917 2476 3253 2543 obtentuque
3312 2477 3615 2541 cltaritatis,

2031 2569 2274 2623 avaritiae
2301 2567 2509 2622 litatur.
2549 2566 2681 2620 Nam
2715 2581 2848 2635 pura
2883 2581 2948 2620 ac
2977 2567 3192 2620 sincera
3230 2568 3493 2630 amicitia,
3517 2566 3619 2619 bu-

2033 2659 2312 2714 manitatis
2343 2656 2518 2714 ofﬁcia
2555 2673 2659 2712 non
2694 2657 2915 2723 vendit;
2968 2656 3136 2726 gratis
3161 2665 3377 2725 prastat
3397 2672 3459 2710 ac
3482 2656 3616 2709 citra

2032 2753 2362 2808 mercedem.
2392 2749 2792 2806 Circumfertur
2831 2748 3013 2817 itaque
3057 2749 3258 2818 passim
3293 2762 3355 2801 ac
3387 2748 3619 2802 dtmatur

2030 2843 2148 2898 auri
2189 2859 2383 2912 magna
2418 2841 2605 2911 copia;
2669 2840 2814 2894 nullo
2870 2849 3049 2893 tamen
3102 2837 3253 2908 justo
3305 2839 3483 2906 aliquo
3534 2838 3617 2892 vel

2031 2936 2279 3007 specioso
2311 2934 2620 2991 donationis
2653 2931 2809 2987 titulo
2839 2947 2903 2987 ac
2953 2942 3238 3002 praetextu.
3275 2931 3482 3000 Nttptim
3510 2948 3616 2987 non

2031 3040 2183 3094 sunt,
2218 3045 2320 3084 nec
2379 3028 2742 3098 superbientis
2791 3026 3145 3082 ambitionem
3196 3026 3380 3094 sponsi
3423 3039 3620 3079 vocare

2032 3133 2209 3193 potes.
2247 3120 2359 3176 Nec
2383 3131 2466 3176 est
2512 3121 2654 3175 idem
2692 3117 2834 3190 quod
2891 3117 3292 3188 eleemosyuam
3344 3127 3616 3186 sumptum

332 3196 510 3268 πένης
562 3199 786 3268 ἀφίεται
835 3202 1142 3272 συμφορᾶς.
1189 3202 1554 3276 Συνάλλαγμα
1594 3207 1694 3259 οὐκ
1736 3207 1802 3263 ἄν
1847 3227 1931 3274 τις

2040 3215 2188 3270 illum
2225 3211 2578 3282 appellemus,
2609 3212 2752 3264 unde
2783 3209 2988 3262 nullum
3023 3208 3348 3278 pauperibus
3376 3223 3619 3260 εοιιιιιιο-

330 3288 619 3342 καλέσειεν
649 3289 714 3342 τὸ
741 3290 1060 3361 γινόμενον·
1093 3291 1248 3346 οὐδὲν
1280 3292 1390 3363 γὰρ
1417 3293 1758 3364 διαμείϐουσι
1786 3297 1925 3367 πρὸς

329 3380 597 3450 ἀλλήλους
627 3380 690 3434 τὸ
723 3381 946 3451 πλῆθος.
989 3382 1211 3454 Δωρεάν
1248 3383 1305 3436 δὲ
1351 3385 1545 3448 εἰπεῖν,
1591 3386 1713 3439 οὐδὲ
1761 3387 1926 3460 μέχρι

328 3473 456 3526 ὅτου
486 3473 717 3535 δίκαιον,
752 3472 882 3526 ἔνθα
917 3474 1270 3539 συνέζευκται
1304 3475 1518 3549 ἀνάγκη
1558 3480 1624 3549 τῇ
1655 3478 1818 3534 δόσει.
1860 3477 1928 3532 Τί

333 3566 544 3628 τοίνυν,
581 3567 616 3638 ἢ
641 3568 742 3638 τὴν
778 3568 976 3639 ἑορτὴν
1007 3568 1352 3641 καλέσωμεν,
1382 3569 1414 3643 ἢ
1449 3571 1520 3625 τά
1549 3574 1607 3625 ὲν
1632 3571 1809 3646 ταύτῃ
1833 3573 1920 3627 δα-

336 3659 678 3730 πανώμενα;
728 3660 873 3730 Ἐγὼ
918 3661 1016 3732 μὲν
1055 3662 1155 3732 οὐχ
1191 3663 1452 3736 εὑρίσκω.
1489 3663 1694 3720 Εῐπατε
1737 3666 1827 3732 δὲ,
1878 3667 1927 3720 ol

333 3752 466 3822 περὶ
494 3752 668 3824 αὐτὴν
691 3753 1086 3816 ἐσπουδακότες
1105 3770 1118 3783 ·
1148 3753 1265 3808 δότε
1293 3753 1475 3823 λόγον,
1497 3755 1573 3820 ὡς
1603 3759 1786 3828 ἡμεῖς,
1816 3757 1927 3811 τῶν

328 3838 607 3909 ἀληθινῶν
665 3841 762 3894 καὶ
826 3841 971 3895 κατά
1021 3841 1156 3895 Θεὸν
1218 3844 1603 3916 πανηγύρεων.
1646 3847 1925 3902 Γενέθλιον

327 3931 688 4002 ἑορτάζομεν,
713 3933 902 4005 ἐπειδὴ
928 3934 995 3988 τὰ
1015 3935 1075 3987 ὲν
1093 3939 1259 4007 σαρκὶ
1281 3936 1554 4008 Θεοφάνια
1577 3939 1720 3994 κατά
1735 3940 1926 3995 τοῦτον

328 4025 424 4079 τὸν
462 4025 655 4096 χρόνον
708 4026 910 4094 ἔδειξεν
960 4029 1095 4099 ἡμῖν
1133 4030 1161 4082 ό
1205 4029 1358 4093 Θεός.
1409 4031 1568 4106 eam
1618 4036 1927 4106 πανήγυριν

326 4117 559 4190 ἄγομεν,
592 4119 779 4191 ἐπειδὴ
806 4123 872 4192 τῇ
899 4121 1006 4174 τῶν
1035 4123 1451 4193 ἁμαρτημάτων
1475 4123 1690 4192 ἀφέσει,
1719 4122 1831 4179 οἷον
1864 4129 1930 4181 ὲκ

328 4212 618 4264 σκοτεινοῦ
648 4230 794 4277 τινος
817 4213 1196 4286 δεσμωτηρίου
1223 4215 1316 4269 τοῦ
1345 4218 1612 4289 προτέρου
1630 4217 1766 4288 βίου,
1793 4221 1930 4292 πρὸς

325 4307 424 4360 τὸν
453 4309 718 4377 φωτεινὸν
751 4309 848 4361 καὶ
877 4308 1175 4364 ἀνεύθυνον
1202 4311 1538 4382 ἀναγόμεθα.
1575 4313 1932 4379 Καλλωπιζό-

332 4400 476 4454 υεθα
512 4401 696 4467 πάλιν,
725 4401 821 4455 καὶ
862 4403 1147 4474 χαίροντες
1189 4405 1620 4478 ἐμπομπεύομεν
1647 4409 1714 4478 τῇ
1744 4407 1931 4480 ἡμέρα

328 4493 431 4562 τῆς
460 4491 841 4557 ’Λναστάσεως
861 4510 875 4524 ’
907 4493 1007 4566 τὴν
1040 4495 1149 4566 γάρ
1176 4495 1489 4568 ἀφθαρσίαν
1510 4501 1665 4569 ἡμῖν,
1703 4501 1798 4552 καὶ
1829 4501 1929 4571 τὴν

327 4588 472 4654 πρὸς
503 4583 563 4638 τὺ
594 4588 844 4656 κρεῖττον
869 4587 1021 4658 δηλοῖ
1043 4587 1478 4660 μετακόσμησιν.
1509 4590 1698 4657 Οὕτως
1723 4593 1928 4658 ταύτας

327 4678 689 4749 ἑορτάζομεν,
727 4679 904 4744 οὕτως
949 4679 1049 4743 τάς
1081 4679 1283 4752 ἐφεξῆς
1303 4699 1316 4712 ·
1351 4682 1448 4736 καὶ
1476 4684 1680 4748 παντὸς
1708 4685 1925 4757 ἀνθρω-

331 4768 499 4822 πικοῦ
540 4769 873 4840 πράγματος
922 4770 1081 4840 λόγος
1125 4773 1378 4844 ἡγεῖται⁶
1432 4767 1495 4828 οὗ
1533 4775 1592 4829 δὲ
1629 4777 1781 4831 αίτία
1832 4780 1926 4832 καὶ

332 4861 536 4923 σκοπὸς
564 4864 816 4927 ἄπεστιν,
849 4862 1016 4936 λῆρος
1043 4863 1206 4918 τοῦτο
1237 4867 1332 4921 καὶ
1356 4866 1656 4939 φλήναφος.

2031 3308 2159 3362 dum
2191 3315 2288 3360 aut
2321 3307 2685 3357 levamentum
2718 3318 2734 3368 ;
2777 3317 2880 3355 nou
2918 3301 3084 3355 etiam
3138 3309 3498 3362 contractum,
3527 3299 3615 3352 ubi

2031 3405 2277 3451 tnutuum
2312 3409 2417 3448 non
2445 3393 2537 3456 sit,
2565 3400 2657 3446 aut
2689 3391 2795 3446 ulla
2845 3391 3214 3462 permutatio:
3267 3389 3613 3442 donationem

2031 3487 2200 3544 tnulto
2242 3490 2442 3551 minus,
2495 3485 2580 3549 cui
2610 3485 2908 3540 necessitas
2951 3483 3214 3537 adhaeret.
3260 3480 3619 3547 Quetnadmo-

2031 3580 2158 3636 dum
2201 3581 2384 3650 igitur,
2407 3595 2530 3636 cum
2574 3577 2797 3643 festum,
2857 3585 2969 3631 tum
3008 3573 3100 3646 qui
3132 3575 3264 3628 liuut
3289 3573 3340 3628 iu
3369 3588 3435 3627 eo
3469 3588 3617 3627 sunt-

2031 3687 2177 3744 plus,
2203 3674 2556 3744 iudigitemus
2577 3713 2592 3737 ,
2617 3671 2867 3741 equidem
2901 3685 3006 3724 non
3053 3669 3284 3735 reperio.
3323 3666 3426 3721 Vos
3450 3681 3614 3737 agen-

2031 3771 2157 3825 dum
2181 3768 2437 3830 indicate,
2467 3766 2558 3836 qui
2586 3765 2768 3821 colitis
2792 3775 2844 3818 et
2868 3763 3187 3828 celebratis;
3224 3760 3429 3815 reddite
3455 3759 3620 3814 ratio-

2032 3875 2178 3925 nem,
2217 3857 2296 3914 uti
2353 3873 2452 3913 nos
2479 3871 2667 3910 earum
2695 3855 2971 3911 reddimus
3019 3851 3301 3918 feriarum,
3327 3867 3445 3920 quae
3479 3865 3619 3905 vera:

2034 3959 2185 4016 sunt,
2222 3949 2441 4018 Deoque
2470 3961 2710 4017 congrua
2770 3945 3031 3998 institutae
3059 3943 3342 4011 religione.
3374 3941 3617 3995 Natalem

2031 4043 2176 4100 enim
2208 4042 2566 4104 celebramus,
2595 4038 2736 4108 quod
2768 4051 2864 4108 per
2895 4038 2995 4092 ltoc
3025 4045 3236 4104 tempus
3259 4049 3378 4089 sese
3402 4033 3543 4087 Deus
3565 4034 3615 4085 in

2040 4152 2206 4190 carne
2235 4132 2558 4188 mortalibus
2587 4127 2908 4184 ostenderit.
2949 4127 3239 4182 Luminum
3277 4125 3475 4180 festum
3504 4125 3617 4193 agi-

2036 4235 2239 4290 tamus,
2271 4225 2414 4294 quod
2467 4229 2816 4292 peccatorum
2869 4215 3190 4272 remissione
3245 4213 3453 4279 donati,
3499 4221 3618 4265 tau-

2034 4333 2196 4390 quam
2228 4333 2294 4371 ex
2323 4317 2557 4371 obscuro
2589 4315 2788 4384 prioris
2807 4315 2931 4366 vita:
2955 4308 3254 4380 ergastulo,
3285 4308 3350 4360 ad
3381 4305 3615 4360 lucidam

2035 4428 2101 4468 ac
2127 4426 2158 4466 a
2189 4410 2418 4466 crimine
2449 4407 2677 4464 liberam
2713 4406 2880 4459 vitam
2903 4403 3289 4460 subvehantur.
3329 4398 3449 4454 Jam
3490 4412 3618 4452 vero

2038 4501 2126 4556 die
2147 4498 2588 4555 Resurrcctiouis
2610 4485 2949 4552 ornatiorem
3007 4491 3211 4546 cultum
3265 4488 3617 4550 assumimus,

2039 4607 2406 4663 magnamque
2451 4590 2697 4646 laetitiam
2759 4585 3102 4659 praeferimus
3149 4602 3165 4640 :
3222 4583 3366 4653 quod
3393 4596 3455 4635 ea
3479 4580 3614 4645 dies,

2036 4669 2450 4744 immortalitate
2475 4682 2780 4745 donandus,
2813 4683 2978 4751 inque
3023 4677 3216 4733 tnelius
3251 4683 3618 4731 transmutan-

2034 4781 2154 4844 dos,
2191 4778 2476 4850 perspicue
2529 4775 2733 4831 iudicio
2781 4773 2874 4829 sit.
2906 4771 3060 4828 Hunc
3105 4770 3157 4824 in
3231 4769 3448 4824 modum
3481 4766 3616 4821 testa

2035 4878 2152 4932 haec
2173 4873 2438 4938 colimus;
2472 4870 2636 4939 inque
2669 4866 2919 4922 eumdem
2980 4863 3232 4931 deinceps
3265 4872 3479 4916 caetera.
3535 4859 3619 4912 Ad

329 4959 885 5020 smumam,lmmano
923 4958 1072 5011 omni
1112 4958 1326 5028 negotio
1352 4959 1504 5027 praeit
1572 4961 1744 5030 ratio;
1793 4981 1855 5020 ac
1884 4966 1927 5022 si
1969 4967 2097 5039 quid
2133 4967 2274 5024 forte
2305 4961 2572 5035 ejusmodi
2634 4969 2743 5027 εει,
2811 4967 2869 5013 ιιι
2919 4956 3129 5012 ratione
3175 4965 3355 5010 carem
3386 4968 3450 5009 ac
3487 4951 3615 5017 ﬁne»

331 5053 344 5104 i
373 5067 382 5099 ι
417 5066 544 5104 vero
581 5066 745 5104 merzr
775 5064 930 5115 uaga:
963 5059 1048 5104 est
1077 5064 1142 5104 ac
1171 5050 1406 5118 ineptiae.

407 5143 473 5195 Ὠ
502 5143 602 5213 τῆς
643 5141 910 5205 ἀτοπίαςί
950 5142 1159 5207 Πάντες
1192 5145 1485 5214 κεχηνότες
1524 5148 1927 5218 περινοστοῦσι,

327 5237 400 5291 τά
447 5237 579 5308 παρ’
609 5236 862 5309 ἀλλήλων
903 5235 1238 5302 ἐλπίζοντες.
1277 5238 1342 5290 Ol.
1373 5237 1558 5299 δόντες
1593 5237 1925 5294 λυποῦνται·

324 5329 378 5383 οἱ
408 5327 669 5393 λαϐόντες
728 5329 790 5381 οὐ
817 5327 1130 5400 κατέχουσι.
1158 5329 1494 5384 Μεταϐαίνει
1517 5330 1628 5402 γὰρ
1658 5335 1740 5395 είς
1760 5332 1928 5404 ἀλλή-

324 5421 453 5486 λους
487 5422 546 5475 τὸ
573 5422 772 5494 λῆμμα
793 5441 806 5454 ·
843 5422 944 5476 καὶ
973 5424 1002 5476 ό
1028 5422 1182 5496 παρά
1216 5423 1312 5476 τοῦ
1353 5422 1659 5477 ὑπευθύνου
1693 5423 1925 5494 δεξάμε-

325 5532 439 5579 νος,
461 5515 648 5570 δίδωσι
666 5515 746 5588 τῷ
774 5513 1009 5588 μείζονι.
1041 5516 1309 5570 Ἀστατον
1331 5515 1389 5569 δέ
1412 5517 1560 5570 ἐστιν
1582 5517 1643 5569 τὸ
1663 5519 1763 5588 τῆς
1792 5517 1928 5587 ἡμέ-

329 5623 435 5678 ρας
463 5608 669 5680 ταύτης
691 5609 941 5682 χρυσίον,
963 5607 1156 5680 ὥσπερ
1175 5610 1209 5678 ὴ
1231 5608 1341 5664 τῶν
1363 5608 1667 5674 παιζόντων
1693 5611 1924 5680 σφαῖρα,

400 5817 445 5848 ⁸³
479 5816 609 5888 ch.
641 5816 733 5870 ἐπὶ
757 5814 838 5871 δέ.
928 5814 971 5846 “
1003 5813 1076 5867 ῐσ.
1105 5813 1474 5886 ἐννοήσωμεν.

2110 5144 2156 5203 0
2186 5158 2298 5200 rem
2326 5141 2563 5212 ineptam
2595 5145 2651 5194 et
2671 5136 2999 5194 absurdam!
3043 5132 3246 5224 omnes
3279 5131 3457 5187 aliena
3489 5144 3620 5201 spe-

2037 5248 2222 5296 rantes
2247 5252 2311 5292 ac
2340 5236 2406 5290 iis
2431 5233 2726 5297 inhiantes,
2757 5231 3068 5284 discurrunt
3110 5235 3272 5296 atque
3317 5233 3616 5294 vagantur;

2034 5333 2132 5403 qui
2165 5343 2363 5385 munus
2387 5326 2674 5389 dederunt,
2699 5322 2914 5389 dolent;
2965 5321 3057 5390 qui
3110 5327 3462 5389 acceperunt,
3511 5313 3618 5370 sibi

2036 5442 2142 5482 non
2179 5424 2439 5491 retinent,
2470 5430 2565 5477 aut
2624 5427 2864 5474 servant.
2908 5413 3324 5470 Transmittitur
3359 5411 3502 5466 enim
3545 5406 3614 5461 ad

2036 5517 2203 5583 alios;
2261 5527 2318 5572 et
2366 5515 2510 5586 quod
2542 5513 2664 5583 quis
2721 5527 2752 5566 a
2787 5509 2987 5566 cliente
3015 5509 3217 5565 donum
3269 5501 3516 5568 accepit,
3547 5513 3616 5553 eo

2037 5624 2194 5664 sumn
2222 5609 2338 5680 ipse
2366 5615 2652 5680 patronum
2682 5602 2914 5672 aliquem
2943 5605 3278 5656 muneratur.
3309 5590 3348 5646 F
3354 5591 3534 5643 luxum
3557 5596 3613 5642 et
