  <div class='ocr_page' id='page_1' title='image "/cluster/home/n/w/nwhite01/storage/ocr_20150623/40/mdp.39015041198055/117.png"; bbox 0 0 4070 6142; ppageno 0'>
   <div class='ocr_carea' id='block_1_1' title="bbox 438 313 2032 394">
    <p class='ocr_par' dir='ltr' id='par_1_1' title="bbox 438 317 2032 394">
     <span class='ocr_line' id='line_1_1' title="bbox 438 317 2032 394; baseline -0.004 -14"><span class='ocrx_word' id='word_1_1' title='bbox 438 323 543 394; x_wconf 72' lang='lat' dir='ltr'><strong>sta</strong></span> <span class='ocrx_word' id='word_1_2' title='bbox 1733 320 1789 374; x_wconf 91' lang='lat' dir='ltr'><strong>s.</strong></span> <span class='ocrx_word' id='word_1_3' title='bbox 1834 317 2032 374; x_wconf 82' lang='lat' dir='ltr'>ASTEI</span> 
     </span>
    </p>
   </div>
   <div class='ocr_carea' id='block_1_2' title="bbox 2136 313 3698 394">
    <p class='ocr_par' dir='ltr' id='par_1_2' title="bbox 2153 313 3698 393">
     <span class='ocr_line' id='line_1_2' title="bbox 2153 313 3698 393; baseline -0.001 -20"><span class='ocrx_word' id='word_1_4' title='bbox 2153 317 2448 374; x_wconf 75' lang='lat' dir='ltr'><strong>AMASENI</strong></span> <span class='ocrx_word' id='word_1_5' title='bbox 2833 389 2839 393; x_wconf 29' lang='lat'><strong>,</strong></span> <span class='ocrx_word' id='word_1_6' title='bbox 3585 313 3698 372; x_wconf 69' lang='lat'><strong>220</strong></span> 
     </span>
    </p>
   </div>
   <div class='ocr_carea' id='block_1_3' title="bbox 442 429 2032 507">
    <p class='ocr_par' dir='ltr' id='par_1_3' title="bbox 442 436 2009 507">
     <span class='ocr_line' id='line_1_3' title="bbox 442 436 2009 507; baseline -0.003 -14"><span class='ocrx_word' id='word_1_7' title='bbox 442 440 758 493; x_wconf 84' lang='lat' dir='ltr'><strong>inconstans</strong></span> <span class='ocrx_word' id='word_1_8' title='bbox 790 437 948 507; x_wconf 87' lang='lat' dir='ltr'><strong>lmjus</strong></span> <span class='ocrx_word' id='word_1_9' title='bbox 978 436 1114 492; x_wconf 84' lang='lat' dir='ltr'><strong>lucis</strong></span> <span class='ocrx_word' id='word_1_10' title='bbox 1137 451 1329 490; x_wconf 79' lang='lat' dir='ltr'><strong>aurum</strong></span> <span class='ocrx_word' id='word_1_11' title='bbox 1380 443 1483 501; x_wconf 88' lang='lat' dir='ltr'><strong>est,</strong></span> <span class='ocrx_word' id='word_1_12' title='bbox 1533 444 1589 489; x_wconf 87' lang='lat' dir='ltr'><strong>et</strong></span> <span class='ocrx_word' id='word_1_13' title='bbox 1612 437 1763 503; x_wconf 86' lang='lat' dir='ltr'><strong>quasi</strong></span> <span class='ocrx_word' id='word_1_14' title='bbox 1798 436 2009 504; x_wconf 69' lang='lat' dir='ltr'><strong>spira-ra</strong></span> 
     </span>
    </p>
   </div>
   <div class='ocr_carea' id='block_1_4' title="bbox 2136 429 3699 507">
    <p class='ocr_par' dir='ltr' id='par_1_4' title="bbox 2136 429 3699 506">
     <span class='ocr_line' id='line_1_4' title="bbox 2136 429 3699 506; baseline -0.003 -19"><span class='ocrx_word' id='word_1_15' title='bbox 2136 435 2284 500; x_wconf 69' lang='lat' dir='ltr'><strong>igéwc;</strong></span> <span class='ocrx_word' id='word_1_16' title='bbox 2326 435 2456 506; x_wconf 83' lang='grc' dir='ltr'>παρ’</span> <span class='ocrx_word' id='word_1_17' title='bbox 2483 431 2618 504; x_wconf 79' lang='grc' dir='ltr'>ἐμοῦ</span> <span class='ocrx_word' id='word_1_18' title='bbox 2648 432 2998 505; x_wconf 79' lang='grc' dir='ltr'><strong>πεμπόμενον</strong></span> <span class='ocrx_word' id='word_1_19' title='bbox 3029 430 3165 503; x_wconf 69' lang='grc' dir='ltr'>πρὸς</span> <span class='ocrx_word' id='word_1_20' title='bbox 3204 429 3297 484; x_wconf 78' lang='grc' dir='ltr'><strong>τὸν</strong></span> <span class='ocrx_word' id='word_1_21' title='bbox 3335 429 3542 501; x_wconf 66' lang='grc' dir='ltr'>ἕτερον.</span> <span class='ocrx_word' id='word_1_22' title='bbox 3585 432 3699 485; x_wconf 69' lang='grc' dir='ltr'>Καὶ</span> 
     </span>
    </p>
   </div>
   <div class='ocr_carea' id='block_1_5' title="bbox 443 521 2032 598">
    <p class='ocr_par' dir='ltr' id='par_1_5' title="bbox 443 525 2021 583">
     <span class='ocr_line' id='line_1_5' title="bbox 443 525 2021 583; baseline -0.001 -1"><span class='ocrx_word' id='word_1_23' title='bbox 443 528 643 583; x_wconf 82' lang='lat' dir='ltr'><strong>lusoria</strong></span> <span class='ocrx_word' id='word_1_24' title='bbox 673 528 742 583; x_wconf 88' lang='lat' dir='ltr'><strong>ab</strong></span> <span class='ocrx_word' id='word_1_25' title='bbox 765 529 872 583; x_wconf 86' lang='lat' dir='ltr'><strong>alio</strong></span> <span class='ocrx_word' id='word_1_26' title='bbox 903 529 1085 583; x_wconf 89' lang='lat' dir='ltr'><strong>statim</strong></span> <span class='ocrx_word' id='word_1_27' title='bbox 1111 529 1180 582; x_wconf 91' lang='lat' dir='ltr'><strong>ad</strong></span> <span class='ocrx_word' id='word_1_28' title='bbox 1210 527 1376 581; x_wconf 89' lang='lat' dir='ltr'><strong>alium</strong></span> <span class='ocrx_word' id='word_1_29' title='bbox 1430 527 1642 581; x_wconf 91' lang='lat' dir='ltr'><strong>transit.</strong></span> <span class='ocrx_word' id='word_1_30' title='bbox 1699 525 1876 579; x_wconf 78' lang='lat' dir='ltr'><strong>Novus</strong></span> <span class='ocrx_word' id='word_1_31' title='bbox 1931 526 2021 580; x_wconf 74' lang='lat' dir='ltr'><strong>lzie</strong></span> 
     </span>
    </p>
   </div>
   <div class='ocr_carea' id='block_1_6' title="bbox 2136 521 3700 598">
    <p class='ocr_par' dir='ltr' id='par_1_6' title="bbox 2136 521 3700 598">
     <span class='ocr_line' id='line_1_6' title="bbox 2136 521 3700 598; baseline -0.004 -18"><span class='ocrx_word' id='word_1_32' title='bbox 2136 526 2310 590; x_wconf 66' lang='grc' dir='ltr'>καινὸς</span> <span class='ocrx_word' id='word_1_33' title='bbox 2344 525 2681 598; x_wconf 73' lang='grc' dir='ltr'>δωροφορίας</span> <span class='ocrx_word' id='word_1_34' title='bbox 2710 525 2804 578; x_wconf 72' lang='grc' dir='ltr'>καὶ</span> <span class='ocrx_word' id='word_1_35' title='bbox 2838 521 3184 594; x_wconf 81' lang='grc' dir='ltr'><strong>λειτουργίας</strong></span> <span class='ocrx_word' id='word_1_36' title='bbox 3209 521 3430 593; x_wconf 83' lang='grc' dir='ltr'><strong>τρόπος,</strong></span> <span class='ocrx_word' id='word_1_37' title='bbox 3460 521 3700 591; x_wconf 84' lang='grc' dir='ltr'>ἀπαραί-</span> 
     </span>
    </p>
   </div>
   <div class='ocr_carea' id='block_1_7' title="bbox 444 611 2032 691">
    <p class='ocr_par' dir='ltr' id='par_1_7' title="bbox 444 617 2019 691">
     <span class='ocr_line' id='line_1_7' title="bbox 444 617 2019 691; baseline -0.001 -19"><span class='ocrx_word' id='word_1_38' title='bbox 444 620 765 673; x_wconf 80' lang='lat' dir='ltr'><strong>numerandi</strong></span> <span class='ocrx_word' id='word_1_39' title='bbox 801 623 1022 682; x_wconf 88' lang='lat' dir='ltr'><strong>modus;</strong></span> <span class='ocrx_word' id='word_1_40' title='bbox 1069 633 1271 691; x_wconf 82' lang='lat' dir='ltr'><strong>novum</strong></span> <span class='ocrx_word' id='word_1_41' title='bbox 1327 617 1504 672; x_wconf 89' lang='lat' dir='ltr'><strong>cultus</strong></span> <span class='ocrx_word' id='word_1_42' title='bbox 1538 617 1893 685; x_wconf 84' lang='lat' dir='ltr'><strong>obsequiique</strong></span> <span class='ocrx_word' id='word_1_43' title='bbox 1924 632 2019 686; x_wconf 73' lang='lat' dir='ltr'><strong>ge-</strong></span> 
     </span>
    </p>
   </div>
   <div class='ocr_carea' id='block_1_8' title="bbox 2136 611 3700 691">
    <p class='ocr_par' dir='ltr' id='par_1_8' title="bbox 2136 611 3700 689">
     <span class='ocr_line' id='line_1_8' title="bbox 2136 611 3700 689; baseline -0.004 -17"><span class='ocrx_word' id='word_1_44' title='bbox 2136 636 2285 689; x_wconf 75' lang='grc' dir='ltr'>εητον</span> <span class='ocrx_word' id='word_1_45' title='bbox 2312 616 2452 688; x_wconf 76' lang='grc' dir='ltr'>ἔχων</span> <span class='ocrx_word' id='word_1_46' title='bbox 2471 619 2570 688; x_wconf 82' lang='grc' dir='ltr'>τῆς</span> <span class='ocrx_word' id='word_1_47' title='bbox 2587 618 2833 686; x_wconf 76' lang='grc' dir='ltr'><strong>ἀνάγκης</strong></span> <span class='ocrx_word' id='word_1_48' title='bbox 2848 615 2950 687; x_wconf 84' lang='grc' dir='ltr'>τὴν</span> <span class='ocrx_word' id='word_1_49' title='bbox 2975 616 3254 686; x_wconf 81' lang='grc' dir='ltr'>εἰσφοράν.</span> <span class='ocrx_word' id='word_1_50' title='bbox 3288 614 3346 667; x_wconf 80' lang='grc'><strong>’0</strong></span> <span class='ocrx_word' id='word_1_51' title='bbox 3365 611 3476 684; x_wconf 84' lang='grc' dir='ltr'><strong>γάρ</strong></span> <span class='ocrx_word' id='word_1_52' title='bbox 3496 611 3700 685; x_wconf 78' lang='grc' dir='ltr'>μείζων</span> 
     </span>
    </p>
   </div>
   <div class='ocr_carea' id='block_1_9' title="bbox 445 704 2032 778">
    <p class='ocr_par' dir='ltr' id='par_1_9' title="bbox 445 708 2018 778">
     <span class='ocr_line' id='line_1_9' title="bbox 445 708 2018 778; baseline 0 -16"><span class='ocrx_word' id='word_1_53' title='bbox 445 725 566 772; x_wconf 87' lang='lat' dir='ltr'><strong>nus,</strong></span> <span class='ocrx_word' id='word_1_54' title='bbox 605 726 725 764; x_wconf 91' lang='lat' dir='ltr'><strong>cum</strong></span> <span class='ocrx_word' id='word_1_55' title='bbox 775 709 1154 778; x_wconf 72' lang='lat' dir='ltr'><strong>indeprecabili</strong></span> <span class='ocrx_word' id='word_1_56' title='bbox 1220 709 1598 778; x_wconf 82' lang='lat' dir='ltr'><strong>pensitationis</strong></span> <span class='ocrx_word' id='word_1_57' title='bbox 1658 708 1776 761; x_wconf 86' lang='lat' dir='ltr'><strong>sive</strong></span> <span class='ocrx_word' id='word_1_58' title='bbox 1832 709 2018 762; x_wconf 88' lang='lat' dir='ltr'><strong>tribttti</strong></span> 
     </span>
    </p>
   </div>
   <div class='ocr_carea' id='block_1_10' title="bbox 2136 704 3701 778">
    <p class='ocr_par' dir='ltr' id='par_1_10' title="bbox 2136 704 3701 773">
     <span class='ocr_line' id='line_1_10' title="bbox 2136 704 3701 773; baseline -0.006 -10"><span class='ocrx_word' id='word_1_59' title='bbox 2136 710 2226 763; x_wconf 74' lang='grc' dir='ltr'><strong>καὶ</strong></span> <span class='ocrx_word' id='word_1_60' title='bbox 2259 708 2471 773; x_wconf 71' lang='grc' dir='ltr'>ἔνδοξος</span> <span class='ocrx_word' id='word_1_61' title='bbox 2499 709 2768 763; x_wconf 85' lang='grc' dir='ltr'><strong>δυσωπεῖ·</strong></span> <span class='ocrx_word' id='word_1_62' title='bbox 2826 708 2855 760; x_wconf 85' lang='grc' dir='ltr'><strong>ό</strong></span> <span class='ocrx_word' id='word_1_63' title='bbox 2904 706 3144 761; x_wconf 73' lang='grc' dir='ltr'>ἐλάττων</span> <span class='ocrx_word' id='word_1_64' title='bbox 3177 706 3347 759; x_wconf 81' lang='grc' dir='ltr'>αἰτεῖ·</span> <span class='ocrx_word' id='word_1_65' title='bbox 3378 705 3472 757; x_wconf 79' lang='grc' dir='ltr'><strong>καὶ</strong></span> <span class='ocrx_word' id='word_1_66' title='bbox 3501 704 3701 764; x_wconf 85' lang='grc' dir='ltr'>πάντες</span> 
     </span>
    </p>
   </div>
   <div class='ocr_carea' id='block_1_11' title="bbox 447 794 2032 871">
    <p class='ocr_par' dir='ltr' id='par_1_11' title="bbox 447 800 2023 870">
     <span class='ocr_line' id='line_1_11' title="bbox 447 800 2023 870; baseline 0.001 -17"><span class='ocrx_word' id='word_1_67' title='bbox 447 803 768 856; x_wconf 82' lang='lat' dir='ltr'><strong>necessitate</strong></span> <span class='ocrx_word' id='word_1_68' title='bbox 823 803 1191 870; x_wconf 72' lang='lat' dir='ltr'><strong>coniunctum.</strong></span> <span class='ocrx_word' id='word_1_69' title='bbox 1256 800 1387 853; x_wconf 86' lang='lat' dir='ltr'><strong>Nam</strong></span> <span class='ocrx_word' id='word_1_70' title='bbox 1453 800 1633 869; x_wconf 83' lang='lat' dir='ltr'><strong>major</strong></span> <span class='ocrx_word' id='word_1_71' title='bbox 1663 810 1717 854; x_wconf 91' lang='lat' dir='ltr'><strong>et</strong></span> <span class='ocrx_word' id='word_1_72' title='bbox 1762 801 2023 869; x_wconf 64' lang='lat' dir='ltr'><strong>dignitate</strong></span> 
     </span>
    </p>
   </div>
   <div class='ocr_carea' id='block_1_12' title="bbox 2136 794 3703 871">
    <p class='ocr_par' dir='ltr' id='par_1_12' title="bbox 2136 794 3703 871">
     <span class='ocr_line' id='line_1_12' title="bbox 2136 794 3703 871; baseline -0.004 -17"><span class='ocrx_word' id='word_1_73' title='bbox 2136 799 2357 871; x_wconf 62' lang='grc' dir='ltr'>βαθμοῖς</span> <span class='ocrx_word' id='word_1_74' title='bbox 2402 800 2496 852; x_wconf 75' lang='grc' dir='ltr'>ἐπὶ</span> <span class='ocrx_word' id='word_1_75' title='bbox 2523 800 2650 863; x_wconf 77' lang='grc' dir='ltr'>τοὺς</span> <span class='ocrx_word' id='word_1_76' title='bbox 2677 798 2912 862; x_wconf 78' lang='grc' dir='ltr'>κόλπους</span> <span class='ocrx_word' id='word_1_77' title='bbox 2946 796 3054 851; x_wconf 82' lang='grc' dir='ltr'>τῶν</span> <span class='ocrx_word' id='word_1_78' title='bbox 3089 796 3464 867; x_wconf 81' lang='grc' dir='ltr'><strong>ὑπερεχόντων</strong></span> <span class='ocrx_word' id='word_1_79' title='bbox 3493 794 3703 849; x_wconf 90' lang='grc' dir='ltr'>κινοῦν-</span> 
     </span>
    </p>
   </div>
   <div class='ocr_carea' id='block_1_13' title="bbox 452 886 2032 964">
    <p class='ocr_par' dir='ltr' id='par_1_13' title="bbox 452 891 2024 962">
     <span class='ocr_line' id='line_1_13' title="bbox 452 891 2024 962; baseline 0.003 -19"><span class='ocrx_word' id='word_1_80' title='bbox 452 902 714 961; x_wconf 62' lang='lat' dir='ltr'><strong>praestans</strong></span> <span class='ocrx_word' id='word_1_81' title='bbox 742 893 853 962; x_wconf 91' lang='lat' dir='ltr'><strong>ipsa</strong></span> <span class='ocrx_word' id='word_1_82' title='bbox 910 893 1084 948; x_wconf 88' lang='lat' dir='ltr'><strong>vultus</strong></span> <span class='ocrx_word' id='word_1_83' title='bbox 1143 892 1225 945; x_wconf 89' lang='lat' dir='ltr'><strong>sui</strong></span> <span class='ocrx_word' id='word_1_84' title='bbox 1263 891 1562 946; x_wconf 85' lang='lat' dir='ltr'><strong>reverentia</strong></span> <span class='ocrx_word' id='word_1_85' title='bbox 1600 902 1812 959; x_wconf 87' lang='lat' dir='ltr'><strong>movet;</strong></span> <span class='ocrx_word' id='word_1_86' title='bbox 1845 892 2024 947; x_wconf 89' lang='lat' dir='ltr'><strong>minor</strong></span> 
     </span>
    </p>
   </div>
   <div class='ocr_carea' id='block_1_14' title="bbox 2136 886 3700 964">
    <p class='ocr_par' dir='ltr' id='par_1_14' title="bbox 2136 886 3700 964">
     <span class='ocr_line' id='line_1_14' title="bbox 2136 886 3700 964; baseline -0.007 -15"><span class='ocrx_word' id='word_1_87' title='bbox 2136 912 2233 950; x_wconf 79' lang='lat' dir='ltr'><strong>rat.</strong></span> <span class='ocrx_word' id='word_1_88' title='bbox 2271 894 2382 948; x_wconf 77' lang='grc' dir='ltr'><strong>Καὶ</strong></span> <span class='ocrx_word' id='word_1_89' title='bbox 2410 894 2550 964; x_wconf 80' lang='grc' dir='ltr'>ὅπερ</span> <span class='ocrx_word' id='word_1_90' title='bbox 2579 892 2670 945; x_wconf 69' lang='grc' dir='ltr'>ἐπὶ</span> <span class='ocrx_word' id='word_1_91' title='bbox 2694 891 2792 960; x_wconf 84' lang='grc' dir='ltr'>τῆς</span> <span class='ocrx_word' id='word_1_92' title='bbox 2822 886 3079 961; x_wconf 70' lang='grc' dir='ltr'>ωρῤοίας</span> <span class='ocrx_word' id='word_1_93' title='bbox 3104 887 3211 941; x_wconf 84' lang='grc' dir='ltr'><strong>τῶν</strong></span> <span class='ocrx_word' id='word_1_94' title='bbox 3235 886 3444 940; x_wconf 80' lang='grc' dir='ltr'>ὑδάτων</span> <span class='ocrx_word' id='word_1_95' title='bbox 3467 886 3700 956; x_wconf 87' lang='grc' dir='ltr'>γίνεται,</span> 
     </span>
    </p>
   </div>
   <div class='ocr_carea' id='block_1_15' title="bbox 445 983 2021 1055">
    <p class='ocr_par' dir='ltr' id='par_1_15' title="bbox 445 983 2021 1055">
     <span class='ocr_line' id='line_1_15' title="bbox 445 983 2021 1055; baseline 0 -18"><span class='ocrx_word' id='word_1_96' title='bbox 445 986 610 1053; x_wconf 90' lang='lat' dir='ltr'><strong>petit;</strong></span> <span class='ocrx_word' id='word_1_97' title='bbox 637 996 801 1054; x_wconf 87' lang='lat' dir='ltr'><strong>atque</strong></span> <span class='ocrx_word' id='word_1_98' title='bbox 847 1000 1035 1040; x_wconf 88' lang='lat' dir='ltr'><strong>omnes</strong></span> <span class='ocrx_word' id='word_1_99' title='bbox 1086 985 1222 1040; x_wconf 82' lang='lat' dir='ltr'><strong>velut</strong></span> <span class='ocrx_word' id='word_1_100' title='bbox 1264 984 1520 1055; x_wconf 76' lang='lat' dir='ltr'><strong>gradibus</strong></span> <span class='ocrx_word' id='word_1_101' title='bbox 1562 983 1616 1037; x_wconf 91' lang='lat' dir='ltr'><strong>in</strong></span> <span class='ocrx_word' id='word_1_102' title='bbox 1659 984 2021 1053; x_wconf 85' lang='lat' dir='ltr'><strong>potentiorum</strong></span> 
     </span>
    </p>
   </div>
   <div class='ocr_carea' id='block_1_16' title="bbox 443 1074 2024 1144">
    <p class='ocr_par' dir='ltr' id='par_1_16' title="bbox 443 1074 2024 1144">
     <span class='ocr_line' id='line_1_16' title="bbox 443 1074 2024 1144; baseline -0.001 -14"><span class='ocrx_word' id='word_1_103' title='bbox 443 1077 596 1130; x_wconf 84' lang='lat' dir='ltr'><strong>sinus</strong></span> <span class='ocrx_word' id='word_1_104' title='bbox 625 1076 1039 1130; x_wconf 83' lang='lat' dir='ltr'><strong>exhauriuntur.</strong></span> <span class='ocrx_word' id='word_1_105' title='bbox 1070 1076 1330 1144; x_wconf 80' lang='lat' dir='ltr'><strong>Quodque</strong></span> <span class='ocrx_word' id='word_1_106' title='bbox 1362 1076 1414 1129; x_wconf 92' lang='lat' dir='ltr'><strong>in</strong></span> <span class='ocrx_word' id='word_1_107' title='bbox 1453 1090 1711 1142; x_wconf 88' lang='lat' dir='ltr'><strong>aquarum</strong></span> <span class='ocrx_word' id='word_1_108' title='bbox 1740 1074 2024 1128; x_wconf 84' lang='lat' dir='ltr'><strong>conﬂuen-</strong></span> 
     </span>
    </p>
   </div>
   <div class='ocr_carea' id='block_1_17' title="bbox 446 1166 2025 1235">
    <p class='ocr_par' dir='ltr' id='par_1_17' title="bbox 446 1166 2025 1235">
     <span class='ocr_line' id='line_1_17' title="bbox 446 1166 2025 1235; baseline 0.001 -16"><span class='ocrx_word' id='word_1_109' title='bbox 446 1168 589 1222; x_wconf 88' lang='lat' dir='ltr'><strong>tibus</strong></span> <span class='ocrx_word' id='word_1_110' title='bbox 609 1168 826 1233; x_wconf 84' lang='lat' dir='ltr'><strong>accidit,</strong></span> <span class='ocrx_word' id='word_1_111' title='bbox 848 1169 1018 1235; x_wconf 88' lang='lat' dir='ltr'><strong>ipsmn</strong></span> <span class='ocrx_word' id='word_1_112' title='bbox 1042 1170 1142 1221; x_wconf 82' lang='lat' dir='ltr'><strong>hoc</strong></span> <span class='ocrx_word' id='word_1_113' title='bbox 1181 1167 1646 1235; x_wconf 72' lang='lat' dir='ltr'><strong>inprmsentiarmu</strong></span> <span class='ocrx_word' id='word_1_114' title='bbox 1671 1166 1880 1219; x_wconf 86' lang='lat' dir='ltr'><strong>videas.</strong></span> <span class='ocrx_word' id='word_1_115' title='bbox 1914 1166 2025 1221; x_wconf 85' lang='lat' dir='ltr'><strong>Illic</strong></span> 
     </span>
    </p>
   </div>
   <div class='ocr_carea' id='block_1_18' title="bbox 444 1256 2022 1327">
    <p class='ocr_par' dir='ltr' id='par_1_18' title="bbox 444 1256 2022 1327">
     <span class='ocr_line' id='line_1_18' title="bbox 444 1256 2022 1327; baseline -0.001 -17"><span class='ocrx_word' id='word_1_116' title='bbox 444 1257 589 1310; x_wconf 85' lang='lat' dir='ltr'><strong>enim</strong></span> <span class='ocrx_word' id='word_1_117' title='bbox 610 1257 1084 1327; x_wconf 80' lang='lat' dir='ltr'><strong>temtisminortpte</strong></span> <span class='ocrx_word' id='word_1_118' title='bbox 1118 1258 1262 1310; x_wconf 83' lang='lat' dir='ltr'><strong>rivus</strong></span> <span class='ocrx_word' id='word_1_119' title='bbox 1284 1257 1335 1310; x_wconf 88' lang='lat' dir='ltr'><strong>in</strong></span> <span class='ocrx_word' id='word_1_120' title='bbox 1352 1258 1513 1310; x_wconf 88' lang='lat' dir='ltr'><strong>alium</strong></span> <span class='ocrx_word' id='word_1_121' title='bbox 1541 1257 1798 1325; x_wconf 84' lang='lat' dir='ltr'><strong>majorem</strong></span> <span class='ocrx_word' id='word_1_122' title='bbox 1826 1256 2022 1322; x_wconf 83' lang='lat' dir='ltr'><strong>inﬂuit,</strong></span> 
     </span>
    </p>
   </div>
   <div class='ocr_carea' id='block_1_19' title="bbox 446 1346 2028 1418">
    <p class='ocr_par' dir='ltr' id='par_1_19' title="bbox 446 1346 2028 1418">
     <span class='ocr_line' id='line_1_19' title="bbox 446 1346 2028 1418; baseline 0.001 -19"><span class='ocrx_word' id='word_1_123' title='bbox 446 1346 641 1415; x_wconf 88' lang='lat' dir='ltr'><strong>bicque</strong></span> <span class='ocrx_word' id='word_1_124' title='bbox 675 1346 780 1400; x_wconf 86' lang='lat' dir='ltr'><strong>alio</strong></span> <span class='ocrx_word' id='word_1_125' title='bbox 831 1364 1016 1402; x_wconf 86' lang='lat' dir='ltr'><strong>rursus</strong></span> <span class='ocrx_word' id='word_1_126' title='bbox 1077 1348 1349 1418; x_wconf 81' lang='lat' dir='ltr'><strong>grandiori</strong></span> <span class='ocrx_word' id='word_1_127' title='bbox 1403 1362 1469 1402; x_wconf 82' lang='lat' dir='ltr'><strong>ac</strong></span> <span class='ocrx_word' id='word_1_128' title='bbox 1520 1347 1691 1417; x_wconf 76' lang='lat' dir='ltr'><strong>magis</strong></span> <span class='ocrx_word' id='word_1_129' title='bbox 1735 1347 2028 1402; x_wconf 74' lang='lat' dir='ltr'><strong>exundanti</strong></span> 
     </span>
    </p>
   </div>
   <div class='ocr_carea' id='block_1_20' title="bbox 449 1438 2029 1508">
    <p class='ocr_par' dir='ltr' id='par_1_20' title="bbox 449 1438 2029 1508">
     <span class='ocr_line' id='line_1_20' title="bbox 449 1438 2029 1508; baseline 0.003 -21"><span class='ocrx_word' id='word_1_130' title='bbox 449 1438 840 1493; x_wconf 88' lang='lat' dir='ltr'><strong>absconditur:</strong></span> <span class='ocrx_word' id='word_1_131' title='bbox 871 1448 1034 1508; x_wconf 87' lang='lat' dir='ltr'><strong>atque</strong></span> <span class='ocrx_word' id='word_1_132' title='bbox 1090 1445 1224 1493; x_wconf 89' lang='lat' dir='ltr'><strong>adeo</strong></span> <span class='ocrx_word' id='word_1_133' title='bbox 1278 1440 1516 1493; x_wconf 88' lang='lat' dir='ltr'><strong>minores</strong></span> <span class='ocrx_word' id='word_1_134' title='bbox 1549 1438 1703 1493; x_wconf 91' lang='lat' dir='ltr'><strong>multi</strong></span> <span class='ocrx_word' id='word_1_135' title='bbox 1759 1439 1860 1493; x_wconf 89' lang='lat' dir='ltr'><strong>rivi</strong></span> <span class='ocrx_word' id='word_1_136' title='bbox 1895 1453 2029 1493; x_wconf 84' lang='lat' dir='ltr'><strong>con-</strong></span> 
     </span>
    </p>
   </div>
   <div class='ocr_carea' id='block_1_21' title="bbox 444 1526 2031 1599">
    <p class='ocr_par' dir='ltr' id='par_1_21' title="bbox 444 1526 2031 1599">
     <span class='ocr_line' id='line_1_21' title="bbox 444 1526 2031 1599; baseline 0.005 -22"><span class='ocrx_word' id='word_1_137' title='bbox 444 1526 615 1594; x_wconf 84' lang='lat' dir='ltr'><strong>juncti</strong></span> <span class='ocrx_word' id='word_1_138' title='bbox 656 1529 817 1584; x_wconf 88' lang='lat' dir='ltr'><strong>vieini</strong></span> <span class='ocrx_word' id='word_1_139' title='bbox 882 1529 1119 1586; x_wconf 81' lang='lat' dir='ltr'><strong>ﬂuminis</strong></span> <span class='ocrx_word' id='word_1_140' title='bbox 1181 1533 1428 1586; x_wconf 74' lang='lat' dir='ltr'><strong>accessio</strong></span> <span class='ocrx_word' id='word_1_141' title='bbox 1459 1530 1597 1584; x_wconf 81' lang='lat' dir='ltr'><strong>ﬁunt</strong></span> <span class='ocrx_word' id='word_1_142' title='bbox 1637 1529 1821 1599; x_wconf 87' lang='lat' dir='ltr'><strong>:quod</strong></span> <span class='ocrx_word' id='word_1_143' title='bbox 1857 1540 1910 1584; x_wconf 85' lang='lat' dir='ltr'><strong>ct</strong></span> <span class='ocrx_word' id='word_1_144' title='bbox 1946 1533 2031 1599; x_wconf 85' lang='lat' dir='ltr'><strong>ip-</strong></span> 
     </span>
    </p>
   </div>
   <div class='ocr_carea' id='block_1_22' title="bbox 447 1619 2031 1690">
    <p class='ocr_par' dir='ltr' id='par_1_22' title="bbox 447 1619 2031 1690">
     <span class='ocr_line' id='line_1_22' title="bbox 447 1619 2031 1690; baseline 0.001 -17"><span class='ocrx_word' id='word_1_145' title='bbox 447 1634 565 1673; x_wconf 85' lang='lat' dir='ltr'><strong>sum</strong></span> <span class='ocrx_word' id='word_1_146' title='bbox 620 1619 743 1674; x_wconf 88' lang='lat' dir='ltr'><strong>dein</strong></span> <span class='ocrx_word' id='word_1_147' title='bbox 812 1622 1042 1676; x_wconf 73' lang='lat' dir='ltr'><strong>alti-rius</strong></span> <span class='ocrx_word' id='word_1_148' title='bbox 1094 1636 1247 1688; x_wconf 82' lang='lat' dir='ltr'><strong>mage</strong></span> <span class='ocrx_word' id='word_1_149' title='bbox 1295 1621 1537 1690; x_wconf 86' lang='lat' dir='ltr'><strong>majoris,</strong></span> <span class='ocrx_word' id='word_1_150' title='bbox 1578 1631 1742 1690; x_wconf 82' lang='lat' dir='ltr'><strong>atque</strong></span> <span class='ocrx_word' id='word_1_151' title='bbox 1774 1622 1848 1676; x_wconf 82' lang='lat' dir='ltr'><strong>ita</strong></span> <span class='ocrx_word' id='word_1_152' title='bbox 1878 1622 2031 1676; x_wconf 87' lang='lat' dir='ltr'><strong>dein-</strong></span> 
     </span>
    </p>
   </div>
   <div class='ocr_carea' id='block_1_23' title="bbox 447 1706 2025 1782">
    <p class='ocr_par' dir='ltr' id='par_1_23' title="bbox 447 1706 2025 1782">
     <span class='ocr_line' id='line_1_23' title="bbox 447 1706 2025 1782; baseline 0.001 -19"><span class='ocrx_word' id='word_1_153' title='bbox 447 1706 808 1778; x_wconf 70' lang='lat' dir='ltr'><strong>ceps,‘du’m</strong></span> <span class='ocrx_word' id='word_1_154' title='bbox 891 1723 1194 1766; x_wconf 78' lang='lat' dir='ltr'><strong>extremum</strong></span> <span class='ocrx_word' id='word_1_155' title='bbox 1272 1712 1379 1766; x_wconf 85' lang='lat' dir='ltr'><strong>lato</strong></span> <span class='ocrx_word' id='word_1_156' title='bbox 1434 1711 1809 1782; x_wconf 79' lang='lat' dir='ltr'><strong>profundoque</strong></span> <span class='ocrx_word' id='word_1_157' title='bbox 1891 1712 2025 1766; x_wconf 88' lang='lat' dir='ltr'><strong>mari</strong></span> 
     </span>
    </p>
   </div>
   <div class='ocr_carea' id='block_1_24' title="bbox 449 1801 2000 1875">
    <p class='ocr_par' dir='ltr' id='par_1_24' title="bbox 449 1801 2000 1875">
     <span class='ocr_line' id='line_1_24' title="bbox 449 1801 2000 1875; baseline 0.002 -20"><span class='ocrx_word' id='word_1_158' title='bbox 449 1802 755 1857; x_wconf 76' lang='lat' dir='ltr'><strong>misceatur.</strong></span> <span class='ocrx_word' id='word_1_159' title='bbox 824 1801 1042 1875; x_wconf 69' lang='lat' dir='ltr'><strong>Festum</strong></span> <span class='ocrx_word' id='word_1_160' title='bbox 1112 1804 1213 1858; x_wconf 81' lang='lat' dir='ltr'><strong>line</strong></span> <span class='ocrx_word' id='word_1_161' title='bbox 1295 1820 1399 1859; x_wconf 88' lang='lat' dir='ltr'><strong>non</strong></span> <span class='ocrx_word' id='word_1_162' title='bbox 1460 1803 1680 1870; x_wconf 83' lang='lat' dir='ltr'><strong>festum,</strong></span> <span class='ocrx_word' id='word_1_163' title='bbox 1757 1813 1812 1858; x_wconf 87' lang='lat' dir='ltr'><strong>et</strong></span> <span class='ocrx_word' id='word_1_164' title='bbox 1878 1820 2000 1859; x_wconf 85' lang='lat' dir='ltr'><strong>men</strong></span> 
     </span>
    </p>
   </div>
   <div class='ocr_carea' id='block_1_25' title="bbox 449 1893 2029 1965">
    <p class='ocr_par' dir='ltr' id='par_1_25' title="bbox 449 1893 2029 1965">
     <span class='ocr_line' id='line_1_25' title="bbox 449 1893 2029 1965; baseline 0.002 -19"><span class='ocrx_word' id='word_1_165' title='bbox 449 1893 569 1947; x_wconf 82' lang='lat' dir='ltr'><strong>daci</strong></span> <span class='ocrx_word' id='word_1_166' title='bbox 603 1908 824 1962; x_wconf 83' lang='lat' dir='ltr'><strong>prorsus</strong></span> <span class='ocrx_word' id='word_1_167' title='bbox 859 1897 1097 1959; x_wconf 79' lang='lat' dir='ltr'><strong>nomine,</strong></span> <span class='ocrx_word' id='word_1_168' title='bbox 1143 1896 1355 1965; x_wconf 84' lang='lat' dir='ltr'><strong>plenum</strong></span> <span class='ocrx_word' id='word_1_169' title='bbox 1413 1895 1729 1950; x_wconf 83' lang='lat' dir='ltr'><strong>acerbitatis</strong></span> <span class='ocrx_word' id='word_1_170' title='bbox 1769 1909 1832 1949; x_wconf 88' lang='lat' dir='ltr'><strong>ac</strong></span> <span class='ocrx_word' id='word_1_171' title='bbox 1862 1894 2029 1949; x_wconf 87' lang='lat' dir='ltr'><strong>mole-</strong></span> 
     </span>
    </p>
   </div>
   <div class='ocr_carea' id='block_1_26' title="bbox 448 1984 2031 2056">
    <p class='ocr_par' dir='ltr' id='par_1_26' title="bbox 448 1984 2031 2056">
     <span class='ocr_line' id='line_1_26' title="bbox 448 1984 2031 2056; baseline 0.001 -18"><span class='ocrx_word' id='word_1_172' title='bbox 448 1984 596 2051; x_wconf 70' lang='lat' dir='ltr'><strong>stize;</strong></span> <span class='ocrx_word' id='word_1_173' title='bbox 628 2000 792 2054; x_wconf 71' lang='lat' dir='ltr'><strong>grave</strong></span> <span class='ocrx_word' id='word_1_174' title='bbox 826 1987 1214 2055; x_wconf 85' lang='lat' dir='ltr'><strong>prodeuntibus</strong></span> <span class='ocrx_word' id='word_1_175' title='bbox 1263 1987 1315 2042; x_wconf 91' lang='lat' dir='ltr'><strong>in</strong></span> <span class='ocrx_word' id='word_1_176' title='bbox 1378 1987 1687 2056; x_wconf 86' lang='lat' dir='ltr'><strong>publicum,</strong></span> <span class='ocrx_word' id='word_1_177' title='bbox 1752 2001 1917 2053; x_wconf 77' lang='lat' dir='ltr'><strong>grave</strong></span> <span class='ocrx_word' id='word_1_178' title='bbox 1971 2001 2031 2040; x_wconf 88' lang='lat' dir='ltr'><strong>se</strong></span> 
     </span>
    </p>
   </div>
   <div class='ocr_carea' id='block_1_27' title="bbox 450 2074 2025 2147">
    <p class='ocr_par' dir='ltr' id='par_1_27' title="bbox 450 2074 2025 2147">
     <span class='ocr_line' id='line_1_27' title="bbox 450 2074 2025 2147; baseline 0.002 -19"><span class='ocrx_word' id='word_1_179' title='bbox 450 2074 593 2128; x_wconf 89' lang='lat' dir='ltr'><strong>domi</strong></span> <span class='ocrx_word' id='word_1_180' title='bbox 623 2076 1047 2131; x_wconf 87' lang='lat' dir='ltr'><strong>continentibus.</strong></span> <span class='ocrx_word' id='word_1_181' title='bbox 1079 2076 1221 2132; x_wconf 85' lang='lat' dir='ltr'><strong>Viles</strong></span> <span class='ocrx_word' id='word_1_182' title='bbox 1275 2078 1418 2132; x_wconf 90' lang='lat' dir='ltr'><strong>enim</strong></span> <span class='ocrx_word' id='word_1_183' title='bbox 1468 2079 1534 2131; x_wconf 89' lang='lat' dir='ltr'><strong>de</strong></span> <span class='ocrx_word' id='word_1_184' title='bbox 1566 2078 1717 2147; x_wconf 87' lang='lat' dir='ltr'><strong>plebe</strong></span> <span class='ocrx_word' id='word_1_185' title='bbox 1758 2077 2025 2141; x_wconf 81' lang='lat' dir='ltr'><strong>homines,</strong></span> 
     </span>
    </p>
   </div>
   <div class='ocr_carea' id='block_1_28' title="bbox 449 2165 2027 2240">
    <p class='ocr_par' dir='ltr' id='par_1_28' title="bbox 449 2165 2027 2240">
     <span class='ocr_line' id='line_1_28' title="bbox 449 2165 2027 2240; baseline 0.003 -21"><span class='ocrx_word' id='word_1_186' title='bbox 449 2165 804 2222; x_wconf 76' lang='lat' dir='ltr'><strong>c’rculatores</strong></span> <span class='ocrx_word' id='word_1_187' title='bbox 858 2183 922 2223; x_wconf 89' lang='lat' dir='ltr'><strong>ac</strong></span> <span class='ocrx_word' id='word_1_188' title='bbox 971 2169 1173 2224; x_wconf 80' lang='lat' dir='ltr'><strong>scenici</strong></span> <span class='ocrx_word' id='word_1_189' title='bbox 1220 2170 1642 2240; x_wconf 65' lang='lat' dir='ltr'><strong>praestigiatores</strong></span> <span class='ocrx_word' id='word_1_190' title='bbox 1706 2169 1759 2224; x_wconf 92' lang='lat' dir='ltr'><strong>iu</strong></span> <span class='ocrx_word' id='word_1_191' title='bbox 1819 2179 2027 2223; x_wconf 89' lang='lat' dir='ltr'><strong>turmas</strong></span> 
     </span>
    </p>
   </div>
   <div class='ocr_carea' id='block_1_29' title="bbox 452 2256 2030 2330">
    <p class='ocr_par' dir='ltr' id='par_1_29' title="bbox 452 2256 2030 2330">
     <span class='ocr_line' id='line_1_29' title="bbox 452 2256 2030 2330; baseline 0.003 -22"><span class='ocrx_word' id='word_1_192' title='bbox 452 2256 704 2323; x_wconf 89' lang='lat' dir='ltr'><strong>discreti,</strong></span> <span class='ocrx_word' id='word_1_193' title='bbox 739 2259 934 2328; x_wconf 89' lang='lat' dir='ltr'><strong>cuique</strong></span> <span class='ocrx_word' id='word_1_194' title='bbox 992 2260 1172 2322; x_wconf 85' lang='lat' dir='ltr'><strong>domui</strong></span> <span class='ocrx_word' id='word_1_195' title='bbox 1247 2260 1578 2316; x_wconf 85' lang='lat' dir='ltr'><strong>clamoribus</strong></span> <span class='ocrx_word' id='word_1_196' title='bbox 1624 2276 1688 2317; x_wconf 83' lang='lat' dir='ltr'><strong>ac</strong></span> <span class='ocrx_word' id='word_1_197' title='bbox 1728 2260 2030 2330; x_wconf 84' lang='lat' dir='ltr'><strong>plausibus,</strong></span> 
     </span>
    </p>
   </div>
   <div class='ocr_carea' id='block_1_30' title="bbox 453 2345 2032 2418">
    <p class='ocr_par' dir='ltr' id='par_1_30' title="bbox 453 2345 2032 2418">
     <span class='ocr_line' id='line_1_30' title="bbox 453 2345 2032 2418; baseline 0.004 -21"><span class='ocrx_word' id='word_1_198' title='bbox 453 2348 599 2400; x_wconf 84' lang='lat' dir='ltr'><strong>velut</strong></span> <span class='ocrx_word' id='word_1_199' title='bbox 630 2345 804 2402; x_wconf 81' lang='lat' dir='ltr'><strong>fausta</strong></span> <span class='ocrx_word' id='word_1_200' title='bbox 832 2361 1141 2418; x_wconf 85' lang='lat' dir='ltr'><strong>precantes,</strong></span> <span class='ocrx_word' id='word_1_201' title='bbox 1171 2351 1473 2406; x_wconf 88' lang='lat' dir='ltr'><strong>molestiam</strong></span> <span class='ocrx_word' id='word_1_202' title='bbox 1492 2351 1770 2406; x_wconf 77' lang='lat' dir='ltr'><strong>exhibent.</strong></span> <span class='ocrx_word' id='word_1_203' title='bbox 1796 2353 1869 2404; x_wconf 83' lang='lat' dir='ltr'><strong>Ac</strong></span> <span class='ocrx_word' id='word_1_204' title='bbox 1885 2351 2032 2405; x_wconf 88' lang='lat' dir='ltr'><strong>circa</strong></span> 
     </span>
    </p>
   </div>
   <div class='ocr_carea' id='block_1_31' title="bbox 450 2441 2027 2511">
    <p class='ocr_par' dir='ltr' id='par_1_31' title="bbox 450 2441 2027 2511">
     <span class='ocr_line' id='line_1_31' title="bbox 450 2441 2027 2511; baseline 0.003 -22"><span class='ocrx_word' id='word_1_205' title='bbox 450 2448 777 2506; x_wconf 67' lang='lat' dir='ltr'><strong>quaestorum</strong></span> <span class='ocrx_word' id='word_1_206' title='bbox 806 2441 1020 2509; x_wconf 89' lang='lat' dir='ltr'><strong>quidem</strong></span> <span class='ocrx_word' id='word_1_207' title='bbox 1067 2442 1263 2511; x_wconf 84' lang='lat' dir='ltr'><strong>januas</strong></span> <span class='ocrx_word' id='word_1_208' title='bbox 1322 2444 1651 2511; x_wconf 85' lang='lat' dir='ltr'><strong>pertinacius</strong></span> <span class='ocrx_word' id='word_1_209' title='bbox 1674 2442 1902 2506; x_wconf 68' lang='lat' dir='ltr'><strong>haerent,</strong></span> <span class='ocrx_word' id='word_1_210' title='bbox 1931 2442 2027 2494; x_wconf 84' lang='lat' dir='ltr'><strong>du-</strong></span> 
     </span>
    </p>
   </div>
   <div class='ocr_carea' id='block_1_32' title="bbox 453 2534 2033 2602">
    <p class='ocr_par' dir='ltr' id='par_1_32' title="bbox 453 2534 2033 2602">
     <span class='ocr_line' id='line_1_32' title="bbox 453 2534 2033 2602; baseline 0.002 -18"><span class='ocrx_word' id='word_1_211' title='bbox 453 2546 551 2585; x_wconf 74' lang='lat' dir='ltr'><strong>nec</strong></span> <span class='ocrx_word' id='word_1_212' title='bbox 578 2534 791 2586; x_wconf 86' lang='lat' dir='ltr'><strong>tandem</strong></span> <span class='ocrx_word' id='word_1_213' title='bbox 841 2535 933 2602; x_wconf 88' lang='lat' dir='ltr'><strong>qui</strong></span> <span class='ocrx_word' id='word_1_214' title='bbox 966 2534 1110 2587; x_wconf 90' lang='lat' dir='ltr'><strong>intus</strong></span> <span class='ocrx_word' id='word_1_215' title='bbox 1140 2534 1444 2599; x_wconf 85' lang='lat' dir='ltr'><strong>obsidetur,</strong></span> <span class='ocrx_word' id='word_1_216' title='bbox 1506 2534 1666 2588; x_wconf 71' lang='lat' dir='ltr'><strong>tardio</strong></span> <span class='ocrx_word' id='word_1_217' title='bbox 1694 2549 1757 2589; x_wconf 91' lang='lat' dir='ltr'><strong>ac</strong></span> <span class='ocrx_word' id='word_1_218' title='bbox 1786 2534 2033 2587; x_wconf 73' lang='lat' dir='ltr'><strong>molestia</strong></span> 
     </span>
    </p>
   </div>
   <div class='ocr_carea' id='block_1_33' title="bbox 450 2626 2034 2696">
    <p class='ocr_par' dir='ltr' id='par_1_33' title="bbox 450 2626 2034 2696">
     <span class='ocr_line' id='line_1_33' title="bbox 450 2626 2034 2696; baseline 0.001 -19"><span class='ocrx_word' id='word_1_219' title='bbox 450 2632 806 2692; x_wconf 80' lang='lat' dir='ltr'><strong>expugnatus,</strong></span> <span class='ocrx_word' id='word_1_220' title='bbox 827 2626 1108 2694; x_wconf 82' lang='lat' dir='ltr'><strong>pecuniam</strong></span> <span class='ocrx_word' id='word_1_221' title='bbox 1132 2626 1568 2696; x_wconf 87' lang='lat' dir='ltr'><strong>projiciat,quam</strong></span> <span class='ocrx_word' id='word_1_222' title='bbox 1597 2628 1777 2687; x_wconf 85' lang='lat' dir='ltr'><strong>habet.</strong></span> <span class='ocrx_word' id='word_1_223' title='bbox 1797 2638 1852 2679; x_wconf 79' lang='lat' dir='ltr'><strong>et</strong></span> <span class='ocrx_word' id='word_1_224' title='bbox 1867 2642 2034 2694; x_wconf 89' lang='lat' dir='ltr'><strong>quam</strong></span> 
     </span>
    </p>
   </div>
   <div class='ocr_carea' id='block_1_34' title="bbox 454 2716 2035 2788">
    <p class='ocr_par' dir='ltr' id='par_1_34' title="bbox 454 2716 2035 2788">
     <span class='ocr_line' id='line_1_34' title="bbox 454 2716 2035 2788; baseline 0.003 -21"><span class='ocrx_word' id='word_1_225' title='bbox 454 2730 560 2768; x_wconf 86' lang='lat' dir='ltr'><strong>non</strong></span> <span class='ocrx_word' id='word_1_226' title='bbox 616 2716 1162 2785; x_wconf 85' lang='lat' dir='ltr'><strong>babet.Vicissimque</strong></span> <span class='ocrx_word' id='word_1_227' title='bbox 1217 2719 1305 2772; x_wconf 82' lang='lat' dir='ltr'><strong>alii</strong></span> <span class='ocrx_word' id='word_1_228' title='bbox 1359 2718 1492 2773; x_wconf 87' lang='lat' dir='ltr'><strong>alias</strong></span> <span class='ocrx_word' id='word_1_229' title='bbox 1541 2718 1782 2788; x_wconf 86' lang='lat' dir='ltr'><strong>aliasque</strong></span> <span class='ocrx_word' id='word_1_230' title='bbox 1835 2720 2035 2772; x_wconf 87' lang='lat' dir='ltr'><strong>adeunt</strong></span> 
     </span>
    </p>
   </div>
   <div class='ocr_carea' id='block_1_35' title="bbox 456 2802 2038 2876">
    <p class='ocr_par' dir='ltr' id='par_1_35' title="bbox 456 2802 2038 2876">
     <span class='ocr_line' id='line_1_35' title="bbox 456 2802 2038 2876; baseline 0.002 -19"><span class='ocrx_word' id='word_1_231' title='bbox 456 2802 623 2869; x_wconf 79' lang='lat' dir='ltr'><strong>fores,</strong></span> <span class='ocrx_word' id='word_1_232' title='bbox 683 2821 783 2860; x_wconf 89' lang='lat' dir='ltr'><strong>nec</strong></span> <span class='ocrx_word' id='word_1_233' title='bbox 818 2807 922 2860; x_wconf 90' lang='lat' dir='ltr'><strong>ulla</strong></span> <span class='ocrx_word' id='word_1_234' title='bbox 955 2815 1079 2861; x_wconf 89' lang='lat' dir='ltr'><strong>ante</strong></span> <span class='ocrx_word' id='word_1_235' title='bbox 1116 2822 1294 2861; x_wconf 83' lang='lat' dir='ltr'><strong>seram</strong></span> <span class='ocrx_word' id='word_1_236' title='bbox 1362 2822 1642 2876; x_wconf 75' lang='lat' dir='ltr'><strong>vesperam</strong></span> <span class='ocrx_word' id='word_1_237' title='bbox 1685 2808 1810 2862; x_wconf 88' lang='lat' dir='ltr'><strong>mali</strong></span> <span class='ocrx_word' id='word_1_238' title='bbox 1849 2808 2038 2860; x_wconf 85' lang='lat' dir='ltr'><strong>remis-</strong></span> 
     </span>
    </p>
   </div>
   <div class='ocr_carea' id='block_1_36' title="bbox 2127 977 3705 1052">
    <p class='ocr_par' dir='ltr' id='par_1_36' title="bbox 2127 977 3705 1052">
     <span class='ocr_line' id='line_1_36' title="bbox 2127 977 3705 1052; baseline -0.007 -11"><span class='ocrx_word' id='word_1_239' title='bbox 2127 986 2284 1042; x_wconf 90' lang='grc' dir='ltr'>τοῦτο</span> <span class='ocrx_word' id='word_1_240' title='bbox 2332 986 2428 1040; x_wconf 89' lang='grc' dir='ltr'><strong>νῦν</strong></span> <span class='ocrx_word' id='word_1_241' title='bbox 2474 978 2819 1038; x_wconf 74' lang='grc' dir='ltr'>ἐστιν’ἱδεῖν.</span> <span class='ocrx_word' id='word_1_242' title='bbox 2867 982 2980 1035; x_wconf 75' lang='grc' dir='ltr'>Καὶ</span> <span class='ocrx_word' id='word_1_243' title='bbox 3024 980 3134 1052; x_wconf 81' lang='grc' dir='ltr'>γὰρ</span> <span class='ocrx_word' id='word_1_244' title='bbox 3162 981 3281 1033; x_wconf 73' lang='grc' dir='ltr'>ἐκεῖ</span> <span class='ocrx_word' id='word_1_245' title='bbox 3328 978 3525 1043; x_wconf 81' lang='grc' dir='ltr'>λεπτὸς</span> <span class='ocrx_word' id='word_1_246' title='bbox 3566 977 3705 1049; x_wconf 56' lang='lat' dir='ltr'><strong>pace</strong></span> 
     </span>
    </p>
   </div>
   <div class='ocr_carea' id='block_1_37' title="bbox 2127 1068 3705 1149">
    <p class='ocr_par' dir='ltr' id='par_1_37' title="bbox 2127 1068 3705 1149">
     <span class='ocr_line' id='line_1_37' title="bbox 2127 1068 3705 1149; baseline -0.006 -17"><span class='ocrx_word' id='word_1_247' title='bbox 2127 1077 2476 1149; x_wconf 75' lang='grc' dir='ltr'>ἀπορρεύσας</span> <span class='ocrx_word' id='word_1_248' title='bbox 2522 1078 2648 1138; x_wconf 80' lang='grc' dir='ltr'>τοὺς</span> <span class='ocrx_word' id='word_1_249' title='bbox 2684 1075 2830 1149; x_wconf 72' lang='grc' dir='ltr'>ῥοῦς,</span> <span class='ocrx_word' id='word_1_250' title='bbox 2879 1073 2958 1145; x_wconf 81' lang='grc' dir='ltr'>τῷ</span> <span class='ocrx_word' id='word_1_251' title='bbox 3001 1074 3119 1144; x_wconf 78' lang='grc' dir='ltr'>μετ’</span> <span class='ocrx_word' id='word_1_252' title='bbox 3161 1071 3325 1125; x_wconf 80' lang='grc' dir='ltr'>αὑτὸν</span> <span class='ocrx_word' id='word_1_253' title='bbox 3364 1071 3459 1124; x_wconf 56' lang='grc' dir='ltr'><strong>καὶ⁵</strong></span> <span class='ocrx_word' id='word_1_254' title='bbox 3498 1068 3705 1141; x_wconf 77' lang='grc' dir='ltr'>μείζονι</span> 
     </span>
    </p>
   </div>
   <div class='ocr_carea' id='block_1_38' title="bbox 2131 1159 3709 1237">
    <p class='ocr_par' dir='ltr' id='par_1_38' title="bbox 2131 1159 3709 1237">
     <span class='ocr_line' id='line_1_38' title="bbox 2131 1159 3709 1237; baseline -0.004 -18"><span class='ocrx_word' id='word_1_255' title='bbox 2131 1167 2387 1237; x_wconf 79' lang='grc' dir='ltr'>μίγνυται</span> <span class='ocrx_word' id='word_1_256' title='bbox 2408 1184 2420 1198; x_wconf 89' lang='grc'><strong>·</strong></span> <span class='ocrx_word' id='word_1_257' title='bbox 2453 1167 2701 1230; x_wconf 82' lang='grc' dir='ltr'>κάκεῖνος</span> <span class='ocrx_word' id='word_1_258' title='bbox 2726 1165 3062 1218; x_wconf 85' lang='grc' dir='ltr'>καλύπτεται</span> <span class='ocrx_word' id='word_1_259' title='bbox 3086 1162 3246 1216; x_wconf 88' lang='grc' dir='ltr'>πάλιν</span> <span class='ocrx_word' id='word_1_260' title='bbox 3273 1160 3421 1233; x_wconf 86' lang='grc' dir='ltr'><strong>παρά</strong></span> <span class='ocrx_word' id='word_1_261' title='bbox 3446 1159 3543 1214; x_wconf 90' lang='grc' dir='ltr'><strong>τοῦ</strong></span> <span class='ocrx_word' id='word_1_262' title='bbox 3572 1160 3709 1231; x_wconf 81' lang='grc' dir='ltr'>μᾶλ-</span> 
     </span>
    </p>
   </div>
   <div class='ocr_carea' id='block_1_39' title="bbox 2128 1251 3708 1327">
    <p class='ocr_par' dir='ltr' id='par_1_39' title="bbox 2128 1251 3708 1327">
     <span class='ocr_line' id='line_1_39' title="bbox 2128 1251 3708 1327; baseline -0.004 -17"><span class='ocrx_word' id='word_1_263' title='bbox 2128 1257 2219 1310; x_wconf 83' lang='grc' dir='ltr'><strong>λον</strong></span> <span class='ocrx_word' id='word_1_264' title='bbox 2264 1256 2752 1327; x_wconf 83' lang='grc' dir='ltr'>πλημμυροῦντος·</span> <span class='ocrx_word' id='word_1_265' title='bbox 2794 1256 2889 1309; x_wconf 76' lang='grc' dir='ltr'><strong>καὶ</strong></span> <span class='ocrx_word' id='word_1_266' title='bbox 2925 1253 3098 1309; x_wconf 75' lang='grc' dir='ltr'>πολλὰ</span> <span class='ocrx_word' id='word_1_267' title='bbox 3135 1253 3434 1324; x_wconf 87' lang='grc' dir='ltr'>λεπτότερα</span> <span class='ocrx_word' id='word_1_268' title='bbox 3461 1251 3708 1325; x_wconf 76' lang='grc' dir='ltr'><strong>ῥεύματα</strong></span> 
     </span>
    </p>
   </div>
   <div class='ocr_carea' id='block_1_40' title="bbox 2129 1344 3704 1418">
    <p class='ocr_par' dir='ltr' id='par_1_40' title="bbox 2129 1344 3704 1418">
     <span class='ocr_line' id='line_1_40' title="bbox 2129 1344 3704 1418; baseline -0.003 -18"><span class='ocrx_word' id='word_1_269' title='bbox 2129 1346 2503 1418; x_wconf 83' lang='grc' dir='ltr'>ἀθροισθέντα,</span> <span class='ocrx_word' id='word_1_270' title='bbox 2540 1345 2786 1417; x_wconf 87' lang='grc' dir='ltr'>ποταμοῦ</span> <span class='ocrx_word' id='word_1_271' title='bbox 2825 1344 3065 1414; x_wconf 79' lang='grc' dir='ltr'>γείτονος</span> <span class='ocrx_word' id='word_1_272' title='bbox 3104 1344 3394 1416; x_wconf 79' lang='grc' dir='ltr'>προσθήκη</span> <span class='ocrx_word' id='word_1_273' title='bbox 3435 1345 3704 1413; x_wconf 89' lang='grc' dir='ltr'>γίνονται·</span> 
     </span>
    </p>
   </div>
   <div class='ocr_carea' id='block_1_41' title="bbox 2128 1432 3707 1509">
    <p class='ocr_par' dir='ltr' id='par_1_41' title="bbox 2128 1432 3707 1509">
     <span class='ocr_line' id='line_1_41' title="bbox 2128 1432 3707 1509; baseline -0.003 -18"><span class='ocrx_word' id='word_1_274' title='bbox 2128 1432 2283 1501; x_wconf 75' lang='grc' dir='ltr'>οὗτος</span> <span class='ocrx_word' id='word_1_275' title='bbox 2312 1436 2475 1491; x_wconf 88' lang='grc' dir='ltr'>πάλιν</span> <span class='ocrx_word' id='word_1_276' title='bbox 2523 1437 2712 1509; x_wconf 80' lang='grc' dir='ltr'>ἑτέρου</span> <span class='ocrx_word' id='word_1_277' title='bbox 2742 1436 2837 1491; x_wconf 88' lang='grc' dir='ltr'><strong>τοῦ</strong></span> <span class='ocrx_word' id='word_1_278' title='bbox 2874 1434 3144 1509; x_wconf 76' lang='grc' dir='ltr'>μείζονος,</span> <span class='ocrx_word' id='word_1_279' title='bbox 3189 1437 3285 1489; x_wconf 79' lang='grc' dir='ltr'>καὶ</span> <span class='ocrx_word' id='word_1_280' title='bbox 3330 1435 3489 1499; x_wconf 79' lang='grc' dir='ltr'>ἄλλος</span> <span class='ocrx_word' id='word_1_281' title='bbox 3521 1434 3707 1499; x_wconf 78' lang='grc' dir='ltr'>ἄλλου,</span> 
     </span>
    </p>
   </div>
   <div class='ocr_carea' id='block_1_42' title="bbox 2134 1524 3712 1600">
    <p class='ocr_par' dir='ltr' id='par_1_42' title="bbox 2134 1524 3712 1600">
     <span class='ocr_line' id='line_1_42' title="bbox 2134 1524 3712 1600; baseline -0.002 -19"><span class='ocrx_word' id='word_1_282' title='bbox 2134 1529 2327 1600; x_wconf 78' lang='grc' dir='ltr'>μέχρις</span> <span class='ocrx_word' id='word_1_283' title='bbox 2357 1527 2424 1582; x_wconf 82' lang='grc' dir='ltr'><strong>ἂν</strong></span> <span class='ocrx_word' id='word_1_284' title='bbox 2466 1530 2496 1581; x_wconf 86' lang='grc' dir='ltr'><strong>ὀ</strong></span> <span class='ocrx_word' id='word_1_285' title='bbox 2525 1528 2835 1592; x_wconf 85' lang='grc' dir='ltr'>τελευταῖος</span> <span class='ocrx_word' id='word_1_286' title='bbox 2866 1526 2944 1598; x_wconf 85' lang='grc' dir='ltr'><strong>τῷ</strong></span> <span class='ocrx_word' id='word_1_287' title='bbox 2975 1526 3126 1597; x_wconf 80' lang='grc' dir='ltr'>βάθει</span> <span class='ocrx_word' id='word_1_288' title='bbox 3169 1527 3263 1581; x_wconf 76' lang='grc' dir='ltr'><strong>καὶ</strong></span> <span class='ocrx_word' id='word_1_289' title='bbox 3287 1525 3364 1597; x_wconf 84' lang='grc' dir='ltr'>τῷ</span> <span class='ocrx_word' id='word_1_290' title='bbox 3394 1524 3584 1579; x_wconf 87' lang='grc' dir='ltr'>πλάτει</span> <span class='ocrx_word' id='word_1_291' title='bbox 3611 1525 3712 1595; x_wconf 86' lang='grc' dir='ltr'>τῆς</span> 
     </span>
    </p>
   </div>
   <div class='ocr_carea' id='block_1_43' title="bbox 2133 1615 3713 1692">
    <p class='ocr_par' dir='ltr' id='par_1_43' title="bbox 2133 1615 3713 1692">
     <span class='ocr_line' id='line_1_43' title="bbox 2133 1615 3713 1692; baseline -0.003 -20"><span class='ocrx_word' id='word_1_292' title='bbox 2133 1618 2409 1690; x_wconf 79' lang='grc' dir='ltr'>Θαλάσσης</span> <span class='ocrx_word' id='word_1_293' title='bbox 2431 1619 2808 1692; x_wconf 78' lang='grc' dir='ltr'>ὲγκαθορμίσῃ</span> <span class='ocrx_word' id='word_1_294' title='bbox 2830 1619 2892 1672; x_wconf 74' lang='grc' dir='ltr'>τὸ</span> <span class='ocrx_word' id='word_1_295' title='bbox 2916 1618 3081 1689; x_wconf 78' lang='grc' dir='ltr'>ὕδωρ.</span> <span class='ocrx_word' id='word_1_296' title='bbox 3121 1617 3316 1689; x_wconf 81' lang='grc' dir='ltr'>Ἐορτὴ</span> <span class='ocrx_word' id='word_1_297' title='bbox 3337 1615 3477 1687; x_wconf 77' lang='grc' dir='ltr'>αὕτη</span> <span class='ocrx_word' id='word_1_298' title='bbox 3503 1615 3713 1686; x_wconf 81' lang='grc' dir='ltr'>ψευδώ-</span> 
     </span>
    </p>
   </div>
   <div class='ocr_carea' id='block_1_44' title="bbox 2131 1708 3712 1782">
    <p class='ocr_par' dir='ltr' id='par_1_44' title="bbox 2131 1708 3712 1782">
     <span class='ocr_line' id='line_1_44' title="bbox 2131 1708 3712 1782; baseline -0.003 -18"><span class='ocrx_word' id='word_1_299' title='bbox 2131 1728 2319 1781; x_wconf 83' lang='grc' dir='ltr'>νυμος,</span> <span class='ocrx_word' id='word_1_300' title='bbox 2353 1711 2649 1781; x_wconf 78' lang='grc' dir='ltr'>ἐπαχθείας</span> <span class='ocrx_word' id='word_1_301' title='bbox 2683 1711 2929 1782; x_wconf 72' lang='grc' dir='ltr'>γέμουσα</span> <span class='ocrx_word' id='word_1_302' title='bbox 2949 1727 2963 1740; x_wconf 90' lang='grc'><strong>·</strong></span> <span class='ocrx_word' id='word_1_303' title='bbox 2992 1710 3086 1765; x_wconf 83' lang='grc' dir='ltr'>καὶ</span> <span class='ocrx_word' id='word_1_304' title='bbox 3114 1709 3225 1781; x_wconf 82' lang='grc' dir='ltr'>γὰρ</span> <span class='ocrx_word' id='word_1_305' title='bbox 3253 1710 3285 1779; x_wconf 86' lang='grc' dir='ltr'>ἡ</span> <span class='ocrx_word' id='word_1_306' title='bbox 3320 1708 3545 1780; x_wconf 80' lang='grc' dir='ltr'>πρόοδος</span> <span class='ocrx_word' id='word_1_307' title='bbox 3599 1709 3712 1761; x_wconf 73' lang='grc' dir='ltr'>ἒπ-</span> 
     </span>
    </p>
   </div>
   <div class='ocr_carea' id='block_1_45' title="bbox 2065 1782 3713 1873">
    <p class='ocr_par' dir='ltr' id='par_1_45' title="bbox 2065 1782 3713 1873">
     <span class='ocr_line' id='line_1_45' title="bbox 2065 1782 3713 1873; baseline -0.001 -20"><span class='ocrx_word' id='word_1_308' title='bbox 2065 1782 2103 1839; x_wconf 66' lang='lat'><strong><em>“</em></strong></span> <span class='ocrx_word' id='word_1_309' title='bbox 2132 1802 2328 1871; x_wconf 77' lang='grc' dir='ltr'>αχθὴς,</span> <span class='ocrx_word' id='word_1_310' title='bbox 2369 1803 2465 1855; x_wconf 62' lang='grc' dir='ltr'><strong>καὶ</strong></span> <span class='ocrx_word' id='word_1_311' title='bbox 2507 1803 2540 1872; x_wconf 90' lang='grc' dir='ltr'>ἡ</span> <span class='ocrx_word' id='word_1_312' title='bbox 2585 1801 2731 1855; x_wconf 79' lang='grc' dir='ltr'>ἔνδον</span> <span class='ocrx_word' id='word_1_313' title='bbox 2768 1800 2902 1873; x_wconf 84' lang='grc' dir='ltr'>μονὴ</span> <span class='ocrx_word' id='word_1_314' title='bbox 2923 1800 3023 1854; x_wconf 81' lang='grc' dir='ltr'><strong>οὐκ</strong></span> <span class='ocrx_word' id='word_1_315' title='bbox 3059 1800 3429 1871; x_wconf 85' lang='grc' dir='ltr'>ἀνενόχλητος.</span> <span class='ocrx_word' id='word_1_316' title='bbox 3472 1799 3713 1870; x_wconf 78' lang='grc' dir='ltr'>Δημόται</span> 
     </span>
    </p>
   </div>
   <div class='ocr_carea' id='block_1_46' title="bbox 2133 1891 3713 1966">
    <p class='ocr_par' dir='ltr' id='par_1_46' title="bbox 2133 1891 3713 1966">
     <span class='ocr_line' id='line_1_46' title="bbox 2133 1891 3713 1966; baseline -0.001 -21"><span class='ocrx_word' id='word_1_317' title='bbox 2133 1892 2244 1964; x_wconf 72' lang='grc' dir='ltr'><strong>γάρ</strong></span> <span class='ocrx_word' id='word_1_318' title='bbox 2269 1891 2525 1966; x_wconf 78' lang='grc' dir='ltr'>ἀγύρται,</span> <span class='ocrx_word' id='word_1_319' title='bbox 2551 1894 2644 1948; x_wconf 62' lang='grc' dir='ltr'><strong>καὶ¹</strong></span> <span class='ocrx_word' id='word_1_320' title='bbox 2674 1894 2723 1947; x_wconf 74' lang='lat' dir='ltr'><strong>oi</strong></span> <span class='ocrx_word' id='word_1_321' title='bbox 2744 1893 2844 1963; x_wconf 81' lang='grc' dir='ltr'>τῆς</span> <span class='ocrx_word' id='word_1_322' title='bbox 2863 1892 3173 1964; x_wconf 82' lang='grc' dir='ltr'>ὀρχήστρας</span> <span class='ocrx_word' id='word_1_323' title='bbox 3199 1891 3611 1962; x_wconf 82' lang='grc' dir='ltr'>θαυματοποιοὶ,</span> <span class='ocrx_word' id='word_1_324' title='bbox 3634 1892 3713 1961; x_wconf 76' lang='grc' dir='ltr'><strong>εἰς</strong></span> 
     </span>
    </p>
   </div>
   <div class='ocr_carea' id='block_1_47' title="bbox 2135 1983 3712 2057">
    <p class='ocr_par' dir='ltr' id='par_1_47' title="bbox 2135 1983 3712 2057">
     <span class='ocr_line' id='line_1_47' title="bbox 2135 1983 3712 2057; baseline -0.001 -20"><span class='ocrx_word' id='word_1_325' title='bbox 2135 1985 2320 2051; x_wconf 76' lang='grc' dir='ltr'>τάξεις</span> <span class='ocrx_word' id='word_1_326' title='bbox 2376 1984 2473 2039; x_wconf 75' lang='grc' dir='ltr'>καὶ</span> <span class='ocrx_word' id='word_1_327' title='bbox 2535 1986 2856 2057; x_wconf 84' lang='grc' dir='ltr'>συστήματα</span> <span class='ocrx_word' id='word_1_328' title='bbox 2910 1985 3140 2048; x_wconf 77' lang='grc' dir='ltr'>ἑαυτοὺς</span> <span class='ocrx_word' id='word_1_329' title='bbox 3207 1983 3712 2056; x_wconf 72' lang='grc' dir='ltr'>καταμερίσαντες,</span> 
     </span>
    </p>
   </div>
   <div class='ocr_carea' id='block_1_48' title="bbox 2137 2073 3716 2149">
    <p class='ocr_par' dir='ltr' id='par_1_48' title="bbox 2137 2073 3716 2149">
     <span class='ocr_line' id='line_1_48' title="bbox 2137 2073 3716 2149; baseline -0.002 -19"><span class='ocrx_word' id='word_1_330' title='bbox 2137 2076 2377 2147; x_wconf 78' lang='grc' dir='ltr'>ἑκάστην</span> <span class='ocrx_word' id='word_1_331' title='bbox 2408 2077 2587 2131; x_wconf 78' lang='grc' dir='ltr'>οἰκίαν</span> <span class='ocrx_word' id='word_1_332' title='bbox 2610 2077 2911 2149; x_wconf 88' lang='grc' dir='ltr'>διοχλοῦσιν</span> <span class='ocrx_word' id='word_1_333' title='bbox 2932 2093 2947 2109; x_wconf 77' lang='grc' dir='ltr'><strong>ο</strong></span> <span class='ocrx_word' id='word_1_334' title='bbox 2972 2079 3066 2132; x_wconf 82' lang='grc' dir='ltr'>καὶ</span> <span class='ocrx_word' id='word_1_335' title='bbox 3093 2077 3251 2149; x_wconf 81' lang='grc' dir='ltr'>δῆθεν</span> <span class='ocrx_word' id='word_1_336' title='bbox 3284 2076 3382 2147; x_wconf 83' lang='grc' dir='ltr'><strong>μὲν</strong></span> <span class='ocrx_word' id='word_1_337' title='bbox 3406 2073 3716 2147; x_wconf 78' lang='grc' dir='ltr'>εὐφημοῦσι</span> 
     </span>
    </p>
   </div>
   <div class='ocr_carea' id='block_1_49' title="bbox 2131 2167 3715 2242">
    <p class='ocr_par' dir='ltr' id='par_1_49' title="bbox 2131 2167 3715 2242">
     <span class='ocr_line' id='line_1_49' title="bbox 2131 2167 3715 2242; baseline -0.001 -20"><span class='ocrx_word' id='word_1_338' title='bbox 2131 2169 2226 2222; x_wconf 80' lang='grc' dir='ltr'>καὶ</span> <span class='ocrx_word' id='word_1_339' title='bbox 2267 2168 2676 2240; x_wconf 83' lang='grc' dir='ltr'>ὲπικροτοῦσιν,</span> <span class='ocrx_word' id='word_1_340' title='bbox 2715 2169 2932 2241; x_wconf 83' lang='grc' dir='ltr'>μένουσι</span> <span class='ocrx_word' id='word_1_341' title='bbox 2971 2170 3029 2223; x_wconf 82' lang='grc' dir='ltr'>δὲ</span> <span class='ocrx_word' id='word_1_342' title='bbox 3062 2169 3199 2242; x_wconf 82' lang='grc' dir='ltr'>πρὸς</span> <span class='ocrx_word' id='word_1_343' title='bbox 3231 2172 3352 2232; x_wconf 79' lang='grc' dir='ltr'>ταῖς</span> <span class='ocrx_word' id='word_1_344' title='bbox 3379 2167 3575 2231; x_wconf 85' lang='grc' dir='ltr'>πύλαις</span> <span class='ocrx_word' id='word_1_345' title='bbox 3605 2168 3715 2221; x_wconf 86' lang='grc' dir='ltr'><strong>τῶν</strong></span> 
     </span>
    </p>
   </div>
   <div class='ocr_carea' id='block_1_50' title="bbox 2134 2258 3717 2332">
    <p class='ocr_par' dir='ltr' id='par_1_50' title="bbox 2134 2258 3717 2332">
     <span class='ocr_line' id='line_1_50' title="bbox 2134 2258 3717 2332; baseline -0.001 -19"><span class='ocrx_word' id='word_1_346' title='bbox 2134 2263 2467 2332; x_wconf 85' lang='grc' dir='ltr'>πρακτήρων</span> <span class='ocrx_word' id='word_1_347' title='bbox 2512 2259 2909 2332; x_wconf 82' lang='grc' dir='ltr'>εὐτονώτερον,</span> <span class='ocrx_word' id='word_1_348' title='bbox 2946 2260 3140 2331; x_wconf 83' lang='grc' dir='ltr'>μέχρις</span> <span class='ocrx_word' id='word_1_349' title='bbox 3171 2259 3238 2314; x_wconf 86' lang='grc' dir='ltr'>ἂν</span> <span class='ocrx_word' id='word_1_350' title='bbox 3266 2258 3654 2322; x_wconf 80' lang='grc' dir='ltr'>ἀποκναισθεὶς</span> <span class='ocrx_word' id='word_1_351' title='bbox 3684 2259 3717 2311; x_wconf 77' lang='grc' dir='ltr'><strong>ὀ</strong></span> 
     </span>
    </p>
   </div>
   <div class='ocr_carea' id='block_1_51' title="bbox 2131 2351 3718 2428">
    <p class='ocr_par' dir='ltr' id='par_1_51' title="bbox 2131 2351 3718 2428">
     <span class='ocr_line' id='line_1_51' title="bbox 2131 2351 3718 2428; baseline -0.001 -21"><span class='ocrx_word' id='word_1_352' title='bbox 2131 2354 2275 2409; x_wconf 76' lang='grc' dir='ltr'>ἔνδον</span> <span class='ocrx_word' id='word_1_353' title='bbox 2323 2354 2819 2428; x_wconf 79' lang='grc' dir='ltr'>πολιορκούμενος,</span> <span class='ocrx_word' id='word_1_354' title='bbox 2873 2355 3108 2427; x_wconf 81' lang='grc' dir='ltr'>προῆται</span> <span class='ocrx_word' id='word_1_355' title='bbox 3159 2352 3222 2406; x_wconf 77' lang='grc' dir='ltr'>τὸ</span> <span class='ocrx_word' id='word_1_356' title='bbox 3264 2351 3529 2426; x_wconf 84' lang='grc' dir='ltr'>ἀργύριον</span> <span class='ocrx_word' id='word_1_357' title='bbox 3574 2352 3718 2422; x_wconf 78' lang='grc' dir='ltr'>ὅπερ</span> 
     </span>
    </p>
   </div>
   <div class='ocr_carea' id='block_1_52' title="bbox 2139 2444 3719 2518">
    <p class='ocr_par' dir='ltr' id='par_1_52' title="bbox 2139 2444 3719 2518">
     <span class='ocr_line' id='line_1_52' title="bbox 2139 2444 3719 2518; baseline -0.003 -18"><span class='ocrx_word' id='word_1_358' title='bbox 2139 2447 2275 2518; x_wconf 74' lang='grc' dir='ltr'>ἔχει,</span> <span class='ocrx_word' id='word_1_359' title='bbox 2312 2449 2404 2502; x_wconf 72' lang='grc' dir='ltr'>καὶ</span> <span class='ocrx_word' id='word_1_360' title='bbox 2444 2447 2473 2501; x_wconf 84' lang='grc' dir='ltr'><strong>ὃ</strong></span> <span class='ocrx_word' id='word_1_361' title='bbox 2505 2448 2567 2500; x_wconf 88' lang='grc' dir='ltr'><strong>ού</strong></span> <span class='ocrx_word' id='word_1_362' title='bbox 2620 2447 2905 2518; x_wconf 83' lang='grc' dir='ltr'>κέκτηται.</span> <span class='ocrx_word' id='word_1_363' title='bbox 2947 2445 3268 2517; x_wconf 76' lang='grc' dir='ltr'>’Δμοιϐαδὸν</span> <span class='ocrx_word' id='word_1_364' title='bbox 3308 2446 3367 2499; x_wconf 82' lang='grc' dir='ltr'><strong>δὲ</strong></span> <span class='ocrx_word' id='word_1_365' title='bbox 3400 2444 3719 2516; x_wconf 84' lang='grc' dir='ltr'>προσιόντες</span> 
     </span>
    </p>
   </div>
   <div class='ocr_carea' id='block_1_53' title="bbox 2139 2535 3718 2610">
    <p class='ocr_par' dir='ltr' id='par_1_53' title="bbox 2139 2535 3718 2610">
     <span class='ocr_line' id='line_1_53' title="bbox 2139 2535 3718 2610; baseline -0.004 -17"><span class='ocrx_word' id='word_1_366' title='bbox 2139 2541 2258 2603; x_wconf 88' lang='grc' dir='ltr'>ταῖς</span> <span class='ocrx_word' id='word_1_367' title='bbox 2280 2538 2500 2610; x_wconf 86' lang='grc' dir='ltr'>θύραις.</span> <span class='ocrx_word' id='word_1_368' title='bbox 2522 2539 2784 2610; x_wconf 80' lang='grc' dir='ltr'>ἀλλήλους</span> <span class='ocrx_word' id='word_1_369' title='bbox 2811 2539 3168 2609; x_wconf 75' lang='grc' dir='ltr'>διαδέχονται,</span> <span class='ocrx_word' id='word_1_370' title='bbox 3191 2537 3287 2592; x_wconf 75' lang='grc' dir='ltr'><strong>καὶ</strong></span> <span class='ocrx_word' id='word_1_371' title='bbox 3317 2536 3508 2608; x_wconf 85' lang='grc' dir='ltr'>μέχρις</span> <span class='ocrx_word' id='word_1_372' title='bbox 3533 2535 3718 2605; x_wconf 79' lang='grc' dir='ltr'>δείλης</span> 
     </span>
    </p>
   </div>
   <div class='ocr_carea' id='block_1_54' title="bbox 2139 2627 3720 2699">
    <p class='ocr_par' dir='ltr' id='par_1_54' title="bbox 2139 2627 3720 2699">
     <span class='ocr_line' id='line_1_54' title="bbox 2139 2627 3720 2699; baseline 0.001 -18"><span class='ocrx_word' id='word_1_373' title='bbox 2139 2629 2300 2699; x_wconf 73' lang='grc' dir='ltr'>ὀψίας</span> <span class='ocrx_word' id='word_1_374' title='bbox 2329 2630 2518 2693; x_wconf 81' lang='grc' dir='ltr'>ἄνεσις</span> <span class='ocrx_word' id='word_1_375' title='bbox 2547 2631 2647 2686; x_wconf 84' lang='grc' dir='ltr'><strong>οὐκ</strong></span> <span class='ocrx_word' id='word_1_376' title='bbox 2676 2630 2822 2685; x_wconf 79' lang='grc' dir='ltr'>ἔστιν</span> <span class='ocrx_word' id='word_1_377' title='bbox 2846 2630 2940 2685; x_wconf 83' lang='grc' dir='ltr'><strong>τοῦ</strong></span> <span class='ocrx_word' id='word_1_378' title='bbox 2971 2630 3173 2684; x_wconf 80' lang='grc' dir='ltr'>κακοῦ’</span> <span class='ocrx_word' id='word_1_379' title='bbox 3214 2627 3351 2683; x_wconf 86' lang='grc' dir='ltr'><strong>άλλά</strong></span> <span class='ocrx_word' id='word_1_380' title='bbox 3383 2627 3586 2698; x_wconf 56' lang='grc' dir='ltr'>φατρία</span> <span class='ocrx_word' id='word_1_381' title='bbox 3616 2643 3720 2694; x_wconf 86' lang='grc' dir='ltr'>φα-</span> 
     </span>
    </p>
   </div>
   <div class='ocr_carea' id='block_1_55' title="bbox 2140 2716 3711 2792">
    <p class='ocr_par' dir='ltr' id='par_1_55' title="bbox 2140 2716 3711 2792">
     <span class='ocr_line' id='line_1_55' title="bbox 2140 2716 3711 2792; baseline 0.008 -21"><span class='ocrx_word' id='word_1_382' title='bbox 2140 2721 2300 2790; x_wconf 86' lang='grc' dir='ltr'>τρίαν</span> <span class='ocrx_word' id='word_1_383' title='bbox 2340 2720 2774 2792; x_wconf 85' lang='grc' dir='ltr'>καταλαμϐάνει,</span> <span class='ocrx_word' id='word_1_384' title='bbox 2823 2720 2920 2776; x_wconf 76' lang='grc' dir='ltr'><strong>καὶ</strong></span> <span class='ocrx_word' id='word_1_385' title='bbox 2957 2720 3054 2791; x_wconf 81' lang='grc' dir='ltr'><strong>βοὴ</strong></span> <span class='ocrx_word' id='word_1_386' title='bbox 3088 2719 3239 2792; x_wconf 80' lang='grc' dir='ltr'>βοὴν,</span> <span class='ocrx_word' id='word_1_387' title='bbox 3273 2718 3369 2773; x_wconf 73' lang='grc' dir='ltr'><strong>καὶ</strong></span> <span class='ocrx_word' id='word_1_388' title='bbox 3407 2717 3584 2789; x_wconf 75' lang='grc' dir='ltr'>ζημία</span> <span class='ocrx_word' id='word_1_389' title='bbox 3618 2716 3711 2788; x_wconf 58' lang='grc' dir='ltr'><strong>ἔνι’</strong></span> 
     </span>
    </p>
   </div>
   <div class='ocr_carea' id='block_1_56' title="bbox 2146 2808 2298 2879">
    <p class='ocr_par' dir='ltr' id='par_1_56' title="bbox 2146 2808 2298 2879">
     <span class='ocr_line' id='line_1_56' title="bbox 2146 2808 2298 2879; baseline -0.007 -19"><span class='ocrx_word' id='word_1_390' title='bbox 2146 2808 2298 2879; x_wconf 83' lang='grc' dir='ltr'>μίαν,</span> 
     </span>
    </p>
   </div>
   <div class='ocr_carea' id='block_1_57' title="bbox 452 2895 2763 2973">
    <p class='ocr_par' dir='ltr' id='par_1_57' title="bbox 452 2895 2763 2973">
     <span class='ocr_line' id='line_1_57' title="bbox 452 2895 2763 2973; baseline 0.003 -23"><span class='ocrx_word' id='word_1_391' title='bbox 452 2895 537 2951; x_wconf 82' lang='lat' dir='ltr'><strong>sio</strong></span> <span class='ocrx_word' id='word_1_392' title='bbox 585 2896 673 2950; x_wconf 91' lang='lat' dir='ltr'><strong>lit:</strong></span> <span class='ocrx_word' id='word_1_393' title='bbox 711 2899 838 2966; x_wconf 92' lang='lat' dir='ltr'><strong>quin</strong></span> <span class='ocrx_word' id='word_1_394' title='bbox 883 2908 1053 2952; x_wconf 88' lang='lat' dir='ltr'><strong>turma</strong></span> <span class='ocrx_word' id='word_1_395' title='bbox 1089 2905 1320 2952; x_wconf 90' lang='lat' dir='ltr'><strong>turmam</strong></span> <span class='ocrx_word' id='word_1_396' title='bbox 1350 2900 1546 2969; x_wconf 76' lang='lat' dir='ltr'><strong>excipit</strong></span> <span class='ocrx_word' id='word_1_397' title='bbox 1572 2941 1588 2966; x_wconf 89' lang='lat'><strong>,</strong></span> <span class='ocrx_word' id='word_1_398' title='bbox 1641 2901 1845 2954; x_wconf 89' lang='lat' dir='ltr'><strong>clamor</strong></span> <span class='ocrx_word' id='word_1_399' title='bbox 1881 2900 2197 2965; x_wconf 83' lang='lat' dir='ltr'><strong>clamorem,</strong></span> <span class='ocrx_word' id='word_1_400' title='bbox 2234 2902 2442 2970; x_wconf 85' lang='lat' dir='ltr'><strong>jactura</strong></span> <span class='ocrx_word' id='word_1_401' title='bbox 2475 2902 2763 2973; x_wconf 85' lang='lat' dir='ltr'><strong>jacturam.</strong></span> 
     </span>
    </p>
   </div>
   <div class='ocr_carea' id='block_1_58' title="bbox 529 3072 2032 3149">
    <p class='ocr_par' dir='ltr' id='par_1_58' title="bbox 529 3073 2032 3146">
     <span class='ocr_line' id='line_1_58' title="bbox 529 3073 2032 3146; baseline -0.002 -17"><span class='ocrx_word' id='word_1_402' title='bbox 529 3073 813 3146; x_wconf 80' lang='lat' dir='ltr'><strong>Egregium</strong></span> <span class='ocrx_word' id='word_1_403' title='bbox 839 3073 943 3129; x_wconf 85' lang='lat' dir='ltr'><strong>hoc</strong></span> <span class='ocrx_word' id='word_1_404' title='bbox 966 3073 1185 3141; x_wconf 80' lang='lat' dir='ltr'><strong>festum,</strong></span> <span class='ocrx_word' id='word_1_405' title='bbox 1232 3076 1357 3130; x_wconf 68' lang='lat' dir='ltr'><strong>reris</strong></span> <span class='ocrx_word' id='word_1_406' title='bbox 1410 3076 1569 3129; x_wconf 85' lang='lat' dir='ltr'><strong>alieni</strong></span> <span class='ocrx_word' id='word_1_407' title='bbox 1601 3090 1763 3131; x_wconf 84' lang='lat' dir='ltr'><strong>causa</strong></span> <span class='ocrx_word' id='word_1_408' title='bbox 1791 3091 1853 3130; x_wconf 78' lang='lat' dir='ltr'><strong>ac</strong></span> <span class='ocrx_word' id='word_1_409' title='bbox 1886 3075 2032 3129; x_wconf 81' lang='lat' dir='ltr'><strong>feno-</strong></span> 
     </span>
    </p>
   </div>
   <div class='ocr_carea' id='block_1_59' title="bbox 2136 3072 3722 3149">
    <p class='ocr_par' dir='ltr' id='par_1_59' title="bbox 2212 3072 3722 3149">
     <span class='ocr_line' id='line_1_59' title="bbox 2212 3072 3722 3149; baseline -0.001 -18"><span class='ocrx_word' id='word_1_410' title='bbox 2212 3076 2363 3149; x_wconf 84' lang='grc' dir='ltr'>Αῦτη</span> <span class='ocrx_word' id='word_1_411' title='bbox 2407 3080 2440 3148; x_wconf 85' lang='grc' dir='ltr'><strong>ή</strong></span> <span class='ocrx_word' id='word_1_412' title='bbox 2474 3076 2723 3148; x_wconf 82' lang='grc' dir='ltr'>βελτίστη</span> <span class='ocrx_word' id='word_1_413' title='bbox 2770 3074 2969 3148; x_wconf 80' lang='grc' dir='ltr'>ἑορτὴ,</span> <span class='ocrx_word' id='word_1_414' title='bbox 3016 3074 3111 3128; x_wconf 77' lang='grc' dir='ltr'><strong>καὶ</strong></span> <span class='ocrx_word' id='word_1_415' title='bbox 3149 3072 3526 3144; x_wconf 85' lang='grc' dir='ltr'>δανεισμάτων</span> <span class='ocrx_word' id='word_1_416' title='bbox 3569 3074 3722 3129; x_wconf 77' lang='grc' dir='ltr'>αἰτία</span> 
     </span>
    </p>
   </div>
   <div class='ocr_carea' id='block_1_60' title="bbox 458 3166 2033 3236">
    <p class='ocr_par' dir='ltr' id='par_1_60' title="bbox 458 3166 2033 3236">
     <span class='ocr_line' id='line_1_60' title="bbox 458 3166 2033 3236; baseline -0.001 -14"><span class='ocrx_word' id='word_1_417' title='bbox 458 3169 572 3224; x_wconf 86' lang='lat' dir='ltr'><strong>ris:</strong></span> <span class='ocrx_word' id='word_1_418' title='bbox 605 3168 935 3236; x_wconf 86' lang='lat' dir='ltr'><strong>paupertatis</strong></span> <span class='ocrx_word' id='word_1_419' title='bbox 991 3169 1227 3232; x_wconf 84' lang='lat' dir='ltr'><strong>occasio,</strong></span> <span class='ocrx_word' id='word_1_420' title='bbox 1266 3169 1605 3223; x_wconf 78' lang='lat' dir='ltr'><strong>miseriaruzn</strong></span> <span class='ocrx_word' id='word_1_421' title='bbox 1671 3169 1909 3222; x_wconf 82' lang='lat' dir='ltr'><strong>initium.</strong></span> <span class='ocrx_word' id='word_1_422' title='bbox 1973 3166 2033 3221; x_wconf 88' lang='lat' dir='ltr'><strong>Si</strong></span> 
     </span>
    </p>
   </div>
   <div class='ocr_carea' id='block_1_61' title="bbox 455 3257 2033 3330">
    <p class='ocr_par' dir='ltr' id='par_1_61' title="bbox 455 3257 2033 3330">
     <span class='ocr_line' id='line_1_61' title="bbox 455 3257 2033 3330; baseline -0.001 -20"><span class='ocrx_word' id='word_1_423' title='bbox 455 3257 583 3330; x_wconf 85' lang='lat' dir='ltr'><strong>quis</strong></span> <span class='ocrx_word' id='word_1_424' title='bbox 606 3260 675 3312; x_wconf 88' lang='lat' dir='ltr'><strong>ob</strong></span> <span class='ocrx_word' id='word_1_425' title='bbox 707 3258 1041 3312; x_wconf 79' lang='lat' dir='ltr'><strong>fortunarum</strong></span> <span class='ocrx_word' id='word_1_426' title='bbox 1103 3262 1420 3314; x_wconf 63' lang='lat' dir='ltr'><strong>tenuitatem</strong></span> <span class='ocrx_word' id='word_1_427' title='bbox 1487 3259 1644 3313; x_wconf 85' lang='lat' dir='ltr'><strong>tidem</strong></span> <span class='ocrx_word' id='word_1_428' title='bbox 1684 3276 1787 3313; x_wconf 84' lang='lat' dir='ltr'><strong>non</strong></span> <span class='ocrx_word' id='word_1_429' title='bbox 1819 3260 2033 3323; x_wconf 85' lang='lat' dir='ltr'><strong>habent,</strong></span> 
     </span>
    </p>
   </div>
   <div class='ocr_carea' id='block_1_62' title="bbox 455 3349 2037 3421">
    <p class='ocr_par' dir='ltr' id='par_1_62' title="bbox 455 3349 2037 3421">
     <span class='ocr_line' id='line_1_62' title="bbox 455 3349 2037 3421; baseline 0.002 -18"><span class='ocrx_word' id='word_1_430' title='bbox 455 3349 657 3421; x_wconf 89' lang='lat' dir='ltr'><strong>quique</strong></span> <span class='ocrx_word' id='word_1_431' title='bbox 697 3360 941 3404; x_wconf 88' lang='lat' dir='ltr'><strong>mutuum</strong></span> <span class='ocrx_word' id='word_1_432' title='bbox 980 3352 1091 3416; x_wconf 84' lang='lat' dir='ltr'><strong>det,</strong></span> <span class='ocrx_word' id='word_1_433' title='bbox 1120 3351 1359 3404; x_wconf 82' lang='lat' dir='ltr'><strong>inveniat</strong></span> <span class='ocrx_word' id='word_1_434' title='bbox 1390 3352 1684 3417; x_wconf 86' lang='lat' dir='ltr'><strong>neminem,</strong></span> <span class='ocrx_word' id='word_1_435' title='bbox 1720 3352 1952 3405; x_wconf 82' lang='lat' dir='ltr'><strong>trahitur</strong></span> <span class='ocrx_word' id='word_1_436' title='bbox 1975 3366 2037 3406; x_wconf 88' lang='lat' dir='ltr'><strong>ac</strong></span> 
     </span>
    </p>
   </div>
   <div class='ocr_carea' id='block_1_63' title="bbox 458 3442 2032 3511">
    <p class='ocr_par' dir='ltr' id='par_1_63' title="bbox 458 3442 2032 3511">
     <span class='ocr_line' id='line_1_63' title="bbox 458 3442 2032 3511; baseline 0.002 -17"><span class='ocrx_word' id='word_1_437' title='bbox 458 3452 707 3509; x_wconf 80' lang='lat' dir='ltr'><strong>vexatur,</strong></span> <span class='ocrx_word' id='word_1_438' title='bbox 738 3453 796 3495; x_wconf 88' lang='lat' dir='ltr'><strong>ut</strong></span> <span class='ocrx_word' id='word_1_439' title='bbox 828 3442 916 3496; x_wconf 90' lang='lat' dir='ltr'><strong>ille</strong></span> <span class='ocrx_word' id='word_1_440' title='bbox 946 3443 1035 3511; x_wconf 91' lang='lat' dir='ltr'><strong>qui</strong></span> <span class='ocrx_word' id='word_1_441' title='bbox 1074 3444 1191 3498; x_wconf 83' lang='lat' dir='ltr'><strong>foro</strong></span> <span class='ocrx_word' id='word_1_442' title='bbox 1218 3445 1439 3508; x_wconf 88' lang='lat' dir='ltr'><strong>cedens,</strong></span> <span class='ocrx_word' id='word_1_443' title='bbox 1485 3443 1674 3498; x_wconf 72' lang='lat' dir='ltr'><strong>iiscum</strong></span> <span class='ocrx_word' id='word_1_444' title='bbox 1708 3459 1771 3498; x_wconf 90' lang='lat' dir='ltr'><strong>ac</strong></span> <span class='ocrx_word' id='word_1_445' title='bbox 1795 3444 2032 3511; x_wconf 79' lang='lat' dir='ltr'><strong>vectiga-</strong></span> 
     </span>
    </p>
   </div>
   <div class='ocr_carea' id='block_1_64' title="bbox 460 3532 2040 3601">
    <p class='ocr_par' dir='ltr' id='par_1_64' title="bbox 460 3532 2040 3601">
     <span class='ocr_line' id='line_1_64' title="bbox 460 3532 2040 3601; baseline 0 -15"><span class='ocrx_word' id='word_1_446' title='bbox 460 3532 528 3587; x_wconf 90' lang='lat' dir='ltr'><strong>lia</strong></span> <span class='ocrx_word' id='word_1_447' title='bbox 555 3534 701 3601; x_wconf 80' lang='lat' dir='ltr'><strong>regia</strong></span> <span class='ocrx_word' id='word_1_448' title='bbox 727 3534 1000 3588; x_wconf 85' lang='lat' dir='ltr'><strong>deseruit:</strong></span> <span class='ocrx_word' id='word_1_449' title='bbox 1037 3535 1237 3599; x_wconf 85' lang='lat' dir='ltr'><strong>plorat,</strong></span> <span class='ocrx_word' id='word_1_450' title='bbox 1299 3533 1451 3601; x_wconf 88' lang='lat' dir='ltr'><strong>quasi</strong></span> <span class='ocrx_word' id='word_1_451' title='bbox 1493 3533 1758 3588; x_wconf 87' lang='lat' dir='ltr'><strong>bonorum</strong></span> <span class='ocrx_word' id='word_1_452' title='bbox 1809 3532 2040 3600; x_wconf 86' lang='lat' dir='ltr'><strong>proscri-</strong></span> 
     </span>
    </p>
   </div>
   <div class='ocr_carea' id='block_1_65' title="bbox 459 3623 2041 3692">
    <p class='ocr_par' dir='ltr' id='par_1_65' title="bbox 459 3623 2041 3692">
     <span class='ocr_line' id='line_1_65' title="bbox 459 3623 2041 3692; baseline -0.001 -14"><span class='ocrx_word' id='word_1_453' title='bbox 459 3623 644 3692; x_wconf 86' lang='lat' dir='ltr'><strong>ptione</strong></span> <span class='ocrx_word' id='word_1_454' title='bbox 670 3624 928 3678; x_wconf 88' lang='lat' dir='ltr'><strong>multetur</strong></span> <span class='ocrx_word' id='word_1_455' title='bbox 980 3642 993 3678; x_wconf 91' lang='lat'>:</span> <span class='ocrx_word' id='word_1_456' title='bbox 1029 3624 1373 3689; x_wconf 84' lang='lat' dir='ltr'><strong>lamentatur,</strong></span> <span class='ocrx_word' id='word_1_457' title='bbox 1405 3639 1470 3678; x_wconf 88' lang='lat' dir='ltr'><strong>ac</strong></span> <span class='ocrx_word' id='word_1_458' title='bbox 1501 3624 1547 3678; x_wconf 90' lang='lat' dir='ltr'><strong>si</strong></span> <span class='ocrx_word' id='word_1_459' title='bbox 1579 3624 1629 3678; x_wconf 91' lang='lat' dir='ltr'><strong>in</strong></span> <span class='ocrx_word' id='word_1_460' title='bbox 1651 3625 2041 3678; x_wconf 87' lang='lat' dir='ltr'><strong>lalronumma-</strong></span> 
     </span>
    </p>
   </div>
   <div class='ocr_carea' id='block_1_66' title="bbox 460 3714 2036 3786">
    <p class='ocr_par' dir='ltr' id='par_1_66' title="bbox 460 3714 2036 3786">
     <span class='ocr_line' id='line_1_66' title="bbox 460 3714 2036 3786; baseline 0.001 -17"><span class='ocrx_word' id='word_1_461' title='bbox 460 3730 563 3769; x_wconf 89' lang='lat' dir='ltr'><strong>nus</strong></span> <span class='ocrx_word' id='word_1_462' title='bbox 591 3714 847 3770; x_wconf 84' lang='lat' dir='ltr'><strong>inciderit</strong></span> <span class='ocrx_word' id='word_1_463' title='bbox 883 3732 898 3781; x_wconf 86' lang='lat'><strong>;</strong></span> <span class='ocrx_word' id='word_1_464' title='bbox 930 3716 1247 3781; x_wconf 79' lang='lat' dir='ltr'><strong>custoditur,</strong></span> <span class='ocrx_word' id='word_1_465' title='bbox 1276 3717 1616 3770; x_wconf 83' lang='lat' dir='ltr'><strong>verberatur.</strong></span> <span class='ocrx_word' id='word_1_466' title='bbox 1654 3716 1708 3770; x_wconf 91' lang='lat' dir='ltr'><strong>Si</strong></span> <span class='ocrx_word' id='word_1_467' title='bbox 1741 3716 2036 3786; x_wconf 72' lang='lat' dir='ltr'><strong>pauxillum</strong></span> 
     </span>
    </p>
   </div>
   <div class='ocr_carea' id='block_1_67' title="bbox 461 3806 2038 3879">
    <p class='ocr_par' dir='ltr' id='par_1_67' title="bbox 461 3806 2038 3879">
     <span class='ocr_line' id='line_1_67' title="bbox 461 3806 2038 3879; baseline 0.003 -19"><span class='ocrx_word' id='word_1_468' title='bbox 461 3806 665 3875; x_wconf 90' lang='lat' dir='ltr'><strong>aliquid</strong></span> <span class='ocrx_word' id='word_1_469' title='bbox 736 3808 789 3861; x_wconf 90' lang='lat' dir='ltr'><strong>in</strong></span> <span class='ocrx_word' id='word_1_470' title='bbox 824 3809 1079 3863; x_wconf 90' lang='lat' dir='ltr'><strong>alimenta</strong></span> <span class='ocrx_word' id='word_1_471' title='bbox 1111 3808 1357 3879; x_wconf 79' lang='lat' dir='ltr'><strong>conjugis</strong></span> <span class='ocrx_word' id='word_1_472' title='bbox 1382 3823 1451 3871; x_wconf 68' lang='lat' dir='ltr'><strong>ac</strong></span> <span class='ocrx_word' id='word_1_473' title='bbox 1490 3811 1811 3863; x_wconf 88' lang='lat' dir='ltr'><strong>miserorum</strong></span> <span class='ocrx_word' id='word_1_474' title='bbox 1842 3810 2038 3865; x_wconf 89' lang='lat' dir='ltr'><strong>libero-</strong></span> 
     </span>
    </p>
   </div>
   <div class='ocr_carea' id='block_1_68' title="bbox 463 3900 2036 3973">
    <p class='ocr_par' dir='ltr' id='par_1_68' title="bbox 463 3900 2036 3973">
     <span class='ocr_line' id='line_1_68' title="bbox 463 3900 2036 3973; baseline 0.003 -22"><span class='ocrx_word' id='word_1_475' title='bbox 463 3915 581 3953; x_wconf 89' lang='lat' dir='ltr'><strong>rum</strong></span> <span class='ocrx_word' id='word_1_476' title='bbox 621 3900 766 3954; x_wconf 87' lang='lat' dir='ltr'><strong>domi</strong></span> <span class='ocrx_word' id='word_1_477' title='bbox 790 3901 1063 3954; x_wconf 89' lang='lat' dir='ltr'><strong>conditum</strong></span> <span class='ocrx_word' id='word_1_478' title='bbox 1121 3900 1212 3962; x_wconf 86' lang='lat' dir='ltr'><strong>sit,</strong></span> <span class='ocrx_word' id='word_1_479' title='bbox 1267 3902 1534 3969; x_wconf 87' lang='lat' dir='ltr'><strong>promitur</strong></span> <span class='ocrx_word' id='word_1_480' title='bbox 1565 3901 1692 3956; x_wconf 91' lang='lat' dir='ltr'><strong>idet</strong></span> <span class='ocrx_word' id='word_1_481' title='bbox 1727 3900 2036 3973; x_wconf 85' lang='lat' dir='ltr'><strong>projicitur;</strong></span> 
     </span>
    </p>
   </div>
   <div class='ocr_carea' id='block_1_69' title="bbox 460 3987 2040 4056">
    <p class='ocr_par' dir='ltr' id='par_1_69' title="bbox 460 3987 2040 4056">
     <span class='ocr_line' id='line_1_69' title="bbox 460 3987 2040 4056; baseline -0.001 -15"><span class='ocrx_word' id='word_1_482' title='bbox 460 4003 525 4042; x_wconf 89' lang='lat' dir='ltr'><strong>ac</strong></span> <span class='ocrx_word' id='word_1_483' title='bbox 563 3988 713 4043; x_wconf 86' lang='lat' dir='ltr'><strong>sedet</strong></span> <span class='ocrx_word' id='word_1_484' title='bbox 751 3988 839 4042; x_wconf 93' lang='lat' dir='ltr'><strong>ille</strong></span> <span class='ocrx_word' id='word_1_485' title='bbox 867 4003 988 4043; x_wconf 90' lang='lat' dir='ltr'><strong>cum</strong></span> <span class='ocrx_word' id='word_1_486' title='bbox 1019 3989 1179 4043; x_wconf 87' lang='lat' dir='ltr'><strong>domo</strong></span> <span class='ocrx_word' id='word_1_487' title='bbox 1222 3998 1353 4050; x_wconf 87' lang='lat' dir='ltr'><strong>tota,</strong></span> <span class='ocrx_word' id='word_1_488' title='bbox 1403 4002 1497 4056; x_wconf 89' lang='lat' dir='ltr'><strong>per</strong></span> <span class='ocrx_word' id='word_1_489' title='bbox 1527 3987 1724 4042; x_wconf 83' lang='lat' dir='ltr'><strong>festum</strong></span> <span class='ocrx_word' id='word_1_490' title='bbox 1771 3988 1872 4042; x_wconf 89' lang='lat' dir='ltr'><strong>hoc</strong></span> <span class='ocrx_word' id='word_1_491' title='bbox 1904 4003 2040 4056; x_wconf 81' lang='lat' dir='ltr'><strong>prae-</strong></span> 
     </span>
    </p>
   </div>
   <div class='ocr_carea' id='block_1_70' title="bbox 458 4078 2041 4149">
    <p class='ocr_par' dir='ltr' id='par_1_70' title="bbox 458 4078 2041 4149">
     <span class='ocr_line' id='line_1_70' title="bbox 458 4078 2041 4149; baseline -0.002 -15"><span class='ocrx_word' id='word_1_492' title='bbox 458 4078 664 4134; x_wconf 86' lang='lat' dir='ltr'><strong>clarum</strong></span> <span class='ocrx_word' id='word_1_493' title='bbox 698 4079 943 4134; x_wconf 88' lang='lat' dir='ltr'><strong>esuriens</strong></span> <span class='ocrx_word' id='word_1_494' title='bbox 996 4094 1060 4133; x_wconf 87' lang='lat' dir='ltr'><strong>ac</strong></span> <span class='ocrx_word' id='word_1_495' title='bbox 1116 4079 1358 4133; x_wconf 88' lang='lat' dir='ltr'><strong>omnium</strong></span> <span class='ocrx_word' id='word_1_496' title='bbox 1420 4079 1650 4149; x_wconf 79' lang='lat' dir='ltr'><strong>indigus.</strong></span> <span class='ocrx_word' id='word_1_497' title='bbox 1686 4078 1833 4132; x_wconf 80' lang='lat' dir='ltr'><strong>Nova</strong></span> <span class='ocrx_word' id='word_1_498' title='bbox 1862 4091 2041 4145; x_wconf 66' lang='lat' dir='ltr'><strong>prava:</strong></span> 
     </span>
    </p>
   </div>
   <div class='ocr_carea' id='block_1_71' title="bbox 460 4169 2037 4236">
    <p class='ocr_par' dir='ltr' id='par_1_71' title="bbox 460 4169 2037 4236">
     <span class='ocr_line' id='line_1_71' title="bbox 460 4169 2037 4236; baseline -0.001 -12"><span class='ocrx_word' id='word_1_499' title='bbox 460 4172 869 4227; x_wconf 87' lang='lat' dir='ltr'><strong>consuetudinis</strong></span> <span class='ocrx_word' id='word_1_500' title='bbox 908 4171 1014 4236; x_wconf 84' lang='lat' dir='ltr'><strong>lex,</strong></span> <span class='ocrx_word' id='word_1_501' title='bbox 1053 4171 1328 4227; x_wconf 88' lang='lat' dir='ltr'><strong>molestias</strong></span> <span class='ocrx_word' id='word_1_502' title='bbox 1380 4177 1434 4225; x_wconf 88' lang='lat' dir='ltr'><strong>et</strong></span> <span class='ocrx_word' id='word_1_503' title='bbox 1463 4169 1689 4225; x_wconf 68' lang='lat' dir='ltr'><strong>alianias</strong></span> <span class='ocrx_word' id='word_1_504' title='bbox 1722 4170 2037 4235; x_wconf 87' lang='lat' dir='ltr'><strong>celebrare,</strong></span> 
     </span>
    </p>
   </div>
   <div class='ocr_carea' id='block_1_72' title="bbox 460 4259 1892 4333">
    <p class='ocr_par' dir='ltr' id='par_1_72' title="bbox 460 4259 1892 4333">
     <span class='ocr_line' id='line_1_72' title="bbox 460 4259 1892 4333; baseline 0.001 -19"><span class='ocrx_word' id='word_1_505' title='bbox 460 4261 882 4332; x_wconf 81' lang='lat' dir='ltr'><strong>pauperiemque</strong></span> <span class='ocrx_word' id='word_1_506' title='bbox 907 4276 971 4316; x_wconf 85' lang='lat' dir='ltr'><strong>ac</strong></span> <span class='ocrx_word' id='word_1_507' title='bbox 1000 4261 1346 4333; x_wconf 80' lang='lat' dir='ltr'><strong>indigentiam</strong></span> <span class='ocrx_word' id='word_1_508' title='bbox 1380 4259 1576 4317; x_wconf 79' lang='lat' dir='ltr'><strong>festum</strong></span> <span class='ocrx_word' id='word_1_509' title='bbox 1602 4260 1892 4330; x_wconf 89' lang='lat' dir='ltr'><strong>appellare.</strong></span> 
     </span>
    </p>
   </div>
   <div class='ocr_carea' id='block_1_73' title="bbox 532 4411 2036 4483">
    <p class='ocr_par' dir='ltr' id='par_1_73' title="bbox 532 4411 2036 4483">
     <span class='ocr_line' id='line_1_73' title="bbox 532 4411 2036 4483; baseline -0.002 -14"><span class='ocrx_word' id='word_1_510' title='bbox 532 4414 657 4470; x_wconf 85' lang='lat' dir='ltr'><strong>Dies</strong></span> <span class='ocrx_word' id='word_1_511' title='bbox 688 4416 805 4470; x_wconf 75' lang='lat' dir='ltr'><strong>haae</strong></span> <span class='ocrx_word' id='word_1_512' title='bbox 853 4413 1057 4468; x_wconf 90' lang='lat' dir='ltr'><strong>teneris</strong></span> <span class='ocrx_word' id='word_1_513' title='bbox 1110 4426 1177 4468; x_wconf 89' lang='lat' dir='ltr'><strong>ac</strong></span> <span class='ocrx_word' id='word_1_514' title='bbox 1231 4411 1659 4483; x_wconf 85' lang='lat' dir='ltr'><strong>simplicioribus</strong></span> <span class='ocrx_word' id='word_1_515' title='bbox 1700 4412 1883 4482; x_wconf 88' lang='lat' dir='ltr'><strong>pueris</strong></span> <span class='ocrx_word' id='word_1_516' title='bbox 1943 4426 2036 4467; x_wconf 90' lang='lat' dir='ltr'><strong>ar-</strong></span> 
     </span>
    </p>
   </div>
   <div class='ocr_carea' id='block_1_74' title="bbox 2140 3167 3720 3242">
    <p class='ocr_par' dir='ltr' id='par_1_74' title="bbox 2140 3167 3720 3242">
     <span class='ocr_line' id='line_1_74' title="bbox 2140 3167 3720 3242; baseline -0.001 -20"><span class='ocrx_word' id='word_1_517' title='bbox 2140 3169 2348 3239; x_wconf 84' lang='grc' dir='ltr'>γίνεται</span> <span class='ocrx_word' id='word_1_518' title='bbox 2368 3172 2482 3233; x_wconf 86' lang='grc' dir='ltr'>τοῖς</span> <span class='ocrx_word' id='word_1_519' title='bbox 2504 3167 2832 3242; x_wconf 82' lang='grc' dir='ltr'>ἀνθρώποις,</span> <span class='ocrx_word' id='word_1_520' title='bbox 2859 3167 3178 3222; x_wconf 79' lang='grc' dir='ltr'>καὶτούτων</span> <span class='ocrx_word' id='word_1_521' title='bbox 3202 3168 3437 3222; x_wconf 78' lang='grc' dir='ltr'>ὲντόκων</span> <span class='ocrx_word' id='word_1_522' title='bbox 3452 3184 3465 3198; x_wconf 74' lang='grc' dir='ltr'><strong>ο</strong></span> <span class='ocrx_word' id='word_1_523' title='bbox 3485 3167 3720 3239; x_wconf 80' lang='grc' dir='ltr'>ἀφορμὴ</span> 
     </span>
    </p>
   </div>
   <div class='ocr_carea' id='block_1_75' title="bbox 2140 3254 3722 3330">
    <p class='ocr_par' dir='ltr' id='par_1_75' title="bbox 2140 3254 3722 3330">
     <span class='ocr_line' id='line_1_75' title="bbox 2140 3254 3722 3330; baseline -0.003 -17"><span class='ocrx_word' id='word_1_524' title='bbox 2140 3259 2351 3323; x_wconf 82' lang='grc' dir='ltr'>πενίας,</span> <span class='ocrx_word' id='word_1_525' title='bbox 2391 3257 2821 3329; x_wconf 86' lang='grc' dir='ltr'>δυστυχημάτων</span> <span class='ocrx_word' id='word_1_526' title='bbox 2859 3257 3024 3330; x_wconf 89' lang='grc' dir='ltr'>ἀρχή.</span> <span class='ocrx_word' id='word_1_527' title='bbox 3067 3258 3163 3309; x_wconf 68' lang='lat' dir='ltr'><strong>“Av</strong></span> <span class='ocrx_word' id='word_1_528' title='bbox 3195 3256 3253 3309; x_wconf 80' lang='grc' dir='ltr'>δέ</span> <span class='ocrx_word' id='word_1_529' title='bbox 3286 3273 3370 3319; x_wconf 88' lang='grc' dir='ltr'><strong>τις</strong></span> <span class='ocrx_word' id='word_1_530' title='bbox 3412 3254 3501 3308; x_wconf 84' lang='grc' dir='ltr'>διὰ</span> <span class='ocrx_word' id='word_1_531' title='bbox 3526 3255 3589 3308; x_wconf 84' lang='grc' dir='ltr'><strong>τὸ</strong></span> <span class='ocrx_word' id='word_1_532' title='bbox 3619 3255 3722 3324; x_wconf 73' lang='grc' dir='ltr'>τῆς</span> 
     </span>
    </p>
   </div>
   <div class='ocr_carea' id='block_1_76' title="bbox 2139 3348 3719 3420">
    <p class='ocr_par' dir='ltr' id='par_1_76' title="bbox 2139 3348 3719 3420">
     <span class='ocr_line' id='line_1_76' title="bbox 2139 3348 3719 3420; baseline -0.004 -16"><span class='ocrx_word' id='word_1_533' title='bbox 2139 3351 2297 3417; x_wconf 82' lang='grc' dir='ltr'>ἀξίας</span> <span class='ocrx_word' id='word_1_534' title='bbox 2324 3349 2706 3416; x_wconf 79' lang='grc' dir='ltr'>ἀναξιόπιστον</span> <span class='ocrx_word' id='word_1_535' title='bbox 2736 3348 2873 3420; x_wconf 82' lang='grc' dir='ltr'>μηδὲ</span> <span class='ocrx_word' id='word_1_536' title='bbox 2910 3348 3005 3403; x_wconf 87' lang='grc' dir='ltr'><strong>τοῦ</strong></span> <span class='ocrx_word' id='word_1_537' title='bbox 3038 3348 3378 3412; x_wconf 73' lang='grc' dir='ltr'>δανείζοντος</span> <span class='ocrx_word' id='word_1_538' title='bbox 3411 3348 3719 3418; x_wconf 73' lang='grc' dir='ltr'>εὐπορήσῃ,</span> 
     </span>
    </p>
   </div>
   <div class='ocr_carea' id='block_1_77' title="bbox 2140 3437 3722 3511">
    <p class='ocr_par' dir='ltr' id='par_1_77' title="bbox 2140 3437 3722 3511">
     <span class='ocr_line' id='line_1_77' title="bbox 2140 3437 3722 3511; baseline -0.001 -17"><span class='ocrx_word' id='word_1_539' title='bbox 2140 3440 2382 3505; x_wconf 72' lang='grc' dir='ltr'>ἕλκεται,</span> <span class='ocrx_word' id='word_1_540' title='bbox 2424 3441 2499 3504; x_wconf 87' lang='grc' dir='ltr'>ὡς</span> <span class='ocrx_word' id='word_1_541' title='bbox 2527 3442 2654 3505; x_wconf 79' lang='grc' dir='ltr'>τοὺς</span> <span class='ocrx_word' id='word_1_542' title='bbox 2694 3439 2895 3511; x_wconf 82' lang='grc' dir='ltr'>φόρους</span> <span class='ocrx_word' id='word_1_543' title='bbox 2935 3440 3061 3505; x_wconf 80' lang='grc' dir='ltr'>τοὺς</span> <span class='ocrx_word' id='word_1_544' title='bbox 3107 3439 3419 3510; x_wconf 77' lang='grc' dir='ltr'>βασιλικοὺς</span> <span class='ocrx_word' id='word_1_545' title='bbox 3466 3437 3722 3500; x_wconf 69' lang='grc' dir='ltr'>ἐλλιπὼν.</span> 
     </span>
    </p>
   </div>
   <div class='ocr_carea' id='block_1_78' title="bbox 2142 3529 3722 3603">
    <p class='ocr_par' dir='ltr' id='par_1_78' title="bbox 2142 3529 3722 3603">
     <span class='ocr_line' id='line_1_78' title="bbox 2142 3529 3722 3603; baseline -0.003 -16"><span class='ocrx_word' id='word_1_546' title='bbox 2142 3534 2368 3602; x_wconf 85' lang='grc' dir='ltr'>δακρύει</span> <span class='ocrx_word' id='word_1_547' title='bbox 2392 3533 2470 3596; x_wconf 84' lang='grc' dir='ltr'><strong>ὡς</strong></span> <span class='ocrx_word' id='word_1_548' title='bbox 2494 3535 2523 3587; x_wconf 84' lang='grc' dir='ltr'>ὁ</span> <span class='ocrx_word' id='word_1_549' title='bbox 2551 3532 2614 3603; x_wconf 88' lang='grc' dir='ltr'><strong>δη</strong></span> <span class='ocrx_word' id='word_1_550' title='bbox 2625 3533 2945 3602; x_wconf 83' lang='grc' dir='ltr'>μευόμενος,</span> <span class='ocrx_word' id='word_1_551' title='bbox 2984 3531 3306 3602; x_wconf 80' lang='grc' dir='ltr'>ὀλοφύρεται</span> <span class='ocrx_word' id='word_1_552' title='bbox 3331 3529 3407 3594; x_wconf 84' lang='grc' dir='ltr'>ὡς</span> <span class='ocrx_word' id='word_1_553' title='bbox 3437 3533 3466 3584; x_wconf 86' lang='grc' dir='ltr'>ὁ</span> <span class='ocrx_word' id='word_1_554' title='bbox 3497 3529 3722 3601; x_wconf 82' lang='grc' dir='ltr'>λῃσταῖς</span> 
     </span>
    </p>
   </div>
   <div class='ocr_carea' id='block_1_79' title="bbox 2142 3621 3724 3697">
    <p class='ocr_par' dir='ltr' id='par_1_79' title="bbox 2142 3621 3724 3697">
     <span class='ocr_line' id='line_1_79' title="bbox 2142 3621 3724 3697; baseline -0.004 -16"><span class='ocrx_word' id='word_1_555' title='bbox 2142 3623 2482 3697; x_wconf 84' lang='grc' dir='ltr'>περιπεσὼν,</span> <span class='ocrx_word' id='word_1_556' title='bbox 2513 3627 2853 3696; x_wconf 78' lang='grc' dir='ltr'>φρουρεῖται,</span> <span class='ocrx_word' id='word_1_557' title='bbox 2879 3622 3221 3695; x_wconf 78' lang='grc' dir='ltr'>μαστίζεται.</span> <span class='ocrx_word' id='word_1_558' title='bbox 3251 3626 3348 3677; x_wconf 79' lang='grc' dir='ltr'>Ἂν</span> <span class='ocrx_word' id='word_1_559' title='bbox 3368 3623 3426 3677; x_wconf 84' lang='grc' dir='ltr'>δέ</span> <span class='ocrx_word' id='word_1_560' title='bbox 3447 3639 3500 3675; x_wconf 89' lang='grc' dir='ltr'><strong>τι</strong></span> <span class='ocrx_word' id='word_1_561' title='bbox 3524 3621 3724 3693; x_wconf 72' lang='grc' dir='ltr'>μικρὸν</span> 
     </span>
    </p>
   </div>
   <div class='ocr_carea' id='block_1_80' title="bbox 2141 3714 3723 3789">
    <p class='ocr_par' dir='ltr' id='par_1_80' title="bbox 2141 3714 3723 3789">
     <span class='ocr_line' id='line_1_80' title="bbox 2141 3714 3723 3789; baseline -0.002 -18"><span class='ocrx_word' id='word_1_562' title='bbox 2141 3718 2365 3789; x_wconf 81' lang='grc' dir='ltr'>ὑπάρχῃ</span> <span class='ocrx_word' id='word_1_563' title='bbox 2407 3715 2551 3771; x_wconf 84' lang='grc' dir='ltr'><strong>κατά</strong></span> <span class='ocrx_word' id='word_1_564' title='bbox 2583 3715 2679 3788; x_wconf 74' lang='grc' dir='ltr'>τὴν</span> <span class='ocrx_word' id='word_1_565' title='bbox 2713 3714 2890 3770; x_wconf 85' lang='grc' dir='ltr'>οἰκίαν</span> <span class='ocrx_word' id='word_1_566' title='bbox 2916 3718 2996 3780; x_wconf 84' lang='grc' dir='ltr'>εἰς</span> <span class='ocrx_word' id='word_1_567' title='bbox 3021 3716 3316 3788; x_wconf 66' lang='grc' dir='ltr'>διατροφὴν</span> <span class='ocrx_word' id='word_1_568' title='bbox 3345 3715 3593 3787; x_wconf 79' lang='grc' dir='ltr'>γαμετῆς</span> <span class='ocrx_word' id='word_1_569' title='bbox 3624 3715 3723 3768; x_wconf 74' lang='grc' dir='ltr'>καὶ</span> 
     </span>
    </p>
   </div>
   <div class='ocr_carea' id='block_1_81' title="bbox 2144 3806 3720 3879">
    <p class='ocr_par' dir='ltr' id='par_1_81' title="bbox 2144 3806 3720 3879">
     <span class='ocr_line' id='line_1_81' title="bbox 2144 3806 3720 3879; baseline -0.001 -18"><span class='ocrx_word' id='word_1_570' title='bbox 2144 3808 2349 3863; x_wconf 85' lang='grc' dir='ltr'>παίδων</span> <span class='ocrx_word' id='word_1_571' title='bbox 2368 3807 2588 3873; x_wconf 84' lang='grc' dir='ltr'>ἀθλίων,</span> <span class='ocrx_word' id='word_1_572' title='bbox 2604 3807 2762 3861; x_wconf 88' lang='grc' dir='ltr'>τοῦτο</span> <span class='ocrx_word' id='word_1_573' title='bbox 2787 3808 3036 3879; x_wconf 80' lang='grc' dir='ltr'>προΐεται</span> <span class='ocrx_word' id='word_1_574' title='bbox 3058 3824 3071 3838; x_wconf 87' lang='grc'><strong>·</strong></span> <span class='ocrx_word' id='word_1_575' title='bbox 3097 3808 3333 3878; x_wconf 81' lang='grc' dir='ltr'>κάθηται</span> <span class='ocrx_word' id='word_1_576' title='bbox 3356 3806 3412 3859; x_wconf 87' lang='grc' dir='ltr'>δὲ</span> <span class='ocrx_word' id='word_1_577' title='bbox 3435 3806 3720 3877; x_wconf 80' lang='grc' dir='ltr'>λιμώττων</span> 
     </span>
    </p>
   </div>
   <div class='ocr_carea' id='block_1_82' title="bbox 2144 3897 3720 3971">
    <p class='ocr_par' dir='ltr' id='par_1_82' title="bbox 2144 3897 3720 3971">
     <span class='ocr_line' id='line_1_82' title="bbox 2144 3897 3720 3971; baseline -0.002 -18"><span class='ocrx_word' id='word_1_578' title='bbox 2144 3900 2410 3969; x_wconf 76' lang='grc' dir='ltr'>παγγενεὶ</span> <span class='ocrx_word' id='word_1_579' title='bbox 2433 3900 2523 3953; x_wconf 76' lang='grc' dir='ltr'><strong>ἐπὶ</strong></span> <span class='ocrx_word' id='word_1_580' title='bbox 2542 3900 2640 3970; x_wconf 82' lang='grc' dir='ltr'><strong>τῆς</strong></span> <span class='ocrx_word' id='word_1_581' title='bbox 2661 3898 2894 3970; x_wconf 80' lang='grc' dir='ltr'>φαιδρᾶς</span> <span class='ocrx_word' id='word_1_582' title='bbox 2919 3900 3131 3971; x_wconf 77' lang='grc' dir='ltr'>ἑορτῆς.</span> <span class='ocrx_word' id='word_1_583' title='bbox 3161 3898 3362 3962; x_wconf 79' lang='grc' dir='ltr'>Καινὺς</span> <span class='ocrx_word' id='word_1_584' title='bbox 3388 3897 3567 3967; x_wconf 81' lang='grc' dir='ltr'>κακῆς</span> <span class='ocrx_word' id='word_1_585' title='bbox 3590 3913 3720 3950; x_wconf 90' lang='grc' dir='ltr'>συν-</span> 
     </span>
    </p>
   </div>
   <div class='ocr_carea' id='block_1_83' title="bbox 2142 3987 3717 4070">
    <p class='ocr_par' dir='ltr' id='par_1_83' title="bbox 2142 3987 3717 4070">
     <span class='ocr_line' id='line_1_83' title="bbox 2142 3987 3717 4070; baseline -0.002 -25"><span class='ocrx_word' id='word_1_586' title='bbox 2142 3991 2332 4070; x_wconf 82' lang='grc' dir='ltr'>ηθείας</span> <span class='ocrx_word' id='word_1_587' title='bbox 2384 3992 2583 4064; x_wconf 84' lang='grc' dir='ltr'>νόμος,</span> <span class='ocrx_word' id='word_1_588' title='bbox 2659 3990 2852 4063; x_wconf 80' lang='grc' dir='ltr'>ἀηδίαν</span> <span class='ocrx_word' id='word_1_589' title='bbox 2904 3992 3286 4063; x_wconf 75' lang='grc' dir='ltr'>ἑορτάζεσθαι,</span> <span class='ocrx_word' id='word_1_590' title='bbox 3340 3991 3438 4045; x_wconf 76' lang='grc' dir='ltr'><strong>καὶ</strong></span> <span class='ocrx_word' id='word_1_591' title='bbox 3478 3987 3717 4060; x_wconf 84' lang='grc' dir='ltr'>ἀπορίαν</span> 
     </span>
    </p>
   </div>
   <div class='ocr_carea' id='block_1_84' title="bbox 2142 4081 3102 4156">
    <p class='ocr_par' dir='ltr' id='par_1_84' title="bbox 2142 4081 3102 4156">
     <span class='ocr_line' id='line_1_84' title="bbox 2142 4081 3102 4156; baseline -0.001 -17"><span class='ocrx_word' id='word_1_592' title='bbox 2142 4081 2450 4155; x_wconf 81' lang='grc' dir='ltr'>ἀνθρώπων</span> <span class='ocrx_word' id='word_1_593' title='bbox 2484 4084 2793 4156; x_wconf 85' lang='grc' dir='ltr'>πανήγυριν</span> <span class='ocrx_word' id='word_1_594' title='bbox 2825 4082 3102 4153; x_wconf 81' lang='grc' dir='ltr'>λέγεσθαι.</span> 
     </span>
    </p>
   </div>
   <div class='ocr_carea' id='block_1_85' title="bbox 3153 4329 3183 4339">
    <p class='ocr_par' dir='ltr' id='par_1_85' title="bbox 3153 4329 3183 4339">
     <span class='ocr_line' id='line_1_85' title="bbox 3153 4329 3183 4339; baseline 0 -2"><span class='ocrx_word' id='word_1_595' title='bbox 3153 4329 3183 4339; x_wconf 60' lang='grc' dir='ltr'>ε.</span> 
     </span>
    </p>
   </div>
   <div class='ocr_carea' id='block_1_86' title="bbox 2210 4415 3721 4492">
    <p class='ocr_par' dir='ltr' id='par_1_86' title="bbox 2210 4415 3721 4492">
     <span class='ocr_line' id='line_1_86' title="bbox 2210 4415 3721 4492; baseline -0.004 -18"><span class='ocrx_word' id='word_1_596' title='bbox 2210 4420 2361 4492; x_wconf 79' lang='grc' dir='ltr'>Αὕτη</span> <span class='ocrx_word' id='word_1_597' title='bbox 2391 4421 2426 4491; x_wconf 83' lang='grc' dir='ltr'>ὴ</span> <span class='ocrx_word' id='word_1_598' title='bbox 2471 4419 2654 4492; x_wconf 80' lang='grc' dir='ltr'>ἡμέρα</span> <span class='ocrx_word' id='word_1_599' title='bbox 2693 4418 2789 4473; x_wconf 78' lang='grc' dir='ltr'>καὶ</span> <span class='ocrx_word' id='word_1_600' title='bbox 2825 4418 2954 4481; x_wconf 78' lang='grc' dir='ltr'>τοὺς</span> <span class='ocrx_word' id='word_1_601' title='bbox 2980 4418 3210 4490; x_wconf 81' lang='grc' dir='ltr'>μικροὺς</span> <span class='ocrx_word' id='word_1_602' title='bbox 3239 4415 3437 4480; x_wconf 86' lang='grc' dir='ltr'>παῖδας</span> <span class='ocrx_word' id='word_1_603' title='bbox 3465 4417 3559 4470; x_wconf 77' lang='grc' dir='ltr'><strong>καὶ</strong></span> <span class='ocrx_word' id='word_1_604' title='bbox 3589 4416 3721 4486; x_wconf 86' lang='grc' dir='ltr'>ἀφε-</span> 
     </span>
    </p>
   </div>
   <div class='ocr_carea' id='block_1_87' title="bbox 462 4499 2032 4581">
    <p class='ocr_par' dir='ltr' id='par_1_87' title="bbox 462 4501 2032 4578">
     <span class='ocr_line' id='line_1_87' title="bbox 462 4501 2032 4578; baseline -0.003 -16"><span class='ocrx_word' id='word_1_605' title='bbox 462 4508 608 4578; x_wconf 66' lang='lat' dir='ltr'><strong>genti</strong></span> <span class='ocrx_word' id='word_1_606' title='bbox 657 4505 1006 4574; x_wconf 88' lang='lat' dir='ltr'><strong>cupiditatem</strong></span> <span class='ocrx_word' id='word_1_607' title='bbox 1066 4519 1133 4559; x_wconf 88' lang='lat' dir='ltr'><strong>ac</strong></span> <span class='ocrx_word' id='word_1_608' title='bbox 1191 4504 1432 4559; x_wconf 73' lang='lat' dir='ltr'><strong>avaritiae</strong></span> <span class='ocrx_word' id='word_1_609' title='bbox 1481 4503 1719 4559; x_wconf 86' lang='lat' dir='ltr'><strong>studium</strong></span> <span class='ocrx_word' id='word_1_610' title='bbox 1774 4501 2032 4571; x_wconf 85' lang='lat' dir='ltr'><strong>instillat;</strong></span> 
     </span>
    </p>
   </div>
   <div class='ocr_carea' id='block_1_88' title="bbox 2136 4499 3720 4581">
    <p class='ocr_par' dir='ltr' id='par_1_88' title="bbox 2137 4504 3720 4581">
     <span class='ocr_line' id='line_1_88' title="bbox 2137 4504 3720 4581; baseline -0.004 -16"><span class='ocrx_word' id='word_1_611' title='bbox 2137 4514 2253 4576; x_wconf 88' lang='grc' dir='ltr'>λεῖς</span> <span class='ocrx_word' id='word_1_612' title='bbox 2282 4512 2377 4565; x_wconf 78' lang='grc' dir='ltr'>καὶ</span> <span class='ocrx_word' id='word_1_613' title='bbox 2401 4511 2693 4574; x_wconf 76' lang='grc' dir='ltr'>ἀπλοῖκοὺς</span> <span class='ocrx_word' id='word_1_614' title='bbox 2748 4507 3124 4581; x_wconf 78' lang='grc' dir='ltr'>φιλαργύρους</span> <span class='ocrx_word' id='word_1_615' title='bbox 3158 4504 3298 4561; x_wconf 77' lang='grc' dir='ltr'>εἶναι</span> <span class='ocrx_word' id='word_1_616' title='bbox 3325 4505 3588 4571; x_wconf 81' lang='grc' dir='ltr'>διδάσκει,</span> <span class='ocrx_word' id='word_1_617' title='bbox 3620 4508 3720 4560; x_wconf 72' lang='grc' dir='ltr'><strong>καὶ</strong></span> 
     </span>
    </p>
   </div>
   <div class='ocr_carea' id='block_1_89' title="bbox 459 4595 2037 4666">
    <p class='ocr_par' dir='ltr' id='par_1_89' title="bbox 459 4595 2037 4666">
     <span class='ocr_line' id='line_1_89' title="bbox 459 4595 2037 4666; baseline -0.003 -13"><span class='ocrx_word' id='word_1_618' title='bbox 459 4601 726 4666; x_wconf 85' lang='lat' dir='ltr'><strong>docetque</strong></span> <span class='ocrx_word' id='word_1_619' title='bbox 747 4598 815 4651; x_wconf 90' lang='lat' dir='ltr'><strong>ab</strong></span> <span class='ocrx_word' id='word_1_620' title='bbox 847 4611 951 4649; x_wconf 88' lang='lat' dir='ltr'><strong>una</strong></span> <span class='ocrx_word' id='word_1_621' title='bbox 979 4595 1046 4650; x_wconf 87' lang='lat' dir='ltr'><strong>ad</strong></span> <span class='ocrx_word' id='word_1_622' title='bbox 1072 4595 1235 4649; x_wconf 87' lang='lat' dir='ltr'><strong>aliam</strong></span> <span class='ocrx_word' id='word_1_623' title='bbox 1264 4595 1496 4650; x_wconf 86' lang='lat' dir='ltr'><strong>transire</strong></span> <span class='ocrx_word' id='word_1_624' title='bbox 1542 4595 1782 4658; x_wconf 87' lang='lat' dir='ltr'><strong>domum,</strong></span> <span class='ocrx_word' id='word_1_625' title='bbox 1814 4608 1877 4647; x_wconf 83' lang='lat' dir='ltr'><strong>ac.</strong></span> <span class='ocrx_word' id='word_1_626' title='bbox 1898 4608 2037 4650; x_wconf 82' lang='lat' dir='ltr'><strong>novo</strong></span> 
     </span>
    </p>
   </div>
   <div class='ocr_carea' id='block_1_90' title="bbox 462 4684 2039 4757">
    <p class='ocr_par' dir='ltr' id='par_1_90' title="bbox 462 4684 2039 4757">
     <span class='ocr_line' id='line_1_90' title="bbox 462 4684 2039 4757; baseline -0.003 -13"><span class='ocrx_word' id='word_1_627' title='bbox 462 4704 686 4744; x_wconf 89' lang='lat' dir='ltr'><strong>munere</strong></span> <span class='ocrx_word' id='word_1_628' title='bbox 714 4702 871 4757; x_wconf 87' lang='lat' dir='ltr'><strong>poma</strong></span> <span class='ocrx_word' id='word_1_629' title='bbox 901 4687 1175 4756; x_wconf 80' lang='lat' dir='ltr'><strong>argenteis</strong></span> <span class='ocrx_word' id='word_1_630' title='bbox 1217 4696 1498 4756; x_wconf 84' lang='lat' dir='ltr'><strong>compacta</strong></span> <span class='ocrx_word' id='word_1_631' title='bbox 1528 4684 1747 4742; x_wconf 68' lang='lat' dir='ltr'><strong>offerre.</strong></span> <span class='ocrx_word' id='word_1_632' title='bbox 1779 4685 1885 4741; x_wconf 87' lang='lat' dir='ltr'><strong>Pro</strong></span> <span class='ocrx_word' id='word_1_633' title='bbox 1916 4687 2039 4757; x_wconf 86' lang='lat' dir='ltr'><strong>qui-</strong></span> 
     </span>
    </p>
   </div>
   <div class='ocr_carea' id='block_1_91' title="bbox 459 4775 2035 4847">
    <p class='ocr_par' dir='ltr' id='par_1_91' title="bbox 459 4775 2035 4847">
     <span class='ocr_line' id='line_1_91' title="bbox 459 4775 2035 4847; baseline -0.003 -11"><span class='ocrx_word' id='word_1_634' title='bbox 459 4782 561 4836; x_wconf 88' lang='lat' dir='ltr'><strong>bus</strong></span> <span class='ocrx_word' id='word_1_635' title='bbox 589 4778 808 4847; x_wconf 91' lang='lat' dir='ltr'><strong>duplum</strong></span> <span class='ocrx_word' id='word_1_636' title='bbox 840 4778 1013 4846; x_wconf 85' lang='lat' dir='ltr'><strong>ipsum</strong></span> <span class='ocrx_word' id='word_1_637' title='bbox 1068 4776 1332 4841; x_wconf 87' lang='lat' dir='ltr'><strong>redditur,</strong></span> <span class='ocrx_word' id='word_1_638' title='bbox 1395 4775 1627 4845; x_wconf 84' lang='lat' dir='ltr'><strong>indeque</strong></span> <span class='ocrx_word' id='word_1_639' title='bbox 1654 4785 2035 4834; x_wconf 63' lang='lat' dir='ltr'><strong>teneraemen-</strong></span> 
     </span>
    </p>
   </div>
   <div class='ocr_carea' id='block_1_92' title="bbox 459 4867 2037 4936">
    <p class='ocr_par' dir='ltr' id='par_1_92' title="bbox 459 4867 2037 4936">
     <span class='ocr_line' id='line_1_92' title="bbox 459 4867 2037 4936; baseline -0.001 -12"><span class='ocrx_word' id='word_1_640' title='bbox 459 4878 542 4925; x_wconf 88' lang='lat' dir='ltr'><strong>tes</strong></span> <span class='ocrx_word' id='word_1_641' title='bbox 570 4871 636 4923; x_wconf 87' lang='lat' dir='ltr'><strong>ad</strong></span> <span class='ocrx_word' id='word_1_642' title='bbox 669 4867 1090 4923; x_wconf 88' lang='lat' dir='ltr'><strong>nundinationes</strong></span> <span class='ocrx_word' id='word_1_643' title='bbox 1119 4878 1175 4921; x_wconf 85' lang='lat' dir='ltr'><strong>et</strong></span> <span class='ocrx_word' id='word_1_644' title='bbox 1223 4876 1492 4936; x_wconf 57' lang='lat' dir='ltr'><strong>quantum</strong></span> <span class='ocrx_word' id='word_1_645' title='bbox 1519 4867 1835 4924; x_wconf 87' lang='lat' dir='ltr'><strong>illiberalem</strong></span> <span class='ocrx_word' id='word_1_646' title='bbox 1867 4869 2037 4923; x_wconf 67' lang='lat' dir='ltr'><strong>infero</strong></span> 
     </span>
    </p>
   </div>
   <div class='ocr_carea' id='block_1_93' title="bbox 462 4957 2039 5031">
    <p class='ocr_par' dir='ltr' id='par_1_93' title="bbox 462 4957 2039 5031">
     <span class='ocr_line' id='line_1_93' title="bbox 462 4957 2039 5031; baseline 0 -15"><span class='ocrx_word' id='word_1_647' title='bbox 462 4962 598 5016; x_wconf 88' lang='lat' dir='ltr'><strong>mari</strong></span> <span class='ocrx_word' id='word_1_648' title='bbox 626 4960 909 5029; x_wconf 89' lang='lat' dir='ltr'><strong>incipiunt.</strong></span> <span class='ocrx_word' id='word_1_649' title='bbox 943 4957 1143 5015; x_wconf 82' lang='lat' dir='ltr'><strong>Sacros</strong></span> <span class='ocrx_word' id='word_1_650' title='bbox 1169 4968 1349 5013; x_wconf 91' lang='lat' dir='ltr'><strong>autem</strong></span> <span class='ocrx_word' id='word_1_651' title='bbox 1379 4959 1721 5028; x_wconf 79' lang='lat' dir='ltr'><strong>Optimosque</strong></span> <span class='ocrx_word' id='word_1_652' title='bbox 1769 4960 2039 5031; x_wconf 76' lang='lat' dir='ltr'><strong>agricolas</strong></span> 
     </span>
    </p>
   </div>
   <div class='ocr_carea' id='block_1_94' title="bbox 458 5049 2039 5123">
    <p class='ocr_par' dir='ltr' id='par_1_94' title="bbox 458 5049 2039 5123">
     <span class='ocr_line' id='line_1_94' title="bbox 458 5049 2039 5123; baseline -0.001 -16"><span class='ocrx_word' id='word_1_653' title='bbox 458 5054 675 5123; x_wconf 90' lang='lat' dir='ltr'><strong>quantis</strong></span> <span class='ocrx_word' id='word_1_654' title='bbox 705 5053 819 5108; x_wconf 85' lang='lat' dir='ltr'><strong>dies</strong></span> <span class='ocrx_word' id='word_1_655' title='bbox 846 5052 1004 5107; x_wconf 88' lang='lat' dir='ltr'><strong>malis</strong></span> <span class='ocrx_word' id='word_1_656' title='bbox 1034 5049 1230 5107; x_wconf 76' lang='lat' dir='ltr'><strong>allicit!</strong></span> <span class='ocrx_word' id='word_1_657' title='bbox 1278 5051 1566 5106; x_wconf 79' lang='lat' dir='ltr'><strong>Abstinere</strong></span> <span class='ocrx_word' id='word_1_658' title='bbox 1592 5050 1828 5120; x_wconf 87' lang='lat' dir='ltr'><strong>publico,</strong></span> <span class='ocrx_word' id='word_1_659' title='bbox 1861 5053 2039 5107; x_wconf 80' lang='lat' dir='ltr'><strong>vicos-</strong></span> 
     </span>
    </p>
   </div>
   <div class='ocr_carea' id='block_1_95' title="bbox 458 5143 2036 5218">
    <p class='ocr_par' dir='ltr' id='par_1_95' title="bbox 458 5143 2036 5218">
     <span class='ocr_line' id='line_1_95' title="bbox 458 5143 2036 5218; baseline -0.003 -18"><span class='ocrx_word' id='word_1_660' title='bbox 458 5160 567 5218; x_wconf 88' lang='lat' dir='ltr'><strong>que</strong></span> <span class='ocrx_word' id='word_1_661' title='bbox 592 5156 670 5204; x_wconf 89' lang='lat' dir='ltr'><strong>et.</strong></span> <span class='ocrx_word' id='word_1_662' title='bbox 696 5147 901 5215; x_wconf 84' lang='lat' dir='ltr'><strong>plateas</strong></span> <span class='ocrx_word' id='word_1_663' title='bbox 960 5146 1113 5200; x_wconf 85' lang='lat' dir='ltr'><strong>urbis</strong></span> <span class='ocrx_word' id='word_1_664' title='bbox 1143 5143 1333 5213; x_wconf 78' lang='lat' dir='ltr'><strong>lugere</strong></span> <span class='ocrx_word' id='word_1_665' title='bbox 1359 5153 1649 5213; x_wconf 77' lang='lat' dir='ltr'><strong>coguntur,</strong></span> <span class='ocrx_word' id='word_1_666' title='bbox 1685 5143 1857 5213; x_wconf 74' lang='lat' dir='ltr'><strong>magis</strong></span> <span class='ocrx_word' id='word_1_667' title='bbox 1876 5158 2036 5212; x_wconf 87' lang='lat' dir='ltr'><strong>quam</strong></span> 
     </span>
    </p>
   </div>
   <div class='ocr_carea' id='block_1_96' title="bbox 457 5240 2038 5312">
    <p class='ocr_par' dir='ltr' id='par_1_96' title="bbox 457 5240 2038 5312">
     <span class='ocr_line' id='line_1_96' title="bbox 457 5240 2038 5312; baseline -0.003 -14"><span class='ocrx_word' id='word_1_668' title='bbox 457 5242 596 5298; x_wconf 82' lang='lat' dir='ltr'><strong>retia</strong></span> <span class='ocrx_word' id='word_1_669' title='bbox 616 5242 828 5312; x_wconf 85' lang='lat' dir='ltr'><strong>lepores</strong></span> <span class='ocrx_word' id='word_1_670' title='bbox 881 5259 897 5297; x_wconf 91' lang='lat'><strong>:</strong></span> <span class='ocrx_word' id='word_1_671' title='bbox 951 5257 1075 5297; x_wconf 88' lang='lat' dir='ltr'><strong>nam</strong></span> <span class='ocrx_word' id='word_1_672' title='bbox 1107 5243 1152 5297; x_wconf 91' lang='lat' dir='ltr'><strong>si</strong></span> <span class='ocrx_word' id='word_1_673' title='bbox 1212 5242 1301 5312; x_wconf 85' lang='lat' dir='ltr'><strong>qui</strong></span> <span class='ocrx_word' id='word_1_674' title='bbox 1344 5240 1714 5309; x_wconf 85' lang='lat' dir='ltr'><strong>inveniuntur,</strong></span> <span class='ocrx_word' id='word_1_675' title='bbox 1746 5244 2038 5296; x_wconf 79' lang='lat' dir='ltr'><strong>verberan-</strong></span> 
     </span>
    </p>
   </div>
   <div class='ocr_carea' id='block_1_97' title="bbox 461 5332 2035 5403">
    <p class='ocr_par' dir='ltr' id='par_1_97' title="bbox 461 5332 2035 5403">
     <span class='ocr_line' id='line_1_97' title="bbox 461 5332 2035 5403; baseline -0.001 -16"><span class='ocrx_word' id='word_1_676' title='bbox 461 5344 570 5401; x_wconf 91' lang='lat' dir='ltr'><strong>tur,</strong></span> <span class='ocrx_word' id='word_1_677' title='bbox 597 5332 987 5389; x_wconf 88' lang='lat' dir='ltr'><strong>contumeliose</strong></span> <span class='ocrx_word' id='word_1_678' title='bbox 1010 5333 1316 5399; x_wconf 81' lang='lat' dir='ltr'><strong>habentur;</strong></span> <span class='ocrx_word' id='word_1_679' title='bbox 1343 5333 1508 5403; x_wconf 85' lang='lat' dir='ltr'><strong>siqua</strong></span> <span class='ocrx_word' id='word_1_680' title='bbox 1534 5332 1586 5387; x_wconf 92' lang='lat' dir='ltr'><strong>in</strong></span> <span class='ocrx_word' id='word_1_681' title='bbox 1620 5333 1869 5387; x_wconf 90' lang='lat' dir='ltr'><strong>manibus</strong></span> <span class='ocrx_word' id='word_1_682' title='bbox 1887 5343 2035 5394; x_wconf 88' lang='lat' dir='ltr'><strong>sunt,</strong></span> 
     </span>
    </p>
   </div>
   <div class='ocr_carea' id='block_1_98' title="bbox 464 5424 2038 5494">
    <p class='ocr_par' dir='ltr' id='par_1_98' title="bbox 464 5424 2038 5494">
     <span class='ocr_line' id='line_1_98' title="bbox 464 5424 2038 5494; baseline -0.001 -14"><span class='ocrx_word' id='word_1_683' title='bbox 464 5425 740 5493; x_wconf 87' lang='lat' dir='ltr'><strong>amittunt;</strong></span> <span class='ocrx_word' id='word_1_684' title='bbox 773 5425 827 5479; x_wconf 89' lang='lat' dir='ltr'><strong>in</strong></span> <span class='ocrx_word' id='word_1_685' title='bbox 858 5439 1013 5494; x_wconf 87' lang='lat' dir='ltr'><strong>pace,</strong></span> <span class='ocrx_word' id='word_1_686' title='bbox 1049 5425 1282 5481; x_wconf 82' lang='lat' dir='ltr'><strong>hostium</strong></span> <span class='ocrx_word' id='word_1_687' title='bbox 1314 5439 1465 5481; x_wconf 89' lang='lat' dir='ltr'><strong>more</strong></span> <span class='ocrx_word' id='word_1_688' title='bbox 1508 5425 1877 5491; x_wconf 85' lang='lat' dir='ltr'><strong>incessuntur,</strong></span> <span class='ocrx_word' id='word_1_689' title='bbox 1910 5424 2038 5479; x_wconf 81' lang='lat' dir='ltr'><strong>sub-</strong></span> 
     </span>
    </p>
   </div>
   <div class='ocr_carea' id='block_1_99' title="bbox 460 5515 2035 5584">
    <p class='ocr_par' dir='ltr' id='par_1_99' title="bbox 460 5515 2035 5584">
     <span class='ocr_line' id='line_1_99' title="bbox 460 5515 2035 5584; baseline -0.004 -11"><span class='ocrx_word' id='word_1_690' title='bbox 460 5527 759 5573; x_wconf 87' lang='lat' dir='ltr'><strong>sannantur</strong></span> <span class='ocrx_word' id='word_1_691' title='bbox 800 5530 922 5572; x_wconf 88' lang='lat' dir='ltr'><strong>cum</strong></span> <span class='ocrx_word' id='word_1_692' title='bbox 955 5517 1155 5584; x_wconf 80' lang='lat' dir='ltr'><strong>verbis,</strong></span> <span class='ocrx_word' id='word_1_693' title='bbox 1188 5528 1304 5571; x_wconf 89' lang='lat' dir='ltr'><strong>tum</strong></span> <span class='ocrx_word' id='word_1_694' title='bbox 1329 5517 1488 5572; x_wconf 81' lang='lat' dir='ltr'><strong>factis</strong></span> <span class='ocrx_word' id='word_1_695' title='bbox 1523 5516 1860 5578; x_wconf 86' lang='lat' dir='ltr'><strong>illuduntur;</strong></span> <span class='ocrx_word' id='word_1_696' title='bbox 1895 5515 2035 5582; x_wconf 87' lang='lat' dir='ltr'><strong>inju-</strong></span> 
     </span>
    </p>
   </div>
   <div class='ocr_carea' id='block_1_100' title="bbox 464 5605 2035 5677">
    <p class='ocr_par' dir='ltr' id='par_1_100' title="bbox 464 5605 2035 5677">
     <span class='ocr_line' id='line_1_100' title="bbox 464 5605 2035 5677; baseline -0.004 -12"><span class='ocrx_word' id='word_1_697' title='bbox 464 5610 545 5665; x_wconf 86' lang='lat' dir='ltr'><strong>ria</strong></span> <span class='ocrx_word' id='word_1_698' title='bbox 576 5609 725 5666; x_wconf 88' lang='lat' dir='ltr'><strong>omni</strong></span> <span class='ocrx_word' id='word_1_699' title='bbox 756 5608 1060 5663; x_wconf 69' lang='lat' dir='ltr'><strong>abiciuntur</strong></span> <span class='ocrx_word' id='word_1_700' title='bbox 1082 5609 1271 5677; x_wconf 89' lang='lat' dir='ltr'><strong>optimi</strong></span> <span class='ocrx_word' id='word_1_701' title='bbox 1309 5607 1481 5663; x_wconf 90' lang='lat' dir='ltr'><strong>nostri</strong></span> <span class='ocrx_word' id='word_1_702' title='bbox 1517 5606 1824 5675; x_wconf 64' lang='lat' dir='ltr'><strong>prophetae,</strong></span> <span class='ocrx_word' id='word_1_703' title='bbox 1881 5605 2035 5659; x_wconf 88' lang='lat' dir='ltr'><strong>mali-</strong></span> 
     </span>
    </p>
   </div>
   <div class='ocr_carea' id='block_1_101' title="bbox 468 5696 2020 5769">
    <p class='ocr_par' dir='ltr' id='par_1_101' title="bbox 468 5696 2020 5769">
     <span class='ocr_line' id='line_1_101' title="bbox 468 5696 2020 5769; baseline -0.003 -14"><span class='ocrx_word' id='word_1_704' title='bbox 468 5702 555 5756; x_wconf 65' lang='lat' dir='ltr'><strong>tia</strong></span> <span class='ocrx_word' id='word_1_705' title='bbox 583 5700 759 5757; x_wconf 90' lang='lat' dir='ltr'><strong>omnis</strong></span> <span class='ocrx_word' id='word_1_706' title='bbox 783 5709 1034 5769; x_wconf 81' lang='lat' dir='ltr'><strong>expertes</strong></span> <span class='ocrx_word' id='word_1_707' title='bbox 1092 5700 1424 5764; x_wconf 87' lang='lat' dir='ltr'><strong>animantes,</strong></span> <span class='ocrx_word' id='word_1_708' title='bbox 1462 5698 1734 5767; x_wconf 84' lang='lat' dir='ltr'><strong>simplices</strong></span> <span class='ocrx_word' id='word_1_709' title='bbox 1760 5696 1849 5751; x_wconf 85' lang='lat' dir='ltr'><strong>Dei</strong></span> <span class='ocrx_word' id='word_1_710' title='bbox 1894 5697 2020 5750; x_wconf 87' lang='lat' dir='ltr'><strong>ima-</strong></span> 
     </span>
    </p>
   </div>
   <div class='ocr_carea' id='block_1_102' title="bbox 2143 4599 3721 4676">
    <p class='ocr_par' dir='ltr' id='par_1_102' title="bbox 2143 4599 3721 4676">
     <span class='ocr_line' id='line_1_102' title="bbox 2143 4599 3721 4676; baseline -0.002 -19"><span class='ocrx_word' id='word_1_711' title='bbox 2143 4602 2554 4676; x_wconf 74' lang='grc' dir='ltr'>παρασκευάζει</span> <span class='ocrx_word' id='word_1_712' title='bbox 2601 4603 2780 4657; x_wconf 88' lang='grc' dir='ltr'>οίκίαν</span> <span class='ocrx_word' id='word_1_713' title='bbox 2817 4602 3069 4673; x_wconf 87' lang='grc' dir='ltr'>ἀμείϐειν</span> <span class='ocrx_word' id='word_1_714' title='bbox 3111 4599 3171 4666; x_wconf 76' lang='grc' dir='ltr'><strong>ἐξ</strong></span> <span class='ocrx_word' id='word_1_715' title='bbox 3212 4600 3412 4664; x_wconf 74' lang='grc' dir='ltr'>οἰκίας,</span> <span class='ocrx_word' id='word_1_716' title='bbox 3445 4601 3541 4655; x_wconf 75' lang='grc' dir='ltr'><strong>καὶ</strong></span> <span class='ocrx_word' id='word_1_717' title='bbox 3569 4599 3721 4671; x_wconf 85' lang='grc' dir='ltr'>δῶρα</span> 
     </span>
    </p>
   </div>
   <div class='ocr_carea' id='block_1_103' title="bbox 2144 4691 3718 4768">
    <p class='ocr_par' dir='ltr' id='par_1_103' title="bbox 2144 4691 3718 4768">
     <span class='ocr_line' id='line_1_103' title="bbox 2144 4691 3718 4768; baseline 0 -19"><span class='ocrx_word' id='word_1_718' title='bbox 2144 4695 2472 4768; x_wconf 81' lang='grc' dir='ltr'>προσφέρειν</span> <span class='ocrx_word' id='word_1_719' title='bbox 2512 4693 2693 4756; x_wconf 86' lang='grc' dir='ltr'>καινά,</span> <span class='ocrx_word' id='word_1_720' title='bbox 2740 4691 2963 4765; x_wconf 84' lang='grc' dir='ltr'>ὀπώρας</span> <span class='ocrx_word' id='word_1_721' title='bbox 3005 4693 3253 4766; x_wconf 84' lang='grc' dir='ltr'>ἀργυρίῳ</span> <span class='ocrx_word' id='word_1_722' title='bbox 3298 4693 3718 4765; x_wconf 83' lang='grc' dir='ltr'>καθηλωμένας.</span> 
     </span>
    </p>
   </div>
   <div class='ocr_carea' id='block_1_104' title="bbox 2144 4782 3723 4857">
    <p class='ocr_par' dir='ltr' id='par_1_104' title="bbox 2144 4782 3723 4857">
     <span class='ocr_line' id='line_1_104' title="bbox 2144 4782 3723 4857; baseline -0.002 -17"><span class='ocrx_word' id='word_1_723' title='bbox 2144 4788 2333 4840; x_wconf 87' lang='grc' dir='ltr'>Ἔστιν</span> <span class='ocrx_word' id='word_1_724' title='bbox 2369 4787 2427 4839; x_wconf 81' lang='grc' dir='ltr'><strong>δὲ</strong></span> <span class='ocrx_word' id='word_1_725' title='bbox 2454 4787 2489 4857; x_wconf 80' lang='grc' dir='ltr'>ἡ</span> <span class='ocrx_word' id='word_1_726' title='bbox 2526 4784 2674 4848; x_wconf 84' lang='grc' dir='ltr'>δόσις</span> <span class='ocrx_word' id='word_1_727' title='bbox 2707 4782 2805 4838; x_wconf 88' lang='grc' dir='ltr'><strong>τοῦ</strong></span> <span class='ocrx_word' id='word_1_728' title='bbox 2846 4783 3034 4838; x_wconf 77' lang='grc' dir='ltr'>διπλοῦ</span> <span class='ocrx_word' id='word_1_729' title='bbox 3069 4783 3360 4847; x_wconf 77' lang='grc' dir='ltr'>ἀντίδοσις,</span> <span class='ocrx_word' id='word_1_730' title='bbox 3393 4784 3488 4836; x_wconf 74' lang='grc' dir='ltr'><strong>καὶ</strong></span> <span class='ocrx_word' id='word_1_731' title='bbox 3523 4784 3585 4837; x_wconf 80' lang='grc' dir='ltr'><strong>τὸ</strong></span> <span class='ocrx_word' id='word_1_732' title='bbox 3623 4802 3723 4837; x_wconf 90' lang='grc' dir='ltr'>κα-</span> 
     </span>
    </p>
   </div>
   <div class='ocr_carea' id='block_1_105' title="bbox 2144 4875 3721 4950">
    <p class='ocr_par' dir='ltr' id='par_1_105' title="bbox 2144 4875 3721 4950">
     <span class='ocr_line' id='line_1_105' title="bbox 2144 4875 3721 4950; baseline -0.001 -20"><span class='ocrx_word' id='word_1_733' title='bbox 2144 4879 2373 4950; x_wconf 71' lang='grc' dir='ltr'>πηλικὸν</span> <span class='ocrx_word' id='word_1_734' title='bbox 2408 4878 2503 4930; x_wconf 72' lang='grc' dir='ltr'><strong>καὶ</strong></span> <span class='ocrx_word' id='word_1_735' title='bbox 2539 4876 2893 4949; x_wconf 86' lang='grc' dir='ltr'>ἀνελεύθερον</span> <span class='ocrx_word' id='word_1_736' title='bbox 2934 4875 3182 4930; x_wconf 77' lang='grc' dir='ltr'>ἐντεῦθεν</span> <span class='ocrx_word' id='word_1_737' title='bbox 3222 4876 3446 4946; x_wconf 81' lang='grc' dir='ltr'>ἄρχεται</span> <span class='ocrx_word' id='word_1_738' title='bbox 3491 4877 3721 4942; x_wconf 80' lang='grc' dir='ltr'>ἁπαλοῖς</span> 
     </span>
    </p>
   </div>
   <div class='ocr_carea' id='block_1_106' title="bbox 2141 4965 3725 5039">
    <p class='ocr_par' dir='ltr' id='par_1_106' title="bbox 2141 4965 3725 5039">
     <span class='ocr_line' id='line_1_106' title="bbox 2141 4965 3725 5039; baseline -0.003 -16"><span class='ocrx_word' id='word_1_739' title='bbox 2141 4972 2254 5034; x_wconf 88' lang='grc' dir='ltr'>τοῖς</span> <span class='ocrx_word' id='word_1_740' title='bbox 2293 4970 2638 5039; x_wconf 78' lang='grc' dir='ltr'>φρονήμασιν</span> <span class='ocrx_word' id='word_1_741' title='bbox 2676 4966 3041 5023; x_wconf 82' lang='grc' dir='ltr'>ὲντυποῦσθαι</span> <span class='ocrx_word' id='word_1_742' title='bbox 3064 4966 3173 5021; x_wconf 84' lang='grc' dir='ltr'>τῶν</span> <span class='ocrx_word' id='word_1_743' title='bbox 3199 4965 3354 5021; x_wconf 84' lang='grc' dir='ltr'>νέων.</span> <span class='ocrx_word' id='word_1_744' title='bbox 3381 4965 3521 5028; x_wconf 81' lang='grc' dir='ltr'>Τοὺς</span> <span class='ocrx_word' id='word_1_745' title='bbox 3544 4965 3602 5019; x_wconf 84' lang='grc' dir='ltr'>δὲ</span> <span class='ocrx_word' id='word_1_746' title='bbox 3647 4966 3725 5019; x_wconf 81' lang='grc' dir='ltr'><strong>ἰε-</strong></span> 
     </span>
    </p>
   </div>
   <div class='ocr_carea' id='block_1_107' title="bbox 2143 5054 3719 5132">
    <p class='ocr_par' dir='ltr' id='par_1_107' title="bbox 2143 5054 3719 5132">
     <span class='ocr_line' id='line_1_107' title="bbox 2143 5054 3719 5132; baseline -0.001 -19"><span class='ocrx_word' id='word_1_747' title='bbox 2143 5061 2270 5131; x_wconf 81' lang='grc' dir='ltr'>ροὺς</span> <span class='ocrx_word' id='word_1_748' title='bbox 2309 5060 2404 5113; x_wconf 76' lang='grc' dir='ltr'><strong>καὶ</strong></span> <span class='ocrx_word' id='word_1_749' title='bbox 2439 5059 2747 5129; x_wconf 83' lang='grc' dir='ltr'>βελτίστους</span> <span class='ocrx_word' id='word_1_750' title='bbox 2779 5060 3078 5132; x_wconf 77' lang='grc' dir='ltr'>γεωργοὺς,</span> <span class='ocrx_word' id='word_1_751' title='bbox 3121 5054 3209 5112; x_wconf 73' lang='grc' dir='ltr'>οἷα</span> <span class='ocrx_word' id='word_1_752' title='bbox 3237 5056 3535 5128; x_wconf 84' lang='grc' dir='ltr'>διατίθησιν</span> <span class='ocrx_word' id='word_1_753' title='bbox 3578 5056 3719 5129; x_wconf 87' lang='grc' dir='ltr'>αῦτη</span> 
     </span>
    </p>
   </div>
   <div class='ocr_carea' id='block_1_108' title="bbox 2140 5147 3721 5223">
    <p class='ocr_par' dir='ltr' id='par_1_108' title="bbox 2140 5147 3721 5223">
     <span class='ocr_line' id='line_1_108' title="bbox 2140 5147 3721 5223; baseline -0.007 -15"><span class='ocrx_word' id='word_1_754' title='bbox 2140 5153 2175 5222; x_wconf 84' lang='grc' dir='ltr'><strong>ή</strong></span> <span class='ocrx_word' id='word_1_755' title='bbox 2199 5151 2416 5223; x_wconf 77' lang='grc' dir='ltr'>ἡμέραι</span> <span class='ocrx_word' id='word_1_756' title='bbox 2441 5150 2685 5221; x_wconf 77' lang='grc' dir='ltr'>Φευκτὴν</span> <span class='ocrx_word' id='word_1_757' title='bbox 2703 5153 2887 5215; x_wconf 79' lang='grc' dir='ltr'>αὐτοῖς</span> <span class='ocrx_word' id='word_1_758' title='bbox 2909 5150 3003 5204; x_wconf 74' lang='grc' dir='ltr'><strong>καὶ</strong></span> <span class='ocrx_word' id='word_1_759' title='bbox 3023 5149 3225 5203; x_wconf 78' lang='grc' dir='ltr'>ἄϐατον</span> <span class='ocrx_word' id='word_1_760' title='bbox 3246 5147 3342 5219; x_wconf 79' lang='grc' dir='ltr'><strong>τὴν</strong></span> <span class='ocrx_word' id='word_1_761' title='bbox 3372 5147 3526 5201; x_wconf 83' lang='grc' dir='ltr'>πόλιν</span> <span class='ocrx_word' id='word_1_762' title='bbox 3555 5149 3721 5221; x_wconf 79' lang='grc' dir='ltr'>ἐργά-</span> 
     </span>
    </p>
   </div>
   <div class='ocr_carea' id='block_1_109' title="bbox 2141 5238 3715 5314">
    <p class='ocr_par' dir='ltr' id='par_1_109' title="bbox 2141 5238 3715 5314">
     <span class='ocr_line' id='line_1_109' title="bbox 2141 5238 3715 5314; baseline -0.001 -18"><span class='ocrx_word' id='word_1_763' title='bbox 2141 5238 2329 5308; x_wconf 74' lang='grc' dir='ltr'>ζεται*</span> <span class='ocrx_word' id='word_1_764' title='bbox 2359 5243 2453 5297; x_wconf 73' lang='grc' dir='ltr'>καὶ</span> <span class='ocrx_word' id='word_1_765' title='bbox 2484 5241 2685 5314; x_wconf 78' lang='grc' dir='ltr'>μᾶλλον</span> <span class='ocrx_word' id='word_1_766' title='bbox 2726 5242 2899 5314; x_wconf 78' lang='grc' dir='ltr'>αὐτὴν</span> <span class='ocrx_word' id='word_1_767' title='bbox 2937 5240 3444 5313; x_wconf 89' lang='grc' dir='ltr'>ἀποδιδράσκουσιν,</span> <span class='ocrx_word' id='word_1_768' title='bbox 3477 5239 3515 5311; x_wconf 80' lang='grc' dir='ltr'><strong>ἦ</strong></span> <span class='ocrx_word' id='word_1_769' title='bbox 3544 5241 3595 5293; x_wconf 78' lang='lat' dir='ltr'><strong>oi</strong></span> <span class='ocrx_word' id='word_1_770' title='bbox 3620 5239 3715 5294; x_wconf 83' lang='grc' dir='ltr'>λα-</span> 
     </span>
    </p>
   </div>
   <div class='ocr_carea' id='block_1_110' title="bbox 2141 5330 3719 5406">
    <p class='ocr_par' dir='ltr' id='par_1_110' title="bbox 2141 5330 3719 5406">
     <span class='ocr_line' id='line_1_110' title="bbox 2141 5330 3719 5406; baseline -0.004 -15"><span class='ocrx_word' id='word_1_771' title='bbox 2141 5337 2275 5406; x_wconf 71' lang='grc' dir='ltr'>γωοὶ</span> <span class='ocrx_word' id='word_1_772' title='bbox 2300 5336 2369 5389; x_wconf 84' lang='grc' dir='ltr'><strong>τά</strong></span> <span class='ocrx_word' id='word_1_773' title='bbox 2401 5334 2610 5389; x_wconf 87' lang='grc' dir='ltr'>δίκτυα.</span> <span class='ocrx_word' id='word_1_774' title='bbox 2639 5336 2702 5389; x_wconf 76' lang='lat' dir='ltr'><strong>Oi</strong></span> <span class='ocrx_word' id='word_1_775' title='bbox 2740 5334 2851 5406; x_wconf 84' lang='grc' dir='ltr'><strong>γάρ</strong></span> <span class='ocrx_word' id='word_1_776' title='bbox 2881 5333 3260 5405; x_wconf 81' lang='grc' dir='ltr'>εὑρισκόμενοι</span> <span class='ocrx_word' id='word_1_777' title='bbox 3342 5330 3719 5401; x_wconf 81' lang='grc' dir='ltr'>μαστίζονται,</span> 
     </span>
    </p>
   </div>
   <div class='ocr_carea' id='block_1_111' title="bbox 2145 5420 3724 5500">
    <p class='ocr_par' dir='ltr' id='par_1_111' title="bbox 2145 5420 3724 5500">
     <span class='ocr_line' id='line_1_111' title="bbox 2145 5420 3724 5500; baseline -0.004 -19"><span class='ocrx_word' id='word_1_778' title='bbox 2145 5427 2551 5500; x_wconf 90' lang='grc' dir='ltr'>παροινοῦνται,</span> <span class='ocrx_word' id='word_1_779' title='bbox 2587 5425 2948 5481; x_wconf 83' lang='grc' dir='ltr'>ἀπολλύουσιν</span> <span class='ocrx_word' id='word_1_780' title='bbox 2990 5424 3058 5478; x_wconf 90' lang='grc' dir='ltr'><strong>τά</strong></span> <span class='ocrx_word' id='word_1_781' title='bbox 3091 5425 3149 5477; x_wconf 76' lang='grc' dir='ltr'>ὲν</span> <span class='ocrx_word' id='word_1_782' title='bbox 3190 5420 3403 5494; x_wconf 76' lang='grc' dir='ltr'>χερσὶν,</span> <span class='ocrx_word' id='word_1_783' title='bbox 3436 5421 3496 5475; x_wconf 79' lang='grc' dir='ltr'>ὲν</span> <span class='ocrx_word' id='word_1_784' title='bbox 3527 5423 3724 5495; x_wconf 79' lang='grc' dir='ltr'>εἰρήνῃ</span> 
     </span>
    </p>
   </div>
   <div class='ocr_carea' id='block_1_112' title="bbox 2146 5511 3724 5590">
    <p class='ocr_par' dir='ltr' id='par_1_112' title="bbox 2146 5511 3724 5590">
     <span class='ocr_line' id='line_1_112' title="bbox 2146 5511 3724 5590; baseline -0.005 -17"><span class='ocrx_word' id='word_1_785' title='bbox 2146 5518 2545 5590; x_wconf 87' lang='grc' dir='ltr'>πολεμοῦνται,</span> <span class='ocrx_word' id='word_1_786' title='bbox 2586 5516 3063 5587; x_wconf 78' lang='grc' dir='ltr'>ἐπιχλευάξονται,</span> <span class='ocrx_word' id='word_1_787' title='bbox 3111 5511 3501 5585; x_wconf 85' lang='grc' dir='ltr'>κωμῳδοῦνται</span> <span class='ocrx_word' id='word_1_788' title='bbox 3544 5512 3724 5581; x_wconf 89' lang='grc' dir='ltr'>λόγοις</span> 
     </span>
    </p>
   </div>
   <div class='ocr_carea' id='block_1_113' title="bbox 2144 5602 3721 5680">
    <p class='ocr_par' dir='ltr' id='par_1_113' title="bbox 2144 5602 3721 5680">
     <span class='ocr_line' id='line_1_113' title="bbox 2144 5602 3721 5680; baseline -0.004 -15"><span class='ocrx_word' id='word_1_789' title='bbox 2144 5611 2240 5665; x_wconf 75' lang='grc' dir='ltr'><strong>καὶ</strong></span> <span class='ocrx_word' id='word_1_790' title='bbox 2296 5609 2510 5680; x_wconf 80' lang='grc' dir='ltr'>ἔργοις·</span> <span class='ocrx_word' id='word_1_791' title='bbox 2561 5607 2896 5679; x_wconf 85' lang='grc' dir='ltr'>πληροῦνται</span> <span class='ocrx_word' id='word_1_792' title='bbox 2942 5608 3041 5679; x_wconf 80' lang='grc' dir='ltr'>τῆς</span> <span class='ocrx_word' id='word_1_793' title='bbox 3088 5605 3302 5678; x_wconf 74' lang='grc' dir='ltr'>ὕϐρεως</span> <span class='ocrx_word' id='word_1_794' title='bbox 3348 5604 3399 5657; x_wconf 80' lang='lat' dir='ltr'><strong>oi</strong></span> <span class='ocrx_word' id='word_1_795' title='bbox 3454 5602 3721 5673; x_wconf 76' lang='grc' dir='ltr'>βέλτιστοι</span> 
     </span>
    </p>
   </div>
   <div class='ocr_carea' id='block_1_114' title="bbox 2144 5693 3717 5773">
    <p class='ocr_par' dir='ltr' id='par_1_114' title="bbox 2144 5693 3717 5773">
     <span class='ocr_line' id='line_1_114' title="bbox 2144 5693 3717 5773; baseline -0.004 -18"><span class='ocrx_word' id='word_1_796' title='bbox 2144 5702 2298 5773; x_wconf 80' lang='grc' dir='ltr'>ήμῶν</span> <span class='ocrx_word' id='word_1_797' title='bbox 2337 5700 2634 5772; x_wconf 85' lang='grc' dir='ltr'>προφῆται,</span> <span class='ocrx_word' id='word_1_798' title='bbox 2680 5699 2746 5754; x_wconf 81' lang='grc' dir='ltr'><strong>τά</strong></span> <span class='ocrx_word' id='word_1_799' title='bbox 2784 5701 3033 5772; x_wconf 87' lang='grc' dir='ltr'>ἀπόνηρα</span> <span class='ocrx_word' id='word_1_800' title='bbox 3073 5698 3208 5764; x_wconf 80' lang='grc' dir='ltr'>ζῶα,</span> <span class='ocrx_word' id='word_1_801' title='bbox 3246 5698 3300 5750; x_wconf 80' lang='grc' dir='ltr'>αξ</span> <span class='ocrx_word' id='word_1_802' title='bbox 3332 5693 3592 5750; x_wconf 74' lang='grc' dir='ltr'>ἀπλοῖκαὶ</span> <span class='ocrx_word' id='word_1_803' title='bbox 3623 5696 3717 5749; x_wconf 75' lang='grc' dir='ltr'><strong>τοῦ</strong></span> 
     </span>
    </p>
   </div>
  </div>
