4090 6146
323 310 427 366 221

1186 316 1463 374 IIOMILIA
1496 319 1584 376 IV.
1622 320 1998 379 ADVERSUS
2039 323 2515 383 KALENDARUM
2548 327 2853 385 FESTUM.

3497 338 3604 387 22'!

324 422 469 477 Θ.οῦ
490 423 722 490 είκόνες,
749 427 798 479 οἱ
828 427 886 480 ἐν
920 427 1206 502 ἐλευθερίᾳ
1238 435 1424 487 πιστοὶ
1450 433 1628 489 δοῦλοι
1660 438 1761 508 τῆς
1781 438 1918 507 ἡμε-

2022 441 2201 511 gines,
2233 443 2320 497 fidi
2357 445 2409 498 in
2442 443 2693 498 libertate
2721 443 2848 498 vitae
2895 451 3092 498 nostrae
3130 442 3272 498 servi
3300 458 3363 498 ac
3392 444 3598 503 famuli.

322 513 490 587 τέρας
515 512 688 606 ζωῆς.
720 514 910 579 Οὕτως
936 517 1039 587 μὲν
1067 513 1162 572 οὖν
1187 521 1237 573 oi
1270 522 1329 574 ὲν
1357 522 1519 590 τέλει,
1546 523 1719 588 οὕτως
1746 525 1915 597 πένη-

2025 531 2121 588 Sic
2152 534 2318 604 igitur
2349 534 2598 589 homines
2618 523 2880 602 dignitate
2912 544 3257 602 praestantes,
3292 535 3371 590 sic
3403 551 3603 606 paupe-

320 624 436 671 τες,
465 605 645 670 οὕτως
677 608 888 674 παιδία,
928 608 1101 674 οὕτως
1131 611 1403 684 ἄγροικοι.
1439 616 1504 668 0i.
1543 616 1642 684 μὲν
1676 619 1786 689 γὰρ
1821 635 1916 688 μο-

2026 638 2132 686 res,
2167 626 2247 679 sic
2274 625 2425 693 pueri
2453 664 2469 688 ,
2497 626 2576 680 sie
2615 625 2839 680 rustici:
2894 626 2982 680 alii
3019 636 3311 693 vexantur,
3332 605 3422 680 alii
3453 605 3605 682 mur-

320 697 564 767 χθοῦσιν,
597 698 648 751 oi
688 698 748 752 δὲ
782 700 1169 770 γογγύζουσιν,
1196 705 1246 757 οἱ
1288 705 1347 759 δὲ
1381 706 1744 777 μανθάνουσιν
1771 707 1808 762 ἃ
1837 709 1912 780 μὴ

322 789 523 842 εἰδέναι
550 787 738 843 καλόν.

392 878 738 951 Σκεςιιὼμεθα
783 880 842 934 δὲ
881 882 1033 946 ὅπως
1083 885 1180 939 καὶ
1221 887 1270 939 οἱ
1311 885 1527 942 ἔνοπλοι
1578 887 1912 960 στρατιῶται

319 972 476 1042 παρά
502 971 709 1044 ταύτης
742 972 1080 1042 ὠφελοῦνται
1113 977 1212 1045 τῆς
1243 978 1464 1050 ἑορτῆς.
1528 980 1624 1044 Είς
1653 981 1912 1053 χρήματα

316 1063 672 1135 ζημιοῦνται,
699 1065 793 1118 καὶ
815 1065 937 1131 ἑνὸς
961 1066 1323 1139 ὲκπτώματος
1354 1070 1546 1141 μισθὸν
1569 1072 1912 1144 προσφέρου-

317 1171 407 1208 σιν
449 1153 541 1208 τόν
590 1157 940 1228 ἐπισιτισμὸν
969 1158 1064 1211 τοῦ
1112 1159 1370 1230 πολέμου.
1419 1163 1512 1225 El;
1550 1163 1788 1234 τρόπους
1815 1165 1912 1217 καὶ

314 1245 425 1317 ἢθη
457 1244 809 1316 βλάπτονται.
837 1251 1187 1305 Μανθάνουσι
1219 1252 1329 1324 γὰρ
1356 1254 1761 1327 ἀνελευθερίαν,
1790 1257 1910 1310 ὲπι-

311 1338 636 1409 τηδεύματα
674 1341 986 1411 σκηνικῶν,
1022 1342 1243 1396 ἔκλυσιν
1280 1343 1376 1397 καὶ
1421 1345 1695 1415 μαλακίαν
1734 1345 1905 1416 ἠθῶν,

313 1430 544 1484 παιδιὰν
571 1431 715 1486 κατὰ
734 1432 846 1488 τῶν
870 1433 1074 1505 νόμων,
1105 1435 1198 1489 καὶ
1224 1436 1323 1506 τῆς
1348 1437 1545 1508 ἀρχῆς,
1567 1433 1637 1508 ἧς
1670 1437 1904 1509 ἐτάχθη-

311 1538 419 1575 σαν
451 1521 717 1590 φύλακες.
747 1522 859 1594 Τὴν
891 1523 1001 1597 γὰρ
1041 1525 1308 1597 μεγίστην
1344 1527 1520 1598 ἀρχὴν
1553 1526 1907 1598 κωμῳδοῦσιν

309 1610 411 1664 καὶ
442 1610 813 1682 διασύρουσιν,
849 1612 1005 1684 ἅρμα
1039 1613 1115 1679 ὡς
1144 1615 1236 1668 ἐπὶ
1266 1614 1474 1685 σκηνῆς
1501 1614 1903 1679 ἀναϐαίνοντες,

309 1701 416 1754 καὶ
457 1700 790 1773 δορυφόρους
832 1703 1250 1775 πεπλασμένους
1294 1704 1761 1777 χειροτονοῦντες.
1809 1706 1905 1761 καὶ

2023 724 2261 780 murant,
2300 714 2521 770 discunt
2546 714 2635 769 alii
2668 730 2791 785 qua:
2817 715 3028 769 nescire
3056 722 3357 785 praestaret.

2095 889 2388 946 Videamus
2414 888 2529 959 jam
2566 889 2697 961 quid
2737 890 2965 946 merenti
3005 890 3060 945 in
3119 891 3285 947 armis
3308 890 3460 946 militi
3496 892 3599 947 hoc

2020 981 2216 1035 festum
2249 982 2437 1052 prosit.
2479 980 2771 1037 Pecuniam
2803 983 3081 1047 amittunt,
3134 984 3401 1053 uniusque
3443 983 3598 1037 luxao

2021 1070 2182 1124 tionis
2244 1070 2590 1137 mercedem,
2633 1069 2885 1124 militaria
2918 1085 3015 1125 sua
3037 1070 3301 1138 stipendia
3327 1070 3595 1124 tribuunt.

2024 1159 2320 1215 Lzedttntur
2356 1176 2533 1215 mores
2582 1177 2647 1216 ac
2701 1160 3009 1231 disciplina.
3062 1161 3394 1217 Coadiscunt
3449 1162 3594 1215 enim

2016 1252 2228 1315 sordes,
2295 1252 2613 1307 iuhonestas
2674 1255 3017 1308 scenicurutn
3078 1261 3227 1307 artes
3268 1268 3333 1306 ac
3393 1252 3591 1314 studia,

2017 1341 2290 1395 mollitiem
2313 1356 2375 1395 ac
2402 1357 2609 1395 morum
2633 1342 3068 1408 dissolutionem,
3094 1342 3250 1397 ludos
3270 1341 3499 1409 denique
3518 1340 3596 1394 le-

2014 1430 2170 1500 gibus
2196 1431 2572 1498 adversantes,
2603 1447 2667 1487 ac
2688 1432 2936 1502 imperio,
2965 1433 3118 1503 cttjus
3155 1442 3282 1488 sunt
3313 1432 3592 1488 constituti

2015 1523 2288 1577 custodes.
2325 1521 2483 1577 Velut
2509 1522 2657 1577 enim
2705 1523 2757 1577 in
2793 1536 2954 1578 scena
2987 1537 3287 1577 conscenso
3313 1537 3497 1588 curru,
3528 1538 3596 1575 ae

2014 1615 2217 1670 lictitiis
2273 1616 2473 1671 creatis
2528 1614 2870 1677 satellitibus,
2932 1612 3203 1683 maiestati
3261 1610 3491 1668 illuduut
3527 1628 3593 1666 ac

2014 1709 2330 1773 detrahunt,
2384 1721 2559 1777 eaque
2621 1708 2799 1776 palam
2853 1720 2917 1761 ac
2975 1705 3186 1776 publice
3217 1705 3442 1774 agitant,
3474 1719 3626 1774 quas

305 1791 556 1864 δημοσίᾳ
587 1793 872 1858 ποιοῦντες
920 1796 990 1848 τὰ
1020 1796 1131 1848 τῶν
1170 1795 1524 1869 ἐξυρημένων
1552 1797 1689 1869 πρὸς
1723 1797 1910 1852 κόνδυ-

2012 1801 2230 1871 propria
2257 1798 2368 1855 sint
2401 1800 2700 1853 mimorum
2731 1813 2796 1853 ac
2827 1799 3151 1853 histrionum
3202 1796 3338 1868 (29).
3372 1796 3481 1852 Sed
3502 1797 3590 1851 illa

307 1883 430 1938 λον.
456 1885 566 1938 Καὶ
586 1884 742 1939 ταῦτ’
769 1885 916 1940 ἔστιν
944 1886 1043 1957 τῆς
1071 1889 1351 1959 πομπείας
1373 1888 1442 1942 τά
1469 1889 1790 1961 σεμνότερα.
1825 1889 1907 1943 Τὰ

303 1974 364 2028 δὲ
393 1974 534 2028 ἄλλα
567 1975 686 2039 πῶς
726 1974 793 2029 ἄν
827 1993 912 2038 τις
949 1976 1126 2043 εἴποις
1167 1978 1259 2046 Μὴ
1308 1979 1404 2032 καὶ
1455 1979 1909 2050 ἐκκαλυψάμενος

304 2066 693 2137 γυναικίζεται
735 2070 764 2122 ὁ
796 2068 1074 2142 ἀριστεὺς,
1115 2072 1144 2124 ό
1171 2071 1264 2124 τὸν
1305 2071 1474 2141 θυμὸν
1520 2071 1838 2143 λεοντώδης,
1877 2073 1909 2125 ὁ

305 2159 459 2231 μετά
515 2160 616 2232 τὴν
654 2160 873 2215 ὅπλισιν
919 2160 1203 2233 θαυματὸς
1241 2162 1474 2235 ὀφθῆναι
1511 2168 1625 2228 τοῖς
1663 2164 1904 2227 οἰκείοις,

303 2253 413 2306 καὶ
455 2252 687 2323 φοϐερὸς
746 2256 863 2318 τοῖς
904 2253 1195 2318 ἐναντίοιςο
1231 2256 1326 2308 καὶ
1378 2256 1472 2310 τὸν
1506 2256 1710 2327 χιτῶνα
1746 2256 1908 2329 μέχρι

299 2346 424 2401 τῶν
452 2346 675 2419 σφυρῶν
697 2346 916 2419 ἀφίησι,
939 2349 1034 2403 καὶ
1056 2350 1170 2412 τοῖς
1192 2349 1436 2420 στέρνοις
1458 2367 1525 2402 πε
1535 2349 1788 2421 ριελίττει
1808 2350 1909 2419 τὴν

304 2438 519 2511 ζώνην,
561 2439 656 2494 καὶ
695 2440 1001 2512 ὑποδήματι
1033 2440 1304 2513 κέχρηται
1331 2442 1648 2513 γυναικείῳ,
1679 2443 1777 2495 καὶ
1813 2443 1907 2497 τὸν

258 2530 263 2534 ’
302 2532 601 2604 κρώὸυλον
647 2532 949 2587 ἐπιτίθεται
994 2535 1063 2604 τῇ
1114 2527 1410 2604 κεφαλῇ,ᾖ
1454 2533 1671 2599 γυναιξὶ
1711 2532 1903 2602 νόμος·

300 2624 413 2677 καὶ
439 2623 597 2694 φέρει
617 2625 718 2697 τὴν
736 2624 1012 2696 ἠλακάτην
1039 2624 1192 2695 ἐρίου
1221 2623 1520 2695 γέμουσαν,
1550 2624 1645 2678 καὶ
1664 2626 1731 2695 τῇ
1755 2622 1908 2697 δεξιᾴ

298 2713 466 2784 νῆμα
499 2713 748 2782 κατάγει,
775 2717 841 2786 τῇ
865 2730 997 2767 ποτε
1024 2712 1269 2785 φερούσῃ
1289 2713 1350 2766 τὸ
1372 2713 1635 2784 τρόπαιον
1654 2729 1669 2743 ·
1700 2714 1795 2767 καὶ
1814 2713 1906 2768 τὸν

296 2806 464 2860 τόνον
492 2807 595 2877 τῆς
619 2806 799 2878 ψυχῆς
827 2806 1193 2871 ἐναλλάττων,
1227 2807 1288 2860 τὸ
1314 2804 1570 2878 ὀξύτερον
1598 2806 1692 2861 καὶ
1715 2823 1907 2875 γυναι-

301 2897 483 2962 κῶδες
503 2898 803 2969 φθέγγεται
823 2915 838 2963 ;
854 2897 1042 2953 Ταῦτα
1065 2897 1168 2968 τῆς
1183 2896 1543 2969 πανηγύρεως
1560 2898 1630 2953 τὰ
1649 2900 1866 2971 χρηστά
1883 2914 1897 2929 ’

297 2991 484 3047 ταῦτα
507 2992 611 3063 τῆς
634 2992 919 3065 πανδήμου
943 2992 1138 3065 ἑορτῆς
1160 2991 1230 3046 τά
1259 2992 1609 3065 συμφέροντα
1632 2993 1898 3064 σήμερον.

2013 1901 2187 1946 tamen
2249 1905 2454 1960 pompae
2517 1891 2854 1962 augustiora.
2911 1888 3114 1944 Cretera
3174 1890 3296 1958 quis
3346 1887 3596 1942 enarret?

2010 1982 2200 2037 Nonne
2236 1983 2493 2048 nudatus,
2521 1982 2571 2036 in
2632 1982 2981 2036 meretricum
3034 1994 3100 2034 ac
3129 1979 3456 2034 feminarum
3486 1999 3515 2028 ιι
3539 1993 3593 2032 o-

2012 2088 2124 2127 rem
2148 2072 2352 2126 vultum
2374 2072 2724 2140 habitumque
2739 2070 3036 2141 componit,
3056 2069 3148 2126 ille
3169 2078 3446 2133 strenuus,
3477 2069 3592 2124 leo-

2010 2163 2124 2217 nini
2182 2162 2271 2218 ille
2304 2163 2539 2233 pectoris
2601 2177 2665 2215 ac
2697 2160 2932 2227 roboris,
2990 2159 3080 2230 ille
3137 2160 3188 2215 in
3244 2159 3434 2225 armis,
3467 2173 3591 2213 cum

2009 2255 2122 2309 suis
2143 2263 2366 2324 aspectu
2396 2253 2679 2317 mirabilis,
2710 2263 2821 2307 tum
2843 2251 3206 2307 formidabilis
3232 2252 3592 2315 ltostibus;ac

2011 2345 2081 2400 ad
2123 2345 2261 2400 talos
2291 2359 2466 2415 usque
2529 2345 2766 2399 tunicam
2821 2344 3080 2410 demittit,
3128 2358 3322 2397 zonam
3384 2341 3589 2412 pectori

2010 2433 2418 2500 circumvolvit,
2436 2433 2806 2488 raleeamenta
2831 2431 3115 2487 muliebria
3139 2431 3326 2496 sumit,
3359 2441 3414 2485 et
3443 2447 3593 2485 more

2009 2526 2360 2590 feminarum,
2428 2525 2592 2594 eapiti
2636 2523 2915 2594 crohylum
2947 2538 3014 2577 ac
3065 2523 3285 2595 plexnra
3321 2523 3588 2588 imponit;

2008 2621 2139 2691 quin
2183 2621 2347 2676 etiam
2387 2620 2509 2674 lana
2583 2616 2797 2687 plenam
2822 2617 3000 2672 colum
3029 2625 3228 2695 gestat,
3273 2630 3339 2671 ac
3366 2617 3589 2670 dextera

2009 2713 2155 2767 filum
2205 2713 2375 2777 ducit,
2421 2727 2527 2782 qua
2558 2723 2816 2783 trepaeum
2849 2718 2975 2766 ante
3006 2710 3161 2778 tulit;
3198 2710 3471 2778 animique
3508 2719 3591 2763 te-

2012 2818 2198 2859 norem
2233 2806 2554 2869 immutans,
2598 2805 2648 2858 in
2699 2805 2996 2859 acutiorem
3024 2819 3088 2859 ac
3130 2803 3443 2860 muliebrem
3503 2817 3593 2857 so-

2008 2913 2137 2952 num
2166 2912 2352 2952 vorem
2390 2897 2686 2951 extenuat?
2746 2897 2839 2952 lite
2863 2897 3198 2952 celebritatis
3231 2897 3397 2963 hujus
3432 2895 3586 2948 utili-

2013 3000 2180 3056 tates,
2212 2990 2326 3045 hwc
2353 2990 2605 3046 hodierni
2637 2989 2852 3060 publico
2878 3001 3148 3046 conventu
3177 2989 3322 3055 festi,
3348 3004 3590 3045 commo-

2011 3088 2074 3139 da
2104 3101 2169 3139 ac
2187 3086 2418 3139 fructus.

377 3170 492 3224 Καὶ
527 3171 577 3225 oi
616 3172 717 3244 τῆς
742 3173 988 3244 κορυφῆς
1016 3172 1123 3227 τῶν
1156 3172 1483 3244 ἀξιωμάτων
1527 3171 1901 3245 ἀνθρωπικῶν

2077 3176 2218 3243 Quin
2248 3186 2303 3231 et
2332 3175 2607 3240 consules,
2668 3175 2853 3247 inclyti
2893 3174 2994 3234 illi,
3020 3188 3085 3227 ac
3114 3173 3180 3227 ad
3225 3174 3587 3228 humanarum

294 3261 620 3328 ἐπιϐάντες,
656 3265 708 3318 οἱ
738 3264 1167 3337 πολυθρύλλητοι
1216 3264 1434 3327 ὕπατοι,
1465 3266 1534 3336 τῇ
1574 3264 1899 3336 ματαίοτητι

292 3353 587 3408 δαπανῶσι
628 3345 720 3409 τὸν
753 3355 1017 3419 πλοῦτον,
1073 3356 1283 3425 σωροὺς
1335 3354 1637 3425 χρημάτων
1673 3352 1902 3425 σκορπί-

294 3446 513 3509 ζοντες,
543 3445 625 3508 είς
653 3445 937 3516 ἀκαρπίαν
959 3444 1329 3516 δικαιοσύνης,
1361 3447 1455 3498 καὶ
1491 3444 1698 3517 καρπὸν
1722 3445 1903 3516 ἁμαρ-

292 3535 458 3597 τίας-θ
482 3527 557 3587 ὧν
578 3535 834 3590 τοσοῦτον
865 3537 1172 3607 περιφανὴς
1197 3542 1228 3608 ἡ
1265 3537 1543 3609 ἀφροσύνη
1569 3577 1584 3599 ,
1614 3538 1736 3591 ὅσον
1770 3537 1904 3607 ῧψτιο

293 3626 396 3689 λὸς
432 3626 461 3678 ὁ
495 3623 702 3696 θρόνος.
746 3625 970 3690 Πολλοῖς
1008 3626 1117 3698 γὰρ
1140 3627 1510 3697 ἀνθρωπικοῖς
1536 3626 1904 3697 ἐμϐατεύσαν-

294 3736 397 3780 τες
444 3717 680 3788 θρόνοις.
715 3718 812 3772 καὶ
855 3716 955 3780 τὰς
990 3716 1251 3788 μεγίστας
1283 3719 1381 3789 τῆς
1407 3718 1684 3789 βασιλείας
1724 3716 1902 3790 ἀρχάς

292 3812 704 3882 διοικήσαντες,
756 3810 1126 3882 λαμϐάνωσιν
1160 3811 1353 3879 ἀφειδί
1367 3829 1396 3874 ς
1434 3813 1544 3865 ἀπὸ
1598 3812 1782 3883 πάσης
1832 3811 1902 3866 τά

294 3904 534 3958 πλεῖστα
553 3922 568 3936 ο
604 3906 655 3959 οἱ
691 3904 792 3975 μὲν
820 3905 1067 3976 πενήτων
1099 3903 1455 3974 στρατιωτῶν
1486 3904 1549 3956 τὸ
1593 3903 1901 3974 σιτηρέσιον

297 3996 791 4068 σφετερισάμενοι.
828 3995 977 4050 ἄλλοι
1015 3995 1079 4051 τὸ
1121 3995 1330 4049 δίκαιον
1367 3994 1463 4049 καὶ
1501 3994 1599 4066 τὴν
1641 3995 1901 4066 ἀλήθειαν

297 4086 577 4150 πολλάκις
604 4086 984 4158 πωλήσαντες,
1031 4086 1127 4140 καὶ
1165 4085 1273 4139 τῶν
1313 4084 1609 4155 βασιλικῶν
1636 4086 1901 4157 ταμιείων
1926 4147 1943 4160 η

294 4179 486 4250 ἕτεροι
520 4178 730 4248 ἄφατον
769 4177 1195 4251 ὲξαντλήσαντες
1234 4177 1485 4242 πλοῦτον,
1523 4178 1619 4231 καὶ
1651 4176 1720 4230 τὰ
1760 4195 1900 4232 παν-

294 4269 535 4342 ταχόθεν
570 4270 876 4335 σπουδαίως
923 4269 1315 4343 ἀθροίσαντες·
1362 4269 1685 4339 φεισάμενοι
1716 4267 1775 4321 δὲ
1811 4270 1903 4322 οὑ-

211 4349 219 4355 ’
294 4364 452 4429 δενὸς
509 4363 821 4435 λήμματος,
871 4364 973 4417 οὐκ
1028 4360 1333 4435 ἀπρεποῦς,
1386 4361 1488 4414 οὐκ
1536 4360 1762 4414 ἀδίκου·
1807 4362 1904 4417 καὶ

297 4455 437 4508 Θεὸν
470 4454 870 4526 παροξύνοντες
894 4454 1275 4527 προκάθηνται
1301 4452 1418 4519 νῦν,
1448 4453 1542 4507 καὶ
1572 4453 1690 4524 μετ’
1716 4452 1898 4523 ὀλίγον

298 4548 545 4619 ἡνιόχοις
571 4547 887 4620 μερίζοντες
912 4546 1003 4600 τὸν
1033 4546 1265 4619 χρυσὸν,
1299 4546 1396 4599 καὶ
1428 4545 1696 4616 αὐληταῖς
1729 4562 1895 4599 ’Διακο⁴
1930 4532 1974 4586 D

297 4641 543 4711 δαίμοσι,
576 4639 671 4694 καὶ
699 4640 911 4711 μίμοις,
936 4641 1029 4693 καὶ
1057 4639 1374 4710 ὀρχησταῖς,
1400 4638 1498 4693 καὶ
1524 4637 1894 4708 ἀνδρογύνοις,

302 4735 395 4787 καὶ
420 4734 641 4802 γυναιξὶ
664 4735 910 4806 πόρναις,
936 4732 1098 4787 ὤνιον
1124 4731 1493 4803 παρεχούσαις
1521 4730 1600 4801 τῷ
1627 4730 1808 4802 δημίῳ
1835 4730 1898 4784 τὸ

304 4826 464 4896 σῶμα
489 4844 504 4857 ·
538 4826 634 4878 καὶ
674 4821 832 4890 αὖθις
872 4824 1229 4897 θηριομάχοις
1270 4825 1491 4895 μιαροῖς
1534 4821 1630 4877 καὶ
1682 4820 1902 4875 ἀνελπί-

304 4933 471 4980 στοις,
500 4918 597 4971 atati.
627 4917 813 4981 αὐτοῖς
835 4919 948 4982 τοῖς
970 4916 1199 4986 θηρίοις.
1234 4914 1507 4988 Πρόδηλον
1531 4913 1664 4985 γὰρ,
1700 4914 1777 4977 ὼς
1801 4912 1899 4967 καὶ

300 5008 370 5061 τὰ
414 5008 579 5080 θηρία
621 5006 819 5081 τρέφει
847 5008 1048 5081 χρυσός
1070 5025 1084 5038 ·
1111 5010 1224 5071 τοῖς
1269 5007 1366 5079 μὲν
1399 5007 1467 5061 τά
1499 5007 1660 5079 κρέα,
1695 5007 1808 5068 τοῖς
1837 5005 1897 5059 δὲ

304 5096 404 5170 τὴν
448 5099 631 5170 μάζαν
688 5098 1019 5165 ὠνούμενος.
1073 5098 1262 5154 Ταῦτα
1302 5100 1357 5154 δὲ
1397 5099 1576 5155 πάντα
1612 5100 1894 5171 προΐενται

373 5279 486 5348 (29)
515 5278 647 5345 Qua:
688 5280 905 5347 propria
961 5281 1060 5335 sint
1117 5281 1399 5334 mimorum
1444 5298 1506 5335 ac
1551 5282 1887 5336 histrionum.

302 5348 427 5403 Τῶν
454 5350 831 5421 ,ἐξυρημένων
873 5350 1014 5420 πρὸς
1048 5350 1332 5405 κόνδυλονο
1363 5350 1468 5415 Qui
1504 5352 1611 5404 ι·αεὶ
1655 5359 1778 5404 sunt
1818 5352 1888 5404 ad

303 5420 462 5490 pugni
507 5418 689 5473 ierunt.
717 5418 950 5490 ‘Videtttr
981 5435 1074 5476 eos
1119 5421 1383 5487 indicare,
1413 5422 1503 5490 qui
1555 5421 1607 5474 in
1655 5433 1885 5488 gratiam

306 5489 534 5544 aliorum
578 5490 794 5544 abrasis
845 5489 969 5559 pilis
1024 5506 1145 5546 sese
1197 5491 1393 5547 ictibus
1435 5489 1790 5558 'objieiebaut,
1826 5491 1892 5545 de

305 5560 499 5628 quibus
529 5561 697 5614 etiam
732 5571 929 5614 auctor
972 5561 1204 5615 homilize
1236 5559 1377 5630 Περὶ
1415 5560 1753 5624 πολιτείας,
1793 5576 1890 5613 nu-

306 5644 401 5702 per
429 5645 459 5684 a
487 5630 646 5702 nobis
680 5631 904 5702 nomine
936 5630 1308 5702 Chrysostmni
1345 5631 1523 5686 editze.
1580 5632 1732 5698 Quod
1771 5639 1887 5702 sta-

307 5699 399 5772 tim
432 5700 717 5772 sequitur;
753 5698 830 5769 μὴ
867 5700 959 5752 καὶ
991 5698 1474 5772 ἐκκαλυψάμενοςδ
1510 5703 1778 5769 interpres
1811 5699 1887 5772 le-

305 5769 403 5839 git,
429 5769 916 5842 ὲγκαλυψάμενοςσ
958 5773 1051 5827 scd
1086 5788 1190 5828 non
1215 5769 1395 5829 ausim
1430 5781 1639 5827 mutare
1678 5788 1690 5825 :
1718 5771 1888 5842 possit

2006 3268 2329 3336 dignitatum
2355 3265 2630 3336 fastigium
2655 3267 2850 3332 evecti,
2881 3265 3027 3318 inani
3049 3263 3359 3332 profusiOue
3380 3262 3590 3330 sparsis

2002 3374 2346 3416 nummorum
2409 3359 2681 3423 cumulis,
2739 3373 2872 3426 opes
2943 3356 3319 3420 exhauriunt,
3364 3354 3561 3410 nedum

2007 3449 2150 3504 nullo
2179 3449 2404 3517 justitiat
2466 3449 2667 3513 fructu,
2703 3464 2889 3503 verum
2927 3447 3091 3503 etiam
3161 3461 3284 3500 cum
3320 3456 3584 3515 peccato:

2003 3556 2232 3611 quorum
2264 3556 2426 3611 quant
2455 3540 2703 3595 sublimis
2735 3541 2986 3604 thronus,
3015 3549 3120 3593 tam
3141 3538 3405 3609 insignem
3437 3538 3588 3592 ditas

2004 3633 2350 3690 dementiam.
2380 3632 2577 3688 Multus
2627 3632 2771 3688 enim
2814 3631 3165 3699 magistratus
3209 3642 3586 3699 capessentes,

2004 3740 2068 3780 ac
2127 3723 2495 3794 amplissimas
2584 3723 2797 3794 imperii
2848 3722 3156 3778 obtinentes
3206 3721 3590 3792 praefecturas,

2002 3831 2162 3885 quam
2195 3815 2455 3884 plurimas
2504 3830 2635 3885 epes
2685 3830 2752 3870 ex
2795 3831 2857 3871 re
2908 3816 3151 3886 qualibet
3176 3824 3589 3870 exstruerestu-

2004 3910 2136 3962 dent
2171 3906 2299 3961 :alii
2331 3908 2551 3977 quidem
2601 3922 2894 3977 pauperum
2943 3908 3172 3963 militum
3228 3908 3495 3978 stipendia
3533 3907 3589 3962 iu

2007 4014 2161 4053 suam
2185 4013 2295 4053 rem
2322 4007 2627 4062 vertentes;
2665 3997 2756 4053 alii
2788 3998 2880 4069 jus
2911 4012 3207 4068 verumque
3260 3998 3404 4052 haud
3441 4012 3588 4060 raro,

2005 4090 2182 4160 pretio
2211 4092 2560 4156 addicentes;
2586 4090 2678 4144 alii
2707 4091 2997 4145 thesauros
3030 4105 3329 4160 gasatnque
3384 4090 3587 4157 regiam

2006 4184 2273 4237 immenso
2308 4196 2418 4236 tere
2450 4181 2855 4251 depeculantes,
2885 4196 2949 4236 ac
2992 4181 3177 4247 munia
3202 4180 3442 4247 undique
3470 4190 3588 4232 stu-

2004 4276 2095 4327 dio
2126 4283 2556 4336 coacervanles,
2580 4273 2750 4337 nullo,
2781 4272 2865 4326 Vri
2899 4271 3112 4337 infami,
3153 4270 3237 4323 vel
3270 4271 3457 4339 iniquo
3488 4284 3590 4323 nea

2004 4365 2180 4436 glecto
2237 4364 2428 4430 lucro,
2502 4365 2856 4433 divinumque
2916 4361 3306 4417 exacerbautes
3359 4373 3594 4425 nomen,

2006 4478 2151 4517 nunc
2182 4461 2498 4533 praesident,
2530 4477 2595 4517 ac
2629 4460 2779 4515 brevi
2814 4467 2941 4529 post
2969 4459 3022 4513 in
3056 4456 3298 4527 aurigas,
3322 4455 3587 4511 miseros-

2003 4569 2110 4623 que
2167 4554 2457 4618 tibicines,
2514 4552 2733 4616 mimos,
2780 4551 3099 4614 saltatores,
3150 4547 3446 4619 spadenes,
3476 4546 3592 4600 vim

2004 4647 2122 4699 auri
2156 4656 2479 4716 congestam
2515 4641 2889 4698 distribuunt:
2941 4656 3043 4697 nec
3072 4654 3181 4696 non
3212 4640 3266 4694 in
3295 4637 3589 4693 muliercu-

2005 4738 2180 4792 larum
2218 4736 2505 4806 propudia,
2542 4735 2637 4790 νὶιὶ
2666 4735 2869 4804 cuique
2897 4748 2961 4788 se
2991 4732 3202 4805 plebeio
3233 4730 3289 4786 in
3329 4744 3442 4785 rem
3472 4739 3588 4784 tur-

2004 4842 2127 4898 pem
2156 4825 2364 4880 venalia
2403 4843 2418 4879 :
2480 4837 2807 4895 rursumque
2852 4824 2909 4879 in
2951 4820 3370 4883 scelestissimos
3402 4816 3587 4888 pretii-

2004 4918 2422 4987 galissimosqne
2455 4916 2817 4985 gladiatores,
2883 4913 3141 4982 ipsasque
3185 4911 3325 4967 adeo
3357 4907 3586 4965 belluas.

2005 5006 2198 5078 Liquet
2228 5006 2372 5060 enim
2401 5006 2566 5060 etiam
2590 5005 2658 5060 iis
2691 5003 2902 5059 alendis
2925 5017 3063 5071 opus
3082 5011 3587 5068 auro,sumptuque

2002 5099 2055 5154 in
2097 5114 2288 5154 carnes
2342 5107 2434 5154 aut
2486 5112 2717 5152 mazam.
2758 5097 2837 5150 Ea
2867 5109 3031 5165 porro
3096 5092 3299 5160 omnia,
3348 5106 3412 5147 ea
3449 5091 3585 5146 duu-

1999 5284 2144 5337 enim
2182 5281 2407 5352 intelligi
2452 5278 2608 5352 miles
2643 5275 2904 5352 ejusmodi
2945 5273 3418 5352 ἐκκαλύπτεσθαι,
3458 5275 3583 5352 quia

1997 5353 2336 5425 chlamydem
2357 5343 2440 5405 “ac
2481 5343 2735 5425 militaria
2769 5346 3233 5425 alia_ornameuta_
3262 5351 3427 5425 exuat
3454 5343 3584 5425 :‘vel

1997 5425 2160 5495 etiam
2182 5414 2324 5495 'quia
2361 5421 2671 5495 meretricia
2705 5418 2851 5495 velut
2882 5415 3059 5495 fronte
3111 5430 3174 5495 ac
3218 5414 3584 5495 impudenter,

1998 5483 2254 5547 feminam
2284 5491 2577 5552 induendo,
2610 5500 2755 5559 agat.
2790 5487 2872 5561 Ae
2887 5485 3234 5561 neefemina‘.
3266 5483 3408 5561 denti
3440 5483 3583 5535 lani-

2000 5562 2120 5617 licio
2156 5565 2377 5617 intenta:
2403 5578 2463 5617 os
2492 5553 2697 5632 velan't,
2733 5558 2873 5627 quod
2916 5555 3193 5632 Rubenius
3227 5553 3401 5606 reddit
3456 5563 3580 5632 ean.

1999 5647 2205 5696 vocem,
2238 5648 2376 5702 quas
2410 5631 2662 5686 Asterius
2709 5626 2930 5699 agentes
2979 5626 3177 5681 milites
3214 5635 3337 5677 cum
3389 5626 3584 5690 primis

1996 5717 2057 5756 ex
2069 5713 2252 5773 agitat.
