4090 6146
496 334 606 391 213

1813 362 1871 416 S.
1917 361 2190 418 ASTEBII
2233 367 2534 424 AMASENI

3647 380 3753 434 2'26

503 457 652 505 taxat
681 451 912 518 ratione,
957 468 1214 528 promunt
1259 464 1679 537 prodiguntque,
1737 481 1796 526 ut
1843 474 2048 542 ipsorum

2151 531 2153 540 ,
2186 481 2331 551 ὑπὲρ
2353 485 2479 551 μιᾶς
2511 485 2765 556 σπουδῆς,
2810 487 2893 540 ἵνα
2926 487 2989 541 τὰ
3017 489 3256 559 ὀνόματα
3294 492 3599 547 αὐτῶντῶν
3631 511 3755 550 συν-

499 543 716 594 nomina
753 548 1124 604 contractibus
1154 566 1218 606 ac
1264 553 1575 621 diplomalis
1630 563 2068 628 prmscribautur.

497 631 542 687 Ο
572 635 891 692 stultitiam!
922 653 956 692 ο
993 642 1288 697 ca'citatem
1325 646 1338 699 !
1378 646 1668 705 Pollicetur
1691 652 1830 708 Deus
1859 669 2071 721 eorum,

497 725 588 791 qui
627 725 679 777 in
707 739 1000 796 pauperum
1055 731 1206 788 cibos
1251 749 1348 788 sua
1375 749 1619 807 erogaut,
1652 744 1866 796 nomina
1924 745 2072 801 libris

497 814 656 876 viris,
694 816 1098 877 immortalibus
1134 823 1259 891 illis,
1289 841 1352 878 ac
1403 829 1529 882 nulli
1587 833 1833 888 obnoxiis
1887 851 2074 889 corru-

496 906 688 973 ptioni,
741 911 1064 978 inscriptum
1121 916 1205 982 iri,
1251 932 1386 984 quos
1434 935 1609 988 neque
1667 924 1843 988 tim-te,
1898 942 2072 995 neque

499 1004 714 1061 tempus
743 1001 1030 1056 absument
1060 1003 1137 1069 ⁶⁷;
1185 1015 1239 1058 ιιι
1276 1017 1477 1072 autem,
1510 1026 1579 1064 ne
1623 1011 1721 1067 hos
1743 1013 1912 1068 libros
1940 1015 2071 1070 aﬂ'e-

491 1087 645 1141 clas?
678 1090 877 1144 nullam
905 1101 1184 1149 tantorum
1233 1100 1624 1165 promissorum
1677 1106 1938 1162 rationem
1975 1109 2070 1162 ha-

490 1176 629 1231 bes?
661 1196 764 1233 nou
821 1186 1094 1241 memoriae
1143 1187 1376 1252 divinae.
1457 1192 1502 1247 is
1555 1195 1750 1264 quippe
1803 1199 1937 1254 liber
1981 1203 2068 1258 ille

488 1268 641 1322 virus
667 1279 779 1335 est,
838 1273 1060 1330 inscribi
1113 1277 1370 1348 inligique
1427 1286 1670 1341 studes?
1727 1287 1832 1344 Sed
1880 1305 2064 1349 contra

490 1362 668 1429 magni
725 1363 859 1419 facis
911 1380 943 1420 a
985 1369 1266 1426 tabulariis
1323 1377 1565 1442 exarari;
1631 1394 1660 1432 a
1712 1387 2065 1454 mangouibus

489 1437 811 1519 praedicari;
846 1470 875 1509 a
931 1457 1128 1514 vilibus
1181 1462 1556 1523 adulatoribus
1621 1470 1812 1539 plausu
1845 1475 2058 1546 excipi;

488 1541 662 1596 malus
692 1545 940 1602 utilitatis
967 1552 1187 1614 arbiter,
1233 1553 1447 1623 ineptus
1475 1568 1530 1614 et
1569 1562 1854 1632 imperitus
1883 1541 2060 1624 rerum

485 1633 803 1690 aestimator.
837 1637 1108 1696 Oblazsum
1144 1660 1434 1716 pauperem
1467 1668 1774 1723 munerare,
1809 1675 1916 1714 non
1949 1662 2062 1718 dis-

482 1723 715 1779 solutum
749 1730 1013 1786 tntisicum
1043 1752 1058 1802 ;
1094 1736 1267 1792 vidua:
1293 1741 1569 1810 impertire
1593 1761 1711 1816 quae
1737 1761 1947 1820 scorto;
1977 1770 2061 1809 se-

2176 569 2537 642 αλλαγμάτων
2608 577 3013 646 προγράφηται.
3059 580 3124 632 Ὠ
3164 579 3264 648 τῆς
3305 580 3517 643 άνοίαςί
3569 582 3615 634 ὣ
3652 584 3753 654 τῆς

2174 663 2534 736 τυφλότητοςί
2570 665 2703 729 Θεὸς
2745 668 3166 736 ἀπαγγέλλεται,
3209 669 3318 723 τῶν
3351 673 3752 744 πτωχοτρόφων

2171 753 2243 807 τὰ
2287 755 2522 826 ὀνόματα
2567 756 2768 826 βίϐλοις
2797 759 2999 823 ζὼσαις
3033 761 3353 831 ἐγγράφειν,
3389 766 3506 827 ταῖς
3550 764 3754 819 ἀθανά-

2170 863 2306 909 τοις,
2363 850 2483 912 ταῖς
2534 849 2904 921 ἀδιαφθόροις,
2964 852 3030 915 ἃς
3067 852 3162 923 σὴς
3194 854 3294 906 οὐκ
3341 854 3610 924 ἀφανίζει,
3655 859 3750 910 καὶ

2170 939 2360 1010 χρόνος
2392 942 2492 994 οὐκ
2517 941 2788 1012 ἐξαλείφει
2808 961 2822 974 ·
2854 944 3122 997 κάκείνων
3147 945 3254 998 τῶν
3281 948 3626 1018 γραμμάτων
3649 950 3748 1002 οὐκ

2169 1031 2320 1102 ἐρᾷς.
2367 1033 2487 1086 οὐδέ
2531 1033 2688 1103 λόγον
2739 1035 2860 1090 τινὰ
2890 1041 3016 1108 ποιῇ
3049 1038 3151 1108 τῆς
3197 1041 3468 1111 μακαρίας
3511 1043 3750 1112 ἐπαγγε-

2167 1121 2319 1188 λίας,
2353 1124 2474 1177 ούδέ
2507 1127 2573 1197 τῇ
2611 1128 2797 1198 μνήμῃ
2839 1128 2933 1181 τοῦ
2978 1130 3115 1183 Θεοῦ
3157 1132 3500 1203 ἐγγραφῆναι
3527 1135 3744 1205 ζητεῖςς

2167 1213 2338 1265 Τοῦτο
2369 1215 2480 1286 γάρ
2511 1217 2658 1270 ἐστιν
2692 1220 2723 1288 ἡ
2757 1219 2936 1288 βίϐλος
2982 1223 3015 1292 ή
3061 1223 3231 1286 ζῶσα.
3272 1225 3407 1296 Περὶ
3443 1226 3638 1280 πολλοῦ
3688 1229 3745 1280 δὲ

2165 1305 2293 1375 ποιῇ
2343 1306 2496 1378 παρά
2535 1308 2644 1361 τῶν
2695 1310 3222 1384 συμϐολαιογράφων
3268 1318 3596 1387 γράφεσθαι,
3650 1322 3745 1373 καὶ

2165 1397 2316 1469 παρὰ
2350 1398 2461 1451 τῶν
2501 1400 2821 1472 ὠνουμένων
2859 1405 2928 1458 τὰ
2961 1407 3272 1476 ἀνδράποδα
3315 1409 3616 1478 λαλεῖσθαι,
3649 1417 3744 1468 καὶ

2163 1490 2470 1560 κροτεῖσθαι
2497 1491 2647 1563 παρά
2676 1494 2928 1565 δημοτῶν
2954 1497 3222 1566 κολάκων,
3242 1506 3410 1567 κακὸς
3428 1505 3528 1576 τῆς
3555 1507 3744 1577 χρείας

2161 1577 2272 1630 τῶν
2321 1582 2661 1652 πραγμάτων
2713 1585 2928 1657 κρίτης,
2986 1588 3213 1660 ἀνόητος
3263 1593 3600 1665 δοκιμαστὴς
3645 1600 3740 1651 τοῦ

2164 1671 2550 1742 συμφέροντος.
2579 1675 2679 1738 Δὸς
2704 1675 2783 1746 τῷ
2803 1675 3164 1751 λελωϐημένῳ
3187 1684 3406 1755 πτωχῷ,
3442 1687 3536 1739 καὶ
3565 1688 3740 1760 μήτῷ

2160 1760 2440 1834 λελυμένῳ
2493 1768 2776 1838 μουσικῷ·
2823 1771 3043 1843 χάρισαι
3102 1775 3211 1846 πρὸ
3255 1778 3353 1846 τῆς
3405 1778 3612 1851 πόρνης
3668 1785 3734 1853 τῇ

483 1825 630 1869 creta
660 1818 880 1874 claustri
913 1823 1128 1880 silentia
1175 1827 1403 1887 honeste
1456 1836 1721 1892 colentem
1749 1839 1910 1906 dona,
1935 1818 2048 1914 pra

483 1909 784 1938 nm.ca:l...ln
808 1929 820 1938 .
856 1913 1066 1938 :-.....:_-
1105 1918 1160 1938 Al-
1194 1935 1306 1938 -_-,,
1417 1925 1428 1936 ι
1500 1928 1511 1938 .
1781 1932 1809 1938 λ
2017 1936 2027 1938 _

2295 1818 2306 1834 .
2411 1821 2422 1834 .
2493 1818 2553 1836 .~
2860 1818 2893 1825 ν
2935 1818 3043 1828 ---.
3109 1818 3143 1828 --
3185 1818 3210 1827 ν
3267 1818 3352 1840 ..τ
3411 1818 3475 1831 ..ν
3523 1818 3609 1844 ..ς
3679 1818 3719 1852 ι,

2159 1853 2340 1925 χήρα·
2375 1855 2482 1927 πρὸ
2512 1858 2612 1928 τῆς
2659 1818 2924 1931 δημοσίαέ
2947 1906 2961 1928 ,
3009 1868 3076 1937 τῇ
3131 1818 3344 1938 ’ἐμνῶὲ
3383 1818 3736 1925 κατιόικέκλειἐ

481 1909 822 1977 proStibulo;
856 1913 1069 1982 inquire
1099 1918 1166 1972 de
1189 1935 1342 1976 sacra
1379 1925 1587 1996 virgine
1624 1944 1744 1998 qua:
1779 1932 1887 1987 Deo
1915 1909 2058 2003 psal-

479 1996 574 2058 lat,
611 1998 790 2070 sitque
818 2003 873 2056 iu
907 2004 1024 2069 ejus
1059 2008 1227 2065 eﬂ'usa
1264 2011 1476 2080 laudes,
1505 1996 1735 2089 odioque
1756 1996 2053 2093 liabepsal-

481 2087 645 2142 triam
680 2092 1124 2164 inrerccundam,
1175 2116 1296 2170 quae
1341 2108 1567 2162 necdum
1602 2087 1890 2180 conspecta
1925 2131 2055 2172 ocu-

479 2177 572 2244 lis,
603 2184 874 2240 modulata
908 2203 1039 2244 voce
1060 2190 1371 2250 luxuriosos
1404 2197 1798 2274 velutaucupio
1832 2217 2052 2276 captet;

477 2276 792 2330 necessaria
820 2278 982 2333 victui
1035 2283 1283 2352 orphano
1330 2287 1530 2356 praebe,
1565 2307 1852 2362 pauperem
1883 2299 2052 2356 libera

473 2361 653 2417 alieno
679 2380 808 2430 tere,
866 2370 1187 2442 visurus-que
1244 2388 1304 2429 es
1371 2381 1754 2450 sempiternam
1799 2387 2048 2456 gloriam.

479 2451 548 2504 At
581 2462 634 2504 tu
675 2456 861 2512 oculos
887 2473 1121 2516 evacuas
1158 2463 1208 2517 in
1240 2473 1452 2536 turpem
1514 2471 1717 2538 ludum,
1775 2451 2054 2552 risumque

479 2543 792 2599 indecorum
817 2564 883 2602 ac
921 2549 1294 2621 inconditum;
1342 2572 1519 2626 neque
1548 2565 1862 2624 consideras
1885 2543 2048 2639 quam

476 2634 670 2691 multas
693 2652 984 2708 pauperum
1019 2643 1268 2714 largiar-is
1296 2647 1590 2721 Iacrymas,
1618 2671 1714 2725 per
1763 2676 1899 2730 quas
1920 2679 2051 2734 opes

475 2726 576 2780 illae
603 2738 708 2782 tute
732 2731 976 2787 coullata:
998 2745 1158 2801 sunt;
1188 2753 1350 2805 quam
1388 2743 1539 2796 multi
1581 2746 1632 2798 in
1684 2753 1894 2806 vincula
1923 2770 2050 2810 con-

471 2816 593 2883 iecti
629 2818 882 2886 fuerunt;
924 2837 1088 2892 quam
1123 2828 1275 2882 multi
1330 2835 1633 2903 verberati;
1680 2843 1866 2907 quanti
1893 2845 2047 2900 deui-

472 2925 577 2976 que
610 2910 780 2981 digito
825 2913 894 2966 ad
951 2917 1137 2970 restim
1197 2933 1562 2990 accesserunt,
1615 2938 1673 2982 ut
1710 2943 2046 3003 suppeteret,

475 3002 616 3065 quod
645 3002 696 3054 in
725 3004 970 3060 scenicos
1008 3009 1169 3064 hodie
1191 3011 1537 3072 etiunderes?
1567 3019 1632 3074 Et
1664 3023 1810 3091 quis,
1837 3002 2044 3096 quaeso,

475 3091 636 3145 linis?
675 3093 871 3164 Utique
895 3100 1133 3156 vanitas.
1191 3103 1318 3160 Post
1351 3111 1557 3176 omnia,
1613 3091 2046 3184 exiguus—tumo;

471 3182 586 3250 lus;
625 3188 812 3254 paucis
859 3190 1034 3247 obolis
1078 3208 1394 3265 comparata
1447 3209 1612 3258 vcstls
1665 3212 2043 3277 corpusculum

2162 1943 2355 2016 σμένῃ.
2373 1947 2738 2019 Περιέργασαι.
2753 1952 2854 2006 ποῦ
2873 1955 3140 2027 παρθένος
3157 1957 3286 2026 ἀγία
3301 1958 3417 2030 Θεῷ
3437 1961 3735 2030 ψάλλουσα,

2158 2035 2253 2088 καὶ
2298 2037 2530 2109 μίσησον
2571 2040 2838 2114 ψάλτριαν
2881 2047 3098 2118 ἀναιδῆ,
3139 2050 3248 2120 πρὸ
3289 2051 3386 2122 τῆς
3409 2052 3578 2122 ὅψεως
3663 2056 3737 2125 τῷ

2160 2127 2312 2196 μέλει
2363 2131 2490 2194 τοὺς
2545 2133 2881 2202 ἀκολάστους
2949 2140 3286 2210 θηρεύουσαν
3327 2160 3343 2176 ·
3431 2145 3737 2216 ἐπάρκεσον

2155 2221 2400 2293 ὀρφανῷ,
2448 2225 2610 2281 λῦσον
2658 2229 2926 2302 δάνεισμα
2969 2234 3238 2304 πένητος,
3283 2239 3379 2291 καὶ
3420 2239 3538 2307 ὄψει
3577 2241 3736 2308 δόξαν

2155 2311 2590 2380 διαιωνίζουσαν.
2631 2321 2826 2386 Κενοῖς
2854 2323 3058 2396 πλῆθος
3093 2325 3395 2396 βαλαντίων
3435 2331 3576 2401 ὑπὲρ
3611 2350 3733 2385 παι-

2153 2405 2271 2469 διᾶς
2311 2407 2650 2480 ἀσχήμονος,
2695 2415 2793 2467 καὶ
2838 2417 3078 2470 ἀτάκτου
3123 2419 3398 2486 γέλωτος,
3442 2423 3542 2475 οὐκ
3577 2422 3735 2486 εἰδὼς

2152 2495 2254 2550 ὅσα
2282 2500 2530 2571 πενήτων
2557 2501 2760 2578 χαρίζῃ
2791 2504 3022 2578 δάκρυα,
3054 2507 3113 2574 ἐξ
3144 2501 3220 2561 ὧν
3253 2511 3489 2582 συνήχθη
3516 2513 3548 2583 ή
3571 2513 3734 2566 εὐπο-

2156 2587 2243 2658 ρία
2266 2604 2281 2617 ⁸
2323 2591 2482 2645 πόσοι
2519 2593 2803 2666 ἐδέθησαν,
2850 2600 3012 2652 πόσοι
3051 2602 3536 2674 ἐμαστιγώθησαν·
3573 2605 3730 2658 πόσοι

2151 2678 2319 2746 ἐγγὺς
2340 2675 2500 2751 ἦλθον
2529 2684 2767 2756 ἀγχόνης
2797 2689 2890 2744 καὶ
2921 2691 3137 2761 βρόχου,
3173 2691 3258 2745 ἴνα
3284 2693 3523 2765 σήμερον
3538 2695 3730 2766 ὀρχού-

2154 2785 2306 2837 μενοι
2344 2771 2598 2828 λάϐωσιν.
2649 2778 2758 2831 Καὶ
2796 2780 2849 2832 τί
2886 2781 2946 2833 τὸ
2979 2781 3164 2846 τέλοςς
3203 2783 3536 2854 Ματαιότης.
3579 2785 3732 2837 Μετά

2151 2859 2329 2914 πάντα
2353 2863 2523 2933 τάφος
2547 2868 2741 2938 μικρός
2757 2887 2769 2900 ·
2805 2871 2968 2942 ἐσθὴς
2989 2873 3180 2942 ὀλίγων
3210 2874 3433 2938 ὀϐολῶν,
3458 2876 3518 2928 τὸ
3547 2877 3733 2946 σωμάο

2148 2965 2261 3002 τιον
2297 2955 2752 3024 περιστέλλουσα·
2786 2958 2922 3032 λήθη
2955 2964 3072 3032 μετ’
3102 2961 3300 3030 ὀλίγον,
3337 2963 3397 3015 τὸ
3433 2963 3733 3032 ἀναγκαῖον

2149 3040 2322 3105 πάθος
2357 3045 2450 3098 τοῦ
2482 3047 2708 3118 χρόνου,
2766 3051 2943 3106 πάντα
2991 3052 3061 3106 τά
3111 3054 3514 3109 σπουδασθέντα
3561 3057 3731 3110 καλύ-

2150 3147 2396 3185 πτουσα·
2443 3137 2624 3206 κρίσις
2666 3140 2758 3193 ἐπὶ
2800 3140 3010 3206 τούτοις
3056 3142 3214 3208 Θεοῦ,
3267 3146 3363 3198 καὶ
3401 3146 3502 3215 τῆς
3550 3147 3734 3216 κακῆς

2073 3214 2116 3272 C
2149 3224 2522 3297 προαιρέσεως
2549 3228 2766 3296 κόλασις
2791 3233 3186 3304 ἀπαραίτητος.

1769 3276 1774 3277 γ
2196 3276 2208 3291 ,
2267 3276 2273 3277 γ
2360 3276 2519 3290 κ--ντι
2551 3276 2766 3296 σηοω-νη.
2792 3276 3186 3304 ν---ι--η--ι-νν

467 3276 724 3346 obtegens
760 3297 774 3334 :
811 3295 875 3336 ac
932 3283 1090 3352 paulo
1137 3300 1285 3356 post,
1353 3298 1720 3352 necessarium
1778 3307 2041 3374 temporis
2107 3276 2330 3383 malum:
2385 3320 2605 3390 oblivio,
2670 3341 2790 3396 qua:
2829 3339 3047 3392 cuncta,
3101 3331 3246 3382 circa
3273 3345 3390 3398 qme
3427 3331 3727 3396 sudareris,

470 3375 705 3398 I.....‘I.-.:,.
763 3374 925 3398 2,_-.-I_
955 3391 998 3398 _.
1096 3383 1113 3398 Α
1154 3384 1164 3398 ι
1225 3386 1237 3398 ι
1395 3391 1404 3398 .
1483 3390 1494 3398 .
1655 3395 1688 3398 __
1735 3396 1744 3398 _

2316 3374 2327 3383 ι
2398 3374 2406 3375 κ
2463 3374 2490 3376 ν-
2675 3374 2790 3396 ηις-η
2831 3374 3047 3392 “ww,
3104 3374 3389 3398 ι--η-Ὶ---ν

470 3375 708 3428 tenebris
762 3374 1024 3434 involtat.
1084 3383 1165 3436 Ad
1225 3386 1338 3440 haec
1375 3390 1606 3460 denique
1636 3395 1878 3451 divinum
1905 3401 2191 3476 judicium,
2222 3427 2285 3468 ac
2311 3417 2466 3470 malae
2496 3419 2784 3477 voluntatis
2807 3423 3220 3493 indeprecabilis
3245 3439 3424 3492 puum.

548 3469 773 3493 I1l-!____.
822 3478 998 3493 __._,-_I
1124 3489 1134 3493 -
1178 3478 1201 3493 ι·
1362 3480 1385 3493 ιι
1434 3483 1472 3493 -η

548 3469 778 3526 Ubinam
813 3478 1062 3531 consules
1087 3489 1140 3531 et
1176 3478 1385 3534 fasces?
1433 3483 1539 3538 Eos
1566 3501 1825 3544 enumera
1860 3509 1925 3547 ac
1957 3511 2045 3551 re-

467 3565 667 3634 c0gita,
696 3569 790 3635 qui
829 3570 944 3623 beri
975 3586 1040 3625 ac
1100 3575 1494 3631 nudiustertius
1523 3582 1813 3637 exstitere.
1855 3585 2047 3643 Nonne

467 3657 552 3711 hic
583 3659 799 3726 quidem
827 3661 964 3730 (30),
993 3672 1051 3716 ut
1099 3663 1443 3723 facinorosus
1477 3669 1691 3741 aliquis,
1720 3689 1819 3745 per
1851 3691 2044 3748 repen—

468 3750 635 3802 tinum
668 3762 891 3806 armat:e
917 3755 1286 3813 multitudinis
1313 3759 1661 3829 seditionem,
1696 3766 1874 3835 capite
1895 3777 2048 3824 trun-

464 3854 621 3895 catus
640 3851 745 3908 est,
774 3855 1189 3918 ostentatusque
1216 3848 1421 3919 majore
1453 3863 1577 3923 post
1608 3871 1793 3912 necem
1825 3875 2043 3931 pompa,-

461 3947 626 4001 quam
655 3950 777 3990 cum
822 3937 874 3992 in
904 3955 1067 3993 curru
1090 3941 1342 3998 sublimis
1372 3959 1470 4014 pro
1514 3950 1834 4017 magistratu
1866 3969 1929 4008 ac
1954 3955 2048 4008 bo-

462 4042 595 4080 nore
622 4029 890 4098 gestiret?
936 4031 1073 4086 alter
1130 4047 1258 4088 vero
1313 4051 1437 4091 cum
1484 4041 1734 4108 praetoris
1793 4060 2038 4113 munere,

460 4120 710 4174 eumdem
739 4122 852 4192 ipse
884 4125 1112 4194 adeptus
1169 4127 1453 4194 honorem,
1505 4130 1558 4184 in
1603 4131 1821 4204 ,Εεγωί
1879 4145 2041 4206 atque

462 4209 646 4282 Libya:
673 4215 935 4269 extremis
987 4216 1209 4277 tinibus.
1260 4219 1312 4272 iu
1372 4221 1506 4276 locis
1541 4226 1814 4290 arenosis,
1855 4238 1908 4280 et
1939 4229 2042 4282 hu-

463 4305 633 4360 tnoris
661 4307 838 4360 omnis
872 4307 1207 4378 humanique
1229 4311 1407 4366 cultus
1440 4315 1778 4384 expertibus,
1821 4317 2040 4372 damna-

460 4395 625 4450 tionis
683 4395 1007 4466 supplicium
1059 4399 1307 4471 fugiens,
1374 4402 1683 4459 miserritue
1733 4409 2039 4464 exstinctus

457 4488 577 4542 est?
609 4488 745 4556 Quid
777 4490 844 4544 de
875 4505 942 4546 eo
969 4491 1237 4561 dicemus,
1279 4494 1372 4564 qui
1429 4505 1487 4551 et
1542 4497 1658 4566 ipse
1687 4503 1944 4556 excousul
1975 4519 2038 4559 ac

456 4589 743 4649 exprmtor,
768 4581 821 4635 in
856 4590 999 4636 terra
1033 4599 1175 4639 nunc
1213 4585 1470 4642 Colchide
1509 4605 1698 4660 agens,
1732 4591 1921 4660 ejusce
1954 4613 2038 4650 re-

457 4671 634 4740 gionis
681 4672 1038 4728 barbarorum
1090 4675 1420 4731 humanitati
1480 4680 1644 4734 vitam
1692 4696 1756 4737 ac
1784 4685 2032 4752 spiritqu

2344 4671 2355 4678 .
2418 4671 2429 4682 .
2527 4671 2538 4684 .
2668 4671 2678 4685 -
2758 4671 2763 4672 ν
2854 4671 3035 4694 r
3071 4671 3082 4676 ‘

2151 4696 2202 4760 ἐξ
2242 4697 2505 4772 ὑπάρχων
2562 4707 2788 4771 ἐκεῖνον,
2843 4712 2955 4776 τὸν,
3005 4715 3082 4779 ὡς

454 4761 654 4816 debet?
687 4763 841 4818 Illqu
874 4773 1059 4818 autem
1106 4767 1516 4836 cxprael‘ectum,
1568 4772 1830 4829 invictum
1862 4775 2033 4845 illum,

2151 4761 2426 4861 λεοντώδη.
2451 4794 2552 4866 τὴν

455 4860 513 4906 ιιι
543 4853 853 4919 putabatur,
886 4869 951 4909 ac
985 4855 1184 4910 leonini
1217 4859 1469 4925 pectoris,
1506 4863 1680 4931 qualis
1707 4866 1832 4921 vita:
1883 4878 2031 4922 cata-

451 4946 677 5014 stmpbc
708 4947 948 5015 excepit!
977 4946 1215 5003 Primum
1259 4950 1476 5020 quidem
1512 4953 1679 5008 tilium
1717 4970 1873 5011 suum
1900 4959 2035 5015 vidit

451 5036 633 5105 capite
664 5045 1009 5106 truncatum;
1063 5045 1177 5092 tum
1211 5047 1268 5094 et
1331 5055 1445 5110 ipse
1488 5043 1704 5113 capitali
1762 5053 2029 5105 sententia

519 5149 565 5181 "
581 5149 857 5218 Blattiuvt,
885 5150 977 5207 20.

525 5270 636 5342 (50)
667 5268 856 5326 Nonne
900 5274 984 5328 hic
1031 5275 1264 5342 quidem.
1302 5274 1579 5342 Quadrare
1627 5279 1879 5334 videntur
1946 5284 2031 5338 bic

453 5340 686 5421 indicata
719 5340 1126 5421 ab_As_lerio;_in
1178 5340 1469 5410 liul'liuum,
1515 5348 2026 5421 qui‘principatum

451 5411 718 5476 ambiens,
759 5415 826 5464 ab
877 5415 1110 5493 Arcadio
1147 5431 1438 5493 Oppressus
1479 5411 1582 5493 est,
1613 5411 2026 5493 Ol'ybrio'atque

451 5479 687 5536 Probino
712 5483 1043 5559 consulibus,
1073 5495 1128 5538 ut
1161 5479 1314 5559 ponit
1340 5486 1624 5551 Baronius,
1653 5479 1845 5559 netnpe
1875 5479 2027 5546 Cliri-

454 5552 523 5604 sti
560 5567 701 5606 anno
755 5553 892 5631 595:5,
919 5555 1073 5631 cujus
1100 5552 1262 5631 caput
1303 5557 1355 5631 in
1385 5559 1537 5631 basta
1571 5552 1798 5631 sublime
1831 5576 2023 5631 pompa

452 5621 651 5697 elatum
693 5634 812 5697 est.
835 5621 1430 5694 Vide’apud'cumdcm
1463 5629 1635 5697 plura.
1674 5621 1930 5684 Ultun'utn
1959 5621 2026 5687 ab

455 5690 668 5765 Asterio
707 5694 1018 5760 indicatum,
1047 5690 1148 5765 'qui
1195 5690 1475 5765 superiori
1515 5715 1658 5752 anno
1697 5699 1764 5753 ab
1807 5701 2024 5758 bomilia

455 5759 560 5816 ista
590 5764 770 5820 habita
793 5779 860 5821 ex
888 5759 1109 5826 consule
1142 5759 1520 5826 miserabiliter
1552 5771 1790 5840 perierit,
1828 5772 1882 5826 l'.
1912 5773 2025 5828 Sir-

2222 3507 2332 3561 Ποῦ
2365 3512 2415 3562 oi
2449 3510 2675 3580 ὕπατοι;
2703 3517 2840 3580 Τοὺς
2867 3519 2992 3588 χθὲς
3026 3521 3119 3574 καὶ
3162 3520 3354 3592 πρώην
3401 3521 3724 3592 ἀρίθμησον.

2149 3598 2260 3668 Οὐχ
2284 3605 2312 3652 ὁ
2331 3599 2451 3669 μὲν,
2481 3602 2557 3666 ὡς
2588 3606 2638 3657 οἱ
2667 3609 2988 3680 κακοῦργοι,
3020 3611 3119 3681 τῆς
3147 3614 3390 3684 κεφαλῆς
3409 3615 3728 3687 ἀπετμήθη,

2147 3687 2387 3760 πλήθους
2442 3694 2818 3763 ὁπλιτεύοντος
2876 3702 3049 3774 ἀθρόα
3095 3708 3309 3776 κινήσει
3368 3705 3679 3777 περιπεσών
3709 3725 3722 3738 ·

2145 3782 2468 3858 ἐπομπεύθη
2496 3787 2554 3842 δὲ
2586 3791 2730 3860 μετὰ
2753 3791 2982 3847 θάνατον
3008 3795 3228 3866 μᾶλλον,
3259 3797 3291 3867 ἢ
3317 3798 3404 3850 ὅτε
3426 3799 3727 3870 φερόμενος

2145 3873 2240 3929 ἐπὶ
2279 3874 2372 3930 τοῦ
2411 3878 2604 3951 δίφρου
2649 3884 2884 3955 ἐγαυρία
2925 3887 3019 3940 τοῦ
3053 3887 3400 3959 ἀξιώματοςς
3462 3891 3622 3954 ἄλλος
3667 3892 3726 3945 δὲ

2146 3966 2285 4036 μετά
2311 3973 2665 4042 στρατηγίας,
2687 3975 2784 4046 τῆς
2812 3977 2985 4047 αὐτῆς
3007 3978 3210 4050 ταύτης
3232 3981 3506 4051 ἐπιτυχὼν
3537 3983 3722 4053 τιμῆς,

2144 4056 2328 4121 κακῶς
2367 4061 2425 4114 ἐν
2449 4063 2568 4126 ταῖς
2611 4065 2889 4136 ἐσχατιαῖς
2933 4069 3208 4139 Αἰγύπτου
3263 4074 3489 4144 καὶτῆς
3519 4075 3725 4145 Λιϐύης

2142 4147 2410 4215 ἀπώλετο,
2440 4154 2659 4223 φεύγων
2685 4158 2784 4228 τῆς
2810 4161 3110 4234 καταδίκης
3138 4163 3236 4234 τὴν
3281 4166 3570 4237 τιμωρίαν.
3600 4163 3719 4220 εἶτα

2139 4241 2262 4302 ταῖς
2283 4240 2530 4313 ψάμμοις
2555 4247 2965 4321 ἐντελευτήσας,
2992 4253 3180 4325 ἐπειδὴ
3209 4257 3358 4308 πᾶσα
3387 4252 3455 4327 ἦν
3479 4259 3512 4327 ή
3548 4257 3720 4328 χώρα,

2139 4326 2208 4380 δι’
2235 4323 2306 4401 ἦς
2329 4332 2728 4406 ἀπεδίδρασκεν
2769 4340 2996 4412 ἄνυδρος
3038 4345 3132 4397 καὶ¹
3157 4323 3441 4419 ἀοίκητοςς
3485 4323 3723 4404 ’ᾖδ’-ἂν

2140 4417 2368 4491 εἴπομεν
2398 4425 2536 4496 πρὸς
2561 4429 2654 4483 τὸν
2685 4433 2750 4485 ἐκ
2783 4439 3103 4508 στρατηγῶν
3133 4443 3229 4496 καὶ
3253 4417 3494 4508 ὑπάτων,
3522 4446 3723 4516 ὁμοίως

2141 4512 2235 4564 ἐπὶ
2273 4516 2373 4585 τῆς
2415 4519 2676 4590 Κολχίδος
2708 4523 2802 4578 νῦν
2833 4527 3015 4601 χώρας
3057 4531 3333 4601 διάγοντα,
3381 4537 3475 4590 καὶ
3613 4539 3722 4590 τῶν

2141 4603 2319 4658 ἐκεῖσε
2344 4608 2633 4684 βαρϐάρων
2656 4616 3036 4694 φιλανθρωπίᾳ
3066 4623 3463 4698 διασωζόμενον
3488 4645 3503 4695 ;
3539 4603 3642 4684 ’Ῠὸν
3663 4631 3721 4684 δέ

3135 4716 3310 4786 ᾤετο,
3363 4720 3574 4792 ἄμαχον
3624 4723 3720 4775 καὶ

2621 4799 2866 4872 γνώμην,
2914 4803 3000 4856 οἵα
3049 4805 3143 4859 τοῦ
3198 4806 3313 4877 βίου
3371 4814 3720 4882 καταστροφὴ

2140 4875 2445 4945 διεδέξατοί
2481 4883 2702 4956 Πρῶτον
2730 4891 2832 4961 μὲν
2857 4893 2965 4965 γὰρ
2991 4895 3166 4948 ἐπεῖδε
3195 4875 3288 4950 τὸν
3339 4901 3532 4954 ἐαυτοῦ
3558 4875 3720 4954 me.

2139 4966 2528 5043 ἀποτμηθέντα
2573 4981 2673 5050 τῆς
2717 4984 2960 5056 κεφαλῆς
2983 5003 2996 5016 ·
3024 4984 3142 5040 εἶτα
3173 4991 3266 5044 καὶ
3299 4991 3462 5054 αὐτὸς
3501 4994 3600 5063 τὴν
3630 4997 3722 5046 ἐπὶ

2138 5056 2354 5134 θανάτῳ
2391 5065 2569 5138 ψῆφον
2602 5072 2841 5141 ἐδέξατο,
2876 5080 2969 5133 καὶ
3002 5082 3099 5150 τῆς
3158 5084 3367 5154 σχοίνου
3400 5056 3723 5156 προσαχθείο

2139 5291 2369 5372 mundus
2401 5292 2668 5372 intellexit
2720 5299 3040 5372 Eulropium
3072 5320 3085 5356 :
3121 5320 3184 5359 ac
3214 5321 3342 5362 vere
3375 5310 3550 5365 nullus
3583 5310 3718 5364 alius

2136 5359 2380 5446 videatur
2408 5365 2630 5435 intelligi
2665 5385 2824 5446 posse
2863 5359 3230 5446 coturnodius;
3257 5359 3388 5430 cum
3431 5383 3494 5446 is,
3541 5390 3591 5432 et
3619 5396 3716 5432 eu-

2135 5430 2392 5520 nuchum,
2418 5444 2483 5520 et.
2505 5430 2742 5520 potentia
2772 5457 2837 5520 ac
2869 5442 3073 5499 divitiis
3105 5430 3712 5520 nmximumisiénilicet,

2133 5502 2348 5586 qualem
2398 5502 2570 5586 nobis
2633 5509 2874 5586 historia:
2920 5527 3311 5586 repraesentant
3373 5502 3711 5586 eodem";

2134 5571 2364 5651 l'rpinde
2405 5575 2598 5661 vixerit
2648 5579 2746 5634 iste
2791 5571 3039 5661 Asterius
3070 5583 3277 5641 Joanne
3323 5571 3716 5661 Cbtvsostomo

2133 5642 2568 5717 episcopo,_niliil
2594 5662 2882 5706 couunune
2912 5652 3116 5712 habens
3135 5671 3256 5712 cum
3285 5642 3576 5717 nominatis
3597 5658 3714 5714 aliis

2133 5711 2362 5768 Asteriis
2388 5715 2685 5773 Constantii
2713 5728 2971 5791 tempore.
