4090 6146
296 299 402 354 29.5

1387 308 1670 367 HOMILIA
1711 313 1772 368 ν.
1810 312 1874 366 ιΝ
1911 315 2171 371 ΜΛΤΊῚΙ.
2220 315 2362 382 XIX,
2398 319 2450 373 5.

3413 329 3535 397 226

294 433 392 488 σης
420 415 522 489 ἥδη
550 417 630 489 τῷ
656 419 907 492 στόματι,
933 421 1312 492 φιλανθρωπία
1339 424 1589 499 βασιλικὴ
1610 429 1867 483 ἐκώλυσει

1984 434 2268 490 damnatus
2302 447 2406 500 est,
2437 436 2739 505 laqueoque
2767 437 2876 504 jam
2903 439 3041 509 gulae
3058 439 3298 504 admoto,
3320 444 3551 496 eleiuen-

291 513 589 582 ἐνεργῆσαι
615 513 709 566 τὸν
738 514 952 585 δήμιον.
994 517 1174 587 Ζήσας
1214 517 1273 570 δὲ
1312 519 1492 587 ὀλίγον
1533 522 1748 586 ὀδύναις
1781 525 1875 577 καὶ

291 605 606 673 συμφοραῖς
627 605 655 657 6
674 604 1008 677 πρεσϐύτης,
1051 608 1147 661 καὶ
1170 611 1237 679 τῇ
1268 609 1518 681 αἰσθήσει
1549 612 1661 666 τῶν
1691 615 1876 668 κακῶν

289 696 667 765 ἐπιχρονίσας,
696 698 756 752 ὲν
784 699 980 770 ἀτιμίᾳ
1002 701 1245 770 ἀπῆλθεν
1283 703 1378 755 τοῦ
1408 703 1548 773 βίου,
1589 705 1747 760 τοῦτο
1778 708 1876 778 τῆς

293 787 540 858 μεγάλης
590 789 854 854 ὑπατείας
905 791 966 844 τὸ
1009 793 1162 857 τέλος
1198 795 1520 866 εὑράμενος,
1556 797 1627 851 ’Ὀ
1665 797 1744 863 δὲ,
1781 799 1874 852 τοῦ

291 878 660 950 παρελθόντος
698 881 949 935 ἐνιαυτοῦ
992 882 1110 947 πῶς
1156 886 1476 956 ἐφρόντισεν
1507 887 1732 958 μείζονα
1763 889 1872 943 τῶν

289 971 588 1039 γιγάντων,
630 973 880 1041 γυναιξὶν
907 974 984 1028 ῶν
1024 978 1119 1030 καὶ
1157 977 1413 1048 ἀνδράσιν
1455 980 1874 1052 ἀμφισϐητήσι-

292 1079 427 1132 μος;
470 1063 722 1129 Ῥάϐδους
764 1067 971 1139 κυρίων
1017 1068 1255 1139 φεύγων,
1323 1072 1536 1142 ῥάϐδων
1591 1073 1874 1127 ὑπατικῶν

289 1154 670 1224 ἐπεθύμησενθ
712 1159 982 1230 ἐκτήσατο
1020 1161 1148 1230 γῆν,
1188 1162 1320 1232 ὅσην
1363 1163 1483 1216 οὐδὲ
1501 1165 1686 1218 εἰπεῖν
1712 1165 1870 1219 εὔκο-

287 1243 380 1296 λον
401 1262 415 1276 ·
445 1247 621 1316 ἐτάφη
653 1247 711 1301 δὲ
742 1250 802 1301 ἐν
829 1248 1089 1322 τοσαύτῃ,
1130 1253 1263 1322 ὅσης
1293 1255 1322 1307 6
1355 1254 1586 1325 ἐλεήσας
1631 1258 1872 1328 μετέδω-

289 1354 409 1390 κεν.
449 1333 597 1410 τΔροι.
642 1335 735 1393 οὖν
777 1341 920 1395 κατά
961 1343 1052 1396 τὸν
1090 1345 1254 1414 σοφὸν
1299 1347 1755 1420 Ἐκκλησιαστὴν,
1808 1353 1870 1405 οὐ

287 1432 493 1495 πάντα,
523 1433 624 1484 ὅσα
672 1433 920 1497 τοιαῦτα,
945 1438 1282 1507 Ματαιότης
1297 1442 1729 1507 ματαιοτήτων,
1774 1445 1869 1498 καὶ

285 1523 556 1594 φάσματά
584 1527 732 1578 ἐστιν
764 1526 833 1579 τά
859 1526 1145 1598 ἀξιώματα
1183 1530 1570 1586 ἀνυποστάτων
1603 1535 1828 1604 ὀνείρων
1855 1575 1870 1598 ,

283 1615 570 1686 τέρψαντα
613 1617 747 1689 πρὸς
797 1617 995 1686 ὀλίγον,
1049 1616 1167 1673 εἶτα
1212 1622 1657 1693 παραδραμόντα,
1706 1625 1872 1696 ἀνθή-

283 1725 463 1762 σαντα
510 1709 606 1762 καὶ
650 1710 1029 1782 μαρανθέντα;
1070 1713 1260 1782 Ἡμεῖς
1298 1715 1476 1768 τοίνυν
1523 1715 1628 1780 ἕως
1676 1719 1866 1770 τούτου

1983 523 2053 576 tia
2088 524 2349 593 principis
2380 525 2633 580 manibus
2703 527 2979 582 carnificis
3031 537 3314 597 exemptus
3359 540 3462 598 est,
3497 539 3553 584 ut

1978 614 2296 681 quantulum
2333 615 2477 670 relati
2511 625 2815 687 supererat,
2838 634 3002 674 senex
3037 620 3089 674 in
3117 620 3302 675 dolore
3327 629 3380 676 et
3408 621 3552 675 cala-

1979 706 2168 760 mitate
2204 721 2472 776 sensuque
2507 709 2770 762 malorum
2803 711 3047 781 exigens,
3075 727 3139 767 ac
3167 713 3356 782 plenus
3390 714 3551 767 dede-

1976 798 2121 851 coris
2170 811 2234 851 ac
2290 797 2620 866 iguomiuim,
2664 800 2755 853 tali
2813 803 2990 870 magni
3051 803 3364 857 consulatus
3403 804 3550 857 exitu

1978 889 2084 942 vita
2113 889 2414 943 decederet.
2473 889 2563 944 llle
2595 905 2774 945 autem
2823 895 3084 962 superiori
3117 912 3276 959 anno,
3304 898 3549 966 gigantes

1977 995 2200 1048 prorsus
2233 980 2498 1050 facinora,
2530 995 2692 1053 atque
2717 985 2880 1039 etiam
2905 987 3104 1054 majora
3139 989 3371 1051 molitus,
3396 988 3551 1055 cujus

1976 1087 2138 1127 sexus
2163 1073 2214 1126 in
2246 1075 2462 1129 dubium
2501 1076 2813 1140 vocabatur,
2845 1079 3043 1147 quique
3075 1080 3269 1134 heriles
3291 1080 3550 1150 effugiens

1976 1159 2172 1226 virgas,
2201 1161 2508 1216 c0usulares
2533 1163 2825 1232 alfectavit,
2851 1181 2914 1219 ac
2941 1177 3146 1220 Iaumm
3188 1169 3396 1222 telluris
3423 1183 3549 1237 pos-

1974 1250 2134 1315 sedit,
2173 1263 2434 1318 quantum
2461 1270 2558 1308 nec
2592 1253 2753 1309 facile
2800 1258 3108 1323 nominare;
3149 1261 3238 1326 qui
3269 1274 3410 1311 nunc
3431 1259 3550 1311 exi-

1974 1353 2076 1407 gua
2106 1342 2356 1395 conditur
2379 1344 2566 1408 humo,
2603 1353 2658 1398 et
2693 1347 3008 1414 quantulum
3033 1349 3080 1400 ei
3124 1363 3225 1400 non
3259 1363 3417 1401 nemo
3444 1347 3547 1401 mi-

1973 1432 2246 1485 seratione
2283 1445 2457 1488 motus
2485 1435 2775 1504 impertiit?
2800 1437 2986 1491 Nonne
3017 1439 3179 1508 igitur
3205 1453 3352 1501 vere,
3384 1438 3538 1506 juxta

1974 1520 2270 1587 sapientem
2301 1523 2448 1576 illum
2474 1525 2880 1594 Ecclesiastcm,
2911 1528 2952 1581 si
2987 1543 3092 1598 qua
3124 1529 3276 1591 talia,
3322 1527 3547 1582 Vanitac

1973 1614 2259 1666 vanitatum
2293 1615 2376 1668 ﬁ"1'
2407 1631 2471 1670 ac
2504 1617 2586 1672 vel
2617 1619 2964 1686 amplissima:
3015 1620 3328 1688 dignitates,
3365 1619 3544 1672 inania

1975 1701 2216 1766 quaedam
2259 1702 2370 1757 visa
2407 1713 2460 1758 et
2494 1712 2704 1760 ostenta
2753 1709 3127 1762 somniorum?
3155 1723 3274 1776 quae
3320 1723 3441 1762 cum
3477 1708 3545 1762 ad

282 1801 595 1870 στήσαντες
641 1802 732 1855 τὸν
788 1802 965 1871 λόγον,
1004 1804 1161 1870 δόξαν
1193 1805 1605 1878 ἀναπέμψωμεν
1645 1808 1724 1880 τῷ
1758 1810 1867 1863 Σω-

1975 1792 2136 1846 breve
2168 1793 2496 1848 oblectarint
2556 1807 2794 1866 tempus,
2851 1801 3190 1866 postmodum
3229 1799 3542 1868 dilfugiant;

279 1891 441 1962 τῆρι.

1031 2162 1107 2216 Ε¹.

293 2248 550 2324 ἐκὲτοῦ
581 2249 734 2324 κατὰ
771 2252 1072 2324 Ματθαῖσν
1100 2255 1473 2324 Εὐαγγελίου
1494 2260 1582 2324 εὶς
1618 2257 1708 2322 τὸ,
1741 2278 1759 2309 ι
1800 2261 1868 2313 El

355 2320 906 2396 ἔξεστιν-ἀνθρώπῳ
921 2320 1248 2378 ἀπολῦσαί
1261 2326 1377 2394 τὴν
1397 2320 1652 2396 γυναῖκα
1677 2320 1867 2384 αὑτοῦ

358 2393 514 2443 κατὰ
545 2390 755 2444 πᾶσαν
785 2393 1000 2445 αἰτίαν.
1037 2414 1055 2445 ι

357 2479 519 2551 Καλὴ
553 2481 784 2552 συνωρὶς
816 2482 924 2534 τῶν
953 2481 1044 2536 δύο
1080 2484 1282 2538 τούτων
1312 2487 1535 2559 ἡμερῶν
1577 2490 1687 2551 τοῖς
1732 2490 1867 2561 Χρι-

281 2572 532 2632 στιανοῖς
552 2570 647 2622 καὶ
669 2570 974 2638 φιλοπόνοις
1004 2573 1284 2643 τυγχάνει,
1337 2575 1431 2628 τοῦ
1466 2577 1741 2630 Σαϐϐάτου
1769 2577 1865 2630 καὶ

277 2662 390 2732 τῆς
425 2663 708 2732 Κυριακῆς
739 2662 900 2731 λέγω,
954 2664 1022 2734 ἥν
1072 2665 1192 2719 καθ’
1242 2669 1480 2738 ἑκάστην
1527 2669 1796 2739 ἑϐδομάδα
1838 2672 1866 2723 6

277 2753 485 2825 χρόνος
521 2755 834 2807 ἀνακυκλῶν
881 2759 1189 2829 περιφέρει.
1245 2759 1332 2822 Ὠς
1377 2760 1485 2831 γὰρ
1536 2760 1773 2832 μητέρες
1834 2762 1867 2833 ἦ

277 2845 483 2916 τροφοὶ
521 2846 621 2916 τῆς
662 2847 1003 2918 Ἐκκλησίας,
1040 2852 1132 2902 καὶ
1155 2850 1245 2903 τὸν
1268 2850 1395 2905 λαὸν
1421 2851 1752 2922 ἀθροίζουσι,
1778 2855 1870 2907 καὶ

277 2940 416 3001 τοὺς
451 2939 631 3010 ίερέας
660 2940 953 3004 παιδευτὰς
981 2941 1433 3012 προκαθίζουσιν·
1478 2944 1868 3014 δημαγωγοῦσι

276 3032 339 3084 δὲ
383 3033 623 3096 καὶτοὺς
657 3033 909 3104 μαθητὰς
942 3034 1036 3088 καὶ
1087 3036 1214 3099 τοὺς
1263 3035 1614 3100 διδασκάλους
1649 3039 1728 3101 είς
1768 3039 1868 3109 τὴν

1974 1899 2204 1952 murique
2233 1886 2570 1955 aliquantum
2627 1889 2931 1955 ﬂoruerint,
2961 1892 3140 1944 subito
3169 1889 3548 1943 marcescant?

1975 1975 2079 2029 Nos
2114 1979 2300 2045 itaque
2333 1979 2544 2034 dicendi
2579 1981 2667 2034 hic
2696 1980 2858 2037 finem
2915 1981 3197 2050 facientes,
3246 1983 3548 2037 tribuamus

1972 2066 2237 2122 Salvatori
2270 2068 2518 2139 gloriam.

2725 2158 2789 2217 ν.

1972 2245 2206 2302 [familia
2238 2250 2293 2302 in
2332 2250 2503 2305 locum
2558 2250 2832 2320 Evangelii
2885 2256 3165 2307 secundum
3208 2253 3544 2318 Mattha'um,

2046 2338 2064 2369 ι
2095 2320 2177 2372 Αη
2202 2320 2352 2372 liceat
2372 2321 2856 2396 hominidimiuere
2879 2341 3092 2378 uxorem
3111 2342 3259 2379 suam
3287 2326 3396 2396 (51)
3419 2342 3546 2396 qun-

2043 2405 2245 2457 cunque
2268 2405 2332 2442 ea:
2361 2408 2522 2444 causa
2547 2392 2611 2444 ⁶⁹.
2643 2411 2662 2443 ι

2041 2479 2310 2534 Praeclara
2348 2481 2676 2536 Christianis
2727 2498 2787 2538 ac
2839 2484 3096 2539 slmliosis
3151 2485 3380 2538 duarum
3442 2485 3551 2538 hac

1971 2586 2158 2625 rumce
2187 2571 2398 2625 dierum
2432 2573 2619 2640 copula
2674 2588 2737 2627 ac
2791 2589 3086 2628 concursus
3111 2613 3126 2640 ,
3175 2573 3419 2639 Sabbati,
3458 2576 3543 2628 in-

1971 2678 2154 2732 quam,
2187 2679 2250 2717 ac
2286 2663 2598 2728 Dominicze,
2634 2679 2768 2734 quas
2797 2675 3008 2734 tempus
3039 2667 3091 2720 iu
3121 2667 3308 2720 orbem
3362 2682 3547 2721 recur-

1972 2769 2120 2818 rcus,
2154 2755 2503 2810 hebdomadis
2537 2757 2764 2822 singulis
2800 2759 3028 2814 reducit.
3076 2758 3207 2812 Nam
3243 2760 3392 2828 quasi
3433 2775 3545 2812 ma-

1973 2855 2085 2901 tres
2122 2857 2213 2900 aut
2243 2848 2484 2901 nutrices
2515 2846 2794 2915 Ecclesiae,
2850 2865 2968 2904 cum
3020 2851 3271 2918 populum
3321 2867 3548 2920 congre-

1973 2947 2120 3006 gant,
2150 2949 2260 2991 tum
2311 2940 2627 2994 sacerdotes
2681 2943 2746 2993 ad
2793 2944 3092 2995 docendum
3149 2945 3442 2998 consedere
3473 2942 3549 2995 fa-

1973 3033 2157 3096 ciunt;
2194 3042 2356 3100 atque
2383 3032 2536 3096 adeo,
2562 3031 2856 3101 discipulos
2886 3037 3090 3102 pariter
3115 3051 3177 3090 ac
3209 3038 3454 3092 doctores
3480 3038 3547 3092 ad

275 3125 399 3178 τῶν
424 3125 613 3195 ψυχῶν
641 3127 982 3196 ἐπιμέλειαν.
1025 3126 1178 3196 Ἐμοὶ
1212 3127 1390 3179 τοίνυν
1425 3128 1506 3180 ἔτι
1549 3129 1646 3200 τῆς
1676 3129 1866 3200 χθιζῆς

1976 3122 2279 3175 animorum
2313 3123 2592 3191 pelliciunt
2633 3138 2845 3188 Curam,
2891 3141 2954 3179 ac
2997 3126 3189 3180 blande
3243 3129 3546 3198 impellunt.

273 3219 503 3290 ἡμέρας
532 3222 558 3272 6
585 3221 741 3288 λόγος
775 3222 979 3292 ἐνηχεῖ,
1019 3223 1113 3276 καὶ
1143 3223 1445 3294 ἐγκάθηται
1489 3227 1556 3296 τῇ
1585 3226 1777 3296 μνήμῃ
1804 3225 1872 3279 τὰ

276 3309 613 3380 πονηθέντα.
651 3310 844 3364 Βλέπω
875 3313 964 3365 τὸν
997 3313 1232 3384 σταυρὸν
1266 3313 1353 3367 διὰ
1390 3314 1488 3384 τῆς
1530 3316 1871 3386 προφητείας

276 3400 444 3472 παρά
481 3400 704 3454 Ἡσαΐου
743 3402 1112 3473 πηγνύμενον,
1149 3405 1243 3456 καὶ
1286 3404 1355 3456 τὰ
1408 3406 1598 3475 ἱμάτια
1630 3405 1724 3458 τοῦ
1757 3407 1869 3459 Κυ-

278 3491 429 3560 ρίου,
463 3491 540 3552 ὼς
571 3490 643 3542 τά
673 3491 764 3544 τοῦ
799 3491 1118 3561 ληνοϐάτου,
1143 3496 1505 3565 κεχρωσμένα
1539 3495 1615 3566 τῷ
1640 3495 1834 3566 αἵματι
1855 3511 1869 3524 °

278 3581 384 3634 καὶ
405 3579 499 3633 τὸν
530 3581 764 3654 Σωτῆρα
786 3584 877 3636 τὸν
913 3585 1102 3654 μισθὸν
1136 3586 1422 3656 πρόχειρον
1445 3588 1537 3639 ἐπὶ
1568 3587 1666 3657 τῆς
1693 3587 1874 3655 δεξιᾶς

277 3672 549 3741 φέροντα.
591 3674 702 3726 Καὶ
743 3673 833 3727 τὸν
877 3663 1197 3744 Σολομῶντα
1231 3675 1418 3746 θεωρῶ
1457 3677 1524 3728 τὰ
1561 3675 1702 3744 ζυγὰ
1743 3678 1873 3747 ἡμῖν

278 3763 381 3816 καὶ
410 3765 537 3825 τοὺς
570 3763 843 3833 σταθμοὺς
870 3765 1203 3834 ἀκριϐοῦντα
1235 3767 1313 3829 εἰς
1348 3766 1594 3837 δύναμιν.
1642 3767 1746 3820 Καὶ
1774 3766 1869 3822 τοῦ

277 3854 625 3922 Εὑαγγελίου
657 3855 749 3907 τὸν
789 3857 1190 3930 χρεωφειλέτην
1246 3859 1522 3930 οἰκτείρω,
1578 3859 1652 3932 μὴ
1704 3877 1872 3930 μετα-

277 3945 481 3999 δοῦντα
503 3945 582 4017 τῷ
611 3948 885 4019 ὁμοδούλῳ
907 3950 1006 4020 τῆς
1040 3950 1471 4021 φιλανθρωπίας,
1498 3947 1566 4024 ἦς
1587 3953 1740 4025 παρά
1775 3953 1871 4006 τοῦ

279 4038 561 4092 Δεσπότω
606 4040 930 4110 μετέλαϐενο
976 4042 1091 4096 ἀλλ’
1130 4045 1193 4096 ἐκ
1219 4045 1318 4114 τῆς
1351 4044 1607 4107 ἀϐουλίας
1637 4047 1730 4098 καὶ
1771 4045 1871 4116 τῆς

281 4127 685 4197 σκληρότητος,
732 4129 830 4200 τὴν
884 4130 1018 4184 ἰδίαν
1067 4135 1354 4204 συμφορὰν
1398 4135 1866 4205 ἁνανεωσάμενον.

280 4217 516 4283 Τούτοις
544 4219 658 4290 γάρ
682 4224 795 4285 τοῖς
845 4224 1165 4292 κεφαλαίοις
1194 4226 1338 4278 κατά
1370 4227 1467 4298 τὴν
1494 4227 1873 4298 παρελθοῦσαν

281 4310 597 4380 ἐκάμομεν,
626 4312 702 4375 ὡς
749 4313 862 4366 ἴστε
900 4316 1122 4382 πάντες,
1161 4318 1212 4370 οί
1252 4319 1352 4371 οὐκ
1378 4321 1435 4371 ἐν
1463 4318 1726 4390 παρέργῳ
1775 4319 1872 4392 τὴν

279 4401 555 4468 ἀκρόασιν
585 4402 822 4474 θέμενοι.

358 4580 611 4650 Σήμερον
631 4580 686 4633 δὲ
716 4583 875 4635 πάλιν
901 4584 1033 4654 ἡμῖν
1057 4585 1226 4638 πολλά
1256 4587 1373 4657 μὲν,
1395 4588 1488 4640 καὶ
1511 4587 1651 4641 κοιλά
1667 4589 1864 4653 πάντα,

283 4672 386 4724 ὅσα
416 4675 510 4725 ἐπὶ
537 4674 637 4742 τῆς
655 4675 932 4745 τραπέζης
962 4677 1058 4746 τῆς
1079 4678 1380 4748 όρωμένης,
1405 4679 1466 4733 τὸ
1493 4680 1716 4751 Πνεῦμα
1736 4698 1870 4736 κατ-

287 4763 458 4816 έθετο.
501 4765 810 4836 Ἐπέστησα
873 4768 928 4820 δὲ
963 4767 1052 4822 τὸν
1076 4769 1199 4822 νοῦν
1231 4773 1342 4834 τοῖς
1379 4771 1698 4843 ἀδολέσχαις
1723 4773 1860 4844 ὁμοῦ

287 4857 384 4908 καὶ
426 4860 752 4927 πειρασταίς
785 4858 1124 4928 Φαρισαίοιςο
1176 4862 1270 4914 καὶ
1315 4861 1521 4932 σιρόδρα
1549 4879 1614 4930 γε
1667 4863 1866 4925 αὐτοὺς

286 4947 385 5017 τῆς
414 4948 718 5019 μοχθηρίας
741 4949 848 5003 τῶν
877 4953 1091 5022 τρόπων
1119 4952 1354 5024 ἠλέησα,
1395 4955 1482 5020 ἐφ’
1507 4947 1587 5015 οἷς
1635 4953 1729 5005 καὶ
1761 4953 1860 5022 τὴν

288 5041 474 5108 πηγὴν
503 5041 600 5111 τῆς
633 5042 822 5110 σοφίας
869 5046 986 5106 ταῖς
1017 5044 1226 5097 ἐαυτῶν
1261 5045 1594 5115 ἐρωτήσεσιν
1640 5042 1863 5114 ἐπεχεί-

288 5145 420 5199 ρουν
467 5130 950 5202 κατασοφίζεσθαι,
983 5134 1201 5204 καὶτῆς
1239 5135 1606 5206 ἐγχειρήσεως
1628 5133 1869 5202 ἀπετύγ-

361 5270 407 5302 ⁸³
439 5270 613 5326 Εει·Ιο.
647 5287 684 5333 ι,
734 5273 788 5325 2.
866 5272 909 5303 ⁸⁸
931 5272 1117 5328 Matth.
1164 5288 1275 5338 χιιι,
1306 5272 1342 5327 5
1377 5287 1498 5342 sqq.

357 5383 471 5453 (⁸51)
495 5382 626 5438 Tota
657 5385 876 5440 moralis
902 5395 1005 5451 est,
1035 5401 1140 5454 qua
1159 5387 1420 5447 Asterius,
1453 5395 1676 5452 excepto
1704 5385 1858 5438 adul-

287 5463 443 5515 terio,
479 5456 640 5507 alium
681 5471 896 5508 onmem
939 5467 1253 5524 pra-textum
1285 5457 1584 5508 dimittendi
1638 5471 1854 5519 uxores,

285 5539 352 5578 ac
379 5525 538 5576 damli
573 5525 813 5579 libellum
836 5527 1062 5593 repudii,
1094 5527 1329 5580 ett-ludit
1355 5543 1368 5579 :
1401 5525 1532 5578 nihil
1558 5525 1852 5592 explicans,

287 5609 354 5646 au
407 5597 485 5648 sic
533 5595 755 5648 dimissa
812 5607 905 5647 aut
951 5598 1246 5656 dimittens,
1283 5614 1310 5647 a
1365 5595 1559 5662 prioris
1617 5595 1850 5662 coujugii

286 5665 522 5726 vinculo,
554 5666 706 5719 liberi
740 5667 1005 5718 exsistant
1036 5684 1048 5718 :
1079 5667 1219 5733 quod
1251 5667 1481 5732 amplius
1515 5665 1845 5717 declaratum

228 5726 236 5736 ’
286 5744 368 5788 est
407 5735 474 5788 ab
512 5736 793 5806 Apostolo,
824 5726 1125 5806 excipiente
1164 5726 1616 5798 solun-mortem,
1648 5745 1703 5788 ut
1737 5751 1841 5787 non

1974 3213 2099 3268 Milli
2131 3215 2351 3283 quidem
2385 3216 2564 3268 adhuc
2595 3217 2818 3270 auribus
2867 3219 3084 3272 insonat
3126 3221 3229 3272 diei
3277 3221 3549 3276 hesternae

1973 3319 2197 3366 sermo,
2261 3303 2604 3375 insidentque
2675 3309 2948 3361 memoria:
2999 3309 3248 3380 prmlecta
3304 3321 3432 3366 tunc
3484 3329 3548 3366 ac

1974 3394 2408 3449 consideratione
2465 3397 2728 3450 discussa.
2780 3397 2948 3452 Video
3015 3415 3230 3455 crucem
3285 3403 3352 3456 ab
3406 3401 3545 3457 Isaia

1975 3485 2252 3552 prophetia
2283 3484 2466 3553 fixam,
2513 3499 2577 3539 ac
2624 3485 2833 3540 Domini
2887 3489 3241 3551 vestimenta,
3291 3500 3547 3560 tanquam

1973 3575 2233 3630 calcantis
2285 3576 2337 3630 in
2393 3578 2671 3644 torculari,
2708 3593 2900 3634 cruore
2957 3579 3125 3633 tincta
3181 3580 3265 3648 7°;
3317 3584 3549 3654 denique

1975 3665 2335 3732 Salvatorem,
2367 3679 2678 3740 promptum
2711 3671 2932 3726 dextera
2956 3671 3380 3743 expeditumque
3415 3691 3549 3746 pras-

1976 3759 2142 3814 mium
2177 3762 2578 3830 praeferentem.
2612 3763 2791 3816 Animi
2824 3763 2998 3819 oculis
3029 3763 3371 3819 Salomouem
3398 3782 3552 3837 aspe-

1974 3861 2083 3916 cto,
2115 3852 2536 3921 :equamjudicii
2585 3855 2874 3910 librantem
2920 3857 3178 3910 tutriuam
3212 3858 3279 3910 '“.
3333 3857 3550 3914 Miseret

1980 3957 2064 3998 me
2098 3943 2359 3998 tlebilOris
2387 3945 2709 4012 evangelici,
2747 3947 2837 4014 qui
2865 3947 3072 4000 Domini
3117 3948 3169 4000 iu
3207 3948 3382 4019 ipsum
3417 3950 3552 4004 leni-

1977 4041 2141 4087 tatem
2199 4047 2262 4086 ac
2315 4033 2660 4088 clementiam
2719 4051 2984 4089 conservo
3042 4053 3145 4090 non
3192 4039 3549 4103 adhibens",

1975 4141 2072 4194 pro
2101 4126 2328 4180 szultilia
2362 4141 2426 4179 ac
2453 4127 2654 4180 duritie
2683 4142 2803 4191 sua,
2839 4127 2939 4180 sibi
2977 4129 3091 4197 ipse
3123 4129 3436 4184 instaurata:
3461 4146 3552 4184 ca-

1975 4213 2239 4268 lamitatis
2273 4230 2335 4269 ac
2364 4216 2599 4269 miseria:
2649 4228 2841 4270 auctor
2872 4215 2990 4270 fuit.
3025 4219 3082 4270 In
3124 4218 3207 4271 his
3233 4220 3378 4272 enim
3407 4222 3554 4286 capi-

1978 4307 2120 4361 tibus
2151 4307 2237 4359 die
2264 4307 2542 4373 superiore
2570 4309 2816 4376 proximo
2873 4310 3245 4371 versabamur,
3298 4320 3353 4360 ut
3378 4313 3552 4365 tIOStis

1976 4413 2185 4459 omnes,
2218 4398 2261 4450 si
2293 4399 2382 4466 qui
2430 4413 2534 4450 nou
2587 4397 2887 4466 iudiligeuli
2939 4399 3124 4451 auditu
3171 4399 3412 4453 animum
3454 4402 3550 4456 ad-

1903 4497 1951 4556 D
1979 4487 2232 4543 vertistis.

2050 4579 2218 4635 lludic
2245 4579 2405 4632 etiam
2434 4579 2593 4632 nutlta
2615 4579 2792 4643 nobis,
2809 4594 2980 4649 eaque
3004 4581 3346 4646 pr:ec|ara,iu
3368 4595 3550 4637 mensa

1977 4685 2136 4740 quam
2171 4672 2382 4734 videtis,
2416 4674 2696 4740 proposuit
2723 4673 2980 4742 Spiritus.
3019 4671 3202 4743 Adjeci
3233 4685 3410 4728 autem
3443 4676 3553 4728 ani-

1987 4778 2128 4816 umm
2163 4765 2228 4816 ad
2259 4763 2506 4832 garrulos
2536 4764 2666 4818 istos
2717 4763 3040 4832 Rharismos,
3088 4781 3150 4819 ac
3220 4776 3548 4832 Ientatores;

1979 4855 2376 4925 plurimumque
2429 4870 2616 4909 eorum
2674 4857 2939 4911 misereor
2993 4858 3375 4927 improbitatis,
3407 4860 3550 4923 quod

1980 4951 2152 5019 ipsum
2183 4950 2464 5018 sapientia:
2493 4949 2696 5004 fontem
2734 4951 2846 5005 suis
2884 4951 3414 5020 interrogatiunculis
3443 4951 3553 5006 cir-

1977 5042 2296 5095 cumvenire
2333 5043 2570 5110 aggressi
2606 5053 2763 5108 sunt;
2802 5057 3106 5110 quanquam
3133 5041 3404 5113 Unigeniti
3443 5042 3552 5096 dei-

1981 5141 2090 5186 tale
2121 5147 2307 5186 eorum
2361 5133 2413 5186 iu
2450 5135 2792 5187 contrarium
2834 5136 3396 5203 semperquaestiones
3431 5150 3556 5192 ver.

1571 5271 1618 5303 ⁷⁰
1648 5269 1748 5324 lsa.
1783 5286 1936 5334 um,
1968 5271 2024 5325 5.
2099 5270 2142 5302 "
2184 5268 2245 5323 lll
2288 5268 2422 5340 Reg.
2465 5284 2548 5335 Ill,
2602 5269 2694 5323 24.
2771 5269 2817 5300 ⁷⁸
2841 5268 3205 5332 Mattlnxvm,
3235 5269 3330 5324 28.

1966 5383 2038 5438 sit
2068 5383 2311 5438 adultera
2339 5383 2532 5438 mulier
2557 5383 2603 5452 si
2643 5383 2807 5438 fuerit
2833 5398 2954 5436 cum
2983 5385 3088 5436 alio
3120 5383 3270 5446 viro;
3295 5382 3381 5437 cui
3401 5398 3548 5437 sana:

1965 5456 2231 5509 doctrina
2286 5455 2474 5531 etiam__
2499 5453 2729 5531 con_cilii_
2751 5453 3024 5522 generalis
3071 5455 3292 5507 decreto
3324 5454 3538 5531 tandem

1961 5525 2203 5589 sanciuc,
2235 5527 2394 5579 audio
2435 5524 2656 5579 Graecia:
2705 5523 2868 5578 faeces
2919 5538 3292 5578 consuescere.
3337 5522 3541 5574 Iudicat

1959 5594 2202 5648 Asterius
2231 5593 2398 5648 fuisse
2433 5596 2579 5648 viros
2612 5607 2706 5646 sua
2731 5601 2890 5647 aetate
2923 5595 3210 5646 admodum
3239 5591 3424 5644 faciles
3452 5605 3541 5639 re-

1957 5667 2240 5731 pudiandis
2311 5665 2598 5726 uxoribus,
2632 5680 2695 5717 ac
2738 5681 2765 5714 a
2818 5679 2878 5716 se
2921 5663 3273 5726 aluticaudis;
3309 5671 3544 5727 etuuque

1959 5735 2149 5788 merito
2175 5737 2400 5790 abusum
2431 5737 2552 5804 pius
2586 5734 2930 5789 ecclesiastcs
2960 5732 3218 5795 exagitat.
