4090 6146
491 284 597 339 ἳΞἹ

1769 272 1826 324 s.
1873 250 2145 327 Αετειιίι
2186 268 2486 359 ΑιιΑεεΝι

3642 266 3750 323 2ἒ8

497 413 666 468 tente,
693 399 979 455 conatibus
1003 406 1058 451 et
1079 394 1227 449 attsis
1258 394 1372 449 suis
1403 392 1738 447 exciderunt.
1771 391 1844 446 De
1877 392 2070 460 quibus

2185 407 2355 460 ίανον,
2393 390 2490 461 τῆς
2527 387 2623 442 τοῦ
2663 385 3003 456 Μονογενοῦς
3045 386 3298 458 θεότητος
3328 387 3408 451 είς
3440 386 3752 443 τούναντίον

494 506 550 548 et
587 494 754 550 lsaias
789 493 844 546 in
873 491 987 545 inec
1043 488 1208 542 verba
1251 486 1564 556 prophetari
1615 485 1826 539 videtur
1863 501 1876 537 :
1913 487 2071 536 Aver-

496 598 607 640 tens
633 585 912 643 nnidentes
936 587 1245 642 retrorsum,
1300 587 1349 631 et
1397 577 1675 631 consilium
1727 591 1905 628 eorum
1938 575 2071 628 stat-

498 684 607 727 tum
639 675 930 734 faciens,et
975 680 1212 723 statuens
1262 671 1413 722 verba
1452 670 1604 737 pueri
1630 667 1713 720 sui
1744 666 1791 697 ⁷³
1816 684 1831 731 ;
1861 682 1923 718 ac
1955 681 2074 718 rur—

496 782 588 820 sas
618 765 784 820 David
809 782 824 818 :
850 762 1067 832 Linguis
1090 762 1203 814 suis
1230 759 1411 813 dolose
1431 759 1690 828 agebant;
1707 758 1891 826 judico
1921 756 2063 819 illos,

495 856 673 920 Deus;
726 856 965 908 decidant
1026 871 1059 906 a
1124 850 1532 921 cogitationibus
1559 850 1669 903 suis
1695 848 1762 903 ⁷⁸.
1790 849 2073 902 Verumta-

496 962 620 1000 men
651 946 854 1015 gratias
909 945 1034 1010 illis,
1089 944 1213 998 licet
1260 943 1609 1005 adversariis,
1661 943 1803 1012 quod
1848 943 2075 1011 Sapien-

499 1038 628 1089 tiam
664 1036 731 1089 ad
769 1035 1203 1103 respondendum
1234 1034 1668 1102 provocaverint,
1693 1049 1803 1104 quo
1830 1043 2073 1087 nOstrum

499 1130 551 1182 in
581 1145 758 1192 usum,
792 1129 883 1196 qui
913 1128 1031 1197 ejus
1065 1125 1204 1180 servi
1232 1139 1451 1188 sumus,
1488 1127 1603 1179 haec
1640 1126 1837 1180 litteris
1873 1140 1937 1179 ac
1963 1138 2076 1178 me-

499 1218 689 1271 moriae
750 1218 1128 1285 proderentur.
1187 1213 1328 1269 Ecce
1359 1215 1501 1268 enim
1558 1214 1988 1283 matrimonium,
2021 1216 2072 1269 id

491 1317 599 1375 est,
623 1323 711 1363 res
734 1308 983 1362 humana:
1014 1307 1142 1361 vita:
1168 1308 1426 1369 maxima,
1460 1306 1604 1360 velut
1628 1307 1693 1360 ad
1718 1321 1961 1362 normam
1987 1311 2076 1364 hic

498 1398 769 1467 dirigitur,
818 1397 1044 1466 ejusque
1103 1396 1186 1449 vel
1238 1396 1594 1452 contrahendi
1628 1399 1712 1450 vel
1745 1398 2072 1455 dissolvendi

497 1499 665 1543 certae
714 1489 856 1554 leges
902 1488 1208 1542 traduntur.
1271 1487 1478 1554 Quibus
1535 1489 1820 1557 diligenter
1851 1502 2077 1558 uterque

498 1593 672 1635 cattus
709 1596 772 1633 ac
816 1594 981 1632 sexus
1037 1580 1301 1642 attendat,
1374 1595 1481 1649 quo
1536 1592 1645 1634 tum
1688 1582 1921 1650 feminae,
1964 1594 2073 1638 tum

498 1671 626 1735 viri,
650 1685 769 1738 quae
800 1668 1019 1739 propria
1042 1669 1303 1738 cujusque
1332 1670 1461 1737 sint,
1500 1672 1835 1726 condiscant.

573 1947 654 2000 An
683 1947 838 2001 liceat
865 1947 1066 2001 homini
1120 1949 1382 2005 dimittere
1419 1967 1633 2006 uxorem
1666 1969 1816 2007 suam
1846 1971 2079 2023 quacun-

498 2054 598 2106 que
627 2053 690 2091 ea:
715 2054 894 2092 causa.
926 2037 999 2092 Ita
1018 2040 1234 2110 quidem
1260 2040 1424 2096 habet
1446 2040 1754 2097 Iudaeorum
1783 2045 2077 2112 problema.

500 2130 614 2200 Ego
648 2139 825 2183 autem
858 2129 1072 2184 aliunde
1109 2132 1311 2187 moveri
1373 2134 1437 2188 ad
1479 2134 1958 2201 interrogationem
2001 2139 2081 2188 vi-

505 2220 626 2273 deo.
657 2218 792 2284 Quia
825 2220 970 2272 enim
1003 2218 1329 2275 feminarum
1378 2237 1541 2278 sexus
1595 2224 1660 2276 ad
1687 2224 1844 2277 ﬁdem
1874 2224 2081 2279 facilior

503 2316 608 2371 est,
640 2322 701 2360 ac
730 2307 1053 2375 propensior
1090 2309 1375 2364 videbatur
1421 2311 1475 2366 in
1535 2313 1820 2381 magnifica
1878 2314 2077 2370 Christi

504 2398 786 2461 miracula,
820 2409 982 2468 utque
1011 2400 1127 2470 ejus
1177 2402 1420 2457 crederet
1448 2418 1512 2458 ac
1568 2407 1877 2461 admitteret
1906 2407 2079 2462 deita-

507 2500 613 2542 tem
648 2490 751 2561 (sic
785 2506 1017 2560 namque
1065 2492 1228 2546 etiam
1282 2504 1559 2563 postremo
1608 2512 1730 2551 cum
1795 2498 2082 2554 homicida:

506 2583 779 2652 ιιι-θειοεὶιο
805 2582 872 2637 ad
923 2579 1170 2653 supplicii
1218 2584 1392 2641 locum
1444 2588 1729 2642 Dominum
1782 2592 2079 2656 traherent,

506 2674 762 2729 mulieres
793 2676 976 2729 Inulta:
1012 2677 1319 2744 passionem
1354 2679 1817 2748 lamentabantur,
1844 2684 2083 2756 ﬂetuque

504 2763 802 2818 miserabili
857 2765 1194 2820 Salvatorem
1253 2764 1620 2838 sequebantur
1668 2774 1737 2840 ⁷⁸)
1773 2791 1787 2826 :
1823 2787 1879 2828 ut
1905 2777 2079 2832 eidem

504 2857 647 2926 apud
677 2857 852 2926 ipsum
887 2855 1147 2910 offensam
1186 2874 1252 2912 ac
1312 2861 1493 2914 odium
1535 2863 1911 2932 importarent,
1937 2867 2084 2921 dolo-

505 2965 623 3004 smn
660 2949 823 3003 istam
879 2950 1388 3019 interrogationem,
1446 2962 1606 3021 atque
1651 2953 1766 3009 luna
1796 2957 2082 3010 verborum

506 3039 656 3091 velut
712 3037 849 3092 retia
886 3037 1132 3094 fabricati
1194 3049 1336 3094 sunt.
1392 3038 1593 3094 Verum
1652 3043 1744 3099 ille
1770 3044 1948 3099 dolum
1982 3047 2081 3101 sibi

507 3129 836 3182 instructunt
895 3127 1197 3181 divinitatis
1226 3128 1426 3184 virtute
1472 3131 1933 3199 animadvertens,
1971 3144 2082 3188 tum

504 3218 712 3274 leniora
771 3219 1192 3290 benignioraqne
1233 3222 1431 3277 mundo
1460 3224 1728 3289 sanciens,
1764 3238 1872 3280 tum
1898 3242 2083 3282 eorum

507 3311 732 3365 eludens
791 3312 1041 3378 insidias,
1102 3314 1396 3373 secundum
1428 3314 1743 3371 mulieribus
1766 3332 2087 3387 responsum

510 3402 678 3470 dedit,
724 3412 976 3473 tanquam
1014 3404 1201 3458 inanes
1231 3404 1384 3475 lupos
1404 3421 1468 3459 ac
1495 3418 1746 3476 expertes
1774 3410 2088 3480 prtedae,in-

509 3508 725 3547 cassum
758 3493 1039 3560 quaestioni
1064 3493 1303 3547 intentos
1346 3493 1744 3563 inhiantesque,
1784 3497 2089 3556 Pharismos

512 3584 811 3654 ablegans.’
862 3582 1002 3654 Ipsa,
1054 3585 1247 3655 inquit,
1302 3587 1505 3641 creatio
1533 3589 1950 3657 conjunctionis.
1983 3607 2088 3647 non

512 3677 730 3729 divortii
800 3692 1020 3746 scopum
1103 3680 1377 3733 ostendit:
1412 3679 1725 3750 primusque
1777 3684 2087 3750 ntiptiarum

511 3770 741 3834 auspex
771 3782 833 3822 ac
884 3769 1197 3823 conciliator
1233 3771 1348 3840 ipse
1399 3781 1482 3825 est
1542 3787 1721 3825 rerum
1772 3773 2089 3844 Opifex,qui

513 3859 740 3928 primos,
780 3875 916 3928 quos
938 3859 1189 3928 ﬁnxerat,
1242 3861 1490 3917 homines
1539 3861 1805 3934 conjugali
1865 3864 2093 3920 interse

517 3950 732 4005 vinculo
757 3953 1046 4021 copulans,
1087 3955 1456 4007 necessarium
1501 3956 1737 4024 posteris
1775 3958 2092 4013 convivendi

517 4056 581 4096 ac
609 4042 956 4097 cobabitandi
1016 4044 1236 4097 tradidit
1286 4045 1555 4112 ordinem,
1617 4060 1776 4114 quem
1810 4058 1867 4102 ut
1893 4048 1983 4104 Dei
2018 4050 2094 4105 le-

517 4149 663 4203 gem,
694 4145 941 4189 sanctum
986 4152 1049 4189 ac
1102 4120 1463 4191 inviolabilem
1501 4137 1733 4192 habituri
1763 4149 1964 4194 essent.
1991 4140 2093 4207 Qui

516 4236 698 4279 autem
749 4242 889 4281 nexu
942 4236 1049 4279 tam
1097 4217 1247 4280 arcto
1289 4227 1462 4296 juncti
1501 4238 1647 4291 sunt,
1684 4228 1798 4296 jam
1843 4246 1944 4283 non
1973 4241 2093 4284 sunt

514 4317 749 4384 d'ro,sed
781 4322 888 4372 uno
917 4336 1040 4372 caro
1070 4320 1242 4390 :quod
1264 4337 1385 4390 ergo
1422 4319 1559 4373 Dens
1598 4321 1902 4389 conjunxit,
1942 4323 2095 4377 homo

516 4428 618 4463 non
640 4422 861 4476 separet.

2173 483 2357 544 αὐτοῖς
2392 482 2479 534 ἀεὶ
2509 479 2950 551 περιτρεπούσης
2985 479 3054 533 τὰ
3089 480 3439 549 ἐρωτήματα.
3488 478 3625 551 Περὶ
3652 471 3749 539 ὧν,

2177 571 2273 641 μοι⁸
2303 572 2468 634 δοκεῖ,
2512 572 2605 625 καὶ
2643 571 2868 632 Ἡσαΐας
2906 568 3261 640 προφητεύων
3310 568 3524 636 ἔλεγεν·
3589 572 3757 624 Ἀπο-

2173 660 2450 730 στρέφων
2478 660 2659 729 sopor!
2655 677 2811 729 μους
2825 660 2913 724 είς
2928 661 3000 711 τὰ
3020 658 3233 722 ὀπίσω,
3256 658 3355 712 καὶ
3382 657 3494 725 τὴν
3507 656 3755 726 ,ϐουλὴν

2173 751 2372 806 αὐτῶν
2401 753 2738 821 μωραίνων,
2769 749 2869 803 καὶ
2911 747 3097 803 ἱστῶν
3128 749 3370 818 ῥήματα
3406 748 3622 815 παιδῴς
3644 749 3753 801 αὑ·-

2173 843 2282 897 τοῦ
2302 861 2316 874 ·
2352 843 2446 896 καὶ
2474 842 2636 897 πάλιν
2660 840 2824 896 Δαϐίδ
2844 856 2859 871 ο
2892 839 3027 907 Ταῖς
3061 841 3371 909 γλώσσαις
3393 840 3596 895 αὐτῶν
3620 840 3722 894 ἐδο
3737 873 3754 882 -

2175 933 2466 989 λιοῦσαν·
2492 933 2699 1002 κρῖνον
2717 930 2960 997 αὐτοὺς,
2993 933 3027 985 ό
3055 931 3199 998 Θεός
3222 948 3239 966 ο
3272 931 3758 986 ἀποπεσάτωσαν

2175 1025 2291 1078 ἀπὸ
2329 1022 2451 1076 τῶν
2503 1020 2863 1076 διαϐουλιῶν
2902 1020 3121 1075 αὐτῶν.
3153 1022 3300 1094 Πλὴν
3337 1023 3497 1095 χάρις
3536 1025 3756 1088 αὐτοῖς,

2175 1116 2268 1168 καὶ
2290 1114 2570 1185 πολεμίοις
2607 1113 2998 1184 τυγχάνουσιν,
3029 1112 3112 1165 ὅτι
3141 1112 3239 1185 τὴν
3272 1115 3465 1185 σοφίαν
3500 1114 3760 1187 ἐκίνησαν

2176 1207 2312 1278 πρὸς
2340 1208 2657 1279 ἀπόκρισιν,
2694 1208 2783 1260 ἵνα
2811 1207 2948 1276 ἡμῖν
2991 1209 3106 1272 τοῖς
3148 1207 3356 1270 δούλοις
3404 1209 3759 1279 ἀνάγραπτον

2177 1300 2452 1373 καταλίπῃ
2483 1299 2593 1353 τῶν
2624 1302 3011 1374 συμφερόντων
3051 1300 3149 1371 τὴν
3183 1299 3436 1371 μάθησιν.
3476 1300 3610 1353 Ἰδοὺ
3646 1299 3762 1372 γάρ

2176 1390 2204 1442 ὁ
2233 1392 2412 1461 γάμος
2451 1391 2817 1458 κανονίζεται,
2852 1394 3086 1465 πρᾶγμα
3127 1391 3221 1444 τοῦ
3254 1390 3606 1460 ἀνθρωπικοῦ
3641 1391 3760 1461 βίου

2177 1484 2497 1553 κεφάλαιον,
2528 1484 2629 1537 καὶ
2652 1485 2753 1555 τῆς
2774 1488 3086 1548 συστάσεως
3110 1483 3298 1547 αὐτοῦ,
3329 1485 3424 1537 καὶ
3452 1484 3552 1554 τῆς
3575 1484 3761 1538 διαλύ-

2179 1590 2319 1636 σεως
2348 1573 2597 1645 ἀκριϐεῖς
2620 1574 3036 1645 νομοθετοῦνται
3055 1576 3103 1628 οί
3128 1575 3262 1647 ὅροι.
3289 1569 3391 1627 Ὦν
3411 1573 3534 1628 λίαν
3561 1576 3764 1629 ἐσπου-

2160 1662 2464 1734 ’δασμένως
2514 1663 2803 1719 ἀκουσάτω
2843 1665 2915 1719 τὰ
2957 1665 3053 1718 δύο
3085 1664 3379 1736 τάγματα’
3439 1665 3527 1719 ἵνα
3583 1665 3677 1719 καὶ
3724 1667 3764 1738 ἡ

2107 1747 2150 1803 Β
2179 1758 2561 1825 γυναικωνῖτις
2618 1757 2881 1828 παιδευθῇ
2926 1757 2995 1810 τά
3045 1756 3174 1822 ίδια,
3236 1757 3331 1809 καὶ
3378 1758 3412 1827 ή
3457 1757 3765 1829 ἀνδρονῖτις

2178 1846 2431 1918 ὼφεληθῇ
2465 1848 2530 1901 τὰ
2561 1847 2832 1918 ἐξαίρετα.

2247 1941 2316 1992 Et
2365 1938 2610 2003 ἔξεστιν
2659 1937 2947 2008 ἀνθρώπῳ
2994 1938 3303 1993 ἀπολῦσαι
3360 1938 3477 2008 τὴν
3508 1938 3765 2011 γυναῖκα

2181 2031 2370 2084 αὐτοῦ
2425 2030 2575 2084 κατὰ
2627 2029 2836 2084 πᾶσαν
2890 2031 3107 2085 αἰτίαν.
3166 2030 3338 2085 Τοῦτο
3377 2032 3478 2102 μὲν
3524 2028 3616 2085 οὖν
3651 2032 3766 2086 τῶν

2193 2121 2463 2193 Ἐϐραίων
2505 2122 2566 2174 τὸ
2599 2122 2913 2193 πρόϐλημα.
2959 2122 3101 2191 Ἐγὼ
3147 2124 3285 2196 πρὸς
3323 2124 3433 2177 τῶν
3461 2124 3634 2178 ἄλλων
3670 2124 3765 2177 τὸν

2185 2214 2387 2267 σκοπὸν
2412 2213 2592 2283 βλέπω
2624 2215 2726 2283 τῆς
2762 2215 3105 2286 ἐρωτήσεως.
3153 2216 3371 2287 Ἐπειδὴ
3409 2215 3518 2288 γὰρ
3561 2215 3621 2269 τὸ
3654 2216 3767 2271 τῶν

2182 2304 2458 2374 γυναικῶν
2492 2304 2649 2373 γένος
2674 2303 3037 2376 εὐκολώτερόν
3063 2305 3180 2358 ἐστι
3210 2306 3347 2377 πρὸς
3370 2306 3432 2359 τὸ
3458 2305 3763 2369 πίῖεσθαι,

2184 2398 2280 2450 καὶ
2330 2397 2529 2468 μᾶλλον
2583 2396 2902 2451 ἐπεκλίνετο
2933 2398 3069 2468 πρός
3115 2392 3175 2450 τε
3225 2398 3325 2469 τὴν
3375 2398 3481 2452 τῶν
3519 2398 3769 2469 τεράτων

2188 2488 2613 2560 μεγαλουργίαν,
2651 2488 2746 2540 καὶ
2769 2488 2903 2558 πρὸς
2934 2487 3032 2558 τὴν
3056 2488 3449 2556 συγκατάθεσιν
3467 2490 3564 2542 καὶ
3583 2489 3771 2543 πίστιν

2184 2580 2282 2649 τῆς
2325 2578 2577 2649 θεότητος
2610 2578 2704 2633 τοῦ
2745 2579 2981 2650 Χριστοῦ
3022 2578 3183 2651 (οὕτω
3211 2599 3295 2634 τοι
3331 2581 3424 2635 καὶ
3456 2580 3767 2637 τελευταῖον

2182 2670 2293 2724 τῶν
2337 2672 2674 2744 ἀνδροφόνων
2710 2671 2820 2724 τῶν
2870 2675 2931 2743 τῇ
2983 2671 3178 2747 γνώμῃ
3224 2672 3358 2744 πρὸς
3401 2674 3491 2727 τὸν
3531 2676 3765 2745 σταυρὸν

2186 2762 2453 2816 ἑλκόντων
2486 2762 2577 2814 τὸν
2616 2763 2844 2834 Κύριον,
2878 2764 2940 2817 τὸ
2976 2763 3180 2835 πλῆθος
3211 2764 3321 2817 τῶν
3347 2764 3641 2833 γυναικῶν,
3674 2767 3769 2819 καὶ

2185 2851 2246 2906 τὺ
2299 2853 2472 2917 πάθος
2534 2853 2871 2925 ἀπεθρήνει,
2919 2855 3015 2908 καὶ
3065 2855 3391 2909 ἀκολουθοῦν
3428 2857 3506 2928 τῷ
3550 2856 3771 2927 Σωτῆρι

2187 2942 2437 3008 ἐλεεινῶς
2488 2945 2885 3018 ἀπεδάκρυεν)·
2927 2947 3013 3000 ἵνα
3043 2947 3165 3001 τινὰ
3211 2949 3627 3020 προσκρουσμὸν
3672 2949 3772 3002 καὶ

2185 3035 2508 3106 δυσμένειαν
2551 3035 2721 3107 αὐτῷ,
2770 3036 2909 3108 πρὸς
2946 3036 3008 3089 τὸ
3039 3036 3290 3108 σύστημα
3334 3037 3443 3091 τῶν
3492 3038 3773 3106 γυναικῶν

2190 3128 2612 3198 μηχανήσωνται
2642 3127 2731 3180 διὰ
2760 3126 2857 3198 τῆς
2878 3126 3102 3199 δολερᾶς
3125 3130 3468 3200 ἐρωτήσεως,
3493 3129 3774 3201 αύτοὶσμέν

2184 3218 2255 3272 τά
2277 3217 2542 3291 θήρατρα,
2574 3219 2650 3282 ὡς
2689 3218 2959 3289 ἐνόμιζον,
2988 3221 3082 3273 καὶ
3110 3222 3237 3285 τοὺς
3267 3220 3497 3292 βρόχους
3528 3222 3653 3284 τοὺς
3683 3219 3775 3273 διὰ

2187 3310 2294 3363 τῶν
2346 3310 2520 3380 λόγων
2554 3310 2850 3381 ἐπήξαντο·
2896 3312 2924 3363 ὁ
2970 3311 3028 3365 δὲ
3057 3313 3263 3382 Κύριος
3306 3314 3372 3384 τῇ
3419 3312 3647 3383 δυνάμει
3671 3312 3774 3383 τῆς

2190 3401 2439 3475 θεότητος
2464 3402 2676 3473 βλέπων
2703 3404 2795 3456 τοῦ
2826 3405 3376 3475 κατασκευαζομένου
3406 3405 3504 3476 τὴν
3534 3422 3774 3476 κακουρ-

2189 3493 2336 3562 γίαν,
2366 3493 2499 3563 ὁμοῦ
2523 3495 2577 3546 δὲ
2608 3495 2702 3548 καὶ
2724 3495 2789 3548 τὰ
2812 3486 3169 3566 φιλάνθρωπα
3189 3495 3529 3566 δογματίζων
3550 3495 3628 3568 τῷ
3649 3483 3772 3567 βίῳ,

2191 3582 2464 3646 κάκείνοις
2491 3582 2588 3654 τὴν
2612 3582 2831 3654 ἔνεδραν
2868 3585 3103 3655 ματαίαν
3141 3584 3610 3658 ἀπεργαζόμενος,
3645 3604 3775 3639 συν-

2191 3673 2496 3747 ηγοροῦσαν
2521 3678 2641 3738 ταῖς
2690 3677 2907 3743 γυναιξὶ
2934 3677 3304 3749 προϐάλλεται
3330 3677 3430 3750 τὴν
3458 3677 3771 3750 ἀπόκρισινο

2191 3767 2386 3830 λύκους
2405 3767 2594 3831 κενοὺς
2621 3768 3109 3839 ἀποπέμψας,τοὺς
3133 3770 3483 3841 Φαρισαίους,
3522 3768 3776 3839 διακενῆς

2191 3860 2269 3932 τῷ
2288 3861 2600 3933 ἐρωτήματι
2634 3864 3058 3933 περιχήναντας.
3115 3864 3286 3936 Αὐτὴ,
3323 3865 3540 3936 (malui)
3574 3865 3774 3928 κτίσις,

2196 3954 2514 4023 συναφείας,
2540 3955 2637 4008 καὶ
2665 3956 2726 4008 ού
2758 3954 3074 4020 διαλύσεως.
3120 3957 3490 4011 ἐπιδείκνυται
3519 3957 3611 4011 τὸν
3648 3974 3774 4010 σκο-

2195 4049 2328 4102 πόν’
2380 4050 2477 4102 καὶ
2531 4048 2625 4101 τοῦ
2683 4048 2860 4117 γάμου
2890 4047 3105 4121 πρῶτος
3147 4049 3519 4120 νυμφοπόλος
3564 4049 3714 4101 ἐστὶν
3746 4049 3778 4100 ό

2195 4140 2558 4212 Δημιουργὸς,
2620 4141 2748 4204 τοὺς
2808 4139 3269 4210 πρωτοπλάστους
3322 4140 3646 4213 ἀνθρώπους
3698 4139 3778 4210 τῷ

2196 4227 2418 4300 γαμικῴ
2444 4225 2709 4294 συζεύξας
2734 4227 2918 4299 δεσμῷ
2939 4245 2953 4258 ’
2994 4228 3118 4294 δοὺς
3147 4231 3259 4293 τοῖς
3288 4230 3672 4301 γενησομένοις
3694 4221 3779 4294 είς

2199 4319 2388 4373 ἔπειτα
2417 4321 2513 4391 τὴν
2537 4319 2859 4374 ἀκολουθίαν
2873 4321 2972 4392 τῆς
2994 4321 3356 4393 συνοικήσεως
3379 4320 3776 4392 ἀπαραίτητον,

2200 4413 2268 4480 ἣν
2302 4414 2466 4482 τιμᾷν
2496 4412 2771 4483 προσῆκον
2812 4412 2888 4474 ὡς
2935 4412 3099 4482 νόμον
3144 4411 3302 4466 Θεοῦ.
3343 4414 3405 4465 Oi
3434 4412 3491 4465 δὲ
3530 4411 3778 4482 ἀλλήλοις

519 4501 901 4571 συναφθέντες,
926 4503 1037 4556 οὐκ
1077 4504 1165 4556 ἔτι
1206 4488 1324 4556 εἰσὶ
1374 4501 1506 4569 δύο,
1549 4501 1710 4557 ἀλλὰ
1755 4488 1912 4569 σὰρξ
1952 4502 2089 4572 μία·
2131 4500 2313 4567 ὥστε,
2357 4502 2388 4555 ὃ
2425 4499 2789 4566 συνέζευξεν
2850 4504 2882 4555 ό
2915 4500 3080 4568 Θεὸς,
3139 4500 3451 4569 ἄνθρωπος
3482 4501 3570 4571 μὴ
3607 4519 3779 4572 χωρι-

516 4594 673 4656 Clito).

592 4690 734 4743 Sane
771 4690 983 4756 quidem
1030 4688 1142 4742 haec
1180 4689 1468 4745 Pharisacis
1543 4700 1670 4745 tunc
1716 4691 1856 4746 dicta
1903 4691 2093 4747 fuere:
2128 4705 2172 4759 ι)

523 4792 711 4830 verum
747 4793 891 4830 nunc
920 4790 1154 4844 quoque,
1189 4792 1283 4831 vos
1324 4780 1516 4832 borum
1547 4781 1845 4842 inStitores,
1892 4783 2093 4849 audite,

520 4871 612 4941 qui
637 4885 731 4922 ceu
759 4878 960 4930 vestes,
986 4867 1214 4922 subinde
1240 4885 1435 4923 uxores
1461 4873 1804 4941 nintatis;qui
1832 4874 2097 4930 thalamos

523 4970 634 5012 tam
674 4972 817 5028 szrpe
846 4973 909 5012 ac
964 4957 1124 5011 facile
1174 4963 1336 5023 atque
1380 4958 1740 5013 nundinarum
1789 4961 2095 5015 tabernulas

522 5051 762 5117 struitis;
812 5050 901 5119 qui
953 5050 1132 5104 dotem
1178 5063 1243 5103 ac
1275 5050 1411 5103 bona
1458 5046 1679 5115 ducitis,
1735 5052 2097 5123 coniugesque

473 5194 479 5200 ,
522 5143 591 5194 ad
638 5151 904 5211 quaestum
953 5155 1017 5195 ac
1067 5140 1489 5210 negotiationem
1540 5140 1788 5208 habetis:
1863 5145 1948 5212 qui
1994 5144 2098 5198 levi

524 5234 706 5291 statim
739 5234 1056 5299 ollensione,
1090 5233 1294 5302 repudii
1332 5233 1566 5287 libellum
1596 5236 1976 5301 conscribitis;
2007 5237 2097 5304 qui

526 5325 579 5381 in
608 5323 745 5377 vivis
779 5325 1043 5378 hactenus
1071 5332 1312 5393 agentes,
1340 5323 1529 5376 viduas
1556 5322 1738 5391 plures
1773 5322 2099 5392 relinquitis.

529 5417 643 5471 lluc
672 5430 802 5470 vero
836 5425 1009 5469 ratum
1043 5430 1108 5470 ac
1136 5416 1359 5470 omnino
1398 5429 1714 5483 persuasum
1758 5414 1991 5469 habete:
2017 5429 2106 5468 ex-

2284 4684 2508 4756 Ἐλέχθη
2543 4686 2639 4755 μὲν
2672 4685 2841 4738 ταῦτα
2865 4687 2976 4749 τοῖς
3002 4685 3315 4757 Φαρισαίοις
3342 4685 3485 4739 τότε·
3506 4683 3778 4738 ἀκούσατε

2195 4778 2253 4833 δὲ
2275 4777 2392 4840 νῦν,
2421 4779 2468 4829 οἱ
2494 4777 2697 4832 τούτων
2728 4778 2986 4849 κάπηλοι,
3006 4780 3100 4831 καὶ
3123 4778 3221 4841 τὰς
3249 4780 3533 4846 γυναῖκας,
3556 4777 3632 4841 ὡς
3651 4777 3781 4847 ἱμά-

2196 4888 2308 4933 τια,
2340 4869 2575 4931 εὐκόλως
2604 4869 3045 4940 μετενδυόμενοι’
3078 4871 3127 4922 oi.
3154 4869 3253 4933 τάς
3280 4870 3557 4932 παστάδας
3578 4868 3780 4923 πολλά-

2198 4979 2286 5025 κις
2312 4961 2405 5014 καί¹
2429 4959 2625 5031 ῥᾳδίως
2657 4960 2982 5031 πηγνύντες,
3010 4961 3086 5024 ὼς
3117 4961 3479 5032 πανηγύρεως
3507 4962 3778 5035 ἐργαστή-

2204 5068 2330 5123 ριαο
2369 5053 2425 5105 οἱ.
2461 5051 2558 5115 τὰς
2589 5052 2850 5124 εὐπορίας
2890 5053 3226 5125 γαμοῦντες,
3259 5054 3353 5107 καὶ
3382 5053 3489 5116 τὰς
3512 5054 3779 5120 γυναῖκας

2203 5143 2635 5214 ἐμπορευόμενοι
2657 5160 2670 5172 ·
2700 5146 2747 5197 οἱ
2781 5144 2975 5216 μικρὸν
3010 5145 3455 5216 παροξυνόμενοι,
3497 5144 3591 5197 καὶ
3617 5142 3777 5204 εὐθὺς

2197 5235 2258 5287 τὸ
2293 5234 2494 5305 βιϐλίον
2527 5236 2628 5307 τῆς
2659 5237 2977 5308 διαιρέσεως
3004 5238 3338 5309 γράφοντεςο
3372 5238 3422 5291 οἱ
3446 5236 3647 5299 πολλὰς
3677 5237 3781 5307 χή-

2204 5344 2303 5397 ρας
2331 5328 2389 5381 ὲν
2420 5328 2498 5398 τῷ
2542 5327 2642 5400 ζῇν
2680 5328 2760 5382 ἔτι
2797 5329 3325 5400 καταλιμπάνοντες.
3378 5328 3666 5401 Πείσθητε,
3697 5330 3783 5384 ὅτι

2201 5412 2382 5489 γάμος
2432 5420 2648 5491 θανάτῳ
2703 5422 2849 5492 μόνῳ
2887 5422 2982 5474 καὶ
3036 5420 3253 5492 μοιχεία
3292 5420 3660 5474 διακόπτεται.
3703 5419 3781 5474 Οὐ

526 5506 701 5577 ceptis
735 5515 909 5559 morte
934 5520 997 5560 ac
1023 5504 1310 5571 adulterio,
1350 5502 1492 5557 nulla
1525 5516 1590 5557 ex
1623 5515 1787 5557 cauSa
1824 5502 2085 5555 matrimo-

2204 5508 2334 5580 γάρ,
2368 5508 2556 5583 ὥσπερ
2584 5513 2672 5565 ἐπὶ
2701 5513 2808 5565 τῶν
2843 5514 3144 5584 ἑταιρίδων,
3190 5514 3369 5583 ὀλίγος
3397 5515 3619 5588 ἡμερῶν
3655 5516 3784 5590 ἀρι-

601 5685 650 5718 "
684 5687 786 5741 lsa.
820 5703 962 5753 mv,
1158 5688 1204 5719 ⁷⁸
1239 5685 1385 5741 Psal.
1414 5702 1469 5750 ν,
1501 5686 1588 5740 ll.

1664 5685 1708 5715 ⁷⁵
1733 5682 1862 5738 Luc.
1894 5699 2049 5750 χχιιι,
2080 5684 2170 5739 ‘27.
