2045 3073
135 101 188 129 229

687 104 825 133 HOMILIA
845 107 876 134 V.
897 106 928 134 IN
946 107 1075 135 ΜΛΤΤΙΙ.
1094 106 1164 138 XIX,
1183 107 1210 134 5.

1719 111 1774 137 250

135 161 204 196 Θμὸς
219 160 347 196 πειράζει
377 160 426 195 τὴν
450 160 616 195 συμϐίωσιν,
641 162 688 188 καὶ
712 163 796 198 μόνην
826 163 922 199 θηρεύε

973 164 1061 192 ηιιίιιιιι
1083 164 1183 191 dirimi.
1207 163 1264 190 Non
1285 164 1358 191 enim
1372 165 1410 192 uti
1427 165 1453 193 in
1473 166 1652 195 meretriculis
1672 176 1771 202 pauco-

135 206 246 241 ήδονὴν,
261 204 424 235 οὕτωςλὲστὶ
435 206 483 232 καὶ
500 206 546 232 ἐπὶ
556 206 610 233 τῶν
627 207 701 242 νόμῳ
714 209 761 234 καὶ
780 208 872 244 Θεσμῷ
885 218 930 235 τε-

132 252 274 287 λουμένων
285 259 292 266 ·
307 250 376 278 ἀλλὰ
393 252 448 278 πᾶν
459 252 625 284 τούναντίον,
640 249 662 279 ὦ
675 253 811 289 ἄνθρωπε,
828 255 877 289 μία
890 264 932 287 τις

131 298 233 329 ἒνωσις
256 296 362 330 γίνπαι
382 297 429 323 καὶ
452 297 577 332 σώματος
598 299 646 324 καὶ
660 299 760 334 ψυχῆς,
782 300 820 332 ὡς
837 300 884 327 καὶ
901 300 932 327 τὸ

131 341 199 379 ἦθος
223 342 262 377 τῷ
284 341 345 377 ᾖθει
363 343 629 378 συνανακιρνᾱσθαι,
647 345 695 370 καὶ
715 345 765 380 τὴν
786 345 875 381 σάρκα
896 348 928 382 τῇ

133 389 218 424 σαρκὶ
243 388 343 425 τρόπον
367 388 429 414 τινὰ
455 388 637 417 συνδεδέσθαι.
660 390 722 422 Πῶς
746 388 792 417 οὖν
817 391 930 423 ἀπαθῶς

130 435 281 470 διατέμνῃ;
304 434 368 466 Πῶς
387 435 506 467 εὐκόλως
522 436 570 462 καὶ
590 436 675 471 χωρὶς
697 436 844 472 ἀλγηδόνος
864 438 929 464 ἀνα-

132 481 251 515 χωρεῐς,
270 478 327 513 βίου
350 479 479 506 κοινωνὸν
501 478 608 512 λαόὼν,
632 480 682 506 οὐκ
697 480 794 514 ὀλίγων
817 480 928 516 ἡμερῶν

130 526 282 561 ὑπηρέτιν,
295 525 346 560 τὴν
360 525 480 560 ἀδελφὴν
498 526 545 552 κα.)⁸
565 526 699 559 γυναῖκα;
727 526 856 562 Ἀδελφὴν
878 527 928 562 μὲν

130 572 204 598 κατὰ
224 571 270 597 τὸν
287 571 365 605 λόγον
386 571 437 605 τῆς
456 571 581 604 πλάσεως
598 572 647 599 καὶ
663 572 712 607 τῆς
747 572 928 608 δημιουργίας

130 618 139 651 ί
153 617 202 651 ἀφ’
218 617 278 649 ἐνὸς
293 617 348 652 γὶρ
363 617 450 643 αἰτίου
462 617 484 632 ⁷⁸
500 618 549 652 τῆς
567 618 619 653 γῆς
631 618 679 644 καὶ
694 618 745 653 τῆς
761 618 845 654 αὐτῆς
861 618 926 654 ὕλης

129 663 268 697 ὑπέστητε
321 664 441 696 γυναῖκα
462 663 504 695 δὲ,
525 663 569 689 διὰ
585 663 634 698 τὴν
657 663 753 690 ἕνωσιν
775 665 825 700 τῆς
847 664 927 697 συζυ-

127 709 203 743 γίας,
217 708 263 735 διὰ
275 709 322 735 τὸν
341 709 424 744 νόμον
443 709 490 735 τοῦ
503 709 602 744 γάμου.
618 710 697 735 Ποῖον
711 708 757 736 οὖν
769 710 927 746 διαρῤήξεις

126 754 242 789 δεσμὸν,
259 754 307 780 καὶ
320 754 396 789 νόμῳ
414 754 555 789 δεδεμένος
572 755 618 781 καὶ
636 754 731 788 φύσει;
749 755 811 787 Πῶς
822 756 850 782 δὲ
861 755 925 782 ἀϐε-

126 801 224 834 τὴσεις
238 798 287 829 τὰς
298 798 456 833 ὁμολογίας,
468 798 501 830 ἃς
514 799 560 825 ἐπὶ
575 798 614 833 τῷ
629 799 712 834 γάμῳ
723 800 838 826 κατέθου
850 808 857 831 ;
871 800 926 826 Καὶ

986 216 1044 235 rum
1057 209 1160 235 dierum
1175 215 1303 235 nttntcrtts
1324 210 1529 237 contubernium
1550 212 1656 246 probat,
1678 221 1710 241 ac
1728 222 1772 241 so-

985 255 1037 281 lam
1061 259 1175 281 venatur
1200 254 1380 288 voluptatem,
1403 256 1494 283 itidem
1524 257 1549 284 in
1580 258 1615 291 iis,
1641 266 1700 286 sese
1729 268 1773 288 res

991 297 1085 327 habet,
1102 304 1160 331 qua:
1175 298 1224 324 tite
1239 303 1265 324 et
1280 306 1311 325 cx
1327 299 1383 332 lege
1402 300 1490 327 fiunt:
1507 301 1553 328 sed
1570 304 1648 336 plane
1664 310 1770 336 contra,

984 350 1000 369 o
1018 342 1102 370 bone!
1130 341 1186 369 Una
1214 343 1383 370 contrahitur
1398 347 1520 380 corporis
1535 351 1560 373 et
1577 348 1673 375 animae
1689 350 1772 377 socie-

985 393 1036 420 tas,
1065 394 1094 416 ut
1121 393 1148 416 et
1172 388 1287 416 affectus
1313 389 1455 418 affectibus
1481 395 1716 427 commisceantur,
1745 402 1772 423 et

983 441 1047 460 caro
1061 434 1136 461 carni
1157 435 1356 468 quodammodo
1376 436 1526 471 colligetur.
1552 438 1602 471 Qui
1622 447 1686 474 ergo
1706 441 1770 468 nihil

983 479 1096 506 allectus
1123 487 1155 506 ac
1181 480 1274 507 dolens
1301 481 1458 508 divelleris?
1484 482 1621 515 Quomodo
1642 485 1719 512 facile
1739 494 1771 512 ac

982 526 1041 552 sine
1064 524 1184 552 molestia
1204 527 1416 561 aegrimoniath
1438 529 1554 562 recedis,
1584 531 1628 563 qni
1652 531 1711 558 vitze
1727 540 1771 559 so-

981 571 1051 597 ciam
1065 571 1127 606 (non
1139 571 1264 597 ancillam
1278 572 1310 597 ad
1326 568 1406 598 breve
1419 575 1545 606 tempus),
1560 582 1770 611 sororcmatque

982 624 1093 644 uxorem
1108 616 1268 651 acceperis?
1281 617 1408 644 Sororem
1425 619 1543 652 qnidetn,
1561 624 1590 646 ut
1605 621 1768 648 creationem

981 669 1014 689 ac
1035 661 1166 697 originem
1185 667 1308 696 spectes;
1326 670 1359 689 ex
1377 671 1430 690 uno
1448 664 1519 690 cnlttt
1533 665 1666 692 elemento
1680 672 1768 697 terrae,

981 708 1132 741 eademque
1169 707 1281 734 materia
1309 708 1410 735 conditi
1443 710 1528 736 estis:
1548 717 1658 737 uxorem
1693 720 1768 742 vero,

981 757 1090 788 propter
1102 753 1218 788 conjngii
1234 754 1367 787 copulam,
1382 761 1490 789 propter
1503 756 1657 790 nuptiarum
1671 757 1767 792 legem.

980 797 1065 830 Quale
1092 798 1156 824 illud
1174 803 1361 832 quantumque
1381 799 1545 834 abrupturus
1568 808 1598 827 es
1624 801 1767 834 vinculum,

126 844 211 876 ποίας
228 843 279 870 οἴει
298 853 331 879 με
346 844 453 878 λέγεινς
466 841 539 879 Ἀρα
550 844 600 880 τῆς
615 845 727 880 προικὸς
743 846 794 880 τῆς
808 854 922 882 συγγρα-

981 850 1041 868 cntn
1063 842 1129 877 legis
1156 843 1260 869 ratione
1288 843 1431 877 astriczns,
1459 849 1513 870 tntn
1535 846 1656 872 naturae?
1686 846 1767 874 Pacta

126 890 229 924 φείσης
245 889 373 920 ἐνταῦθα,
394 890 438 915 ὅτε
456 891 488 925 τῇ
506 890 604 916 σαυτοῦ
619 891 692 926 χειρὶ
709 892 875 927 ὲπεσημήνω
889 893 927 928 τῷ

126 935 236 970 βιελίῳ,
246 935 512 970 ὲπισφραγιζόμενος
525 935 560 962 τὰ
567 935 734 971 τελούμενα;
753 937 861 973 ’ἰσχυρὰ
878 939 927 973 μὲν

125 983 183 1019 γὰρ
212 983 345 1014 κάκεῖνα,
369 983 417 1009 καὶ
446 983 541 1018 ἱκανὴν
567 983 617 1019 τὴν
642 984 792 1018 ἀσφάλειαν
810 984 925 1020 ἔχοντα·

128 1029 201 1064 πλὴν
213 1028 270 1063 ἐγὼ
286 1029 355 1064 πρὸς
372 1028 422 1064 τὴν
442 1028 533 1063 φωνὴν
550 1028 596 1055 τοῦ
618 1029 704 1064 ’Λδὰμ
722 1030 841 1065 ἐμαυτὸν
859 1031 925 1057 ἀνα-

125 1077 221 1111 φέρω·
244 1076 338 1103 Τοῦτο
368 1075 448 1109 σὰρξ
469 1075 503 1102 ἐκ
530 1074 589 1101 τῶν
612 1075 735 1109 σαρκῶν
762 1085 839 1110 μου,
875 1077 923 1103 καὶ

124 1122 242 1150 ὀστοῦν
255 1123 289 1149 ὲκ
306 1121 367 1149 τῶν
379 1121 478 1149 ὀστῶν
489 1130 549 1156 μου
562 1131 568 1137 ·
583 1122 658 1155 αὕτη
668 1122 843 1156 κληθήσεται
863 1132 924 1157 μου

124 1168 219 1203 γυνή,
235 1167 309 1202 Αὕτη
322 1168 339 1200 ἡ
354 1167 430 1202 φωνὴ
455 1167 486 1194 οὐ
505 1168 593 1202 μάτην
609 1167 784 1202 ἀνάγραπτος
797 1168 922 1200 σώζεται·

124 1213 199 1240 ἀλλὰ
215 1214 292 1247 κοινή
313 1214 386 1239 ἐστιν
402 1212 456 1238 τῶν
476 1212 628 1248 ἀνθρώπων
649 1213 779 1248 ὁμολογία
790 1234 796 1244 ,
813 1213 846 1240 δι’
866 1215 924 1246 ἐνὸς

123 1258 279 1295 προσώπου
303 1258 349 1285 τοῦ
372 1258 481 1293 πρώτου
502 1258 588 1293 τούτῳ
604 1259 625 1273 ⁷⁷
647 1259 730 1294 κοινῷ
748 1259 844 1294 πλήθει
870 1260 924 1286 τῶν

123 1304 271 1339 γυναικῶν
297 1304 452 1336 ὲκτεθεῖσα,
475 1304 530 1330 τῶν
543 1304 617 1339 νόμῳ
638 1306 695 1336 τοῖς
716 1305 843 1340 ἀνδράσιν
863 1313 925 1331 συν-

122 1350 303 1385 απτομένων.
316 1350 369 1377 Καὶ
383 1350 420 1385 μὴ
433 1349 587 1385 Θαυμάσῃς,
603 1350 627 1376 εἰ
640 1349 669 1382 ἐξ
682 1347 719 1376 ὧν
731 1350 810 1381 ἄλλος
836 1347 921 1382 εἶπεν,

122 1396 208 1428 ἄλλος
232 1395 383 1423 εὐθύνεται.
401 1395 495 1422 Πάντα
515 1394 570 1430 γὰρ
591 1394 642 1422 ὅσα
662 1395 726 1430 περὶ
744 1394 799 1421 τῶν
817 1404 924 1430 πρωτο-

122 1442 256 1469 πλὰστων
270 1442 299 1468 εν
313 1442 412 1477 ἀρχαῖς
428 1440 540 1476 συνέϐη,
552 1440 638 1467 ταῦτα
653 1440 701 1467 τοῦ
715 1440 863 1467 ἀκολούθου
881 1439 923 1475 γέ-

121 1499 189 1522 νους
204 1489 285 1524 φύσις
299 1489 416 1523 ἐγένετο.

161 1535 214 1562 ’Ἂν
229 1533 275 1562 οὖν
289 1534 411 1561 λαϐοῦσα
424 1534 453 1561 τὸ
463 1534 513 1569 τῆς
526 1534 712 1569 Κοσμοποιίας
723 1533 823 1569 βιϐλίον
837 1533 854 1569 ἡ
871 1532 923 1568 μά-

119 1579 327 1616 την·ἀφιεμένη
340 1580 421 1614 γυνὴ,
436 1579 539 1615 ἑλκύσῃ
553 1588 582 1605 σε
595 1579 663 1614 πρὸς
673 1579 718 1604 τὸν
730 1578 859 1613 δικαστὴν
873 1578 923 1612 (δι-

121 1626 231 1662 καστὴν
243 1626 288 1653 τὸν
301 1626 383 1653 αὑτὸν
398 1626 444 1652 καὶ
459 1626 609 1661 μάρτυρα),
624 1623 752 1656 τίλέξεις,
765 1623 844 1656 sini;
860 1623 923 1655 Πῶς

121 1671 279 1706 ἐξαλείφεις
291 1671 341 1707 τὴν
355 1671 453 1697 σαυτοῦ
470 1671 572 1706 φωνὴν,
589 1671 623 1705 ἦν
635 1670 682 1696 ἐπὶ
701 1669 768 1696 Θεοῦ
789 1670 921 1704 ἐποιήσω,

119 1714 153 1752 ἧς
168 1715 358 1751 συγγραφεὺς,
370 1716 431 1742 ἀντὶ
446 1715 547 1742 εὐώνου
562 1714 827 1750 συμϐολαιογράφου,
843 1715 921 1742 Meui-

119 1764 173 1798 σῆς
200 1762 214 1788 ὁ
239 1761 286 1788 τοῦ
309 1761 379 1788 Θεοῦ
407 1761 534 1798 θεράπων
559 1762 681 1796 ὲγένετο;
710 1761 847 1797 Ἀπάτορα
874 1762 921 1788 καὶ

119 1809 252 1843 ἁμήτορα
273 1808 322 1843 τὴν
337 1808 455 1842 γυναῖκα
470 1808 485 1834 ὁ
501 1807 567 1839 Θεὸς
578 1807 617 1842 τῷ
634 1806 721 1842 ’Δδὰμ
736 1806 859 1839 ὲξέδοτο”
874 1807 921 1833 καὶ

117 1854 163 1881 διὰ.
177 1854 257 1880 τοῦτο
269 1854 306 1884 ὡς
322 1853 449 1889 κηδεμὼν
463 1853 513 1888 τὴν
527 1853 648 1888 ὀρφανὴν
663 1852 848 1888 ἠσφαλίσατο·
864 1853 921 1885 τοῖς

118 1900 169 1935 τῆς
189 1898 293 1934 μητρὸς
304 1898 332 1925 δὲ
344 1898 391 1925 νῦν
405 1898 587 1934 δικαιώμασιν
603 1899 720 1933 ἰσχυρῶς
733 1899 760 1924 αἱ
771 1898 920 1934 Θυγατέρες

118 1946 274 1982 κέχρηνται
298 1945 369 1972 κατὰ
392 1944 447 1971 τῶν
470 1944 638 1980 ἀγνωμόνων
655 1945 703 1971 καὶ
726 1943 849 1970 ἀπίστων
875 1944 921 1970 ἀν-

118 1992 212 2026 δρῶν’
236 1990 307 2017 ὥστε
333 1999 375 2017 σοι
402 1989 572 2025 πανταχόθεν
595 1991 611 2024 ἡ
638 1989 840 2023 καταφρόνησις
869 1988 920 2023 τῆς

118 2037 247 2074 γαμετῆς
264 2037 405 2069 ἀδύνατος,
425 2038 472 2063 καὶ
494 2035 619 2072 ἀρχαίοις
641 2036 732 2071 νόμοις
748 2037 805 2067 τοῖς
826 2035 917 2066 θείοις,

118 2085 170 2111 καὶ
196 2083 268 2115 νέοις
290 2082 474 2118 ἀνθρωπικοῖς
495 2081 639 2116 δεδεμένῳ.
658 2080 821 2107 Δυσωπείτω
844 2080 872 2107 δέ
889 2089 918 2107 σε

119 2130 168 2157 καὶ
183 2129 215 2155 τὸ
229 2129 362 2165 χρήσιμον
374 2128 424 2164 τῆς
446 2127 577 2162 γυναικὸς
592 2127 660 2162 πρὸς
680 2126 725 2153 τὸν
743 2125 808 2161 βίον.
831 2126 918 2159 Μέλος

120 2175 260 2210 ὑπάρχει,
286 2174 382 2209 βοηθός
401 2175 489 2200 ἐστιν·
507 2172 638 2207 συνεργὸς
654 2172 693 2203 εἰς
714 2171 851 2207 διαγωγὴν
867 2172 915 2199 τοῦ
934 2193 954 2220 D

121 2221 193 2256 βίου,
212 2221 251 2252 εις
267 2220 371 2247 παίδων
385 2220 509 2254 γένεσιν·
529 2219 607 2245 νόσου
629 2218 782 2257 ξπίκουρος,
801 2218 916 2253 θλίψεων

121 2266 300 2303 παραμυθία,
318 2266 405 2300 φύλαξ
423 2266 473 2301 τῆς
491 2266 582 2297 ἑστίας
594 2285 601 2297 ,
618 2264 755 2300 θησαυρος
771 2264 825 2290 τῶν
849 2272 917 2299 κτη-

123 2312 236 2347 μάτων·
258 2311 294 2338 τὰ
319 2312 390 2338 αὐτὰ
417 2310 593 2345 λυπουμένη,
619 2311 652 2336 τὰ
674 2309 743 2336 αὐτὰ
765 2309 915 2345 χαίρουσα⁸

123 2359 211 2385 κοινὸν
224 2357 386 2393 κεκτημένη
398 2357 442 2384 τὸν
454 2356 578 2389 πλοῦτον,
590 2357 613 2382 εἰ
625 2356 726 2392 παρείη
737 2365 743 2371 ν
755 2356 805 2391 τὴν
815 2355 917 2391 μοχθη-

125 2403 174 2438 ρὰν
186 2402 370 2438 οἱκονομοῦσα
389 2402 495 2434 πενίαν,
519 2401 680 2437 εὐμηχάνως
696 2402 744 2428 καὶ
773 2400 916 2437 καρτερῶς

122 2450 275 2485 ἁντέχουσα
293 2448 362 2483 πρὸς
376 2448 410 2474 τὰ
423 2448 487 2483 παρ’
503 2448 610 2482 ἐκείνης
624 2447 751 2483 ὀδυνηρὰ,
766 2446 917 2482 ἐπιμοχοου

123 2495 318 2530 παιδοτροφίας
332 2494 482 2529 ἀνεχομένη
496 2494 538 2519 διὰ
555 2494 604 2527 τὴν
620 2494 685 2528 πρὸς
703 2494 731 2519 σὲ
749 2493 914 2527 συνοίκησιν.

123 2542 173 2568 “Av
185 2541 213 2567 at
226 2549 278 2567 που
297 2539 457 2574 περίστασις
473 2538 614 2573 καταλάϐῃ
628 2539 806 2572 πραγμάτων,
824 2538 916 2572 βαπτι-

121 2587 196 2618 σθεὶς
212 2585 375 2620 ἀφανίζεται
385 2594 392 2600 “
405 2586 430 2611 οἱ
441 2585 468 2611 δὲ
483 2584 656 2619 νομιζόμενοι
671 2584 750 2616 φίλοι,
768 2585 806 2619 τῷ
825 2583 914 2617 καιρῷ

120 2633 169 2668 τῆς
183 2631 339 2669 εὐπραγίας
353 2631 401 2666 τὴν
419 2631 510 2664 φιλίαν
532 2628 707 2664 μετροῦντες,
726 2630 913 2665 ὑποχωροῦσιν

120 2680 150 2704 ἐν
160 2679 214 2709 τοῖς
226 2677 346 2706 δεινοῖς·
367 2677 391 2702 οἱ
406 2676 495 2702 δοῦλοι
522 2675 564 2696 γ⁷⁷
642 2673 770 2710 δεσπότην
786 2674 854 2710 ὁμοῦ
869 2673 915 2699 καὶ

121 2723 171 2753 τὺς
177 2721 327 2757 συμφορὰς
334 2720 468 2756 Epona-mi
692 2726 695 2728 '
709 2719 799 2746 λοιπὸν
805 2720 823 2754 ἡ
833 2717 915 2753 γυνὴ,

728 2809 816 2849 ηρ,

153 2811 180 2830 ν·
190 2810 246 2841 ων.-
262 2785 340 3011 ”

108 2959 116 3011 l

980 887 1108 921 nuptialia
1135 895 1166 914 ac
1190 888 1349 922 sponsiones
1377 890 1510 922 quomodo
1531 890 1687 917 rescindes?
1704 891 1768 924 Qua:

979 939 1043 958 vero
1061 937 1139 966 putas
1152 941 1184 959 cx
1201 941 1243 959 me
1257 940 1333 967 pacta
1357 934 1471 960 audire?
1487 935 1527 961 An
1550 936 1647 968 quibus
1667 937 1766 971 scripta

975 976 1030 1011 jam
1055 977 1126 1008 dote,
1142 983 1179 1004 -et
1203 978 1261 1012 ipse
1287 986 1365 1004 manu
1390 979 1497 1014 propria
1523 980 1716 1014 subScripsisti.
1736 989 1767 1008 ac.

977 1023 1094 1058 sigillum
1129 1024 1278 1058 appOsnisti
1318 1025 1415 1050 tuum?
1454 1025 1520 1051 Sunt
1561 1027 1684 1060 equidem
1721 1028 1765 1054 illa

977 1078 1084 1104 quoque
1104 1071 1191 1097 valida
1215 1078 1245 1096 ac
1269 1070 1343 1096 lirma
1366 1070 1454 1098 satis:
1470 1079 1519 1106 ego
1537 1073 1713 1100 nihilominus
1733 1075 1766 1101 ad

976 1117 1072 1143 Adami
1092 1124 1184 1144 vocem
1198 1123 1313 1151 provoco
1327 1125 1334 1142 ι
1353 1116 1418 1143 "avt:
1433 1115 1494 1143 caro
1508 1126 1539 1144 ex
1552 1119 1674 1145 carnibus
1685 1120 1768 1153 meis;

975 1163 1024 1189 hac
1040 1171 1067 1189 os
1081 1170 1112 1189 ex
1127 1162 1227 1189 ossibus
1247 1162 1331 1194 meis;
1354 1163 1410 1195 ipsa
1432 1163 1565 1189 vocabitur
1582 1172 1649 1190 nxur
1666 1166 1766 1192 nua".

976 1207 1014 1233 Ea
1036 1214 1084 1233 vox
1109 1215 1160 1233 non
1182 1206 1281 1233 frustra
1306 1207 1470 1240 scriptorum
1494 1210 1675 1237 monumentis
1700 1219 1767 1237 cott-

976 1253 1081 1287 signata
1108 1257 1208 1285 manet,
1237 1253 1282 1279 sed
1310 1257 1339 1279 ut
1364 1253 1482 1279 virorum
1508 1255 1668 1287 connnnnis,
1686 1256 1766 1283 unitts

976 1298 1055 1333 primi
1089 1298 1168 1333 hujus
1191 1305 1248 1330 ore,
1280 1298 1442 1324 feminarum
1475 1299 1539 1325 viris
1567 1299 1765 1334 jungendarntn

977 1345 1106 1371 universo
1119 1344 1195 1370 st-xui
1211 1344 1296 1376 edita,
1315 1348 1404 1370 exstet
1420 1343 1565 1372 confessio.
1580 1346 1668 1373 Ac'ne
1682 1347 1765 1374 mire-

975 1390 1023 1421 ris,
1049 1390 1127 1416 nnins
1142 1397 1174 1416 ex
1193 1389 1282 1417 verbis
1305 1393 1417 1417 cmleros
1447 1389 1571 1424 obligari.
1593 1390 1766 1427 Quaecunque

974 1434 1045 1460 cnim
1067 1435 1139 1461 circa
1164 1434 1343 1468 protoplastos
1367 1434 1426 1461 illos
1449 1434 1529 1461 initio
1546 1436 1714 1470 acciderunt,
1737 1437 1764 1464 itt

976 1484 1100 1506 naturam
1116 1481 1232 1514 posteris
1248 1479 1382 1507 abierunt.

937 1510 958 1539 (ἶ
1010 1525 1099 1558 Quare
1118 1525 1140 1552 si
1165 1525 1263 1552 mulier
1285 1530 1387 1553 temere
1406 1526 1528 1559 dimissa,
1553 1531 1660 1561 sumpto
1677 1526 1766 1554 Gene-

974 1577 1034 1597 seos
1052 1570 1132 1602 libro,
1153 1571 1185 1597 ad
1200 1569 1320 1603 iudicem
1343 1571 1470 1606 (judicent
1499 1572 1574 1598 illum
1594 1572 1718 1598 eunnlem
1734 1579 1765 1597 at:

975 1616 1084 1650 testem)
1102 1620 1128 1642 te
1155 1618 1329 1651 pertraxerit,
1346 1618 1390 1644 die
1407 1626 1467 1652 age,
1483 1618 1546 1652 quid
1570 1616 1766 1651 respondebis?

973 1661 1024 1695 Qui
1044 1667 1116 1688 tuam
1132 1662 1187 1697 ipse
1206 1670 1297 1689 vocem
1315 1663 1435 1699 defugies
1450 1671 1482 1690 ac
1496 1663 1665 1693 obliterabis,
1682 1669 1762 1695 qttam

973 1709 1023 1736 sub
1039 1708 1093 1735 Deo
1106 1709 1164 1744 ipso
1184 1709 1294 1737 locutus
1308 1717 1337 1738 es
1348 1731 1354 1742 ,
1375 1717 1511 1744 quantque
1526 1717 1579 1736 uolt
1593 1708 1653 1734 vilis
1669 1708 1766 1741 aliquis

974 1755 1074 1789 scriba,
1094 1755 1139 1782 sed
1167 1755 1213 1782 Dei
1237 1754 1353 1782 famulus
1372 1755 1479 1790 Moyses
1503 1755 1529 1780 in
1555 1753 1766 1780 commentarios

972 1800 1095 1835 redegit?
1121 1800 1210 1827 Patris
1235 1801 1383 1836 matrisque
1410 1800 1507 1827 solatio
1534 1798 1692 1825 destitutam
1708 1805 1767 1824 ntu-

949 1853 951 1855 '
971 1846 1064 1874 lierem
1081 1847 1150 1875 Dens
1165 1848 1269 1874 Adamo
1282 1846 1449 1875 contradidit
1463 1854 1471 1878 ;
1489 1851 1577 1879 eaque
1594 1845 1709 1876 ratione,
1728 1843 1765 1870 uti

971 1893 1057 1920 bonus
1072 1897 1193 1924 curator.
1210 1892 1304 1926 puella:
1321 1891 1412 1919 tutelae
1429 1890 1591 1924 prospexit:
1612 1889 1657 1915 sed
1673 1893 1700 1915 et
1714 1896 1768 1914 ma-

971 1939 1058 1966 ternis
1074 1946 1146 1966 nunc
1161 1938 1269 1974 jnribus
1283 1946 1314 1966 ac
1329 1945 1419 1965 causa
1439 1935 1621 1962 firmamentis
1639 1935 1767 1961 adversus

970 1985 1067 2012 inlidos
1091 1984 1284 2019 itnprobosque
1309 1984 1424 2010 maritos
1447 1988 1510 2008 sese
1534 1980 1629 2015 puella:
1643 1984 1765 2010 tuentur;

969 2031 1091 2065 adeoque
1125 2030 1303 2064 undeqnaque
1334 2034 1451 2056 uxorem
1486 2026 1638 2061 despicatui
1669 2025 1769 2051 habere

968 2077 1132 2112 prohiberis,
1150 2076 1195 2111 qui
1220 2080 1247 2102 et
1271 2074 1395 2108 antiquis
1421 2073 1527 2108 Deique
1544 2073 1659 2107 legibus,
1680 2070 1769 2097 novis-

968 2132 1021 2159 que
1033 2131 1065 2152 ac
1076 2123 1202 2150 humanis
1222 2121 1356 2148 astrictus
1374 2119 1510 2147 tenearis.
1535 2119 1666 2146 lncutiant
1684 2117 1768 2152 pudo-

969 2177 1025 2196 rem
1045 2168 1088 2195 vcl
1104 2167 1166 2194 vita:
1178 2166 1406 2197 commoditates,
1424 2172 1495 2199 quas
1508 2172 1577 2191 uxor
1590 2163 1675 2190 aﬂ‘ert.
1689 2162 1768 2188 Mem-

970 2216 1047 2243 brum
1063 2219 1114 2246 est,
1131 2213 1248 2248 adjutrix
1268 2216 1324 2244 est,
1353 2212 1419 2238 vitae
1432 2211 1519 2243 socia,
1542 2218 1573 2237 ac
1587 2208 1768 2236 communium

966 2261 1083 2298 genitrix
1100 2260 1259 2291 liberorum,
1283 2258 1310 2285 in
1330 2258 1438 2285 morbis
1458 2256 1627 2291 Opitnlatrix,
1646 2255 1673 2281 in
1695 2254 1770 2281 cala-

967 2307 1059 2334 tnitate
1081 2305 1213 2336 solamen,
1241 2304 1341 2331 domus
1365 2307 1475 2334 custos,
1500 2310 1533 2328 ac
1554 2301 1682 2328 lnot-orum
1710 2301 1769 2328 the-

966 2359 1073 2380 saurus.
1089 2351 1253 2378 Communes
1266 2348 1304 2375 illi
1326 2348 1461 2379 tristitiae,
1480 2346 1632 2374 cotmnunia
1648 2345 1767 2379 gaudia;

968 2404 1136 2427 communes,
1154 2396 1176 2422 si
1200 2402 1262 2428 qua:
1285 2399 1365 2426 sunt,
1390 2393 1513 2427 possidet
1535 2398 1617 2425 opes;
1644 2399 1700 2418 rem
1731 2396 1769 2418 te-

966 2449 1046 2469 nuem
1062 2446 1089 2468 et
1103 2445 1248 2474 angustam
1272 2439 1374 2465 sedulo
1394 2442 1542 2468 Sustentat,
1564 2437 1689 2470 maloque
1704 2444 1773 2471 pau-

966 2488 1090 2522 pertatis,
1115 2490 1249 2520 quantum
1266 2489 1373 2518 potest,
1405 2484 1523 2510 occurrit
1537 2490 1566 2509 ac
1587 2483 1712 2516 resistit;
1731 2484 1775 2510 la—

967 2534 1059 2559 horcnt
1086 2532 1206 2565 denique
1227 2534 1254 2556 et
1270 2529 1431 2556 molestiam
1450 2528 1595 2555 educandis
1614 2529 1709 2555 liberis
1734 2530 1777 2556 in-

966 2584 1075 2613 gentem
1091 2576 1132 2604 tui
1149 2583 1233 2603 causa
1256 2575 1437 2602 contubernii
1460 2574 1541 2600 subit.
1562 2573 1639 2606 Quod
1657 2575 1681 2601 si
1700 2575 1776 2602 forte

970 2624 1114 2651 calamitas
1132 2622 1246 2654 incidit,
1273 2621 1321 2648 ille
1344 2621 1427 2648 malis
1448 2621 1558 2647 obrutus
1581 2621 1669 2654 latet;
1692 2621 1773 2647 amici

970 2672 1015 2706 qui
1046 2669 1247 2701 censebantur,
1275 2668 1432 2694 amicitiam
1458 2667 1587 2694 felicitate
1615 2668 1770 2693 metientes.

973 2719 1054 2744 rebus
1074 2715 1198 2743 adversis
1210 2722 1270 2742 sese
1284 2714 1444 2741 salui-euut
1457 2722 1465 2746 ;
1479 2714 1550 2740 servi
1561 2713 1705 2740 dominu-
1722 2719 1766 2742 per
