4070 6142
484 297 584 356 εει

1768 293 1826 350 S.
1868 292 2147 351 ASTERII
2185 293 2495 351 AMASENI

3663 290 3773 350 932

486 428 619 482 riter
641 442 706 481 ac
734 420 986 478 miserias
1025 415 1257 487 fugiunt.
1287 408 1416 467 Sola
1443 409 1685 464 adhaeret
1721 423 1877 472 uxor,
1921 424 2078 477 aegra:

2184 411 2276 464 τοῦ
2302 409 2586 472 νοσοῦντος
2611 408 2812 480 μέρους
2840 408 2900 462 τὸ
2926 405 3109 479 μέλος,
3128 407 3223 463 καὶ
3246 423 3355 461 των
3377 405 3565 462 κακῶν
3583 405 3770 481 δούλη.

483 516 653 589 partis
701 514 1024 576 membrum,
1078 521 1131 563 et
1160 508 1215 562 iu
1250 503 1409 559 malis
1468 515 1626 555 serva
1682 513 1748 554 ac
1795 499 2072 562 ministra,

484 610 779 680 maritique
809 609 1022 663 addicta
1049 601 1334 671 obsequio,
1356 599 1625 667 lacrymas
1648 591 1943 659 abstergit;
1968 589 2078 680 plaf

484 716 579 773 gas
610 679 950 766 acverbera,
982 698 1026 752 si
1054 710 1175 766 qua:
1216 691 1292 746 illi
1338 685 1590 757 imposita
1622 683 1754 746 sint,
1781 691 1939 735 curat
1968 697 1984 746 ;
2025 679 2073 733 si

484 798 553 849 ad
602 808 882 848 carcerem
931 789 1170 853 ducitur,
1211 785 1453 839 adhaaret
1492 793 1709 845 cernes;
1758 792 1822 830 ac
1873 776 1920 830 si
1954 774 2076 845 quis

488 903 790 957 ingressum
842 885 1071 939 liberum
1118 878 1340 945 fecerit,
1390 876 1626 931 libenter
1677 885 1783 925 uua
1836 884 1959 924 cum
2010 882 2077 922 eo

488 979 989 1039 coriclnditur:sin
1041 976 1092 1031 id
1150 973 1510 1044 prohibetur,
1571 966 1718 1021 sicut
1766 961 2076 1016 familiaris

491 1077 622 1130 hero
653 1070 901 1134 catellus,
926 1067 991 1120 ad
1021 1064 1262 1120 careeris
1290 1061 1516 1130 jununm
1549 1054 1776 1111 assidet.

556 1163 691 1220 Novi
741 1178 841 1230 ego
868 1160 1178 1219 mulierem,
1226 1168 1370 1222 quae,
1408 1159 1623 1203 attonsa
1659 1158 1839 1206 coma,
1871 1149 2076 1194 vestem

491 1259 729 1319 virilem,
770 1266 1001 1322 eamque
1026 1248 1300 1314 ﬂoridam,
1340 1243 1535 1307 induit,
1576 1250 1636 1294 ut
1677 1252 1743 1292 ne
1772 1237 1952 1290 virum
1994 1232 2077 1286 fn—

492 1353 732 1421 gieutem
779 1347 1145 1411 latenteinque
1184 1340 1437 1394 deserere
1488 1341 1794 1404 cogeretur.
1833 1329 1908 1383 lta
1952 1342 2075 1381 cum

491 1418 818 1498 servitutem
872 1435 1079 1491 servire
1126 1433 1393 1495 videatur,
1447 1424 1661 1481 aﬂ'ectui
1709 1436 1837 1477 vere
1869 1418 2074 1474 servit:

493 1538 654 1604 inque
684 1547 750 1586 eo
790 1530 913 1583 vita:
955 1541 1154 1597 genere
1185 1524 1384 1577 multos
1429 1518 1606 1588 exegit
1657 1529 1853 1577 annos,
1901 1511 2078 1566 locum

490 1602 706 1681 exﬁloco
729 1631 967 1686 mutans,
995 1634 1059 1671 ac
1084 1615 1430 1671 solitudinem
1460 1626 1527 1665 cx
1549 1608 1862 1665 solitudine.
1889 1602 2078 1658 Talem

491 1723 659 1778 etiam
680 1714 1083 1788 .patientissimi
1111 1709 1230 1767 Jubi
1264 1708 1569 1779 reperimus
1594 1702 1903 1774 coniugem.
1943 1697 2078 1752 Nam

2175 503 2271 556 καὶ
2298 502 2397 572 τῆς
2428 500 2524 555 τοῦ
2556 500 2751 571 ἀνδρὸς
2776 499 3076 572 θεραπείας
3097 518 3109 533 ο
3130 499 3193 553 τὸ
3216 497 3456 570 δάκρυον
3481 500 3768 570 ἁποψῶσα·

2175 592 2276 666 τὴν
2321 592 2574 664 πληγὴν,
2619 592 2686 646 ἂν
2729 592 3035 664 μαστιχθῇ,
3077 590 3495 664 θεραπεύουσα·
3545 592 3775 646 ἀκολου-

2177 685 2348 740 θοῦσα
2385 684 2524 758 πρὸς
2552 684 2929 757 δεσμωτήριον
2972 683 3260 755 ἀγομένῳ·
3285 680 3389 737 κᾶν
3417 682 3519 755 μέν
3545 700 3629 748 τις
3656 686 3771 756 ἀφῇ

2178 776 2565 844 συνεισελθεῖν,
2602 777 2772 848 ήδέως
2803 777 2903 848 τῆς
2936 773 3273 847 καθείρεεως
3305 778 3582 830 κοινωνεῖο
3616 777 3682 831 ἂν
3714 776 3774 831 δὲ

2179 870 2395 944 κωλυθῇ
2423 871 2517 926 καὶ
2536 869 2717 931 τοῦτο,
2747 871 2872 932 ταῖς
2905 868 3101 940 θύραις
3137 868 3233 922 τοῦ
3261 870 3661 943 δεσμωτηρίου,
3696 870 3775 936 ὡς

2179 964 2417 1018 κυνίδιον
2446 962 2525 1035 τῷ
2556 962 2795 1036 δεσπότῃ
2825 962 3077 1034 σύνηθες,
3114 962 3445 1034 παραμένει.

2253 1137 2466 1207 Ἐγνων
2495 1137 2607 1209 ἐγὼ
2633 1140 2892 1208 γυναῖκα,
2924 1140 3020 1192 καὶ
3040 1140 3140 1212 τὴν
3164 1140 3344 1212 κόμην
3368 1142 3654 1214 κείρασαν,
3676 1142 3775 1197 καὶ

2179 1229 2440 1303 ἀνδρικὴν
2472 1230 2840 1305 περιθεμένην
2868 1232 3075 1304 ἐσθῆτα
3093 1273 3109 1297 ,
3136 1235 3232 1288 καὶ
3259 1236 3467 1308 ταύτην
3494 1236 3770 1308 ἀνθεινὴν,

2180 1322 2267 1377 ἵνα
2290 1323 2484 1396 ἀνδρὸς
2513 1324 2807 1395 φεύγοντος
2837 1327 2933 1379 καὶ
2965 1328 3354 1398 κρυπτομένου
3390 1328 3465 1401 μή
3503 1330 3770 1402 χωρισθῇ.

2179 1416 2378 1480 Δοῦλος
2409 1416 2467 1470 δὲ
2494 1413 2634 1471 εἶναι
2656 1417 2908 1482 δοκοῦσα,
2945 1418 3162 1488 ἀληθῶς
3196 1420 3438 1474 δουλεύει
3477 1420 3554 1492 τῷ
3585 1422 3735 1494 πόθῳ
3756 1439 3773 1454 ·

2180 1509 2276 1563 καὶ
2306 1508 2494 1562 τοῦτον
2515 1510 2606 1562 τὸν
2639 1511 2753 1580 βίον
2787 1513 2845 1565 ἐν
2876 1510 3093 1575 πολλοῖς
3122 1510 3301 1566 ἐτεσιν
3329 1514 3650 1580 διετέλεσεν,
3681 1517 3774 1569 τό-

2183 1617 2283 1654 πον
2313 1600 2378 1654 ἐκ
2407 1600 2573 1654 τόπου
2595 1640 2611 1665 ,
2658 1601 2752 1655 καὶ
2786 1602 3024 1674 ἐρημίαν
3070 1601 3130 1667 ἐξ
3175 1603 3411 1674 ἐρημίας
3443 1605 3771 1675 ἀμείϐουσα.

2184 1691 2458 1764 Τοιαύτην
2489 1692 2546 1746 δὲ
2579 1694 2674 1747 καὶ
2699 1694 2794 1748 τοῦ
2826 1696 3247 1767 καρτερωτάτου
3296 1695 3417 1750 Ἰὼϐ
3443 1697 3775 1769 εὑρίσκομεν

496 1823 551 1868 et
595 1812 747 1866 illum
795 1807 1036 1863 universi
1072 1807 1455 1869 deseruerunt,
1489 1811 1704 1869 unaque
1736 1810 1860 1851 cum
1888 1792 2082 1863 Opibus

2184 1783 2282 1855 τὴν
2306 1786 2567 1852 γυναῖκα.
2594 1786 2908 1840 Κατέλιπον
2935 1787 3044 1859 γὰρ
3073 1788 3324 1842 κάκεῖνον
3347 1790 3395 1842 οἱ
3429 1789 3650 1853 πάντες,
3679 1790 3777 1843 καὶ

491 1903 802 1961 adulatores
849 1898 1216 1960 deﬂuxerunt,
1266 1909 1331 1948 ac
1402 1890 1565 1946 amici
1619 1887 1780 1944 rebus
1829 1880 2083 1941 secundis

495 2000 794 2055 amicitiam
825 1996 1186 2052 aestimarunt.
1217 1989 1371 2058 Quod
1404 1987 1451 2042 si
1490 1985 1709 2057 quando
1741 1982 1905 2041 etiam
1935 1978 2084 2034 adie-

495 2102 659 2159 runt,
719 2104 910 2147 eorum
968 2085 1258 2157 praesentia
1315 2076 1655 2136 contumeliae
1703 2087 1864 2144 quam
1907 2068 2083 2126 ollicio

499 2185 760 2256 propior,
825 2178 1085 2249 augenda:
1140 2174 1313 2246 magis
1369 2183 1627 2225 mrunma:
1673 2179 1836 2236 quam
1889 2161 2084 2218 solatio

497 2276 597 2330 fuit
621 2277 691 2327 ".
729 2272 884 2330 Unde
920 2272 1085 2326 etiam
1136 2268 1226 2337 qui
1276 2262 1538 2320 malormn
1588 2256 1957 2314 consolatores
1992 2267 2085 2308 ac-

495 2377 795 2433 cesserant,
844 2365 942 2422 toti
988 2364 1040 2418 in
1089 2377 1211 2416 eum
1241 2356 1502 2427 indignati
1520 2359 1652 2408 sunt‘
1671 2351 1808 2422 (‘52),
1846 2362 1911 2404 ae
1954 2361 2084 2418 que-

496 2464 600 2519 ruli
652 2461 1081 2518 conclamarunl.
1102 2453 1226 2509 Sola
1264 2458 1442 2504 autem
1482 2447 1596 2501 haec
1627 2442 1784 2516 paulo
1809 2450 1935 2496 ante
1964 2439 2085 2494 illit-

499 2556 631 2610 stris
655 2569 719 2608 ac
747 2552 917 2611 clara,
947 2551 998 2603 in
1031 2544 1377 2615 sterquilinio
1410 2540 1606 2596 marito
1645 2535 1943 2601 assidebat,
1991 2549 2081 2589 sa-

499 2647 752 2711 niemque
792 2655 857 2695 ac
883 2641 1064 2693 tabent
1111 2638 1452 2705 abstergens,
1490 2646 1521 2686 e
1555 2627 1732 2699 plagis
1761 2638 1975 2681 vermes
1997 2639 2086 2678 ex-

502 2736 788 2801 trahebat;
827 2746 956 2787 vere
996 2728 1088 2783 illa
1114 2727 1334 2797 quidem
1365 2724 1490 2778 vitae
1515 2720 1687 2790 socia,
1717 2735 1825 2777 non
1856 2716 2083 2773 felicita-

503 2830 572 2884 tis
603 2823 1047 2889 contubernalis;
1095 2818 1387 2874 individua:
1422 2814 1622 2873 cultrix
1660 2810 1935 2874 amicitiae,
1974 2823 2079 2869 non

498 2918 827 2976 assentatrix
864 2913 1279 2981 all‘ectatrixque
1307 2909 1679 2979 voluptatum;
1733 2918 1898 2960 unum
1937 2900 2085 2957 deni-

500 3025 608 3081 que
648 3008 715 3062 de
767 3016 916 3061 tanta
970 3002 1220 3065 fortuna,
1263 3015 1328 3054 ac
1380 3009 1493 3052 tota
1537 2993 1977 3052 cbarissimorum
2017 3002 2084 3044 ac

500 3108 856 3171 cognatorum
907 3095 1137 3150 cohorte
1168 3090 1438 3161 reliquum
1466 3089 1660 3142 marito
1691 3087 1913 3141 bonum.
1943 3081 2083 3150 Quo-
2110 3123 2153 3178 α

497 3194 644 3249 eirea
673 3205 739 3246 ex
773 3189 940 3242 nimio
965 3185 1211 3255 coniugis
1236 3196 1422 3238 amore
1450 3180 1503 3234 in
1529 3177 1876 3247 blasphemiae
1903 3172 2082 3231 scelus

501 3283 751 3353 prolapsa
791 3290 899 3345 est,
921 3288 981 3332 ut
1019 3278 1302 3339 nimirum,
1337 3288 1406 3329 ne
1440 3271 1644 3327 diutius
1688 3268 1778 3324 ille
1807 3265 2087 3324 conﬂicta-

500 3385 674 3438 retur.
710 3375 936 3444 ipsaque
969 3372 1023 3426 in
1054 3368 1328 3425 coutinuis
1367 3380 1490 3420 eum
1532 3362 1811 3418 doloribus
1854 3360 2084 3425 videret,

501 3468 852 3539 blasphemia:
900 3465 1126 3519 verbum
1184 3457 1417 3536 aliquod.
1454 3458 1505 3511 in
1565 3454 1733 3508 Deum
1789 3452 1965 3522 loqui,
2021 3466 2085 3505 ac

501 3570 727 3615 mortem
770 3555 1098 3618 accelerare,
1153 3550 1404 3606 suaderet
1429 3548 1498 3603 ⁸⁸.
1538 3544 1661 3600 Suae
1701 3557 1936 3613 namque
1986 3557 2078 3597 se-

499 3665 629 3707 cura
685 3646 961 3703 viduitatis
1004 3661 1068 3699 ac
1120 3642 1449 3705 solitudinis,
1485 3655 1647 3692 unum
1690 3638 1743 3692 id
1789 3638 2081 3707 cogitabat,

499 3743 950 3814 quemadmodum
981 3757 1012 3795 e
1037 3740 1273 3793 vitanon
1303 3735 1450 3791 vitali
1482 3734 1711 3791 maritus
1736 3733 1931 3789 exiret.
1958 3730 2085 3788 Hice

501 3838 628 3890 talia
671 3850 796 3890 cum
844 3840 1064 3888 recente
1107 3829 1468 3900 experientia,
1510 3828 1771 3883 memoria
1803 3835 1956 3882 vetns
1990 3827 2084 3881 ad-

511 3941 700 3982 versus
722 3939 819 3978 eos
846 3922 1026 3989 affert,
1053 3923 1145 3993 qui
1177 3935 1303 3992 erga
1334 3919 1591 3990 conjuges
1628 3917 1816 3989 injurii
1856 3928 1985 3973 sunt
2019 3932 2086 3974 ac

502 4017 695 4086 iniqui.

573 4107 712 4174 Quid
762 4123 925 4179 porro
976 4107 1135 4176 hujus
1177 4107 1426 4163 criminis
1480 4123 1605 4162 reus
1646 4106 1698 4160 in
1749 4102 2083 4161 contrarium

501 4199 868 4269 respondeat?
914 4199 1086 4266 Quam
1128 4201 1323 4254 saltem
1378 4201 1682 4269 speciosam
1713 4198 1947 4253 levitatis
1973 4211 2085 4252 sua

501 4295 872 4349 defensiOuem
897 4292 1177 4363 proferet?
1208 4292 1430 4356 Malum,
1459 4293 1556 4356 ait,
1588 4291 1944 4360 odiosumque
1966 4305 2085 4343 mu-

2185 1879 2234 1930 οί
2268 1877 2497 1943 κόλακες
2525 1878 2604 1951 τῷ
2644 1879 2859 1952 πλούτῳ
2906 1882 3392 1954 συναπερρύησαν·
3426 1884 3521 1936 καὶ
3551 1885 3599 1936 οἱ
3631 1883 3775 1952 φιλοι

2184 1967 2263 2039 τῷ
2301 1968 2478 2041 καιρῷ
2503 1969 2602 2041 τῆς
2637 1971 2943 2043 εὐπραγίας
2983 1973 3083 2044 τὴν
3122 1973 3303 2042 φιλίαν
3333 1975 3664 2046 ἐμέτρησαν.
3711 1975 3775 2030 El

2184 2058 2243 2114 δέ
2273 2076 2375 2113 που
2410 2060 2506 2115 καὶ
2541 2062 2927 2133 παρεγένοντο,
2957 2063 3157 2128 ὄνειδος
3185 2061 3254 2136 ἦν
3283 2067 3317 2136 ή
3351 2067 3646 2138 παρουσία,
3677 2066 3777 2120 καὶ⁸

2184 2152 2287 2205 οὐκ
2327 2152 2647 2223 ἐπίσκεψις·
2679 2154 2920 2227 ἐπιθήκη
2951 2157 3048 2227 τῆς
3081 2159 3386 2230 συμφορᾶς,
3418 2159 3479 2211 οὐ
3516 2177 3779 2232 παραμυο

2186 2243 2297 2299 θία.
2351 2244 2443 2298 Διὸ
2499 2244 2564 2317 δὴ
2613 2246 2707 2300 καὶ
2756 2248 2806 2300 οἱ
2847 2248 3267 2322 παρακλήτορες
3317 2250 3504 2304 κακῶν
3573 2252 3780 2316 πάντες

2186 2335 2323 2407 πρὸς
2360 2336 2571 2390 ἐκείνου
2608 2338 3075 2408 ἀπεσχετλίασαν’
3116 2342 3250 2414 μόνη
3283 2343 3340 2396 δέ
3377 2345 3408 2413 ἡ
3440 2343 3574 2396 ποτὲ
3612 2360 3776 2415 περι-

2186 2427 2361 2498 φανὴς
2416 2429 2511 2481 ἐπὶ
2544 2428 2646 2498 τῆς
2681 2429 2915 2502 κοπρίας
2954 2432 3031 2504 τῷ
3058 2433 3214 2505 ἀνδρὶ
3240 2434 3597 2506 συνεκάθητο,
3638 2435 3780 2487 ἀπο-

2187 2518 2384 2585 ξέουσα
2420 2520 2512 2574 τὸν
2548 2520 2742 2593 ἰχῶρα,
2779 2523 3019 2587 καὶτοὺς
3059 2523 3352 2591 σκώληκας
3378 2526 3487 2580 τῶν
3516 2525 3775 2598 τραυμά-

2185 2630 2294 2666 των
2323 2611 2638 2678 ἐξέλκουσα.
2663 2612 2850 2678 Οὕτως
2879 2614 2974 2669 τοῦ
3011 2616 3127 2687 βίου
3156 2618 3433 2682 κοινωνὸς,
3465 2620 3526 2672 οὐ
3554 2620 3655 2690 τῆς
3677 2619 3776 2672 εὐ-

2186 2703 2427 2775 πραγίας
2476 2703 2725 2770 σύνοικος
2746 2724 2760 2738 ’
2796 2706 3098 2780 ἀχώριστος
3132 2709 3318 2779 φίλος,
3353 2712 3413 2763 οὐ
3456 2710 3622 2775 κόλαξ
3660 2711 3776 2764 τῶν

2186 2795 2421 2865 ἡδονῶνο
2452 2798 2634 2867 πάσης
2673 2799 2970 2872 εὐκληρίας
3002 2802 3095 2854 καὶ
3121 2804 3339 2857 πάντων
3371 2803 3643 2873 φιλτάτων
3675 2803 3779 2857 καὶ

2188 2888 2468 2957 συγγενῶν
2520 2891 2681 2961 μόνον
2731 2894 2933 2960 ἀγαθὸν
2989 2894 3257 2964 λείψανον.
3304 2896 3504 2967 Διόπερ
3553 2899 3617 2950 ἐκ
3670 2896 3776 2967 τῆς

2185 2979 2361 3052 ἄκρας
2390 2982 2484 3035 καὶ
2512 2982 2637 3035 καθ’
2666 2984 2973 3056 ύπερϐολζν
3011 2987 3349 3059 φιλαιιδρίας,
3383 2989 3478 3041 καὶ
3509 2990 3647 3059 πρὸς
3674 2989 3779 3060 τὴν

2185 3070 2463 3142 ἁμαρτίαν
2496 3072 2595 3142 τῆς
2638 3073 2986 3145 βλασφημίας
3016 3078 3294 3143 ἐξέπεσεν,
3345 3080 3431 3133 ἵνα
3462 3081 3537 3151 μὴ
3582 3081 3780 3153 μακρὰ

2189 3162 2484 3234 κολάζηται
2509 3169 2534 3219 6
2558 3167 2716 3240 ἀνὴρ,
2749 3170 2883 3241 μηδὲ
2908 3169 3080 3243 βλέπῃ
3104 3171 3264 3224 αὐτὸν
3288 3174 3344 3224 ἐν
3366 3175 3486 3234 ταῖς
3515 3172 3777 3243 ἀλήκτοις

2188 3254 2423 3323 ὀδύναις,
2449 3260 2623 3311 εἰπεῖν
2646 3276 2701 3312 τι
2732 3261 2884 3333 ῥῆμα
2909 3261 3228 3334 βλάσφημον
3259 3266 3339 3328 εἰς
3367 3264 3500 3317 Θεὸν
3534 3267 3779 3336 συμϐου-

2186 3347 2441 3414 λεύουςα,
2468 3353 2561 3405 καὶ
2588 3355 2811 3424 ταχεῖαν
2830 3353 2929 3426 τήν
2948 3354 3205 3423 τελευτὴν
3229 3357 3482 3411 ὑπελθεῖν
3528 3359 3637 3431 Τὴν
3660 3361 3777 3430 γὰρ

2192 3438 2327 3493 ίδίαν
2365 3441 2547 3497 λοιπὸν
2582 3444 2870 3516 συμφορὰν
2914 3445 3013 3517 τὴν
3060 3447 3156 3517 τῆς
3194 3446 3423 3519 χηρείας
3459 3448 3557 3500 οὐκ
3595 3447 3777 3517 ὲλόγι-

2189 3530 2340 3596 ζετο·
2373 3531 2432 3585 ἓν
2455 3532 2511 3586 δὲ
2544 3534 2702 3603 μόνον
2730 3535 3023 3607 ἐμερίμνα,
3053 3536 3201 3601 ὅπως
3231 3537 3329 3608 τὴν
3356 3538 3587 3592 ἀϐίωτον
3623 3536 3773 3609 ζωὴ-ι

2185 3625 2213 3676 6
2242 3624 2381 3695 ἀνὴρ
2408 3624 2682 3694 διαφύγοι.
2718 3628 2906 3681 Ταῦτα
2937 3627 3077 3699 μετὰ
3104 3629 3204 3699 τῆς
3236 3631 3360 3691 νέας
3391 3630 3583 3701 π-ίρας
3613 3631 3707 3683 καὶ
3735 3632 3772 3700 ή

2189 3715 2376 3786 μνήμη
2400 3715 2509 3770 τῶν
2550 3716 2797 3773 παλαιῶν
2829 3717 3075 3773 παιδεύει
3110 3720 3201 3774 τὸν
3238 3719 3345 3773 τῶν
3390 3720 3582 3792 γάμων
3616 3718 3782 3791 669.-

2187 3811 2340 3882 στήν.

2259 4094 2325 4147 Τί
2380 4095 2426 4149 δ’
2480 4096 2547 4152 ἂν
2591 4100 2736 4152 εἴποι
2793 4099 2930 4171 πρὸς
2981 4100 3156 4155 ταῦτα
3213 4103 3241 4154 6
3291 4101 3391 4172 τῆς
3436 4078 3775 4172 κατηγορίας

2186 4189 2488 4255 ὑπεύθυνος
2508 4207 2523 4257 ;
2547 4192 2717 4246 Ποίαν
2739 4192 2795 4245 δὲ
2822 4194 3179 4266 εὐπρόσωπον
3207 4194 3505 4264 ἀπολογίαν
3532 4195 3629 4263 τῆς
3657 4194 3778 4246 ἐαυ-

2184 4280 2278 4335 τοῦ
2324 4283 2576 4347 εὐκολίας
2623 4284 3014 4356 προϐάλλοιτο;
3046 4286 3270 4349 casm,
3314 4285 3512 4356 φησιν,
3548 4285 3644 4338 καὶ
3687 4285 3780 4356 μί-

502 4385 654 4441 lieris
702 4386 999 4456 ingenium,
1037 4384 1218 4452 lingua
1251 4383 1539 4439 temeraria
1572 4398 1636 4436 ac
1664 4395 1935 4452 prazceps;
1971 4394 2082 4434 mo-

2190 4388 2316 4436 σους
2337 4373 2485 4440 ἄξιον
2517 4375 2578 4428 τὸ
2605 4371 2736 4446 ἦθος
2761 4378 2857 4449 τῆς
2884 4377 3143 4447 γυναικὸς
3161 4418 3176 4443 ,
3208 4376 3303 4430 καὶ
3328 4379 3361 4448 ή
3390 4376 3611 4447 γλῶσσα
3643 4394 3777 4448 προ.

501 4492 591 4532 res
620 4491 651 4530 a
694 4477 855 4530 domo
904 4475 1176 4544 rebusque
1220 4473 1535 4527 domesticis
1579 4470 1766 4532 alieni,
1813 4483 1914 4522 nec
1962 4468 2079 4537 ipsa

2186 4466 2378 4538 πετὴς,
2406 4468 2498 4521 καὶ
2526 4469 2554 4521 6
2577 4469 2777 4541 τρόπος
2802 4471 2902 4523 οὐκ
2934 4472 3201 4544 οἰκουρὸς,
3232 4473 3325 4525 καὶ
3352 4472 3776 4542 ἀνοικονόμητος

504 4571 642 4622 bona
682 4577 773 4619 aut
810 4566 950 4632 frugi
1003 4566 1080 4620 rei
1126 4564 1412 4619 familiaris
1462 4560 1914 4618 administratrix.
1965 4561 2082 4614 Sint

2184 4560 2215 4629 ή
2251 4558 2541 4630 διοίκησις.
2599 4562 2814 4616 Ἔστω·
2851 4563 3098 4620 διδόσθω.
3144 4565 3411 4635 Πείθομαι
3452 4564 3624 4628 τέως,
3681 4565 3776 4617 καὶ

505 4660 620 4712 tunc
668 4658 740 4710 ita
773 4671 929 4719 sane,
970 4653 1282 4723 persuaderi
1321 4657 1495 4708 adhuc
1527 4653 1655 4707 mihi
1692 4652 1890 4723 patior,
1922 4651 2088 4705 dicta-

500 4765 607 4821 que
645 4749 876 4817 accipio,
907 4749 1049 4802 sicut
1090 4761 1229 4798 unus
1271 4762 1458 4801 eorum
1496 4745 1739 4813 judicum
1772 4745 1862 4813 qui
1894 4758 2083 4812 parum

500 4841 837 4911 exploratam
895 4854 1080 4892 aurem
1133 4838 1355 4902 habent,
1403 4853 1468 4892 ac
1519 4836 1673 4891 facile
1702 4844 2082 4892 accusatorum

504 4931 963 4988 iuseetationilms
1009 4929 1306 4984 transversi
1344 4926 1651 4996 rapiuntur.
1686 4927 1768 4982 Tu
1815 4942 1941 4982 vero
1965 4927 2075 4993 die,

500 5024 728 5079 obsecro
756 5041 770 5077 :
795 5020 929 5078 Cum
952 5036 1072 5077 eam
1105 5018 1258 5074 initio
1280 5019 1529 5083 duceres,
1558 5034 1627 5074 an
1669 5020 1954 5075 nesciebas
1977 5019 2080 5075 ho-

504 5117 634 5171 mini
668 5126 722 5171 te
757 5113 1051 5184 conjungi?
1090 5111 1373 5167 Hominem
1419 5122 1598 5166 autem
1643 5127 1766 5168 cum
1819 5114 1944 5181 quis
1984 5127 2084 5165 au-

501 5211 604 5275 dit,
658 5224 761 5262 non
807 5206 994 5261 statim
1045 5214 1329 5276 peccatum
1383 5205 1665 5261 adhaerere
1712 5219 1778 5259 ac
1822 5204 2083 5275 consequi

571 5361 618 5394 "
646 5359 748 5415 Job
776 5374 885 5419 xvr,
911 5358 966 5412 2.
1041 5358 1088 5392 '°
1128 5355 1227 5413 Job
1249 5374 1308 5423 ll,
1333 5357 1387 5415 9.

577 5494 690 5573 ('52)
718 5497 834 5573 Τοιι
861 5494 917 5552 in
953 5515 1074 5573 eum
1103 5497 1365 5573 indignati
1387 5508 1530 5565 sunt,
1555 5507 1685 5558 etc..
1713 5496 1918 5573 παντες
1940 5497 2079 5573 πρὸς

499 5567 712 5628 ἐκείνου
751 5567 1436 5641 ἀπεσχετλίασανριιίσιιιοι
1482 5585 1547 5623 ex
1601 5578 1714 5641 toto
1757 5569 1896 5621 libro
1939 5567 2075 5634 Joh,

506 5660 613 5712 quo
645 5642 803 5697 amici
863 5638 1121 5710 tanquam
1165 5643 1431 5712 scelertnu
1479 5638 1849 5712 exsolventcru
1889 5653 2079 5712 pilanus

509 5708 744 5766 amicum
802 5708 1082 5781 exagitant
1138 5711 1321 5778 specie
1391 5708 1729 5781 consolandi.
1787 5708 2081 5781 Scripserit

507 5784 647 5839 forte
677 5778 932 5841 Asterius
941 5781 1080 5856 πρὸς
1113 5782 1349 5835 ἐκεῖνον’
1385 5789 1444 5834 ιιι
1478 5780 1668 5834 vicina:
1699 5778 1891 5834 littera:
1922 5779 2081 5833 facile

2181 4649 2431 4723 δέχομαι,
2465 4653 2542 4716 ὡς
2578 4656 2627 4707 οἱ
2676 4655 2751 4727 μή
2807 4656 3012 4728 σφόδρα
3063 4656 3158 4728 τὴν
3194 4656 3365 4727 ἀκοὴν
3416 4656 3665 4728 ἀκριϐεῖς
3697 4655 3777 4708 δι·-

2182 4744 2415 4802 κασταὶ.
2450 4744 2689 4809 εὐκόλως
2736 4746 2793 4799 δέ
2831 4750 2950 4810 ταῖς
2980 4748 3353 4818 καταδρομαῖς
3399 4747 3508 4801 τῶν
3541 4746 3779 4816 κατηγό-

2192 4851 2299 4907 ρων
2328 4839 2794 4911 παρασυρόμενοι.
2824 4840 2896 4893 Σὺ
2932 4839 2987 4893 δὲ
3020 4842 3141 4893 εἰπέ
3163 4857 3176 4870 ⁸
3211 4841 3254 4893 Τ
3257 4841 3323 4911 ὴν
3367 4840 3542 4911 ἀρχὴν
3572 4839 3775 4909 ἀγόμε.

2185 4945 2275 4992 νος
2339 4930 2440 4983 οὐκ
2469 4931 2767 4999 ἐγίνωσκες
2802 4933 2878 4997 ὡς
2903 4933 3178 5006 ἀνθρώπῳ
3209 4932 3491 5004 συνάπτῃ;
3539 4930 3777 5002 Ἀνθρώ-

2188 5037 2291 5073 που
2312 5022 2369 5075 ac
2394 5039 2476 5087 τις
2494 5024 2756 5086 ἀκούσας,
2782 5027 2882 5080 οὐκ
2912 5026 3072 5089 εὐθὺς
3095 5029 3196 5091 ὁρᾷ
3226 5027 3323 5089 τὴν
3346 5024 3473 5089 γοῦν
3498 5025 3777 5094 ἁμαρτίαν

2191 5114 2626 5183 ἀκολουθοῦσαν;
2652 5118 2787 5172 Θεοῦ
2819 5119 2930 5191 γὰρ
2963 5119 3126 5190 μόνου
3153 5119 3214 5172 τὸ
3245 5119 3633 5188 ἀνεπίληπτον.
3670 5117 3775 5169 Λύ-

2191 5206 2283 5271 τὸς
2311 5207 2367 5262 δὲ
2398 5205 2506 5281 ἆρα
2539 5212 2637 5283 οὐχ
2668 5213 3045 5285 ἁμαρτάνεις;
3093 5214 3167 5268 Οὐ
3204 5211 3466 5286 παρέχεις
3501 5212 3559 5265 δέ
3601 5211 3775 5274 λύπας

2187 5512 2590 5570 permutantur.
2628 5502 2803 5575 Minus
2858 5506 2989 5560 dicit
3044 5506 3338 5575 interpres,
3375 5522 3554 5560 comm
3604 5506 3775 5559 eola-

2185 5576 2407 5625 menlati
2442 5585 2587 5627 sunt.
2629 5574 2725 5628 Sic
2761 5578 2929 5640 enim,
2960 5592 3024 5630 ac
3053 5574 3465 5645 ejusdeﬂcndo
3492 5575 3778 5645 calamita-

2191 5651 2298 5715 ιειιι
2338 5648 2505 5712 prube
2538 5645 2801 5715 consolati
2833 5657 3039 5715 essent,
3064 5644 3220 5715 juxta
3249 5649 3393 5715 quod
3425 5644 3625 5701 Paulus
3657 5648 3779 5701 ait:

2191 5702 2352 5767 Flere.
2372 5714 2748 5783 cumﬂenlibus
2804 5702 2984 5786 (liam.
3017 5702 3115 5782 in,
3143 5717 3263 5789 15).
