4090 6146
359 306 469 366 933

1466 298 1746 363 HOMlLiA
1786 302 1852 364 ν.
1882 302 1956 364 ῙΝ
2001 302 2260 366 MATTH.
2305 306 2449 372 XIX,
2489 306 2543 361 3.

3496 315 3606 374 234

357 429 422 484 ἐκ
447 423 541 480 τοῦ
565 421 768 497 τρόπου
880 420 1102 491 γυναικί
1115 436 1131 489 ;
1172 422 1372 487 Ἀθῶος
1398 406 1455 477 δέ
1476 419 1530 478 εἴ
1548 425 1731 497 πάσης
1760 426 1936 499 πλημ-

2047 427 2275 500 cogitat?
2317 426 2526 497 Quippe
2569 421 2661 480 Dei
2712 424 2879 480 solius
2914 430 3016 492 est,
3064 435 3123 489 ut
3169 424 3298 486 nulli
3345 431 3513 504 culpae
3543 451 3610 495 ac

361 521 612 596 μελείας,
645 496 837 588 καὶ-τῇ
887 516 1196 587 συνοικήσει
1244 516 1332 569 τὸν
1365 515 1566 589 θεσμὸν
1598 496 1784 588 τηρεῖς
1818 496 1935 574 de}-

355 613 628 684 ἅφθορονς
662 604 736 662 Ὦ
774 601 943 671 πόσας
976 622 1072 660 σου
1106 607 1270 678 τυχὸν
1306 606 1591 681 παροινίας
1630 609 1859 681 ὴνεγκεν
1900 612 1934 684 ἡ

355 703 529 775 γυνήί
561 700 750 755 Πόσων
778 697 836 752 δὲ
867 697 1174 770 προχείρων
1212 696 1425 770 ’ύσρεων
1472 699 1569 753 καὶ
1604 694 1778 771 λόγων
1806 701 1938 755 ἀσέ-

358 811 506 867 μνων
543 788 834 862 ὴνέσχετοί
874 788 1014 841 Ὅσα
1058 784 1116 842 δέ
1158 805 1250 841 σου
1299 784 1655 860 ἐλαττώματα
1695 792 1934 860 σιγᾶται,

356 884 541 955 ἐπειδὴ
561 882 663 936 οὐκ
690 876 1080 952 ἐδημοσίωσεν
1110 880 1145 950 ἠ
1171 879 1344 951 γυνήῑ
1394 880 1682 951 Ἦνέσχετό
1714 898 1807 935 σου
1843 882 1939 935 καὶ⁹

360 976 537 1046 μάτην
573 970 954 1046 ὀργιζομένου,
994 969 1089 1024 καὶ
1121 969 1200 1040 τῷ
1240 967 1397 1041 θυμῷ
1421 969 1805 1043 ὑπερζέοντος·
1841 973 1938 1026 καὶ

357 1072 393 1141 ή
428 1065 686 1137 ἐλευθέρα
726 1063 824 1118 καὶ
860 1062 1122 1134 ὁμότιμος
1159 1060 1467 1132 ἐσιώπησεν
1499 1062 1576 1127 ὡς
1610 1062 1773 1135 δούλη
1827 1056 1939 1117 τῶν

359 1162 427 1213 ἐκ
465 1157 690 1228 πωλητη
699 1153 838 1226 ρίου.
886 1153 1000 1207 Καὶ
1051 1153 1121 1207 τὰ
1174 1154 1450 1222 ἀναγκαῖα
1503 1154 1577 1225 μὴ
1611 1154 1940 1227 χορηγοῦντι

357 1249 495 1322 πρὸς
526 1250 625 1317 τὴν
653 1245 748 1300 τοῦ
780 1244 899 1316 βίου
930 1244 1259 1316 μεταγωγὴν
1292 1244 1382 1300 διὰ
1422 1245 1708 1318 πενίαν,ἢ
1745 1245 1936 1315 φειδω-

356 1341 513 1403 λίαν,
567 1339 668 1393 οὐκ
726 1335 1002 1390 ὠνείδισεν
1054 1335 1399 1409 λυπουμένη·
1441 1337 1503 1391 ού
1555 1335 1661 1409 μὴν
1715 1336 1839 1391 οὐδὲ
1874 1336 1940 1391 ἐκ

357 1430 665 1504 συμποσίου
708 1426 933 1497 ἐλθρντα
963 1425 1095 1481 ποτέ
1128 1428 1223 1481 καὶ
1259 1427 1551 1499 οἰνωμένον
1579 1428 1672 1482 καὶ
1701 1426 1941 1497 ἔκφρονα

354 1519 665 1595 ἆπέῤῥιψε,
711 1520 810 1591 τῆς
860 1517 1032 1590 μέθης
1092 1518 1406 1590 μισήσασα·
1465 1518 1602 1573 ἀλλὰ
1645 1516 1942 1585 ὑπεδέξατο

355 1615 499 1684 μετὰ
535 1609 868 1683 συγγνώμης
904 1609 1282 1683 ἁνθρωπικῆς,
1307 1610 1404 1663 καὶ
1434 1610 1847 1684 ἐχειραγώγησέ
1879 1627 1939 1666 σε

352 1703 448 1763 τδν
477 1705 813 1769 κολάζοντα,
848 1703 941 1757 καὶ
972 1702 1070 1774 τὴν
1110 1701 1355 1775 κεφαλὴν
1391 1701 1791 1774 ἐθεράπευσεν,
1826 1707 1941 1769 τοῖς

2040 516 2447 591 reprehensioni
2498 517 2765 574 obnoxius
2801 516 2894 572 sit.
2928 519 3009 574 Tu
3045 519 3159 589 ipse
3204 536 3270 577 ne
3314 524 3607 596 quidquam

2039 610 2267 683 peccas?
2323 610 2438 665 Non
2498 606 2737 669 moribus
2782 630 2847 671 ac
2888 611 3107 684 ingenio
3166 622 3256 669 tuo
3305 614 3607 672 molestiam

2038 704 2194 760 uxori
2243 700 2487 774 praebes?
2536 701 2617 759 An
2661 706 2842 761 omnis
2881 701 3100 761 omnino
3137 720 3303 774 purus
3331 714 3386 761 et
3412 720 3609 777 expers

2037 793 2229 864 culpre,
2266 792 2594 849 matrimonii
2621 794 2792 865 legem
2819 788 3200 852 inviolabiliter
3228 790 3455 853 servas?
3476 796 3614 866 Quo-

2041 892 2146 945 ties
2175 882 2291 958 ipsa
2328 883 2466 944 forte
2504 902 2534 943 a
2570 886 2863 945 temulento
2895 890 3221 947 contumeiia
3262 888 3454 949 affecta
3490 893 3610 948 est!

2040 972 2213 1040 Quam
2264 973 2462 1029 multas
2514 989 2579 1030 ac
2625 988 2850 1048 magnas
2893 972 3153 1046 injurias;
3200 995 3362 1050 quam
3395 981 3611 1053 indigna

2040 1065 2204 1119 verba
2237 1064 2525 1121 sustinuit!
2558 1065 2700 1135 Ouot
2723 1074 2776 1123 el
2799 1079 3119 1141 quanla‘tua
3146 1068 3274 1129 vitia
3303 1072 3356 1128 in
3380 1073 3615 1131 obscuro

2042 1161 2187 1219 sunt,
2243 1149 2499 1223 quoniam
2546 1163 2683 1212 uror
2724 1173 2829 1213 non
2871 1153 2925 1214 in
2966 1150 3156 1232 vulgus
3201 1162 3427 1233 sparsit!
3465 1159 3617 1223 Tole-

2042 1242 2184 1295 ravit
2228 1241 2317 1296 illa
2364 1253 2567 1301 temere
2605 1254 2662 1300 et
2707 1247 2825 1302 sine
2870 1263 3034 1304 causa
3085 1243 3410 1307 irascentem
3454 1264 3617 1323 atque

2041 1335 2503 1408 debacchantem;
2552 1350 2608 1395 et
2659 1337 2910 1413 quamvis
2965 1342 3133 1401 libera
3188 1361 3253 1400 ac
3303 1339 3617 1416 dignatione

2042 1443 2164 1500 par,
2197 1430 2459 1484 conticuit
2488 1431 2626 1487 sicut
2653 1433 2850 1489 ancilla
2883 1433 2949 1489 de
2977 1433 3094 1491 foro
3119 1446 3321 1508 empta.
3356 1430 3618 1496 Necessa-

2041 1519 2120 1573 ria
2153 1516 2219 1575 ad
2255 1518 2418 1574 vitam
2443 1529 2498 1576 et
2529 1523 2728 1578 victum
2760 1524 2845 1579 vel
2876 1524 3078 1595 inopia,
3108 1521 3192 1582 vel
3237 1529 3464 1586 avaritia
3507 1540 3615 1587 nan

2041 1609 2427 1678 suppeditauti,
2479 1620 2788 1682 quanquam
2834 1631 2977 1687 egra
3021 1612 3240 1687 animo,
3292 1638 3400 1679 non
3444 1625 3617 1682 maleo

2042 1698 2215 1769 (ιίιιὶιςι
2270 1710 2372 1755 nec
2422 1700 2736 1757 redeuntem
2768 1702 3116 1776 asymposio,
3164 1704 3291 1765 vino
3329 1719 3613 1769 Oneratum

352 1797 550 1867 ἀτμοῖς
577 1793 860 1866 περιδονου
865 1790 1034 1864 μένην
1071 1790 1166 1845 τοῦ
1205 1791 1349 1845 οἴνου
1367 1807 1381 1822 ο
1416 1790 1699 1864 ὡδήγησεν
1738 1793 1796 1848 δέ
1845 1794 1939 1847 ἐπὶ

2047 1804 2107 1845 ac
2151 1792 2537 1860 insanientem,
2596 1793 2877 1852 ebrietatis
2920 1793 3046 1854 odio
3097 1816 3229 1857 non
3256 1804 3473 1862 admisit
3519 1815 3616 1860 aut

352 1888 459 1962 τὴν
488 1887 674 1960 κοίτην
699 1883 800 1956 τὴν
833 1883 1102 1955 γαμικὴν,
1140 1883 1277 1955 μόνη
1310 1883 1693 1957 συμπαθοῦσα,
1728 1884 1836 1939 τῶν
1866 1888 1937 1940 οὶ-

353 1979 533 2035 κετῶν
556 1976 839 2048 γελώντων
869 1977 963 2030 καὶ
988 1965 1455 2046 ἕπιχλευαζόντων
1491 1975 1590 2048 τὴν
1613 1977 1680 2030 ἐκ
1707 1977 1809 2047 τῆς
1837 1972 1937 2049 μέ-

352 2071 458 2143 θης
498 2066 845 2141 παραφορὰν.
885 2062 959 2120 Σὺ
990 2065 1047 2119 δὲ
1094 2066 1163 2120 τὰ
1190 2065 1407 2138 ἄμφοδα
1444 2070 1807 2137 περινοστεῖς,
1843 2068 1939 2122 ἐπὶ

348 2163 587 2235 ψυχραῖς
619 2159 824 2222 αἰτίαις
852 2155 1214 2228 ἐκτραγῳδῶν
1241 2156 1339 2229 τὴν
1358 2159 1615 2227 γυναῖκα,
1643 2158 1732 2212 ἵνα
1757 2157 1940 2229 σαυτῷ

349 2257 455 2328 τὴν
476 2252 806 2323 συγγνώμην
833 2246 1259 2321 παρασκευάσῃς
1277 2248 1378 2319 τῆς
1410 2249 1703 2322 προχείρου
1735 2249 1940 2321 διαιρέ.

354 2359 518 2409 σεως.
565 2335 790 2416 Σκληρὰ
831 2339 941 2394 τῶν
988 2337 1244 2392 τοιούτων
1274 2338 1484 2411 ἀνδρῶν
1512 2341 1547 2411 ή
1586 2338 1779 2412 γνώμη
1800 2379 1814 2403 ,
1845 2339 1941 2409 θη.

354 2438 560 2511 ριώδης
587 2436 680 2489 καὶ
716 2432 1055 2506 ἀμείλικτος,
1089 2430 1154 2483 ἐκ
1187 2427 1347 2501 δρυὸς
1382 2430 1415 2502 ἢ
1453 2431 1677 2504 πέτρας,
1713 2431 1856 2487 κατὰ
1878 2433 1943 2489 τδ

351 2527 680 2602 λεγόμενον,
721 2528 822 2601 τὴν
850 2524 1122 2601 γέννησιν
1145 2526 1363 2598 ἔχουσα.
1398 2523 1624 2578 Πάντων
1664 2522 1775 2595 γὰρ
1804 2524 1943 2594 ὁμοῦ
1978 2575 1987 2591 ,

1982 2616 1988 2624 ·
2045 2606 2250 2676 tragice
2279 2608 2621 2677 turpiterque
2659 2611 2921 2679 traducis,
2953 2623 3011 2668 ut
3043 2617 3111 2669 ad
3139 2617 3438 2676 faciliorem
3465 2615 3615 2692 cogi-

351 2623 459 2694 τὴν
487 2623 708 2694 μνήμην
730 2620 1135 2690 ἐξαλείψαντες,
1166 2611 1393 2679 ἀπαθῶς
1420 2615 1816 2686 διατέμνονται.
1847 2617 1943 2680 Τίς

353 2712 414 2768 δέ
444 2713 605 2784 μέλος
638 2712 873 2784 νοσῆσαν
904 2712 1026 2766 ἀντὶ⁹
1060 2704 1157 2765 τοῦ
1182 2702 1509 2782 θεραπεύειν
1544 2709 1824 2774 ἐκκόπτει,
1847 2711 1943 2764 καὶ

352 2807 533 2860 ταῦτα
581 2805 682 2860 οὐκ
730 2803 1070 2858 ἐπικινδύνου
1122 2799 1329 2873 πάθους
1365 2794 1756 2871 ἐνσκήψαντος,
1807 2800 1944 2854 ἀλλὰ

354 2898 565 2971 πολλὴν
592 2896 808 2969 ἔχοντος
841 2895 938 2949 καὶ
970 2893 1160 2967 ῥᾳδίαν
1204 2893 1303 2963 τῆς
1335 2894 1533 2959 ἰάσεως
1564 2891 1662 2963 τὴν
1714 2888 1904 2944 ἐλπίδα
1917 2906 1940 2956 -;

367 2986 691 3059 Ἑπεγένετο
721 2986 1023 3058 φλύκταινα
1056 2988 1120 3057 τῇ
1148 2985 1311 3058 χειρὶ,
1345 2983 1621 3055 ἐπιμελῶς
1658 2981 1828 3053 αὐτὴν
1854 2980 1941 3035 θε-

356 3081 752 3156 ραπεύσωμενο
798 3074 1077 3148 φλεγμονὴ
1113 3075 1202 3128 τὸν
1245 3074 1379 3128 πόδα
1407 3067 1780 3143 διενόχλησεν,
1810 3088 1947 3142 φαρ-

356 3140 531 3248 μάκῳ
578 3140 674 3244 τὴν
701 3140 967 3241 ἐξοίίῖησιν
997 3140 1460 3236 καταστείλωμεν.
1488 3140 1652 3219 Είῃδὲν
1674 3140 1941 3234 παρέντες
1968 3140 2011 3198 C

352 3264 462 3335 τὴν
494 3260 601 3315 τῶν
631 3261 830 3332 ἰατρῶν
864 3254 1155 3326 ἐπίσκεψιν
1175 3297 1190 3320 ,
1218 3256 1357 3327 ’περὶ
1379 3258 1479 3326 τὴν
1507 3254 1680 3325 τομὴν
1720 3254 1815 3307 καὶ
1847 3251 1941 3305 τὸν

355 3354 584 3426 σίδηρον
601 3345 1058 3424 ἀσχοληθείημεν,
1086 3347 1208 3402 καθ’
1230 3348 1460 3402 ἕκαστον
1478 3344 1586 3398 τῶν
1605 3342 1939 3407 λυπούντων,

353 3442 481 3498 οὐδὲ
509 3437 703 3516 μικρὸν
728 3435 828 3512 τῆς
858 3438 1003 3510 ζωῆς
1028 3436 1396 3509 διαγενόμενοι
1425 3430 1634 3508 χρόνον,
1668 3435 1804 3488 πᾶσι
1828 3435 1942 3497 τοῖς

358 3536 584 3608 μέλεσιν
616 3533 843 3599 ἑαυτοὺς
872 3529 1384 3601 ἀκροτηριάσωμεν.
1439 3519 1582 3581 Ἀλλ’
1609 3523 1708 3599 οὐχ
1745 3526 1941 3591 οὕτως,

354 3618 652 3696 ὦᾶνδρες·
698 3621 841 3674 ἔστω
883 3636 967 3682 τις
1012 3621 1199 3690 μνήμη
1241 3618 1338 3671 καὶ
1393 3615 1500 3670 τῶν
1555 3614 1774 3670 κώλων·
1827 3615 1947 3668 δυσ-

354 3716 686 3775 ωπείτωσαν
715 3714 861 3785 ὑμᾶς
903 3713 959 3765 αἱ
989 3710 1279 3783 θεραπεῖαι
1315 3708 1424 3764 τῶν
1456 3708 1750 3778 γυναικῶν.
1780 3706 1946 3763 Ὅσον

353 3806 403 3864 δ’
433 3808 505 3863 ἂν
536 3805 930 3877 παροξυνθῆτε,
981 3799 1100 3865 ἐνὸς
1131 3802 1291 3855 τόκου
1317 3798 1414 3871 τὴν
1444 3792 1607 3852 ὠδῖνα
1636 3796 1946 3860 ἀντιθέντες

356 3903 486 3963 ταῖς
516 3898 810 3969 μέμψεσιν,
837 3896 1102 3967 εὑρήσετε
1128 3892 1435 3964 νικωμένην
1463 3891 1560 3962 τὴν
1580 3890 1689 3945 τῶν
1717 3889 1945 3943 λυπούν-

356 4008 475 4048 των
507 3991 851 4063 περίστασιν.

2041 1879 2265 1952 rejecit;
2316 1883 2411 1939 sed
2453 1884 2608 1941 venia
2642 1902 2707 1942 ac
2750 1880 2994 1953 leuitate,
3045 1905 3165 1961 quae
3210 1895 3480 1953 hominem
3520 1900 3616 1956 de-

2040 1983 2181 2041 ceat,
2219 1983 2272 2028 te
2311 1977 2571 2047 suscepit,
2614 1988 2672 2033 et
2715 1981 3103 2050 reprimentem
3142 1999 3206 2041 ac
3237 1989 3616 2051 verberantem

2040 2063 2330 2133 demulsit;
2377 2077 2646 2140 caputque
2684 2085 2886 2137 aegrum
2918 2058 2982 2128 ac
3019 2075 3151 2130 meri
3182 2069 3471 2147 vaporibus
3500 2083 3618 2153 agi-

2044 2164 2234 2222 tatum,
2270 2159 2454 2215 sedulo
2476 2156 2729 2229 curavit,
2757 2176 2821 2217 ac
2851 2163 3067 2219 demum
3117 2157 3172 2221 in
3217 2176 3393 2225 torum
3428 2171 3619 2240 coniu-

2040 2247 2213 2318 galem
2249 2244 2443 2304 duxit:
2476 2246 2589 2306 sola
2630 2244 2885 2308 nimirum
2936 2255 3012 2309 tui
3063 2256 3309 2326 miserta,
3358 2275 3480 2318 cum
3536 2263 3618 2317 τει-

2044 2339 2174 2393 muli
2202 2338 2272 2395 ob
2294 2352 2539 2397 errorem
2575 2342 2773 2400 mentis
2805 2360 2870 2401 ac
2901 2338 3276 2418 agitationem,
3311 2352 3619 2429 horumde-

2042 2430 2285 2486 riderent
2330 2441 2495 2501 atque
2532 2436 2954 2492 subsannarent.
2986 2430 3056 2493 At
3083 2449 3137 2495 tu
3165 2443 3366 2512 passim
3394 2446 3447 2503 in
3469 2462 3620 2502 com-

2041 2514 2172 2585 pitis
2195 2525 2251 2570 et
2281 2512 2475 2586 plateis
2497 2518 2784 2585 oberrans,
2832 2518 3045 2594 frigidis
3076 2526 3142 2582 de
3174 2522 3352 2585 causis
3387 2547 3615 2589 uxorem

2045 2699 2142 2751 tati
2172 2699 2380 2769 repudii
2420 2701 2633 2755 veniam
2680 2717 2745 2757 ac
2784 2704 3218 2774 excusationem,
3249 2706 3390 2765 viam
3420 2705 3514 2768 tibi
3551 2730 3617 2769 ac

2045 2789 2248 2844 aditum
2284 2789 2533 2863 munias._
2563 2787 2715 2857 Duri,
2746 2793 2981 2851 immites
3018 2812 3084 2852 ac
3128 2793 3346 2854 belluini
3375 2794 3425 2855 id
3449 2817 3621 2874 genus

2043 2880 2317 2942 homines,
2365 2893 2599 2953 vereque
2639 2884 2828 2957 geniti,
2859 2888 3312 2956 quemadmodum
3363 2890 3564 2959 ferunt,
3588 2908 3622 2947 e

2050 2973 2245 3028 robore
2273 2973 2356 3028 vel
2388 2982 2521 3030 Saxo
2544 2972 2681 3046 (35).
2711 2976 2921 3049 Quippe
2951 2981 3041 3050 qui
3073 2982 3327 3039 omnibus
3361 2980 3621 3041 oblivioni

2051 3063 2291 3131 traditis,
2319 3074 2475 3135 aequo
2510 3066 2694 3121 animo
2728 3067 2979 3139 nulloque
3002 3065 3208 3127 doloris
3241 3086 3406 3129 sensu
3441 3091 3625 3146 δεδι-ε·

2047 3164 2263 3224 gentur.
2305 3156 2438 3221 Quis
2469 3164 2647 3211 autem
2694 3173 2897 3227 aegrum
2945 3160 3046 3214 sibi
3088 3164 3415 3231 membrum,
3459 3181 3623 3223 cura-

2049 3247 2212 3302 tionis
2259 3247 2378 3302 vice
2422 3249 2740 3317 abscindat:
2791 3264 2913 3305 cum
2943 3261 2996 3307 et
3032 3252 3234 3308 nullout
3267 3247 3383 3311 fere
3418 3260 3627 3326 pericu-

2049 3334 2185 3402 lum,
2218 3347 2272 3393 et
2307 3340 2526 3395 medelas
2555 3354 2747 3412 magna
2784 3356 2909 3407 spes
2940 3358 3003 3398 ac
3034 3355 3171 3412 pene
3215 3342 3494 3415 explorata
3527 3365 3627 3404 ex-

2050 3430 2247 3486 sistat?
2278 3430 2487 3485 Exorta'
2511 3442 2594 3487 est
2626 3433 2678 3487 in
2710 3441 2874 3488 manu
2907 3432 3143 3504 pustula,
3180 3444 3299 3491 eam
3332 3432 3629 3511 diligenter

2051 3537 2338 3591 curemus;
2373 3522 2727 3579 inﬂammatio
2759 3526 2878 3595 pedi
2918 3526 3112 3583 infesta
3138 3527 3434 3598 incruduit,
3461 3532 3628 3600 pltar-

2052 3626 2208 3667 maco
2262 3622 2530 3669 tumorem
2577 3615 2950 3673 cohibeamus.
3001 3617 3158 3684 Quod
3185 3621 3230 3674 si
3262 3624 3626 3690 praetermissa

2051 3702 2401 3779 medicorum.
2444 3704 2778 3773 inspectione
2826 3713 2883 3760 et
2928 3722 3097 3775 cura,
3150 3711 3363 3779 quoties
3424 3711 3627 3785 aliquid
3707 3698 3710 3700 ⁷

2052 3791 2307 3858 doluerit,
2348 3794 2415 3847 ad
2447 3786 2652 3850 ferrum
2682 3811 2745 3852 ac
2773 3798 3070 3854 sectionem
3112 3792 3392 3871 iverimus,
3428 3806 3629 3875 exiguo

2051 3898 2182 3938 sane
2208 3872 2450 3954 tempore
2481 3887 2742 3942 membris
2766 3905 2864 3944 nos
2887 3884 3141 3947 omnibus
3171 3894 3626 3951 mutilaverimus.

2054 3973 2251 4031 Verum
2294 3988 2399 4030 non
2434 3977 2532 4043 ita,
2573 3992 2607 4031 ο
2637 3971 2774 4047 viri;
2809 3993 3132 4037 concessure
3163 3983 3363 4056 aliquid
3394 3997 3512 4042 esto
3544 3987 3629 4045 vel

362 4086 649 4143 memorie
700 4081 1088 4137 membrorum.
1123 4076 1372 4134 Flectant
1426 4090 1524 4131 vos
1570 4086 1633 4128 ac
1695 4072 1941 4140 injiciant
1980 4071 2241 4141 pudorem
2292 4069 2551 4139 obsequia
2604 4085 2669 4125 ac
2725 4069 3025 4129 ministeria
3084 4091 3336 4131 uxorum.
3386 4077 3630 4144 Quanta-

359 4185 449 4237 vis
472 4183 553 4237 ira
584 4172 1025 4238 succensueritis,
1055 4184 1244 4243 partus
1279 4173 1440 4225 unius
1482 4168 1697 4224 dolores
1735 4183 1855 4221 cum
1892 4165 1957 4220 iis
1994 4165 2320 4229 contendite,
2352 4177 2472 4235 quae
2498 4160 2914 4234 reprehenditis,
2974 4160 3267 4237 multisque
3312 4169 3424 4223 haec
3472 4169 3633 4236 parti-

358 4272 471 4329 bus
504 4269 644 4323 vinci
673 4260 1040 4336 comperietis.

451 4320 860 4431 ίΑνᾷςέὲρέτωί
884 4348 1248 4426 ἀναλογισμὸς
1279 4352 1359 4418 είς
1392 4352 1559 4424 μέσον
1598 4345 1695 4405 καὶ
1737 4348 1835 4421 τῆς
1863 4338 1946 4402 εὖ·

2131 4344 2577 4410 Considereutur,
2624 4342 2786 4412 inQue
2821 4341 3056 4398 medium
3093 4343 3442 4417 proferantur
3465 4320 3633 4402 bene-

361 4456 521 4518 νοίας
553 4453 625 4506 τὰ
652 4449 862 4520 ἀγαθά·
897 4448 1069 4502 νόσων
1103 4442 1422 4517 θεραπείας,
1450 4438 1743 4515 συμφορῶν
1767 4454 1952 4494 κοινω-

364 4549 513 4612 νίαν,
539 4544 755 4617 δάκρυα
782 4540 851 4596 τὰ
880 4539 1021 4612 ὑπὲρ
1062 4534 1253 4609 ἀνδρὸς
1287 4531 1663 4608 προσαχθέντα
1693 4533 1859 4585 τισίν·
1892 4530 1953 4584 τὸ

366 4636 695 4694 καταλιπεῖν
720 4633 845 4696 τοὺς
882 4628 1340 4702 γεννησαμένους,
1369 4627 1461 4681 καὶ
1488 4625 1674 4678 ἑστίαν
1704 4621 1948 4693 γονικὴν,

368 4730 468 4785 ’καὶ
503 4722 876 4798 ἀκολουθῆσαι
908 4721 987 4793 τῷ
1026 4715 1162 4793 ξένῳ
1185 4737 1199 4751 ·
1244 4718 1306 4773 τὸ
1353 4712 1603 4789 πωλῆσαί
1638 4728 1691 4769 τι
1727 4714 1836 4768 τῶν
1875 4715 1953 4767 οἰ·-

370 4822 572 4885 κείων,
613 4818 705 4872 ἵνα
737 4809 896 4888 ΰὸριν
930 4815 1024 4868 καὶ
1063 4812 1286 4884 ὄχλησιν
1322 4808 1415 4863 τοῦ
1450 4807 1642 4880 ἀνδρὸς
1681 4804 1954 4875 ἐξιι)νήσή‹⁸

364 4928 484 4969 ται.
518 4910 708 4966 Ταῦτα
734 4909 912 4964 πάντα
932 4902 1348 4975 παιδαγωγείτω
1376 4895 1512 4975 πρὸς
1551 4900 1653 4969 τὴν
1693 4896 1952 4960 διάθεσιν,

368 5000 469 5058 καὶ
492 4999 731 5071 γινέσθω
753 4997 1051 5069 σύνδεσμος
1079 4995 1176 5065 τῆς
1209 4986 1466 5066 στοργῆς,
1495 4984 1606 5045 οἷον
1633 4990 1813 5044 οἰκίαν
1837 4987 1962 5042 τινὰ

376 5094 735 5166 σαθροτέραν,
750 5088 851 5162 τὴν
871 5086 1144 5142 εύὸλισθον
1163 5082 1693 5156 ψυχὴνδιεγείροντα
1720 5080 1815 5134 καὶ
1838 5092 1963 5132 συν-

374 5187 593 5256 έχοντα.
631 5182 823 5245 Ἔλεος
867 5172 925 5233 δὲ
955 5176 1247 5250 κρατείτω,
1280 5175 1375 5229 καὶ
1420 5172 1708 5246 συνήθεια,
1736 5172 1832 5224 καὶ
1864 5186 1964 5241 μαι

373 5272 517 5344 κροῦ
560 5268 755 5345 χρόνου
799 5268 1102 5341 συμϐίωσις
1146 5265 1221 5339 μὴ
1264 5261 1535 5330 πατείτω,
1580 5264 1703 5336 ἥτις
1749 5263 1845 5316 καὶ
1894 5260 1964 5314 τὰ

452 5387 565 5456 (55)
601 5385 646 5456 Ε
696 5384 881 5453 robor:
931 5390 1037 5456 aut
1076 5368 1293 5450 quercu.
1316 5377 1700 5456 _liomeri-c_um
1741 5389 1958 5456 versum

373 5445 586 5511 indicat
611 5445 779 5510 Iliad.
816 5469 858 5515 ι,
888 5451 980 5521 qui
1025 5445 1476 5521 in'ptoverbiunt
1493 5448 1650 5521 abiit.
1683 5445 1958 5521 integrum

370 5526 581 5594 profert
607 5512 860 5581 Clemens
890 5512 1287 5576 Alexandrinus
1309 5518 1365 5573 in
1394 5515 1670 5571 Admonit.
1721 5517 1790 5568 ad
1814 5512 1965 5569 Ἐθη-

371 5596 915 5757 3.·ξαρ1ιῗπδόρυός
936 5685 1055 5737 ἐσσι
1084 5679 1444 5757 παλαιφάτου,
1469 5678 1575 5733 οὐδ’
1607 5677 1716 5757 ἀπο
1740 5674 1968 5746 πέτρῃς.

453 5754 674 5813 Amiasa
700 5754 1106 5823 haudquaauu‘m
1127 5754 1332 5821 genitus
1353 5765 1609 5818 quercum
1630 5756 1860 5816 pctrave.

664 5847 937 5909 Ριτηοι.
972 5846 1089 5908 Gn.
1119 5846 1256 5906 XL.

2056 4437 2305 4493 volentia:
2353 4434 2515 4498 dona,
2563 4433 2873 4488 morborum
2915 4433 3253 4498 curationes,
3302 4448 3525 4491 casuum
3569 4453 3634 4493 ac

2058 4530 2427 4588 calamitatum
2473 4526 2735 4591 societas,
2782 4526 3037 4598 lacrymae
3085 4525 3265 4581 mariti
3304 4542 3468 4583 causa
3498 4547 3638 4583 non-
3698 4543 3706 4548 ·

2060 4621 2222 4678 nullis
2277 4615 2492 4677 oblatm.
2546 4611 2736 4673 Veniat
2781 4617 2833 4672 in
2879 4625 3137 4683 mentem,
3192 4610 3336 4688 quod
3383 4633 3637 4689 parentes

2059 4728 2212 4780 suos,
2268 4712 2407 4782 quod
2453 4706 2672 4765 domum
2717 4723 2820 4779 qua
2872 4707 3049 4764 fuerat
3096 4708 3265 4774 edita,
3313 4722 3632 4767 extraneum

2060 4813 2336 4870 secutura,
2372 4803 2689 4873 reliquerit:
2722 4799 2863 4873 quod
2897 4801 3036 4857 forte
3061 4802 3266 4874 aliquid
3306 4818 3484 4858 rerum
3517 4820 3636 4859 sua-

2060 4912 2205 4961 rum,
2252 4900 2311 4949 ιιι
2338 4893 2436 4948 viri
2470 4887 2720 4958 injuriam
2758 4888 3170 4963 molestiamque
3203 4893 3517 4965 redimeret,
3540 4895 3636 4951 ab-

2060 4986 2401 5042 alienaverit.
2448 4982 2577 5039 Hmc
2612 4982 2792 5037 omnia
2839 4979 3095 5037 allectum
3134 4983 3447 5049 concilient,
3484 5001 3638 5039 amo-

2063 5081 2247 5148 risque
2298 5074 2571 5129 vinculum
2624 5080 2865 5141 nectaut;
2925 5087 2990 5128 ac
3051 5072 3318 5128 lubricum
3368 5076 3637 5138 animum.

2062 5170 2211 5224 velut
2244 5166 2538 5221 marcidam
2570 5164 2817 5230 domum,
2854 5165 3173 5219 contlueant
3207 5173 3371 5238 atque
3406 5167 3638 5239 erigant.

2067 5258 2261 5316 Vincat
2288 5256 2691 5322 misericordia,
2730 5270 2831 5311 nec
2860 5257 3200 5312 consuetudo
3227 5272 3292 5312 ac
3324 5258 3469 5329 longi
3512 5267 3642 5313 tem-

2060 5372 2433 5429 Tbeotloretus
2493 5367 2530 5423 I.
2578 5383 2657 5422 xu
2704 5366 2781 5421 De
2823 5367 3093 5429 curatione
3139 5364 3447 5423 Grrrcarum
3494 5368 3633 5435 alic-

2059 5444 2293 5498 ctiomtm
2316 5457 2334 5495 :
2359 5441 2503 5494 Ἴστε
2524 5438 2621 5492 καὶ
2639 5437 2798 5560 bitat;
2814 5451 2831 5468 ο
2856 5437 2919 5489 ού
2948 5436 3058 5508 γὰρ
3076 5439 3142 5491 ἐκ
3163 5439 3343 5510 δρυὸς,
3374 5437 3516 5493 κατὰ
3546 5439 3640 5517 τὸν

2062 5512 2346 5560 minantem
2375 5510 2553 5560 λόγον.
2584 5508 2620 5560 ἢ
2688 5507 2762 5560 πὸ
2789 5506 2996 5560 πέτρης
3020 5526 3032 5537 ·
3058 5507 3173 5560 Inst
3202 5523 3305 5560 non
3336 5509 3592 5560 ianoralts
3614 5522 3637 5559 :

2062 5512 2346 5585 ποιητικδν
2375 5510 2553 5579 λόγον,
2584 5508 2620 5580 ἢ
2653 5506 2762 5560 ἄπο
2789 5506 2996 5579 πέτρης
3020 5506 3038 5537 ’⁷
3058 5507 3173 5585 Ipsi
3195 5506 3305 5561 'uott
3336 5508 3592 5578 ignoratis
3614 5522 3637 5559 :

2066 5577 2228 5652 neque
2252 5583 2390 5638 enim
2421 5577 2458 5632 ε
2479 5577 2696 5652 quercu,
2730 5589 2785 5631 tu
2816 5577 2981 5647 poeta:
3013 5577 3176 5632 verbis
3207 5587 3347 5642 utar,
3370 5586 3462 5631 aut
3504 5589 3639 5629 suo

2066 5651 2225 5723 geniti
2251 5651 2541 5723 prodiistis.
