4070 6142
472 239 584 295 255

1757 246 1815 302 S.
1854 246 2126 306 ASTERII
2166 253 2471 311 AMASENI

3635 268 3745 326 8'56

481 357 630 428 poris
673 354 954 411 convictus
999 354 1417 427 conculcentur,
1469 360 1665 431 quibus
1714 361 1893 419 brutis
1925 364 2056 434 ipsis

2161 369 2331 442 ἄλογα
2377 375 2523 428 ποιεῖ
2564 373 2673 429 τῶν
2719 372 2873 441 ζώων
2917 375 3236 447 ἀχωρίστους
3282 376 3428 450 εχειν
3472 378 3742 454 ἀλλήλων.

479 450 846 506 animantibus
891 463 1035 521 aegre
1075 451 1317 520 separari
1357 453 1592 509 accedit.
1625 448 1747 512 Vidi
1778 465 1928 512 certe
1956 458 2053 513 bo-

478 558 624 613 vem,
664 542 807 614 quod
854 545 1182 600 aberrasset
1211 546 1280 602 ab
1326 555 1596 612 armento,
1646 545 1902 619 solusque
1949 548 2057 606 sibi

476 636 703 694 relictus
748 646 917 702 esset,
979 637 1358 696 miserabiliter
1392 640 1760 712 mugientem;
1794 642 2056 713 pecudem

460 730 608 788 item
622 730 678 786 in
699 729 836 787 saltu
852 730 1146 798 balantem,
1161 740 1474 805 montesque
1485 741 1914 806 percurrentem,
1930 734 2056 790 dum

456 822 553 878 'atl
572 836 789 893 gregem
813 822 1081 892 rediisset,
1111 839 1140 880 a
1170 840 1277 895 quo
1321 825 1461 882 inter
1501 824 1827 896 pascendum
1874 840 2058 883 reces-

478 923 647 970 serat.
699 913 805 969 Sed
834 923 890 970 et
922 929 1089 988 capra
1137 910 1278 972 idem
1323 932 1506 989 passa,
1539 926 1854 988 quanquam
1878 917 1932 972 in
1963 933 2057 973 va-

479 1008 595 1063 rios
643 1005 835 1062 incidit
875 1021 1088 1078 greges,
1129 1010 1522 1077 praetercurrit,
1548 1023 1651 1064 nec
1677 1017 1802 1064 ante
1835 1024 2055 1085 cursum

476 1095 642 1166 sistit,
685 1111 850 1168 quam
897 1097 985 1153 ubi
1016 1111 1215 1167 suum,
1245 1098 1330 1155 cui
1361 1099 1710 1167 assuevisset,
1735 1107 1792 1155 et
1838 1113 2055 1172 gregem

477 1199 533 1244 et
561 1190 874 1260 caprarium
906 1190 1134 1262 reperit.

444 1306 447 1307 ν
548 1278 627 1336 Ne
657 1294 755 1338 nos
786 1296 935 1353 ergo,
961 1281 1053 1352 qui
1075 1281 1285 1339 ratione
1310 1281 1523 1353 praediti
1567 1297 1779 1351 sumus,
1809 1282 2058 1361 duriores

478 1373 803 1431 exsistamns
824 1372 1037 1440 brutis;
1060 1388 1239 1447 neque
1259 1375 1484 1432 minoris
1513 1389 1736 1432 uxorem
1771 1373 2054 1443 faciamus,

478 1479 643 1536 quam
679 1465 780 1520 viae
809 1464 1062 1520 comitem
1097 1463 1356 1536 aliquem,
1387 1463 1624 1521 aliumve
1656 1480 1728 1531 ex
1760 1480 1922 1522 causa
1955 1465 2055 1523 levi

477 1565 533 1612 et
576 1554 753 1612 subita
811 1552 1005 1612 leviter
1058 1554 1216 1612 nobis
1249 1564 1457 1612 notum.
1497 1555 1663 1614 Vides
1703 1557 2055 1630 quemadmo-

477 1647 603 1703 dum
632 1647 667 1702 ii
699 1660 836 1718 quos
858 1645 949 1702 via
974 1645 1187 1717 publica
1218 1644 1422 1716 iunxit,
1452 1647 1704 1729 idemque
1752 1656 1952 1727 tectum
1993 1661 2058 1701 ac

458 1725 858 1801 ’divcrsorium,
897 1745 991 1792 aut
1033 1737 1290 1793 umbrosa
1315 1752 1414 1808 per
1445 1724 1659 1805 aestum:
1688 1724 2051 1793 meridianum
2086 1721 2130 1778 Β

476 1830 639 1885 arbor
674 1828 908 1898 excepit,
955 1824 1236 1883 fortuitum
1284 1843 1572 1885 occursum
1613 1829 1669 1885 in
1711 1825 2054 1885 occasionem

477 1918 729 1975 amicitiae
759 1918 1009 1990 rapiant:
1057 1926 1112 1975 et
1143 1934 1267 1976 cum
1300 1920 1367 1975 ad
1413 1920 1643 1976 divortia
1681 1921 1896 1976 viarum
1933 1935 2060 1992 per-

475 2008 745 2075 Venerint,
799 2024 901 2064 non
933 2009 1049 2065 sine
1079 2011 1394 2079 aegrimonia
1435 2010 1795 2079 divellantur;
1826 2024 1890 2065 ac
1924 2009 2054 2066 sub-

474 2102 859 2176 lacrymantes,
907 2100 1140 2172 lixisque
1163 2101 1303 2157 alter
1326 2102 1381 2157 ln
1406 2102 1638 2157 alterum
1669 2101 1841 2159 oculis
1876 2101 2058 2158 consi-

458 2198 646 2259 ‘stant,
676 2206 740 2248 ac
766 2192 1015 2264 symbola
1051 2202 1237 2248 mutua
1285 2191 1586 2266 largiantur
1618 2209 1634 2249 :
1671 2203 1834 2266 utque
1866 2193 2059 2268 paulu-

476 2276 597 2343 l‘um‘
618 2287 909 2359 progressi,
934 2301 1056 2344 sese
1085 2302 1273 2343 rursus
1302 2295 1643 2354 convertant,
1675 2288 2055 2358 revocatisque

472 2377 650 2434 fausta
693 2392 758 2434 ac
811 2375 989 2434 felicia
1036 2385 1433 2449 apprecentur,
1487 2386 1546 2432 ut
1597 2376 1833 2449 denique
1875 2375 2060 2433 brevis

474 2484 638 2527 usura
677 2468 935 2539 temporis
981 2479 1090 2523 tam
1133 2475 1342 2524 arctam
1389 2466 1586 2540 jungat
1628 2467 1948 2535 amicitiam,
1998 2475 2058 2524 ut

479 2577 625 2633 aegre
659 2561 888 2632 digredi,
932 2559 1269 2631 cogendique
1300 2565 1509 2615 tantum
1551 2574 1659 2615 non
1687 2573 1809 2615 esse
1837 2558 2058 2614 videan-

470 2652 604 2709 tur?
630 2650 710 2708 Tu
733 2647 876 2708 vero
925 2648 1239 2721 comparem
1272 2663 1334 2704 ac
1358 2648 1483 2705 vitae
1527 2646 1730 2705 sociam
1764 2649 1844 2706 sic
1872 2648 2057 2721 despi-

475 2736 619 2801 catui
654 2744 851 2808 habes,
879 2750 940 2798 ut
966 2739 1248 2799 vasculum
1303 2741 1587 2810 amissum,
1623 2749 1715 2798 aut
1753 2741 1860 2799 vile
1892 2741 2060 2798 vesti-

473 2843 716 2891 mentum
765 2833 981 2890 itineris
1035 2846 1138 2888 usu
1198 2829 1400 2888 factum
1460 2822 1688 2901 inutile,
1738 2834 2060 2892 catellumve

473 2923 762 2983 Meliwum
809 2924 901 2996 qui
952 2924 1114 2981 domo
1142 2923 1449 2981 clanculum
1500 2938 1564 2981 se
1616 2924 1910 2987 subduxit?
1954 2923 2058 2984 Ubi

472 3017 762 3074 simulatus
818 3017 974 3074 initio
1023 3016 1290 3074 allectus?
1324 3015 1426 3075 Ubi
1469 3016 1576 3074 tori
1624 3019 1785 3074 unius
1822 3018 2058 3076 societas

2170 460 2466 534 Ἐμπαθῶς
2498 462 2607 539 γὰρ
2649 459 2791 519 εϊδον
2819 463 2930 534 ἐγὼ
2975 464 3103 536 βοῦν
3151 465 3507 540 μυκώμενον,
3553 473 3744 539 ἐπειδὴ

2156 549 2267 607 τῶν
2295 553 2574 626 συννόμων
2603 555 3011 627 ἀποπλανηθεὶς
3035 557 3284 631 ἐμονώθη
3303 575 3319 592 ο
3347 561 3444 614 καὶ
3469 563 3744 634 πρόὸατον

2158 645 2217 698 ὲν
2248 645 2396 719 νάπῃ
2426 645 2806 719 βληχώμενον,
2843 648 2940 703 καὶ
2976 649 3257 720 διατρέχον
3295 650 3366 706 τά
3390 651 3492 724 ὅρη
3520 692 3537 718 ,
3581 654 3745 728 μέχρι

2164 736 2231 792 ἂν
2254 740 2319 811 τῇ
2345 737 2519 815 ἀγέλῃ
2542 740 2774 815 συνάψῃ,
2796 736 2865 815 ἦς
2902 741 3177 814 ἐχωρίσθη
3206 743 3527 815 νεμόμενον.
3558 747 3657 815 Αἲξ
3684 748 3745 803 δὲ

2158 830 2321 885 ταυτδ
2340 831 2498 886 τοῦτο
2522 826 2793 901 παθοῦσα,
2828 832 2933 889 κᾶν
2959 834 3161 899 πολλὰς
3191 834 3393 906 ἀγέλας
3424 838 3600 908 αίγῶν
3627 824 3771 895 δια-λ

2157 921 2428 995 τρέχουσα
2467 922 2772 996 καταλάϐῃ,
2809 921 2872 980 οὐ
2914 922 3181 998 πρότερον
3217 925 3470 994 ἵσταται,
3501 930 3634 1003 πρὶν
3674 931 3743 987 ἂν

2158 1011 2258 1085 τὴν
2281 1011 2486 1085 συνήθη
2514 1012 2672 1088 εὕρῃ,
2703 1015 2798 1071 καὶ
2828 1013 2918 1068 τὸν
2941 1014 3162 1072 αἰπόλον
3188 1014 3281 1070 τὸν
3306 1016 3459 1073 ἴδιον.

2228 1270 2316 1345 Μὴ
2348 1271 2709 1345 ἀπαθέστεροι
2747 1273 2885 1346 πρὸς
2917 1272 3102 1344 φιλίαν
3129 1270 3446 1350 εὑρεθῶμεν
3470 1276 3580 1333 τῶν
3608 1272 3742 1334 ἀλό-

2157 1381 2271 1435 γων
2303 1366 2353 1419 οἱ
2384 1363 2618 1435 λογικοί·
2663 1365 2797 1438 μηδὲ
2827 1366 3180 1440 ἀτιμωτέραν
3213 1369 3314 1442 τὴν
3342 1370 3589 1443 γαμετὴν
3613 1374 3740 1443 κρί-

2159 1472 2340 1528 νωμεν
2362 1456 2743 1528 συνοδοιπόρον
2774 1456 2940 1523 τινὸς,
2968 1458 3003 1531 ἢ
3035 1459 3132 1515 τοῦ
3164 1460 3252 1516 διὰ
3287 1460 3493 1534 μικρὰν
3525 1463 3741 1536 πρόφαι-

2161 1564 2244 1603 σιν
2284 1547 2342 1602 ὲν
2378 1546 2543 1621 ὀλίγῳ
2581 1549 3092 1621 προσφιλιωθέντος.
3147 1552 3351 1627 Ὀρᾶς,
3384 1551 3462 1619 ώς
3509 1555 3606 1610 καὶ
3648 1557 3744 1610 ἐπὶ

2157 1642 2258 1716 τῆς
2282 1641 2559 1716 λεωφόρου
2584 1642 2847 1716 ἀλλήλους
2882 1644 3252 1717 συμμίξαντες
3285 1645 3588 1719 ἄνθρωποι,
3613 1647 3742 1723 δρο-

2159 1750 2257 1803 φον
2276 1730 2334 1789 δὲ
2365 1735 2709 1807 καταγωγίου
2746 1734 2839 1790 τὸν
2880 1735 3045 1791 αὐτὸν
3079 1735 3424 1803 ὑπελθόντες,
3450 1738 3485 1810 ἢ
3520 1738 3739 1813 δένδρον

2158 1822 2496 1894 ἀμφιλαφές,
2518 1820 2637 1898 ὥρᾳ
2653 1823 2844 1897 θέρους
2873 1824 2970 1896 τὴν
2992 1824 3340 1898 μεσημϐρίαν
3366 1827 3736 1894 ἀποσκιάσαν,

2157 1914 2412 1989 ἀφορμὴν
2454 1914 2748 1981 διαθέσεως
2781 1916 3012 1986 γνησίας
3049 1915 3147 1986 τὴν
3187 1915 3479 1988 συντυχίαν
3518 1915 3738 1972 ποιοῦν-

2157 2022 2281 2060 ται·
2337 2006 2439 2061 κᾶν
2487 2005 2715 2061 ἔλθωσιν
2763 2006 2856 2061 ἐπὶ
2905 2005 3004 2079 τὴν
3051 2006 3172 2063 ὀδὸν
3228 2007 3327 2081 τὴν
3381 2009 3738 2082 μερίζουσαν,

2157 2099 2385 2165 ἀπαθῶς
2413 2099 2658 2173 ἀλλήλων
2690 2099 2790 2154 οὐκ
2821 2098 3290 2156 ἀπαλλάττονται·
3337 2100 3455 2156 ἀλλ’
3490 2102 3741 2156 ἵστανται

2157 2189 2254 2245 καὶ
2279 2189 2734 2264 ὑποδακρύουσιν,
2779 2190 3073 2263 βλέποντες
3122 2190 3309 2257 ἀτενὲς
3332 2192 3413 2257 είς
3441 2191 3703 2266 ἀλλήλους
3722 2233 3740 2258 ,

2157 2282 2253 2338 καὶ
2291 2281 2538 2356 σύμϐολα
2579 2284 2803 2357 μνήμης
2837 2284 3069 2349 ἕκαστος
3106 2283 3322 2339 δίδωσιν
3370 2286 3589 2359 φέρειν’
3645 2288 3743 2342 καὶ

2160 2372 2358 2449 μικρὸν
2386 2374 2707 2447 προϐάντες,
2747 2375 2909 2430 πάλιν
2939 2375 3438 2448 μεταστρέφονται,
3472 2377 3566 2432 καὶ
3606 2378 3741 2434 ἀνα-

2157 2464 2414 2520 καλοῦσιν
2434 2484 2446 2498 ·
2477 2464 2768 2540 ἐπεύχεται
2815 2465 2872 2519 δὲ
2902 2465 3088 2538 ἕτερος
3132 2465 3213 2539 τῷ
3252 2465 3426 2540 ἑτέρῳ
3449 2467 3519 2522 τά
3554 2469 3737 2523 αῖσιν

2157 2554 2253 2609 καὶ
2287 2551 2469 2624 ὀλίγος
2497 2553 2687 2627 χρόνος
2715 2552 2891 2619 οὕτως
2932 2546 3201 2628 ὀξυτάτην
3234 2556 3456 2630 κίρνησι
3499 2556 3599 2630 τὴν
3646 2576 3738 2630 φι-

2156 2643 2297 2711 λίαν,
2329 2644 2406 2710 ώς
2431 2645 2874 2701 δυσαπάλλακτον
2920 2646 3103 2711 αὐτοῖς
3131 2645 3376 2716 γίνεσθαι
3411 2647 3506 2702 καὶ
3552 2645 3741 2719 βεϐια-

2158 2736 2364 2808 σμένην
2407 2735 2507 2810 τὴν
2542 2735 2919 2810 ἀναχώρησιν;
2950 2735 3022 2792 Σὺ
3079 2736 3138 2790 δὲ
3177 2737 3317 2811 πρὸς
3356 2737 3455 2810 τὴν
3486 2736 3581 2792 τοῦ
3621 2739 3739 2811 βίου

2157 2826 2412 2881 κοινωνὸν
2468 2825 2642 2893 οὕτως
2697 2825 3185 2899 καταφρονητικῶς
3239 2823 3403 2897 ἔχεις,
3470 2826 3546 2887 ὡς
3601 2826 3738 2897 πρὸς

2159 2914 2352 2980 σκεῦος
2398 2916 2695 2983 άποπεσδν,
2746 2916 2780 2987 ἢ
2827 2916 3041 2988 ἱμάτιον
3084 2913 3296 2980 εὐτελὲς
3352 2916 3411 2971 ἐν
3456 2916 3743 2989 ὁδοιπορίᾳ

2159 3009 2523 3082 καταργηθὲν,
2562 3008 2597 3082 ἦ
2649 3007 2882 3065 κυνίδιον
2922 3007 3036 3065 τῶν
3092 3006 3406 3063 Μελιττέων
3440 3005 3489 3039 ⁸⁸
3520 3007 3743 3080 ὑποχω-

474 3124 537 3164 ac
562 3108 873 3165 communio
898 3108 921 3163 ἲ
952 3104 1056 3165 Ubi
1108 3108 1409 3181 legitimum
1440 3107 1748 3177 vinculum;
1787 3109 2056 3168 diuturnae

2161 3079 2334 3175 ρῆσαν
2390 3079 2597 3169 οἰκίαςξ
2638 3100 2747 3154 Καὶ
2790 3098 2896 3154 ποῦ
2942 3100 2976 3172 ἡ
3022 3100 3079 3154 ἐν
3127 3099 3333 3172 ἀρχαῖς
3374 3079 3740 3173 πεπλασμένη

478 3199 570 3256 illa
603 3200 688 3256 vis
734 3198 1166 3265 consuetudinis,
1212 3213 1380 3271 quam
1405 3207 1461 3282 et
1493 3198 1546 3254 in
1595 3208 1849 3257 naturam
1880 3209 2058 3264 trans-

475 3293 555 3348 ire
588 3299 701 3348 tum
745 3290 952 3359 ferunt,
999 3298 1112 3346 tum
1154 3290 1493 3347 demonstrat
1539 3291 1911 3363 experientia?
1947 3292 2055 3351 Fa-

473 3384 632 3442 cilius
677 3395 877 3442 cuncta
926 3383 1235 3456 abrupisti,
1289 3399 1452 3456 quam
1500 3382 1771 3458 Sampson
1821 3386 2055 3444 hostium

474 3479 634 3537 funes
667 3478 737 3535 ⁸¹.
1158 3478 1163 3481 ’

545 3741 708 3821 Atqui
745 3737 832 3797 vir
865 3740 1067 3807 probus
1110 3750 1165 3798 et
1205 3738 1261 3798 in
1295 3738 1490 3799 aﬁectn
1532 3748 1810 3810 constans,
1840 3742 2056 3817 demor-

452 3828 582 3889 tuae
658 3833 829 3903 ipsam
888 3832 1207 3889 memoriam
1265 3828 1516 3905 conjugis
1569 3849 1714 3906 agre
1774 3835 2050 3906 deponit:

474 3928 604 3998 quin
632 3925 779 3983 fovet
797 3925 999 3984 liberos
1026 3942 1091 3986 ac
1120 3938 1369 3984 amanter
1398 3927 1582 3995 habet,
1618 3936 1877 3999 tanquam
1905 3943 2057 3986 com-

477 4035 640 4077 mune
671 4020 974 4091 depositum
1024 4018 1215 4075 matris
1260 4033 1327 4074 ac
1365 4025 1594 4089 naturae,
1647 4019 2054 4089 spirantemque

474 4112 530 4170 in
572 4114 654 4169 eis
706 4114 1016 4170 defunctam
1056 4106 1168 4170 ‘sibi
1217 4114 1437 4170 videtur
1493 4111 1832 4182 conspicere.
1875 4108 2055 4182 Atque

472 4204 565 4261 hic
606 4206 822 4276 quidem
852 4204 1175 4273 liberorum,
1204 4214 1465 4262 maternae
1511 4202 1924 4261 similitudinem
1959 4220 2054 4261 vo-

472 4296 553 4353 cis
584 4295 839 4369 praafert;
873 4295 979 4353 .ille
1030 4295 1100 4353 de
1135 4295 1312 4361 forma
1362 4309 1428 4352 ac
1488 4294 1831 4352 lineamentis
1876 4295 2053 4367 pluri-

471 4401 621 4441 mum
650 4387 864 4455 bausit;
895 4385 1033 4443 alius
1061 4400 1243 4442 mores
1280 4394 1336 4442 et
1374 4385 1649 4457 ingenium
1686 4386 1931 4458 parentis
1966 4400 2052 4453 re-

474 4485 786 4546 praesentat.
843 4480 1023 4548 Atque
1078 4476 1161 4534 ita
1218 4485 1372 4549 pater
1401 4476 1601 4535 multas
1655 4477 1863 4535 habens
1902 4474 2057 4532 vivas

474 4570 788 4641 lucidasQue
840 4567 1087 4640 conjugis
1142 4567 1426 4639 imagines,
1490 4569 1735 4641 perpetui
1789 4570 2051 4625 consortii

472 4663 838 4733 connubiique
881 4660 1116 4732 speciem
1161 4660 1344 4717 animo
1399 4675 1497 4716 suo
1541 4658 1845 4717 informat:
1892 4670 2055 4732 atque

474 4751 609 4806 adeo
657 4750 857 4805 nullam
900 4750 1159 4820 deinceps
1208 4750 1498 4821 voluptatis
1537 4752 1924 4824 cogitationem
1954 4754 2054 4808 ad-

473 4842 682 4899 mittit:
718 4854 818 4896 nec
860 4841 951 4912 qui
987 4840 1150 4897 hodie
1196 4842 1395 4897 struxit
1434 4841 1702 4898 defuncta:
1753 4841 2053 4913 tumulum,

472 4935 631 5015 paulo
675 4945 799 5007 post
831 4933 1131 4990 thalamum
1176 4934 1445 4989 adornat:
1500 4942 1652 4988 auta
1685 4933 1942 5009 lacrymis
1990 4950 2054 4991 ac

471 5030 783 5115 gemitibus,
810 5029 878 5085 ad
907 5027 1203 5101 nuptialem
1249 5028 1445 5083 iterum
1474 5029 1730 5084 choream
1771 5028 1998 5086 festinat
2036 5047 2051 5085 :

473 5134 572 5175 inec
593 5128 799 5177 vestem
833 5128 1008 5174 atram
1062 5133 1125 5176 ac
1172 5117 1473 5190 lugubrem,
1515 5117 1654 5176 festa
1704 5118 2052 5193 sponsalique

470 5210 607 5270 Stola
637 5218 943 5281 permutat;
979 5225 1084 5266 non
1123 5209 1176 5266 in
1206 5208 1471 5267 calentem
1506 5209 1804 5266 etiamnum
1837 5228 1866 5266 a
1897 5213 2050 5283 prio-

472 5318 531 5358 re
562 5302 906 5359 matrimonio
937 5300 1156 5369 lectum,
1189 5302 1415 5357 alteram
1445 5300 1686 5369 inducit;
1729 5311 1888 5356 autvc
1916 5299 2049 5358 libe—

472 5396 548 5450 ris
577 5408 886 5461 novercam,
919 5394 1169 5452 odiosum
1211 5393 1340 5451 illud
1373 5407 1591 5461 nomen,
1637 5392 2046 5464 superiuducit;

470 5488 568 5548 sed
600 5496 891 5553 turturum,
923 5502 1029 5544 non
1082 5487 1227 5544 illam
1284 5486 1505 5559 quidem
1534 5500 1567 5542 a
1612 5487 1827 5542 ratione
1874 5485 2053 5557 proie-

2156 3191 2430 3260 διάθεσις;
2465 3190 2568 3247 ποῦ
2601 3191 2634 3264 ἡ
2664 3189 2758 3245 ἐπὶ
2787 3189 2887 3263 τῆς
2919 3192 3048 3265 μιᾶς
3082 3189 3268 3263 κοίτης
3319 3190 3626 3257 ἀνάπαυσις
3648 3232 3663 3256 ,
3702 3195 3739 3262 ἡ

2157 3284 2251 3339 τοῦ
2279 3285 2445 3357 νόμου
2477 3282 2767 3357 σύνειρξις,
2796 3287 2833 3355 η
2864 3278 2964 3354 τῆς
2990 3280 3195 3355 πολλῆς
3229 3283 3322 3337 καὶ
3357 3285 3573 3356 μακρᾶς
3608 3301 3740 3338 συν·-

2155 3376 2347 3449 ηθείας
2392 3375 2662 3449 δύναμις,
2708 3375 2775 3447 ἣν
2820 3374 2916 3431 καὶ
2964 3375 3045 3440 είς
3078 3374 3236 3445 φύσιν
3292 3373 3736 3446 μεταποιεῖσθαι,

2140 3470 2255 3524 καὶ
2286 3468 2444 3539 λόγος
2488 3468 2625 3540 ἔχει,
2690 3469 2786 3522 καὶ
2821 3469 2856 3539 ﬂ
2905 3469 3071 3541 πεῖρα
3100 3466 3415 3534 ὑπέδειξενς
3448 3467 3624 3522 πάντα
3655 3466 3736 3522 δι-

2160 3561 2366 3632 έκοψας
2388 3559 2774 3632 εὐκολώτερον,
2807 3559 2840 3632 ἢ
2872 3561 2901 3614 ὀ
2925 3558 3166 3631 Σαμψὼν
3192 3558 3260 3615 τά
3288 3560 3396 3615 τῶν
3424 3559 3740 3632 ἀλλοφύλων

2156 3654 2418 3713 καλώδια.

2226 3747 2423 3803 Καίτοι
2446 3747 2541 3816 ὅγε
2562 3745 2795 3820 σώφρων
2819 3742 2915 3799 καὶ
2941 3745 3041 3818 τῆς
3066 3744 3362 3810 διαθέσεως
3389 3745 3583 3817 φύλαξ,
3612 3747 3737 3801 οὐδὲ

2157 3839 2593 3912 ἀναχωρησάσης
2618 3836 2713 3893 τοῦ
2744 3836 2865 3910 βίου
2895 3837 2997 3907 τῆς
3023 3837 3273 3909 γαμετῆς
3303 3838 3502 3910 ῥᾳδίως
3524 3838 3743 3895 ἰπιλαν-

2158 3931 2379 3988 θάνεται
2399 3948 2414 3963 ο
2464 3930 2601 3985 ἀλλὰ
2647 3929 2842 3985 θάλπει
2870 3929 2999 3994 τοὺς
3031 3929 3263 3994 παῖδας,
3296 3930 3372 3995 ὡς
3418 3930 3604 4003 κοινὴν
3633 3949 3740 3985 πα-

2158 4023 2546 4097 ρακαταθήκην
2572 4022 2670 4099 τῆς
2704 4022 2943 4094 μητέρος
2973 4021 3069 4076 καὶ
3094 4020 3195 4093 τῆς
3224 4020 3460 4093 φύσεως,
3495 4023 3553 4076 ἐν
3591 4023 3738 4077 ὲκεί-

2158 4129 2268 4177 νοις
2295 4111 2352 4167 δὲ
2396 4110 2637 4183 καθορᾷν
2673 4109 2824 4164 δοκεῖ
2854 4108 2952 4182 τὴν
2986 4108 3348 4166 ἀπελθοῦσαν.
3400 4112 3458 4164 '0
3494 4111 3591 4182 μὲν
3629 4111 3741 4185 γὰρ

2155 4201 2266 4256 τῶν
2301 4200 2508 4256 παίδων
2557 4200 2656 4273 τῆς
2689 4199 2962 4272 μητρυιῆς
3002 4199 3192 4272 φωνῆς
3228 4199 3523 4273 ὁμοιότητα
3551 4199 3737 4267 σώζει,

2157 4291 2315 4356 ἄλλος
2345 4291 2408 4346 τὸ
2434 4291 2568 4346 πολὺ
2591 4290 2685 4345 τοῦ
2711 4291 3061 4366 χαρακτῆρος
3088 4290 3398 4362 ἐφέλκεται,
3426 4292 3612 4366 ἕτερος
3637 4293 3739 4365 τὴν

2157 4383 2252 4438 τοῦ
2281 4384 2446 4457 ῆθους
2471 4384 2804 4439 κατάστασιν
2832 4382 3128 4456 ὲμορφώθη
3150 4381 3287 4455 πρὸς
3315 4383 3415 4454 τὴν
3444 4384 3734 4439 τεκοῦσαν*

2159 4477 2251 4529 καὶ
2282 4473 2453 4538 οὕτως
2480 4475 2508 4528 ὀ
2534 4474 2716 4548 πατὴρ
2734 4515 2750 4535 ,
2782 4473 2984 4540 πολλὰς
3022 4474 3160 4546 έχων
3185 4474 3287 4546 τῆς
3313 4476 3561 4548 γαμετῆς
3593 4478 3739 4531 εἰκό-

2156 4585 2252 4633 νας
2282 4566 2460 4634 ζώσας
2489 4568 2582 4621 atati
2616 4568 2899 4639 ἐναργεῖς,
2933 4567 3198 4623 ἀθάνατον
3233 4568 3606 4626 ὑποτυποῦεαι
3640 4570 3738 4642 τὴν

2158 4658 2294 4731 πρὸς
2323 4659 2536 4730 ἐκείνην
2574 4660 2918 4730 συνοίκησινο
2952 4660 3047 4713 καὶ
3078 4657 3168 4713 διὰ
3202 4659 3363 4715 τοῦτο
3394 4660 3546 4714 οὐδὲν
3580 4661 3739 4734 φιλή-

2156 4750 2307 4806 δονον
2352 4751 2552 4804 ὲννοεῖ·
2609 4751 2671 4804 οὐ
2710 4752 2952 4823 σήμερον
3004 4750 3190 4825 χώσας
3243 4751 3336 4806 τὸν
3384 4753 3585 4822 τάφον,
3618 4756 3739 4825 μετ’

2157 4842 2335 4912 ὀλίγον
2372 4842 2561 4916 χρόνον
2609 4843 2889 4908 παστάδας
2941 4844 3375 4910 κατασκευάζειο
3432 4847 3554 4902 οὐδὲ
3600 4848 3741 4919 μετὰ

2154 4935 2216 4990 τὸ
2245 4934 2479 5009 δάκρυον
2509 4935 2605 4991 καὶ
2643 4937 2771 5001 τοὺς
2814 4937 3151 5007 στεναγμοὺς
3182 4936 3276 4992 ἐπὶ
3302 4937 3547 5009 γαμικὴν
3577 4939 3741 4993 πάλιν

2152 5028 2371 5101 χορείαν
2407 5028 2718 5098 ὲπείγεται“
2767 5027 2891 5081 οὐδὲ
2941 5027 3040 5100 τὴν
3086 5028 3347 5100 μέλαιναν
3395 5029 3600 5102 ἐσθῆτα
3646 5033 3743 5086 καὶ

2156 5120 2418 5192 πενθικὴν
2447 5122 2528 5183 εἱς
2552 5120 2829 5191 νυμφικὴν
2864 5119 3137 5192 διαμείσει
3169 5119 3382 5194 στολήνο
3409 5120 3533 5176 οὐδὲ
3559 5120 3739 5196 θερμῇ

2152 5214 2221 5285 τῇ
2273 5211 2431 5286 κοίτῃ
2479 5211 2582 5282 τῆς
2629 5209 2972 5285 ἀπελθούσης
3017 5212 3118 5286 τὴν
3173 5210 3432 5286 δευτέραν
3485 5215 3739 5287 γαμετὴν

2154 5305 2435 5372 ἐπεισάγει
2462 5320 2475 5333 ·
2504 5304 2624 5358 οὐδὲ
2661 5301 2935 5376 μητρυιὰν
2966 5304 3152 5359 δίδωσι
3193 5308 3305 5369 τοῖς
3351 5305 3532 5370 παισὶ,
3561 5306 3622 5359 τὸ
3652 5308 3742 5359 ὲπι

2158 5395 2325 5467 αχθὲς
2351 5395 2538 5466 ὄνομα.
2572 5394 2840 5467 Μιμείται
2873 5393 2930 5450 δὲ
2955 5396 3064 5450 τῶν
3100 5397 3382 5469 τρυγόνων
3409 5396 3508 5469 τὴν
3548 5396 3741 5466 ἄλογον

2159 5490 2254 5545 καὶ
2277 5487 2511 5559 φυσικὴν
2544 5485 2870 5560 σεμνότητα.
2907 5488 3015 5543 Καὶ
3042 5488 3150 5560 γὰρ
3192 5484 3415 5561 ἐκείνην
3454 5488 3552 5561 τὴν
3590 5487 3767 5561 ὀρνιν,

540 5669 588 5705 ἰ
626 5669 803 5729 Judic.
829 5686 917 5728 xvi
939 5711 953 5740 ,
1000 5670 1068 5726 l3
1090 5685 1211 5743 sqq.
1290 5670 1335 5704 "
1373 5668 1664 5725 Μελιταῖον
1695 5668 1947 5725 κυνίδιον.
2006 5669 2047 5725 Α

2160 5708 2203 5737 .,
2251 5686 2303 5729 tx
2363 5670 2438 5725 De
2482 5679 2592 5726 nat.
2637 5671 2805 5744 anim.
