4090 6146
405 376 499 434 εει
1323 373 1610 432 HOMILIA
1649 374 1734 434 Vl.
1764 377 1832 433 IN
1864 377 1982 433 DAI‘

2082 376 2212 437 LEM
2252 337 2347 437 ΕΤ
2370 380 2766 440 susaNNAit.
3535 345 3640 440 sia

399 494 480 547 Οὔ
508 491 619 564 γάρ
644 490 919 546 ἐπιλείπει
951 488 1013 545 τὸ
1042 491 1255 564 ῥεῖθρον
1279 491 1439 564 αὐτῇ,
1467 494 1718 569 καθάπερ
1749 496 1976 560 ἐκείνοις

2082 494 2202 562 illa,
2232 513 2351 553 eam
2379 496 2644 569 proﬂuens
2677 472 2815 568 aqua
2837 497 3038 566 deﬁcit,
3066 513 3241 568 neque
3275 499 3487 555 illorum
3525 516 3645 565 mo-

400 578 606 633 ενιόςε·
644 577 755 632 οὐδ’
784 578 1201 643 ἀναϐάσεις’καὶ
1232 580 1547 648 ὑποϐάσεις,
1582 582 1770 659 ὥσπερ
1801 585 1976 652 αὐτοὶ,

2082 602 2159 653 re,
2182 585 2524 642 incrementa
2555 584 2639 641 vel
2667 590 3007 643 decrementa
3050 586 3318 655 admittit;
3351 602 3517 644 necve
3548 605 3649 660 pro

400 669 712 740 ἐπιδέχεται
731 684 745 698 ⁸
778 668 900 722 οὐδὲ
932 668 994 723 τὸ
1018 671 1112 724 καὶ
1135 671 1196 724 τὸ
1222 671 1409 744 μέρος,
1436 673 1578 727 κατά
1604 674 1845 743 τούτους,
1876 694 1977 731 πε-

404 758 758 831 ριλαμϐάνει·
789 759 925 813 ἀλλά
964 760 1060 814 καὶ
1083 760 1273 834 πλήθει
1300 764 1407 831 ἀεὶ,
1456 765 1550 819 καὶ
1587 762 1754 820 πᾶσιν
1781 768 1974 839 ἀρκεῖ·

396 850 499 905 καὶ
528 853 612 914 εις
633 851 762 914 τοὺς
796 851 1059 923 μετόχους
1095 854 1438 926 ὑπορρέουσα
1471 856 1562 911 τοῦ
1590 857 1976 931 πληρώματος,

395 939 557 994 ὠδὶν
594 935 762 1013 ἦττον
815 940 964 1012 μένει
1012 943 1415 1018 πεπληρωμένη
1437 986 1452 1011 ,
1512 947 1649 1002 ἀλλά
1694 951 1789 1004 καὶ
1835 949 1979 1006 οὕτω

403 1033 505 1104 τὴν
540 1034 699 1105 χάριν
746 1031 942 1104 ἔχουσα
986 1035 1219 1107 δαψιλῆ,
1263 1026 1382 1093 οὐδὲ
1425 1040 1561 1112 πρὸς
1610 1041 1826 1114 ἡλικίας
1870 1043 1978 1100 οἶδε

405 1123 728 1178 διαδίδοσθαι
758 1125 852 1179 καὶ
878 1125 1215 1198 μερίζεσθαι.
1247 1129 1321 1182 Οὐ
1352 1124 1460 1200 γάρ
1502 1129 1654 1203 ὄγκῳ
1709 1134 1978 1204 σωμάτων

404 1215 476 1268 τὰ
502 1215 790 1287 ἀμέτρητα
817 1211 925 1269 οἶδε
962 1217 1311 1290 μετρεῖσθαι,
1355 1221 1492 1275 ἀλλὰ
1523 1220 1701 1295 ψυχῆς
1728 1216 1979 1299 εὐγενείᾳ

404 1306 499 1358 καὶ
531 1304 863 1378 καθαρότητι
910 1307 1262 1380 συνέρχεσθαι
1301 1313 1396 1366 καὶ
1435 1315 1837 1383 ἐπιφαίνεσθαι.
1867 1321 1979 1375 Καὶ

399 1396 493 1449 διὰ
515 1395 675 1449 τοῦτο
710 1396 807 1449 νῦν
841 1397 940 1468 μὲν
982 1401 1449 1474 συμπεριφέρεται
1489 1406 1978 1483 ἀρτιγαλακτοτροτ-

400 1485 661 1557 φουμένῳ
709 1486 792 1558 τῷ
823 1487 1113 1559 Σαμουὴλ,
1161 1490 1256 1545 νῦν
1300 1490 1362 1545 δὲ
1404 1493 1497 1547 τδν
1534 1478 1707 1550 ίΔαϐὶδ
1752 1499 1817 1551 ἐκ

404 1576 673 1647 ποιμνίων
700 1577 883 1630 αὐτῶν
911 1578 1200 1650 προϐάτων
1244 1578 1643 1654 ἀναλαμϐάνει·
1684 1587 1793 1642 τῶν
1827 1589 1980 1643 ἀδελο

403 1666 544 1735 φῶν,
571 1661 655 1730 οἷς
676 1666 851 1721 εδόκει
881 1668 1271 1740 παρεωρᾶςθαι
1296 1670 1386 1725 διὰ
1416 1672 1477 1726 τὸ
1507 1673 1695 1740 ἀτελὲς
1729 1677 1833 1749 τῆς
1857 1679 1976 1751 ἡλι-

402 1756 553 1821 κίας,
586 1758 932 1829 ἐκκρίνουσα.
975 1759 1167 1814 ⁸’Δλλον
1210 1760 1270 1826 ἑξ
1315 1763 1584 1838 ἀροτῆρος
1607 1765 1685 1839 τῷ
1713 1770 1977 1842 χρίσματι

2078 692 2264 732 eorum
2322 677 2553 743 ratione,
2607 676 2748 731 hanc
2789 691 2853 731 ac
2907 676 3054 731 illam
3100 686 3309 747 partem
3358 676 3643 734 allambit:

2080 769 2209 837 quin
2265 768 2427 822 etiam
2463 764 2703 821 abundat
2747 779 2983 837 semper,
3042 783 3107 824 ac
3153 766 3407 823 omnibus
3442 766 3644 824 sul'iieit

2081 859 2240 929 inque
2285 872 2378 914 eos
2411 856 2637 913 emuens
2666 856 2756 926 qui
2781 856 3131 926 plenitudinis
3164 868 3288 915 sunt
3332 859 3646 930 participes,

2078 947 2429 1003 nihilominus
2474 945 2628 1017 plena
2671 944 2953 1013 consistit;
2982 946 3076 1001 sed
3112 954 3169 1004 et
3196 949 3270 1002 ita
3295 948 3513 1004 uberem
3550 949 3650 1005 ha-

2077 1037 2213 1093 bens
2235 1038 2487 1108 gratiam,
2516 1052 2612 1109 pro
2666 1037 2829 1093 etiam
2855 1045 3076 1092 attatum
3111 1038 3269 1093 modo
3294 1037 3647 1096 distribuiac

2080 1124 2245 1184 dividi
2272 1128 2463 1185 nescit.
2500 1126 2687 1199 Neque
2748 1125 2891 1181 enim
2933 1142 3053 1198 quae
3080 1114 3210 1184 sunt
3232 1127 3534 1197 immensa,,
3550 1143 3650 1198 pro

2078 1233 2365 1290 corporum
2418 1218 2574 1274 molis
2623 1218 2831 1273 ratione
2886 1218 3186 1273 mensurari
3243 1228 3493 1293 possunt,
3555 1220 3651 1275 sed

2078 1309 2246 1364 animi
2294 1308 2651 1379 ingenuitatis
2683 1322 2746 1363 ac
2794 1307 3047 1378 puritatis
3078 1307 3263 1377 socia,
3300 1308 3504 1378 pariter
3536 1308 3652 1364 ein-

2076 1398 2203 1454 ‘cent
2241 1413 2304 1453 ac
2349 1398 2673 1471 produntur.
2730 1395 3011 1464 Quocirca,
3064 1411 3206 1475 nunc
3257 1397 3474 1479 quidem
3527 1411 3649 1451 cum

2078 1482 2328 1544 Samuele
2362 1502 2533 1557 nuper
2558 1485 2792 1542 lactente
2816 1495 3063 1543 versatur
3082 1485 3129 1518 ³³
3153 1502 3170 1553 ;
3217 1501 3363 1542 nunc
3386 1500 3513 1542 vero
3551 1485 3652 1541 Da—

2078 1578 2254 1632 videm
2300 1577 2368 1633 ab
2396 1577 2529 1649 ipsis
2561 1576 2789 1632 assumit
2827 1576 3083 1649 gregibus
3110 1576 3336 1645 ovium;
3363 1591 3428 1632 ac
3460 1576 3652 1632 fratri.-

2080 1668 2179 1724 bus
2227 1667 2482 1737 praefert,
2534 1668 2730 1737 quibus
2787 1667 2875 1722 ille
2923 1674 3023 1723 ceu
3082 1666 3440 1724 immaturiori
3488 1675 3651 1723 aetate

2078 1762 2418 1831 contemptus
2447 1758 2954 1816 videbatur.’Alium
3002 1756 3071 1813 ab
3099 1768 3278 1814 aratro
3325 1773 3649 1837 assumens,

403 1847 620 1914 τελειοτ,
644 1850 741 1904 καὶ
772 1850 891 1921 μετ’
914 1851 1176 1917 ἐκείνους,
1205 1854 1299 1908 τὸν
1329 1832 1424 1911 νύν
1457 1832 1809 1930 κείμενον-είς
1846 1832 1979 1918 ύπό-

2085 1850 2336 1905 unctione
2382 1850 2560 1906 iniiiat
2610 1851 2697 1920 ’°;
2759 1860 2988 1921 postque
3065 1844 3213 1916 illos,
3296 1851 3454 1906 nobis
3509 1832 3654 1908 nunc

407 1941 578 2005 θεσιν,
612 1942 880 2015 μακάριον
923 1945 1021 1998 καὶ
1044 1944 1125 2017 τῷ
1145 1946 1260 2001 ϐντι
1311 1950 1472 2018 σοφὸν
1507 1951 1731 2025 Δανιὴλ,
1772 1938 1980 2009 ἁπαλὸν

405 2033 487 2086 ιτι
514 2033 610 2086 καὶ
632 2035 831 2106 κομιδῇ
866 2035 1005 2115 νέον,
1042 2036 1178 2108 ὁμοῦ
1224 2039 1318 2092 καὶ
1349 2040 1736 2115 πρεσϐυτέρων
1766 2047 1977 2120 κριτὴν,

401 2124 500 2177 καὶ
548 2125 836 2196 προφήτην
879 2125 1245 2199 καθίστησιν·
1281 2128 1341 2193 ὃς
1380 2131 1430 2183 εί
1470 2134 1564 2186 καὶ
1610 2133 1711 2205 τῆς
1753 2133 1981 2208 βαρείας

402 2213 622 2285 ἐκείνης
647 2213 811 2286 ἔργον
827 2215 1068 2285 ἐγεγόνει
1086 2218 1484 2289 αἰχμαλωσίας,
1509 2222 1556 2254 ⁸⁷
1571 2223 1665 2277 καὶ
1696 2226 1795 2297 τῆς
1823 2229 1978 2300 ἐνεγ-

403 2304 608 2377 κούσης
637 2302 755 2376 εἶχε
785 2306 885 2378 τὴν
921 2307 1216 2363 Βαϐυλῶνα
1240 2351 1255 2373 ,
1313 2311 1409 2366 καὶ
1458 2314 1516 2367 ὲν
1557 2314 1763 2384 ἀδόξοις
1800 2319 1978 2376 ἐδόκει

400 2395 494 2450 διὰ
515 2397 617 2467 τῆς
651 2396 800 2469 ῶρας
825 2397 890 2451 τὸ
918 2399 1132 2467 ἀτελὲς,
1167 2401 1261 2454 καὶ
1305 2402 1754 2478 ἀπαρρησίαστος
1782 2409 1870 2465 διὰ
1915 2412 1977 2466 τὸ

402 2486 813 2573 έναπειλῆφθαι
848 2487 1123 2573 τοσούτοις
1172 2493 1401 2556 κακοῖς·
1444 2493 1565 2548 ἀλλ’
1607 2496 1672 2549 ὲκ
1725 2498 1820 2552 τοῦ
1880 2500 1979 2573 τὴν

402 2568 604 2641 ἀρετὴν
652 2570 1028 2642 ἐπιφέρεσθαι,
1079 2574 1176 2629 καὶ
1226 2575 1515 2649 φιλοσοφίᾳ
1569 2568 1980 2655 στοιχειωθῆναι

401 2661 503 2730 τὴν
529 2660 771 2733 πρώτην
801 2660 1051 2734 αὔξησιν,
1096 2665 1193 2719 καὶ
1238 2668 1510 2741 καρτερὸς
1536 2666 1677 2724 εἶναι
1710 2671 1810 2743 τὴν
1841 2674 1981 2744 γνώ-

406 2769 515 2823 μην
551 2755 647 2807 καὶ
686 2753 985 2827 ἀμϐριθὴς,
1013 2756 1073 2811 ἒν
1108 2757 1260 2829 αὐτῷ
1292 2757 1373 2830 τῷ
1399 2759 1551 2815 ἄνθει
1581 2761 1684 2833 τῆς
1728 2764 1977 2837 ἡλικίας,

400 2844 512 2899 τῶν
563 2845 815 2917 γηραιῶν
857 2847 1083 2903 εκείνων
1140 2849 1236 2904 καὶ
1290 2850 1706 2925 καθεστηκότων
1759 2854 1981 2929 ἔλεγχος

399 2936 681 2992 ὲδείκνιηο
721 2935 817 2990 καὶ
857 2938 1070 3010 κριτής.
1116 2938 1276 2993 um
1312 2940 1530 3012 μικρὸν,
1558 2942 1607 2996 εί
1635 2942 1805 3011 δοκεῖ,
1840 2945 1980 3017 πρὸς

400 3028 581 3101 ἀρχὴν
622 3028 988 3100 ἀναγαγόντες
1025 3029 1122 3084 τὸν
1149 3029 1326 3101 λόγον,
1359 3032 1559 3105 ἴδωμεν
1597 3033 1746 3099 ὅπως
1774 3034 1980 3108 ὑψηλὸν

400 3120 501 3174 καὶ
542 3120 829 3193 μακάριον,
862 3121 925 3176 τὸ
952 3121 1105 3191 φίλον
1133 3121 1398 3196 ὑπάρχειν
1424 3121 1565 3196 Θεῷ.

473 3209 594 3279 Τῆς
631 3211 840 3276 πόλεως
883 3211 987 3282 τῆς
1029 3210 1386 3286 Ἰερουσαλὴμ
1436 3213 1722 3287 κατάκραν
1767 3206 1847 3288 τῷ
1879 3232 1978 3270 που

398 3301 555 3373 λέμῳ
593 3301 745 3374 παρά
770 3303 880 3357 τῶν
932 3303 1233 3376 ’Δσσυρίων
1260 3303 1584 3377 ληφθείσης,
1615 3306 1671 3360 οἵ
1695 3320 1756 3360 τε
1782 3305 1834 3340 ⁸⁸
1861 3304 1987 3361 λαοϊ

399 3389 509 3445 τῶν
547 3390 821 3464 Ἑϐραίων
848 3392 944 3448 ἐπὶ
970 3392 1267 3448 Βαϐυλῶνα
1290 3393 1611 3468 διήχθησαν.
1635 3391 1765 3468 Εἶχε
1805 3395 1863 3450 δὲ
1886 3394 1980 3449 καὶ

398 3482 494 3536 τὸν
521 3483 794 3556 μακάριον
831 3483 1168 3558 Δανιὴλτῶν
1195 3484 1551 3558 δορυαλιῖπων
1593 3486 1896 3561 μειρακίων
1918 3486 1985 3540 “rb

400 3574 639 3646 πλῆθος,
682 3577 778 3630 καὶ
807 3576 1027 3649 διήγετο
1061 3577 1153 3631 επὶ
1185 3579 1286 3650 τῆς
1330 3577 1597 3651 πολεμίας
1639 3582 1770 3644 παῖς
1819 3580 1982 3633 εὐκα-

398 3666 761 3737 ταφρόνητος,
805 3669 1194 3740 κεκακωμένου
1221 3670 1395 3743 δήμου
1428 3670 1626 3744 μικρὸν
1655 3672 1750 3726 καὶ
1791 3671 1981 3727 πολλο-

399 3758 529 3811 στὸν
560 3758 835 3828 ἐφόλκιον,
881 3757 1007 3813 οὔτε
1049 3762 1204 3834 παρὰ
1235 3762 1349 3827 τοῖς
1390 3763 1683 3836 ὁμοφύλοις
1724 3764 1981 3840 ἀφορμὴν

397 3846 543 3918 ἔχων
588 3847 686 3902 τοῦ
726 3848 1015 3919 φαίνεσθαι
1037 3889 1052 3917 ,
1092 3849 1214 3906 οὗτε
1245 3852 1397 3926 παρά
1434 3855 1551 3919 τοῖς
1589 3855 1805 3929 ὲχθροτς
1842 3857 1984 3924 ἀξιό-

397 3938 559 4008 λογον
612 3939 709 3993 τοῦ
759 3940 997 4011 πολέμου
1036 3942 1390 4016 νομιζόμενος
1443 3944 1673 4020 κέρδος·
1723 3949 1938 4023 ἀφανὴς
1965 3990 1980 4018 ,

400 4028 610 4095 ἄδοξος,
643 4029 736 4085 διὰ
765 4031 866 4102 τὴν
914 4033 1132 4104 ἠλικίαν
1151 4074 1169 4101 ,
1202 4035 1290 4092 διά
1320 4037 1420 4110 τὴν
1453 4039 1744 4112 συμφοράν
1769 4056 1784 4071 ·
1833 4043 1983 4117 μόνῳ

399 4120 480 4191 τῷ
516 4121 699 4188 καλῶς
740 4122 987 4194 βλέποντι
1027 4126 1428 4200 καθορώμενος.

467 4212 607 4278 Θεὸς
626 4213 737 4288 γὰρ
760 4215 920 4287 μόνος
944 4215 1141 4271 ἔϐλεπε
1160 4217 1259 4292 τὴν
1291 4216 1541 4294 καθαράν
1570 4222 1666 4276 τοῦ
1693 4224 1981 4281 νεανίσκου

396 4306 604 4377 ψυχὴν,
624 4304 812 4378 ὥσπερ
843 4307 965 4362 τινά
998 4311 1345 4385 μαργαρίτην
1369 4314 1427 4366 ὲν
1453 4311 1755 4381 θαλαττίοις
1785 4316 1984 4391 όστράο

398 4415 522 4462 κοις
546 4397 907 4470 ἐνδεδεμένον,
943 4399 976 4472 ἢ
1010 4402 1212 4474 χρυσὸν
1268 4403 1328 4457 ὲν
1367 4404 1481 4469 τοῖς
1528 4405 1982 4474 κόλποιςὲνόντα

2003 3164 2048 3229 ο

2080 1939 2134 2013 in
2167 1942 2470 2011 argumenti
2497 1952 2702 2013 partem
2745 1943 3104 2013 propositum,
3140 1941 3359 1999 beatum
3395 1956 3460 1998 ac
3493 1941 3653 2013 plane

2080 2032 2374 2100 sapientem
2415 2031 2712 2097 Danielem,
2745 2041 2986 2087 tenerum
3033 2033 3231 2098 adhuc,
3287 2047 3352 2088 ac
3379 2032 3532 2088 valde
3557 2033 3652 2105 ju-

2078 2126 2291 2185 Venem,
2341 2122 2616 2178 seniorum
2660 2121 2920 2193 iudicem,
2976 2139 3040 2180 ac
3097 2121 3414 2197 prophetam
3480 2132 3652 2179 creat.

2079 2213 2398 2283 Quanquam
2429 2212 2572 2268 enim
2620 2212 2709 2268 ille
2757 2228 2844 2269 res
2880 2223 3001 2269 erat
3050 2215 3229 2288 gravis
3260 2214 3403 2271 illius
3435 2214 3656 2287 captivi-

2083 2304 2228 2369 tatis,
2261 2318 2323 2359 ac
2364 2304 2555 2375 patriae
2587 2305 2707 2361 loco
2757 2304 3081 2377 Babylonem
3132 2306 3389 2373 habebat,
3430 2305 3652 2361 videbar

2080 2403 2274 2465 turque
2303 2394 2372 2450 ab
2418 2396 2704 2453 immatura
2750 2407 2909 2454 aetate
2943 2397 3270 2469 despectior,
3313 2407 3479 2469 atque
3518 2412 3550 2451 a
3576 2407 3660 2470 tot

2080 2485 2237 2541 malis
2273 2485 2466 2542 ﬁducia
2501 2503 2697 2569 carens
2724 2505 2738 2544 :
2767 2491 2911 2560 quod
2959 2496 3138 2544 tamen
3164 2489 3366 2545 virtute
3399 2488 3658 2563 praditus

2081 2591 2247 2648 esset,
2309 2579 2609 2653 fuissetque
2660 2583 2833 2653 prima
2869 2580 3052 2638 statim
3105 2580 3447 2641 adolescente
3495 2585 3657 2633 astate

2080 2671 2418 2744 philosophia
2468 2673 2731 2741 eruditus,
2779 2690 2843 2731 ac
2890 2674 3071 2753 animo
3105 2671 3232 2727 forti
3284 2686 3349 2727 ac
3390 2666 3657 2726 constanti

2078 2762 2322 2835 polleret,
2352 2764 2406 2820 in
2442 2765 2559 2836 ipso
2587 2764 2765 2819 aetatis
2785 2761 2940 2832 ﬂore,
2969 2777 3160 2818 senum
3199 2759 3411 2817 illorum
3444 2774 3509 2815 ac
3532 2774 3657 2829 per-

2080 2855 2366 2923 fectorum,
2426 2855 2731 2933 redargutio
2779 2870 2842 2910 ae
2887 2854 3051 2926 judex
3108 2851 3330 2910 eﬂeetus
3381 2859 3488 2907 est.
3536 2848 3658 2907 Cm-
3735 2925 3745 2933 .

2084 2955 2257 3003 terum
2290 2930 2565 3007 modicum
2591 2945 2741 3018 quid,
2779 2943 2825 3001 si
2867 2942 3034 3010 lubet,
3077 2954 3397 3011 sermonem
3412 2939 3481 2995 ad
3509 2938 3660 3013 prin-

2079 3038 2280 3109 cipium
2318 3037 2656 3103 reducentes,
2690 3037 2967 3091 videamus
2995 3041 3054 3090 ut
3099 3034 3209 3089 Deo
3239 3030 3476 3089 amicum
3512 3044 3659 3099 esse,

2079 3127 2360 3183 sublimem
2388 3142 2450 3182 ac
2469 3128 2686 3183 beatum
2717 3133 2953 3197 prmstet.
3650 3190 3658 3203 .

2149 3214 2320 3287 Capta
2362 3216 2578 3288 penitus
2602 3230 2666 3271 ac
2700 3213 2842 3271 bello
2866 3221 3173 3284 expugnata
3203 3210 3272 3267 ab
3303 3208 3547 3281 Assyriis
3571 3206 3658 3263 ci-

2078 3310 2245 3364 vitate
2282 3304 2600 3373 Jerusalem,
2639 3304 2991 3362 Hebrteorum
3025 3318 3122 3375 per
3147 3302 3202 3359 id
3241 3312 3452 3373 tempus
3477 3298 3659 3372 populi

2080 3392 2407 3470 Babylonem
2455 3396 2698 3470 translati
2758 3404 2902 3459 sunt.
2952 3393 3120 3450 Porro
3148 3431 3163 3459 ,
3209 3392 3350 3448 inter
3393 3392 3656 3463 iuvenum

2082 3465 2415 3558 captivorum
2477 3465 2703 3547 turmas.
2760 3484 2952 3541 beatus
3012 3495 3231 3554 quoque
3283 3478 3470 3535 Daniel
3518 3493 3660 3539 unus

2082 3580 2202 3655 fuit,
2255 3580 2553 3654 agebatque
2607 3578 2660 3635 in
2722 3587 2868 3655 terra
2923 3576 3157 3639 hostium
3228 3571 3657 3647 contemptibilis

2082 3652 2236 3743 puer,
2272 3652 2457 3726 alilicti
2498 3668 2679 3742 populi
2728 3652 2919 3740 exigua
2959 3666 3202 3738 quaedam
3237 3680 3303 3721 ac
3350 3663 3659 3720 multesima

2084 3762 2375 3833 appendix,
2408 3760 2501 3832 qui
2533 3750 2717 3832 neque
2746 3761 2978 3817 haberet
3004 3773 3112 3829 quo
3143 3756 3286 3828 apud
3322 3755 3407 3813 sui
3445 3757 3661 3827 generis

2083 3853 2329 3909 homines
2392 3853 2570 3909 clarus
2622 3860 2788 3917 esset,
2850 3866 2950 3908 nec
3003 3850 3145 3921 apud
3198 3849 3384 3909 hostes
3451 3847 3659 3918 justum

2085 3942 2210 4000 belli
2256 3940 2483 4013 spolium
2522 3942 2825 4009 videretur;
2861 3943 3161 4008 obscurus,
3192 3938 3451 4015 inglorius
3522 3947 3661 3996 aeta-

2087 4037 2157 4095 tis
2182 4052 2243 4094 ac
2271 4030 2593 4094 calamitatis
2624 4034 2971 4107 praeiudicio;
3005 4049 3166 4105 quem
3194 4033 3342 4095 solas
3377 4033 3543 4105 probe
3575 4031 3658 4086 vi-

2084 4130 2220 4185 dens
2252 4127 2440 4183 oculus
2464 4125 2551 4182 ille
2585 4125 2944 4196 perspiceret.

2156 4219 2317 4277 Solus
2358 4206 2557 4291 quippe
2595 4218 2734 4274 Deus
2771 4232 2963 4288 purum
3014 4214 3371 4273 adolescentis
3404 4213 3664 4271 cernebat

2085 4296 2344 4378 animum,
2376 4309 2653 4381 margariti
2680 4307 2848 4363 instar
2867 4307 3092 4363 marinis
3115 4304 3312 4362 ostreis
3334 4304 3659 4374 implexum,

2086 4412 2180 4460 aut
2206 4405 2345 4460 sicut
2378 4416 2569 4457 aurum
2599 4400 2653 4454 in
2687 4408 2842 4455 terrae
2880 4399 3001 4453 sinu
3034 4398 3372 4477 repositum;
3419 4405 3478 4451 ut
3502 4394 3662 4455 deni-

398 4491 503 4562 τῆς
523 4491 630 4561 γῆς
649 4508 664 4523 ο
698 4492 774 4556 ὡς
811 4491 1030 4565 νύμφην
1054 4493 1327 4567 εὐπρεπῆ,
1375 4497 1489 4561 τοῖς
1518 4498 1982 4571 παραπετάσμασι

2089 4514 2194 4572 que
2233 4505 2478 4552 ornatam
2529 4506 2780 4564 sponsam
2813 4489 3114 4549 arcanioris
3150 4489 3372 4549 thalami
3412 4486 3663 4544 abditam

399 4584 503 4654 τῆς
526 4582 801 4661 mersae;
821 4584 1258 4657 καλυπτομένην.
1286 4587 1505 4660 Ἐπειδὴ
1533 4587 1590 4642 δὲ
1609 4584 1773 4662 ἦλθεν
1796 4589 1826 4642 ό
1852 4580 1991 4645 καθὲ

403 4678 555 4747 ήκων
593 4676 810 4748 καιρὸς,
858 4676 954 4731 καὶ
993 4676 1102 4731 ἔδει
1158 4678 1251 4733 τὸν
1298 4678 1675 4751 κρυπτόμενον
1730 4682 1986 4755 φανῆναι,

402 4765 683 4840 γνώριμον
707 4766 960 4836 γενέσθαι
991 4768 1084 4822 τὸν
1116 4768 1320 4840 ἀφανῆ,
1355 4768 1717 4840 περίϐλεπτον
1752 4771 1844 4825 τὸν
1888 4789 1989 4827 κα-

404 4858 859 4931 ταφρονούμενον,
888 4859 1100 4931 λάμψαι
1132 4860 1222 4916 τὸν
1258 4858 1335 4931 τῷ
1364 4861 1540 4934 σκότῳ
1563 4864 1664 4936 τῆς
1706 4864 1990 4936 συμφορᾶς

407 4952 812 5024 κεκρυμμένον,
845 4951 999 5023 ὀλίγη
1038 4950 1131 5006 τοῦ
1159 4938 1473 5026 Πνεύματος
1501 4952 1871 5026 ἐπιφοίτησις,
1895 4957 2005 5021 καὶ,

407 5046 625 5099 πάντων
660 5046 691 5098 ό
722 5043 981 5107 ταπεινὸς
1006 5042 1335 5116 ὑψηλότερος
1358 5061 1372 5074 ·
1402 5044 1582 5114 σοφὸς,
1613 5045 1642 5097 ὁ
1672 5046 1747 5117 μὴ
1767 5046 1989 5118 διαίρων

405 5136 470 5189 τὸ
495 5137 702 5206 στόμα·
729 5136 951 5209 ἔλεγχος
1004 5135 1426 5208 κρυπτομένων·
1465 5135 1658 5210 κριτὴς
1695 5132 1995 5204 δικαστῶν,¹

404 5229 435 5281 ό
463 5227 819 5291 ἀπαίδευτος·
862 5229 957 5280 ἐπὶ
994 5227 1182 5299 θρόνου
1213 5226 1523 5300 καθήμενος
1545 5227 1779 5302 ὑψηλοῦ,
1825 5232 1853 5284 ὁ
1881 5248 1987 5303 μηο

404 5317 552 5372 δέπω
580 5319 713 5391 μηδὲ
734 5319 1014 5391 ὑπηρέτης
1039 5319 1401 5392 δικαστηρίων
1426 5320 1740 5392 γενόμενος·
1767 5340 1980 5395 σωφρο-

408 5411 571 5484 σύνην
598 5413 1111 5485 συκοφαντουμένην
1137 5413 1367 5468 ἐκδικῶν
1400 5415 1429 5467 ὁ
1459 5413 1597 5480 νέος,
1646 5414 1815 5488 δῆμον
1846 5417 1983 5471 πλα-

406 5502 648 5575 νώμενον
678 5505 1045 5577 ἐπιστρέφων,
1068 5505 1247 5576 ψῆφον
1276 5504 1481 5568 πόλεως
1505 5504 1632 5577 ὅλης
1659 5507 1843 5572 κακῶς
1869 5510 1984 5562 ἐνε-

406 5595 625 5664 χθεῖσαν
673 5595 1130 5667 ἀνακαλούμενος.
1183 5596 1476 5650 Ἠκούσατε
1510 5596 1617 5670 γὰρ
1656 5598 1855 5670 ἀρτίως
1886 5599 1980 5652 τοῦ

507 5780 555 5809 ⁸⁷
585 5781 674 5834 lc.
709 5779 886 5836 κὰντὶ.
985 5781 1033 5811 η
1060 5782 1143 5855 ξ’σ·ι
1185 5783 1229 5835 οἱ
1259 5781 1397 5836 τότε.

1507 5780 1547 5813 ⁸⁵⁸
1591 5780 1760 5854 liicg.
1806 5796 1839 5847 ι,
1878 5780 2079 5853 i55qq.

2088 4587 2226 4645 velo.
2260 4584 2358 4643 Ubi
2385 4593 2564 4642 autem
2600 4590 2963 4654 opportunum
2988 4579 3218 4652 appetiit
3240 4589 3477 4651 tempus,
3493 4592 3657 4650 oporv

2089 4682 2295 4751 tuitque
2323 4688 2381 4734 ut
2424 4677 2517 4749 qui
2565 4675 2914 4732 delitescebat
2963 4673 3017 4728 in
3070 4671 3250 4744 palam
3291 4670 3658 4743 proferretur,

2085 4782 2148 4828 ut
2191 4773 2454 4828 obscurus
2506 4768 2597 4825 ille
2643 4777 2802 4825 notus
2858 4766 3146 4831 evaderet,
3209 4776 3269 4819 ut
3317 4772 3662 4833 contemptus

2086 4861 2407 4934 conspicuus
2463 4860 2648 4929 ﬁeret,
2702 4867 2763 4915 ut
2806 4857 3038 4931 denique
3085 4855 3177 4927 qui
3221 4855 3276 4910 in
3337 4852 3663 4910 calamitatis

2089 4954 2327 5011 tenebris
2378 4953 2726 5010 absconditus
2767 4950 2946 5009 fuerat
3001 4947 3310 5007 claritatem
3351 4945 3659 5016 acciperet;

2084 5046 2296 5102 modico
2333 5043 2498 5099 divini
2536 5043 2770 5115 Spiritus
2795 5041 2976 5097 alilatu
2997 5048 3160 5111 atque
3182 5036 3407 5108 illapsu,
3425 5036 3650 5092 humilis

2085 5137 2176 5194 ille
2231 5137 2499 5192 universis
2522 5135 2801 5217 sublimior
2824 5132 3041 5201 evadit;
3072 5130 3313 5202 sapiens,
3342 5129 3433 5199 qui
3463 5143 3565 5184 nec
3600 5143 3665 5189 os

2085 5230 2297 5302 aperire
2329 5238 2540 5300 posset;
2574 5228 2908 5285 occultorum
2943 5223 3278 5295 redargutio,
3304 5221 3550 5295 iudicum
3569 5221 3662 5293 ju-

2089 5316 2215 5385 dex,
2248 5317 2409 5372 homo
2439 5316 2623 5381 rudis;
2671 5312 2888 5372 sublimi
2917 5313 3055 5373 solio
3108 5313 3327 5379 sedens,
3360 5311 3450 5381 qui
3487 5322 3665 5380 neque

2092 5409 2438 5465 tribunalium
2469 5423 2701 5481 unquam
2727 5405 2973 5461 minister
3003 5405 3226 5472 fuisset;
3255 5404 3470 5475 juvenis
3491 5400 3658 5456 casti-

2094 5508 2256 5554 tatem
2308 5498 2579 5555 calumnia
2637 5496 2930 5566 appetitam
2981 5495 3285 5560 ulcisceus,
3337 5498 3663 5551 convertens

2092 5603 2364 5649 errantem
2404 5592 2690 5663 populum,
2745 5588 2880 5646 male
2918 5589 3080 5645 latam
3136 5585 3366 5646 civitatis
3396 5580 3662 5635 universae

2158 5782 2201 5813 τθ
2238 5780 2254 5834 l
2297 5779 2425 5849 llrg.
2472 5790 2589 5841 ιγι,
2642 5772 2698 5829 Η
2733 5789 2849 5847 sqq.
