4090 6146
398 362 506 418 245

1281 371 1569 432 HOMILIA
1604 379 1694 437 Vl.
1737 381 1805 437 ιΝ
1834 382 2194 445 DANIELEM'
2216 389 2304 450 ET
2333 392 2729 452 SUSANNAM.

3528 399 3631 453 ‘MG

391 478 522 584 λουο
579 479 836 557 Σωσάννῃ
869 485 950 551 δὲ,
1007 489 1132 553 τοὺς
1163 490 1393 562 ἀτίμους
1429 495 1710 568 γέροντας.
1769 499 1970 573 Τίθημι

2077 513 2286 562 tutores
2317 508 2617 575 constituo;
2655 510 2797 563 hanc
2837 507 3077 578 quidem,
3141 507 3448 574 muliebris;
3481 508 3630 565 illum

391 576 646 672 τούτους.
667 576 1050 672 παιδαγωγοὺς
1091 583 1447 657 σωφροσύνης
1468 602 1484 618 ⁶
1538 590 1639 661 τὴν
1695 592 1814 662 μὲν,
1873 597 1973 664 τῆς

2079 606 2279 664 autem,
2313 600 2555 654 virorum
2595 596 2889 672 juventutis
2921 618 2934 654 :
2969 600 3117 656 orbis
3167 609 3430 655 terrarum
3473 601 3632 654 Iumi-

391 663 746 755 γυναικείας·
781 667 871 720 τὸν
893 669 972 734 δὲ,
1009 672 1110 742 τῆς
1137 672 1245 728 τῶν
1273 675 1486 747 ἀνδρῶν
1515 678 1766 753 νεότητος
1788 696 1802 712 °
1833 663 1976 755 λαμ-

393 753 614 824 πτῆρας
632 756 730 828 τῆς
769 759 1111 832 οἰκουμένης,
1142 764 1277 836 ἄνθη
1305 765 1405 836 τῆς
1439 768 1804 836 ἀναστάσεως,
1850 753 1973 843 μοιο

395 843 510 934 χῶν
534 845 748 915 κριτὰς,
777 850 975 920 γάμων
1003 853 1282 925 ὲνθέσμων
1300 857 1567 925 φύλακας.
1591 861 1740 924 Τέως
1764 861 1821 915 δὲ
1845 880 1910 915 πε
1920 863 1974 934 ρὶ

400 933 570 1005 μόνην
605 936 996 1011 ἀσχολήσωμεν
1037 944 1138 1015 τὴν
1189 945 1340 1017 ἱεράν
1389 952 1620 1015 γυναῖκα
1651 949 1742 1004 τὸν
1775 933 1931 1020 λόγον
1955 975 1968 988 ·

379 1023 498 1076 ’νῦν
523 1024 629 1096 γὰρ
671 1027 704 1079 ό
756 1029 956 1101 Ἰωσὴφ
1005 1035 1300 1090 ἐπεισόδιόν
1335 1039 1452 1092 ἐστι
1507 1041 1603 1094 καὶ
1655 1041 1972 1116 παρενθήκη

403 1119 771 1190 σωφροσύνης,
802 1122 833 1173 ὁ
856 1121 1106 1197 σώφρων.

472 1209 689 1282 Ἐπειδὴ
719 1211 830 1283 γὰρ
857 1215 906 1266 oi
935 1215 1211 1286 γέροντες,
1243 1219 1320 1284 ὡς
1354 1221 1633 1292 ἐνόμιζον,
1683 1220 1830 1297 εἶχον
1872 1225 1972 1297 τὴν

400 1298 572 1370 θήραν
601 1301 733 1356 εἵσω
763 1303 1016 1370 δικτύων,
1040 1309 1401 1382 εἰσεπήδησαν
1432 1313 1490 1366 δὲ
1516 1317 1580 1368 ἐκ
1597 1315 1696 1384 τῆς
1727 1317 1970 1387 ἐνέδρας,

397 1391 474 1454 ὡς
497 1393 698 1447 αὐτίκα
725 1395 1040 1467 ληψόμενοι,
1058 1401 1153 1470 οὐχ
1182 1397 1340 1474 εὖρον
1364 1403 1542 1476 δειλὴν
1564 1405 1661 1477 τὴν
1691 1406 1971 1478 βελτίστην

400 1481 616 1551 ἔλαφον,
649 1484 764 1537 ἀλλ’
795 1487 1191 1561 ἀνθισταμένην
1230 1492 1322 1546 καὶ
1371 1495 1573 1559 αὐτοῖς,
1623 1497 1714 1550 xa‘t
1739 1497 1816 1568 τῷ
1843 1497 1972 1568 δρά-

400 1590 550 1626 κοντι
583 1574 662 1645 τῷ
702 1579 813 1630 τῶν
845 1581 1143 1650 γινομένων
1175 1585 1331 1654 αἰτίῳ
1367 1585 1696 1655 (ὀφιοκτόνον
1739 1587 1797 1640 δὲ
1834 1587 1970 1650 ζῶον

399 1667 434 1734 ἡ
463 1666 664 1736 ἔλαφος
683 1681 699 1696 ⁶
751 1671 846 1723 καὶ⁹
875 1671 1056 1736 καλῶς
1103 1668 1261 1746 εῦρεν
1290 1677 1321 1728 ό
1349 1675 1506 1744 λόγος
1535 1677 1632 1748 τὴν
1671 1679 1853 1732 είκόνα
1876 1678 1969 1732 τοῦ

399 1754 598 1826 ζώου)·
629 1759 1032 1830 παρεκάλεσαν,
1081 1765 1180 1817 οὐκ
1213 1764 1588 1836 ἠκούσθησαν⁴
1647 1768 1966 1839 ἠπείλησαν,

2077 689 2263 754 naria,
2309 691 2720 746 resurrectionis
2745 689 2938 758 liores;
2988 691 3349 747 adulterorum
3382 690 3632 761 judices,

2075 777 2439 847 legitimarum
2485 781 2792 849 nuptiarum
2839 782 3108 840 custodes.
3147 781 3364 837 interim
3403 795 3552 848 vero,
3581 782 3632 835 in

2075 880 2229 928 sacra
2258 867 2517 922 duntaxat
2538 866 2757 933 femina,
2793 875 2977 924 nostra
3004 880 3248 925 versetur
3268 868 3464 925 oratio.
3479 866 3634 923 Nunc

2074 956 2219 1013 enim
2249 964 2432 1013 castus
2456 956 2545 1011 ille
2579 955 2777 1028 Joseph
2800 967 2954 1014 extra
2979 968 3352 1031 argumentum
3380 973 3444 1018 ac
3472 957 3636 1015 cuti-

2077 1045 2203 1101 tatis
2230 1045 2571 1115 parenthesis
2598 1055 2702 1102 est.

2145 1219 2244 1276 Ubi
2278 1219 2421 1274 enim
2452 1234 2633 1288 senes,
2664 1222 2804 1292 quod
2839 1222 3054 1294 quidem
3090 1221 3512 1289 arbitrabantur,
3549 1221 3652 1278 in<

2076 1320 2158 1366 Ira
2193 1311 2332 1366 retia
2366 1313 2700 1368 venationem
2735 1324 3005 1375 tenentes,
3042 1327 3219 1384 exque
3249 1311 3462 1368 insidiis
3490 1354 3505 1381 ,
3539 1326 3637 1367 ceu

2078 1416 2202 1457 mox
2233 1404 2463 1471 capturi,
2493 1402 2781 1469 irruentes,
2813 1404 2945 1458 nihil
2978 1403 3393 1473 pulcherrimam
3421 1415 3635 1458 cervam

2070 1492 2319 1563 pavidam
2335 1493 2654 1548 invenerunt
2670 1495 2744 1560 ’⁸,
2771 1494 2862 1549 sed
2883 1494 2985 1549 illis
3016 1495 3219 1564 pariter
3239 1508 3301 1549 ac
3322 1491 3514 1548 fabulae
3539 1505 3637 1546 au-

2071 1582 2204 1637 ctori
2229 1583 2448 1638 draconi
2495 1583 2828 1639 resistentem
2854 1585 3038 1656 (porro
3067 1585 3246 1640 ferunt
3279 1595 3494 1640 cervam
3524 1583 3638 1638 ani-

2075 1674 2182 1728 mal
2206 1689 2334 1730 esse
2371 1675 2708 1747 serpentibus
2737 1677 2992 1743 noxium;
3029 1675 3252 1745 pulchre
3279 1687 3411 1730 vero
3433 1674 3641 1730 invenit

2075 1781 2254 1823 sermo
2289 1768 2541 1823 animalis
2568 1767 2883 1839 imaginem)
2927 1786 2940 1824 :
2971 1769 3084 1835 ubi,
3115 1768 3353 1836 inquam,
3380 1767 3638 1822 obsecra-

399 1847 463 1900 οὐ
495 1847 858 1920 meme”.
909 1853 1270 1924 Ἀμηχανοῦσι
1321 1855 1504 1912 λοιπὸν
1559 1861 1608 1912 oi
1649 1860 1970 1932 δυσέρωτες,

2075 1868 2219 1925 runt,
2251 1873 2349 1914 nec
2377 1859 2595 1914 fuerunt
2627 1859 2832 1925 auditi;
2868 1858 3180 1914 comminati
3211 1865 3357 1918 sunt,
3391 1870 3489 1910 nec
3518 1869 3648 1923 pera

403 1939 498 1991 καὶ
528 1938 620 1991 δύο
642 1943 752 2003 τοῖς
784 1942 1062 2012 μεγίστοις
1091 1945 1424 2017 συνέχονται,
1447 1949 1714 2024 ἀποτυχίᾳ
1739 1956 1839 2024 τῆς
1860 1953 1973 2007 ἐπι-

400 2029 618 2100 θυμίας,
654 2033 746 2086 καὶ
774 2033 925 2105 φόϐῳ
946 2035 1040 2091 τοῦ
1076 2036 1318 2108 ἐλέγχου.
1379 2038 1670 2096 Ῥάπτουσι
1725 2043 1781 2097 δὲ
1816 2062 1973 2099 συκο-

402 2123 650 2188 φαντίαν,
694 2126 887 2195 μιαραὶ
910 2126 1162 2194 κεφαλαὶ,
1195 2130 1287 2182 καὶ
1313 2129 1468 2185 λύσιν
1503 2130 1598 2185 τοῦ
1631 2132 1802 2188 κακοῦ
1846 2133 1972 2187 ἄλλο

400 2212 568 2264 κακὸν
593 2211 983 2285 ἐξευρίσκουσι,
1030 2217 1122 2270 καὶ⁵
1163 2220 1407 2289 μοιχείας
1453 2221 1715 2293 κάλυμμα
1773 2224 1972 2279 σκευά-

400 2301 580 2365 ζονται
607 2303 785 2371 φόνον.
836 2305 1183 2377 Ἀμαρτωλὸς
1209 2309 1339 2380 γὰρ,
1362 2310 1489 2364 ὅταν
1533 2313 1613 2375 είς
1665 2311 1842 2384 ἀρχὰς
1871 2317 1971 2385 ἐμ-

401 2389 545 2464 πέσῃ
575 2392 1080 2474 πλημμελημάτων,
1105 2395 1294 2468 ὥσπερ
1328 2400 1521 2472 σχοίνῳ
1547 2403 1612 2472 τῇ
1659 2403 1822 2476 ἀρχῇ,
1879 2407 1972 2460 καὶ

399 2483 500 2545 τὶς
540 2483 864 2549 ἀκολούθους
923 2487 1148 2559 ἀνομίας
1203 2489 1506 2560 ἐφέλκεται.
1545 2493 1658 2545 Καὶ
1681 2495 1974 2566 γεννητικὰ

399 2576 657 2647 τυγχάνει
685 2578 1008 2634 τῶν-καλῶν
1031 2581 1101 2635 τὰ
1137 2583 1310 2636 καλά’
1339 2583 1448 2636 τῶν
1497 2583 1554 2636 δὲ
1604 2585 1843 2654 φαύλων,
1905 2587 1975 2643 τὰ

401 2668 580 2737 ὅμοια.
607 2669 700 2723 Διὸ
731 2672 826 2724 καὶ
848 2671 943 2725 νῦν
983 2674 1141 2742 φόνος
1167 2676 1195 2728 ὁ
1215 2675 1428 2745 καρπὸς
1450 2676 1549 2747 τῆς
1577 2677 1819 2748 μοιχείας
1847 2678 1975 2733 ὑπο-

403 2757 712 2827 ϐλαστάνει,
740 2763 833 2815 καὶ
858 2764 1130 2836 συνέδριον
1155 2764 1296 2818 κατά
1341 2765 1576 2838 σπουδὴν
1604 2767 1862 2838 κάθηται,
1897 2769 1974 2834 ὡς

402 2851 498 2904 επὶ
525 2853 746 2924 μεγάλῳ
769 2856 870 2927 τῆς
894 2856 1160 2924 γυναικὸς·
1202 2858 1520 2930 ἀδικήματι,
1569 2860 1664 2914 καὶ
1716 2860 1974 2933 δημαγω-

403 2943 579 3008 γείται
616 2943 987 3015 πλῆθος,νθέαν
1008 2946 1129 3017 ἔχον
1162 2947 1260 3020 τὴν
1281 2949 1629 3021 κρινομένην.
1663 2951 1974 3024 Κατήγοροι

401 3031 459 3084 δὲ
481 3033 577 3088 καὶ
607 3034 854 3091 δικασταὶ
885 3039 936 3092 ei
983 3040 1168 3093 αὐτοί·
1206 3041 1300 3094 καὶ
1342 3042 1502 3096 πολιὰ
1567 3043 1974 3113 συκοφαντοῦσα

401 3120 709 3188 ἀξιόπιστος
739 3121 842 3198 ἦν*
871 3129 964 3181 καὶ
1014 3130 1200 3201 νεότης
1248 3133 1721 3204 συκοφαντουμένη
1770 3135 1836 3188 ὲκ
1876 3123 1976 3205 τῆς

403 3214 971 3288 κρατούσηςοὲπινοίας
994 3220 1395 3285 κατεδικὰζετο.
1429 3223 1611 3294 Δῆμος
1646 3223 1704 3278 δὲ
1746 3224 1973 3298 ἀναρρι-

401 3305 635 3372 πισθεὶς,
659 3309 750 3363 καὶ
779 3309 989 3374 παθὼν,
1020 3311 1048 3365 ὂ
1072 3312 1136 3385 δὴ
1176 3314 1405 3382 πάσχειν
1428 3313 1537 3366 ἀπὸ
1559 3315 1735 3386 ὁρμῆς
1759 3313 1972 3386 ἐμπλή-

400 3415 532 3451 κτου
560 3399 716 3454 εῐωθε
753 3401 942 3473 δῆμος,
981 3403 1280 3473 ἠγανάκτει
1305 3404 1714 3476 πεπλανημένος
1738 3448 1752 3474 ,
1783 3407 1879 3460 καὶ⁵

398 3493 544 3561 ὁρμῇ
570 3491 678 3544 τῶν
710 3493 978 3565 γερόντων
1003 3495 1420 3565 συνεξεφέρετοο
1451 3497 1628 3564 γονεῖς
1663 3495 1760 3568 τῆς
1797 3513 1975 3569 κρινο-

403 3580 576 3652 μένης
608 3580 896 3653 ὲθρήνουνυ
926 3585 1065 3654 ἀνὴρ
1087 3585 1185 3656 τὴν
1214 3585 1500 3657 συμφορὰν
1539 3584 1802 3658 ὠδύρετοο
1850 3589 1975 3641 πατ-

399 3672 490 3736 δες
514 3672 782 3738 ὠλόλυξον
805 3674 956 3730 ἔνθεν
989 3677 1082 3730 καὶ
1108 3677 1283 3742 ἐνθεν,
1320 3679 1420 3749 τῆς
1448 3680 1653 3752 μητρὸς
1704 3677 1975 3734 κινδυνευ-

400 3763 570 3834 ούσης
585 3765 964 3837 ἀπηρτημένοι
980 3784 994 3800 ·
1019 3768 1082 3823 τὸ
1109 3769 1266 3839 γένος
1291 3772 1358 3841 τῇ
1383 3770 1611 3842 αἰσχύνῃ
1646 3770 1972 3826 κεκάλυπτο.

401 3855 469 3908 υἱ
502 3855 560 3908 δὲ
584 3855 738 3910 καλοὶ
759 3857 1030 3925 δικασταὶ,
1068 3860 1116 3912 oi
1143 3861 1243 3932 τῆς
1289 3861 1640 3932 σωφροσύνης
1675 3860 1975 3932 σύμμαχοι,

403 3947 620 4018 σεμνῶς
647 3947 1069 4022 κεκαλυμμένην
1125 3951 1326 4022 ἱματίῳ
1381 3951 1537 4022 (οὐδὲ
1586 3952 1690 4024 γὰρ
1741 3954 1830 4006 ἐπὶ
1877 3954 1976 4024 τῆς

405 4038 720 4109 συγχύσεως
748 4041 859 4096 τῶν
899 4041 1084 4095 κακῶν
1141 4042 1340 4112 ἑαυτῆς
1392 4041 1702 4106 ἐπελάθετο,
1737 4042 1848 4107 ἕξιν
1875 4042 1976 4113 τῆς

402 4131 762 4203 κοσμιότητος
823 4132 1083 4206 ἔχουσα,)
1142 4133 1480 4206 γυμνοῦσθαι
1524 4135 1623 4204 τῆς
1672 4134 1976 4206 εὐπρεποῦς

402 4223 616 4294 σκέπης
641 4224 958 4291 ἐκέλευσαν,
981 4227 1068 4280 ἵνα
1089 4226 1147 4281 ὲν
1166 4225 1246 4297 τῷ
1275 4225 1611 4297 δικαστηρίῳ
1640 4225 1709 4278 τά
1733 4226 1830 4296 τῆς
1862 4242 1977 4297 μοιι

401 4314 554 4386 χείας
605 4317 1025 4388 ἐνεργάσωνται,
1079 4321 1148 4390 τῇ
1192 4318 1293 4390 θέᾳ
1327 4319 1428 4388 τῆς
1487 4317 1811 4388 κρινομένης
1877 4317 1976 4389 τὴν

403 4408 638 4478 αίσχρὰν
678 4408 970 4479 ἐπιθυμίαν
1016 4409 1604 4481 προσαναπαύσαντες·
1659 4407 1975 4463 ἐπετίθεσαν

2074 1955 2411 2014 terruerunt;
2435 1949 2688 2019 deinceps
2715 1949 2851 2017 jam,
2881 1948 3020 2003 maio
3048 1956 3218 2004 (nstro
3245 1944 3436 2018 perciti
3464 1946 3640 2000 homi-

2072 2053 2191 2109 nes,
2220 2041 2429 2098 consilii
2457 2041 2645 2112 inopes
2672 2040 2826 2105 iiunt,
2858 2054 2923 2095 ac
2945 2040 3203 2114 utrinque
3233 2037 3442 2094 duobus
3469 2035 3640 2092 maxi-

2073 2133 2176 2188 mis
2203 2141 2493 2203 snguntur,
2529 2133 2672 2204 quod
2715 2132 2824 2186 sint
2858 2131 3088 2186 iraudati
3137 2129 3425 2194 desiderio,
3471 2127 3640 2204 quod-

2072 2235 2178 2293 que
2215 2222 2436 2278 sceleris
2459 2222 2610 2292 argui
2635 2221 2864 2292 possint.
2886 2221 3061 2276 Suunt
3082 2229 3261 2276 autem
3293 2219 3636 2283 calumniam,

2073 2313 2302 2369 scelesta
2324 2313 2526 2384 capita,
2554 2328 2620 2369 ac
2668 2313 2794 2368 mali
2819 2312 3141 2369 solutionem
3167 2311 3312 2367 aliud
3331 2311 3641 2380 excogitant

2073 2404 2315 2471 malum,
2361 2404 2716 2476 vclamenque
2771 2405 3020 2460 mmchiaa
3095 2418 3282 2460 necem
3345 2403 3638 2458 instruunt.

2073 2493 2335 2550 Peccator
2358 2497 2525 2560 enim.
2553 2505 2838 2566 postquam
2867 2497 2920 2550 in
2951 2496 3123 2566 prima
3154 2495 3347 2551 delicta
3371 2494 3638 2555 inciderit,

2075 2597 2172 2639 ceu
2217 2581 2366 2648 fune,
2429 2585 2606 2654 primo
2643 2593 2900 2653 peccato,
2959 2584 3195 2653 reliquas
3250 2592 3641 2652 consequenter

2075 2672 2388 2742 iniquitates
2439 2674 2692 2740 attrahit;
2725 2681 2788 2729 ac
2841 2689 2970 2730 vero
3005 2674 3142 2730 bdua
3175 2673 3330 2729 bonis
3370 2674 3638 2740 oriuntur,

2074 2765 2231 2821 malis
2279 2773 2459 2820 autem
2513 2774 2877 2835 procreantur.
2926 2765 3144 2821 similia.
3177 2764 3446 2832 Quocirca
3497 2779 3642 2819 nunc

2075 2871 2288 2928 quoque
2325 2856 2574 2912 adulterii
2625 2856 2835 2912 fructus
2865 2857 3040 2912 cades
3073 2853 3443 2926 subgerminat
3463 2893 3480 2920 ,
3505 2853 3640 2908 cito-

2075 2963 2180 3020 que
2213 2963 2444 3020 ccu'pro
2477 2957 2672 3020 magno
2699 2947 2915 3004 feminal
2956 2947 3159 3005 scelere
3180 2987 3195 3015 ,
3237 2947 3523 3004 concilium
3555 2961 3641 3002 se-

2076 3041 2197 3103 det,
2235 3049 2307 3094 ac
2327 3039 2612 3094 multitudo
2640 3037 2904 3107 judicium
2950 3045 3284 3108 spectatura,
3338 3038 3392 3092 in
3422 3037 3642 3093 concio-

2078 3145 2201 3186 nem
2251 3140 2495 3186 vocatur.
2541 3131 2742 3196 Porro,
2802 3131 2966 3186 iidem
3017 3131 3118 3200 ipsi
3174 3138 3523 3186 accusatores
3576 3145 3641 3184 ac

2070 3222 2282 3293 judices
2315 3230 2502 3286 erant;
2535 3221 2804 3291 ﬁdemque
2829 3220 3154 3299 calumniam
3176 3229 3392 3275 struens
3416 3219 3648 3274 canities

2076 3311 2340 3376 habebat;
2369 3310 2620 3381 juventus
2651 3320 2842 3366 autem
2863 3310 3186 3365 calumniam
3208 3311 3420 3380 patiens
3439 3309 3512 3364 ab
3542 3309 3642 3364 ob-

2078 3404 2280 3459 tinente
2319 3401 2569 3471 opinione
2597 3400 2965 3471 praeiudicium
3017 3400 3246 3456 ferebat.
3284 3401 3366 3455 Ad
3401 3401 3517 3456 hare
3547 3415 3642 3455 ex-

2075 3496 2270 3552 citatus
2301 3491 2551 3564 p0pulus,
2573 3492 2735 3562 idque
2763 3491 2970 3562 patiens
2991 3530 3006 3557 ,
3045 3491 3287 3562 quod’ab
3309 3491 3509 3547 stolido
3535 3492 3640 3546 im-

2074 3593 2200 3657 petu
2253 3583 2476 3655 populus
2532 3584 2642 3653 pati
2675 3583 2837 3650 solet,
2884 3595 3071 3640 errore
3105 3584 3505 3654 indignabatur,
3554 3597 3644 3639 se-

2075 3692 2316 3746 numque
2336 3676 2594 3747 impetum
2629 3690 2733 3729 una
2756 3674 3106 3744 sequebatur.
3132 3674 3262 3732 Rea:
3281 3685 3412 3731 actae
3429 3675 3647 3730 femina!

2077 3779 2328 3840 parentes
2378 3768 2834 3834 lamentabantur,
2892 3766 3110 3837 lugebat
3153 3767 3381 3822 maritus
3435 3766 3640 3821 tristem

2075 3875 2260 3916 casum
2288 3858 2418 3928 ,iiiii
2473 3858 2600 3913 hinc
2647 3857 2772 3912 inde
2820 3859 2981 3911 matri
3012 3856 3068 3912 in
3122 3855 3363 3927 periculo
3405 3855 3642 3911 versanti

2079 3952 2371 4015 haerentes,
2406 3948 2633 4020 lugubre
2663 3948 2792 4019 quid
2815 3948 3280 4015 vociferabantur;
3315 3963 3484 4018 genus
3520 3948 3643 4001 uni—

2075 4057 2290 4099 versum
2320 4055 2430 4109 prae
2457 4040 2661 4109 pudore
2703 4038 3153 4096 abscondebatur.
3182 4037 3434 4093 Praeclari
3459 4047 3640 4091 autem

2077 4131 2151 4187 illi
2189 4131 2396 4202 iudices
2449 4143 2514 4185 ac
2570 4129 3158 4197 castitatis‘vindices,
3214 4129 3438 4186 honeste
3483 4127 3643 4198 pallio

2075 4225 2339 4280 obtectam
2389 4221 2591 4297 (neque
2627 4222 2770 4276 enim
2801 4220 2887 4274 vel
2923 4223 2976 4276 in
3031 4221 3295 4275 maiorum
3326 4219 3644 4274 confusione

2075 4314 2158 4369 sui
2189 4315 2304 4383 ipsa
2339 4311 2780 4374 obliviscebatur,
2800 4313 3100 4366 honestatis
3121 4309 3362 4364 habitum
3393 4309 3642 4379 habens,)

2077 4405 2304 4460 honesto
2352 4402 2612 4470 ejusmodi
2665 4409 2975 4472 legumento
3018 4400 3208 4454 nudari
3247 4398 3498 4468 iussere,
3535 4415 3643 4469 quo

403 4499 461 4552 δὲ
519 4500 614 4554 καὶ
640 4500 740 4564 τάς
774 4504 961 4575 χεῖρας
1010 4505 1076 4574 τῇ
1115 4502 1325 4573 κεφαλῇ
1359 4501 1416 4573 (ὃ
1459 4501 1524 4573 δὴ
1575 4499 1841 4572 σύμϐολον
1876 4501 1973 4573 τῆς

2079 4507 2175 4562 pro
2203 4490 2448 4546 mmchiae
2481 4489 2766 4553 tribunali,
2810 4488 3097 4544 mtechiam
3143 4497 3432 4556 operantes
3453 4531 3469 4555 ,
3495 4487 3640 4556 judi-

404 4591 784 4662 κατακρίσεως
823 4589 889 4664 ἦν
914 4592 956 4662 ),
1014 4593 1328 4665 χραίνοντες
1382 4591 1538 4662 σῶμα
1593 4592 1874 4663 καθαρὸν,
1920 4593 1968 4644 οἱ

370 4683 714 4759 οάκόλαστοι,
745 4687 814 4756 τῇ
842 4685 976 4756 ἀφῇ,
1009 4685 1103 4738 καὶ
1135 4685 1255 4739 κατ’
1289 4684 1474 4753 αὐτῆς.
1503 4683 1874 4755 ἐδημηγόρουν
1911 4681 1970 4738 τὸ

401 4773 615 4842 ψεῦδος,
642 4776 693 4828 οἱ
724 4775 878 4829 καλοὶ
903 4776 1001 4849 τῆς
1031 4774 1288 4846 ἀληθείας
1326 4773 1643 4845 προστάται.

483 5047 572 5109 Ὠς
595 5045 655 5100 δὲ
679 5047 710 5100 ό
738 5046 866 5111 λαὸς
893 5047 1131 5119 ὑπήχθη,
1156 5049 1251 5101 καὶ
1280 5049 1314 5118 ἡ
1351 5046 1530 5117 ψῆφος
1559 5044 1778 5116 ἠνέχθη,
1813 5043 1906 5097 καὶ
1938 5045 1970 5113 ἡ

404 5139 643 5210 τιμωρία
661 5137 891 5208 πλησίον
925 5135 1016 5210 ἦν,
1053 5139 1343 5210 ἀνέϐλεψεν
1372 5139 1491 5192 τότε
1530 5139 1563 5208 ἡ
1613 5151 1975 5204 συκοφαντου-

409 5227 544 5298 μένη
566 5229 702 5298 πρὸς
724 5228 816 5282 τὸν
843 5228 1110 5300 δικαστὴν
1137 5228 1244 5282 τῶν
1269 5229 1468 5300 κριτῶν
1492 5243 1506 5258 ·
1567 5227 1828 5298 ἐφέσιμον
1874 5225 1974 5295 τὴν

403 5319 560 5390 δίκην
590 5321 650 5384 ἐξ
669 5319 971 5394 ἀνθρώπων
1007 5322 1182 5393 ἤγαγε
1213 5321 1348 5392 πρὸς
1387 5321 1478 5374 τὸν
1509 5319 1644 5373 Θεόν
1664 5335 1680 5348 °
1713 5317 1977 5372 ἐπεκαλέ-

406 5429 536 5465 σατο
570 5413 633 5466 τὺ
662 5413 1095 5486 ἁπαραλόγιστον
1126 5413 1490 5484 δικαστήριον,
1546 5411 1640 5466 καὶ
1682 5412 1781 5465 οὐκ
1811 5410 1973 5483 ἐϐρά-

401 5505 616 5577 Save-af;
654 5505 900 5576 ἀλήθεια.
945 5503 1228 5575 Ἀνάστηθι
1274 5523 1362 5577 μοι
1395 5503 1598 5567 λοιπὸν,
1635 5496 1680 5556 ὦ
1737 5502 1972 5574 μακάριε

401 5592 622 5664 Δανιὴλ,
661 5595 756 5648 καὶ
801 5594 895 5648 νῦν
930 5595 1020 5648 ἐπὶ
1051 5594 1144 5649 τοῦ
1194 5595 1349 5664 λόγου
1379 5634 1392 5660 ,
1426 5593 1502 5658 ὡς
1542 5592 1832 5665 διηγέρθης
1878 5593 1970 5646 καὶ

474 5769 520 5801 ⁹²
551 5768 708 5825 Prov.
741 5789 796 5840 v,
834 5773 916 5830 l9.

2077 4583 2263 4638 cadas
2305 4581 2546 4637 mulieris
2599 4589 2820 4650 aspectu
2864 4588 3072 4648 turpem
3103 4577 3446 4648 cupiditatem
3485 4577 3642 4632 seda-

2078 4678 2232 4737 re'nt;
2277 4672 2371 4727 sed
2417 4681 2472 4726 et
2519 4686 2713 4726 manus
2765 4669 2928 4740 capiti
2971 4669 3310 4740 imponentes
3351 4668 3477 4739 (pro
3519 4669 3642 4724 latae

2077 4765 2318 4839 symbolo
2345 4763 2747 4833 damnationis),
2776 4761 3033 4816 mundum
3061 4760 3188 4816 illud
3215 4771 3436 4832 corpus,
3461 4761 3642 4831 impu-

2071 4858 2177 4914 dici
2208 4857 2451 4912 homines
2487 4862 2738 4912 contactu
2760 4853 3103 4923 polluebant;
3143 4865 3206 4907 ac
3237 4859 3427 4908 contra
3478 4866 3597 4906 eam
3623 4891 3640 4917 ,

2074 4947 2197 5004 belli
2221 4946 2462 5002 veritatis
2483 4944 2754 5015 pmidcs,
2773 4943 2964 4998 talsum
2981 4957 3077 5012 pro
3104 4942 3365 4998 concione
3392 4943 3640 4998 orabant.

2154 5038 2254 5095 Ubi
2301 5052 2484 5108 porro,
2501 5049 2757 5106 persuaso
2805 5033 3168 5105 populo,jam
3217 5034 3481 5090 sententia
3531 5035 3642 5091 lata

2079 5140 2222 5188 esset
2249 5167 2266 5192 ,
2313 5143 2378 5183 ac
2429 5140 2587 5196 pmna
2631 5127 2896 5190 instaret,
2933 5133 3060 5180 tunc
3109 5123 3431 5181 calumniam
3484 5140 3640 5196 passa

2081 5223 2274 5278 mulier
2307 5219 2373 5274 ad
2411 5220 2655 5289 judicum
2684 5219 2833 5273 illum
2875 5217 3114 5287 iudicem
3163 5218 3420 5288 aspexit:
3463 5233 3642 5276 causa

2082 5314 2455 5370 remissionem
2485 5313 2553 5365 ab
2591 5310 2902 5365 hominibus
2939 5309 2994 5364 in
3028 5309 3194 5364 Deum
3225 5311 3523 5366 transtulit.
3554 5311 3642 5363 in-

2080 5407 2291 5462 vocavit
2333 5403 2567 5458 tribunal
2595 5402 2720 5457 illud
2749 5403 2890 5471 quod
2923 5401 3032 5456 falli
3072 5402 3291 5470 nequit;
3317 5415 3417 5457 nec
3441 5401 3641 5456 veritas

2079 5499 2373 5569 quidquam
2413 5495 2667 5549 tardavit.
2697 5491 2776 5545 Tu
2817 5491 2945 5545 mihi
2981 5491 3095 5559 jam
3149 5505 3360 5561 quoque
3383 5529 3396 5552 ,
3425 5503 3460 5544 o
3488 5490 3641 5542 beate

2079 5588 2286 5656 Daniel,
2324 5602 2425 5657 qua
2459 5595 2584 5642 tunc
2619 5582 2830 5638 ratione
2874 5597 2901 5636 a
2937 5582 3139 5652 Spiritu
3171 5581 3438 5637 excitatus
3461 5589 3519 5632 cs
3543 5613 3556 5638 ,
3586 5577 3638 5630 in
