4090 6146
329 354 434 411 269

1253 357 1538 417 BUMlLlA
1576 364 1690 424 Vl].
1715 366 1786 423 IN
1821 367 2146 429 CJECUMA
2183 372 2623 431 NATIVlTA'l‘E.

3464 380 3570 439 250

328 473 698 568 ίξαφανίζειν,
726 475 919 540 παῖδας
933 476 1267 549 ἀμφιϐόλους
1283 481 1630 552 ἐργάζεσθαι.
1653 486 1717 538 0i
1737 502 1906 559 πρεσ-

2015 490 2236 547 lomilias
2275 493 2528 561 perdere,
2568 472 2767 549 dubias
2802 493 2977 561 proles
3011 493 3209 551 facerc.
3243 492 3350 550 Vos
3380 511 3571 568 senes,

328 567 510 637 ϐύται,
549 568 679 632 τοὺς
710 570 984 633 τοιούτους
1008 572 1276 640 μισήσαιτε
1309 574 1604 644 γέροντας⁶
1658 578 1708 631 οἱ
1746 578 1906 633 δυνά-

330 676 470 725 erat,
507 660 785 732 φοϐήθητε
833 660 942 715 τῶν
994 661 1199 733 κριτῶν
1254 665 1588 737 παρανόμων
1617 668 1680 722 τὸ
1716 669 1902 735 τέλος⁹

327 753 374 804 oi
400 751 535 817 νέοι,
569 751 882 822 μιμήσασθε
900 751 991 807 τὸν
1020 751 1316 827 ἡλικιώτην
1343 755 1434 811 τὸν
1461 756 1602 823 νέον,
1638 759 1702 813 ἵν’
1731 760 1906 825 οὕτως

327 842 566 914 ἑκάστης
588 841 808 915 ἡλικίας
840 845 920 906 είς
939 843 1031 897 τὸν
1060 842 1230 898 τύπον
1259 845 1367 900 τῶν
1395 847 1577 901 καλῶν
1604 850 1907 920 μορφωθεί-

332 949 451 1002 σης,
510 932 571 985 τὸ
617 935 727 986 πᾶν
759 933 1036 1005 πλήρωμα
1083 935 1185 1006 τῆς
1236 936 1563 1006 Ἐκκλησίας
1616 939 1768 1008 ἅγιον
1810 941 1906 993 καὶ

305 1023 618 1093 ,εὐδόκιμον
638 1024 885 1095 γένηται,
919 1027 979 1078 ἐν
1026 1025 1247 1097 Χριστῷ
1273 1026 1352 1096 τῷ
1382 1028 1597 1100 Σωτῆρι
1617 1028 1811 1099 ἡμῶν⁸
1858 1022 1906 1098 ᾧ

331 1114 533 1185 πρέπει
558 1112 706 1179 δόξα,
734 1114 956 1184 κράτος,
985 1116 1141 1188 τιμὴ,
1186 1117 1283 1170 σὺν
1310 1116 1390 1187 τῷ
1432 1118 1752 1192 συνανάρχῳ
1793 1121 1908 1174 Πα-

329 1206 442 1275 τρὶ,
473 1204 568 1257 καί⁵
595 1202 676 1274 τῷ
708 1204 962 1275 παναγίῳ
1015 1207 1110 1259 καὶ
1138 1206 1388 1278 Cum-toth
1436 1207 1750 1280 Πνεύματι,
1809 1210 1906 1266 νῦν

331 1297 426 1351 καὶ
452 1296 562 1361 ἀεὶ,
583 1296 679 1350 καὶ
705 1296 786 1360 είς
813 1295 942 1361 τοὺς
969 1294 1172 1361 αίῶνας
1194 1296 1305 1352 τῶν
1339 1298 1571 1355 αἰώνων.
1620 1301 1811 1373 Ἀμήν.

1088 1432 1164 1485 Z'.

666 1522 775 1586 Ε’ίς
812 1521 919 1575 τὸν
948 1520 1018 1575 ἐκ
1051 1523 1285 1590 κοιλίας
1312 1528 1568 1596 τυφλόν.

409 1632 757 1704 Ἦκούσαμεν
788 1633 990 1704 ἀρτίως
1025 1633 1121 1689 τοῦ
1156 1636 1273 1690 υίοῦ
1314 1638 1414 1709 τῆς
1448 1638 1678 1713 βροντῆς
1722 1639 1906 1696 Ἰωάν-

327 1740 445 1786 νου,
484 1723 684 1795 μᾶλλον
713 1724 772 1777 δὲ
815 1725 907 1779 τοῦ
940 1725 1098 1795 ἁγίου
1129 1722 1468 1798 Πνεύματος,
1495 1730 1591 1784 τοῦ
1624 1731 1715 1785 τὸν
1751 1731 1909 1786 ἁλιέα

2003 597 2162 638 senes
2203 583 2294 653 qui
2340 582 2475 638 tales
2528 583 2638 637 sint
2708 583 2833 639 odio
2903 584 3133 653 habete;
3191 584 3570 657 magistratus,

2005 673 2313 742 iniquorum
2337 672 2577 743 indicum
2606 672 2765 728 tinem
2796 672 3018 728 timete:
3039 674 3285 745 juvenes,
3312 674 3568 745 aequalem

2004 763 2155 819 vobis
2182 762 2434 833 juvenem
2465 762 2772 828 imitamini,
2802 776 2908 832 quo
2933 765 3014 819 sic
3039 765 3184 820 omni
3212 766 3381 821 aetate
3398 766 3450 820 in
3476 766 3573 823 bo-

2004 869 2196 909 norum
2240 854 2469 908 formata
2502 863 2687 924 typum
2706 893 2722 919 ,
2752 852 3006 911 Ecclesiae
3033 867 3206 913 coetus
3231 857 3412 915 omnis
3443 872 3569 913 sane
3632 872 3643 878 ί

2004 953 2122 1001 ctus
2142 958 2206 1000 ac
2232 945 2490 1014 probatus
2517 943 2801 1012 eﬂiciatur,
2838 946 2891 1001 in
2922 945 3135 1004 Christo
3170 947 3449 1005 Salvatore
3476 963 3572 1004 no-

2003 1043 2145 1100 stro;
2203 1049 2362 1103 quem
2419 1040 2573 1090 decet
2624 1036 2828 1104 gloria,
2871 1045 3111 1105 potestas
3138 1077 3154 1102 ,
3202 1038 3395 1106 honor,
3448 1053 3569 1115 cum

2007 1123 2170 1182 Patre
2196 1138 2470 1183 coaeterno
2486 1167 2502 1193 ,
2527 1126 2978 1198 sanctissimoque
3002 1142 3067 1183 ac
3092 1129 3304 1185 viviﬂco
3333 1129 3534 1199 Spiritu
3550 1168 3573 1195 ,

2006 1231 2151 1274 nunc
2181 1225 2237 1272 et
2258 1232 2492 1288 semper,
2523 1228 2575 1275 et
2608 1219 2660 1274 in
2692 1221 2887 1275 satCula
2918 1217 3264 1275 smculorum.
3305 1219 3498 1274 Amen.

2740 1433 2848 1490 VII.

2370 1527 2439 1584 In
2461 1545 2654 1585 meum
2675 1547 2706 1584 ο
2733 1530 2999 1595 nativitate
3022 1529 3067 1563 "
3089 1529 3222 1601 (57).

2074 1641 2392 1699 Audivimus
2430 1642 2589 1698 modo
2627 1643 2807 1699 divina
2850 1643 3015 1712 plane
3042 1657 3109 1698 ac
3130 1640 3379 1697 sublimia
3414 1652 3577 1710 argu-

2010 1742 2194 1787 menta
2249 1734 2472 1789 tonitrui
2518 1734 2614 1789 illii
2672 1733 2936 1798 Joannis,
2980 1748 3074 1789 seu
3127 1732 3307 1801 potius
3338 1730 3577 1800 Spiritus

328 1814 428 1868 καὶ
464 1814 832 1887 χειροτέχνην,
872 1817 1193 1889 συγγραφέα
1236 1818 1330 1871 καὶ
1380 1817 1716 1892 λογογράφον
1744 1824 1910 1897 ἐργα-

2015 1825 2221 1890 sancti,
2249 1826 2341 1896 qui
2385 1828 2632 1881 eumdem
2665 1840 2734 1882 ex
2761 1827 3035 1897 piscatore
3068 1839 3133 1881 ac
3171 1821 3409 1879 mannsli
3444 1823 3580 1877 arti-

328 1905 570 1975 σαμένου
622 1904 782 1959 θείων
822 1905 991 1971 ὅντως
1026 1907 1119 1959 καὶ
1155 1907 1374 1979 ὑψηλῶν
1414 1909 1742 1981 ὑποθέσεων.
1785 1911 1903 1977 Ἐξ-

325 1997 607 2067 ηγήσαντυ
642 1996 752 2067 γὰρ
791 1999 922 2069 ἡμῖν
953 1999 1154 2071 πολλὴν
1193 2000 1287 2054 καὶ⁸
1322 2001 1538 2073 μακρὰν
1564 2000 1660 2055 τοῦ
1702 2003 1908 2075 Κυρίου

325 2085 584 2153 διάλεξιν,
616 2087 687 2141 δι’
723 2084 793 2161 ἧς
834 2090 926 2143 τὸν
957 2090 1156 2162 ἀπειθῆ
1200 2090 1326 2145 λαὸν
1364 2091 1458 2146 καὶ
1502 2092 1784 2165 δυσήκοον,
1810 2092 1910 2165 τὴν

325 2178 419 2232 τοῦ
453 2179 668 2251 Πατρὸς
717 2179 809 2233 καὶ
851 2178 981 2234 Υίοῧ
1018 2179 1349 2250 θεογνωσίαν
1377 2183 1650 2248 ἐπαίδευε,
1686 2183 1784 2254 τῆς
1815 2200 1911 2255 μοι-

325 2271 596 2342 ναρχικῆς
628 2271 836 2335 ἑννοίας
886 2272 998 2326 τῶν
1031 2272 1307 2345 Ἐϐραίων
1343 2274 1573 2343 ἀπάγων
1599 2275 1725 2339 τοὺς
1763 2274 1910 2345 λογιυ

328 2363 530 2433 σμοὺς,
563 2360 795 2430 ἀνοίγων
826 2361 883 2414 δὲ
920 2361 1105 2426 αὐτοῖς
1148 2362 1244 2433 τὴν
1267 2362 1437 2436 θύραν
1463 2362 1568 2433 τῆς
1597 2363 1818 2435 χαρίτος
1845 2362 1912 2416 ἐκ

325 2451 428 2520 τῆς
461 2451 691 2521 νομικῆς
719 2450 1093 2522 παραδόσεως,
1124 2453 1221 2505 καὶ
1250 2452 1387 2535 πρὸς
1414 2453 1515 2524 τὴν
1545 2452 1754 2525 Καινὴν
1779 2455 1907 2507 Δια-

324 2542 507 2614 θήκην
539 2544 604 2596 ἐκ
625 2543 725 2613 τῆς
749 2543 993 2607 Παλαιᾶς
1022 2544 1303 2616 ἠρεμαίως
1339 2545 1508 2614 ἄγων,
1549 2545 1626 2609 ὡς
1659 2545 1756 2617 τῆς
1786 2546 1913 2616 ὲρήά

332 2651 438 2703 μου
467 2634 732 2705 πρότερον
757 2635 851 2690 ἐπὶ
873 2636 973 2707 τὴν
1005 2636 1110 2706 γῆν
1145 2634 1292 2707 [τὴν]
1316 2635 1579 2690 πλουσίαν
1604 2637 1697 2688 καὶ
1720 2634 1915 2708 εὔκαρ-

326 2740 455 2779 πον.
498 2725 639 2778 Ἀλλ’
676 2726 827 2797 ὅμως
864 2726 1172 2790 δεικνύντος
1202 2722 1367 2780 αὐτοῦ
1403 2725 1664 2790 ποικίλως
1694 2727 1789 2780 καὶ
1812 2726 1912 2797 τὴν

330 2815 474 2869 ἰδίαν
510 2815 769 2889 ὓπαρξιν,
809 2816 886 2880 ὡς
932 2817 1256 2891 προαιώνιος
1283 2816 1540 2889 ὑπάρχει,
1575 2817 1668 2871 καλ⁵
1708 2818 1796 2872 ἀεὶ
1833 2816 1912 2889 τῷ

326 2908 509 2979 Πατρὶ
549 2907 894 2979 συνημμένη,
935 2910 1032 2962 καὶ
1065 2908 1364 2982 διαρρήδην
1411 2911 1528 2972 τοῖς
1572 2908 1777 2978 κωφοῖς
1820 2911 1914 2980 ὲμ-

324 2999 597 3064 ϐοῶντος·
652 3000 790 3072 Πρὶν
853 3000 1105 3073 ’Δϐραάμ
1149 3002 1402 3070 γενέσθαι
1450 3000 1562 3072 ἐγώ
1599 3004 1744 3074 είμιο
1787 2999 1911 3056 οὔτε

320 3090 420 3144 τοῦ
479 3090 640 3159 λόγου
692 3091 952 3163 μαθόντες
997 3093 1097 3164 τὴν
1148 3093 1409 3165 δύναμιν,
1456 3087 1583 3148 οὔτε
1631 3092 1721 3147 διά
1765 3080 1910 3159 τινος

318 3160 704 3254 ἐπιστήμονος
732 3160 1104 3256 ἀντιρρήσεως
1131 3184 1193 3238 τὸ
1224 3160 1301 3257 μή
1342 3183 1678 3257 παραδεχθὲν
1705 3184 1911 3254 διελέγ-
1935 3160 1985 3218 α

323 3274 546 3340 ξαντες,
580 3276 674 3328 ἐπὶ
718 3277 845 3340 τοὺς
885 3275 1068 3340 λίθους
1108 3276 1229 3331 ἀντὶ
1271 3275 1381 3329 τῶν
1426 3275 1600 3345 λόγων
1639 3273 1913 3347 ὲχώρουνο

321 3367 423 3422 καὶ
486 3365 771 3439 πόρρωθεν
828 3366 924 3420 τοῦ
985 3366 1220 3439 σταυροῦ
1269 3366 1370 3432 τάς
1422 3364 1673 3436 ’φονικὰς
1725 3368 1915 3438 χεῖρας

321 3458 470 3531 πρὸς
510 3458 612 3528 τὴν
658 3458 971 3529 μιαιφονίαν
1003 3457 1328 3531 ἐγύμναζον.
1372 3456 1431 3511 '0
1474 3455 1531 3510 δὲ
1570 3457 1759 3531 κρίνας
1787 3474 1918 3511 παν.

320 3548 503 3621 ταχοῦ
540 3549 906 3622 μακροθύμως
948 3544 1091 3621 ἔχειν
1132 3550 1269 3623 πρὸς
1315 3549 1406 3603 τὸν
1438 3548 1716 3620 ὑϐριστὴν
1747 3547 1916 3619 δῆμον

320 3641 419 3696 καὶ
458 3640 808 3713 βλάσφημον,
851 3640 1120 3707 ἐξέκλινεν
1152 3640 1331 3696 αὐτῶν
1364 3640 1463 3713 τὴν
1491 3638 1660 3713 ὀργὴν
1696 3639 1790 3695 καὶ
1823 3639 1916 3694 τὸν

323 3729 586 3803 θόρυϐον·
631 3731 694 3783 οὑ
728 3730 1000 3794 ταπεινῶς
1033 3729 1468 3802 ἀποδιδράσκων,
1498 3728 1635 3784 ἀλλά
1674 3727 1871 3793 θεϊκῶς
1897 3745 1912 3760 ·

321 3824 380 3893 ὃς
406 3827 475 3879 ὲν
506 3822 657 3895 μέσῳ
710 3839 771 3876 τε
805 3823 1067 3894 εἱστήκει,
1095 3822 1190 3876 καὶ
1217 3820 1615 3894 ψηλαφώμενος
1636 3820 1738 3875 οὐκ
1768 3820 1919 3876 ἐϐλέ-

322 3931 492 3979 πετο,
538 3915 634 3968 καὶ
680 3916 794 3977 τοῖς
838 3913 1229 3985 φλεγμαίνουσι
1299 3910 1764 3985 προστριϐόμενος
1819 3911 1919 3983 οὐχ

324 4008 579 4079 ἑωρᾶτο·
630 4005 748 4059 ἀλλ’
790 4006 1118 4077 εἱστήκεσαν
1152 4005 1317 4070 ὲνεοὶ,
1356 4004 1558 4077 τῇμὲν
1602 4002 1919 4075 προαιρέσει

326 4097 661 4167 φανοῦντεςλ,
694 4097 926 4152 καθότου
967 4098 1025 4151 δὲ
1047 4096 1147 4169 τὴν
1189 4095 1359 4170 ὀργὴν
1390 4093 1839 4168 ὲκπληρώσουσιν
1861 4092 1912 4170 ’ἒ
1962 4086 1967 4092 ’

323 4189 427 4261 οὐχ
498 4187 879 4260 εὑρίσκοντες·
932 4189 1109 4259 ὅμοιοι
1161 4168 1451 4258 θηνρευταϊς
1500 4184 1768 4256 ἀπείροις,
1824 4168 1918 4251 οἶ,

324 4282 561 4336 ἐπειδάν
586 4282 694 4352 πρὸ
717 4279 910 4354 καιροῦ
933 4279 1032 4353 τὴν
1059 4278 1232 4350 θήραν
1252 4277 1685 4349 ἀποσοϐήσουσιν
1706 4276 1774 4344 ⁸⁷,
1789 4276 1921 4329 ὑπο-

321 4372 657 4445 δραμούσης
704 4373 804 4445 τῆς
848 4371 1053 4442 ἐλάφου
1100 4370 1309 4442 λόχμην
1351 4368 1511 4436 τινὰ,
1558 4369 1673 4448 καὶ.
1699 4366 1920 4438 ἀφανῶς

2009 1914 2141 1977 tice,
2194 1915 2511 1984 scriptorem
2552 1928 2621 1970 ac
2663 1921 2936 1970 oratorem
2968 1911 3164 1970 etl'ccit.
3209 1909 3415 1980 Quippe
3440 1906 3582 1964 mul-

2011 2010 2118 2079 tam
2149 2002 2304 2057 nobis
2336 2017 2402 2058 ac
2426 2003 2692 2072 prolixam
2721 2012 3049 2059 enarrarnnt
3086 2000 3307 2058 Domini
3330 1999 3579 2070 disputa-

2010 2092 2239 2158 tionem,
2272 2108 2376 2164 qua
2411 2094 2477 2159 is,
2512 2094 2581 2149 ab
2616 2092 2966 2150 Hebraeorum
3006 2092 3239 2163 cogitata
3266 2089 3599 2147 ωλι-ὠίε-

2010 2180 2219 2236 animos
2241 2181 2533 2247 abducens,
2561 2193 2938 2241 contumacem
2964 2197 3032 2238 ac
3058 2179 3585 2250 incredulum-popn-

2008 2270 2119 2325 lutn
2167 2270 2347 2324 divina
2387 2271 2565 2327 Patris
2608 2287 2673 2327 ac
2709 2270 2832 2327 Filii
2875 2270 3103 2329 scicntia
3144 2270 3417 2336 erudiret;
3455 2284 3584 2340 por-

2012 2372 2118 2418 tam
2146 2362 2225 2417 eis
2257 2362 2445 2430 gratiae
2479 2379 2510 2418 a
2533 2361 2693 2431 legali
2723 2362 3013 2419 traditione
3044 2363 3316 2434 aperiens,
3352 2363 3583 2418 sensim-

2009 2446 2119 2523 que
2174 2468 2204 2508 a
2233 2452 2413 2509 Veteri
2452 2455 2521 2508 ad
2563 2452 2775 2513 Nevum
2809 2454 3238 2520 Testamentum,
3264 2455 3422 2513 velut
3453 2453 3583 2515 olim

2010 2559 2041 2599 a
2071 2544 2286 2599 deserto
2311 2544 2378 2598 ad
2403 2543 2628 2600 divitem
2658 2544 2803 2599 illam
2844 2560 2909 2599 ac
2938 2544 3184 2613 frugibus
3222 2545 3582 2600 uberem.tcr-

2010 2653 2157 2703 ram,
2187 2636 2412 2694 ducens.
2453 2636 2722 2694 Caeterum
2772 2637 2898 2692 dum
2928 2639 2976 2693 is
3020 2638 3169 2693 varie
3209 2645 3585 2707 prteanernam

2010 2743 2161 2783 suam
2209 2728 2616 2797 exsistentiam,
2661 2742 2725 2783 ac
2776 2720 2926 2787 Patri
2973 2741 3189 2801 semper
3239 2725 3584 2795 coniunctam

2012 2818 2239 2888 probat,
2288 2833 2355 2873 ac
2397 2819 2598 2874 diserte
2638 2818 2799 2874 caecis
2846 2815 3101 2873 inclamat
3153 2831 3278 2875 esse
3328 2831 3391 2872 se
3456 2823 3587 2873 ante

2012 2908 2285 2963 Abraham
2322 2909 2400 2977 ”;
2432 2908 2567 2963 nihil
2597 2907 2672 2963 illi
2716 2908 2987 2964 sermonis
3031 2916 3314 2978 perspecta
3349 2906 3584 2970 virtute,

2013 2999 2265 3071 nullaque
2292 2999 2428 3056 scita
2465 3000 2893 3056 contradictione
2945 3000 3092 3070 quod
3142 2999 3347 3056 dictum
3385 2999 3587 3069 impro-

2012 3091 2216 3147 babant
2258 3100 2658 3161 coarguentes,
2719 3092 3006 3146 verborum
3061 3090 3181 3146 loco
3257 3089 3326 3144 ad
3379 3088 3590 3161 lapides

2014 3182 2417 3253 confugiebant,
2458 3178 2540 3238 ac
2563 3182 2652 3237 diu
2681 3188 2808 3236 ante
2831 3168 3047 3237 crucem
3074 3195 3269 3235 manus
3289 3179 3588 3235 homicidas

2017 3276 2083 3329 ad
2122 3274 2321 3329 caedem
2349 3273 2695 3328 exercebant.
2721 3271 2817 3327 Cui
2848 3285 2976 3326 vero
3012 3271 3209 3340 ubique
3233 3269 3587 3326 constitutum

2015 3370 2157 3419 esset
2205 3368 2264 3418 ut
2315 3364 2384 3417 ad
2409 3361 2861 3418 contumeliosum
2902 3374 2967 3415 ac
3003 3359 3376 3431 hlasphemum
3425 3373 3590 3430 popu-

2016 3455 2124 3511 lum
2150 3454 2534 3525 longanimiter
2576 3452 2842 3516 haberet,
2890 3466 3074 3508 eorum
3112 3449 3405 3506 declinavit
3452 3449 3587 3515 iram

2017 3558 2179 3620 atque
2208 3547 2494 3603 tumultum
2523 3587 2539 3613 ,
2605 3540 2976 3612 non'humili,
3013 3543 3110 3607 sed
3141 3543 3319 3599 divina
3351 3541 3588 3613 quadam

2017 3639 2229 3711 fugiens
2271 3638 2482 3695 ratione
2509 3657 2524 3695 :
2554 3637 2648 3711 qul
2692 3638 2904 3697 medius
2936 3645 3091 3693 stans
3112 3676 3130 3703 ,
3161 3650 3226 3692 ac
3246 3649 3375 3705 cum
3405 3633 3590 3705 palpa-

2017 3740 2190 3795 retur,
2221 3745 2325 3785 non
2351 3738 2706 3797 cerneretur;
2741 3716 3073 3798 versarisque
3117 3741 3241 3782 cum
3269 3725 3347 3780 ira
3376 3732 3585 3797 tumen-

2022 3822 2163 3878 tibus
2187 3860 2205 3891 ,
2244 3836 2353 3876 non
2384 3820 2681 3877 videretur.
2717 3819 3004 3877 Steterunt
3034 3830 3166 3895 vero
3212 3815 3288 3870 illi
3332 3812 3544 3870 attoniti
3572 3848 3591 3878 ,

2019 3914 2183 3971 animi
2228 3913 2443 3987 quidem
2478 3910 2758 3985 proposito
2810 3913 2865 3968 in
2898 3911 3101 3968 caedem
3154 3908 3388 3975 intenti,
3444 3906 3593 3963 haud

2021 4018 2201 4064 tamen
2269 4006 2603 4062 invenientes
2656 4019 2760 4075 qua
2814 4003 3024 4060 ratione
3072 4002 3215 4058 iram
3270 3998 3583 4071 explerent;

2019 4098 2152 4155 nihil
2183 4097 2530 4154 venatoribus
2575 4095 2840 4168 imperitis
2886 4093 3196 4160 absimiles,
3230 4091 3322 4161 qui
3363 4103 3593 4161 ιιι-ωσπερ

2022 4188 2198 4246 turius
2243 4190 2504 4245 suscitata
2568 4203 2633 4242 ac
2683 4182 3212 4262 submotypraeda,
3266 4179 3592 4248 suﬂ'ugiente

2020 4268 2185 4336 cervo
2216 4281 2268 4334 in
2294 4283 2473 4335 lucum
2500 4277 2757 4348 aliquem,
2790 4290 2855 4331 ac
2877 4270 3179 4330 clanculum
3207 4283 3426 4340 egresso
3449 4307 3468 4336 ,
3509 4276 3590 4323 te-

2023 4384 2173 4426 mere
2203 4383 2299 4440 per
2341 4367 2535 4423 saltum
2581 4373 2806 4433 errant,
2844 4361 3132 4419 molestum
3170 4374 3307 4416 onus
3352 4358 3487 4415 retia
3515 4358 3592 4414 t'e-

320 4462 683 4535 ἐξελθούσης.
715 4464 838 4535 είκῆ
878 4462 1188 4517 πλανῶνται
1233 4459 1374 4516 κατά
1402 4459 1500 4531 τὴν
1530 4458 1728 4530 νάπην,
1757 4457 1917 4528 ἄχθος

2026 4470 2229 4526 rentes,
2260 4458 2578 4530 frustraque
2606 4470 2791 4512 secum
2821 4452 3028 4510 catulos
3061 4450 3358 4509 trahentes.

327 4557 637 4630 περίεργον
666 4554 739 4609 τὰ
778 4555 972 4610 δίκτυα
1000 4554 1278 4627 φέροντες,
1301 4552 1395 4607 καὶ
1421 4551 1598 4623 μάτην
1625 4549 1752 4614 τοὺς
1786 4546 1917 4602 σκύ-

326 4649 515 4712 λακας
541 4648 918 4718 ἐφελκόμενοι.

418 4739 571 4810 Ἐγὼ
597 4739 687 4804 δὲ,
720 4739 771 4792 εί
805 4739 902 4793 καὶ
938 4737 1007 4791 τά
1049 4735 1185 4791 ἄλλα
1218 4733 1425 4805 φαῦλος
1456 4734 1694 4805 οἰκέτης,
1727 4732 1916 4787 τούτου

329 4832 470 4900 γοῦν
500 4833 606 4886 οὐκ
643 4828 1002 4902 ἐξελαθόμην,
1027 4829 1123 4887 ὅτι,
1140 4826 1327 4891 δοῦλός
1361 4828 1497 4898 εἰμι,
1525 4826 1619 4881 καί
1653 4843 1722 4897 με
1764 4840 1922 4897 προσ-

2098 4723 2359 4794 Equidem
2419 4734 2574 4788 vero,
2625 4733 2932 4792 quanquam
2989 4716 3191 4789 alioqui
3242 4731 3361 4773 sum
3417 4714 3592 4772 malus

2027 4830 2243 4882 servus,
2279 4816 2333 4871 id
2357 4824 2537 4871 tamen
2568 4815 2797 4872 necdum
2826 4813 3028 4870 oblitus
3045 4827 3189 4877 sum,
3217 4824 3340 4866 esse
3365 4823 3451 4866 me
3476 4823 3592 4866 ser-

407 4992 459 5024 “
491 4989 738 5063 Segnier.
771 4986 1218 5059 ἐκπληρώσωσιν.
1291 4987 1338 5019 ’⁷
1375 4985 1621 5058 Segnier.
1650 4983 1917 5056 ἀνασοϐήο

2015 4999 2081 5037 ιν.
2156 4982 2203 5015 ⁸⁸
2225 4979 2384 5038 Joan.
2411 4995 2488 5045 Ix,
2514 4981 2542 5035 1
2573 4993 2695 5050 sqq.
2770 4977 2817 5013 ”
2844 4974 2999 5032 Joan.
3026 4988 3147 5038 vm,
3181 4971 3274 5028 58.

412 5125 536 5196 (⁵η
566 5125 645 5209 ιΞξ
671 5124 738 5180 R-
767 5123 831 5179 Ρ·
861 5122 979 5209 1.89-
1009 5117 1645 5209 S‘TPF,9§§99‘F‘:3'352
1672 5112 1924 5209 “nerei

329 5189 456 5268 pho
489 5189 669 5251 multis
696 5194 984 5251 emendato
1006 5208 1071 5249 ex
1091 5190 1442 5261 Seguieriano
1463 5189 1668 5246 codice.
1683 5218 1756 5230 -—
1771 5189 1923 5244 Hune

328 5271 693 5329 sermonem,
726 5264 885 5332 plane
942 5259 1611 5332 luculentumAsnggessit,
1640 5259 1746 5332 _v_iri
1796 5273 1920 5332 cum

329 5326 693 5410 doctissimi,
727 5326 855 5410 tum.
876 5332 1244 5387 humanissimi
1280 5329 1345 5388 [ἰ.
1384 5326 1451 5385 ΡΣ
1487 5326 1601 5410 ξαρ.
1637 5326 1913 5395 Sirmundi

328 5405 776 5480 autographnm;
811 5403 891 5480 si_c_
928 5416 1198 5480 nunquam
1234 5400 1508 5480 communi
1536 5400 1921 5480 .bono__cons.u-

329 5477 458 5529 lere
479 5467 735 5539 'tlesinit,
762 5467 976 5541 quibus
1008 5467 1092 5526 vel
1130 5472 1246 5539 ipse
1293 5471 1440 5533 edit,
1464 5467 1563 5541 vel;
1592 5469 1775 5524 studio
1794 5467 1924 5523 olim

332 5545 605 5611 collecta,
636 5538 756 5597 aliis
790 5538 993 5611 edenda
1020 5538 1290 5611 impertit;
1328 5554 1390 5611 ea
1424 5538 1656 5611 maxime
1685 5552 1926 5593 commu-

329 5606 623 5673 nicatione
645 5613 709 5666 τὸ
736 5611 883 5665 θεῖον
906 5606 1165 5675 imitatus,
1215 5627 1280 5662 ac
1308 5609 1519 5678 dignus,
1550 5606 1701 5676 cujus
1725 5618 1935 5678 inemo-'

2028 5116 2253 5194 contulit
2282 5116 2662 5194 Seguierlanns
2684 5117 2851 5173 codex
2876 5115 3307 5194 bene__ant_iquus,
3336 5110 3404 5194 ad
3431 5124 3588 5194 quem

2028 5187 2210 5242 multis
2238 5178 2383 5241 locis
2387 5186 2702 5242 emendatus
2733 5196 2817 5241 est
2839 5187 2977 5240 alter
2999 5186 3087 5240 ille
3113 5178 3388 5240 Si'rmundi
3422 5178 3593 5238 codex

2028 5273 2093 5313 ac
2143 5256 2557 5323 antographnm.
2605 5256 2830 5311 Photius
2870 5255 3009 5310 oculi
3068 5264 3234 5309 totam
3274 5251 3595 5323 descriptio-

2028 5273 2093 5313 ac
2143 5272 2234 5311 ant
2312 5272 2557 5323 raptum.
2605 5272 2830 5311 rnouus
2870 5272 3009 5310 ocun
3068 5272 3234 5309 totam
3274 5272 3595 5321 uescnpuo-

2028 5342 2149 5383 nem
2172 5272 2379 5382 exoﬁoc
2402 5333 2560 5394 tract.
2587 5324 2642 5380 in
2672 5340 2824 5380 suam
2857 5325 3128 5380 transtulit
3151 5321 3505 5394 tnyrohihlon,
3537 5320 3595 5377 in

2025 5412 2129 5463 qua
2153 5403 2336 5464 aperte
2364 5392 2608 5449 εὐσεϐεῖν
2645 5394 2913 5450 Asterium
2954 5392 3221 5464 advertit,
3241 5392 3279 5464 i_.
3307 5404 3478 5464 agere
3500 5404 3592 5443 ca-

2028 5461 2286 5521 tholicum
2313 5480 2378 5520 ac
2408 5467 2694 5535 adversum
2718 5464 2918 5535 Ariano
2947 5461 3182 5535 ἀθεωεῄ
3209 5477 3224 5516 :
3254 5462 3306 5535 in
3340 5461 3592 5535 quod,_ac

2028 5536 2275 5591 Eunntnii
2298 5536 2487 5605 dogma
2516 5533 2790 5605 invehitur
2805 5534 2868 5605 in
2894 5525 3048 5605 Petri
3064 5541 3118 5589 et
3140 5530 3291 5605 Pauli
3316 5525 3590 5605 apostoloo

2030 5622 2146 5660 rum
2182 5593 2462 5661 Enconi'io.
2510 5602 2721 5660 Utinam
2769 5603 2904 5657 alios
2929 5603 3101 5657 cidem
3138 5598 3327 5655 Photio
3352 5593 3592 5648 retectos

328 5661 705 5739 i'iJ‘i'Jﬁmé'
730 5661 1697 5748 omnibustemporilinsudomioruin
1732 5676 1927 5748 animis
2026 5675 2227 5748 Astcrii
2258 5683 2524 5748 tractatus
2564 5668 3315 5748 nancisci_licnisset,‘quibus
3339 5661 3585 5748 itttggfitf.

332 5758 505 5815 clara
534 5754 711 5822 vigeat
755 5767 819 5808 ac
864 5751 1044 5829 chara.
1087 5746 1329 5806 Accessit
1362 5762 1508 5808 vero.
1540 5760 1601 5805 ac
1635 5746 1922 5816 plurimum

2029 5759 2124 5802 sua
2157 5744 2229 5801 illi
2249 5743 2450 5816 iustior
2471 5742 2639 5799 moles
2663 5741 2860 5800 nostris
2902 5741 2985 5798 his
3041 5736 3263 5803 adjectis
3292 5739 3586 5787 constaret.
