4070 6142
471 383 571 436 251

1744 379 1806 438 S.
1844 376 2113 434 ASTERII
2151 377 2460 436 ΑΜΑεΕΝι

3631 381 3742 439 2ΰῖ

481 509 624 556 vuut,
657 492 855 562 quique
872 509 968 562 pro
985 494 1213 552 Domino
1231 497 1492 554 adversus
1512 497 1800 569 injuriosos
1824 499 2051 555 habeam

2183 512 2290 565 ριεν
2339 494 2480 566 ὑπὲρ
2525 493 2620 548 τοῦ
2668 495 2940 550 Δεσπότου
2996 495 3137 549 κατά
3181 493 3288 548 τῶν
3335 494 3606 567 ὑϐριστῶν
3656 496 3747 564 ἐξ·

482 587 776 653 insurgere.
812 584 1171 651 Quamobrem
1198 588 1362 644 etiam
1389 589 1639 646 clamabo
1670 589 1722 645 in
1759 588 2053 657 Hebraeos,

483 682 736 743 tanquam
769 675 928 732 hodie
957 689 1284 748 praesentes,
1320 694 1386 736 ac
1405 680 1591 736 furore
1606 691 1759 738 actos
1786 681 2054 753 :Ergone,

482 761 714 828 scelesti,
753 763 1020 835 lapidibus
1069 767 1390 824 beneﬁcium
1431 767 1728 840 appetitis?
1756 767 1889 835 Quis
1913 769 2058 823 enim

485 869 579 910 vos
622 870 654 910 e
688 865 838 926 petra
865 858 1112 928 potavit?
1139 861 1406 930 Appetitis
1444 877 1566 918 eum
1597 860 1904 933 lapidibus,
1937 859 2054 930 qui,

486 943 708 1013 lapideis
749 947 948 1004 tabulis
985 950 1249 1020 insculpta
1279 951 1441 1022 lege,
1480 953 1647 1008 vitam
1677 961 1911 1009 vestram
1949 951 2061 1010 for-

487 1037 999 1110 mavit2Appetitis,
1027 1043 1284 1116 inquam,
1300 1044 1532 1115 lapidem
1571 1046 1823 1112 electum,
1855 1048 2061 1116 pretio-

487 1143 630 1198 sum,
682 1146 840 1202 quem
882 1134 1047 1192 Isaias
1090 1136 1419 1206 praedia-iu?
1457 1140 1728 1210 Appetitis
1765 1142 2061 1212 spiritalem

489 1220 757 1292 lapidem,
785 1225 934 1283 nulla
966 1228 1201 1286 hominis
1249 1245 1449 1298 manu,
1498 1247 1530 1288 e
1575 1241 1844 1303 praerupta
1875 1243 2060 1304 petra,

490 1312 639 1381 juxta
676 1316 817 1384 quod
851 1319 1034 1374 docuit
1068 1320 1403 1378 admirabilis
1438 1323 1624 1379 Daniel
1646 1325 1689 1389 ³,
1726 1324 2064 1380 abscissum?

492 1405 755 1475 Appetitis
796 1407 1066 1478 lapidibus
1094 1427 1362 1468 summum
1401 1416 1714 1486 angularem
1750 1417 1982 1488 lapidem
2019 1418 2062 1484 ³,

492 1498 582 1566 qui
611 1500 845 1568 parietes
879 1503 1011 1558 duos
1044 1502 1180 1560 Novi
1211 1520 1277 1561 ac
1306 1503 1519 1562 Veteris
1545 1507 1877 1564 Testamenti
1911 1523 2063 1564 com-

493 1587 695 1643 mittit?
729 1589 967 1649 Tametsi
993 1594 1136 1650 enim
1165 1611 1271 1651 non
1305 1596 1546 1664 creditis,
1577 1610 1770 1670 potens
1813 1609 1892 1656 est
1927 1600 2068 1656 Deus

492 1679 558 1733 de
586 1678 854 1749 lapidibus
883 1685 1006 1741 istis
1032 1688 1301 1744 suscitare
1333 1690 1472 1748 liiios
1499 1691 1734 1748 Abrahte
1751 1699 1808 1759 ’ς
1837 1693 1939 1749 hoc
1962 1702 2066 1760 est,

493 1774 879 1843 aceeptahilem
902 1776 1125 1836 Christo
1155 1782 1434 1852 populum,
1463 1798 1530 1840 ex
1564 1772 1816 1857 gentibus
1839 1801 1904 1842 ac
1926 1801 2068 1857 prae-

494 1867 646 1934 putio
669 1883 1044 1942 congregare:
1086 1873 1143 1929 in
1177 1889 1286 1946 quo
1319 1877 1482 1933 etiam
1515 1879 1929 1954 promissionem
1955 1894 2071 1936 sus-
2103 1857 2147 1915 Β

497 1956 644 2025 cepit
697 1959 994 2031 Abraham,
1027 1964 1240 2022 dicente
1267 1967 1317 2022 ei
1359 1967 1488 2037 Deo,
1523 1969 1641 2026 fore
1678 1971 1733 2025 in
1763 1985 1830 2027 eo
1851 1970 2074 2028 benedi-

497 2051 696 2108 cendas
725 2067 915 2110 omnes
952 2066 1143 2126 gentes
1170 2059 1216 2114 ³.
1256 2058 1467 2118 Arcana
1493 2064 1634 2119 enim
1677 2062 1820 2122 Deus
1847 2066 2076 2122 scientia

486 2140 1093 2216 i‘uturumpraevidens,
1123 2164 1313 2210 omnes
1347 2155 1400 2210 in
1437 2163 1713 2228 posterum
1772 2158 2076 2214 credituros

500 2232 623 2289 ﬁdei
669 2235 794 2290 duci
841 2249 906 2292 ac
951 2240 1181 2313 principi
1223 2243 1277 2300 in
1311 2244 1543 2302 illiorum
1573 2257 1777 2304 sortem
1809 2249 2074 2306 attribuit.

496 2325 712 2383 Extunc
775 2331 920 2389 enirn
967 2338 1328 2393 contuebatur
1384 2339 1734 2396 Hebraeorum
1773 2340 1952 2412 populi
1993 2356 2080 2397 se-

497 2417 781 2492 ditionem,
840 2440 903 2480 ac
965 2425 1180 2482 videbat
1246 2427 1478 2498 lapides,
1543 2429 1773 2498 falsique
1843 2428 2080 2485 nominis

498 2509 639 2569 illius
675 2515 939 2573 abdicatis
984 2519 1324 2575 accensehat.
1385 2520 1523 2577 Cum
1584 2532 1765 2577 autem
1830 2535 2080 2578 sermone

499 2601 783 2660 veritatem
845 2608 1193 2678 annuntians,
1261 2610 1677 2683 haudquaquam
1729 2613 2082 2683 persuaderet

499 2695 793 2764 pietatem,
844 2702 1058 2757 tametsi
1117 2704 1304 2758 aderat
1350 2705 1815 2774 abscondebatur;
1877 2722 1943 2762 ac
1983 2723 2082 2778 ap-

500 2801 699 2856 parens
763 2805 867 2845 non
914 2793 1220 2862 videbatur,
1266 2809 1375 2864 quo
1433 2797 1524 2850 tali
1569 2797 1830 2854 miraculo
1881 2798 2083 2855 admit-

508 2883 634 2932 tere
669 2891 909 2950 cogeret,
953 2897 1076 2939 esse
1123 2885 1302 2956 ipsum
1346 2886 1645 2955 Christum,
1694 2903 1760 2945 ac
1787 2887 1956 2945 Deum
1988 2904 2084 2960 pa-

505 2977 660 3025 rente
702 2971 974 3028 Abraham
1023 2976 1315 3033 seniorem.
1359 2979 1579 3047 Audite,
1624 2996 1776 3054 ergo,
1821 2982 2015 3054 inquit,
2044 2997 2079 3039 ο

505 3076 634 3118 vere
673 3065 798 3121 caeci
840 3081 903 3122 ac
942 3068 1093 3124 stulti
1123 3091 1135 3125 :
1169 3069 1429 3138 Quisnam
1470 3073 1594 3141 iste,
1626 3074 1718 3146 qui
1741 3083 1797 3131 et
1834 3085 2084 3132 versatur

507 3242 817 3315 ad-Moysen
860 3248 1107 3320 loquens,
1149 3253 1372 3311 minime
1401 3257 1860 3328 conspiciebatur,
1901 3275 1967 3315 ac
1997 3269 2082 3316 ta-

510 3347 631 3391 men
661 3341 956 3407 apparebat
985 3343 1033 3397 “?
1060 3343 1195 3399 Nam
1225 3355 1351 3402 tunc
1377 3363 1592 3420 quoque
1635 3349 1920 3408 videbatur
1946 3352 2088 3421 ignis

508 3442 575 3485 ac
609 3432 798 3499 rubus,
841 3434 1002 3490 ambo
1049 3445 1233 3503 muta;
1273 3436 1733 3510 nihilominusque
1766 3443 2089 3500 audiebatur

508 3535 612 3575 vox
640 3560 656 3586 ,
707 3537 771 3577 ac
831 3538 1011 3579 sermo
1063 3527 1385 3592 erudiebat,
1430 3538 1712 3600 certoque,
1760 3533 1904 3599 quod
1943 3533 2092 3588 futu-

514 3622 635 3662 rum
661 3617 780 3663 erat
811 3612 1283 3679 praenuntiabatur
1311 3633 1324 3670 :
1354 3626 1545 3688 estque
1572 3618 1813 3674 virorum
1854 3622 2091 3691 pruden-

516 3699 688 3765 tium,
730 3709 790 3754 ut
843 3715 1130 3771 personam
1177 3717 1242 3760 ex
1292 3720 1474 3762 rerum
1522 3710 1843 3782 cognatione
1890 3711 2091 3770 intelli-

514 3800 664 3858 gere.

585 3878 723 3934 Cum
756 3880 837 3937 sic
863 3890 1042 3940 autem
1080 3883 1254 3944 aliene
1287 3903 1318 3944 a
1349 3890 1555 3948 ratione
1580 3906 1646 3949 ac
1679 3893 1843 3952 stulte
1879 3893 2094 3954 Hebraei

516 3967 806 4036 haberent,
850 3970 1112 4032 Dominus
1143 3987 1326 4036 noster
1357 3995 1421 4036 ac
1453 3981 1728 4052 Salvator,
1756 3985 1906 4043 velut
1932 3988 2096 4044 sedu-

519 4057 602 4114 lus
630 4061 851 4130 quidam
876 4078 942 4122 ac
969 4068 1184 4140 sapiens
1212 4073 1475 4142 medicus,
1503 4090 1610 4134 non
1642 4077 1869 4135 cedente
1898 4081 2093 4139 morbo

517 4151 588 4206 ad
614 4154 848 4221 primum
884 4159 1360 4231 experimentum,
1389 4167 1606 4223 modum
1657 4169 1820 4226 alium
1852 4172 2095 4229 curatio-

521 4243 607 4300 nis
637 4249 970 4317 aggreditur.
1015 4251 1214 4310 Statuit
1255 4271 1387 4312 vero
1420 4268 1478 4314 ut
1508 4270 1691 4316 mentc
1719 4277 1892 4320 caseos
1949 4279 2096 4322 caeco

519 4347 692 4402 curet,
720 4338 814 4410 qui
845 4341 1036 4400 obvius
1075 4345 1327 4402 inventus
1358 4358 1523 4415 esset,
1559 4365 1665 4406 non
1697 4352 1962 4408 accidenti
1994 4353 2095 4409 ali-

519 4445 626 4499 qua
657 4429 876 4490 laesione
899 4435 1194 4492 caecitatem
1223 4453 1433 4508 passus,
1469 4443 1563 4497 sed
1589 4451 1799 4499 natura:
1831 4442 1987 4516 vitio,
2015 4445 2095 4502 sic

522 4521 779 4579 uitnirum
805 4539 873 4581 ex
902 4536 1056 4583 utero
1083 4531 1138 4583 in
1165 4528 1339 4587 lucem
1372 4535 1684 4603 productus.

593 4722 876 4778 liominem
929 4738 1095 4794 porro
1130 4729 1514 4797 conspicatus,
1557 4739 1739 4798 stetit,
1787 4742 2100 4805 praestoque

523 4811 592 4865 ad
641 4813 972 4870 curationem
1021 4815 1172 4870 luit:
1215 4821 1552 4876 curationem
1623 4824 1809 4894 utique
1869 4827 2102 4884 humana

525 4900 784 4970 majorem
817 4904 1024 4960 ratione
1049 4914 1102 4960 et
1125 4917 1264 4962 arte.
1293 4907 1501 4978 Quippe
1533 4926 1622 4966 ars
1654 4915 1860 4971 medica
1889 4931 1954 4974 ac
1983 4919 2103 4989 ejus

527 4995 664 5050 ratio
691 5009 879 5051 eorum
905 4997 1217 5054 morborum
1246 5002 1760 5074 contemplationem
1793 5007 1974 5074 tradit,
2005 5010 2097 5079 qui

522 5087 634 5158 jam
664 5103 694 5143 a
725 5097 918 5145 natura
960 5091 1198 5162 pet-lecto
1237 5091 1460 5148 animali
1513 5108 1577 5150 ac
1617 5095 1672 5152 in
1717 5096 1893 5156 lucem
1954 5101 2100 5159 edito

528 5194 656 5234 casu
687 5181 1030 5253 postmodum
1059 5183 1244 5257 aliquo
1281 5186 1571 5246 accidunt:
1602 5193 1874 5263 congeniti
1913 5206 2098 5252 autem

528 5275 747 5344 corpori
783 5274 900 5332 vitii
932 5278 1155 5336 minime
1199 5282 1534 5338 curationem
1562 5287 1828 5356 promittit
1855 5301 1872 5341 :
1907 5297 1964 5343 at
1995 5305 2096 5344 ne-

527 5381 644 5436 que
661 5368 956 5427 universim
1001 5372 1335 5441 morborum,
1369 5376 1416 5432 si
1457 5376 1551 5447 qui
1599 5377 1849 5448 deinceps
1883 5382 2096 5439 accide-

530 5468 656 5516 runt
683 5479 698 5517 :
723 5460 877 5533 cujus
902 5464 979 5521 rei
1016 5465 1229 5526 abunde
1275 5476 1440 5526 testes
1483 5482 1612 5531 sunt
1654 5470 1885 5528 mutilali
1922 5473 2100 5530 homi-

603 5623 632 5699 _'_
666 5619 770 5699 ista.
805 5636 1001 5699 xxviii,
1058 5624 1144 5680 ιϐ.
1221 5629 1242 5660 ³
1273 5626 1407 5699 Dan.
1434 5641 1499 5695 tt,
1534 5629 1627 5699 45.
1710 5629 1732 5662 ⁸
1763 5629 1782 5684 Ι
1816 5628 1934 5684 νοις
1975 5647 2014 5699 1,
2045 5631 2098 5686 5-

527 5691 551 5723 ’
595 5691 670 5746 Ex
702 5691 827 5762 Seg.
903 5691 926 5724 ⁸
961 5695 1086 5764 Seg.
1124 5697 1450 5768 προγνώσει.
1482 5691 1491 5695 ’
1527 5700 1547 5731 ³
1571 5698 1727 5753 Phot.
1757 5699 1942 5756 αὐτοῦ.
2001 5691 2066 5734 ’³⁸

533 5761 751 5843 apag-3.6m
791 5779 854 5843 cx
898 5766 1150 5843 utrisque
1174 5771 1264 5825 καὶ
1300 5769 1375 5840 μὴ
1404 5769 1561 5842 βλεπ.
1598 5769 1686 5823 καί
1723 5771 1942 5841 φαινόμ.
2055 5773 2083 5805 εί

2183 5712 2254 5759 ot.
2282 5719 2298 5766 ;
2334 5700 2458 5770 Seg.
2509 5691 2662 5760 Θεός.
2741 5696 2778 5727 ³¹
2810 5696 2935 5764 ch.
2965 5692 3312 5764 βλεπόμενος.

2183 5787 2204 5828 ι
2245 5773 2370 5843 Seg.
2486 5768 2707 5823 “l'hot.
2758 5764 3106 5837 ἀνθρωπίνης
3157 5762 3312 5832 σοφία

533 5761 751 5842 spe-216‘s.
784 5761 854 5842 cx
898 5761 1150 5842 utrisque
1173 5761 1264 5825 καί
1300 5769 1375 5840 μὴ
1404 5769 1561 5842 βλεπ.
1598 5769 1686 5823 καὶ
1723 5771 1942 5841 φαινόμ.

544 5832 588 5864 ⁸⁸
611 5832 763 5888 Phot.
796 5835 1040 5900 ἐκείνοις.

2161 586 2502 642 ανίστασθαι.
2533 587 2624 640 Διὸ
2650 587 2744 642 καὶ
2778 587 3113 660 κεκράξομαι
3138 587 3274 658 πρὸς
3305 587 3432 650 τοὺς
3457 585 3744 659 Ἐϐραίους

2162 679 2239 742 ὡς
2281 677 2554 746 παρόντας
2589 679 2849 752 σήμερον,
2900 681 2996 734 καὶ
3041 679 3194 750 παρὰ
3219 680 3320 750 τῆς
3353 678 3552 749 μανίας
3593 679 3747 750 ἐνερ-

2163 770 2496 840 γουμένους.’
2538 770 2793 838 Βάλλετε,
2830 773 3035 843 μιαροὶ,
3075 770 3248 834 λίθοις
3277 769 3370 823 τὸν
3407 769 3742 841 εὐεργέτηνς

2170 861 2277 935 [τίς
2300 862 2410 934 γὰρ
2440 863 2584 932 ὑμᾶς
2605 864 2672 916 ἐκ
2701 863 2904 934 πέτρας
2941 862 3186 929 ἐπότισε;
3218 860 3437 933 βάλλετε
3463 861 3554 915 τὸν
3584 861 3744 928 πλαξὶ

2165 955 2391 1020 λιθίναις
2417 954 2510 1010 τὸν
2555 955 2668 1027 βίον
2695 954 2848 1026 ὑμῶν
2884 955 3242 1009 κανονίσαντα
3266 953 3348 1027 ";]
3393 953 3618 1024 βάλλετε
3655 953 3744 1007 τὸν

2167 1045 2422 1100 ἐκλεκτὸν
2446 1045 2592 1099 λίθον
2613 1045 2708 1099 καὶ
2732 1045 2968 1117 ἔντιμον,
2999 1044 3059 1098 ὃν
3095 1044 3321 1109 Ἠσαίας
3350 1044 3478 1115 ὑμῖν
3505 1043 3748 1114 προεφή-

2166 1153 2358 1204 τευσε;
2401 1136 2621 1207 βάλλετε
2659 1136 2752 1190 τὸν
2784 1137 2974 1209 νοητὸν
3001 1136 3154 1191 λίθον
3183 1137 3274 1192 τὸν
3302 1136 3404 1207 τῆς
3441 1135 3747 1207 ἀκροτόμου

2168 1229 2375 1300 πέτρας
2406 1229 2794 1300 ἀπορραγέντα
2829 1230 2958 1284 ἄνευ
2991 1229 3176 1301 χειρός
3203 1228 3574 1300 ἀνθρωπίνης,
3606 1227 3683 1292 ὡς
3719 1229 3750 1282 ὁ

2171 1313 2459 1386 θεσπέσιος
2497 1321 2693 1393 Δανιὴλ
2725 1322 2871 1394 ὑμᾶς
2907 1319 3149 1386 ἐδίδαξε;
3193 1319 3413 1391 βάλλετε
3442 1319 3614 1384 λίθοις
3658 1316 3752 1373 τδν

2171 1413 2590 1483 ἀκρογωνιαῖον,
2616 1411 2707 1465 τὸν
2742 1413 2871 1476 τοὺς
2897 1410 2990 1466 δύο
3028 1411 3239 1482 τοίχους
3272 1411 3373 1482 τῆς
3410 1409 3622 1480 Καινῆς
3655 1409 3754 1464 καὶ

2171 1503 2270 1575 τῆς
2311 1502 2554 1567 Παλαῖας
2585 1503 2860 1576 Διαθήκης
2903 1504 3241 1572 συνάγοντας
3282 1501 3401 1556 Κᾶν
3443 1501 3552 1572 γὰρ
3595 1501 3755 1569 ὑμεῖς

2179 1595 2254 1667 μὴ
2283 1594 2633 1667 πιστεύσητε,
2661 1595 2887 1660 δυνατὸς
2907 1598 2936 1650 ό
2959 1595 3091 1658 Θεὸς
3111 1596 3176 1648 ὲκ
3193 1594 3360 1648 λίθων
3385 1593 3592 1647 τούτων
3616 1594 3758 1661 ἐγεῖ-

2177 1706 2269 1760 ραι
2284 1688 2450 1742 τέκνα
2463 1687 2541 1759 τῷ
2568 1687 2819 1760 Ἀϐραάμ
2833 1701 2846 1716 ⁸
2865 1687 3162 1752 τουτέστιν,
3177 1686 3242 1740 άθ
3253 1689 3427 1758 ροῖσαι
3441 1684 3520 1756 τῷ
3535 1683 3758 1754 Χριστῷ

2175 1781 2304 1836 λαὸν
2335 1779 2666 1854 περιούσιον,
2706 1780 2801 1833 τὸν
2833 1779 2894 1845 ἐξ
2937 1778 3106 1833 ἐθνῶν
3141 1780 3235 1832 καὶ
3269 1776 3637 1850 ἀκρόϐυστοψ
3670 1775 3756 1844 ἐφ’

2173 1865 2218 1941 ᾧ
2247 1875 2341 1928 καὶ
2373 1872 2473 1945 τὴν
2505 1869 2834 1941 ἐπαγγελίαν
2866 1871 2910 1923 ὁ.
2938 1866 3193 1942 Ἀϐραὰμ
3225 1869 3464 1936 ἐδέξατο,
3513 1867 3758 1930 είπόντος

2175 1963 2324 2035 αύτῷ
2359 1961 2453 2018 τοῦ
2488 1962 2647 2028 Θεοῦ,
2687 1964 2770 2017 ὃτι
2813 1961 3317 2034 Εὐλογισθήσονται
3348 1961 3405 2014 ἐν
3453 1959 3538 2012 σοὶ
3582 1959 3761 2012 πάντα

2174 2057 2245 2112 τὰ
2278 2057 2428 2129 ἔθνη.
2463 2057 2542 2130 Τῇ
2575 2056 2685 2128 γὰρ
2721 2057 3020 2128 ἀπορρήτῳ
3048 2053 3284 2124 γνώσει⁸
3318 2053 3531 2120 βλέπων
3573 2052 3601 2104 ὁ
3627 2050 3762 2114 Θεὸς

2177 2147 2240 2201 τὸ
2271 2147 2482 2219 μέλλον,
2513 2146 2590 2218 τῷ
2614 2145 2845 2218 ἀρχηγῷ
2868 2146 2968 2217 τῆς
2999 2144 3260 2209 πίστεως,
3293 2145 3501 2207 πάντας
3527 2143 3654 2206 τοὺς
3682 2143 3765 2206 είς

2180 2238 2406 2310 ὕστερον
2435 2236 2710 2292 πιστεύειν
2745 2236 3058 2309 μέλλοντας,
3095 2237 3175 2300 είς
3212 2234 3364 2300 τάξιν
3399 2233 3765 2304 ἀπεκλήρωσε

2179 2330 2404 2386 τέκνων.
2474 2327 2728 2402 Ἐθεώρει
2782 2330 2892 2401 γὰρ
2949 2327 3135 2382 ἔκτοτε
3189 2325 3299 2380 τῶν
3356 2325 3620 2396 Ἐϐραίων
3663 2321 3766 2393 τὴν

2182 2423 2391 2488 στάσιν,
2427 2421 2521 2475 καὶ
2567 2421 2693 2485 τοὺς
2719 2419 2901 2484 λίθους
2929 2419 3145 2484 ἐὸλεπε,
3183 2418 3278 2472 καὶ
3324 2417 3450 2480 τοὺς
3491 2411 3768 2486 ψευδωνύ-

2185 2530 2320 2587 μους
2350 2513 2604 2576 υἱοὺςὲν
2646 2514 2759 2577 τοῖς
2803 2510 3208 2584 ἀποκηρύκτοις
3253 2509 3494 2582 ἠρίθμει.
3547 2507 3769 2576 Ἐπειδὴ

2183 2606 2263 2676 δὲ,
2285 2606 2428 2679 λόγῳ
2451 2601 2837 2675 καταγγέλλων
2865 2601 3046 2666 αὐτοῖς
3066 2601 3458 2674 τὴν-ἀλήθειαν,
3489 2599 3590 2653 ούκ
3615 2598 3769 2650 ἐπει-

2186 2697 2276 2752 θεν
2323 2695 2586 2764 εὐσεϐεῖν,
2622 2693 2912 2769 παρεστὼς
2959 2692 3272 2764 ἀπεκρύόη,
3308 2691 3405 2746 καὶ
3442 2690 3770 2761 φαινόμενος

2184 2787 2284 2842 οὐκ
2323 2788 2602 2854 ἐϐλέπετο,
2651 2787 2718 2847 ῖντ
2753 2788 2819 2844 ἐκ
2855 2788 2955 2858 τῆς
2985 2784 3240 2856 τοιαύτης
3283 2781 3516 2846 αύτοὺς⁹
3552 2780 3770 2850 θαυμα-

2185 2879 2444 2952 τουργίας
2493 2877 2702 2954 ἑλκύσῃ
2745 2877 2882 2951 πρὸς
2934 2874 3327 2946 συγκατάθεσιν
3377 2873 3494 2938 τοῦ,
3545 2872 3627 2926 ὅτι
3677 2871 3775 2924 καὶ

2185 2971 2418 3044 Χριστὸς
2439 2970 2483 3003 ⁸⁸
2499 2968 2816 3042 ἐτύγχανεν,
2860 2968 2954 3026 καί⁵
2989 2967 3121 3030 Θεὸς
3165 2963 3417 3038 ’Δὸραὰμ
3461 2961 3776 3036 πρεσϐύτε-

2139 3110 2142 3114 .
2191 3081 2302 3138 ρος.
2359 3061 2654 3117 ’Δκούσατε
2696 3056 2810 3128 οὖν,
2854 3061 3039 3134 φησὶν,
3081 3053 3126 3113 ὦ
3186 3056 3402 3128 άληθῶς
3450 3055 3646 3126 τυφλοὶ
3679 3056 3776 3108 καὶ

506 3152 807 3258 vobiscum,
836 3171 936 3213 nec
964 3167 1142 3215 tamen
1171 3162 1402 3232 videtur,
1430 3179 1557 3220 num
1589 3164 1731 3222 forte
1758 3165 1849 3224 ille
1883 3177 1966 3224 est
1989 3169 2079 3240 qui
2111 3195 2158 3258 α

2189 3154 2436 3225 ἀνόητοι*
2473 3152 2570 3217 Τίς
2616 3145 2793 3218 οὗτος,
2835 3152 2864 3210 ό
2902 3149 2995 3204 καὶ
3043 3145 3350 3219 συμπαρὼν
3395 3145 3522 3216 ὑμῖν
3569 3145 3664 3199 καὶ
3697 3143 3776 3214 μὴ

2191 3245 2520 3320 βλεπόμενος
2547 3245 2613 3312 “;
2643 3243 2676 3314 ἢ
2727 3241 2870 3314 τάχα
2902 3241 3106 3304 ἐκεῖνος
3145 3241 3174 3293 ὁ
3218 3239 3314 3292 καὶ
3368 3236 3506 3307 πρὸς
3531 3235 3777 3304 Μωῡσῆν

2189 3337 2385 3404 λαλῶν,
2417 3338 2509 3392 καὶ
2554 3335 2630 3409 μὴ
2659 3332 2981 3406 φαινόμενος
3009 3333 3092 3399 ι¹;,
3125 3330 3367 3402 Ἑωρᾶτο
3405 3328 3514 3401 γὰρ
3537 3327 3630 3382 καὶ
3650 3325 3778 3380 τότε

2191 3429 2304 3500 πῦρ
2350 3429 2445 3483 καὶ⁹
2490 3427 2670 3498 βάτος,
2720 3425 3006 3496 ἀμφότερα
3048 3422 3240 3494 ἄφωνα
3263 3438 3276 3452 ο
3327 3419 3440 3476 ἀλλ’
3478 3420 3625 3491 ὅμως
3679 3419 3778 3472 καὶ

2194 3522 2345 3593 φωνὴ
2376 3521 2628 3593 ἠκούετο,
2658 3519 2754 3572 καὶ
2785 3517 3248 3588 λόγοςέπαίδευε,
3287 3513 3383 3568 καὶ
3425 3509 3680 3581 ἀσφαλῶς
3711 3511 3776 3564 τὸ

2197 3613 2389 3686 μέλλον
2433 3607 2856 3684 προηγορεύετο.
2901 3608 3014 3660 Καὶ
3053 3606 3160 3678 χρὴ
3214 3605 3341 3664 τοὺς
3384 3602 3508 3656 νοῦν
3552 3601 3776 3672 ἔχοντας

2193 3705 2259 3758 ἐκ
2280 3703 2381 3775 τῆς
2410 3700 2726 3773 συγγενείας
2746 3697 2854 3754 τῶν
2872 3697 3212 3771 πραγμάτων
3232 3694 3497 3766 γνωρίσαι
3519 3692 3580 3751 τὸ
3607 3691 3781 3764 πρόσ-

2191 3810 2362 3850 ωπον.

2268 3883 2454 3949 Οὕτως
2473 3883 2530 3937 δὲ
2558 3880 2771 3952 ἀλόγως
2795 3879 2890 3934 καὶ
2911 3879 3155 3951 ἀνοήτως
3182 3876 3292 3932 τῶν
3333 3873 3599 3948 Ἑϐραίων
3627 3871 3781 3952 ἐχόνο

2193 3997 2324 4045 των,
2351 3977 2380 4031 ό
2404 3975 2608 4048 Κύριος
2645 3972 2802 4045 ἡμῶν
2840 3972 2936 4026 καὶ
2976 3971 3189 4043 Σωτὴρ,
3241 3968 3431 4041 ὥσπερ
3465 3985 3550 4031 τις
3598 3963 3782 4036 ἰατρὸς

2196 4069 2460 4144 ἐπιμελής
2496 4084 2558 4122 τε
2587 4063 2826 4141 [όμοῢη]
2859 4065 2953 4119 καὶ
2993 4065 3176 4135 σοφὸς,
3230 4062 3367 4137 πρὸς
3406 4061 3507 4133 τὴν
3555 4055 3782 4130 πρώτην

2196 4165 2392 4236 πεῖραν
2419 4161 2521 4215 οὐκ
2556 4158 2802 4224 ἐκδόντος
2839 4157 2935 4212 τοῦ
2973 4157 3203 4221 πάθους,
3247 4154 3404 4209 ἄλλον
3443 4152 3644 4226 τρόπον
3679 4150 3783 4221 τῆς

2199 4249 2494 4325 θεραπείας
2525 4247 2976 4320 μεταχειρίζεται.
3021 4243 3222 4317 Τυφλῷ
3254 4242 3313 4297 δέ
3343 4241 3593 4314 βούλεται
3625 4237 3784 4309 θερα-

2198 4343 2396 4398 πεῦσαι
2418 4340 2652 4412 τυφλοὺς
2680 4340 2776 4412 τὴν
2802 4339 3061 4406 διάνοιαν,
3088 4337 3148 4401 ὃς
3177 4337 3242 4413 ἐκ
3269 4332 3364 4388 τοῦ
3389 4329 3785 4406 προστυχόντος

2199 4434 2420 4508 εὑρέθη,
2443 4434 2502 4488 ού
2525 4431 2676 4505 λώϐῃ
2695 4432 2801 4486 τινὶ
2818 4431 3085 4503 συμϐάσει
3106 4427 3293 4484 παθὼν
3321 4428 3422 4500 τὴν
3451 4425 3783 4496 τυφλότητα,

2127 4549 2173 4606 ι)
2201 4525 2338 4582 ἀλλά
2360 4525 2660 4597 πταίσματι
2689 4522 2924 4594 φύσεως,
2947 4520 3120 4586 οὕτως
3138 4521 3204 4575 ἐκ
3226 4520 3461 4591 γαστρὸς
3483 4514 3785 4590 παραχθεὶς

2197 4621 2278 4682 είς
2302 4616 2394 4671 τὸν
2421 4616 2554 4686 βίον.

2270 4730 2619 4802 Θεασάμενός
2645 4728 2702 4783 δὲ
2728 4727 2820 4783 τὸν
2858 4727 3166 4800 ἄνθρωπον,
3197 4724 3353 4798 ἔστη,
3383 4727 3481 4781 καὶ
3517 4725 3655 4796 πρὸς
3685 4725 3785 4795 τὴν

2206 4823 2502 4898 θεραπείαν
2531 4822 2750 4892 ἕτοιμος
2793 4817 2897 4892 ἦν’
2935 4819 3236 4893 θεραπείαν
3291 4816 3644 4890 ἀνθρωπικοῦ
3698 4816 3789 4869 λόο

2200 4936 2300 4989 γου
2319 4917 2364 4948 “
2381 4916 2476 4970 καὶ
2499 4915 2697 4986 τέχνης
2714 4913 3020 4984 κρείττονα.
3039 4912 3280 4984 ’ἰατρικὴ
3301 4911 3429 4984 [μὲν
3447 4909 3516 4985 ³⁵]
3539 4909 3668 4981 γὰρ,
3695 4908 3788 4961 καὶ

2205 5012 2235 5064 ὸ
2271 5011 2393 5064 κατ’
2421 5007 2592 5080 αὐτὴν
2629 5007 2808 5076 λόγος,
2842 5005 3066 5059 ἐκείνων
3085 5003 3130 5037 ⁸⁸
3164 5003 3275 5058 τῶν
3313 5000 3636 5072 νοσημάτων
3667 5001 3789 5052 ἐπι-

2208 5103 2394 5159 ϐάλλει
2435 5100 2534 5175 τὴν
2580 5099 2835 5173 θεωρίαν,
2868 5099 2971 5153 ὅσα
3014 5098 3114 5170 τῆς
3157 5096 3371 5167 φύσεως
3397 5091 3785 5165 ἀπαρτισάσης

2207 5197 2270 5254 τὺ
2306 5195 2466 5263 ζῶον,
2506 5194 2602 5249 καὶ
2636 5190 2984 5267 προαγούσης
3007 5190 3091 5255 είς
3125 5189 3261 5260 φῶς,
3300 5187 3515 5259 χρόνοις
3559 5184 3788 5256 ὕστερον

2209 5288 2351 5342 κατά
2394 5303 2545 5350 τινας
2589 5283 2937 5352 περιστάσεις
2975 5276 3391 5350 ἐπισυμϐαίνει·
3425 5275 3527 5345 τῆς
3572 5273 3630 5327 δὲ
3664 5289 3790 5325 συν-

2208 5379 2492 5452 τεχθείσης
2523 5377 2600 5449 τῷ
2632 5377 2844 5447 σώματι
2888 5372 3088 5444 λώϐης,
3137 5371 3238 5425 οὐκ
3275 5367 3672 5464 ἐπαγγέλλεται
3709 5361 3793 5464 θε-

2213 5473 2465 5545 ραπείαν.
2495 5471 2570 5525 Οὐ
2605 5469 2787 5540 μέντοι
2813 5482 2878 5534 γε
2900 5463 3022 5518 οὐδὲ
3056 5461 3166 5517 τῶν
3210 5459 3400 5516 παθῶν
3432 5458 3648 5514 πάντων
3680 5458 3792 5507 τῶν

2201 5633 2222 5664 ⁸
2252 5631 2439 5687 Matth.
2477 5645 2559 5692 tu,
2590 5628 2645 5681 9.
2749 5625 2769 5656 '
2800 5623 2934 5680 Gen.
2969 5638 3128 5684 xvttt,
3184 5619 3268 5676 l8.
3375 5620 3398 5652 ‘
3426 5617 3594 5692 Exod.
3622 5631 3703 5680 lli,
3735 5615 3790 5692 ι,

3424 5689 3466 5721 ι’
3497 5686 3654 5741 Pltot.
3701 5684 3791 5739 καὶ

3485 5723 3527 5791 :-
3543 5723 3797 5828 assa;

2749 5625 2769 5656 '
2800 5623 2934 5680 Gen.
2969 5638 3128 5684 xviii.
3184 5619 3268 5676 l8.

2486 5769 2527 5801 “
2553 5768 2707 5823 l'hot.
2758 5762 3106 5837 ἀνθρωπίνης
3138 5762 3367 5832 σοφίας.
