4070 6142
521 333 628 390 255

1791 328 1849 384 S.
1887 325 2165 386 ASTERII
2199 327 2499 385 AMASENI

3656 329 3766 387 256

521 458 774 515 duritiem
825 449 1045 521 habens,
1091 457 1253 524 inque
1280 453 1426 510 molli
1468 453 1868 510 contentionem
1897 469 2090 524 quam-

2193 454 2264 518 ὡς
2285 454 2352 508 ἂν
2376 454 2503 525 είπῃ
2528 469 2633 522 τις,
2666 453 2724 505 ἐν
2745 451 2821 522 τῷ
2844 447 3097 523 τρυφερῷ
3131 446 3194 501 τὸ
3229 445 3447 518 στερεὸν
3474 441 3631 518 ἔχων,
3667 450 3765 502 καὶ

522 550 670 613 dam,
707 563 771 603 ac
791 549 956 602 variis
988 547 1258 602 coloribus
1295 545 1555 600 illustrius
1600 543 1917 600 interliorct.
1960 545 2090 616 Ejus

522 639 706 708 itaque
737 637 1090 692 meditullium
1116 636 1254 705 nigri
1281 634 1694 690 delineationcm
1726 634 1906 700 habet,
1950 649 2092 690 eam.

523 742 631 796 que
671 742 780 782 non
809 727 1050 795 ejusdem
1077 741 1175 795 per
1198 734 1365 780 totum
1398 726 1646 794 rationis,
1669 726 1764 782 sed
1791 726 1955 782 variis
1979 726 2092 798 qui-

524 818 750 872 busdam
808 817 1024 873 circulis
1083 817 1468 881 commissam;
1518 826 1706 872 centro
1757 817 1971 886 quidem
2026 830 2090 872 ac

523 909 820 963 meditullio
883 909 1148 979 nigriori;
1208 909 1469 963 exteriori
1516 917 1694 963 autem
1744 906 2088 964 circumﬂexu

522 997 776 1066 paulatim
827 999 880 1053 iu
930 999 1204 1053 llaviorem
1250 998 1528 1053 desinente
1594 999 1900 1054 tineturam.
1955 998 2087 1053 Eam

523 1086 655 1142 iuris
691 1091 862 1144 munit
883 1090 1086 1155 album,
1113 1089 1447 1159 splendidum
1479 1089 1610 1144 illud
1610 1103 1703 1168 3c
1724 1090 2084 1160 pellucidum;

521 1182 664 1236 haud
719 1191 895 1238 tamen
948 1197 1159 1239 summe
1195 1198 1260 1238 ac
1301 1184 1445 1239 nulla
1489 1183 1872 1252 temperatione
1900 1184 2129 1238 caudis--

521 1262 669 1338 dum,
723 1274 819 1329 sed
866 1274 1038 1330 vitrea
1083 1275 1318 1344 quadam
1355 1290 1419 1330 ac
1464 1275 1724 1344 pellucida
1762 1274 1940 1344 specie
1971 1273 2086 1328 for-

519 1371 746 1418 matum.
775 1363 994 1420 Rubeus
1021 1365 1170 1420 color
1193 1365 1336 1420 circa
1369 1364 1624 1434 pupillam
1659 1363 1860 1418 ali'usus
1891 1372 1995 1428 est,
2027 1371 2088 1419 ut

519 1452 643 1507 albo
675 1468 738 1508 ac
767 1455 918 1524 nigro
935 1466 1305 1526 contemperet
1347 1458 1595 1527 gratiam.
1647 1455 1728 1512 Ad
1756 1456 1871 1511 haec
1907 1463 2086 1510 autem

518 1543 598 1597 sic
639 1543 692 1597 in
737 1544 906 1599 denso
953 1546 1250 1616 pellucidus
1279 1558 1364 1603 est
1396 1557 1556 1617 atque
1587 1547 1746 1613 levis,
1789 1555 1923 1600 utet
1962 1559 2088 1615 pro-

519 1635 640 1702 pius
698 1635 1066 1692 accedentium
1105 1637 1309 1693 formas
1343 1639 1630 1706 exprimat,
1662 1651 1726 1692 ac
1750 1637 1898 1693 velut
1925 1651 2086 1707 egre-

514 1724 660 1793 gium
701 1726 1000 1794 speculum,
1041 1741 1228 1782 eorum
1275 1727 1594 1797 quibuscum
1641 1739 1946 1782 sermonem
1984 1725 2104 1780 mia

514 1790 770 1880 scemus',
825 1790 1026 1885 ﬁguras
1078 1790 1424 1886 repraesentet
1465 1833 1479 1870 :
1521 1814 1867 1885 quamobrem
1914 1813 2080 1869 etiam
2111 1790 2156 1846 Β

516 1903 635 1971 ejus
669 1904 854 1959 circuli
900 1921 1112 1962 summe
1164 1907 1400 1963 medium
1447 1915 1691 1962 centrum
1725 1903 1924 1974 pupilla
1980 1917 2080 1973 ap-

518 1994 772 2062 pellatam
803 1995 926 2064 fuit,
959 2001 1248 2052 humanam
1283 2011 1500 2068 semper
1525 1997 1786 2053 exhibens
1819 1995 2077 2066 speciem,

516 2095 576 2140 ut
617 2088 740 2156 quis
784 2103 816 2142 e
859 2090 1080 2160 regione
1117 2090 1406 2160 aspexerit.
1443 2088 1516 2144 Ut
1557 2089 1702 2145 enim
1739 2089 1930 2159 nequit
1961 2087 2080 2144 ﬁeri

515 2189 575 2233 ut
632 2181 754 2249 quis
789 2191 1073 2250 aspectans
1121 2184 1175 2236 in
1218 2183 1492 2251 speculum
1537 2196 1642 2237 non
1699 2181 1881 2237 statim
1927 2193 2079 2236 suam

515 2271 570 2324 in
635 2273 858 2328 materia
929 2273 1154 2343 ﬁguram
1221 2275 1554 2340 adumbret;
1645 2273 1728 2328 sic
1785 2287 1961 2343 neque
2021 2279 2077 2326 nt

514 2361 636 2431 quis
697 2363 923 2418 adverso
967 2363 1114 2417 vultu
1165 2363 1320 2418 alteri
1374 2363 1701 2429 consistens,
1757 2371 1862 2418 non
1924 2378 2078 2418 suam

516 2454 741 2508 formam
788 2455 946 2511 oculo
987 2456 1262 2524 appingat.
1314 2454 1445 2511 Sese
1492 2470 1621 2525 ergo
1684 2456 1931 2510 homines
1991 2455 2077 2509 in-

517 2543 684 2598 vicem
722 2545 1046 2614 aspicientes
1078 2546 1180 2601 sibi
1237 2555 1424 2601 mutuo
1466 2544 1681 2616 specula
1711 2542 2035 2600 eﬂlciuntur.

589 2719 788 2790 Dignus
829 2721 1011 2791 itaque
1043 2723 1096 2776 in
1131 2725 1328 2777 creatis
1377 2723 1738 2779 admiratione
1773 2724 1983 2778 oculus.
2034 2723 2085 2780 Is

515 2811 659 2865 enim
691 2811 855 2866 Deum
891 2827 1107 2882 quoque
1150 2813 1280 2872 mihi
1319 2815 1560 2883 exponit,
1593 2815 1684 2884 qui
1724 2823 1894 2869 totam
1922 2829 2086 2870 accu-

517 2915 634 2956 rate
669 2913 975 2958 creaturam
1011 2904 1300 2974 perdiscat,
1343 2919 1521 2975 exque
1551 2906 1870 2975 operatione
1913 2905 2086 2960 artill-

519 3007 637 3048 cem
681 2995 955 3052 ostendat.
989 2995 1110 3060 Hic,
1140 3012 1209 3052 ex
1246 2997 1312 3051 iis
1351 3011 1471 3067 quat
1500 2997 1726 3052 visibilia
1759 3007 1904 3062 sunt,
1941 2997 2084 3052 invi-

519 3086 697 3141 sibilia
735 3087 928 3143 animat
959 3088 1217 3157 explicat.
1261 3086 1366 3145 Per
1395 3103 1519 3143 eum
1573 3089 1705 3144 solis
1737 3089 1912 3145 habeo
1941 3089 2080 3144 noti-

520 3177 684 3244 tiam,
721 3192 786 3234 ac
830 3178 955 3234 caeli
989 3188 1238 3234 ornatum
1287 3179 1446 3246 novi,
1483 3179 1759 3248 lustroque
1807 3179 2084 3235 stellarum

519 3269 997 3339 pulchritudinem,
1031 3280 1086 3326 et
1117 3281 1275 3327 terra:
1307 3271 1506 3340 basim,
1531 3287 1595 3328 ac
1623 3273 1788 3328 maris
1814 3281 2087 3337 naturam,

525 3361 743 3418 diversa
769 3364 976 3418 semina
1005 3363 1370 3435 arborumque
1395 3365 1736 3430 varietatem,
1760 3379 1823 3420 ac
1845 3363 2090 3420 colorum

524 3453 731 3507 variam
777 3453 1094 3521 tiucturam,
1139 3453 1486 3509 tenebrarum
1527 3456 1740 3510 tristem
1772 3454 1993 3520 faciem,
2027 3469 2094 3511 ac

519 3545 658 3600 lucis
705 3544 1045 3613 splendorem
1074 3587 1090 3612 ,
1120 3547 1303 3601 omnia
1350 3546 1586 3618 denique
1622 3547 1668 3602 si
1717 3561 1823 3618 qua
1855 3547 2094 3602 laudavit

524 3635 668 3690 Deus
715 3636 966 3691 conditor
1008 3637 1080 3691 ³³.
1118 3639 1294 3708 Atque
1351 3640 1520 3704 adeo,
1551 3639 1657 3695 nisi
1706 3648 1852 3695 esset
1881 3640 2090 3706 oculus,

523 3733 834 3781 creatorum
884 3728 1212 3785 universitas
1259 3729 1377 3785 sine
1431 3738 1570 3786 teste
1615 3733 1916 3798 senuisset,
1969 3747 2093 3787 cum

525 3816 704 3873 nullus
727 3817 820 3875 Dei
845 3821 1164 3890 sapientiam
1191 3835 1254 3877 ac
1276 3821 1552 3888 virtutem,
1581 3838 1702 3894 quae
1728 3823 1781 3879 in
1804 3837 1866 3879 ea
1892 3823 2092 3891 elucet,

524 3920 841 3980 aspecturus
870 3921 1033 3968 esset.
1515 3919 1526 3927 ’

595 4000 679 4056 0b
708 4017 828 4057 eam
865 4018 995 4074 ergo
1025 4004 1327 4061 mirabilem
1370 4007 1518 4063 visus
1552 4017 1906 4073 structuram,
1951 4023 2096 4066 nunc

523 4106 744 4163 quoque
789 4093 932 4150 oculi
977 4109 1073 4151 ceu
1109 4105 1532 4168 extemporanca
1578 4100 1861 4156 molitione
1893 4100 2096 4157 conditi

525 4190 671 4247 sunt,
713 4197 821 4252 quo
853 4183 1174 4254 abjectiores
1204 4186 1270 4242 de
1303 4185 1600 4259 Unigenito
1643 4189 1999 4260 cogitationes
2029 4205 2095 4245 ex

525 4273 709 4329 carnis
729 4275 883 4331 nobis
907 4277 1211 4334 humilitate
1237 4279 1616 4348 accendentes,
1642 4282 2093 4339 submoveamus:

527 4380 596 4420 ex
645 4379 920 4438 gestorum
974 4369 1374 4441 magniﬁcentia
1423 4381 1705 4442 angustam
1747 4388 1960 4428 omnem
2001 4373 2098 4428 ab-

2193 547 2252 599 ἐν
2274 544 2354 616 τῷ
2385 543 2612 616 μαλακῷ
2637 544 2700 597 τὸ
2747 541 3130 613 διατεταμένον
3149 558 3163 570 ·
3212 540 3304 593 καὶ
3332 539 3602 604 ποικίλαις
3621 541 3766 612 διήν-

2191 637 2371 690 θισται
2397 640 2515 701 ταῖς
2544 636 2749 708 χρόαις.
2794 635 2868 688 Τὸ
2898 633 3027 704 γοῦν
3055 631 3218 703 μέσον
3257 629 3424 683 αὐτοῦ
3485 630 3583 701 τὴν
3612 648 3762 702 περι-

2190 727 2407 800 γραφὴν
2453 727 2565 799 ἔχει
2609 729 2704 782 τοῦ
2753 727 2977 800 μέλανος
2999 744 3015 759 ·
3050 726 3143 779 καὶ
3181 725 3403 796 ταύτην,
3441 725 3502 778 οὐ
3543 724 3610 778 δι’
3636 724 3760 780 ὅλου

2193 816 2460 888 μονοειδῆ,
2496 816 2635 871 άλλά
2673 819 2939 882 ποικίλοις
2965 817 3074 870 τισὶ
3095 815 3314 879 κύκλοις
3336 815 3724 887 συνδεδεμένην
3741 833 3757 846 ·

2188 908 2282 963 τοῦ
2302 909 2526 982 κέντρου
2555 912 2652 980 μὲν
2677 911 2842 964 αὐτοῦ
2877 911 2971 964 καὶ
3022 908 3186 980 μέσου
3226 907 3286 960 τὸ
3321 906 3614 980 βαθύτερον
3641 906 3760 978 [καὶ

2193 1003 2520 1077 μελάντερον
2537 1003 2606 1076 ²⁸]
2641 1003 2888 1075 ἔχοντος·
2921 1005 3020 1075 τῆς
3053 1003 3110 1056 δὲ
3137 1001 3384 1073 ἐξωτέρω
3407 1002 3759 1074 περιφερείας

2188 1093 2326 1164 πρὸς
2365 1093 2465 1166 τὴν
2505 1092 2830 1165 ξανθοτέραν
2864 1092 3006 1146 κατά
3040 1092 3202 1164 μέρος
3247 1091 3625 1162 ἀποληγούσης
3665 1092 3760 1162 βα-

2189 1183 2315 1253 φήν.
2331 1183 2546 1254 Ταύτης
2560 1182 2756 1248 ἔξωθεν
2775 1183 2836 1236 τὸ
2857 1183 3046 1237 λευκὸν
3073 1181 3482 1253 περιϐέϐληται,
3510 1181 3759 1236 στιλπνὸν

2189 1273 2284 1327 καὶ
2322 1273 2562 1344 διαυγὲς,
2587 1274 2686 1327 οὐκ
2731 1273 3025 1344 ἀκρότατον
3042 1271 3088 1304 ’⁸
3116 1273 3237 1343 ἔχον
3280 1272 3378 1343 τὴν
3411 1270 3714 1344 λευκότητα
3741 1290 3756 1305 ·

2187 1363 2306 1417 ἀλλ’
2335 1365 2394 1417 ἐν
2418 1363 2854 1434 κρυσταλλοειδεῖ
2877 1382 2982 1419 τινι
3024 1366 3118 1419 καὶ
3146 1363 3507 1437 διαυγαζούσῃ
3533 1383 3760 1434 πεποιη-

2189 1454 2350 1526 μένον
2394 1457 2459 1526 τῇ
2504 1457 2706 1526 μορφῇ.
2741 1455 2815 1508 Τὸ
2847 1456 3074 1527 ἐρυθρὸν
3108 1458 3284 1509 κεῖται
3327 1455 3456 1528 περὶ
3489 1457 3588 1527 τὴν
3625 1456 3761 1526 κρή-

2187 1561 2284 1615 νην
2299 1544 2366 1609 ⁸⁸,
2393 1545 2481 1601 ἵνα
2497 1544 2575 1616 τῷ
2594 1544 2772 1616 λευκῷ
2791 1545 2884 1598 καὶ
2905 1544 2982 1616 τῷ
3011 1545 3197 1616 μέλανι
3220 1546 3428 1618 κεράσῃ
3447 1545 3546 1616 τὴν
3573 1543 3752 1617 χάριν.

2201 1637 2327 1691 Ἐπὶ
2363 1635 2592 1702 τούτοις,
2633 1636 2806 1700 οὕτως
2852 1638 2969 1690 ἐστὶ
3002 1636 3230 1707 διαυγὴς
3267 1636 3361 1690 καὶ
3406 1635 3548 1698 λεῖος
3593 1638 3651 1688 ἐν
3688 1637 3757 1708 τῇ

2189 1725 2507 1798 πυκνότητι,
2559 1725 2700 1779 ὥστε
2740 1726 2835 1780 καὶ
2883 1727 2983 1790 τὰς
3026 1726 3132 1779 τῶν
3182 1725 3507 1794 ἐγγιζόντων
3550 1724 3762 1778 είδωλο-

2186 1817 2361 1870 ποιεῖν
2417 1817 2650 1888 μορφάς,
2699 1817 2794 1870 καὶ
2839 1817 3004 1870 οἱονεὶ
3051 1817 3358 1887 κάτοπτρον
3387 1814 3611 1887 ἀκριϐὲς
3647 1814 3758 1868 τῶν

2186 1907 2725 1978 προσδιαλεγομένων
2787 1907 3148 1962 ἐντυποῦσθαι
3199 1907 3328 1970 τοὺς
3384 1907 3756 1978 χαρακτῆρας,

2185 1996 2404 2070 διὸ
2454 1999 2549 2052 καὶ
2587 2000 2648 2053 τὸ
2700 2000 3024 2071 μεσαίτατον
3065 1999 3229 2054 αὐτοῦ
3278 1999 3477 2053 κύκλου
3508 1999 3757 2070 κέντρον,

2187 2088 2624 2160 προσηγόρευται
2670 2091 2828 2162 κόρη,
2863 2091 2950 2144 ἀεὶ
2998 2091 3097 2161 τὴν
3143 2089 3355 2163 μορφὴν
3391 2089 3468 2161 τῷ
3509 2106 3760 2144 καταντι-

2188 2181 2293 2252 κρὺ
2317 2181 2564 2252 βλέποντι
2589 2181 2829 2236 δεικνύον
2857 2182 3228 2255 ἀνθρωπικήν.
3261 2184 3350 2246 Ὧς
3369 2182 3478 2254 γὰρ
3509 2182 3610 2236 οὐκ
3641 2181 3760 2236 ἐστι

2186 2271 2279 2324 τὸν
2311 2271 2522 2343 ὁρῶντα
2559 2273 2639 2336 είς
2682 2273 2985 2346 κάτοπτρον
3039 2273 3115 2345 μὴ
3143 2273 3303 2336 εὐθὺς
3355 2273 3757 2344 ἐνίσκασηται⁸⁸

2187 2364 2253 2433 τῇ
2285 2361 2386 2434 ὕλῃ
2414 2363 2506 2416 τὸν
2544 2363 2674 2417 ῐδιον
2727 2365 3068 2436 χαρακτῆρα·
3126 2363 3270 2418 οὕτω
3337 2364 3429 2417 τὸν
3471 2363 3763 2435 ἀντιπρόσ-

2188 2472 2341 2509 ωπον
2386 2455 2595 2509 ἐστῶτα
2653 2457 2748 2510 τοῦ
2804 2455 3090 2530 ἀνθρώπου
3118 2497 3133 2522 ,
3204 2456 3276 2527 μὴ
3355 2454 3629 2527 ἐγγράψαι
3681 2454 3762 2525 τῷ

2188 2546 2449 2618 ὀφθαλμῷ
2472 2548 2571 2619 τὴν
2600 2549 2806 2602 οἰκείαν
2843 2550 3078 2620 μορφήν.
3117 2548 3210 2611 El;
3234 2547 3495 2619 ἀλλήλους
3523 2545 3652 2615 γοῦν
3674 2545 3763 2601 ἀν-

2190 2636 2396 2708 θρωποι
2431 2635 2718 2707 βλέποντες
2741 2638 2986 2710 ἀλλήλων
3013 2639 3252 2707 γίνονται
3289 2639 3588 2709 κάτοπτρα.

2259 2727 2372 2783 Θαύ
2381 2745 2548 2799 ματος
2573 2729 2750 2784 τοίνυν
2767 2728 2915 2795 ἄξιος
2933 2731 2990 2783 ἐν
3003 2733 3116 2795 τοῖς
3143 2730 3433 2802 κτίσμασιν
3456 2727 3762 2800 ὀφθαλμός.

2191 2811 2360 2882 Οὗτος
2390 2819 2499 2889 γάρ
2535 2837 2624 2890 μοι
2660 2821 2756 2874 καὶ
2786 2821 2919 2875 Θεὸν
2955 2805 3483 2892 ἐρμηνεύει,’πᾶσαν
3520 2818 3765 2892 ἀκριϐῶς

2191 2912 2623 2984 καταμανθάνων
2662 2913 2759 2984 τὴν
2799 2913 2996 2978 κτίσιν,
3043 2913 3150 2964 κάκ
3185 2912 3283 2982 τῆς
3318 2911 3598 2980 ἐνεργείας
3626 2911 3765 2963 ὑπο-

2191 3003 2406 3069 δεικνὺς
2429 3005 2520 3060 τὸν
2544 3004 2810 3076 τεχνίτην·
2833 2997 2987 3069 οὗτος
3006 3006 3068 3057 ἐκ
3092 3004 3197 3058 τῶν
3229 3002 3440 3075 ὁρατῶν
3461 2999 3762 3074 έρμηνεύει

2195 3095 2296 3168 [τῇ
2327 3094 2472 3168 ψυχῇ
2519 3095 2605 3168 ³⁸]
2640 3094 2711 3148 τὰ
2752 3095 2993 3167 ἀόρατα·
3042 3092 3131 3147 διά
3177 3091 3366 3146 τούτου
3423 3091 3532 3164 ἔχω
3562 3091 3768 3160 γνῶσιν

2190 3185 2364 3258 ἡλίου,
2395 3186 2490 3239 καὶ
2519 3185 2747 3257 οὐρανοῦ
2777 3185 2977 3257 κόσμον
3008 3183 3228 3256 ἔμαθον,
3257 3184 3352 3238 καὶ
3387 3182 3584 3246 κάλλος
3601 3181 3766 3236 ἀστέ-

2193 3292 2302 3349 ρων
2335 3275 2619 3348 ἱστόρησα,
2649 3276 2744 3330 καὶ
2774 3276 2879 3346 γῆς
2906 3276 3224 3341 ὑπόστασιν,
3254 3275 3349 3329 καλ⁸
3379 3274 3538 3344 φύσιν
3565 3273 3769 3328 θαλάσ-

2194 3381 2324 3437 σης·
2356 3367 2686 3438 σπερμάτων
2717 3366 2997 3438 διαφορὰν,
3028 3367 3123 3420 καὶ⁸
3150 3366 3332 3436 φυτῶν
3359 3363 3653 3429 ποικιλίαν,
3671 3361 3770 3417 καὶ

2170 3450 2499 3530 ’χρωμάτων
2539 3455 2788 3528 ποικίλην
2821 3456 2997 3528 βαφήν
3021 3473 3036 3486 ·
3082 3457 3304 3520 σκότους
3338 3473 3395 3509 τε
3439 3454 3768 3526 κατήφειαν,

2194 3549 2288 3604 καὶ
2312 3549 2488 3619 φωτὸς
2519 3549 2862 3622 λαμπηδόνα,
2902 3549 2997 3602 καὶ
3025 3549 3204 3603 πάντα
3234 3546 3419 3612 ἁπλῶς
3447 3547 3548 3601 ὅσα
3577 3549 3606 3601 ό
3632 3545 3769 3610 Θεὸς

2195 3639 2391 3703 κτίσας
2433 3637 2719 3712 ἐπῄνεσεν.
2757 3639 2865 3705 Ὦς,
2910 3640 2963 3692 εί
2991 3653 3054 3707 γε
3084 3637 3361 3709 ὀφθαλμὸς
3391 3636 3465 3709 μὴ
3498 3635 3766 3707 ὑπῆρχεν,

2194 3729 2512 3801 ἀμάρτυρος
2563 3729 2630 3783 ἀν
2670 3731 2704 3800 ή
2755 3729 2934 3793 κτίσις
2980 3729 3284 3801 ἐγήρασεν·
3338 3726 3551 3792 οὐδενὸς
3627 3725 3769 3779 καθ-

2194 3822 2429 3893 ορῶντος
2465 3821 2568 3891 τὴν
2607 3818 2805 3892 ἑαυτὴν
2841 3820 2888 3853 ³⁸
2918 3819 3232 3893 σωζομένην
3268 3819 3362 3874 τοῦ
3395 3819 3529 3875 Θεοῦ
3575 3819 3772 3890 σοφίαν

2195 3915 2291 3968 καὶ
2322 3913 2573 3984 δύναμιν.

2268 4005 2368 4058 Διὰ
2391 4003 2595 4075 ταύτην
2619 4003 2799 4058 τοίνυν
2821 4002 2919 4076 τὴν
2946 4003 3267 4076 θαυμαστὴν
3289 4003 3387 4076 τὴν
3405 4003 3584 4074 ὄψεων
3611 4020 3775 4057 κατα-

2199 4095 2401 4166 σκευὴν
2429 4092 2698 4165 ὀφθαλμοὶ
2747 4092 2843 4147 καὶ
2874 4092 2971 4147 νῦν
3027 4091 3358 4163 ἐκτίσθησαν
3401 4092 3770 4164 αὐτοσχέδιοι,

2198 4185 2286 4241 ἵνα
2322 4185 2421 4250 τὰς
2465 4187 2863 4257 μικροπρεπεῖς
2904 4184 3147 4248 ἐννοίας,
3188 4182 3288 4247 τὰς
3371 4201 3407 4238 κ
3439 4184 3538 4254 τῆς
3569 4183 3775 4255 σαρκὸς

2197 4276 2552 4347 ἐγγινομένας
2572 4275 2727 4347 ἡμῖν,
2753 4275 2881 4346 περὶ
2907 4271 2999 4327 τοῦ
3020 4272 3375 4343 Μονογενοῢς,
3411 4273 3772 4345 ἀποθώμεθα.

2197 4371 2264 4440 τῇ
2299 4367 2670 4439 μεγαλουργίᾳ
2694 4365 2802 4420 τῶν
2834 4364 3136 4436 γινομένων
3165 4364 3519 4427 ἐκϐάλλοντες
3543 4364 3641 4436 τὴν
3676 4364 3777 4434 ψυ-

524 4457 838 4530 jectamque
861 4460 1167 4530 Opinionem
1195 4461 1268 4518 ab
1291 4463 1472 4519 animo
1497 4464 1810 4534 ejicientes;
1838 4467 2093 4521 sciamus-

2198 4460 2300 4532 χῆς
2317 4461 2496 4513 πᾶσαν
2517 4458 2779 4528 ὑπόληψιν
2799 4455 3151 4528 μικροπρεπῆ
3169 4457 3264 4510 καὶ
3293 4456 3633 4528 χαμαίζηλον
3678 4457 3725 4489 ιι
3753 4475 3770 4492 ,

530 4563 636 4618 que
691 4549 906 4604 beatum
935 4550 1155 4605 deitatis
1184 4551 1364 4606 lumen
1395 4565 1459 4607 ac
1490 4553 1940 4621 pulchritudinem
1996 4571 2094 4613 vas

531 4649 756 4695 testeum
803 4643 1198 4711 assumpsisse,
1234 4645 1376 4712 quod
1433 4645 1589 4700 nobis
1635 4643 1868 4701 lucerna
1922 4646 2096 4703 instar

531 4731 871 4800 splendorem
918 4734 1309 4788 subministret.
1349 4733 1578 4790 Omnino
1611 4746 1790 4792 autem
1831 4739 1944 4809 ipse
1999 4754 2098 4808 per

535 4841 588 4877 se
621 4822 880 4878 Dominus
901 4833 1085 4889 curat;
1115 4839 1214 4880 nec
1244 4825 1359 4880 solo
1383 4841 1631 4883 sermone
1656 4829 1721 4882 ad
1747 4845 1881 4900 Opus
1903 4832 2090 4898 utitur,

533 4915 621 4984 qui
651 4931 836 4970 rerum
865 4925 1116 4971 ornatum
1157 4916 1465 4973 universum
1508 4929 1780 4989 praecepto
1811 4921 2097 4988 produxis-

528 5015 612 5061 set
639 5005 705 5070 ",
763 5008 856 5076 qui
892 5008 1104 5063 duobus
1155 5009 1396 5064 verbulis
1436 5011 1692 5065 membris
1727 5010 1957 5066 solutum
2001 5013 2098 5066 lto-

530 5099 728 5152 minem
757 5107 994 5154 curasset
1026 5099 1109 5166 ’7;
1142 5100 1269 5170 quin
1297 5110 1351 5156 et
1375 5116 1489 5170 ore,
1523 5110 1576 5158 et
1608 5104 1877 5170 manibus,
1913 5105 2094 5160 omni-

529 5204 634 5258 que
671 5190 776 5244 alia
811 5191 1146 5262 providentia
1185 5193 1484 5250 caecitatem
1531 5204 1703 5261 curat,
1734 5211 1842 5267 quo
1889 5205 2096 5251 certam

527 5297 595 5336 cx
637 5281 798 5336 rebus
850 5283 1008 5338 iidem
1055 5284 1344 5342 incredulis
1381 5285 1565 5343 faciat.
1598 5285 1755 5354 Spuit
1787 5288 1838 5341 in
1875 5295 2095 5350 terram,

528 5387 704 5443 exque
728 5383 884 5443 sputo
909 5375 1077 5431 lutum
1104 5375 1250 5433 facit.
1281 5377 1544 5433 Nimirum
1571 5378 1772 5434 idcirco
1795 5379 1862 5434 ad
1903 5394 2098 5434 curan-

529 5463 656 5518 dum
696 5475 894 5522 terram
936 5468 1217 5535 adhibens,
1255 5485 1362 5540 quo
1395 5469 1664 5535 ostendat,
1699 5484 1764 5523 ex
1807 5469 1997 5524 eodem
2040 5484 2101 5526 sc

602 5580 650 5612 ”
689 5578 818 5634 Gen.
866 5597 903 5640 ι.
933 5581 1021 5637 3i.
1095 5587 1144 5618 “
1184 5585 1322 5642 Psal.
1356 5600 1576 5647 chvm,
1611 5583 1664 5639 5.
1740 5583 1786 5614 ’⁷
1824 5582 1978 5637 Joan.
2011 5601 2061 5647 ν,
2096 5587 2148 5640 8.

533 5661 594 5722 Ct
625 5649 791 5722 Plini.
865 5652 911 5684 ³¹
955 5652 1078 5719 Leg.
1136 5657 1409 5710 ἐνσκιάσοι
1455 5672 1517 5709 cx
1546 5654 1669 5722 ch.
1771 5653 1816 5684 ³³
1855 5653 1928 5709 Ex
1981 5655 2133 5709 l’ltot.

535 5720 684 5774 snex.
737 5723 830 5775 καὶ
875 5725 1098 5795 χαμαίζ.

1201 5727 1244 5759 ³⁵
1287 5728 1408 5796 Seg.
1456 5723 1783 5795 παράλυτον.
1861 5725 1903 5756 ³⁸
1945 5724 2020 5779 Ex
2049 5727 2170 5796 ch.

2201 4550 2555 4622 γνωρίσωμεν
2577 4549 2658 4614 δὲ,
2681 4549 2762 4601 ὅτι
2787 4548 2849 4601 τὸ
2884 4547 3150 4618 μακάριον
3177 4544 3292 4614 φῶς
3323 4546 3420 4598 καὶ
3449 4546 3644 4611 κάλλος
3673 4547 3775 4618 τῆς

2202 4641 2453 4712 θεότητος
2484 4641 2800 4712 ὀστράκινον
2828 4637 3022 4703 σκεῦος
3064 4637 3300 4704 ἐδέξατο,
3330 4637 3610 4692 διακονοῦν
3640 4639 3775 4708 ἡμῖν

2201 4732 2343 4786 κατά
2381 4733 2507 4795 τοὺς
2557 4731 2783 4802 λύχνους
2834 4730 2936 4802 τὴν
2978 4729 3318 4800 λαμπηδόνα.
3361 4729 3664 4799 Αὐτουργεῖ
3715 4727 3777 4782 δὲ

2202 4826 2376 4881 διόλου
2411 4827 2508 4898 τὴν
2547 4825 2842 4896 θεραπείαν
2884 4825 2913 4877 ὁ
2959 4821 3184 4893 Κύριος,
3219 4822 3314 4875 καὶ
3353 4821 3414 4874 οὐ
3450 4820 3595 4892 λόγῳ
3629 4820 3777 4891 μόνῳ

2202 4918 2396 4990 χρῆται
2425 4918 2562 4989 πρὸς
2597 4917 2694 4989 τὴν
2730 4916 3011 4988 ἐνέργειαν
3046 4915 3076 4967 ό
3131 4913 3512 4984 προστάγματι
3542 4911 3642 4983 τὴν
3669 4914 3778 4964 πᾶ-

2204 5026 2302 5064 σαν
2328 5010 2773 5082 ὑποστησάμενος
2788 5007 3166 5079 διακόσμησιν,
3192 5007 3220 5058 ό
3240 5004 3332 5059 δύο
3347 5004 3524 5071 λόγοις
3545 5003 3776 5074 βραχέσι

2201 5105 2294 5160 τὸν
2324 5103 2690 5176 παραλυτικὸν
2726 5104 2771 5136 ³⁸
2812 5099 3154 5174 θεραπεύσας
3174 5117 3188 5130 ·
3233 5096 3365 5152 άλλά
3392 5095 3488 5149 καλ⁵
3520 5097 3774 5167 στόματι,
3805 5140 3818 5154 .

2202 5197 2296 5253 καὶ
2321 5198 2495 5269 χερσὶ,
2511 5198 2604 5250 καὶ
2629 5195 2761 5265 ἄλλῃ
2792 5193 2960 5263 πολλῇ
2991 5191 3216 5263 προνοίᾳ
3237 5185 3531 5260 θεραπεύει
3557 5185 3690 5259 [vim
3703 5185 3775 5260 ³⁸]
3813 5221 3824 5258 ς

2200 5287 2301 5358 τὴν
2326 5285 2652 5356 τυφλότητα,
2694 5286 2780 5338 ⁶ἕνα
2815 5281 3035 5355 βεϐαίαν
3058 5279 3147 5334 διὰ
3172 5279 3279 5332 τῶν
3308 5276 3649 5348 πραγμάτων
3675 5277 3776 5346 ἐμ·
3817 5269 3832 5278 ’

2213 5380 2413 5450 ποιήσῃ
2465 5377 2577 5441 τοῖς
2635 5375 2883 5438 ἀπίστοις
2931 5373 3032 5445 τὴν
3091 5372 3292 5424 πίστιν.
3331 5367 3498 5424 Πτύει
3546 5367 3636 5420 ἐπὶ
3679 5365 3776 5420 τοῦ

2211 5468 2456 5538 ἐδάφους,
2484 5468 2579 5522 καὶ
2611 5465 2689 5537 τῷ
2718 5464 2888 5536 σιάλῳ
2915 5462 3087 5535 πηλὸν
3113 5461 3428 5532 ἐργάζεται,
3472 5461 3538 5530 τῇ
3575 5458 3672 5528 μὲν
3704 5461 3780 5530 γῇ

2227 5586 2274 5619 ³⁸
2303 5585 2374 5639 Ex
2419 5586 2540 5654 ch.

2627 5585 2674 5616 ”
2695 5583 2853 5656 Pltot.
2889 5581 3014 5656 chﬁ.
3041 5582 3356 5656 ἄκρατον.-.
3379 5577 3423 5609 ³ο
3450 5575 3575 5642 ινα,
3611 5578 3782 5656 κόρῃν

2231 5657 2272 5686 ³³
2312 5656 2396 5707 Ἐν
2429 5652 2560 5724 αὐτῇ
2599 5669 2661 5710 cx
2691 5652 2846 5710 Pbot.
2895 5663 2944 5710 ct
2970 5652 3097 5721 ch.

3205 5652 3250 5683 ”
3299 5648 3454 5705 Phot.
3520 5647 3782 5718 ταπεινὴν
