  <div class='ocr_page' id='page_1' title='image "/cluster/home/n/w/nwhite01/storage/ocr_20150623/40/mdp.39015041198055/136.png"; bbox 0 0 4090 6146; ppageno 0'>
   <div class='ocr_carea' id='block_1_1' title="bbox 384 206 3636 345">
    <p class='ocr_par' dir='ltr' id='par_1_1' title="bbox 384 206 3636 345">
     <span class='ocr_line' id='line_1_1' title="bbox 384 206 3636 345; baseline 0.005 -17"><span class='ocrx_word' id='word_1_1' title='bbox 384 270 496 330; x_wconf 72' lang='grc'><strong>257</strong></span> <span class='ocrx_word' id='word_1_2' title='bbox 1307 268 1592 327; x_wconf 80' lang='lat' dir='ltr'><strong>llOMlLlA</strong></span> <span class='ocrx_word' id='word_1_3' title='bbox 1630 271 1738 328; x_wconf 79' lang='grc' dir='ltr'>νιι.</span> <span class='ocrx_word' id='word_1_4' title='bbox 1791 273 1858 328; x_wconf 77' lang='lat' dir='ltr'><strong>IN</strong></span> <span class='ocrx_word' id='word_1_5' title='bbox 1899 274 2160 330; x_wconf 71' lang='lat' dir='ltr'><strong>CASCUM</strong></span> <span class='ocrx_word' id='word_1_6' title='bbox 2202 277 2246 330; x_wconf 86' lang='lat' dir='ltr'><strong>A</strong></span> <span class='ocrx_word' id='word_1_7' title='bbox 2285 276 2722 337; x_wconf 73' lang='lat' dir='ltr'><strong>NATIVITATE.</strong></span> <span class='ocrx_word' id='word_1_8' title='bbox 3529 206 3636 345; x_wconf 70' lang='lat'><strong>9.58</strong></span> 
     </span>
    </p>
   </div>
   <div class='ocr_carea' id='block_1_2' title="bbox 384 387 1947 468">
    <p class='ocr_par' dir='ltr' id='par_1_2' title="bbox 384 387 1947 463">
     <span class='ocr_line' id='line_1_2' title="bbox 384 387 1947 463; baseline 0.001 -17"><span class='ocrx_word' id='word_1_9' title='bbox 384 391 478 446; x_wconf 81' lang='grc' dir='ltr'>διὰ</span> <span class='ocrx_word' id='word_1_10' title='bbox 521 387 680 442; x_wconf 74' lang='grc' dir='ltr'>τοῦτο</span> <span class='ocrx_word' id='word_1_11' title='bbox 727 387 865 460; x_wconf 72' lang='grc' dir='ltr'>πρὸς</span> <span class='ocrx_word' id='word_1_12' title='bbox 915 387 1016 458; x_wconf 75' lang='grc' dir='ltr'>τὴν</span> <span class='ocrx_word' id='word_1_13' title='bbox 1065 388 1360 462; x_wconf 81' lang='grc' dir='ltr'><strong>θεραπείαν</strong></span> <span class='ocrx_word' id='word_1_14' title='bbox 1408 392 1793 463; x_wconf 85' lang='grc' dir='ltr'>συγχρώμενος</span> <span class='ocrx_word' id='word_1_15' title='bbox 1817 432 1833 458; x_wconf 94' lang='grc'><strong>,</strong></span> <span class='ocrx_word' id='word_1_16' title='bbox 1882 394 1947 447; x_wconf 65' lang='grc' dir='ltr'>ἵνα</span> 
     </span>
    </p>
   </div>
   <div class='ocr_carea' id='block_1_3' title="bbox 2048 387 3634 468">
    <p class='ocr_par' dir='ltr' id='par_1_3' title="bbox 2071 395 3634 468">
     <span class='ocr_line' id='line_1_3' title="bbox 2071 395 3634 468; baseline 0.006 -18"><span class='ocrx_word' id='word_1_17' title='bbox 2071 395 2202 464; x_wconf 89' lang='lat' dir='ltr'><strong>luto,</strong></span> <span class='ocrx_word' id='word_1_18' title='bbox 2235 412 2302 453; x_wconf 78' lang='lat' dir='ltr'><strong>ex</strong></span> <span class='ocrx_word' id='word_1_19' title='bbox 2333 413 2440 468; x_wconf 89' lang='lat' dir='ltr'><strong>quo</strong></span> <span class='ocrx_word' id='word_1_20' title='bbox 2471 400 2723 468; x_wconf 76' lang='lat' dir='ltr'><strong>primitus</strong></span> <span class='ocrx_word' id='word_1_21' title='bbox 2758 409 2926 457; x_wconf 84' lang='lat' dir='ltr'><strong>totum</strong></span> <span class='ocrx_word' id='word_1_22' title='bbox 2949 401 3146 458; x_wconf 75' lang='lat' dir='ltr'><strong>animal</strong></span> <span class='ocrx_word' id='word_1_23' title='bbox 3181 402 3466 460; x_wconf 87' lang='lat' dir='ltr'><strong>formatum</strong></span> <span class='ocrx_word' id='word_1_24' title='bbox 3500 407 3634 462; x_wconf 80' lang='lat' dir='ltr'><strong>luis-</strong></span> 
     </span>
    </p>
   </div>
   <div class='ocr_carea' id='block_1_4' title="bbox 379 479 1947 562">
    <p class='ocr_par' dir='ltr' id='par_1_4' title="bbox 379 479 1947 556">
     <span class='ocr_line' id='line_1_4' title="bbox 379 479 1947 556; baseline 0.003 -22"><span class='ocrx_word' id='word_1_25' title='bbox 379 482 554 551; x_wconf 78' lang='grc' dir='ltr'>δείξῃ,</span> <span class='ocrx_word' id='word_1_26' title='bbox 590 481 667 544; x_wconf 84' lang='grc' dir='ltr'><strong>ὡς</strong></span> <span class='ocrx_word' id='word_1_27' title='bbox 692 480 752 546; x_wconf 73' lang='grc' dir='ltr'>ἐξ</span> <span class='ocrx_word' id='word_1_28' title='bbox 777 479 987 552; x_wconf 84' lang='grc' dir='ltr'>ἐκείνου</span> <span class='ocrx_word' id='word_1_29' title='bbox 1009 480 1104 533; x_wconf 82' lang='grc' dir='ltr'>τοῦ</span> <span class='ocrx_word' id='word_1_30' title='bbox 1127 480 1248 551; x_wconf 83' lang='grc' dir='ltr'>χοῦ,</span> <span class='ocrx_word' id='word_1_31' title='bbox 1281 481 1402 534; x_wconf 79' lang='grc' dir='ltr'>ὅθεν</span> <span class='ocrx_word' id='word_1_32' title='bbox 1422 483 1480 536; x_wconf 79' lang='grc' dir='ltr'>ὲν</span> <span class='ocrx_word' id='word_1_33' title='bbox 1499 484 1643 554; x_wconf 79' lang='grc' dir='ltr'>ἀρχῇ</span> <span class='ocrx_word' id='word_1_34' title='bbox 1670 483 1947 556; x_wconf 64' lang='grc' dir='ltr'>ὁλόκληροι</span> 
     </span>
    </p>
   </div>
   <div class='ocr_carea' id='block_1_5' title="bbox 2048 479 3635 562">
    <p class='ocr_par' dir='ltr' id='par_1_5' title="bbox 2071 491 3635 562">
     <span class='ocr_line' id='line_1_5' title="bbox 2071 491 3635 562; baseline 0.005 -20"><span class='ocrx_word' id='word_1_35' title='bbox 2071 497 2176 552; x_wconf 88' lang='lat' dir='ltr'><strong>set,</strong></span> <span class='ocrx_word' id='word_1_36' title='bbox 2207 504 2350 543; x_wconf 88' lang='lat' dir='ltr'><strong>nunc</strong></span> <span class='ocrx_word' id='word_1_37' title='bbox 2384 504 2599 560; x_wconf 89' lang='lat' dir='ltr'><strong>quoque</strong></span> <span class='ocrx_word' id='word_1_38' title='bbox 2628 491 2890 562; x_wconf 89' lang='lat' dir='ltr'><strong>reliquum</strong></span> <span class='ocrx_word' id='word_1_39' title='bbox 2920 493 3220 550; x_wconf 87' lang='lat' dir='ltr'><strong>membrum</strong></span> <span class='ocrx_word' id='word_1_40' title='bbox 3247 496 3501 552; x_wconf 84' lang='lat' dir='ltr'><strong>condere.</strong></span> <span class='ocrx_word' id='word_1_41' title='bbox 3534 496 3635 552; x_wconf 88' lang='lat' dir='ltr'><strong>Sa-</strong></span> 
     </span>
    </p>
   </div>
   <div class='ocr_carea' id='block_1_6' title="bbox 379 571 1947 656">
    <p class='ocr_par' dir='ltr' id='par_1_6' title="bbox 379 571 1947 646">
     <span class='ocr_line' id='line_1_6' title="bbox 379 571 1947 646; baseline 0.001 -19"><span class='ocrx_word' id='word_1_42' title='bbox 379 573 630 643; x_wconf 78' lang='grc' dir='ltr'>ὲπλὸισθη</span> <span class='ocrx_word' id='word_1_43' title='bbox 674 573 735 625; x_wconf 86' lang='grc' dir='ltr'>τὺ</span> <span class='ocrx_word' id='word_1_44' title='bbox 783 571 941 636; x_wconf 77' lang='grc' dir='ltr'>ζῶον,</span> <span class='ocrx_word' id='word_1_45' title='bbox 974 573 1069 626; x_wconf 72' lang='grc' dir='ltr'>καὶ</span> <span class='ocrx_word' id='word_1_46' title='bbox 1109 573 1170 625; x_wconf 83' lang='grc' dir='ltr'><strong>τὸ</strong></span> <span class='ocrx_word' id='word_1_47' title='bbox 1204 572 1388 626; x_wconf 82' lang='grc' dir='ltr'>λοιπὸν</span> <span class='ocrx_word' id='word_1_48' title='bbox 1420 573 1622 645; x_wconf 82' lang='grc' dir='ltr'><strong>ἀρτίως</strong></span> <span class='ocrx_word' id='word_1_49' title='bbox 1660 573 1825 646; x_wconf 87' lang='grc' dir='ltr'>μέρος</span> <span class='ocrx_word' id='word_1_50' title='bbox 1861 574 1947 646; x_wconf 85' lang='grc' dir='ltr'>δη-</span> 
     </span>
    </p>
   </div>
   <div class='ocr_carea' id='block_1_7' title="bbox 2048 571 3635 656">
    <p class='ocr_par' dir='ltr' id='par_1_7' title="bbox 2066 577 3635 656">
     <span class='ocr_line' id='line_1_7' title="bbox 2066 577 3635 656; baseline 0.006 -25"><span class='ocrx_word' id='word_1_51' title='bbox 2066 577 2170 632; x_wconf 87' lang='lat' dir='ltr'><strong>liva</strong></span> <span class='ocrx_word' id='word_1_52' title='bbox 2210 589 2390 636; x_wconf 89' lang='lat' dir='ltr'><strong>autem</strong></span> <span class='ocrx_word' id='word_1_53' title='bbox 2442 580 2572 635; x_wconf 91' lang='lat' dir='ltr'><strong>illud</strong></span> <span class='ocrx_word' id='word_1_54' title='bbox 2623 584 2828 648; x_wconf 89' lang='lat' dir='ltr'><strong>sarcit,</strong></span> <span class='ocrx_word' id='word_1_55' title='bbox 2863 598 2926 638; x_wconf 78' lang='lat' dir='ltr'><strong>ac</strong></span> <span class='ocrx_word' id='word_1_56' title='bbox 2969 585 3283 656; x_wconf 87' lang='lat' dir='ltr'><strong>dissipatmn</strong></span> <span class='ocrx_word' id='word_1_57' title='bbox 3333 600 3635 654; x_wconf 76' lang='lat' dir='ltr'><strong>expersque</strong></span> 
     </span>
    </p>
   </div>
   <div class='ocr_carea' id='block_1_8' title="bbox 381 662 1947 746">
    <p class='ocr_par' dir='ltr' id='par_1_8' title="bbox 381 662 1947 736">
     <span class='ocr_line' id='line_1_8' title="bbox 381 662 1947 736; baseline 0 -17"><span class='ocrx_word' id='word_1_58' title='bbox 381 667 746 736; x_wconf 83' lang='grc' dir='ltr'>μιουργείται.</span> <span class='ocrx_word' id='word_1_59' title='bbox 794 662 970 733; x_wconf 87' lang='grc' dir='ltr'>Σιάλῳ</span> <span class='ocrx_word' id='word_1_60' title='bbox 994 663 1051 718; x_wconf 85' lang='grc' dir='ltr'>δὲ</span> <span class='ocrx_word' id='word_1_61' title='bbox 1086 662 1244 717; x_wconf 82' lang='grc' dir='ltr'>τοῦτο</span> <span class='ocrx_word' id='word_1_62' title='bbox 1290 664 1682 735; x_wconf 79' lang='grc' dir='ltr'>ἀναλαμσάνει,</span> <span class='ocrx_word' id='word_1_63' title='bbox 1714 666 1808 719; x_wconf 79' lang='grc' dir='ltr'><strong>καὶ</strong></span> <span class='ocrx_word' id='word_1_64' title='bbox 1841 682 1947 719; x_wconf 78' lang='grc' dir='ltr'><strong>συν</strong></span> 
     </span>
    </p>
   </div>
   <div class='ocr_carea' id='block_1_9' title="bbox 2048 662 3632 746">
    <p class='ocr_par' dir='ltr' id='par_1_9' title="bbox 2065 669 3632 746">
     <span class='ocr_line' id='line_1_9' title="bbox 2065 669 3632 746; baseline 0.004 -21"><span class='ocrx_word' id='word_1_65' title='bbox 2065 669 2290 742; x_wconf 73' lang='lat' dir='ltr'><strong>glutinis</strong></span> <span class='ocrx_word' id='word_1_66' title='bbox 2339 673 2582 728; x_wconf 84' lang='lat' dir='ltr'><strong>continet</strong></span> <span class='ocrx_word' id='word_1_67' title='bbox 2627 675 2938 744; x_wconf 82' lang='lat' dir='ltr'><strong>pulverem,</strong></span> <span class='ocrx_word' id='word_1_68' title='bbox 2989 691 3097 746; x_wconf 89' lang='lat' dir='ltr'><strong>quo</strong></span> <span class='ocrx_word' id='word_1_69' title='bbox 3146 676 3302 732; x_wconf 87' lang='lat' dir='ltr'><strong>nobis</strong></span> <span class='ocrx_word' id='word_1_70' title='bbox 3349 678 3632 746; x_wconf 85' lang='lat' dir='ltr'><strong>perspicue</strong></span> 
     </span>
    </p>
   </div>
   <div class='ocr_carea' id='block_1_10' title="bbox 378 754 1960 828">
    <p class='ocr_par' dir='ltr' id='par_1_10' title="bbox 378 754 1960 828">
     <span class='ocr_line' id='line_1_10' title="bbox 378 754 1960 828; baseline -0.003 -17"><span class='ocrx_word' id='word_1_71' title='bbox 378 758 496 828; x_wconf 77' lang='grc' dir='ltr'>έχει</span> <span class='ocrx_word' id='word_1_72' title='bbox 541 756 634 809; x_wconf 73' lang='grc' dir='ltr'>τὸν</span> <span class='ocrx_word' id='word_1_73' title='bbox 676 754 1076 825; x_wconf 81' lang='grc' dir='ltr'><strong>ἐσκεδασμένον</strong></span> <span class='ocrx_word' id='word_1_74' title='bbox 1115 755 1206 808; x_wconf 76' lang='grc' dir='ltr'>καὶ</span> <span class='ocrx_word' id='word_1_75' title='bbox 1241 754 1556 826; x_wconf 86' lang='grc' dir='ltr'>ἀκόλλητον,</span> <span class='ocrx_word' id='word_1_76' title='bbox 1597 755 1684 810; x_wconf 78' lang='grc' dir='ltr'><strong>ἵνα</strong></span> <span class='ocrx_word' id='word_1_77' title='bbox 1707 755 1960 826; x_wconf 81' lang='grc' dir='ltr'><strong>φανερῶς</strong></span> 
     </span>
    </p>
   </div>
   <div class='ocr_carea' id='block_1_11' title="bbox 378 845 1956 920">
    <p class='ocr_par' dir='ltr' id='par_1_11' title="bbox 378 845 1956 920">
     <span class='ocr_line' id='line_1_11' title="bbox 378 845 1956 920; baseline -0.001 -18"><span class='ocrx_word' id='word_1_78' title='bbox 378 851 511 920; x_wconf 81' lang='grc' dir='ltr'>ἡμῖν</span> <span class='ocrx_word' id='word_1_79' title='bbox 543 848 722 918; x_wconf 87' lang='grc' dir='ltr'>δείξῃ.</span> <span class='ocrx_word' id='word_1_80' title='bbox 773 847 856 900; x_wconf 81' lang='grc' dir='ltr'>ὅτι</span> <span class='ocrx_word' id='word_1_81' title='bbox 898 850 964 919; x_wconf 84' lang='grc' dir='ltr'>τῇ</span> <span class='ocrx_word' id='word_1_82' title='bbox 1005 847 1233 916; x_wconf 84' lang='grc' dir='ltr'>δυνάμει</span> <span class='ocrx_word' id='word_1_83' title='bbox 1271 845 1366 899; x_wconf 80' lang='grc' dir='ltr'>τοῦ</span> <span class='ocrx_word' id='word_1_84' title='bbox 1409 845 1672 917; x_wconf 85' lang='grc' dir='ltr'>στόματος</span> <span class='ocrx_word' id='word_1_85' title='bbox 1714 845 1878 900; x_wconf 75' lang='grc' dir='ltr'>αὐτοῦ</span> <span class='ocrx_word' id='word_1_86' title='bbox 1927 849 1956 900; x_wconf 87' lang='grc' dir='ltr'>ὁ</span> 
     </span>
    </p>
   </div>
   <div class='ocr_carea' id='block_1_12' title="bbox 375 935 1956 1008">
    <p class='ocr_par' dir='ltr' id='par_1_12' title="bbox 375 935 1956 1008">
     <span class='ocr_line' id='line_1_12' title="bbox 375 935 1956 1008; baseline -0.002 -16"><span class='ocrx_word' id='word_1_87' title='bbox 375 939 552 1007; x_wconf 81' lang='grc' dir='ltr'><strong>Λόγος</strong></span> <span class='ocrx_word' id='word_1_88' title='bbox 591 937 658 990; x_wconf 90' lang='grc' dir='ltr'><strong>τά</strong></span> <span class='ocrx_word' id='word_1_89' title='bbox 695 936 873 992; x_wconf 86' lang='grc' dir='ltr'>πάντα</span> <span class='ocrx_word' id='word_1_90' title='bbox 912 935 1263 1006; x_wconf 78' lang='grc' dir='ltr'><strong>κατώρθωσε.</strong></span> <span class='ocrx_word' id='word_1_91' title='bbox 1326 935 1410 1001; x_wconf 83' lang='grc' dir='ltr'><strong>Τῷ</strong></span> <span class='ocrx_word' id='word_1_92' title='bbox 1449 938 1608 1004; x_wconf 76' lang='grc' dir='ltr'>,λόγῳ</span> <span class='ocrx_word' id='word_1_93' title='bbox 1655 936 1763 1007; x_wconf 76' lang='grc' dir='ltr'><strong>γὰρ</strong></span> <span class='ocrx_word' id='word_1_94' title='bbox 1816 935 1956 1008; x_wconf 87' lang='grc' dir='ltr'><strong>[Κυ-</strong></span> 
     </span>
    </p>
   </div>
   <div class='ocr_carea' id='block_1_13' title="bbox 2065 761 3629 837">
    <p class='ocr_par' dir='ltr' id='par_1_13' title="bbox 2065 761 3629 837">
     <span class='ocr_line' id='line_1_13' title="bbox 2065 761 3629 837; baseline 0.002 -21"><span class='ocrx_word' id='word_1_95' title='bbox 2065 761 2317 816; x_wconf 87' lang='lat' dir='ltr'><strong>ostendat</strong></span> <span class='ocrx_word' id='word_1_96' title='bbox 2339 765 2519 818; x_wconf 86' lang='lat' dir='ltr'><strong>omnia</strong></span> <span class='ocrx_word' id='word_1_97' title='bbox 2554 762 2786 818; x_wconf 86' lang='lat' dir='ltr'><strong>Verbum</strong></span> <span class='ocrx_word' id='word_1_98' title='bbox 2830 767 3031 821; x_wconf 86' lang='lat' dir='ltr'><strong>virtute</strong></span> <span class='ocrx_word' id='word_1_99' title='bbox 3057 767 3170 823; x_wconf 88' lang='lat' dir='ltr'><strong>oris</strong></span> <span class='ocrx_word' id='word_1_100' title='bbox 3205 767 3288 822; x_wconf 91' lang='lat' dir='ltr'><strong>sui</strong></span> <span class='ocrx_word' id='word_1_101' title='bbox 3320 768 3629 837; x_wconf 73' lang='lat' dir='ltr'><strong>peregisse:</strong></span> 
     </span>
    </p>
   </div>
   <div class='ocr_carea' id='block_1_14' title="bbox 2065 845 3631 920">
    <p class='ocr_par' dir='ltr' id='par_1_14' title="bbox 2065 845 3631 920">
     <span class='ocr_line' id='line_1_14' title="bbox 2065 845 3631 920; baseline 0.001 -20"><span class='ocrx_word' id='word_1_102' title='bbox 2065 845 2196 900; x_wconf 87' lang='lat' dir='ltr'><strong>Nam</strong></span> <span class='ocrx_word' id='word_1_103' title='bbox 2215 887 2230 911; x_wconf 91' lang='lat'><strong>,</strong></span> <span class='ocrx_word' id='word_1_104' title='bbox 2279 845 2448 900; x_wconf 84' lang='lat' dir='ltr'><strong>Verbo</strong></span> <span class='ocrx_word' id='word_1_105' title='bbox 2476 846 2684 902; x_wconf 82' lang='lat' dir='ltr'><strong>Domini</strong></span> <span class='ocrx_word' id='word_1_106' title='bbox 2706 849 2818 902; x_wconf 76' lang='lat' dir='ltr'><strong>caeli</strong></span> <span class='ocrx_word' id='word_1_107' title='bbox 2836 849 3034 918; x_wconf 78' lang='lat' dir='ltr'><strong>ﬁrmati</strong></span> <span class='ocrx_word' id='word_1_108' title='bbox 3060 861 3204 916; x_wconf 80' lang='lat' dir='ltr'><strong>sunt,</strong></span> <span class='ocrx_word' id='word_1_109' title='bbox 3229 861 3278 905; x_wconf 84' lang='lat' dir='ltr'><strong>et</strong></span> <span class='ocrx_word' id='word_1_110' title='bbox 3301 851 3496 920; x_wconf 76' lang='lat' dir='ltr'><strong>spiritu</strong></span> <span class='ocrx_word' id='word_1_111' title='bbox 3522 851 3631 904; x_wconf 78' lang='lat' dir='ltr'><strong>oris</strong></span> 
     </span>
    </p>
   </div>
   <div class='ocr_carea' id='block_1_15' title="bbox 2061 938 2873 1006">
    <p class='ocr_par' dir='ltr' id='par_1_15' title="bbox 2061 938 2873 1006">
     <span class='ocr_line' id='line_1_15' title="bbox 2061 938 2873 1006; baseline 0.004 -16"><span class='ocrx_word' id='word_1_112' title='bbox 2061 938 2177 1006; x_wconf 79' lang='lat' dir='ltr'><strong>ejus</strong></span> <span class='ocrx_word' id='word_1_113' title='bbox 2205 941 2372 992; x_wconf 87' lang='lat' dir='ltr'><strong>omnis</strong></span> <span class='ocrx_word' id='word_1_114' title='bbox 2406 940 2570 992; x_wconf 78' lang='lat' dir='ltr'><strong>virtus</strong></span> <span class='ocrx_word' id='word_1_115' title='bbox 2600 956 2779 995; x_wconf 84' lang='lat' dir='ltr'><strong>eorum</strong></span> <span class='ocrx_word' id='word_1_116' title='bbox 2808 940 2873 993; x_wconf 67' lang='grc'><strong>⁸⁵⁸⁵.</strong></span> 
     </span>
    </p>
   </div>
   <div class='ocr_carea' id='block_1_16' title="bbox 376 1026 3631 1106">
    <p class='ocr_par' dir='ltr' id='par_1_16' title="bbox 376 1026 3631 1106">
     <span class='ocr_line' id='line_1_16' title="bbox 376 1026 3631 1106; baseline 0.003 -24"><span class='ocrx_word' id='word_1_117' title='bbox 376 1030 514 1098; x_wconf 84' lang='grc' dir='ltr'><strong>ρίου</strong></span> <span class='ocrx_word' id='word_1_118' title='bbox 546 1027 614 1099; x_wconf 71' lang='grc' dir='ltr'><strong>π]</strong></span> <span class='ocrx_word' id='word_1_119' title='bbox 648 1031 702 1082; x_wconf 76' lang='grc' dir='ltr'>οἱ</span> <span class='ocrx_word' id='word_1_120' title='bbox 758 1027 1001 1096; x_wconf 71' lang='grc' dir='ltr'>οὐρανοί</span> <span class='ocrx_word' id='word_1_121' title='bbox 1056 1026 1530 1096; x_wconf 79' lang='grc' dir='ltr'><strong>ἐστερεώθησαν,</strong></span> <span class='ocrx_word' id='word_1_122' title='bbox 1585 1029 1683 1090; x_wconf 78' lang='grc' dir='ltr'>καὶ</span> <span class='ocrx_word' id='word_1_123' title='bbox 1721 1027 1802 1095; x_wconf 82' lang='grc' dir='ltr'>τῷ</span> <span class='ocrx_word' id='word_1_124' title='bbox 1859 1029 2149 1099; x_wconf 79' lang='grc' dir='ltr'>πνεύματι</span> <span class='ocrx_word' id='word_1_125' title='bbox 2198 1031 2307 1086; x_wconf 85' lang='grc' dir='ltr'>τοῦ</span> <span class='ocrx_word' id='word_1_126' title='bbox 2359 1034 2656 1102; x_wconf 80' lang='grc' dir='ltr'>στόματος</span> <span class='ocrx_word' id='word_1_127' title='bbox 2698 1034 2883 1088; x_wconf 80' lang='grc' dir='ltr'>αὐτοῦ</span> <span class='ocrx_word' id='word_1_128' title='bbox 2925 1033 3094 1090; x_wconf 82' lang='grc' dir='ltr'>πᾶσα</span> <span class='ocrx_word' id='word_1_129' title='bbox 3145 1036 3182 1104; x_wconf 72' lang='grc' dir='ltr'><strong><em>ἡ</em></strong></span> <span class='ocrx_word' id='word_1_130' title='bbox 3225 1035 3478 1106; x_wconf 77' lang='grc' dir='ltr'>δύναμις</span> <span class='ocrx_word' id='word_1_131' title='bbox 3531 1038 3631 1091; x_wconf 80' lang='grc' dir='ltr'><strong>αὐ-</strong></span> 
     </span>
    </p>
   </div>
   <div class='ocr_carea' id='block_1_17' title="bbox 376 1144 517 1181">
    <p class='ocr_par' dir='ltr' id='par_1_17' title="bbox 376 1144 517 1181">
     <span class='ocr_line' id='line_1_17' title="bbox 376 1144 517 1181; baseline 0 -1"><span class='ocrx_word' id='word_1_132' title='bbox 376 1144 517 1181; x_wconf 74' lang='grc' dir='ltr'>των.</span> 
     </span>
    </p>
   </div>
   <div class='ocr_carea' id='block_1_18' title="bbox 450 1212 1958 1284">
    <p class='ocr_par' dir='ltr' id='par_1_18' title="bbox 450 1212 1958 1284">
     <span class='ocr_line' id='line_1_18' title="bbox 450 1212 1958 1284; baseline 0.001 -17"><span class='ocrx_word' id='word_1_133' title='bbox 450 1215 603 1284; x_wconf 84' lang='grc' dir='ltr'>Τάχα</span> <span class='ocrx_word' id='word_1_134' title='bbox 639 1213 697 1267; x_wconf 84' lang='grc' dir='ltr'>δὲ</span> <span class='ocrx_word' id='word_1_135' title='bbox 732 1213 826 1268; x_wconf 81' lang='grc' dir='ltr'><strong>καὶ</strong></span> <span class='ocrx_word' id='word_1_136' title='bbox 869 1212 957 1266; x_wconf 78' lang='grc' dir='ltr'>διὰ</span> <span class='ocrx_word' id='word_1_137' title='bbox 989 1213 1146 1266; x_wconf 76' lang='grc' dir='ltr'>τοῦτο</span> <span class='ocrx_word' id='word_1_138' title='bbox 1177 1213 1361 1268; x_wconf 87' lang='grc' dir='ltr'>πτύων</span> <span class='ocrx_word' id='word_1_139' title='bbox 1399 1213 1708 1284; x_wconf 79' lang='grc' dir='ltr'>θεραπεύει,</span> <span class='ocrx_word' id='word_1_140' title='bbox 1746 1215 1831 1268; x_wconf 82' lang='grc' dir='ltr'><strong>ἵνα</strong></span> <span class='ocrx_word' id='word_1_141' title='bbox 1865 1233 1958 1269; x_wconf 85' lang='grc' dir='ltr'>κα-</span> 
     </span>
    </p>
   </div>
   <div class='ocr_carea' id='block_1_19' title="bbox 2133 1211 3631 1284">
    <p class='ocr_par' dir='ltr' id='par_1_19' title="bbox 2133 1211 3631 1284">
     <span class='ocr_line' id='line_1_19' title="bbox 2133 1211 3631 1284; baseline 0.001 -18"><span class='ocrx_word' id='word_1_142' title='bbox 2133 1212 2296 1267; x_wconf 89' lang='lat' dir='ltr'><strong>Forle</strong></span> <span class='ocrx_word' id='word_1_143' title='bbox 2322 1221 2498 1266; x_wconf 87' lang='lat' dir='ltr'><strong>autem</strong></span> <span class='ocrx_word' id='word_1_144' title='bbox 2527 1211 2729 1268; x_wconf 90' lang='lat' dir='ltr'><strong>idcirco</strong></span> <span class='ocrx_word' id='word_1_145' title='bbox 2751 1211 2916 1266; x_wconf 83' lang='lat' dir='ltr'><strong>etiam</strong></span> <span class='ocrx_word' id='word_1_146' title='bbox 2948 1212 3188 1280; x_wconf 85' lang='lat' dir='ltr'><strong>spueudo</strong></span> <span class='ocrx_word' id='word_1_147' title='bbox 3212 1225 3385 1279; x_wconf 88' lang='lat' dir='ltr'><strong>curat,</strong></span> <span class='ocrx_word' id='word_1_148' title='bbox 3409 1230 3517 1284; x_wconf 78' lang='lat' dir='ltr'><strong>quo</strong></span> <span class='ocrx_word' id='word_1_149' title='bbox 3537 1230 3631 1269; x_wconf 89' lang='lat' dir='ltr'><strong>eos</strong></span> 
     </span>
    </p>
   </div>
   <div class='ocr_carea' id='block_1_20' title="bbox 375 1303 1947 1378">
    <p class='ocr_par' dir='ltr' id='par_1_20' title="bbox 375 1303 1947 1378">
     <span class='ocr_line' id='line_1_20' title="bbox 375 1303 1947 1378; baseline 0.001 -20"><span class='ocrx_word' id='word_1_150' title='bbox 375 1304 580 1376; x_wconf 77' lang='grc' dir='ltr'>τανύξῃ</span> <span class='ocrx_word' id='word_1_151' title='bbox 629 1304 769 1374; x_wconf 88' lang='grc' dir='ltr'>πρὸς</span> <span class='ocrx_word' id='word_1_152' title='bbox 802 1303 966 1373; x_wconf 76' lang='grc' dir='ltr'>φόϐον</span> <span class='ocrx_word' id='word_1_153' title='bbox 1017 1305 1144 1368; x_wconf 73' lang='grc' dir='ltr'>τοὺς</span> <span class='ocrx_word' id='word_1_154' title='bbox 1192 1305 1387 1376; x_wconf 86' lang='grc' dir='ltr'>μικρὸν</span> <span class='ocrx_word' id='word_1_155' title='bbox 1436 1305 1660 1376; x_wconf 79' lang='grc' dir='ltr'>ὕστερον</span> <span class='ocrx_word' id='word_1_156' title='bbox 1713 1305 1947 1378; x_wconf 55' lang='grc' dir='ltr'>ὑϐρίζειν</span> 
     </span>
    </p>
   </div>
   <div class='ocr_carea' id='block_1_21' title="bbox 2048 1303 3630 1378">
    <p class='ocr_par' dir='ltr' id='par_1_21' title="bbox 2067 1303 3630 1374">
     <span class='ocr_line' id='line_1_21' title="bbox 2067 1303 3630 1374; baseline -0.002 -14"><span class='ocrx_word' id='word_1_157' title='bbox 2067 1307 2134 1360; x_wconf 90' lang='lat' dir='ltr'><strong>ad</strong></span> <span class='ocrx_word' id='word_1_158' title='bbox 2184 1314 2388 1360; x_wconf 88' lang='lat' dir='ltr'><strong>metum</strong></span> <span class='ocrx_word' id='word_1_159' title='bbox 2442 1311 2788 1372; x_wconf 80' lang='lat' dir='ltr'><strong>compungat,</strong></span> <span class='ocrx_word' id='word_1_160' title='bbox 2835 1303 2925 1372; x_wconf 87' lang='lat' dir='ltr'><strong>qui</strong></span> <span class='ocrx_word' id='word_1_161' title='bbox 2978 1304 3124 1358; x_wconf 83' lang='lat' dir='ltr'><strong>brevi</strong></span> <span class='ocrx_word' id='word_1_162' title='bbox 3174 1314 3296 1374; x_wconf 83' lang='lat' dir='ltr'><strong>post</strong></span> <span class='ocrx_word' id='word_1_163' title='bbox 3320 1307 3630 1372; x_wconf 75' lang='lat' dir='ltr'><strong>exspucndo</strong></span> 
     </span>
    </p>
   </div>
   <div class='ocr_carea' id='block_1_22' title="bbox 375 1393 1947 1468">
    <p class='ocr_par' dir='ltr' id='par_1_22' title="bbox 375 1393 1947 1468">
     <span class='ocr_line' id='line_1_22' title="bbox 375 1393 1947 1468; baseline 0.002 -22"><span class='ocrx_word' id='word_1_164' title='bbox 375 1397 488 1457; x_wconf 84' lang='grc' dir='ltr'>τοῖς</span> <span class='ocrx_word' id='word_1_165' title='bbox 507 1393 686 1463; x_wconf 77' lang='grc' dir='ltr'>ὲμπτύ</span> <span class='ocrx_word' id='word_1_166' title='bbox 695 1410 862 1464; x_wconf 88' lang='grc' dir='ltr'>σμασι</span> <span class='ocrx_word' id='word_1_167' title='bbox 887 1393 1178 1463; x_wconf 86' lang='grc' dir='ltr'>μέλλοντας</span> <span class='ocrx_word' id='word_1_168' title='bbox 1194 1411 1208 1425; x_wconf 89' lang='grc'><strong>·</strong></span> <span class='ocrx_word' id='word_1_169' title='bbox 1229 1397 1321 1449; x_wconf 75' lang='grc' dir='ltr'><strong>καὶ</strong></span> <span class='ocrx_word' id='word_1_170' title='bbox 1340 1397 1488 1468; x_wconf 84' lang='grc' dir='ltr'>ὅμως</span> <span class='ocrx_word' id='word_1_171' title='bbox 1506 1396 1605 1450; x_wconf 85' lang='grc' dir='ltr'><strong>ούκ</strong></span> <span class='ocrx_word' id='word_1_172' title='bbox 1636 1395 1947 1468; x_wconf 77' lang='grc' dir='ltr'>ὲδυσώπησε</span> 
     </span>
    </p>
   </div>
   <div class='ocr_carea' id='block_1_23' title="bbox 2048 1393 3628 1468">
    <p class='ocr_par' dir='ltr' id='par_1_23' title="bbox 2063 1393 3628 1462">
     <span class='ocr_line' id='line_1_23' title="bbox 2063 1393 3628 1462; baseline -0.001 -10"><span class='ocrx_word' id='word_1_173' title='bbox 2063 1396 2316 1462; x_wconf 88' lang='lat' dir='ltr'><strong>injuriam</strong></span> <span class='ocrx_word' id='word_1_174' title='bbox 2353 1394 2549 1449; x_wconf 82' lang='lat' dir='ltr'><strong>facturi</strong></span> <span class='ocrx_word' id='word_1_175' title='bbox 2603 1404 2778 1449; x_wconf 89' lang='lat' dir='ltr'><strong>erant.</strong></span> <span class='ocrx_word' id='word_1_176' title='bbox 2825 1393 2934 1449; x_wconf 90' lang='lat' dir='ltr'><strong>Nec</strong></span> <span class='ocrx_word' id='word_1_177' title='bbox 2987 1393 3066 1449; x_wconf 91' lang='lat' dir='ltr'><strong>sic</strong></span> <span class='ocrx_word' id='word_1_178' title='bbox 3107 1403 3286 1450; x_wconf 87' lang='lat' dir='ltr'><strong>tamen</strong></span> <span class='ocrx_word' id='word_1_179' title='bbox 3333 1395 3628 1451; x_wconf 88' lang='lat' dir='ltr'><strong>furentium</strong></span> 
     </span>
    </p>
   </div>
   <div class='ocr_carea' id='block_1_24' title="bbox 373 1483 1947 1560">
    <p class='ocr_par' dir='ltr' id='par_1_24' title="bbox 373 1485 1947 1560">
     <span class='ocr_line' id='line_1_24' title="bbox 373 1485 1947 1560; baseline 0.002 -21"><span class='ocrx_word' id='word_1_180' title='bbox 373 1487 484 1540; x_wconf 86' lang='grc' dir='ltr'><strong>τῶν</strong></span> <span class='ocrx_word' id='word_1_181' title='bbox 507 1486 851 1555; x_wconf 78' lang='grc' dir='ltr'>μαινομένων</span> <span class='ocrx_word' id='word_1_182' title='bbox 878 1485 938 1539; x_wconf 82' lang='grc' dir='ltr'><strong>τὸ</strong></span> <span class='ocrx_word' id='word_1_183' title='bbox 961 1485 1182 1556; x_wconf 79' lang='grc' dir='ltr'>θράσος,</span> <span class='ocrx_word' id='word_1_184' title='bbox 1209 1487 1324 1539; x_wconf 84' lang='grc' dir='ltr'>ἀλλ’</span> <span class='ocrx_word' id='word_1_185' title='bbox 1355 1487 1658 1560; x_wconf 81' lang='grc' dir='ltr'>ὲνεπτύσθη</span> <span class='ocrx_word' id='word_1_186' title='bbox 1687 1487 1884 1554; x_wconf 82' lang='grc' dir='ltr'>πολλὰ,</span> <span class='ocrx_word' id='word_1_187' title='bbox 1924 1490 1947 1542; x_wconf 75' lang='grc' dir='ltr'><strong>ὁ</strong></span> 
     </span>
    </p>
   </div>
   <div class='ocr_carea' id='block_1_25' title="bbox 2048 1483 3627 1560">
    <p class='ocr_par' dir='ltr' id='par_1_25' title="bbox 2061 1483 3627 1556">
     <span class='ocr_line' id='line_1_25' title="bbox 2061 1483 3627 1556; baseline -0.002 -13"><span class='ocrx_word' id='word_1_188' title='bbox 2061 1486 2269 1543; x_wconf 78' lang='lat' dir='ltr'><strong>inflexit</strong></span> <span class='ocrx_word' id='word_1_189' title='bbox 2315 1484 2634 1552; x_wconf 84' lang='lat' dir='ltr'><strong>audaciam;</strong></span> <span class='ocrx_word' id='word_1_190' title='bbox 2663 1485 2792 1553; x_wconf 88' lang='lat' dir='ltr'><strong>quin</strong></span> <span class='ocrx_word' id='word_1_191' title='bbox 2827 1485 2924 1538; x_wconf 90' lang='lat' dir='ltr'><strong>fuit</strong></span> <span class='ocrx_word' id='word_1_192' title='bbox 2973 1483 3156 1540; x_wconf 89' lang='lat' dir='ltr'><strong>multis</strong></span> <span class='ocrx_word' id='word_1_193' title='bbox 3188 1485 3388 1542; x_wconf 82' lang='lat' dir='ltr'><strong>oblitus</strong></span> <span class='ocrx_word' id='word_1_194' title='bbox 3433 1487 3627 1556; x_wconf 81' lang='lat' dir='ltr'><strong>sputis,</strong></span> 
     </span>
    </p>
   </div>
   <div class='ocr_carea' id='block_1_26' title="bbox 371 1574 1947 1651">
    <p class='ocr_par' dir='ltr' id='par_1_26' title="bbox 371 1574 1947 1651">
     <span class='ocr_line' id='line_1_26' title="bbox 371 1574 1947 1651; baseline 0.002 -22"><span class='ocrx_word' id='word_1_195' title='bbox 371 1575 600 1630; x_wconf 79' lang='grc' dir='ltr'>τοιαῦτα</span> <span class='ocrx_word' id='word_1_196' title='bbox 630 1574 911 1646; x_wconf 82' lang='grc' dir='ltr'>κατορθῶν</span> <span class='ocrx_word' id='word_1_197' title='bbox 952 1575 1042 1629; x_wconf 81' lang='grc' dir='ltr'><strong>διά</strong></span> <span class='ocrx_word' id='word_1_198' title='bbox 1071 1575 1166 1630; x_wconf 80' lang='grc' dir='ltr'>τοῦ</span> <span class='ocrx_word' id='word_1_199' title='bbox 1199 1577 1533 1649; x_wconf 87' lang='grc' dir='ltr'>πτύσματος.</span> <span class='ocrx_word' id='word_1_200' title='bbox 1570 1580 1681 1650; x_wconf 87' lang='grc' dir='ltr'><strong>Τῆς</strong></span> <span class='ocrx_word' id='word_1_201' title='bbox 1726 1577 1947 1651; x_wconf 83' lang='grc' dir='ltr'><strong>πρώτης</strong></span> 
     </span>
    </p>
   </div>
   <div class='ocr_carea' id='block_1_27' title="bbox 2048 1574 3629 1651">
    <p class='ocr_par' dir='ltr' id='par_1_27' title="bbox 2059 1575 3629 1648">
     <span class='ocr_line' id='line_1_27' title="bbox 2059 1575 3629 1648; baseline 0.001 -18"><span class='ocrx_word' id='word_1_202' title='bbox 2059 1578 2149 1648; x_wconf 89' lang='lat' dir='ltr'><strong>qui</strong></span> <span class='ocrx_word' id='word_1_203' title='bbox 2197 1585 2354 1647; x_wconf 91' lang='lat' dir='ltr'><strong>sputo</strong></span> <span class='ocrx_word' id='word_1_204' title='bbox 2405 1592 2518 1631; x_wconf 89' lang='lat' dir='ltr'><strong>rem</strong></span> <span class='ocrx_word' id='word_1_205' title='bbox 2568 1575 2834 1644; x_wconf 86' lang='lat' dir='ltr'><strong>ejusmodi</strong></span> <span class='ocrx_word' id='word_1_206' title='bbox 2886 1577 3162 1648; x_wconf 75' lang='lat' dir='ltr'><strong>gessisset.</strong></span> <span class='ocrx_word' id='word_1_207' title='bbox 3211 1576 3375 1631; x_wconf 87' lang='lat' dir='ltr'><strong>Primi</strong></span> <span class='ocrx_word' id='word_1_208' title='bbox 3420 1578 3629 1633; x_wconf 85' lang='lat' dir='ltr'><strong>ordinis</strong></span> 
     </span>
    </p>
   </div>
   <div class='ocr_carea' id='block_1_28' title="bbox 370 1665 1947 1754">
    <p class='ocr_par' dir='ltr' id='par_1_28' title="bbox 370 1665 1947 1743">
     <span class='ocr_line' id='line_1_28' title="bbox 370 1665 1947 1743; baseline 0.003 -23"><span class='ocrx_word' id='word_1_209' title='bbox 370 1665 578 1737; x_wconf 78' lang='grc' dir='ltr'>ταύτης</span> <span class='ocrx_word' id='word_1_210' title='bbox 607 1665 814 1728; x_wconf 76' lang='grc' dir='ltr'>τάξεως</span> <span class='ocrx_word' id='word_1_211' title='bbox 844 1665 942 1734; x_wconf 74' lang='grc' dir='ltr'>τὴν</span> <span class='ocrx_word' id='word_1_212' title='bbox 983 1665 1378 1740; x_wconf 77' lang='grc' dir='ltr'>δημιουργικὴν</span> <span class='ocrx_word' id='word_1_213' title='bbox 1404 1669 1688 1739; x_wconf 80' lang='grc' dir='ltr'>ὑποφαίνει</span> <span class='ocrx_word' id='word_1_214' title='bbox 1725 1670 1947 1743; x_wconf 87' lang='grc' dir='ltr'>δύναμιν</span> 
     </span>
    </p>
   </div>
   <div class='ocr_carea' id='block_1_29' title="bbox 2048 1665 3628 1754">
    <p class='ocr_par' dir='ltr' id='par_1_29' title="bbox 2057 1665 3628 1728">
     <span class='ocr_line' id='line_1_29' title="bbox 2057 1665 3628 1728; baseline -0.001 -4"><span class='ocrx_word' id='word_1_215' title='bbox 2057 1668 2380 1724; x_wconf 86' lang='lat' dir='ltr'><strong>creatricem</strong></span> <span class='ocrx_word' id='word_1_216' title='bbox 2419 1665 2676 1722; x_wconf 87' lang='lat' dir='ltr'><strong>virtutem</strong></span> <span class='ocrx_word' id='word_1_217' title='bbox 2717 1666 2769 1721; x_wconf 90' lang='lat' dir='ltr'><strong>in</strong></span> <span class='ocrx_word' id='word_1_218' title='bbox 2809 1682 2929 1721; x_wconf 90' lang='lat' dir='ltr'><strong>eum</strong></span> <span class='ocrx_word' id='word_1_219' title='bbox 2981 1667 3200 1728; x_wconf 88' lang='lat' dir='ltr'><strong>modum</strong></span> <span class='ocrx_word' id='word_1_220' title='bbox 3247 1668 3499 1724; x_wconf 86' lang='lat' dir='ltr'><strong>ostendit.</strong></span> <span class='ocrx_word' id='word_1_221' title='bbox 3548 1671 3628 1724; x_wconf 82' lang='lat' dir='ltr'><strong>Ac</strong></span> 
     </span>
    </p>
   </div>
   <div class='ocr_carea' id='block_1_30' title="bbox 283 1755 1947 1834">
    <p class='ocr_par' dir='ltr' id='par_1_30' title="bbox 283 1756 1947 1834">
     <span class='ocr_line' id='line_1_30' title="bbox 283 1756 1947 1834; baseline 0.002 -23"><span class='ocrx_word' id='word_1_222' title='bbox 283 1789 287 1792; x_wconf 91' lang='lat'><strong>-</strong></span> <span class='ocrx_word' id='word_1_223' title='bbox 371 1757 470 1811; x_wconf 76' lang='grc' dir='ltr'><strong>καὶ</strong></span> <span class='ocrx_word' id='word_1_224' title='bbox 491 1757 582 1810; x_wconf 78' lang='grc' dir='ltr'><strong>διὰ</strong></span> <span class='ocrx_word' id='word_1_225' title='bbox 617 1756 714 1826; x_wconf 83' lang='grc' dir='ltr'>μὲν</span> <span class='ocrx_word' id='word_1_226' title='bbox 742 1756 835 1808; x_wconf 79' lang='grc' dir='ltr'>τοῦ</span> <span class='ocrx_word' id='word_1_227' title='bbox 876 1756 1177 1828; x_wconf 73' lang='grc' dir='ltr'>προστάξαι</span> <span class='ocrx_word' id='word_1_228' title='bbox 1203 1760 1283 1823; x_wconf 80' lang='grc' dir='ltr'><strong>είς</strong></span> <span class='ocrx_word' id='word_1_229' title='bbox 1307 1758 1405 1830; x_wconf 83' lang='grc' dir='ltr'><strong>τὴν</strong></span> <span class='ocrx_word' id='word_1_230' title='bbox 1434 1760 1819 1834; x_wconf 58' lang='grc' dir='ltr'>ηλυμῦήθραν</span> <span class='ocrx_word' id='word_1_231' title='bbox 1851 1760 1947 1816; x_wconf 83' lang='lat'><strong>1:06</strong></span> 
     </span>
    </p>
   </div>
   <div class='ocr_carea' id='block_1_31' title="bbox 2048 1755 3627 1834">
    <p class='ocr_par' dir='ltr' id='par_1_31' title="bbox 2056 1755 3627 1828">
     <span class='ocr_line' id='line_1_31' title="bbox 2056 1755 3627 1828; baseline 0.003 -18"><span class='ocrx_word' id='word_1_232' title='bbox 2056 1757 2274 1828; x_wconf 87' lang='lat' dir='ltr'><strong>quidem</strong></span> <span class='ocrx_word' id='word_1_233' title='bbox 2301 1755 2538 1824; x_wconf 87' lang='lat' dir='ltr'><strong>jubendo</strong></span> <span class='ocrx_word' id='word_1_234' title='bbox 2568 1757 2740 1813; x_wconf 86' lang='lat' dir='ltr'><strong>lavari</strong></span> <span class='ocrx_word' id='word_1_235' title='bbox 2768 1759 2819 1812; x_wconf 91' lang='lat' dir='ltr'><strong>in</strong></span> <span class='ocrx_word' id='word_1_236' title='bbox 2851 1758 3058 1828; x_wconf 85' lang='lat' dir='ltr'><strong>piscina</strong></span> <span class='ocrx_word' id='word_1_237' title='bbox 3089 1756 3254 1822; x_wconf 87' lang='lat' dir='ltr'><strong>Siloe,</strong></span> <span class='ocrx_word' id='word_1_238' title='bbox 3276 1757 3511 1814; x_wconf 88' lang='lat' dir='ltr'><strong>futuram</strong></span> <span class='ocrx_word' id='word_1_239' title='bbox 3532 1775 3627 1814; x_wconf 85' lang='lat' dir='ltr'><strong>no-</strong></span> 
     </span>
    </p>
   </div>
   <div class='ocr_carea' id='block_1_32' title="bbox 371 1846 1947 1925">
    <p class='ocr_par' dir='ltr' id='par_1_32' title="bbox 371 1846 1947 1925">
     <span class='ocr_line' id='line_1_32' title="bbox 371 1846 1947 1925; baseline 0.006 -26"><span class='ocrx_word' id='word_1_240' title='bbox 371 1846 596 1917; x_wconf 86' lang='grc' dir='ltr'>Σιλωάμ</span> <span class='ocrx_word' id='word_1_241' title='bbox 613 1846 896 1922; x_wconf 70' lang='grc' dir='ltr'>νίψασθαι,</span> <span class='ocrx_word' id='word_1_242' title='bbox 930 1847 1030 1918; x_wconf 81' lang='grc' dir='ltr'>τὴν</span> <span class='ocrx_word' id='word_1_243' title='bbox 1058 1848 1122 1901; x_wconf 89' lang='grc' dir='ltr'>δι’</span> <span class='ocrx_word' id='word_1_244' title='bbox 1159 1849 1349 1915; x_wconf 80' lang='grc' dir='ltr'>ὕδατος</span> <span class='ocrx_word' id='word_1_245' title='bbox 1391 1853 1664 1924; x_wconf 77' lang='grc' dir='ltr'>σωτηρίαν</span> <span class='ocrx_word' id='word_1_246' title='bbox 1695 1856 1829 1925; x_wconf 74' lang='grc' dir='ltr'>ἡμῖν</span> <span class='ocrx_word' id='word_1_247' title='bbox 1865 1855 1947 1908; x_wconf 80' lang='grc' dir='ltr'>έν-</span> 
     </span>
    </p>
   </div>
   <div class='ocr_carea' id='block_1_33' title="bbox 370 1938 1951 2016">
    <p class='ocr_par' dir='ltr' id='par_1_33' title="bbox 370 1938 1951 2016">
     <span class='ocr_line' id='line_1_33' title="bbox 370 1938 1951 2016; baseline 0.004 -24"><span class='ocrx_word' id='word_1_248' title='bbox 370 1938 670 2004; x_wconf 84' lang='grc' dir='ltr'>δείκνυται,</span> <span class='ocrx_word' id='word_1_249' title='bbox 706 1940 774 2010; x_wconf 85' lang='grc' dir='ltr'>ἢν</span> <span class='ocrx_word' id='word_1_250' title='bbox 808 1941 974 1992; x_wconf 81' lang='grc' dir='ltr'>πᾶσιν</span> <span class='ocrx_word' id='word_1_251' title='bbox 1007 1941 1035 1993; x_wconf 90' lang='grc' dir='ltr'><strong>ό</strong></span> <span class='ocrx_word' id='word_1_252' title='bbox 1077 1941 1486 2013; x_wconf 80' lang='grc' dir='ltr'>ἀπεσταλμένος</span> <span class='ocrx_word' id='word_1_253' title='bbox 1522 1943 1742 2016; x_wconf 76' lang='grc' dir='ltr'>Σιλωὰμ</span> <span class='ocrx_word' id='word_1_254' title='bbox 1771 1945 1951 2016; x_wconf 74' lang='grc' dir='ltr'>ἐχαρί-</span> 
     </span>
    </p>
   </div>
   <div class='ocr_carea' id='block_1_34' title="bbox 369 2027 1951 2105">
    <p class='ocr_par' dir='ltr' id='par_1_34' title="bbox 369 2027 1951 2105">
     <span class='ocr_line' id='line_1_34' title="bbox 369 2027 1951 2105; baseline 0.005 -26"><span class='ocrx_word' id='word_1_255' title='bbox 369 2046 524 2082; x_wconf 89' lang='grc' dir='ltr'>σατο.</span> <span class='ocrx_word' id='word_1_256' title='bbox 552 2028 683 2081; x_wconf 87' lang='grc' dir='ltr'>Τότε</span> <span class='ocrx_word' id='word_1_257' title='bbox 717 2027 826 2100; x_wconf 81' lang='grc' dir='ltr'>γὰρ</span> <span class='ocrx_word' id='word_1_258' title='bbox 859 2029 1038 2092; x_wconf 89' lang='grc' dir='ltr'>καλῶς</span> <span class='ocrx_word' id='word_1_259' title='bbox 1068 2029 1114 2060; x_wconf 86' lang='grc'><strong>³⁸</strong></span> <span class='ocrx_word' id='word_1_260' title='bbox 1150 2029 1440 2102; x_wconf 81' lang='grc' dir='ltr'>βλέπομεν,</span> <span class='ocrx_word' id='word_1_261' title='bbox 1468 2032 1545 2085; x_wconf 80' lang='grc' dir='ltr'><strong>ὅτ’</strong></span> <span class='ocrx_word' id='word_1_262' title='bbox 1568 2033 1634 2088; x_wconf 85' lang='grc' dir='ltr'><strong>ἂν</strong></span> <span class='ocrx_word' id='word_1_263' title='bbox 1660 2032 1738 2104; x_wconf 85' lang='grc' dir='ltr'>τῷ</span> <span class='ocrx_word' id='word_1_264' title='bbox 1767 2051 1951 2105; x_wconf 86' lang='grc' dir='ltr'>μυστι-</span> 
     </span>
    </p>
   </div>
   <div class='ocr_carea' id='block_1_35' title="bbox 368 2111 1948 2196">
    <p class='ocr_par' dir='ltr' id='par_1_35' title="bbox 368 2111 1948 2196">
     <span class='ocr_line' id='line_1_35' title="bbox 368 2111 1948 2196; baseline 0.004 -24"><span class='ocrx_word' id='word_1_265' title='bbox 368 2118 453 2190; x_wconf 82' lang='grc' dir='ltr'>κῷ</span> <span class='ocrx_word' id='word_1_266' title='bbox 495 2119 858 2191; x_wconf 84' lang='grc' dir='ltr'>καταρθῶμεν</span> <span class='ocrx_word' id='word_1_267' title='bbox 892 2119 1073 2173; x_wconf 79' lang='grc' dir='ltr'>ὕδατι·</span> <span class='ocrx_word' id='word_1_268' title='bbox 1112 2121 1233 2175; x_wconf 83' lang='grc' dir='ltr'>τότε</span> <span class='ocrx_word' id='word_1_269' title='bbox 1273 2121 1387 2192; x_wconf 89' lang='grc' dir='ltr'><strong>φῶς</strong></span> <span class='ocrx_word' id='word_1_270' title='bbox 1419 2111 1567 2194; x_wconf 81' lang='grc' dir='ltr'>ἡμᾶς</span> <span class='ocrx_word' id='word_1_271' title='bbox 1612 2125 1948 2196; x_wconf 87' lang='grc' dir='ltr'>περιλάμπει</span> 
     </span>
    </p>
   </div>
   <div class='ocr_carea' id='block_1_36' title="bbox 365 2209 1947 2285">
    <p class='ocr_par' dir='ltr' id='par_1_36' title="bbox 365 2209 1947 2285">
     <span class='ocr_line' id='line_1_36' title="bbox 365 2209 1947 2285; baseline 0.004 -23"><span class='ocrx_word' id='word_1_272' title='bbox 365 2210 468 2280; x_wconf 84' lang='grc' dir='ltr'>τῆς</span> <span class='ocrx_word' id='word_1_273' title='bbox 497 2211 741 2282; x_wconf 84' lang='grc' dir='ltr'>χάριτος,</span> <span class='ocrx_word' id='word_1_274' title='bbox 782 2212 858 2264; x_wconf 81' lang='grc' dir='ltr'>ὅτ’</span> <span class='ocrx_word' id='word_1_275' title='bbox 887 2209 953 2265; x_wconf 81' lang='grc' dir='ltr'><strong>ἂν</strong></span> <span class='ocrx_word' id='word_1_276' title='bbox 984 2213 1015 2282; x_wconf 83' lang='grc' dir='ltr'>ὴ</span> <span class='ocrx_word' id='word_1_277' title='bbox 1065 2211 1293 2282; x_wconf 87' lang='grc' dir='ltr'>δύναμις</span> <span class='ocrx_word' id='word_1_278' title='bbox 1340 2213 1432 2266; x_wconf 82' lang='grc' dir='ltr'>τοῦ</span> <span class='ocrx_word' id='word_1_279' title='bbox 1459 2213 1832 2285; x_wconf 82' lang='grc' dir='ltr'>βαπτίσματος</span> <span class='ocrx_word' id='word_1_280' title='bbox 1857 2215 1947 2268; x_wconf 78' lang='grc' dir='ltr'>τὸν</span> 
     </span>
    </p>
   </div>
   <div class='ocr_carea' id='block_1_37' title="bbox 368 2299 1944 2378">
    <p class='ocr_par' dir='ltr' id='par_1_37' title="bbox 368 2299 1944 2378">
     <span class='ocr_line' id='line_1_37' title="bbox 368 2299 1944 2378; baseline 0.006 -27"><span class='ocrx_word' id='word_1_281' title='bbox 368 2299 544 2370; x_wconf 81' lang='grc' dir='ltr'>ῥύπον</span> <span class='ocrx_word' id='word_1_282' title='bbox 590 2299 699 2352; x_wconf 89' lang='grc' dir='ltr'><strong>τῶν</strong></span> <span class='ocrx_word' id='word_1_283' title='bbox 742 2300 1157 2374; x_wconf 83' lang='grc' dir='ltr'>ἁμαρτημάτων</span> <span class='ocrx_word' id='word_1_284' title='bbox 1192 2302 1284 2355; x_wconf 81' lang='grc' dir='ltr'>καὶ</span> <span class='ocrx_word' id='word_1_285' title='bbox 1329 2303 1428 2367; x_wconf 80' lang='grc' dir='ltr'><strong>τὰς</strong></span> <span class='ocrx_word' id='word_1_286' title='bbox 1472 2304 1695 2375; x_wconf 84' lang='grc' dir='ltr'>κηλῖδας</span> <span class='ocrx_word' id='word_1_287' title='bbox 1730 2307 1944 2378; x_wconf 71' lang='grc' dir='ltr'>ὲκνίψῃ.</span> 
     </span>
    </p>
   </div>
   <div class='ocr_carea' id='block_1_38' title="bbox 364 2387 1941 2465">
    <p class='ocr_par' dir='ltr' id='par_1_38' title="bbox 364 2387 1941 2465">
     <span class='ocr_line' id='line_1_38' title="bbox 364 2387 1941 2465; baseline 0.004 -23"><span class='ocrx_word' id='word_1_288' title='bbox 364 2390 482 2442; x_wconf 75' lang='grc' dir='ltr'><strong>Καὶ</strong></span> <span class='ocrx_word' id='word_1_289' title='bbox 507 2389 706 2451; x_wconf 83' lang='grc' dir='ltr'>πάντες</span> <span class='ocrx_word' id='word_1_290' title='bbox 734 2389 849 2442; x_wconf 81' lang='grc' dir='ltr'>ὅσοι</span> <span class='ocrx_word' id='word_1_291' title='bbox 877 2391 941 2460; x_wconf 83' lang='grc' dir='ltr'>τῇ</span> <span class='ocrx_word' id='word_1_292' title='bbox 965 2387 1148 2462; x_wconf 77' lang='grc' dir='ltr'>ἐντολῇ</span> <span class='ocrx_word' id='word_1_293' title='bbox 1181 2390 1273 2442; x_wconf 82' lang='grc' dir='ltr'>τοῦ</span> <span class='ocrx_word' id='word_1_294' title='bbox 1305 2391 1525 2464; x_wconf 82' lang='grc' dir='ltr'>Σιλωὰμ</span> <span class='ocrx_word' id='word_1_295' title='bbox 1547 2394 1941 2465; x_wconf 80' lang='grc' dir='ltr'>ἀπολουόμεθα,</span> 
     </span>
    </p>
   </div>
   <div class='ocr_carea' id='block_1_39' title="bbox 364 2481 1948 2554">
    <p class='ocr_par' dir='ltr' id='par_1_39' title="bbox 364 2481 1948 2554">
     <span class='ocr_line' id='line_1_39' title="bbox 364 2481 1948 2554; baseline 0.005 -21"><span class='ocrx_word' id='word_1_296' title='bbox 364 2481 429 2534; x_wconf 82' lang='grc' dir='ltr'><strong>τὸ</strong></span> <span class='ocrx_word' id='word_1_297' title='bbox 473 2481 837 2553; x_wconf 84' lang='grc' dir='ltr'>πνευματικὸν</span> <span class='ocrx_word' id='word_1_298' title='bbox 871 2483 1086 2554; x_wconf 86' lang='grc' dir='ltr'>ὁρῶμεν</span> <span class='ocrx_word' id='word_1_299' title='bbox 1128 2482 1264 2552; x_wconf 82' lang='grc' dir='ltr'>φῶς,</span> <span class='ocrx_word' id='word_1_300' title='bbox 1307 2484 1335 2537; x_wconf 86' lang='grc' dir='ltr'><strong>ὃ</strong></span> <span class='ocrx_word' id='word_1_301' title='bbox 1370 2485 1592 2554; x_wconf 76' lang='grc' dir='ltr'>φωτίζει</span> <span class='ocrx_word' id='word_1_302' title='bbox 1638 2485 1815 2539; x_wconf 83' lang='grc' dir='ltr'>πάντα</span> <span class='ocrx_word' id='word_1_303' title='bbox 1853 2487 1948 2541; x_wconf 79' lang='grc' dir='ltr'><strong>ἄν·</strong></span> 
     </span>
    </p>
   </div>
   <div class='ocr_carea' id='block_1_40' title="bbox 367 2571 1947 2647">
    <p class='ocr_par' dir='ltr' id='par_1_40' title="bbox 367 2571 1947 2647">
     <span class='ocr_line' id='line_1_40' title="bbox 367 2571 1947 2647; baseline 0.004 -23"><span class='ocrx_word' id='word_1_304' title='bbox 367 2571 590 2642; x_wconf 80' lang='grc' dir='ltr'>θρωπον</span> <span class='ocrx_word' id='word_1_305' title='bbox 621 2573 914 2646; x_wconf 82' lang='grc' dir='ltr'>ἐρχόμενον</span> <span class='ocrx_word' id='word_1_306' title='bbox 943 2577 1022 2639; x_wconf 86' lang='grc' dir='ltr'><strong>είς</strong></span> <span class='ocrx_word' id='word_1_307' title='bbox 1050 2575 1144 2630; x_wconf 84' lang='grc' dir='ltr'><strong>τὸν</strong></span> <span class='ocrx_word' id='word_1_308' title='bbox 1179 2575 1403 2647; x_wconf 80' lang='grc' dir='ltr'>κόσμον.</span> <span class='ocrx_word' id='word_1_309' title='bbox 1442 2577 1505 2628; x_wconf 85' lang='grc' dir='ltr'><strong>Ὢ</strong></span> <span class='ocrx_word' id='word_1_310' title='bbox 1532 2575 1626 2629; x_wconf 80' lang='grc' dir='ltr'>τοῦ</span> <span class='ocrx_word' id='word_1_311' title='bbox 1670 2575 1947 2646; x_wconf 86' lang='grc' dir='ltr'>θαύματος</span> 
     </span>
    </p>
   </div>
   <div class='ocr_carea' id='block_1_41' title="bbox 365 2663 1949 2737">
    <p class='ocr_par' dir='ltr' id='par_1_41' title="bbox 365 2663 1949 2737">
     <span class='ocr_line' id='line_1_41' title="bbox 365 2663 1949 2737; baseline 0.002 -22"><span class='ocrx_word' id='word_1_312' title='bbox 365 2663 466 2715; x_wconf 77' lang='grc' dir='ltr'><strong>καὶ</strong></span> <span class='ocrx_word' id='word_1_313' title='bbox 506 2665 606 2734; x_wconf 87' lang='grc' dir='ltr'>τῆς</span> <span class='ocrx_word' id='word_1_314' title='bbox 649 2664 892 2735; x_wconf 76' lang='grc' dir='ltr'>μεγάλης</span> <span class='ocrx_word' id='word_1_315' title='bbox 934 2666 1242 2737; x_wconf 75' lang='grc' dir='ltr'>ὲνεργείαςί</span> <span class='ocrx_word' id='word_1_316' title='bbox 1291 2665 1558 2735; x_wconf 75' lang='grc' dir='ltr'>’Λπῆλθεν</span> <span class='ocrx_word' id='word_1_317' title='bbox 1601 2666 1666 2718; x_wconf 77' lang='grc' dir='ltr'>ὲκ</span> <span class='ocrx_word' id='word_1_318' title='bbox 1706 2665 1806 2735; x_wconf 82' lang='grc' dir='ltr'>τῆς</span> <span class='ocrx_word' id='word_1_319' title='bbox 1857 2682 1949 2719; x_wconf 84' lang='grc' dir='ltr'>κο-</span> 
     </span>
    </p>
   </div>
   <div class='ocr_carea' id='block_1_42' title="bbox 364 2745 1948 2825">
    <p class='ocr_par' dir='ltr' id='par_1_42' title="bbox 364 2745 1948 2825">
     <span class='ocr_line' id='line_1_42' title="bbox 364 2745 1948 2825; baseline 0.005 -27"><span class='ocrx_word' id='word_1_320' title='bbox 364 2745 687 2818; x_wconf 74' lang='grc' dir='ltr'>λυμϐήθρας</span> <span class='ocrx_word' id='word_1_321' title='bbox 714 2753 742 2802; x_wconf 82' lang='grc' dir='ltr'>ὁ</span> <span class='ocrx_word' id='word_1_322' title='bbox 767 2751 872 2822; x_wconf 82' lang='grc' dir='ltr'>πρὸ</span> <span class='ocrx_word' id='word_1_323' title='bbox 904 2750 1082 2820; x_wconf 82' lang='grc' dir='ltr'>ὀλίγου</span> <span class='ocrx_word' id='word_1_324' title='bbox 1115 2753 1334 2823; x_wconf 77' lang='grc' dir='ltr'>τυφλὸς,</span> <span class='ocrx_word' id='word_1_325' title='bbox 1371 2752 1668 2825; x_wconf 71' lang='grc' dir='ltr'>κοσμηθεὶς</span> <span class='ocrx_word' id='word_1_326' title='bbox 1692 2752 1753 2806; x_wconf 80' lang='grc' dir='ltr'>τὸ</span> <span class='ocrx_word' id='word_1_327' title='bbox 1779 2753 1948 2823; x_wconf 85' lang='grc' dir='ltr'>πρόσ-</span> 
     </span>
    </p>
   </div>
   <div class='ocr_carea' id='block_1_43' title="bbox 365 2837 1948 2916">
    <p class='ocr_par' dir='ltr' id='par_1_43' title="bbox 365 2837 1948 2916">
     <span class='ocr_line' id='line_1_43' title="bbox 365 2837 1948 2916; baseline 0.006 -29"><span class='ocrx_word' id='word_1_328' title='bbox 365 2853 518 2888; x_wconf 77' lang='grc' dir='ltr'>ωπον</span> <span class='ocrx_word' id='word_1_329' title='bbox 553 2840 617 2908; x_wconf 77' lang='grc' dir='ltr'>τῇ</span> <span class='ocrx_word' id='word_1_330' title='bbox 653 2837 762 2892; x_wconf 87' lang='grc' dir='ltr'><strong>τῶν</strong></span> <span class='ocrx_word' id='word_1_331' title='bbox 789 2840 1084 2912; x_wconf 78' lang='grc' dir='ltr'>ὀφθαλμῶν</span> <span class='ocrx_word' id='word_1_332' title='bbox 1119 2843 1424 2916; x_wconf 84' lang='grc' dir='ltr'>προσθήκῃ,</span> <span class='ocrx_word' id='word_1_333' title='bbox 1467 2843 1680 2913; x_wconf 65' lang='grc' dir='ltr'>βλέπων</span> <span class='ocrx_word' id='word_1_334' title='bbox 1705 2840 1948 2916; x_wconf 78' lang='grc' dir='ltr'>ἀκριϐῶς</span> 
     </span>
    </p>
   </div>
   <div class='ocr_carea' id='block_1_44' title="bbox 365 2927 1946 3004">
    <p class='ocr_par' dir='ltr' id='par_1_44' title="bbox 365 2927 1946 3004">
     <span class='ocr_line' id='line_1_44' title="bbox 365 2927 1946 3004; baseline 0.006 -24"><span class='ocrx_word' id='word_1_335' title='bbox 365 2927 507 2998; x_wconf 83' lang='grc' dir='ltr'>πρὸς</span> <span class='ocrx_word' id='word_1_336' title='bbox 534 2928 624 2982; x_wconf 78' lang='grc' dir='ltr'><strong>τὸν</strong></span> <span class='ocrx_word' id='word_1_337' title='bbox 646 2929 877 3004; x_wconf 73' lang='grc' dir='ltr'>ἡλιακὴν</span> <span class='ocrx_word' id='word_1_338' title='bbox 907 2934 1119 2988; x_wconf 87' lang='grc' dir='ltr'>ἀκτῖνα.</span> <span class='ocrx_word' id='word_1_339' title='bbox 1164 2933 1488 3004; x_wconf 78' lang='grc' dir='ltr'>Ἐξέπληττε</span> <span class='ocrx_word' id='word_1_340' title='bbox 1536 2935 1661 2999; x_wconf 76' lang='grc' dir='ltr'>τοὺς</span> <span class='ocrx_word' id='word_1_341' title='bbox 1695 2935 1946 3004; x_wconf 81' lang='grc' dir='ltr'>γείτονας</span> 
     </span>
    </p>
   </div>
   <div class='ocr_carea' id='block_1_45' title="bbox 2051 1847 3628 1919">
    <p class='ocr_par' dir='ltr' id='par_1_45' title="bbox 2051 1847 3628 1919">
     <span class='ocr_line' id='line_1_45' title="bbox 2051 1847 3628 1919; baseline 0.004 -17"><span class='ocrx_word' id='word_1_342' title='bbox 2051 1847 2136 1902; x_wconf 90' lang='lat' dir='ltr'><strong>bis</strong></span> <span class='ocrx_word' id='word_1_343' title='bbox 2169 1848 2400 1902; x_wconf 84' lang='lat' dir='ltr'><strong>salutem</strong></span> <span class='ocrx_word' id='word_1_344' title='bbox 2432 1863 2528 1919; x_wconf 90' lang='lat' dir='ltr'><strong>per</strong></span> <span class='ocrx_word' id='word_1_345' title='bbox 2551 1863 2752 1919; x_wconf 89' lang='lat' dir='ltr'><strong>aquam</strong></span> <span class='ocrx_word' id='word_1_346' title='bbox 2803 1849 3004 1913; x_wconf 89' lang='lat' dir='ltr'><strong>innuit,</strong></span> <span class='ocrx_word' id='word_1_347' title='bbox 3036 1863 3194 1919; x_wconf 89' lang='lat' dir='ltr'><strong>quam</strong></span> <span class='ocrx_word' id='word_1_348' title='bbox 3238 1848 3436 1907; x_wconf 83' lang='lat' dir='ltr'><strong>Missus</strong></span> <span class='ocrx_word' id='word_1_349' title='bbox 3481 1850 3628 1908; x_wconf 87' lang='lat' dir='ltr'><strong>Siloe</strong></span> 
     </span>
    </p>
   </div>
   <div class='ocr_carea' id='block_1_46' title="bbox 2056 1936 3624 2006">
    <p class='ocr_par' dir='ltr' id='par_1_46' title="bbox 2056 1936 3624 2006">
     <span class='ocr_line' id='line_1_46' title="bbox 2056 1936 3624 2006; baseline 0.003 -16"><span class='ocrx_word' id='word_1_350' title='bbox 2056 1936 2331 1992; x_wconf 85' lang='lat' dir='ltr'><strong>universis</strong></span> <span class='ocrx_word' id='word_1_351' title='bbox 2356 1940 2646 1994; x_wconf 87' lang='lat' dir='ltr'><strong>concessit.</strong></span> <span class='ocrx_word' id='word_1_352' title='bbox 2679 1939 2834 1994; x_wconf 87' lang='lat' dir='ltr'><strong>Tunc</strong></span> <span class='ocrx_word' id='word_1_353' title='bbox 2859 1940 3005 1995; x_wconf 85' lang='lat' dir='ltr'><strong>enim</strong></span> <span class='ocrx_word' id='word_1_354' title='bbox 3033 1939 3171 1995; x_wconf 85' lang='lat' dir='ltr'><strong>bene</strong></span> <span class='ocrx_word' id='word_1_355' title='bbox 3200 1941 3464 2006; x_wconf 84' lang='lat' dir='ltr'><strong>videmus,</strong></span> <span class='ocrx_word' id='word_1_356' title='bbox 3500 1957 3624 1998; x_wconf 89' lang='lat' dir='ltr'><strong>cum</strong></span> 
     </span>
    </p>
   </div>
   <div class='ocr_carea' id='block_1_47' title="bbox 2051 2028 3626 2104">
    <p class='ocr_par' dir='ltr' id='par_1_47' title="bbox 2051 2028 3626 2104">
     <span class='ocr_line' id='line_1_47' title="bbox 2051 2028 3626 2104; baseline 0.005 -23"><span class='ocrx_word' id='word_1_357' title='bbox 2051 2041 2190 2096; x_wconf 90' lang='lat' dir='ltr'><strong>aqua</strong></span> <span class='ocrx_word' id='word_1_358' title='bbox 2236 2028 2463 2099; x_wconf 85' lang='lat' dir='ltr'><strong>mystica</strong></span> <span class='ocrx_word' id='word_1_359' title='bbox 2502 2030 2742 2084; x_wconf 90' lang='lat' dir='ltr'><strong>mundati</strong></span> <span class='ocrx_word' id='word_1_360' title='bbox 2793 2030 3078 2090; x_wconf 82' lang='lat' dir='ltr'><strong>fuerimus.</strong></span> <span class='ocrx_word' id='word_1_361' title='bbox 3117 2029 3266 2086; x_wconf 89' lang='lat' dir='ltr'><strong>Tunc</strong></span> <span class='ocrx_word' id='word_1_362' title='bbox 3311 2047 3409 2088; x_wconf 90' lang='lat' dir='ltr'><strong>nos</strong></span> <span class='ocrx_word' id='word_1_363' title='bbox 3437 2033 3626 2104; x_wconf 64' lang='lat' dir='ltr'><strong>gratiae</strong></span> 
     </span>
    </p>
   </div>
   <div class='ocr_carea' id='block_1_48' title="bbox 2051 2113 3628 2192">
    <p class='ocr_par' dir='ltr' id='par_1_48' title="bbox 2051 2113 3628 2192">
     <span class='ocr_line' id='line_1_48' title="bbox 2051 2113 3628 2192; baseline 0.006 -22"><span class='ocrx_word' id='word_1_364' title='bbox 2051 2113 2230 2172; x_wconf 85' lang='lat' dir='ltr'><strong>lumen</strong></span> <span class='ocrx_word' id='word_1_365' title='bbox 2266 2117 2665 2188; x_wconf 79' lang='lat' dir='ltr'><strong>circumfnlget,</strong></span> <span class='ocrx_word' id='word_1_366' title='bbox 2701 2134 2822 2173; x_wconf 90' lang='lat' dir='ltr'><strong>cum</strong></span> <span class='ocrx_word' id='word_1_367' title='bbox 2881 2119 3137 2190; x_wconf 86' lang='lat' dir='ltr'><strong>baptismi</strong></span> <span class='ocrx_word' id='word_1_368' title='bbox 3169 2123 3343 2178; x_wconf 90' lang='lat' dir='ltr'><strong>virtus</strong></span> <span class='ocrx_word' id='word_1_369' title='bbox 3377 2133 3628 2192; x_wconf 52' lang='lat' dir='ltr'><strong>peccato:</strong></span> 
     </span>
    </p>
   </div>
   <div class='ocr_carea' id='block_1_49' title="bbox 2050 2209 3626 2282">
    <p class='ocr_par' dir='ltr' id='par_1_49' title="bbox 2050 2209 3626 2282">
     <span class='ocr_line' id='line_1_49' title="bbox 2050 2209 3626 2282; baseline 0.001 -19"><span class='ocrx_word' id='word_1_370' title='bbox 2050 2224 2171 2263; x_wconf 85' lang='lat' dir='ltr'><strong>rum</strong></span> <span class='ocrx_word' id='word_1_371' title='bbox 2205 2209 2396 2264; x_wconf 84' lang='lat' dir='ltr'><strong>sordes</strong></span> <span class='ocrx_word' id='word_1_372' title='bbox 2428 2209 2782 2279; x_wconf 86' lang='lat' dir='ltr'><strong>maculasque</strong></span> <span class='ocrx_word' id='word_1_373' title='bbox 2831 2210 3045 2265; x_wconf 89' lang='lat' dir='ltr'><strong>eluerit.</strong></span> <span class='ocrx_word' id='word_1_374' title='bbox 3077 2210 3353 2282; x_wconf 80' lang='lat' dir='ltr'><strong>Quotquot</strong></span> <span class='ocrx_word' id='word_1_375' title='bbox 3381 2227 3511 2267; x_wconf 89' lang='lat' dir='ltr'><strong>vero</strong></span> <span class='ocrx_word' id='word_1_376' title='bbox 3534 2211 3626 2281; x_wconf 91' lang='lat' dir='ltr'><strong>ju-</strong></span> 
     </span>
    </p>
   </div>
   <div class='ocr_carea' id='block_1_50' title="bbox 2050 2298 3625 2372">
    <p class='ocr_par' dir='ltr' id='par_1_50' title="bbox 2050 2298 3625 2372">
     <span class='ocr_line' id='line_1_50' title="bbox 2050 2298 3625 2372; baseline 0.003 -20"><span class='ocrx_word' id='word_1_377' title='bbox 2050 2298 2212 2354; x_wconf 87' lang='lat' dir='ltr'><strong>bente</strong></span> <span class='ocrx_word' id='word_1_378' title='bbox 2241 2299 2387 2356; x_wconf 82' lang='lat' dir='ltr'><strong>Siloe</strong></span> <span class='ocrx_word' id='word_1_379' title='bbox 2411 2299 2678 2366; x_wconf 85' lang='lat' dir='ltr'><strong>lavamur,</strong></span> <span class='ocrx_word' id='word_1_380' title='bbox 2711 2301 2955 2371; x_wconf 84' lang='lat' dir='ltr'><strong>spiritale</strong></span> <span class='ocrx_word' id='word_1_381' title='bbox 2978 2303 3222 2358; x_wconf 87' lang='lat' dir='ltr'><strong>videmus</strong></span> <span class='ocrx_word' id='word_1_382' title='bbox 3243 2302 3447 2368; x_wconf 90' lang='lat' dir='ltr'><strong>lumen,</strong></span> <span class='ocrx_word' id='word_1_383' title='bbox 3478 2305 3625 2372; x_wconf 85' lang='lat' dir='ltr'><strong>quod</strong></span> 
     </span>
    </p>
   </div>
   <div class='ocr_carea' id='block_1_51' title="bbox 2053 2389 3622 2468">
    <p class='ocr_par' dir='ltr' id='par_1_51' title="bbox 2053 2389 3622 2468">
     <span class='ocr_line' id='line_1_51' title="bbox 2053 2389 3622 2468; baseline 0.001 -26"><span class='ocrx_word' id='word_1_384' title='bbox 2053 2389 2320 2444; x_wconf 88' lang='lat' dir='ltr'><strong>illuminat</strong></span> <span class='ocrx_word' id='word_1_385' title='bbox 2339 2406 2552 2446; x_wconf 83' lang='lat' dir='ltr'><strong>omnem</strong></span> <span class='ocrx_word' id='word_1_386' title='bbox 2573 2390 2845 2447; x_wconf 71' lang='lat' dir='ltr'><strong>hominem</strong></span> <span class='ocrx_word' id='word_1_387' title='bbox 2876 2392 3176 2448; x_wconf 89' lang='lat' dir='ltr'><strong>venientem</strong></span> <span class='ocrx_word' id='word_1_388' title='bbox 3202 2393 3255 2448; x_wconf 90' lang='lat' dir='ltr'><strong>iu</strong></span> <span class='ocrx_word' id='word_1_389' title='bbox 3278 2394 3533 2468; x_wconf 87' lang='lat' dir='ltr'><strong>mundum</strong></span> <span class='ocrx_word' id='word_1_390' title='bbox 3553 2393 3622 2444; x_wconf 74' lang='lat'><strong>“.</strong></span> 
     </span>
    </p>
   </div>
   <div class='ocr_carea' id='block_1_52' title="bbox 2054 2479 3625 2554">
    <p class='ocr_par' dir='ltr' id='par_1_52' title="bbox 2054 2479 3625 2554">
     <span class='ocr_line' id='line_1_52' title="bbox 2054 2479 3625 2554; baseline 0.001 -18"><span class='ocrx_word' id='word_1_391' title='bbox 2054 2479 2098 2536; x_wconf 91' lang='grc' dir='ltr'><strong>Ο</strong></span> <span class='ocrx_word' id='word_1_392' title='bbox 2133 2481 2476 2548; x_wconf 85' lang='lat' dir='ltr'><strong>miraculum,</strong></span> <span class='ocrx_word' id='word_1_393' title='bbox 2507 2497 2572 2538; x_wconf 91' lang='lat' dir='ltr'><strong>ac</strong></span> <span class='ocrx_word' id='word_1_394' title='bbox 2605 2485 2710 2536; x_wconf 89' lang='lat' dir='ltr'><strong>vim</strong></span> <span class='ocrx_word' id='word_1_395' title='bbox 2756 2483 3041 2554; x_wconf 79' lang='lat' dir='ltr'><strong>magnam!</strong></span> <span class='ocrx_word' id='word_1_396' title='bbox 3078 2483 3335 2538; x_wconf 86' lang='lat' dir='ltr'><strong>Discessit</strong></span> <span class='ocrx_word' id='word_1_397' title='bbox 3364 2501 3394 2539; x_wconf 90' lang='lat' dir='ltr'><strong>e</strong></span> <span class='ocrx_word' id='word_1_398' title='bbox 3417 2483 3625 2554; x_wconf 81' lang='lat' dir='ltr'><strong>piscina</strong></span> 
     </span>
    </p>
   </div>
   <div class='ocr_carea' id='block_1_53' title="bbox 2050 2570 3626 2644">
    <p class='ocr_par' dir='ltr' id='par_1_53' title="bbox 2050 2570 3626 2644">
     <span class='ocr_line' id='line_1_53' title="bbox 2050 2570 3626 2644; baseline 0.002 -20"><span class='ocrx_word' id='word_1_399' title='bbox 2050 2571 2142 2644; x_wconf 89' lang='lat' dir='ltr'><strong>qui</strong></span> <span class='ocrx_word' id='word_1_400' title='bbox 2193 2570 2350 2642; x_wconf 88' lang='lat' dir='ltr'><strong>paulo</strong></span> <span class='ocrx_word' id='word_1_401' title='bbox 2403 2581 2528 2626; x_wconf 86' lang='lat' dir='ltr'><strong>ante</strong></span> <span class='ocrx_word' id='word_1_402' title='bbox 2579 2587 2753 2627; x_wconf 68' lang='lat' dir='ltr'><strong>czecns</strong></span> <span class='ocrx_word' id='word_1_403' title='bbox 2799 2583 2950 2636; x_wconf 88' lang='lat' dir='ltr'><strong>erat,</strong></span> <span class='ocrx_word' id='word_1_404' title='bbox 3004 2581 3194 2627; x_wconf 87' lang='lat' dir='ltr'><strong>ornata</strong></span> <span class='ocrx_word' id='word_1_405' title='bbox 3252 2573 3390 2628; x_wconf 91' lang='lat' dir='ltr'><strong>facie</strong></span> <span class='ocrx_word' id='word_1_406' title='bbox 3442 2573 3626 2628; x_wconf 80' lang='lat' dir='ltr'><strong>oculo-</strong></span> 
     </span>
    </p>
   </div>
   <div class='ocr_carea' id='block_1_54' title="bbox 2053 2661 3627 2734">
    <p class='ocr_par' dir='ltr' id='par_1_54' title="bbox 2053 2661 3627 2734">
     <span class='ocr_line' id='line_1_54' title="bbox 2053 2661 3627 2734; baseline 0.003 -20"><span class='ocrx_word' id='word_1_407' title='bbox 2053 2677 2172 2716; x_wconf 86' lang='lat' dir='ltr'><strong>rum</strong></span> <span class='ocrx_word' id='word_1_408' title='bbox 2223 2663 2494 2728; x_wconf 84' lang='lat' dir='ltr'><strong>auctario,</strong></span> <span class='ocrx_word' id='word_1_409' title='bbox 2531 2662 2659 2717; x_wconf 91' lang='lat' dir='ltr'><strong>solis</strong></span> <span class='ocrx_word' id='word_1_410' title='bbox 2697 2662 2862 2734; x_wconf 89' lang='lat' dir='ltr'><strong>probe</strong></span> <span class='ocrx_word' id='word_1_411' title='bbox 2909 2662 3113 2715; x_wconf 87' lang='lat' dir='ltr'><strong>radium</strong></span> <span class='ocrx_word' id='word_1_412' title='bbox 3152 2662 3361 2719; x_wconf 84' lang='lat' dir='ltr'><strong>videns.</strong></span> <span class='ocrx_word' id='word_1_413' title='bbox 3405 2661 3627 2719; x_wconf 80' lang='lat' dir='ltr'><strong>Vicinos</strong></span> 
     </span>
    </p>
   </div>
   <div class='ocr_carea' id='block_1_55' title="bbox 2058 2753 3624 2822">
    <p class='ocr_par' dir='ltr' id='par_1_55' title="bbox 2058 2753 3624 2822">
     <span class='ocr_line' id='line_1_55' title="bbox 2058 2753 3624 2822; baseline 0.001 -15"><span class='ocrx_word' id='word_1_414' title='bbox 2058 2768 2122 2809; x_wconf 89' lang='lat' dir='ltr'><strong>ac</strong></span> <span class='ocrx_word' id='word_1_415' title='bbox 2159 2763 2315 2809; x_wconf 92' lang='lat' dir='ltr'><strong>notos</strong></span> <span class='ocrx_word' id='word_1_416' title='bbox 2344 2768 2432 2811; x_wconf 87' lang='lat' dir='ltr'><strong>res</strong></span> <span class='ocrx_word' id='word_1_417' title='bbox 2465 2762 2613 2808; x_wconf 85' lang='lat' dir='ltr'><strong>tanta</strong></span> <span class='ocrx_word' id='word_1_418' title='bbox 2661 2754 2712 2810; x_wconf 93' lang='lat' dir='ltr'><strong>in</strong></span> <span class='ocrx_word' id='word_1_419' title='bbox 2743 2762 3018 2822; x_wconf 87' lang='lat' dir='ltr'><strong>stuporem</strong></span> <span class='ocrx_word' id='word_1_420' title='bbox 3049 2754 3313 2808; x_wconf 89' lang='lat' dir='ltr'><strong>vertebat.</strong></span> <span class='ocrx_word' id='word_1_421' title='bbox 3348 2753 3624 2809; x_wconf 87' lang='lat' dir='ltr'><strong>Turbabat</strong></span> 
     </span>
    </p>
   </div>
   <div class='ocr_carea' id='block_1_56' title="bbox 2053 2841 3618 2902">
    <p class='ocr_par' dir='ltr' id='par_1_56' title="bbox 2053 2841 3618 2902">
     <span class='ocr_line' id='line_1_56' title="bbox 2053 2841 3618 2902; baseline -0.001 -5"><span class='ocrx_word' id='word_1_422' title='bbox 2053 2858 2185 2898; x_wconf 91' lang='lat' dir='ltr'><strong>sane</strong></span> <span class='ocrx_word' id='word_1_423' title='bbox 2233 2858 2369 2897; x_wconf 90' lang='lat' dir='ltr'><strong>nova</strong></span> <span class='ocrx_word' id='word_1_424' title='bbox 2409 2842 2709 2897; x_wconf 77' lang='lat' dir='ltr'><strong>curationis</strong></span> <span class='ocrx_word' id='word_1_425' title='bbox 2747 2844 2905 2898; x_wconf 85' lang='lat' dir='ltr'><strong>ratio.</strong></span> <span class='ocrx_word' id='word_1_426' title='bbox 2937 2841 3213 2897; x_wconf 76' lang='lat' dir='ltr'><strong>Circuiliat</strong></span> <span class='ocrx_word' id='word_1_427' title='bbox 3242 2841 3429 2897; x_wconf 91' lang='lat' dir='ltr'><strong>urbem</strong></span> <span class='ocrx_word' id='word_1_428' title='bbox 3458 2841 3618 2902; x_wconf 77' lang='lat' dir='ltr'><strong>homo</strong></span> 
     </span>
    </p>
   </div>
   <div class='ocr_carea' id='block_1_57' title="bbox 2058 2931 3620 3003">
    <p class='ocr_par' dir='ltr' id='par_1_57' title="bbox 2058 2931 3620 3003">
     <span class='ocr_line' id='line_1_57' title="bbox 2058 2931 3620 3003; baseline -0.001 -17"><span class='ocrx_word' id='word_1_429' title='bbox 2058 2933 2268 2998; x_wconf 88' lang='lat' dir='ltr'><strong>videns,</strong></span> <span class='ocrx_word' id='word_1_430' title='bbox 2297 2947 2404 3003; x_wconf 91' lang='lat' dir='ltr'><strong>quo</strong></span> <span class='ocrx_word' id='word_1_431' title='bbox 2434 2948 2631 2988; x_wconf 91' lang='lat' dir='ltr'><strong>novum</strong></span> <span class='ocrx_word' id='word_1_432' title='bbox 2659 2949 2723 2988; x_wconf 89' lang='lat' dir='ltr'><strong>ac</strong></span> <span class='ocrx_word' id='word_1_433' title='bbox 2752 2932 2998 2986; x_wconf 86' lang='lat' dir='ltr'><strong>mirabile</strong></span> <span class='ocrx_word' id='word_1_434' title='bbox 3037 2931 3236 2986; x_wconf 88' lang='lat' dir='ltr'><strong>factum</strong></span> <span class='ocrx_word' id='word_1_435' title='bbox 3267 2947 3401 3002; x_wconf 90' lang='lat' dir='ltr'><strong>opus</strong></span> <span class='ocrx_word' id='word_1_436' title='bbox 3429 2947 3620 3002; x_wconf 82' lang='lat' dir='ltr'><strong>omnes</strong></span> 
     </span>
    </p>
   </div>
   <div class='ocr_carea' id='block_1_58' title="bbox 362 3018 1947 3097">
    <p class='ocr_par' dir='ltr' id='par_1_58' title="bbox 362 3018 1947 3097">
     <span class='ocr_line' id='line_1_58' title="bbox 362 3018 1947 3097; baseline 0.007 -27"><span class='ocrx_word' id='word_1_437' title='bbox 362 3018 464 3071; x_wconf 73' lang='grc' dir='ltr'>καὶ</span> <span class='ocrx_word' id='word_1_438' title='bbox 505 3020 630 3082; x_wconf 67' lang='grc' dir='ltr'>τοὺς</span> <span class='ocrx_word' id='word_1_439' title='bbox 660 3022 972 3094; x_wconf 81' lang='grc' dir='ltr'>γνωρίμους</span> <span class='ocrx_word' id='word_1_440' title='bbox 1006 3025 1068 3077; x_wconf 80' lang='grc' dir='ltr'>τὸ</span> <span class='ocrx_word' id='word_1_441' title='bbox 1120 3026 1373 3097; x_wconf 78' lang='grc' dir='ltr'>πρᾶγμα.</span> <span class='ocrx_word' id='word_1_442' title='bbox 1419 3025 1698 3097; x_wconf 80' lang='grc' dir='ltr'>Ἐθορύόει</span> <span class='ocrx_word' id='word_1_443' title='bbox 1727 3022 1819 3081; x_wconf 79' lang='grc' dir='ltr'><strong>οὖν</strong></span> <span class='ocrx_word' id='word_1_444' title='bbox 1844 3027 1888 3062; x_wconf 83' lang='grc'><strong>³⁸</strong></span> <span class='ocrx_word' id='word_1_445' title='bbox 1918 3029 1947 3081; x_wconf 89' lang='grc' dir='ltr'><strong>ό</strong></span> 
     </span>
    </p>
   </div>
   <div class='ocr_carea' id='block_1_59' title="bbox 2048 3018 3625 3097">
    <p class='ocr_par' dir='ltr' id='par_1_59' title="bbox 2052 3023 3625 3096">
     <span class='ocr_line' id='line_1_59' title="bbox 2052 3023 3625 3096; baseline 0.002 -21"><span class='ocrx_word' id='word_1_446' title='bbox 2052 3025 2317 3093; x_wconf 90' lang='lat' dir='ltr'><strong>viderent,</strong></span> <span class='ocrx_word' id='word_1_447' title='bbox 2361 3041 2392 3080; x_wconf 91' lang='lat' dir='ltr'><strong>a</strong></span> <span class='ocrx_word' id='word_1_448' title='bbox 2434 3023 2561 3080; x_wconf 86' lang='lat' dir='ltr'><strong>Jesu</strong></span> <span class='ocrx_word' id='word_1_449' title='bbox 2605 3036 2732 3080; x_wconf 86' lang='lat' dir='ltr'><strong>nato</strong></span> <span class='ocrx_word' id='word_1_450' title='bbox 2761 3025 2812 3079; x_wconf 91' lang='lat' dir='ltr'><strong>iu</strong></span> <span class='ocrx_word' id='word_1_451' title='bbox 2842 3024 3189 3092; x_wconf 82' lang='lat' dir='ltr'><strong>Betlileliem;</strong></span> <span class='ocrx_word' id='word_1_452' title='bbox 3221 3040 3252 3079; x_wconf 87' lang='lat' dir='ltr'><strong>a</strong></span> <span class='ocrx_word' id='word_1_453' title='bbox 3293 3023 3485 3096; x_wconf 91' lang='lat' dir='ltr'><strong>pusillo</strong></span> <span class='ocrx_word' id='word_1_454' title='bbox 3533 3026 3625 3080; x_wconf 88' lang='lat' dir='ltr'><strong>illo</strong></span> 
     </span>
    </p>
   </div>
   <div class='ocr_carea' id='block_1_60' title="bbox 360 3110 1947 3190">
    <p class='ocr_par' dir='ltr' id='par_1_60' title="bbox 360 3110 1947 3190">
     <span class='ocr_line' id='line_1_60' title="bbox 360 3110 1947 3190; baseline 0.006 -27"><span class='ocrx_word' id='word_1_455' title='bbox 360 3110 556 3186; x_wconf 84' lang='grc' dir='ltr'>καινὸς</span> <span class='ocrx_word' id='word_1_456' title='bbox 585 3111 683 3181; x_wconf 82' lang='grc' dir='ltr'>τῆς</span> <span class='ocrx_word' id='word_1_457' title='bbox 712 3113 1004 3186; x_wconf 83' lang='grc' dir='ltr'>θεραπείας</span> <span class='ocrx_word' id='word_1_458' title='bbox 1027 3117 1227 3190; x_wconf 86' lang='grc' dir='ltr'>τρόπος</span> <span class='ocrx_word' id='word_1_459' title='bbox 1247 3135 1260 3148; x_wconf 89' lang='grc'><strong>·</strong></span> <span class='ocrx_word' id='word_1_460' title='bbox 1293 3117 1630 3189; x_wconf 77' lang='grc' dir='ltr'>περιενόστει</span> <span class='ocrx_word' id='word_1_461' title='bbox 1663 3118 1763 3188; x_wconf 81' lang='grc' dir='ltr'><strong>τὴν</strong></span> <span class='ocrx_word' id='word_1_462' title='bbox 1793 3119 1947 3174; x_wconf 81' lang='grc' dir='ltr'>πόλιν</span> 
     </span>
    </p>
   </div>
   <div class='ocr_carea' id='block_1_61' title="bbox 2048 3110 3623 3190">
    <p class='ocr_par' dir='ltr' id='par_1_61' title="bbox 2048 3115 3623 3187">
     <span class='ocr_line' id='line_1_61' title="bbox 2048 3115 3623 3187; baseline 0 -18"><span class='ocrx_word' id='word_1_463' title='bbox 2048 3115 2275 3184; x_wconf 78' lang='lat' dir='ltr'><strong>Infante,</strong></span> <span class='ocrx_word' id='word_1_464' title='bbox 2303 3117 2497 3187; x_wconf 88' lang='lat' dir='ltr'><strong>pannis</strong></span> <span class='ocrx_word' id='word_1_465' title='bbox 2529 3117 2767 3171; x_wconf 91' lang='lat' dir='ltr'><strong>lnvoluto</strong></span> <span class='ocrx_word' id='word_1_466' title='bbox 2801 3117 2852 3170; x_wconf 92' lang='lat' dir='ltr'><strong>in</strong></span> <span class='ocrx_word' id='word_1_467' title='bbox 2887 3117 3168 3186; x_wconf 64' lang='lat' dir='ltr'><strong>praesepio.</strong></span> <span class='ocrx_word' id='word_1_468' title='bbox 3205 3117 3329 3172; x_wconf 58' lang='lat' dir='ltr'><strong>Hac</strong></span> <span class='ocrx_word' id='word_1_469' title='bbox 3363 3115 3505 3171; x_wconf 90' lang='lat' dir='ltr'><strong>enim</strong></span> <span class='ocrx_word' id='word_1_470' title='bbox 3527 3115 3623 3170; x_wconf 82' lang='lat' dir='ltr'><strong>Ju-</strong></span> 
     </span>
    </p>
   </div>
   <div class='ocr_carea' id='block_1_62' title="bbox 358 3201 1947 3278">
    <p class='ocr_par' dir='ltr' id='par_1_62' title="bbox 358 3201 1947 3278">
     <span class='ocr_line' id='line_1_62' title="bbox 358 3201 1947 3278; baseline 0.006 -26"><span class='ocrx_word' id='word_1_471' title='bbox 358 3201 394 3252; x_wconf 80' lang='grc' dir='ltr'><strong>ὁ</strong></span> <span class='ocrx_word' id='word_1_472' title='bbox 445 3201 731 3273; x_wconf 79' lang='grc' dir='ltr'>ἄνθρωπος</span> <span class='ocrx_word' id='word_1_473' title='bbox 791 3203 1026 3274; x_wconf 85' lang='grc' dir='ltr'>βλέπων,</span> <span class='ocrx_word' id='word_1_474' title='bbox 1081 3206 1171 3260; x_wconf 84' lang='grc' dir='ltr'><strong>ἵνα</strong></span> <span class='ocrx_word' id='word_1_475' title='bbox 1208 3205 1471 3278; x_wconf 82' lang='grc' dir='ltr'>βλέπηται</span> <span class='ocrx_word' id='word_1_476' title='bbox 1525 3205 1694 3278; x_wconf 58' lang='grc' dir='ltr'>παρῖ</span> <span class='ocrx_word' id='word_1_477' title='bbox 1729 3206 1947 3261; x_wconf 84' lang='grc' dir='ltr'>πάντων</span> 
     </span>
    </p>
   </div>
   <div class='ocr_carea' id='block_1_63' title="bbox 2048 3201 3337 3278">
    <p class='ocr_par' dir='ltr' id='par_1_63' title="bbox 2048 3206 3337 3273">
     <span class='ocr_line' id='line_1_63' title="bbox 2048 3206 3337 3273; baseline 0 -14"><span class='ocrx_word' id='word_1_478' title='bbox 2048 3208 2190 3262; x_wconf 75' lang='lat' dir='ltr'><strong>dreos</strong></span> <span class='ocrx_word' id='word_1_479' title='bbox 2229 3211 2595 3273; x_wconf 83' lang='lat' dir='ltr'><strong>morabantur,</strong></span> <span class='ocrx_word' id='word_1_480' title='bbox 2627 3217 2687 3262; x_wconf 89' lang='lat' dir='ltr'><strong>ut</strong></span> <span class='ocrx_word' id='word_1_481' title='bbox 2723 3223 2788 3261; x_wconf 91' lang='lat' dir='ltr'><strong>ne</strong></span> <span class='ocrx_word' id='word_1_482' title='bbox 2821 3206 3004 3262; x_wconf 89' lang='lat' dir='ltr'><strong>deitati</strong></span> <span class='ocrx_word' id='word_1_483' title='bbox 3033 3207 3337 3262; x_wconf 81' lang='lat' dir='ltr'><strong>crederent.</strong></span> 
     </span>
    </p>
   </div>
   <div class='ocr_carea' id='block_1_64' title="bbox 360 3289 3624 3368">
    <p class='ocr_par' dir='ltr' id='par_1_64' title="bbox 360 3289 3624 3368">
     <span class='ocr_line' id='line_1_64' title="bbox 360 3289 3624 3368; baseline 0.002 -26"><span class='ocrx_word' id='word_1_484' title='bbox 360 3289 530 3362; x_wconf 76' lang='grc' dir='ltr'>ἔργον</span> <span class='ocrx_word' id='word_1_485' title='bbox 577 3292 867 3363; x_wconf 87' lang='grc' dir='ltr'>γενόμενον</span> <span class='ocrx_word' id='word_1_486' title='bbox 925 3293 1110 3348; x_wconf 83' lang='grc' dir='ltr'>καινὸν</span> <span class='ocrx_word' id='word_1_487' title='bbox 1164 3294 1259 3348; x_wconf 72' lang='grc' dir='ltr'><strong>καὶ</strong></span> <span class='ocrx_word' id='word_1_488' title='bbox 1322 3292 1626 3365; x_wconf 81' lang='grc' dir='ltr'>παράδοξον</span> <span class='ocrx_word' id='word_1_489' title='bbox 1679 3291 1784 3345; x_wconf 70' lang='grc' dir='ltr'>ὑπὸ</span> <span class='ocrx_word' id='word_1_490' title='bbox 1841 3291 1937 3346; x_wconf 79' lang='grc' dir='ltr'>τοῦ</span> <span class='ocrx_word' id='word_1_491' title='bbox 1980 3291 2190 3365; x_wconf 84' lang='grc' dir='ltr'><strong>[Ἰησοῦ</strong></span> <span class='ocrx_word' id='word_1_492' title='bbox 2228 3295 2322 3348; x_wconf 80' lang='grc' dir='ltr'>τοῦ</span> <span class='ocrx_word' id='word_1_493' title='bbox 2359 3294 2428 3368; x_wconf 71' lang='grc' dir='ltr'><strong>³ο]</strong></span> <span class='ocrx_word' id='word_1_494' title='bbox 2472 3298 2529 3349; x_wconf 83' lang='grc' dir='ltr'>ὲν</span> <span class='ocrx_word' id='word_1_495' title='bbox 2581 3295 2826 3366; x_wconf 86' lang='grc' dir='ltr'>Βηθλεὲμ</span> <span class='ocrx_word' id='word_1_496' title='bbox 2869 3294 3238 3364; x_wconf 79' lang='grc' dir='ltr'>γεννηθέντος,</span> <span class='ocrx_word' id='word_1_497' title='bbox 3287 3294 3383 3348; x_wconf 83' lang='grc' dir='ltr'>τοῦ</span> <span class='ocrx_word' id='word_1_498' title='bbox 3421 3295 3624 3366; x_wconf 80' lang='grc' dir='ltr'>μικροῦ</span> 
     </span>
    </p>
   </div>
   <div class='ocr_carea' id='block_1_65' title="bbox 357 3381 3622 3460">
    <p class='ocr_par' dir='ltr' id='par_1_65' title="bbox 357 3381 3622 3460">
     <span class='ocr_line' id='line_1_65' title="bbox 357 3381 3622 3460; baseline 0.002 -27"><span class='ocrx_word' id='word_1_499' title='bbox 357 3381 602 3452; x_wconf 72' lang='grc' dir='ltr'>βρέφους</span> <span class='ocrx_word' id='word_1_500' title='bbox 634 3383 871 3447; x_wconf 78' lang='grc' dir='ltr'>ἐκείνου,</span> <span class='ocrx_word' id='word_1_501' title='bbox 911 3384 1007 3436; x_wconf 77' lang='grc' dir='ltr'>τοῦ</span> <span class='ocrx_word' id='word_1_502' title='bbox 1049 3385 1108 3438; x_wconf 82' lang='grc' dir='ltr'><strong>ἐν</strong></span> <span class='ocrx_word' id='word_1_503' title='bbox 1147 3387 1212 3456; x_wconf 78' lang='grc' dir='ltr'>τῇ</span> <span class='ocrx_word' id='word_1_504' title='bbox 1257 3384 1432 3458; x_wconf 82' lang='grc' dir='ltr'>φάτνῃ</span> <span class='ocrx_word' id='word_1_505' title='bbox 1484 3385 1596 3447; x_wconf 86' lang='grc' dir='ltr'>τοῖς</span> <span class='ocrx_word' id='word_1_506' title='bbox 1650 3385 1986 3455; x_wconf 84' lang='grc' dir='ltr'>σπαργάνοις</span> <span class='ocrx_word' id='word_1_507' title='bbox 2039 3385 2419 3458; x_wconf 84' lang='grc' dir='ltr'>ἐνειληθέντος.</span> <span class='ocrx_word' id='word_1_508' title='bbox 2471 3386 2658 3442; x_wconf 81' lang='grc' dir='ltr'>Ταῦτα</span> <span class='ocrx_word' id='word_1_509' title='bbox 2707 3389 2815 3460; x_wconf 85' lang='grc' dir='ltr'><strong>γάρ</strong></span> <span class='ocrx_word' id='word_1_510' title='bbox 2862 3389 3029 3458; x_wconf 78' lang='grc' dir='ltr'>ἐστιν,</span> <span class='ocrx_word' id='word_1_511' title='bbox 3078 3386 3116 3442; x_wconf 73' lang='grc' dir='ltr'><strong>ἃ</strong></span> <span class='ocrx_word' id='word_1_512' title='bbox 3178 3387 3303 3450; x_wconf 78' lang='grc' dir='ltr'>τοὺς</span> <span class='ocrx_word' id='word_1_513' title='bbox 3338 3385 3622 3451; x_wconf 84' lang='grc' dir='ltr'>Ἰουδαίους</span> 
     </span>
    </p>
   </div>
   <div class='ocr_carea' id='block_1_66' title="bbox 356 3477 1156 3552">
    <p class='ocr_par' dir='ltr' id='par_1_66' title="bbox 356 3477 1156 3552">
     <span class='ocr_line' id='line_1_66' title="bbox 356 3477 1156 3552; baseline 0.004 -23"><span class='ocrx_word' id='word_1_514' title='bbox 356 3477 612 3530; x_wconf 77' lang='grc' dir='ltr'>ἀπιστεῖν</span> <span class='ocrx_word' id='word_1_515' title='bbox 643 3477 816 3532; x_wconf 79' lang='grc' dir='ltr'>ἐποίει</span> <span class='ocrx_word' id='word_1_516' title='bbox 833 3481 896 3550; x_wconf 80' lang='grc' dir='ltr'>τῇ</span> <span class='ocrx_word' id='word_1_517' title='bbox 922 3478 1156 3552; x_wconf 85' lang='grc' dir='ltr'>θεότητι.</span> 
     </span>
    </p>
   </div>
   <div class='ocr_carea' id='block_1_67' title="bbox 435 3567 1946 3649">
    <p class='ocr_par' dir='ltr' id='par_1_67' title="bbox 435 3567 1946 3649">
     <span class='ocr_line' id='line_1_67' title="bbox 435 3567 1946 3649; baseline 0.005 -25"><span class='ocrx_word' id='word_1_518' title='bbox 435 3571 666 3637; x_wconf 80' lang='grc' dir='ltr'>Οὐκοῦν,</span> <span class='ocrx_word' id='word_1_519' title='bbox 715 3567 762 3628; x_wconf 77' lang='grc' dir='ltr'>ὦ</span> <span class='ocrx_word' id='word_1_520' title='bbox 804 3575 1020 3646; x_wconf 81' lang='grc' dir='ltr'>ἀνόητοι</span> <span class='ocrx_word' id='word_1_521' title='bbox 1061 3577 1156 3630; x_wconf 77' lang='grc' dir='ltr'><strong>καὶ</strong></span> <span class='ocrx_word' id='word_1_522' title='bbox 1190 3577 1573 3649; x_wconf 85' lang='grc' dir='ltr'>παχυκάρδιοι,</span> <span class='ocrx_word' id='word_1_523' title='bbox 1628 3577 1946 3632; x_wconf 78' lang='grc' dir='ltr'>ὲπιϐάλλετε</span> 
     </span>
    </p>
   </div>
   <div class='ocr_carea' id='block_1_68' title="bbox 354 3664 1947 3742">
    <p class='ocr_par' dir='ltr' id='par_1_68' title="bbox 354 3664 1947 3742">
     <span class='ocr_line' id='line_1_68' title="bbox 354 3664 1947 3742; baseline 0.006 -26"><span class='ocrx_word' id='word_1_524' title='bbox 354 3664 441 3735; x_wconf 80' lang='grc' dir='ltr'>τῷ</span> <span class='ocrx_word' id='word_1_525' title='bbox 469 3664 713 3737; x_wconf 83' lang='grc' dir='ltr'>λογισμῷ</span> <span class='ocrx_word' id='word_1_526' title='bbox 742 3667 870 3731; x_wconf 82' lang='grc' dir='ltr'>τοὺς</span> <span class='ocrx_word' id='word_1_527' title='bbox 899 3667 957 3735; x_wconf 80' lang='grc' dir='ltr'>ἐξ</span> <span class='ocrx_word' id='word_1_528' title='bbox 999 3669 1196 3733; x_wconf 76' lang='grc' dir='ltr'>αἰῶνος</span> <span class='ocrx_word' id='word_1_529' title='bbox 1228 3669 1547 3742; x_wconf 83' lang='grc' dir='ltr'>ἀνθρώπους</span> <span class='ocrx_word' id='word_1_530' title='bbox 1575 3670 1644 3724; x_wconf 69' lang='grc'><strong>⁸⁸.</strong></span> <span class='ocrx_word' id='word_1_531' title='bbox 1683 3669 1816 3726; x_wconf 81' lang='grc' dir='ltr'><strong>Ἀπὸ</strong></span> <span class='ocrx_word' id='word_1_532' title='bbox 1852 3672 1947 3726; x_wconf 77' lang='grc' dir='ltr'>τοῦ</span> 
     </span>
    </p>
   </div>
   <div class='ocr_carea' id='block_1_69' title="bbox 375 3755 1946 3834">
    <p class='ocr_par' dir='ltr' id='par_1_69' title="bbox 375 3755 1946 3834">
     <span class='ocr_line' id='line_1_69' title="bbox 375 3755 1946 3834; baseline 0.004 -24"><span class='ocrx_word' id='word_1_533' title='bbox 375 3755 550 3827; x_wconf 83' lang='grc' dir='ltr'>Ἀδὰμ</span> <span class='ocrx_word' id='word_1_534' title='bbox 587 3757 908 3830; x_wconf 81' lang='grc' dir='ltr'>ἀρξάμενοι,</span> <span class='ocrx_word' id='word_1_535' title='bbox 941 3761 1070 3825; x_wconf 81' lang='grc' dir='ltr'>τοὺς</span> <span class='ocrx_word' id='word_1_536' title='bbox 1115 3760 1242 3834; x_wconf 79' lang='grc' dir='ltr'>ἑξῆς</span> <span class='ocrx_word' id='word_1_537' title='bbox 1291 3761 1502 3826; x_wconf 81' lang='grc' dir='ltr'>πάντας</span> <span class='ocrx_word' id='word_1_538' title='bbox 1540 3761 1946 3834; x_wconf 84' lang='grc' dir='ltr'>διερευνήσατε,</span> 
     </span>
    </p>
   </div>
   <div class='ocr_carea' id='block_1_70' title="bbox 360 3847 1944 3928">
    <p class='ocr_par' dir='ltr' id='par_1_70' title="bbox 360 3847 1944 3928">
     <span class='ocr_line' id='line_1_70' title="bbox 360 3847 1944 3928; baseline 0.004 -26"><span class='ocrx_word' id='word_1_539' title='bbox 360 3847 458 3903; x_wconf 69' lang='grc' dir='ltr'><strong>ἰὰν</strong></span> <span class='ocrx_word' id='word_1_540' title='bbox 487 3849 686 3919; x_wconf 77' lang='grc' dir='ltr'>εὕρητε</span> <span class='ocrx_word' id='word_1_541' title='bbox 715 3851 777 3904; x_wconf 82' lang='grc' dir='ltr'>τὸ</span> <span class='ocrx_word' id='word_1_542' title='bbox 803 3851 898 3905; x_wconf 81' lang='grc' dir='ltr'>νῦν</span> <span class='ocrx_word' id='word_1_543' title='bbox 937 3852 1226 3923; x_wconf 87' lang='grc' dir='ltr'>γενόμενον</span> <span class='ocrx_word' id='word_1_544' title='bbox 1255 3852 1349 3908; x_wconf 75' lang='grc' dir='ltr'>καὶ</span> <span class='ocrx_word' id='word_1_545' title='bbox 1375 3855 1461 3908; x_wconf 82' lang='grc' dir='ltr'>ἐπ’</span> <span class='ocrx_word' id='word_1_546' title='bbox 1481 3854 1655 3910; x_wconf 79' lang='grc' dir='ltr'>ἄλλων</span> <span class='ocrx_word' id='word_1_547' title='bbox 1685 3855 1944 3928; x_wconf 85' lang='grc' dir='ltr'>πραχθέν·</span> 
     </span>
    </p>
   </div>
   <div class='ocr_carea' id='block_1_71' title="bbox 358 3939 1942 4022">
    <p class='ocr_par' dir='ltr' id='par_1_71' title="bbox 358 3939 1942 4022">
     <span class='ocr_line' id='line_1_71' title="bbox 358 3939 1942 4022; baseline 0.008 -30"><span class='ocrx_word' id='word_1_548' title='bbox 358 3941 457 3992; x_wconf 68' lang='grc' dir='ltr'><strong>ἐὰν</strong></span> <span class='ocrx_word' id='word_1_549' title='bbox 491 3939 686 4012; x_wconf 71' lang='grc' dir='ltr'>ἔχοντα</span> <span class='ocrx_word' id='word_1_550' title='bbox 715 3942 806 3995; x_wconf 84' lang='grc' dir='ltr'><strong>τὸν</strong></span> <span class='ocrx_word' id='word_1_551' title='bbox 843 3943 957 4014; x_wconf 85' lang='grc' dir='ltr'>βίον</span> <span class='ocrx_word' id='word_1_552' title='bbox 985 3944 1240 4016; x_wconf 87' lang='grc' dir='ltr'>τοιαύτης</span> <span class='ocrx_word' id='word_1_553' title='bbox 1271 3945 1570 4019; x_wconf 79' lang='grc' dir='ltr'>θεραπείας</span> <span class='ocrx_word' id='word_1_554' title='bbox 1603 3949 1942 4022; x_wconf 81' lang='grc' dir='ltr'>ὑπόδειγμα·</span> 
     </span>
    </p>
   </div>
   <div class='ocr_carea' id='block_1_72' title="bbox 361 4031 1942 4112">
    <p class='ocr_par' dir='ltr' id='par_1_72' title="bbox 361 4031 1942 4112">
     <span class='ocr_line' id='line_1_72' title="bbox 361 4031 1942 4112; baseline 0.007 -28"><span class='ocrx_word' id='word_1_555' title='bbox 361 4032 462 4085; x_wconf 76' lang='grc' dir='ltr'>καὶ</span> <span class='ocrx_word' id='word_1_556' title='bbox 489 4031 670 4099; x_wconf 82' lang='grc' dir='ltr'>πάλιν,</span> <span class='ocrx_word' id='word_1_557' title='bbox 699 4033 792 4086; x_wconf 76' lang='grc' dir='ltr'><strong>ἐπὶ</strong></span> <span class='ocrx_word' id='word_1_558' title='bbox 816 4034 1103 4108; x_wconf 86' lang='grc' dir='ltr'>διασυρμῷ</span> <span class='ocrx_word' id='word_1_559' title='bbox 1128 4038 1172 4068; x_wconf 66' lang='grc' dir='ltr'>δ’</span> <span class='ocrx_word' id='word_1_560' title='bbox 1196 4038 1289 4092; x_wconf 81' lang='grc' dir='ltr'>τοῦ</span> <span class='ocrx_word' id='word_1_561' title='bbox 1316 4040 1521 4112; x_wconf 83' lang='grc' dir='ltr'>Κυρίου</span> <span class='ocrx_word' id='word_1_562' title='bbox 1557 4058 1681 4111; x_wconf 86' lang='grc' dir='ltr'>μου,</span> <span class='ocrx_word' id='word_1_563' title='bbox 1723 4041 1815 4094; x_wconf 77' lang='grc' dir='ltr'><strong>τὸν</strong></span> <span class='ocrx_word' id='word_1_564' title='bbox 1847 4041 1942 4095; x_wconf 79' lang='grc' dir='ltr'>τοῦ</span> 
     </span>
    </p>
   </div>
   <div class='ocr_carea' id='block_1_73' title="bbox 359 4125 1942 4207">
    <p class='ocr_par' dir='ltr' id='par_1_73' title="bbox 359 4125 1942 4207">
     <span class='ocr_line' id='line_1_73' title="bbox 359 4125 1942 4207; baseline 0.006 -29"><span class='ocrx_word' id='word_1_565' title='bbox 359 4125 614 4189; x_wconf 89' lang='grc' dir='ltr'>τέκτονος</span> <span class='ocrx_word' id='word_1_566' title='bbox 647 4126 952 4199; x_wconf 85' lang='grc' dir='ltr'>προφέρετε</span> <span class='ocrx_word' id='word_1_567' title='bbox 982 4128 1174 4196; x_wconf 86' lang='grc' dir='ltr'>Παῖδα,</span> <span class='ocrx_word' id='word_1_568' title='bbox 1205 4125 1266 4185; x_wconf 78' lang='lat'><strong>06</strong></span> <span class='ocrx_word' id='word_1_569' title='bbox 1299 4131 1424 4196; x_wconf 81' lang='grc' dir='ltr'>τοὺς</span> <span class='ocrx_word' id='word_1_570' title='bbox 1452 4132 1714 4201; x_wconf 79' lang='grc' dir='ltr'>ἀδελφοὺς</span> <span class='ocrx_word' id='word_1_571' title='bbox 1739 4135 1942 4207; x_wconf 86' lang='grc' dir='ltr'>γνωρί-</span> 
     </span>
    </p>
   </div>
   <div class='ocr_carea' id='block_1_74' title="bbox 359 4211 1942 4294">
    <p class='ocr_par' dir='ltr' id='par_1_74' title="bbox 359 4211 1942 4294">
     <span class='ocr_line' id='line_1_74' title="bbox 359 4211 1942 4294; baseline 0.005 -26"><span class='ocrx_word' id='word_1_572' title='bbox 359 4216 512 4282; x_wconf 86' lang='grc' dir='ltr'>ζετε,</span> <span class='ocrx_word' id='word_1_573' title='bbox 544 4211 608 4271; x_wconf 81' lang='lat' dir='ltr'><strong>o6</strong></span> <span class='ocrx_word' id='word_1_574' title='bbox 644 4219 744 4289; x_wconf 81' lang='grc' dir='ltr'><strong>τὴν</strong></span> <span class='ocrx_word' id='word_1_575' title='bbox 784 4219 963 4274; x_wconf 89' lang='grc' dir='ltr'>οἰκίαν</span> <span class='ocrx_word' id='word_1_576' title='bbox 1013 4218 1147 4274; x_wconf 82' lang='grc' dir='ltr'>ῐστε.</span> <span class='ocrx_word' id='word_1_577' title='bbox 1195 4221 1619 4294; x_wconf 81' lang='grc' dir='ltr'>Ἀπαριθμεῖσθε</span> <span class='ocrx_word' id='word_1_578' title='bbox 1656 4224 1832 4278; x_wconf 83' lang='grc' dir='ltr'>πάντα</span> <span class='ocrx_word' id='word_1_579' title='bbox 1874 4223 1942 4276; x_wconf 80' lang='grc' dir='ltr'>τὰ</span> 
     </span>
    </p>
   </div>
   <div class='ocr_carea' id='block_1_75' title="bbox 355 4308 1942 4384">
    <p class='ocr_par' dir='ltr' id='par_1_75' title="bbox 355 4308 1942 4384">
     <span class='ocr_line' id='line_1_75' title="bbox 355 4308 1942 4384; baseline 0.004 -25"><span class='ocrx_word' id='word_1_580' title='bbox 355 4308 614 4373; x_wconf 82' lang='grc' dir='ltr'>ταπεινὰ,</span> <span class='ocrx_word' id='word_1_581' title='bbox 650 4308 1082 4380; x_wconf 84' lang='grc' dir='ltr'>φιλονεικήσατε,</span> <span class='ocrx_word' id='word_1_582' title='bbox 1108 4312 1310 4383; x_wconf 84' lang='grc' dir='ltr'>πολλὴν</span> <span class='ocrx_word' id='word_1_583' title='bbox 1332 4313 1361 4365; x_wconf 85' lang='grc' dir='ltr'>ὐ</span> <span class='ocrx_word' id='word_1_584' title='bbox 1369 4311 1487 4384; x_wconf 87' lang='grc' dir='ltr'><strong>μῶν</strong></span> <span class='ocrx_word' id='word_1_585' title='bbox 1511 4312 1816 4383; x_wconf 84' lang='grc' dir='ltr'>καταχέατε</span> <span class='ocrx_word' id='word_1_586' title='bbox 1843 4312 1942 4384; x_wconf 82' lang='grc' dir='ltr'>τὴν</span> 
     </span>
    </p>
   </div>
   <div class='ocr_carea' id='block_1_76' title="bbox 2119 3577 3618 3649">
    <p class='ocr_par' dir='ltr' id='par_1_76' title="bbox 2119 3577 3618 3649">
     <span class='ocr_line' id='line_1_76' title="bbox 2119 3577 3618 3649; baseline -0.005 -12"><span class='ocrx_word' id='word_1_587' title='bbox 2119 3581 2260 3649; x_wconf 77' lang='lat' dir='ltr'><strong>Ergo</strong></span> <span class='ocrx_word' id='word_1_588' title='bbox 2306 3580 2451 3638; x_wconf 90' lang='lat' dir='ltr'><strong>stulti</strong></span> <span class='ocrx_word' id='word_1_589' title='bbox 2504 3595 2570 3636; x_wconf 91' lang='lat' dir='ltr'><strong>ac</strong></span> <span class='ocrx_word' id='word_1_590' title='bbox 2619 3578 2756 3635; x_wconf 88' lang='lat' dir='ltr'><strong>tardi</strong></span> <span class='ocrx_word' id='word_1_591' title='bbox 2805 3579 2988 3645; x_wconf 90' lang='lat' dir='ltr'><strong>corde,</strong></span> <span class='ocrx_word' id='word_1_592' title='bbox 3037 3577 3378 3633; x_wconf 80' lang='lat' dir='ltr'><strong>considerate</strong></span> <span class='ocrx_word' id='word_1_593' title='bbox 3437 3577 3618 3631; x_wconf 90' lang='lat' dir='ltr'><strong>animo</strong></span> 
     </span>
    </p>
   </div>
   <div class='ocr_carea' id='block_1_77' title="bbox 2047 3666 3618 3742">
    <p class='ocr_par' dir='ltr' id='par_1_77' title="bbox 2047 3666 3618 3742">
     <span class='ocr_line' id='line_1_77' title="bbox 2047 3666 3618 3742; baseline -0.002 -17"><span class='ocrx_word' id='word_1_594' title='bbox 2047 3681 2312 3742; x_wconf 81' lang='lat' dir='ltr'><strong>quotquot</strong></span> <span class='ocrx_word' id='word_1_595' title='bbox 2341 3689 2369 3724; x_wconf 86' lang='lat' dir='ltr'><strong>a</strong></span> <span class='ocrx_word' id='word_1_596' title='bbox 2400 3670 2600 3728; x_wconf 58' lang='lat' dir='ltr'><strong>saeculo</strong></span> <span class='ocrx_word' id='word_1_597' title='bbox 2632 3669 2848 3726; x_wconf 89' lang='lat' dir='ltr'><strong>fuerunt</strong></span> <span class='ocrx_word' id='word_1_598' title='bbox 2878 3669 3122 3724; x_wconf 86' lang='lat' dir='ltr'><strong>homines</strong></span> <span class='ocrx_word' id='word_1_599' title='bbox 3155 3682 3170 3724; x_wconf 88' lang='lat'><strong>:</strong></span> <span class='ocrx_word' id='word_1_600' title='bbox 3208 3666 3524 3737; x_wconf 88' lang='lat' dir='ltr'><strong>incipientes</strong></span> <span class='ocrx_word' id='word_1_601' title='bbox 3549 3667 3618 3722; x_wconf 87' lang='lat' dir='ltr'><strong>ab</strong></span> 
     </span>
    </p>
   </div>
   <div class='ocr_carea' id='block_1_78' title="bbox 2045 3757 3614 3830">
    <p class='ocr_par' dir='ltr' id='par_1_78' title="bbox 2045 3757 3614 3830">
     <span class='ocr_line' id='line_1_78' title="bbox 2045 3757 3614 3830; baseline -0.006 -14"><span class='ocrx_word' id='word_1_602' title='bbox 2045 3763 2237 3827; x_wconf 85' lang='lat' dir='ltr'><strong>Adam,</strong></span> <span class='ocrx_word' id='word_1_603' title='bbox 2261 3777 2450 3817; x_wconf 89' lang='lat' dir='ltr'><strong>omnes</strong></span> <span class='ocrx_word' id='word_1_604' title='bbox 2479 3761 2733 3830; x_wconf 87' lang='lat' dir='ltr'><strong>deinceps</strong></span> <span class='ocrx_word' id='word_1_605' title='bbox 2755 3759 3094 3829; x_wconf 78' lang='lat' dir='ltr'><strong>investigate,</strong></span> <span class='ocrx_word' id='word_1_606' title='bbox 3125 3772 3252 3812; x_wconf 89' lang='lat' dir='ltr'><strong>num</strong></span> <span class='ocrx_word' id='word_1_607' title='bbox 3280 3757 3426 3826; x_wconf 88' lang='lat' dir='ltr'><strong>qttod</strong></span> <span class='ocrx_word' id='word_1_608' title='bbox 3455 3757 3614 3812; x_wconf 82' lang='lat' dir='ltr'><strong>modo</strong></span> 
     </span>
    </p>
   </div>
   <div class='ocr_carea' id='block_1_79' title="bbox 2045 3848 3618 3923">
    <p class='ocr_par' dir='ltr' id='par_1_79' title="bbox 2045 3848 3618 3923">
     <span class='ocr_line' id='line_1_79' title="bbox 2045 3848 3618 3923; baseline -0.004 -15"><span class='ocrx_word' id='word_1_609' title='bbox 2045 3853 2248 3908; x_wconf 87' lang='lat' dir='ltr'><strong>factum</strong></span> <span class='ocrx_word' id='word_1_610' title='bbox 2273 3861 2376 3917; x_wconf 90' lang='lat' dir='ltr'><strong>est,</strong></span> <span class='ocrx_word' id='word_1_611' title='bbox 2407 3852 2506 3908; x_wconf 90' lang='lat' dir='ltr'><strong>sub</strong></span> <span class='ocrx_word' id='word_1_612' title='bbox 2527 3853 2648 3907; x_wconf 89' lang='lat' dir='ltr'><strong>aliis</strong></span> <span class='ocrx_word' id='word_1_613' title='bbox 2671 3866 2885 3923; x_wconf 89' lang='lat' dir='ltr'><strong>quoque</strong></span> <span class='ocrx_word' id='word_1_614' title='bbox 2912 3850 3115 3904; x_wconf 85' lang='lat' dir='ltr'><strong>factum</strong></span> <span class='ocrx_word' id='word_1_615' title='bbox 3147 3848 3429 3918; x_wconf 76' lang='lat' dir='ltr'><strong>reperietis</strong></span> <span class='ocrx_word' id='word_1_616' title='bbox 3451 3866 3466 3916; x_wconf 90' lang='lat'><strong>;</strong></span> <span class='ocrx_word' id='word_1_617' title='bbox 3492 3864 3618 3904; x_wconf 90' lang='lat' dir='ltr'><strong>num</strong></span> 
     </span>
    </p>
   </div>
   <div class='ocr_carea' id='block_1_80' title="bbox 2047 3939 3619 4012">
    <p class='ocr_par' dir='ltr' id='par_1_80' title="bbox 2047 3939 3619 4012">
     <span class='ocr_line' id='line_1_80' title="bbox 2047 3939 3619 4012; baseline -0.005 -10"><span class='ocrx_word' id='word_1_618' title='bbox 2047 3944 2301 4002; x_wconf 68' lang='lat' dir='ltr'><strong>saaculum</strong></span> <span class='ocrx_word' id='word_1_619' title='bbox 2346 3944 2645 3998; x_wconf 87' lang='lat' dir='ltr'><strong>curationis</strong></span> <span class='ocrx_word' id='word_1_620' title='bbox 2700 3941 2966 4012; x_wconf 84' lang='lat' dir='ltr'><strong>ejusmodi</strong></span> <span class='ocrx_word' id='word_1_621' title='bbox 3007 3939 3253 4010; x_wconf 81' lang='lat' dir='ltr'><strong>exemplo</strong></span> <span class='ocrx_word' id='word_1_622' title='bbox 3287 3939 3494 3994; x_wconf 88' lang='lat' dir='ltr'><strong>illustre</strong></span> <span class='ocrx_word' id='word_1_623' title='bbox 3522 3954 3619 3994; x_wconf 90' lang='lat' dir='ltr'><strong>oc-</strong></span> 
     </span>
    </p>
   </div>
   <div class='ocr_carea' id='block_1_81' title="bbox 2047 4028 3616 4101">
    <p class='ocr_par' dir='ltr' id='par_1_81' title="bbox 2047 4028 3616 4101">
     <span class='ocr_line' id='line_1_81' title="bbox 2047 4028 3616 4101; baseline -0.005 -12"><span class='ocrx_word' id='word_1_624' title='bbox 2047 4040 2267 4100; x_wconf 89' lang='lat' dir='ltr'><strong>currat;</strong></span> <span class='ocrx_word' id='word_1_625' title='bbox 2297 4046 2622 4101; x_wconf 87' lang='lat' dir='ltr'><strong>rursumque</strong></span> <span class='ocrx_word' id='word_1_626' title='bbox 2650 4036 2716 4084; x_wconf 86' lang='lat' dir='ltr'><strong>ad</strong></span> <span class='ocrx_word' id='word_1_627' title='bbox 2744 4030 3047 4085; x_wconf 91' lang='lat' dir='ltr'><strong>irrisionem</strong></span> <span class='ocrx_word' id='word_1_628' title='bbox 3079 4029 3290 4086; x_wconf 88' lang='lat' dir='ltr'><strong>Domini</strong></span> <span class='ocrx_word' id='word_1_629' title='bbox 3330 4028 3455 4093; x_wconf 90' lang='lat' dir='ltr'><strong>mei,</strong></span> <span class='ocrx_word' id='word_1_630' title='bbox 3491 4043 3616 4098; x_wconf 88' lang='lat' dir='ltr'><strong>pro-</strong></span> 
     </span>
    </p>
   </div>
   <div class='ocr_carea' id='block_1_82' title="bbox 2046 4121 3617 4192">
    <p class='ocr_par' dir='ltr' id='par_1_82' title="bbox 2046 4121 3617 4192">
     <span class='ocr_line' id='line_1_82' title="bbox 2046 4121 3617 4192; baseline -0.004 -14"><span class='ocrx_word' id='word_1_631' title='bbox 2046 4124 2182 4179; x_wconf 87' lang='lat' dir='ltr'><strong>fcrte</strong></span> <span class='ocrx_word' id='word_1_632' title='bbox 2229 4124 2370 4178; x_wconf 89' lang='lat' dir='ltr'><strong>fabri</strong></span> <span class='ocrx_word' id='word_1_633' title='bbox 2426 4124 2618 4178; x_wconf 85' lang='lat' dir='ltr'><strong>Filium</strong></span> <span class='ocrx_word' id='word_1_634' title='bbox 2650 4122 2730 4188; x_wconf 76' lang='lat'><strong>“,</strong></span> <span class='ocrx_word' id='word_1_635' title='bbox 2776 4123 2929 4192; x_wconf 81' lang='lat' dir='ltr'><strong>cujus</strong></span> <span class='ocrx_word' id='word_1_636' title='bbox 2972 4123 3158 4177; x_wconf 86' lang='lat' dir='ltr'><strong>sciatis</strong></span> <span class='ocrx_word' id='word_1_637' title='bbox 3193 4123 3417 4186; x_wconf 84' lang='lat' dir='ltr'><strong>fratres,</strong></span> <span class='ocrx_word' id='word_1_638' title='bbox 3465 4121 3617 4188; x_wconf 82' lang='lat' dir='ltr'><strong>cujus</strong></span> 
     </span>
    </p>
   </div>
   <div class='ocr_carea' id='block_1_83' title="bbox 2041 4211 3613 4272">
    <p class='ocr_par' dir='ltr' id='par_1_83' title="bbox 2041 4211 3613 4272">
     <span class='ocr_line' id='line_1_83' title="bbox 2041 4211 3613 4272; baseline -0.004 -2"><span class='ocrx_word' id='word_1_639' title='bbox 2041 4218 2260 4270; x_wconf 86' lang='lat' dir='ltr'><strong>domum</strong></span> <span class='ocrx_word' id='word_1_640' title='bbox 2305 4232 2366 4272; x_wconf 88' lang='lat' dir='ltr'><strong>ac</strong></span> <span class='ocrx_word' id='word_1_641' title='bbox 2421 4213 2680 4270; x_wconf 89' lang='lat' dir='ltr'><strong>familiam</strong></span> <span class='ocrx_word' id='word_1_642' title='bbox 2726 4216 3010 4270; x_wconf 85' lang='lat' dir='ltr'><strong>noveritis.</strong></span> <span class='ocrx_word' id='word_1_643' title='bbox 3060 4213 3347 4268; x_wconf 89' lang='lat' dir='ltr'><strong>Studentes</strong></span> <span class='ocrx_word' id='word_1_644' title='bbox 3389 4211 3613 4266; x_wconf 81' lang='lat' dir='ltr'><strong>humilia</strong></span> 
     </span>
    </p>
   </div>
   <div class='ocr_carea' id='block_1_84' title="bbox 2041 4297 3614 4376">
    <p class='ocr_par' dir='ltr' id='par_1_84' title="bbox 2041 4297 3614 4376">
     <span class='ocr_line' id='line_1_84' title="bbox 2041 4297 3614 4376; baseline -0.006 -16"><span class='ocrx_word' id='word_1_645' title='bbox 2041 4308 2221 4360; x_wconf 90' lang='lat' dir='ltr'><strong>omnia</strong></span> <span class='ocrx_word' id='word_1_646' title='bbox 2258 4321 2603 4376; x_wconf 86' lang='lat' dir='ltr'><strong>percensere,</strong></span> <span class='ocrx_word' id='word_1_647' title='bbox 2642 4304 2862 4359; x_wconf 88' lang='lat' dir='ltr'><strong>multam</strong></span> <span class='ocrx_word' id='word_1_648' title='bbox 2901 4314 3135 4358; x_wconf 89' lang='lat' dir='ltr'><strong>vestram</strong></span> <span class='ocrx_word' id='word_1_649' title='bbox 3171 4297 3474 4370; x_wconf 88' lang='lat' dir='ltr'><strong>profundite</strong></span> <span class='ocrx_word' id='word_1_650' title='bbox 3523 4299 3614 4352; x_wconf 85' lang='lat' dir='ltr'><strong>in-</strong></span> 
     </span>
    </p>
   </div>
   <div class='ocr_carea' id='block_1_85' title="bbox 356 4391 1947 4474">
    <p class='ocr_par' dir='ltr' id='par_1_85' title="bbox 356 4391 1938 4474">
     <span class='ocr_line' id='line_1_85' title="bbox 356 4391 1938 4474; baseline 0.009 -32"><span class='ocrx_word' id='word_1_651' title='bbox 356 4391 594 4456; x_wconf 80' lang='grc' dir='ltr'>ἀδοξίαν.</span> <span class='ocrx_word' id='word_1_652' title='bbox 618 4393 681 4446; x_wconf 84' lang='lat' dir='ltr'><strong>El</strong></span> <span class='ocrx_word' id='word_1_653' title='bbox 711 4393 767 4447; x_wconf 81' lang='grc' dir='ltr'>δὲ</span> <span class='ocrx_word' id='word_1_654' title='bbox 794 4397 961 4467; x_wconf 84' lang='grc' dir='ltr'>μηδὲν</span> <span class='ocrx_word' id='word_1_655' title='bbox 981 4398 1218 4452; x_wconf 82' lang='grc' dir='ltr'>τοιοῦτον</span> <span class='ocrx_word' id='word_1_656' title='bbox 1247 4401 1382 4471; x_wconf 87' lang='grc' dir='ltr'>μήτε</span> <span class='ocrx_word' id='word_1_657' title='bbox 1403 4399 1686 4471; x_wconf 77' lang='grc' dir='ltr'>ἄνθρωπος</span> <span class='ocrx_word' id='word_1_658' title='bbox 1713 4400 1938 4474; x_wconf 77' lang='grc' dir='ltr'>ἔπραξε,</span> 
     </span>
    </p>
   </div>
   <div class='ocr_carea' id='block_1_86' title="bbox 2048 4391 3610 4474">
    <p class='ocr_par' dir='ltr' id='par_1_86' title="bbox 2048 4391 3610 4470">
     <span class='ocr_line' id='line_1_86' title="bbox 2048 4391 3610 4470; baseline -0.006 -18"><span class='ocrx_word' id='word_1_659' title='bbox 2048 4399 2445 4453; x_wconf 87' lang='lat' dir='ltr'><strong>credulitatem.</strong></span> <span class='ocrx_word' id='word_1_660' title='bbox 2481 4397 2712 4470; x_wconf 82' lang='lat' dir='ltr'><strong>Quodsi</strong></span> <span class='ocrx_word' id='word_1_661' title='bbox 2747 4409 2856 4450; x_wconf 90' lang='lat' dir='ltr'><strong>rem</strong></span> <span class='ocrx_word' id='word_1_662' title='bbox 2895 4392 3155 4464; x_wconf 89' lang='lat' dir='ltr'><strong>ejusmodi</strong></span> <span class='ocrx_word' id='word_1_663' title='bbox 3190 4406 3290 4446; x_wconf 90' lang='lat' dir='ltr'><strong>nec</strong></span> <span class='ocrx_word' id='word_1_664' title='bbox 3324 4391 3610 4460; x_wconf 88' lang='lat' dir='ltr'><strong>quisquam</strong></span> 
     </span>
    </p>
   </div>
   <div class='ocr_carea' id='block_1_87' title="bbox 360 4482 1942 4563">
    <p class='ocr_par' dir='ltr' id='par_1_87' title="bbox 360 4482 1942 4563">
     <span class='ocr_line' id='line_1_87' title="bbox 360 4482 1942 4563; baseline 0.008 -30"><span class='ocrx_word' id='word_1_665' title='bbox 360 4483 499 4552; x_wconf 75' lang='grc' dir='ltr'>μήτε</span> <span class='ocrx_word' id='word_1_666' title='bbox 536 4484 566 4536; x_wconf 85' lang='grc' dir='ltr'><strong>ό</strong></span> <span class='ocrx_word' id='word_1_667' title='bbox 605 4482 719 4552; x_wconf 83' lang='grc' dir='ltr'>βίος</span> <span class='ocrx_word' id='word_1_668' title='bbox 743 4485 866 4556; x_wconf 78' lang='grc' dir='ltr'>ἔσχε</span> <span class='ocrx_word' id='word_1_669' title='bbox 890 4487 1157 4559; x_wconf 83' lang='grc' dir='ltr'>διήγημα,</span> <span class='ocrx_word' id='word_1_670' title='bbox 1203 4489 1564 4559; x_wconf 87' lang='grc' dir='ltr'>καταγνόντες</span> <span class='ocrx_word' id='word_1_671' title='bbox 1592 4490 1798 4544; x_wconf 80' lang='grc' dir='ltr'>ἑαυτῶν</span> <span class='ocrx_word' id='word_1_672' title='bbox 1841 4491 1942 4563; x_wconf 81' lang='grc' dir='ltr'>τῆς</span> 
     </span>
    </p>
   </div>
   <div class='ocr_carea' id='block_1_88' title="bbox 357 4572 1940 4654">
    <p class='ocr_par' dir='ltr' id='par_1_88' title="bbox 357 4572 1940 4654">
     <span class='ocr_line' id='line_1_88' title="bbox 357 4572 1940 4654; baseline 0.009 -30"><span class='ocrx_word' id='word_1_673' title='bbox 357 4572 582 4641; x_wconf 78' lang='grc' dir='ltr'>ἀγνοίας</span> <span class='ocrx_word' id='word_1_674' title='bbox 602 4617 616 4641; x_wconf 95' lang='grc'><strong>,</strong></span> <span class='ocrx_word' id='word_1_675' title='bbox 665 4575 853 4631; x_wconf 84' lang='grc' dir='ltr'>λοιπὸν</span> <span class='ocrx_word' id='word_1_676' title='bbox 911 4581 1049 4652; x_wconf 82' lang='grc' dir='ltr'>πρὸς</span> <span class='ocrx_word' id='word_1_677' title='bbox 1098 4581 1197 4653; x_wconf 79' lang='grc' dir='ltr'><strong>τὴν</strong></span> <span class='ocrx_word' id='word_1_678' title='bbox 1264 4581 1526 4654; x_wconf 78' lang='grc' dir='ltr'>ἀλήθειαν</span> <span class='ocrx_word' id='word_1_679' title='bbox 1579 4582 1940 4653; x_wconf 72' lang='grc' dir='ltr'>ἀναϐλέψατε.</span> 
     </span>
    </p>
   </div>
   <div class='ocr_carea' id='block_1_89' title="bbox 358 4663 1942 4744">
    <p class='ocr_par' dir='ltr' id='par_1_89' title="bbox 358 4663 1942 4744">
     <span class='ocr_line' id='line_1_89' title="bbox 358 4663 1942 4744; baseline 0.008 -29"><span class='ocrx_word' id='word_1_680' title='bbox 358 4663 608 4732; x_wconf 77' lang='grc' dir='ltr'>Νίψασθε</span> <span class='ocrx_word' id='word_1_681' title='bbox 637 4668 728 4721; x_wconf 72' lang='grc' dir='ltr'><strong>καὶ</strong></span> <span class='ocrx_word' id='word_1_682' title='bbox 752 4669 910 4740; x_wconf 79' lang='grc' dir='ltr'>ὑμεῖς</span> <span class='ocrx_word' id='word_1_683' title='bbox 936 4673 1017 4736; x_wconf 82' lang='grc' dir='ltr'><strong>είς</strong></span> <span class='ocrx_word' id='word_1_684' title='bbox 1048 4671 1139 4725; x_wconf 78' lang='grc' dir='ltr'><strong>τὸν</strong></span> <span class='ocrx_word' id='word_1_685' title='bbox 1169 4672 1417 4744; x_wconf 82' lang='grc' dir='ltr'>Σιλωὰμ,</span> <span class='ocrx_word' id='word_1_686' title='bbox 1447 4672 1533 4726; x_wconf 86' lang='grc' dir='ltr'><strong>ῐνα</strong></span> <span class='ocrx_word' id='word_1_687' title='bbox 1563 4672 1640 4744; x_wconf 78' lang='grc' dir='ltr'>μὴ</span> <span class='ocrx_word' id='word_1_688' title='bbox 1676 4673 1942 4728; x_wconf 72' lang='grc' dir='ltr'>ὲναποθάο</span> 
     </span>
    </p>
   </div>
   <div class='ocr_carea' id='block_1_90' title="bbox 356 4761 1152 4834">
    <p class='ocr_par' dir='ltr' id='par_1_90' title="bbox 356 4761 1152 4834">
     <span class='ocr_line' id='line_1_90' title="bbox 356 4761 1152 4834; baseline 0.01 -24"><span class='ocrx_word' id='word_1_689' title='bbox 356 4771 490 4828; x_wconf 82' lang='grc' dir='ltr'>νητε</span> <span class='ocrx_word' id='word_1_690' title='bbox 515 4763 582 4831; x_wconf 77' lang='grc' dir='ltr'>τῇ</span> <span class='ocrx_word' id='word_1_691' title='bbox 609 4761 924 4834; x_wconf 84' lang='grc' dir='ltr'>τυφλότητι.</span> <span class='ocrx_word' id='word_1_692' title='bbox 1147 4787 1152 4792; x_wconf 93' lang='grc'>·</span> 
     </span>
    </p>
   </div>
   <div class='ocr_carea' id='block_1_91' title="bbox 443 4849 1940 4924">
    <p class='ocr_par' dir='ltr' id='par_1_91' title="bbox 443 4849 1940 4924">
     <span class='ocr_line' id='line_1_91' title="bbox 443 4849 1940 4924; baseline 0.005 -22"><span class='ocrx_word' id='word_1_693' title='bbox 443 4849 582 4903; x_wconf 82' lang='grc' dir='ltr'>Ἀλλ’</span> <span class='ocrx_word' id='word_1_694' title='bbox 602 4851 756 4906; x_wconf 84' lang='grc' dir='ltr'>οὐδὲν</span> <span class='ocrx_word' id='word_1_695' title='bbox 783 4853 860 4917; x_wconf 85' lang='grc' dir='ltr'>ὡς</span> <span class='ocrx_word' id='word_1_696' title='bbox 889 4854 1064 4909; x_wconf 72' lang='grc' dir='ltr'>ἔοικεν</span> <span class='ocrx_word' id='word_1_697' title='bbox 1090 4858 1178 4910; x_wconf 80' lang='grc' dir='ltr'><strong>ἐπ’</strong></span> <span class='ocrx_word' id='word_1_698' title='bbox 1210 4857 1454 4912; x_wconf 85' lang='grc' dir='ltr'>ἐκείνων.</span> <span class='ocrx_word' id='word_1_699' title='bbox 1479 4855 1554 4909; x_wconf 85' lang='grc' dir='ltr'><strong>Οὐ</strong></span> <span class='ocrx_word' id='word_1_700' title='bbox 1583 4855 1740 4924; x_wconf 80' lang='grc' dir='ltr'>λόγος</span> <span class='ocrx_word' id='word_1_701' title='bbox 1780 4856 1940 4909; x_wconf 86' lang='grc' dir='ltr'>ὲπαί-</span> 
     </span>
    </p>
   </div>
   <div class='ocr_carea' id='block_1_92' title="bbox 356 4936 1940 5018">
    <p class='ocr_par' dir='ltr' id='par_1_92' title="bbox 356 4936 1940 5018">
     <span class='ocr_line' id='line_1_92' title="bbox 356 4936 1940 5018; baseline 0.007 -30"><span class='ocrx_word' id='word_1_702' title='bbox 356 4936 528 5003; x_wconf 78' lang='grc' dir='ltr'>δευεν,</span> <span class='ocrx_word' id='word_1_703' title='bbox 564 4941 626 4993; x_wconf 81' lang='grc' dir='ltr'><strong>ού</strong></span> <span class='ocrx_word' id='word_1_704' title='bbox 654 4941 856 5012; x_wconf 79' lang='grc' dir='ltr'>πρᾶξις</span> <span class='ocrx_word' id='word_1_705' title='bbox 890 4943 1187 5010; x_wconf 76' lang='grc' dir='ltr'>ἐδίδασκεν,</span> <span class='ocrx_word' id='word_1_706' title='bbox 1227 4947 1327 4999; x_wconf 78' lang='grc' dir='ltr'><strong>οὐκ</strong></span> <span class='ocrx_word' id='word_1_707' title='bbox 1361 4947 1608 5018; x_wconf 75' lang='grc' dir='ltr'>ἐνέργεια</span> <span class='ocrx_word' id='word_1_708' title='bbox 1643 4944 1940 5015; x_wconf 86' lang='grc' dir='ltr'>θαυμάτων</span> 
     </span>
    </p>
   </div>
   <div class='ocr_carea' id='block_1_93' title="bbox 359 5026 1942 5109">
    <p class='ocr_par' dir='ltr' id='par_1_93' title="bbox 359 5026 1942 5109">
     <span class='ocr_line' id='line_1_93' title="bbox 359 5026 1942 5109; baseline 0.006 -29"><span class='ocrx_word' id='word_1_709' title='bbox 359 5026 408 5057; x_wconf 64' lang='grc'><strong><em>⁸³</em></strong></span> <span class='ocrx_word' id='word_1_710' title='bbox 437 5027 738 5086; x_wconf 71' lang='grc' dir='ltr'>ἐδυσώπει*</span> <span class='ocrx_word' id='word_1_711' title='bbox 774 5035 954 5088; x_wconf 78' lang='grc' dir='ltr'>πάντα</span> <span class='ocrx_word' id='word_1_712' title='bbox 983 5036 1040 5089; x_wconf 79' lang='grc' dir='ltr'>δὲ</span> <span class='ocrx_word' id='word_1_713' title='bbox 1078 5037 1385 5091; x_wconf 82' lang='grc' dir='ltr'>τούναντίον</span> <span class='ocrx_word' id='word_1_714' title='bbox 1439 5037 1525 5090; x_wconf 73' lang='grc' dir='ltr'><strong>διὰ</strong></span> <span class='ocrx_word' id='word_1_715' title='bbox 1569 5037 1670 5109; x_wconf 76' lang='grc' dir='ltr'><strong>τὴν</strong></span> <span class='ocrx_word' id='word_1_716' title='bbox 1714 5037 1942 5106; x_wconf 79' lang='grc' dir='ltr'>έντυφον</span> 
     </span>
    </p>
   </div>
   <div class='ocr_carea' id='block_1_94' title="bbox 355 5120 1940 5201">
    <p class='ocr_par' dir='ltr' id='par_1_94' title="bbox 355 5120 1940 5201">
     <span class='ocr_line' id='line_1_94' title="bbox 355 5120 1940 5201; baseline 0.007 -30"><span class='ocrx_word' id='word_1_717' title='bbox 355 5120 752 5195; x_wconf 81' lang='grc' dir='ltr'>ἀγνωμοσύνην</span> <span class='ocrx_word' id='word_1_718' title='bbox 793 5127 1009 5199; x_wconf 84' lang='grc' dir='ltr'>μυρίοις</span> <span class='ocrx_word' id='word_1_719' title='bbox 1047 5129 1268 5200; x_wconf 86' lang='grc' dir='ltr'>τρόποις</span> <span class='ocrx_word' id='word_1_720' title='bbox 1310 5128 1627 5201; x_wconf 76' lang='grc' dir='ltr'>ἐπεχείρουν</span> <span class='ocrx_word' id='word_1_721' title='bbox 1651 5129 1940 5198; x_wconf 80' lang='grc' dir='ltr'>ἀφανίζειν</span> 
     </span>
    </p>
   </div>
   <div class='ocr_carea' id='block_1_95' title="bbox 354 5211 1935 5293">
    <p class='ocr_par' dir='ltr' id='par_1_95' title="bbox 354 5211 1935 5293">
     <span class='ocr_line' id='line_1_95' title="bbox 354 5211 1935 5293; baseline 0.006 -30"><span class='ocrx_word' id='word_1_722' title='bbox 354 5211 450 5263; x_wconf 75' lang='grc' dir='ltr'>καὶ</span> <span class='ocrx_word' id='word_1_723' title='bbox 477 5211 752 5286; x_wconf 83' lang='grc' dir='ltr'>διασύρειν</span> <span class='ocrx_word' id='word_1_724' title='bbox 770 5234 786 5248; x_wconf 74' lang='grc'><strong>⁸</strong></span> <span class='ocrx_word' id='word_1_725' title='bbox 823 5221 1212 5292; x_wconf 83' lang='grc' dir='ltr'>περιετρέπετο</span> <span class='ocrx_word' id='word_1_726' title='bbox 1241 5221 1299 5275; x_wconf 84' lang='grc' dir='ltr'>δὲ</span> <span class='ocrx_word' id='word_1_727' title='bbox 1330 5222 1512 5285; x_wconf 74' lang='grc' dir='ltr'>αὐτοῖς</span> <span class='ocrx_word' id='word_1_728' title='bbox 1545 5221 1682 5293; x_wconf 80' lang='grc' dir='ltr'>πρὸς</span> <span class='ocrx_word' id='word_1_729' title='bbox 1712 5220 1935 5273; x_wconf 76' lang='grc' dir='ltr'>τούναν-</span> 
     </span>
    </p>
   </div>
   <div class='ocr_carea' id='block_1_96' title="bbox 351 5299 1930 5382">
    <p class='ocr_par' dir='ltr' id='par_1_96' title="bbox 351 5299 1930 5382">
     <span class='ocr_line' id='line_1_96' title="bbox 351 5299 1930 5382; baseline 0.006 -30"><span class='ocrx_word' id='word_1_730' title='bbox 351 5299 470 5353; x_wconf 86' lang='grc' dir='ltr'>τίον</span> <span class='ocrx_word' id='word_1_731' title='bbox 514 5303 547 5373; x_wconf 72' lang='grc' dir='ltr'><strong>ή</strong></span> <span class='ocrx_word' id='word_1_732' title='bbox 595 5309 914 5380; x_wconf 86' lang='grc' dir='ltr'>κακουργία.</span> <span class='ocrx_word' id='word_1_733' title='bbox 951 5311 1103 5381; x_wconf 82' lang='grc' dir='ltr'>ὐσῳ</span> <span class='ocrx_word' id='word_1_734' title='bbox 1150 5311 1259 5382; x_wconf 73' lang='grc' dir='ltr'>γὰρ</span> <span class='ocrx_word' id='word_1_735' title='bbox 1296 5311 1558 5380; x_wconf 77' lang='grc' dir='ltr'>ἠπίστουν</span> <span class='ocrx_word' id='word_1_736' title='bbox 1592 5313 1794 5364; x_wconf 73' lang='grc' dir='ltr'>ἐκεῖνοι</span> <span class='ocrx_word' id='word_1_737' title='bbox 1833 5311 1930 5362; x_wconf 74' lang='grc' dir='ltr'><strong>καὶ</strong></span> 
     </span>
    </p>
   </div>
   <div class='ocr_carea' id='block_1_97' title="bbox 426 5547 2021 5624">
    <p class='ocr_par' dir='ltr' id='par_1_97' title="bbox 426 5547 2021 5624">
     <span class='ocr_line' id='line_1_97' title="bbox 426 5547 2021 5624; baseline 0.003 -22"><span class='ocrx_word' id='word_1_738' title='bbox 426 5547 468 5624; x_wconf 62' lang='grc' dir='ltr'><strong>ξ’</strong></span> <span class='ocrx_word' id='word_1_739' title='bbox 510 5549 585 5624; x_wconf 65' lang='lat' dir='ltr'><strong>Et</strong></span> <span class='ocrx_word' id='word_1_740' title='bbox 620 5549 747 5620; x_wconf 81' lang='lat' dir='ltr'><strong>Seg.</strong></span> <span class='ocrx_word' id='word_1_741' title='bbox 798 5552 902 5624; x_wconf 24' lang='lat'><strong>“3&quot;</strong></span> <span class='ocrx_word' id='word_1_742' title='bbox 924 5551 1076 5624; x_wconf 67' lang='lat' dir='ltr'><strong>Plini.</strong></span> <span class='ocrx_word' id='word_1_743' title='bbox 1103 5552 1178 5616; x_wconf 80' lang='grc' dir='ltr'>ὡς</span> <span class='ocrx_word' id='word_1_744' title='bbox 1207 5551 1439 5624; x_wconf 79' lang='grc' dir='ltr'>ἀληθῶς,</span> <span class='ocrx_word' id='word_1_745' title='bbox 1542 5553 1584 5585; x_wconf 75' lang='grc'>³³</span> <span class='ocrx_word' id='word_1_746' title='bbox 1597 5552 1748 5624; x_wconf 78' lang='lat' dir='ltr'><strong>_Seg.</strong></span> <span class='ocrx_word' id='word_1_747' title='bbox 1771 5552 1864 5624; x_wconf 71' lang='grc' dir='ltr'>τὸν</span> <span class='ocrx_word' id='word_1_748' title='bbox 1889 5550 2021 5624; x_wconf 73' lang='grc' dir='ltr'>βίον.</span> 
     </span>
    </p>
   </div>
   <div class='ocr_carea' id='block_1_98' title="bbox 354 5615 2100 5694">
    <p class='ocr_par' dir='ltr' id='par_1_98' title="bbox 354 5615 2100 5694">
     <span class='ocr_line' id='line_1_98' title="bbox 354 5615 2100 5694; baseline 0.002 -25"><span class='ocrx_word' id='word_1_749' title='bbox 354 5615 723 5694; x_wconf 51' lang='grc' dir='ltr'>ἀνθρῴξοιςῘ</span> <span class='ocrx_word' id='word_1_750' title='bbox 795 5621 839 5652; x_wconf 72' lang='grc'>⁵³</span> <span class='ocrx_word' id='word_1_751' title='bbox 871 5620 994 5691; x_wconf 76' lang='lat' dir='ltr'><strong>Seg.</strong></span> <span class='ocrx_word' id='word_1_752' title='bbox 1041 5615 1409 5694; x_wconf 58' lang='grc' dir='ltr'>διασυρισμῷζ</span> <span class='ocrx_word' id='word_1_753' title='bbox 1507 5624 1548 5654; x_wconf 74' lang='grc'><strong>⁵³</strong></span> <span class='ocrx_word' id='word_1_754' title='bbox 1589 5615 1726 5694; x_wconf 62' lang='grc' dir='ltr'>δι·ςῖ</span> <span class='ocrx_word' id='word_1_755' title='bbox 1764 5615 2100 5694; x_wconf 82' lang='grc' dir='ltr'>θαυμασίων.</span> 
     </span>
    </p>
   </div>
   <div class='ocr_carea' id='block_1_99' title="bbox 362 5691 608 5749">
    <p class='ocr_par' dir='ltr' id='par_1_99' title="bbox 362 5691 608 5749">
     <span class='ocr_line' id='line_1_99' title="bbox 362 5691 608 5749; baseline 0 -7"><span class='ocrx_word' id='word_1_756' title='bbox 362 5701 481 5749; x_wconf 85' lang='lat' dir='ltr'><strong>xm,</strong></span> <span class='ocrx_word' id='word_1_757' title='bbox 512 5691 608 5744; x_wconf 76' lang='grc'><strong>55.</strong></span> 
     </span>
    </p>
   </div>
   <div class='ocr_carea' id='block_1_100' title="bbox 2041 4481 3612 4558">
    <p class='ocr_par' dir='ltr' id='par_1_100' title="bbox 2041 4481 3612 4558">
     <span class='ocr_line' id='line_1_100' title="bbox 2041 4481 3612 4558; baseline -0.004 -17"><span class='ocrx_word' id='word_1_758' title='bbox 2041 4487 2280 4558; x_wconf 85' lang='lat' dir='ltr'><strong>patravit</strong></span> <span class='ocrx_word' id='word_1_759' title='bbox 2310 4487 2492 4550; x_wconf 86' lang='lat' dir='ltr'><strong>homo,</strong></span> <span class='ocrx_word' id='word_1_760' title='bbox 2535 4499 2708 4554; x_wconf 89' lang='lat' dir='ltr'><strong>neque</strong></span> <span class='ocrx_word' id='word_1_761' title='bbox 2739 4492 2871 4538; x_wconf 66' lang='lat' dir='ltr'><strong>tetas</strong></span> <span class='ocrx_word' id='word_1_762' title='bbox 2910 4483 3014 4537; x_wconf 86' lang='lat' dir='ltr'><strong>ulla</strong></span> <span class='ocrx_word' id='word_1_763' title='bbox 3042 4482 3149 4537; x_wconf 88' lang='lat' dir='ltr'><strong>tale</strong></span> <span class='ocrx_word' id='word_1_764' title='bbox 3178 4481 3304 4550; x_wconf 89' lang='lat' dir='ltr'><strong>quid</strong></span> <span class='ocrx_word' id='word_1_765' title='bbox 3334 4489 3612 4535; x_wconf 86' lang='lat' dir='ltr'><strong>narratum</strong></span> 
     </span>
    </p>
   </div>
   <div class='ocr_carea' id='block_1_101' title="bbox 2042 4569 3612 4643">
    <p class='ocr_par' dir='ltr' id='par_1_101' title="bbox 2042 4569 3612 4643">
     <span class='ocr_line' id='line_1_101' title="bbox 2042 4569 3612 4643; baseline -0.006 -12"><span class='ocrx_word' id='word_1_766' title='bbox 2042 4576 2267 4641; x_wconf 86' lang='lat' dir='ltr'><strong>audivit,</strong></span> <span class='ocrx_word' id='word_1_767' title='bbox 2300 4586 2535 4631; x_wconf 80' lang='lat' dir='ltr'><strong>vestram</strong></span> <span class='ocrx_word' id='word_1_768' title='bbox 2568 4573 2665 4643; x_wconf 91' lang='lat' dir='ltr'><strong>ipsi</strong></span> <span class='ocrx_word' id='word_1_769' title='bbox 2701 4574 3018 4628; x_wconf 89' lang='lat' dir='ltr'><strong>damnantes</strong></span> <span class='ocrx_word' id='word_1_770' title='bbox 3045 4571 3339 4634; x_wconf 87' lang='lat' dir='ltr'><strong>inscitiam,</strong></span> <span class='ocrx_word' id='word_1_771' title='bbox 3369 4571 3436 4624; x_wconf 89' lang='lat' dir='ltr'><strong>ad</strong></span> <span class='ocrx_word' id='word_1_772' title='bbox 3463 4569 3612 4624; x_wconf 89' lang='lat' dir='ltr'><strong>veri-</strong></span> 
     </span>
    </p>
   </div>
   <div class='ocr_carea' id='block_1_102' title="bbox 2042 4660 3595 4735">
    <p class='ocr_par' dir='ltr' id='par_1_102' title="bbox 2042 4660 3595 4735">
     <span class='ocr_line' id='line_1_102' title="bbox 2042 4660 3595 4735; baseline -0.004 -15"><span class='ocrx_word' id='word_1_773' title='bbox 2042 4675 2205 4721; x_wconf 91' lang='lat' dir='ltr'><strong>tatem</strong></span> <span class='ocrx_word' id='word_1_774' title='bbox 2251 4668 2504 4735; x_wconf 86' lang='lat' dir='ltr'><strong>deinceps</strong></span> <span class='ocrx_word' id='word_1_775' title='bbox 2538 4663 2808 4734; x_wconf 86' lang='lat' dir='ltr'><strong>respicite.</strong></span> <span class='ocrx_word' id='word_1_776' title='bbox 2853 4661 2956 4718; x_wconf 83' lang='lat' dir='ltr'><strong>Vos</strong></span> <span class='ocrx_word' id='word_1_777' title='bbox 3003 4677 3216 4733; x_wconf 89' lang='lat' dir='ltr'><strong>quoque</strong></span> <span class='ocrx_word' id='word_1_778' title='bbox 3249 4660 3504 4717; x_wconf 86' lang='lat' dir='ltr'><strong>lavamiui</strong></span> <span class='ocrx_word' id='word_1_779' title='bbox 3539 4661 3595 4714; x_wconf 92' lang='lat' dir='ltr'><strong>in</strong></span> 
     </span>
    </p>
   </div>
   <div class='ocr_carea' id='block_1_103' title="bbox 2042 4755 3305 4823">
    <p class='ocr_par' dir='ltr' id='par_1_103' title="bbox 2042 4755 3305 4823">
     <span class='ocr_line' id='line_1_103' title="bbox 2042 4755 3305 4823; baseline -0.004 -9"><span class='ocrx_word' id='word_1_780' title='bbox 2042 4759 2208 4823; x_wconf 79' lang='lat' dir='ltr'><strong>Siloe,</strong></span> <span class='ocrx_word' id='word_1_781' title='bbox 2239 4769 2297 4812; x_wconf 91' lang='lat' dir='ltr'><strong>ut</strong></span> <span class='ocrx_word' id='word_1_782' title='bbox 2328 4772 2396 4813; x_wconf 90' lang='lat' dir='ltr'><strong>ne</strong></span> <span class='ocrx_word' id='word_1_783' title='bbox 2425 4759 2478 4812; x_wconf 91' lang='lat' dir='ltr'><strong>iu</strong></span> <span class='ocrx_word' id='word_1_784' title='bbox 2507 4766 2687 4812; x_wconf 91' lang='lat' dir='ltr'><strong>vestra</strong></span> <span class='ocrx_word' id='word_1_785' title='bbox 2717 4756 3020 4812; x_wconf 90' lang='lat' dir='ltr'><strong>moriamini</strong></span> <span class='ocrx_word' id='word_1_786' title='bbox 3042 4755 3305 4811; x_wconf 66' lang='lat' dir='ltr'><strong>caecitate.</strong></span> 
     </span>
    </p>
   </div>
   <div class='ocr_carea' id='block_1_104' title="bbox 2113 4845 3607 4920">
    <p class='ocr_par' dir='ltr' id='par_1_104' title="bbox 2113 4845 3607 4920">
     <span class='ocr_line' id='line_1_104' title="bbox 2113 4845 3607 4920; baseline -0.002 -17"><span class='ocrx_word' id='word_1_787' title='bbox 2113 4849 2403 4906; x_wconf 85' lang='lat' dir='ltr'><strong>Enimvero</strong></span> <span class='ocrx_word' id='word_1_788' title='bbox 2431 4849 2561 4904; x_wconf 89' lang='lat' dir='ltr'><strong>nihil</strong></span> <span class='ocrx_word' id='word_1_789' title='bbox 2590 4849 2661 4904; x_wconf 88' lang='lat' dir='ltr'><strong>illi</strong></span> <span class='ocrx_word' id='word_1_790' title='bbox 2683 4850 2824 4919; x_wconf 90' lang='lat' dir='ltr'><strong>quod</strong></span> <span class='ocrx_word' id='word_1_791' title='bbox 2847 4863 3026 4920; x_wconf 67' lang='lat' dir='ltr'><strong>operae</strong></span> <span class='ocrx_word' id='word_1_792' title='bbox 3041 4849 3276 4919; x_wconf 86' lang='lat' dir='ltr'><strong>pretium</strong></span> <span class='ocrx_word' id='word_1_793' title='bbox 3297 4857 3461 4903; x_wconf 87' lang='lat' dir='ltr'><strong>esset.</strong></span> <span class='ocrx_word' id='word_1_794' title='bbox 3486 4845 3607 4902; x_wconf 87' lang='lat' dir='ltr'><strong>Non</strong></span> 
     </span>
    </p>
   </div>
   <div class='ocr_carea' id='block_1_105' title="bbox 2040 4937 3609 5008">
    <p class='ocr_par' dir='ltr' id='par_1_105' title="bbox 2040 4937 3609 5008">
     <span class='ocr_line' id='line_1_105' title="bbox 2040 4937 3609 5008; baseline -0.004 -11"><span class='ocrx_word' id='word_1_795' title='bbox 2040 4955 2219 4997; x_wconf 89' lang='lat' dir='ltr'><strong>sermo</strong></span> <span class='ocrx_word' id='word_1_796' title='bbox 2245 4939 2562 5008; x_wconf 89' lang='lat' dir='ltr'><strong>erudiebat;</strong></span> <span class='ocrx_word' id='word_1_797' title='bbox 2596 4956 2703 4996; x_wconf 91' lang='lat' dir='ltr'><strong>non</strong></span> <span class='ocrx_word' id='word_1_798' title='bbox 2730 4941 2960 4996; x_wconf 88' lang='lat' dir='ltr'><strong>docebat</strong></span> <span class='ocrx_word' id='word_1_799' title='bbox 2989 4941 3154 5004; x_wconf 90' lang='lat' dir='ltr'><strong>actio,</strong></span> <span class='ocrx_word' id='word_1_800' title='bbox 3185 4953 3293 4995; x_wconf 90' lang='lat' dir='ltr'><strong>non</strong></span> <span class='ocrx_word' id='word_1_801' title='bbox 3319 4937 3609 4994; x_wconf 84' lang='lat' dir='ltr'><strong>miraculo-</strong></span> 
     </span>
    </p>
   </div>
   <div class='ocr_carea' id='block_1_106' title="bbox 2039 5031 3606 5102">
    <p class='ocr_par' dir='ltr' id='par_1_106' title="bbox 2039 5031 3606 5102">
     <span class='ocr_line' id='line_1_106' title="bbox 2039 5031 3606 5102; baseline -0.004 -13"><span class='ocrx_word' id='word_1_802' title='bbox 2039 5049 2156 5089; x_wconf 91' lang='lat' dir='ltr'><strong>rum</strong></span> <span class='ocrx_word' id='word_1_803' title='bbox 2192 5035 2361 5089; x_wconf 89' lang='lat' dir='ltr'><strong>virtus</strong></span> <span class='ocrx_word' id='word_1_804' title='bbox 2390 5033 2646 5089; x_wconf 76' lang='lat' dir='ltr'><strong>flectebat</strong></span> <span class='ocrx_word' id='word_1_805' title='bbox 2675 5051 2691 5088; x_wconf 90' lang='lat'><strong>:</strong></span> <span class='ocrx_word' id='word_1_806' title='bbox 2723 5043 2911 5089; x_wconf 87' lang='lat' dir='ltr'><strong>contra</strong></span> <span class='ocrx_word' id='word_1_807' title='bbox 2951 5041 3129 5087; x_wconf 86' lang='lat' dir='ltr'><strong>autem</strong></span> <span class='ocrx_word' id='word_1_808' title='bbox 3169 5046 3264 5102; x_wconf 87' lang='lat' dir='ltr'><strong>per</strong></span> <span class='ocrx_word' id='word_1_809' title='bbox 3303 5031 3606 5100; x_wconf 80' lang='lat' dir='ltr'><strong>improbam</strong></span> 
     </span>
    </p>
   </div>
   <div class='ocr_carea' id='block_1_107' title="bbox 2039 5121 3608 5195">
    <p class='ocr_par' dir='ltr' id='par_1_107' title="bbox 2039 5121 3608 5195">
     <span class='ocr_line' id='line_1_107' title="bbox 2039 5121 3608 5195; baseline -0.004 -15"><span class='ocrx_word' id='word_1_810' title='bbox 2039 5127 2405 5195; x_wconf 66' lang='lat' dir='ltr'><strong>arrorgantiam</strong></span> <span class='ocrx_word' id='word_1_811' title='bbox 2459 5126 2730 5182; x_wconf 79' lang='lat' dir='ltr'><strong>sexcentis</strong></span> <span class='ocrx_word' id='word_1_812' title='bbox 2779 5125 2955 5181; x_wconf 87' lang='lat' dir='ltr'><strong>modis</strong></span> <span class='ocrx_word' id='word_1_813' title='bbox 2999 5125 3292 5180; x_wconf 83' lang='lat' dir='ltr'><strong>obscurare</strong></span> <span class='ocrx_word' id='word_1_814' title='bbox 3333 5121 3516 5177; x_wconf 83' lang='lat' dir='ltr'><strong>omnia</strong></span> <span class='ocrx_word' id='word_1_815' title='bbox 3549 5135 3608 5174; x_wconf 80' lang='lat' dir='ltr'><strong>ac</strong></span> 
     </span>
    </p>
   </div>
   <div class='ocr_carea' id='block_1_108' title="bbox 2040 5214 3607 5274">
    <p class='ocr_par' dir='ltr' id='par_1_108' title="bbox 2040 5214 3607 5274">
     <span class='ocr_line' id='line_1_108' title="bbox 2040 5214 3607 5274; baseline -0.005 -3"><span class='ocrx_word' id='word_1_816' title='bbox 2040 5217 2266 5272; x_wconf 79' lang='lat' dir='ltr'><strong>irridere</strong></span> <span class='ocrx_word' id='word_1_817' title='bbox 2296 5216 2596 5274; x_wconf 87' lang='lat' dir='ltr'><strong>tentabant.</strong></span> <span class='ocrx_word' id='word_1_818' title='bbox 2624 5215 2793 5272; x_wconf 84' lang='lat' dir='ltr'><strong>Porro</strong></span> <span class='ocrx_word' id='word_1_819' title='bbox 2819 5216 2898 5272; x_wconf 88' lang='lat' dir='ltr'><strong>eis</strong></span> <span class='ocrx_word' id='word_1_820' title='bbox 2923 5215 2977 5270; x_wconf 93' lang='lat' dir='ltr'><strong>in</strong></span> <span class='ocrx_word' id='word_1_821' title='bbox 3009 5215 3344 5270; x_wconf 88' lang='lat' dir='ltr'><strong>contrarium</strong></span> <span class='ocrx_word' id='word_1_822' title='bbox 3370 5214 3607 5268; x_wconf 83' lang='lat' dir='ltr'><strong>versutia</strong></span> 
     </span>
    </p>
   </div>
   <div class='ocr_carea' id='block_1_109' title="bbox 2039 5302 3605 5380">
    <p class='ocr_par' dir='ltr' id='par_1_109' title="bbox 2039 5302 3605 5380">
     <span class='ocr_line' id='line_1_109' title="bbox 2039 5302 3605 5380; baseline -0.006 -15"><span class='ocrx_word' id='word_1_823' title='bbox 2039 5309 2284 5365; x_wconf 86' lang='lat' dir='ltr'><strong>cedebat.</strong></span> <span class='ocrx_word' id='word_1_824' title='bbox 2320 5308 2438 5377; x_wconf 86' lang='lat' dir='ltr'><strong>Quo</strong></span> <span class='ocrx_word' id='word_1_825' title='bbox 2472 5309 2616 5363; x_wconf 88' lang='lat' dir='ltr'><strong>enim</strong></span> <span class='ocrx_word' id='word_1_826' title='bbox 2659 5307 2834 5380; x_wconf 76' lang='lat' dir='ltr'><strong>magis</strong></span> <span class='ocrx_word' id='word_1_827' title='bbox 2860 5316 3016 5363; x_wconf 90' lang='lat' dir='ltr'><strong>erant</strong></span> <span class='ocrx_word' id='word_1_828' title='bbox 3055 5305 3340 5368; x_wconf 90' lang='lat' dir='ltr'><strong>increduli,</strong></span> <span class='ocrx_word' id='word_1_829' title='bbox 3376 5302 3605 5373; x_wconf 80' lang='lat' dir='ltr'><strong>aliisque</strong></span> 
     </span>
    </p>
   </div>
   <div class='ocr_carea' id='block_1_110' title="bbox 2563 5541 3600 5616">
    <p class='ocr_par' dir='ltr' id='par_1_110' title="bbox 2563 5541 3600 5616">
     <span class='ocr_line' id='line_1_110' title="bbox 2563 5541 3600 5616; baseline -0.009 -16"><span class='ocrx_word' id='word_1_830' title='bbox 2563 5546 2606 5576; x_wconf 68' lang='grc' dir='ltr'><strong>δ’</strong></span> <span class='ocrx_word' id='word_1_831' title='bbox 2649 5546 2774 5616; x_wconf 79' lang='lat' dir='ltr'><strong>Seg.</strong></span> <span class='ocrx_word' id='word_1_832' title='bbox 2828 5545 2940 5616; x_wconf 22' lang='grc' dir='ltr'>τὸν*</span> <span class='ocrx_word' id='word_1_833' title='bbox 2963 5545 3220 5614; x_wconf 71' lang='grc' dir='ltr'>λογισμὸν</span> <span class='ocrx_word' id='word_1_834' title='bbox 3275 5546 3387 5616; x_wconf 62' lang='grc' dir='ltr'>τοῖς</span> <span class='ocrx_word' id='word_1_835' title='bbox 3417 5542 3485 5616; x_wconf 43' lang='grc' dir='ltr'>-έξ</span> <span class='ocrx_word' id='word_1_836' title='bbox 3524 5541 3600 5616; x_wconf 63' lang='lat' dir='ltr'><strong>ari.</strong></span> 
     </span>
    </p>
   </div>
   <div class='ocr_carea' id='block_1_111' title="bbox 2134 5549 3599 5682">
    <p class='ocr_par' dir='ltr' id='par_1_111' title="bbox 2134 5549 3599 5682">
     <span class='ocr_line' id='line_1_111' title="bbox 2134 5549 3599 5616; baseline -0.008 -13"><span class='ocrx_word' id='word_1_837' title='bbox 2134 5550 2179 5582; x_wconf 73' lang='lat'><strong>&quot;°</strong></span> <span class='ocrx_word' id='word_1_838' title='bbox 2223 5549 2294 5602; x_wconf 72' lang='grc' dir='ltr'>Ετ</span> <span class='ocrx_word' id='word_1_839' title='bbox 2327 5549 2452 5615; x_wconf 82' lang='lat' dir='ltr'><strong>Seg.</strong></span> <span class='ocrx_word' id='word_1_840' title='bbox 2563 5549 2606 5576; x_wconf 79' lang='lat'>”</span> <span class='ocrx_word' id='word_1_841' title='bbox 2649 5549 2774 5616; x_wconf 80' lang='lat' dir='ltr'><strong>Seg.</strong></span> <span class='ocrx_word' id='word_1_842' title='bbox 2828 5549 2918 5598; x_wconf 84' lang='grc' dir='ltr'><strong>τὸν</strong></span> <span class='ocrx_word' id='word_1_843' title='bbox 2963 5549 3220 5614; x_wconf 75' lang='grc' dir='ltr'>λογισμὸν</span> <span class='ocrx_word' id='word_1_844' title='bbox 3275 5549 3387 5606; x_wconf 74' lang='grc' dir='ltr'>τοῖς</span> <span class='ocrx_word' id='word_1_845' title='bbox 3427 5549 3485 5604; x_wconf 81' lang='grc' dir='ltr'>ἐξ</span> <span class='ocrx_word' id='word_1_846' title='bbox 3524 5549 3599 5592; x_wconf 75' lang='grc' dir='ltr'>αι.</span> 
     </span>
     <span class='ocr_line' id='line_1_112' title="bbox 2210 5611 3599 5682; baseline -0.009 -9"><span class='ocrx_word' id='word_1_847' title='bbox 2210 5621 2254 5651; x_wconf 70' lang='grc' dir='ltr'>δ”</span> <span class='ocrx_word' id='word_1_848' title='bbox 2289 5619 2426 5674; x_wconf 80' lang='lat' dir='ltr'><strong>Psal.</strong></span> <span class='ocrx_word' id='word_1_849' title='bbox 2473 5629 2644 5682; x_wconf 73' lang='lat' dir='ltr'><strong>xxxtt,</strong></span> <span class='ocrx_word' id='word_1_850' title='bbox 2675 5616 2730 5670; x_wconf 84' lang='lat'><strong>6.</strong></span> <span class='ocrx_word' id='word_1_851' title='bbox 2828 5615 2876 5648; x_wconf 78' lang='lat'>“</span> <span class='ocrx_word' id='word_1_852' title='bbox 2911 5612 3068 5671; x_wconf 78' lang='lat' dir='ltr'><strong>Joau.</strong></span> <span class='ocrx_word' id='word_1_853' title='bbox 3101 5631 3137 5682; x_wconf 86' lang='lat' dir='ltr'><strong>t,</strong></span> <span class='ocrx_word' id='word_1_854' title='bbox 3180 5615 3230 5668; x_wconf 85' lang='lat'><strong>9.</strong></span> <span class='ocrx_word' id='word_1_855' title='bbox 3343 5611 3599 5662; x_wconf 77' lang='lat' dir='ltr'><strong>“Matth.</strong></span> 
     </span>
    </p>
   </div>
   <div class='ocr_carea' id='block_1_112' title="bbox 2210 5616 2730 5682">
    <p class='ocr_par' dir='ltr' id='par_1_112' title="bbox 2210 5616 2730 5682">
     <span class='ocr_line' id='line_1_113' title="bbox 2210 5616 2730 5682; baseline -0.004 -10"><span class='ocrx_word' id='word_1_856' title='bbox 2210 5621 2254 5651; x_wconf 70' lang='grc' dir='ltr'>δ”</span> <span class='ocrx_word' id='word_1_857' title='bbox 2289 5619 2426 5674; x_wconf 80' lang='lat' dir='ltr'><strong>Psal.</strong></span> <span class='ocrx_word' id='word_1_858' title='bbox 2473 5629 2644 5682; x_wconf 73' lang='lat' dir='ltr'><strong>xxx&quot;,</strong></span> <span class='ocrx_word' id='word_1_859' title='bbox 2675 5616 2730 5670; x_wconf 83' lang='lat'><strong>6.</strong></span> 
     </span>
    </p>
   </div>
  </div>
