4090 6146
539 295 645 354 259

1823 285 1884 343 S.
1925 281 2197 340 ASTERII
2237 278 2543 338 AMASENI

3697 277 3811 332 260

545 424 612 466 ac
639 407 761 463 aliis
790 403 1317 477 interrogationibus
1353 417 1470 458 rem
1505 401 1753 458 demoliri
1797 399 2114 465 studebant,

2237 393 2676 468 mposspme‘bwe;
2743 390 3074 463 ἀνατρέπειν
3127 387 3465 453 ’ἐσπούδαζον
3489 427 3504 452 ,
3563 390 3806 461 τοσούτῳ

540 515 610 558 eo
638 499 872 570 amplius
899 503 1102 552 veritas
1134 496 1563 552 conﬁrmabatur
1595 512 1611 551 :
1635 495 1887 564 idemque
1911 499 2012 561 eis,
2042 504 2119 547 at-

539 607 646 664 que
673 591 861 647 bestiis
891 590 996 644 illis
1022 589 1326 654 accidebat,
1352 601 1472 658 qua:
1497 589 1565 643 ab
1589 589 1772 659 aliquo
1797 587 2114 652 vulnerata,

548 684 888 752 necdumque
920 691 1031 736 tota
1061 680 1286 750 cuspide
1311 680 1486 735 ventri
1509 679 1702 744 inﬁxa,
1729 695 1836 751 quo
1857 679 1913 735 in
1937 678 2119 734 homi-

544 789 667 830 nem
691 774 903 829 irruunt
923 773 1157 842 impetu,
1185 770 1287 826 sibi
1311 771 1424 841 ipsa
1449 781 1620 827 totum
1645 771 1869 844 adigunt
1891 768 2116 826 ferrum.

615 950 773 1018 Quod
809 949 1044 1020 primum
1090 948 1309 1005 curiose
1353 957 1620 1018 quaerunt,
1664 950 1768 1006 hoc
1797 957 1926 1006 est:
1967 946 2122 1004 Sitne

549 1041 638 1097 hic
667 1042 782 1112 ipse
803 1055 1000 1107 caecus,
1027 1055 1126 1095 nec
1149 1039 1267 1110 eius
1298 1039 1418 1096 loco
1441 1041 1582 1096 alius
1608 1041 1855 1111 proditus
1877 1038 1971 1104 sit,
1999 1053 2122 1094 cum

526 1149 606 1190 .se
635 1134 811 1204 palam
843 1135 1008 1190 homo
1031 1135 1206 1205 ipsum
1237 1141 1656 1200 contestaretur,
1681 1147 1745 1187 ac
1773 1139 1940 1187 totam
1967 1145 2125 1186 cura-

545 1225 709 1281 tionis
741 1227 935 1281 seriem
964 1234 1265 1291 enarraret,
1301 1236 1359 1280 ut
1386 1233 1442 1280 et
1473 1224 1645 1279 lutum
1669 1223 1896 1279 oblitum
1923 1222 1994 1278 sit
2020 1237 2124 1276 cm-

543 1317 728 1372 citatis
775 1317 1119 1383 remedium;
1178 1327 1347 1388 utque
1392 1318 1597 1388 piscina
1648 1315 1818 1370 lutum
1865 1315 2122 1380 abluens,

545 1408 724 1463 visum
757 1408 1068 1476 praebuerit.
1116 1404 1239 1462 Hmc
1271 1408 1433 1462 vicini
1465 1407 1738 1462 curiosius
1773 1405 2122 1477 indagabant,

547 1497 937 1568 discebantque
969 1515 984 1552 :
1025 1497 1373 1568 requirebant
1410 1496 1694 1564 Pbarlsrei,
1741 1506 1904 1568 atque
1936 1498 2125 1555 crede-

548 1591 702 1644 bant.

619 1677 811 1733 Strues
837 1675 1007 1732 altera
1042 1675 1426 1733 assumebatur
1455 1678 1523 1731 ad
1551 1677 1956 1733 convellendum
1981 1678 2125 1749 quod

2217 485 2383 540 πλέον
2411 482 2727 538 ἐϐεϐαιοῦτο
2749 484 2786 553 ἡ
2811 480 3062 554 ἀλήθεια*
3120 479 3216 534 καὶ
3239 479 3406 534 ταυτὸ
3425 478 3664 550 ἔπασχον
3693 481 3804 534 τῶν

2218 576 2423 648 θηρίων
2451 574 2701 638 ἐκείνοις,
2734 573 2771 628 ἃ
2797 573 3075 645 πληγέντα
3270 587 3434 634 τινος,
3462 573 3559 624 καὶ
3581 571 3809 642 μηδέπω

2221 667 2404 723 πᾶσαν
2428 665 2527 737 τὴν
2551 665 2758 737 αίχμὴν
2786 666 2843 718 ἐν
2880 666 2946 736 τῇ
2981 662 3184 734 γαστρὶ
3207 661 3500 734 δεξάμενα,
3549 665 3616 733 τῇ
3667 663 3807 737 πρὸς

2219 760 2312 814 τὸν
2349 759 2636 832 ἄνθρωπον
2662 759 2808 830 ὁρμῇ
2856 757 2954 810 καὶ
3001 755 3325 828 φιλονεικίᾳ,
3361 756 3480 808 ὅλον
3513 755 3602 825 ἐφ’
3637 755 3806 808 ἑαυτά

2222 849 2450 906 συνωθεῖ
2468 851 2559 905 τὸν
2590 849 2707 922 σίδη
2717 865 2828 920 ρον.

2291 942 2491 1015 Πρώτη
2550 936 3092 1012 πολυπραγμοσύνην
3142 938 3206 992 Ei
3237 931 3392 1001 οὗτος
3420 936 3584 1002 αὐτὸς
3633 939 3662 992 ό
3711 955 3808 992 τυ-

2222 1035 2376 1106 φλὸς,
2433 1035 2531 1092 καὶ
2585 1032 2660 1105 μὴ
2714 1032 2901 1104 ἔτερος
2943 1030 3067 1086 ἀντ’
3090 1029 3301 1084 ἐκείνου
3349 1029 3565 1102 ἐδείχθη
3589 1046 3601 1060 ·
3647 1029 3808 1084 τοῦτο

2225 1126 2414 1196 σαφῶς
2460 1125 2556 1180 τοῦ
2599 1123 2890 1197 ἀνθρώπου
2941 1123 3451 1197 διαμαρτυρομένου
3479 1163 3495 1187 ,
3558 1123 3655 1179 καὶ
3707 1124 3807 1196 τήν

2222 1218 2546 1273 ἀκολουθίαν
2569 1217 2668 1288 τῆς
2719 1214 3020 1288 θεραπείας
3047 1213 3481 1284 ἀπαγγέλλοντος
3496 1215 3565 1277 ⁸⁸,
3596 1215 3678 1268 δτι
3713 1217 3811 1268 καὶ

2221 1308 2394 1379 πηλὸς
2421 1305 2757 1378 κατεχρίσθη
2781 1305 2844 1358 «ca
2867 1304 2970 1374 τῆς
3003 1303 3339 1374 τυφλότητος
3373 1304 3696 1375 φάρμακον,
3727 1304 3810 1356 ὅτι
3877 1366 3881 1369 1

2222 1401 2320 1456 καὶ
2351 1399 2710 1473 κολυμϐήθρα
2736 1399 2830 1453 τὸν
2875 1397 3048 1471 πηλὸν
3097 1399 3432 1469 ἀπονίψασα,
3476 1401 3538 1453 τὸ
3588 1399 3811 1471 βλέπειν

2223 1493 2521 1566 παρέσχεν.
2551 1491 2741 1547 Ταῦτα
2771 1491 3199 1566 περιεργάζοπο
3219 1492 3479 1562 γείτονες,
3509 1493 3604 1546 καί.
3642 1491 3813 1562 ἐμάν-

2224 1581 2385 1640 θανον
2403 1601 2420 1616 ·
2450 1583 2749 1656 ἀνεζήτουν
2770 1585 2821 1639 oi
2839 1585 3144 1658 Φαρισαῖοι,
3173 1583 3217 1618 ⁸¹
3245 1584 3340 1638 καί⁸
3369 1583 3666 1638 ἐπείθοντο.

2296 1675 2534 1748 Δευτέρα
2579 1675 2744 1746 τέχνη
2789 1677 2869 1739 είς
2907 1674 3167 1746 ἀθέτησιν
3195 1674 3290 1728 τοῦ
3329 1674 3622 1746 γενομένου
3677 1689 3812 1744 παρ-

549 1769 752 1823 i‘actum
801 1777 967 1833 esset,
1015 1778 1076 1823 ut
1123 1768 1413 1823 ostendere
1454 1779 1786 1824 conarentur
1838 1781 1944 1823 non
1998 1782 2120 1824 esse

2237 1766 2589 1838 ελαμϐἀνετο,
2627 1766 2691 1820 τὸ
2719 1766 3013 1839 πειρᾶσθαι
3034 1766 3324 1831 δεικνύειν,
3358 1767 3434 1830 ὡς
3459 1766 3560 1820 οὐκ
3607 1764 3753 1818 ἐστιν
3773 1771 3804 1822 ό

546 1861 843 1924 Christum,
868 1859 960 1930 qui
993 1868 1259 1914 curasset.
1291 1857 1424 1925 Quia
1469 1871 1600 1914 vero
1642 1860 1804 1915 homo
1838 1858 2132 1929 sospitato-

557 1964 670 2005 rem
700 1947 993 2016 clamabat,
1027 1964 1233 2019 suaque
1264 1949 1605 2006 confessione
1627 1953 1691 2006 ae
1719 1949 2126 2018 praedicatione,

555 2041 762 2111 gratias
804 2039 1158 2111 rependebat,
1199 2054 1266 2096 ac
1305 2041 1628 2097 beneﬁcium
1656 2041 1938 2112 prodebat,
1970 2039 2132 2096 obtu-

551 2131 684 2187 ratis
713 2131 958 2198 auribus,
985 2146 1049 2186 ac
1075 2131 1258 2186 animo
1287 2132 1549 2202 perplexi,
1584 2146 1684 2188 nec
1711 2131 1974 2188 habentes
1998 2131 2129 2203 quid

555 2229 802 2292 agerent,
850 2222 916 2277 ad
944 2221 1117 2278 morbi
1158 2236 1348 2277 rursus
1382 2219 1788 2292 inquisitionem
1821 2231 2128 2290 recurrunt,

552 2314 837 2386 diligenter
887 2323 1220 2383 scrutantur,
1252 2315 1394 2371 sitne
1435 2317 1482 2372 is
1525 2329 1703 2373 caecus
1753 2331 1784 2372 a
1823 2317 2128 2385 na’tivitate,

553 2407 901 2478 hominisque
933 2418 1184 2478 parentes
1219 2405 1532 2473 consulunt,
1566 2422 1630 2462 ac
1657 2407 1865 2480 singula
1895 2421 2121 2464 accura-

554 2499 665 2555 tius
693 2498 938 2570 exigunt,
974 2514 1080 2554 non
1105 2507 1168 2552 ut
1196 2511 1307 2552 rem
1341 2506 1550 2569 gestam
1578 2499 1924 2563 c0nlit‘meul,
1953 2500 2048 2554 sed
2074 2507 2133 2553 ut

556 2590 754 2662 quovis
780 2590 940 2644 modo
967 2588 1328 2646 labefactandi
1353 2588 1601 2644 miraculi
1626 2603 1812 2644 ansam
1843 2589 2132 2659 arripiant,

555 2680 789 2750 falsique
822 2678 1028 2750 aliquid
1073 2680 1368 2736 commenti
1417 2679 1732 2747 moliantur,
1773 2691 1880 2750 quo
1921 2680 2133 2736 ﬁdelem

552 2773 770 2844 plebem
799 2788 828 2827 a
858 2772 1038 2828 studio
1070 2780 1340 2827 avertant.
1371 2767 1417 2826 0
1445 2770 1805 2828 excellentem
1841 2771 2137 2827 malitiam!

556 2846 879 2931 Depugnare
907 2872 1103 2916 contra
1151 2861 1462 2926 veritatem;
1501 2875 1603 2916 nec
1637 2861 1865 2916 adorare
1894 2862 2133 2917 omnium

557 2952 893 3009 conditorem
919 2969 932 3021 ;
966 2951 1062 3008 sed
1091 2951 1337 3009 benelico
1371 2953 1656 3009 detrahere
1693 2971 1708 3008 :
1740 2967 1846 3008 non
1874 2952 2135 3008 admirari

556 3044 876 3118 potentiam,
903 3045 1000 3101 sed
1026 3045 1210 3100 conari
1242 3053 1391 3116 gesta
1422 3044 1656 3102 elevare.
1681 3043 1902 3101 Credite
1935 3042 2018 3100 vel
2042 3058 2137 3114 pa-

559 3136 828 3204 rentibus,
861 3153 895 3194 o
923 3135 1206 3202 Pharisaei,
1237 3140 1320 3194 sic
1353 3146 1536 3194 natum
1565 3152 1688 3194 esse
1719 3145 1922 3195 cmcu'm
1954 3131 2134 3195 homi-
2163 3111 2206 3170 ο

558 3246 726 3298 nem;
760 3245 1088 3301 rursumque
1113 3231 1177 3284 ad
1207 3245 1413 3286 urceum
1446 3229 1732 3295 recurrite,
1767 3223 2132 3301 secundoque,

563 3337 628 3376 nc
666 3324 852 3387 tertio,
879 3334 1032 3379 certo
1062 3324 1129 3379 ab
1159 3338 1224 3379 eo
1255 3323 1481 3380 docendi
1507 3323 1679 3380 malos
1707 3332 1933 3379 conatus
1961 3337 2025 3379 ac
2053 3323 2137 3377 ln-

563 3415 754 3471 sidias.
779 3413 884 3472 Ubi
915 3429 1042 3470 vero
1069 3415 1276 3484 primus
1299 3423 1528 3472 conatus
1554 3429 1659 3470 non
1691 3415 2034 3480 successerit,
2069 3414 2136 3471 ad

560 3506 858 3560 secundum
883 3505 1190 3572 procedite;
1218 3505 1305 3557 ubi
1333 3519 1433 3560 nec
1477 3503 1771 3570 secundus,
1793 3505 1858 3558 ad
1882 3505 2135 3571 tertium;

567 3595 658 3650 ubi
691 3609 790 3649 nec
819 3595 1034 3657 tertius,
1057 3595 1313 3664 deinceps
1339 3594 1402 3648 ad
1425 3602 1704 3662 quartum.
1730 3594 1936 3648 Astutae
1961 3596 2138 3665 vulpis

562 3699 756 3742 cursus
782 3691 999 3740 versate
1028 3699 1044 3738 :
1076 3698 1140 3739 ac
1167 3684 1386 3754 quidem
1415 3679 1561 3738 omni
1601 3695 1698 3737 vos
1731 3691 1884 3750 parte
1923 3695 2020 3737 ceu
2054 3683 2136 3738 in-

564 3775 767 3847 dagine
793 3775 1016 3846 cingunt
1041 3774 1289 3831 veritatis
1318 3773 1454 3829 retia
1478 3790 1494 3840 ;
1524 3788 1625 3829 nec
1657 3772 1770 3829 fieri
1797 3780 1995 3844 potest,
2025 3781 2084 3828 ut
2111 3791 2142 3830 a

563 3866 830 3923 miraculo
857 3865 1060 3920 exitum
1091 3863 1405 3920 inveniatis.
1437 3861 1724 3921 Enimvero
1751 3866 1956 3922 nullam
1982 3867 2143 3922 omit.

567 3958 666 4014 tite
695 3957 971 4025 stropbem
1009 3967 1222 4011 aranea:
1255 3966 1499 4013 texentes
1525 3957 1710 4023 telam,
1733 3959 1880 4014 varie
1903 3959 2144 4028 quidem,

569 4047 821 4103 imbecilli
852 4055 1031 4101 tamen
1056 4057 1254 4102 conatu
1278 4062 1343 4102 ac
1365 4047 1560 4115 inutili,
1601 4048 1822 4104 insidias
1851 4057 2146 4105 struentes.

2229 1861 2468 1934 Χριστὸς
2500 1863 2528 1915 δ
2571 1861 2877 1934 ’ἐνεργήσας
2907 1859 3006 1933 τήν
3034 1858 3350 1931 θεραπείαν.
3386 1858 3605 1929 Ἐπειδὴ
3638 1856 3693 1910 δὲ
3716 1857 3813 1911 ἄν·

2229 1952 2448 2026 θρωπος
2483 1951 2577 2008 τδν
2604 1952 2835 2024 Σωτῆρα
2855 1951 3004 2016 ἐϐόα,
3045 1951 3140 2005 καὶ
3171 1953 3238 2023 τῇ
3288 1949 3572 2023 ὁμολογίᾳ,
3600 1948 3694 2004 καὶ
3729 1947 3812 2018 τῷ

2229 2045 2548 2120 κηρύγματι
2587 2044 2860 2099 ἀντεδίδου
2900 2045 3001 2118 τὴν
3038 2044 3221 2116 χάριν,
3275 2043 3368 2097 καὶ.
3395 2041 3485 2096 τὸν
3514 2041 3813 2113 εὐεργέτην

2231 2137 2618 2211 ἐδημοσίευενο
2651 2137 3127 2209 ἀποφραττόμενοι
3166 2135 3236 2189 τὰ
3261 2135 3528 2204 στόματα,
3555 2132 3651 2186 καὶ
3677 2131 3814 2201 ίλιγ-

2230 2231 2460 2302 γιῶντες
2491 2231 2589 2305 τήν
2613 2229 2860 2303 γνώμην,
2891 2229 2992 2283 οὐκ
3015 2229 3234 2301 ἔχοντες
3252 2229 3281 2282 ὃ
3307 2235 3359 2281 τι
3381 2225 3477 2282 καί⁵
3507 2225 3812 2297 πράξωσιν,

2231 2323 2326 2379 ἐπὶ
2351 2323 2449 2397 τήν
2479 2322 2576 2378 τοῦ
2601 2322 2809 2387 πάθους
2836 2323 2998 2378 πάλιν
3027 2321 3385 2393 ἀνατρέχουσι
3412 2315 3662 2392 [ζήτησιν
3678 2335 3690 2348 ·
3715 2317 3814 2371 καὶ

2233 2418 2284 2471 εί
2325 2417 2391 2470 ἐκ
2434 2415 2659 2488 γενετῆς
2707 2413 2928 2485 τυφλὸς,
2971 2411 3131 2467 τοῦτο
3184 2411 3662 2484 περιεργάζονται,
3715 2409 3816 2462 καὶ

2233 2509 2363 2573 τοὺς
2383 2509 2559 2578 γονεῖς
2584 2504 2913 2580 ἀναζητοῦσι
2927 2505 3020 2561 τοῦ
3036 2502 3325 2576 ἀνθρώπου
3340 2502 3430 2576 ⁸⁸],
3448 2502 3540 2556 καὶ
3565 2499 3819 2572 ἀκριϐεῖς

2239 2600 2527 2668 ἐξετασταὶ
2563 2597 2804 2668 γίνονται
2843 2597 2951 2652 τῶν
2989 2596 3111 2651 καθ’
3159 2595 3407 2658 ἕκαστον,
3457 2592 3557 2664 οὐχ
3601 2591 3689 2644 ἴνα
3724 2589 3819 2660 βε-

2235 2691 2515 2747 ϐαιώσωσι
2539 2692 2599 2746 τὸ
2620 2691 2886 2764 πραχθὲν,
2916 2689 3032 2744 ἀλλ’
3063 2690 3150 2742 ἵνα
3181 2687 3494 2759 ἀνατροπήν
3522 2683 3684 2737 ποθεν
3714 2681 3816 2734 τοῦ

2237 2780 2544 2853 θαυμασίου
2586 2780 2823 2846 λάϐωσι,
2875 2780 2970 2833 καὶ
3001 2779 3170 2849 ψευδῆ
3213 2793 3336 2832 τινα
3376 2774 3679 2846 σκευωρίαν
3721 2788 3821 2824 κα-

2236 2871 2675 2936 τασκευάσαντες
2730 2871 2792 2924 τὸ
2819 2869 3073 2923 πιστεῦον
3103 2867 3306 2938 πλῆθος
3337 2869 3440 2938 τῆς
3475 2865 3654 2938 ὁρμῆς
3679 2865 3821 2917 ἀνα-

2236 2961 2532 3034 τρέφωσιν.
2564 2962 2628 3013 Ὢ
2665 2959 2864 3022 κακίας
2893 2957 3198 3030 ύπερϐολήί
3229 2957 3514 3027 Μάχεσθαι
3555 2955 3691 3028 πρὸς
3717 2954 3823 3026 τὴν

2238 3051 2516 3126 ἀλήθειαν,
2546 3053 2642 3107 καὶ
2673 3052 2748 3125 μή
2787 3052 3112 3124 προσκυνεῖν
3141 3048 3232 3102 τὸν
3260 3049 3438 3102 πάντα
3463 3047 3511 3079 ⁸⁸
3537 3046 3821 3112 ποιοῦντα,

2239 3145 2374 3201 ἀλλά
2409 3145 2689 3218 διασύρειν
2742 3144 2834 3198 τὸν
2889 3141 3221 3216 εὐεργέτην·
3265 3141 3342 3213 μὴ
3375 3139 3674 3212 θαυμάζειν
3717 3141 3824 3210 τὴν

2237 3235 2487 3308 δύναμιν,
2530 3234 2644 3290 ἀλλ’
2685 3231 2975 3296 εὐτελίζειν
3023 3229 3319 3303 πειρᾶσθαι
3376 3230 3448 3283 τὰ
3484 3230 3819 3302 πράγματα.

2243 3327 2510 3399 Πείσθητε
2551 3328 2648 3382 καὶ
2686 3327 2838 3399 παρά
2877 3325 2988 3381 τῶν
3019 3327 3244 3396 γονέων,
3297 3321 3343 3379 ὧ
3381 3326 3694 3399 Φαρισαῖοι,
3735 3324 3825 3378 ὅτι

2245 3419 2384 3492 μετὰ
2410 3419 2510 3489 τῆς
2539 3417 2871 3489 τυφλότητος
2899 3417 3098 3489 ἐτέχθη
3131 3418 3159 3469 ό
3185 3417 3470 3488 ἄνθρωπος
3489 3431 3502 3444 ⁸
3539 3415 3632 3469 καὶ
3657 3414 3826 3468 πάλιν

2243 3511 2338 3564 ἐπὶ
2365 3509 2456 3563 τὸν
2477 3507 2675 3578 τυφλὸν
2707 3507 3055 3580 ἀνατρέχετε,
3089 3511 3154 3562 ὲκ
3174 3507 3452 3579 δευτέρου,
3480 3506 3575 3560 καὶ
3610 3505 3826 3578 τρίτου,

2245 3599 2377 3672 παρ’
2410 3599 2620 3652 ἐκείνου
2655 3598 3161 3671 πληροφορούμενοι
3189 3598 3297 3652 τῶν
3323 3597 3508 3651 κακῶν
3541 3595 3828 3666 ἐπιχειρη-

2249 3689 2434 3760 μάτων
2460 3689 2556 3741 καὶ
2577 3686 2684 3741 τῶν
2731 3687 3051 3743 ἐπιϐουλῶν.
3093 3687 3231 3741 Ἀλλ’
3263 3688 3339 3740 ὅτ’
3369 3685 3435 3739 ἂν
3464 3685 3564 3754 τῆς
3596 3681 3827 3756 πρώτης

2211 3854 2213 3856 η
2241 3778 2512 3850 ἐκπέσητε
2558 3780 2772 3852 πείρας,
2813 3779 2905 3833 ἐπὶ
2938 3781 3038 3853 τήν
3067 3779 3326 3851 δευτέραν
3349 3778 3607 3849 χωρεῖτεο
3653 3773 3732 3828 ὅτ’
3755 3775 3829 3827 ἂν

2243 3869 2342 3940 τῆς
2380 3867 2662 3943 δευτέρας,
2703 3872 2796 3924 ἐπὶ
2833 3871 2932 3943 τήν
2971 3869 3199 3944 τρίτηνδ
3243 3871 3320 3925 ὅτ’
3357 3869 3423 3924 ἂν
3467 3869 3564 3940 τῆς
3599 3866 3825 3940 τρίτης.

2245 3961 2339 4014 ἐπὶ
2362 3962 2456 4016 τδν
2492 3963 2744 4035 καθεξῆς.
2791 3963 3095 4028 Ἀλώπεκος
3119 3956 3536 4034 κακουργούσης
3560 3957 3828 4028 ἀναστρέ-

2247 4054 2412 4124 φεσθε
2447 4055 2709 4128 δρόμουςο
2744 4057 2840 4110 καὶ
2889 4055 3165 4128 πανταχοῦ
3203 4056 3300 4126 μὲν
3342 4053 3487 4124 ὑμᾶς
3533 4048 3600 4104 τά
3629 4049 3828 4102 δίκτυα

566 4140 666 4212 τῆς
717 4139 974 4212 ἀληθείας
1027 4138 1514 4210 περιεστοίχισται·
1566 4141 1807 4209 ἄφυκτος
1847 4139 1926 4206 δέ,
1969 4141 2136 4212 ήάπὸ
2173 4142 2475 4217 θαυμασίου
2547 4147 2794 4212 διέξοδος.
2863 4145 3052 4218 Ὅμως
3096 4145 3154 4200 δέ
3194 4146 3372 4215 πάσης
3422 4144 3522 4198 οὐκ
3571 4139 3829 4212 ἁμελεῖτε

567 4236 794 4308 πλοκῆς,
841 4233 986 4288 ἰστὸν
1039 4233 1282 4304 ἀράχνης
1349 4229 1683 4301 ὐφαίνοντες,
1739 4229 1999 4295 ποικίλως
2053 4233 2183 4305 μὲν,
2224 4235 2340 4288 ἀλλ’
2372 4236 2615 4303 ἀσθενῶς
2637 4239 2731 4292 καὶ
2763 4235 3040 4308 ἀνηνύτως
3065 4233 3524 4298 ἐπιϐουλεύοντες.

640 4353 862 4411 Morbus
883 4351 972 4407 bic
993 4367 1022 4404 a
1048 4351 1290 4422 patribus
1321 4350 1376 4405 in
1403 4364 1497 4404 vos
1525 4358 1610 4404 est
1639 4349 1933 4404 derivatus.
1969 4348 2135 4406 lucre-

2321 4354 2595 4428 Πατρικδν
2657 4351 2811 4425 ὑμῶν
2865 4351 2928 4406 τὺ
2972 4352 3206 4424 νόσημα.
3247 4351 3518 4405 ’Δπίστων
3565 4348 3828 4418 πατέρων

569 4445 817 4502 dolorum
851 4451 1159 4514 parentum,
1193 4438 1459 4495 increduli
1495 4437 1612 4493 filii.
1647 4437 1846 4492 Eodem
1879 4438 1952 4492 illi
1985 4442 2144 4496 modo

537 4589 542 4594 .
570 4540 901 4603 habuerunt,
925 4533 1067 4605 quod
1089 4541 1304 4604 spectat
1331 4532 1398 4586 ad
1413 4529 1641 4602 Algypti
1675 4530 1957 4586 miracula.
1982 4529 2146 4588 Novis

573 4628 748 4682 modis
779 4633 1082 4696 praeterque
1113 4620 1573 4688 exspectationem
1599 4620 1667 4674 ab
1697 4619 1940 4674 hostibus
1967 4619 2144 4675 salva-

575 4719 797 4780 bantur,
833 4731 899 4770 ac
935 4713 1126 4768 salutis
1161 4711 1369 4766 auctori
1404 4709 1666 4766 increduli
1695 4719 1882 4765 erant.
1910 4708 2145 4766 Aleban-

575 4821 663 4864 tur
698 4807 840 4864 escis
865 4804 1220 4861 nobilioribus
1258 4817 1418 4872 quam
1455 4803 1654 4856 habeat
1684 4813 1896 4858 natura:
1922 4819 2054 4860 usus
2073 4805 2144 4869 ‘7,

571 4910 835 4969 erantque
859 4895 1124 4952 famelicis
1148 4895 1489 4966 ingretiores.
1523 4891 1905 4963 Suscipiebant
1945 4911 2144 4952 manna

576 4997 642 5049 de
679 4992 818 5050 cutio
850 4992 1074 5046 missum
1103 4988 1170 5053 “,
1197 4985 1554 5054 allioruntque
1589 4983 1806 5056 Egypti
1837 5002 1902 5041 ac
1930 4989 2143 5057 cepiutn

575 5092 778 5142 tetrum
810 5081 1189 5138 desiderabant
1222 5078 1460 5134 odorem.
1489 5074 1754 5132 Columna
1791 5079 1946 5134 nubis
1974 5079 2145 5136 inter-

575 5176 666 5231 diu
703 5172 1164 5230 obumbrabautur
1197 5169 1266 5235 “,
1305 5179 1362 5222 ut
1395 5184 1463 5223 ne
1495 5167 1628 5224 solis
1665 5169 1939 5224 radiorum
1976 5179 2144 5226 aestus

575 5265 880 5322 molestiam
917 5263 1122 5318 faceret
1156 5282 1168 5317 :
1207 5261 1454 5334 ignisque
1489 5260 1738 5318 columna
1780 5277 1876 5333 per
1925 5273 2140 5319 noctem

577 5356 1010 5419 illustrabautur,
1037 5370 1233 5410 novum
1257 5352 1402 5409 aliud
1427 5363 1624 5427 prater
1645 5354 1826 5410 lunam
1853 5355 2147 5409 eximium-

576 5463 683 5522 que
711 5447 987 5503 consecuti
1019 5447 1320 5500 luminare:
1357 5460 1419 5499 ac
1451 5445 1608 5515 quasi
1643 5445 1777 5500 nibil
1809 5447 2005 5502 divina:
2033 5449 2145 5502 vir-

2248 4446 2426 4517 ὃμοιοι
2448 4445 2660 4508 παῖδες.
2693 4441 2939 4498 Τοιοῦτοι
2967 4443 3207 4496 κάκεῖνοι
3230 4443 3324 4497 τὸν
3355 4442 3555 4513 τρόπον
3596 4440 3727 4512 περὶ
3755 4439 3829 4494 τὰ

2251 4535 2530 4608 θαυμάσια
2557 4535 2628 4589 τὰ
2654 4537 2773 4590 κατ’
2795 4537 3091 4605 Αἴγυπτον,
3140 4535 3236 4588 Ἐκ
3265 4533 3515 4605 πολέμων
3561 4531 3832 4597 ἐσώζοντο

2249 4628 2451 4691 καινῶς
2484 4629 2578 4682 καί
2612 4630 2743 4700 παρ’
2773 4627 3017 4691 ἐλπίδας,
3047 4626 3142 4680 καί.
3171 4625 3248 4698 τῷ
3277 4626 3474 4680 διδόντι
3516 4624 3616 4695 τὴν
3657 4641 3833 4694 σωτη-
3923 4611 3926 4616 ’

2254 4719 2372 4790 ρίαν
2408 4718 2702 4789 ἠπίστουν·
2753 4719 3042 4790 ἐτρέφοντο
3093 4719 3319 4788 τροεαίς
3369 4715 3832 4788 ὑπερϐαινούσαις

2249 4810 2351 4882 τήν
2397 4810 2578 4880 φύσιν,
2631 4809 2726 4864 καὶ
2765 4809 2873 4864 τῶν
2901 4807 3295 4879 λιμωττώντων
3322 4803 3465 4878 ἦσαν
3498 4805 3657 4860 πλέον
3690 4806 3835 4876 ἀχά-

2257 4918 2427 4968 ριστοι
2448 4919 2462 4933 ·
2525 4901 2702 4972 μάννα
2750 4901 3072 4971 ὑπεδέχοντο
3105 4897 3396 4972 οὐρανόθεν
3442 4897 3830 4980 πεμπόμενον,

2253 4993 2347 5046 καὶ
2372 4992 2480 5046 τῶν
2505 4992 2890 5061 Αἰγυπτιακῶν
2920 4991 3194 5063 σκορόδων
3208 5007 3267 5044 τε
3288 4989 3382 5045 καὶ
3405 4985 3708 5063 κρομμύων
3729 4986 3833 5059 τήν

2251 5082 2514 5138 δυσωδίαν
2549 5082 2779 5136 ἐπόθουν
2810 5099 2824 5112 ·
2868 5081 3044 5154 στύλῳ
3071 5081 3301 5153 νεφέλης
3335 5079 3432 5150 τήν
3459 5078 3678 5149 ἡμέραν
3726 5079 3834 5130 ύπ-

2253 5175 2588 5242 εσκιαζοντο,
2639 5175 2726 5230 ῖνα
2753 5175 2830 5247 μή
2885 5177 2952 5247 τῇ
3002 5169 3179 5248 θέρμῃ
3215 5173 3312 5244 τῆς
3353 5170 3583 5242 ἡλιακῆς
3612 5171 3835 5235 ἀκτῖνος

2254 5267 2735 5340 ταλαιπωρήσωτι,
2767 5266 2862 5320 καὶ
2887 5266 3066 5337 στύλῳ
3095 5265 3265 5335 πυρὸς
3294 5265 3352 5318 ἐν
3379 5264 3538 5317 νυκτὶ
3560 5260 3835 5332 κατελάμ-

2256 5375 2438 5426 ποντο,
2473 5359 2630 5412 ἄλλον
2681 5361 2944 5430 φωστῆρα
2999 5358 3190 5413 καινὸν
3243 5356 3394 5429 παρά
3442 5357 3543 5429 τὴν
3599 5355 3834 5425 σελήνην

2255 5450 2508 5515 λαϐόντες
2535 5447 2828 5522 ἐξαίρετον,
2857 5453 2949 5504 καὶ
2963 5451 3037 5514 ὡς
3067 5449 3324 5520 οὐδεμιᾶς
3351 5448 3628 5521 ἐνεργείας
3644 5445 3835 5516 θεῖκῆς

677 5658 720 5690 δ’
754 5657 925 5730 ἰεξιοιί3
967 5673 1078 5722 tm,
1107 5658 1193 5712 15.
1269 5655 1314 5687 ⁸⁸
1353 5654 1487 5712 ibid.
1515 5653 1606 5708 21.
1685 5653 1748 5730 f’
1783 5653 1953 5712 Exod.
1985 5671 2106 5726 xm,

2303 5658 2350 5690 '°
2387 5658 2515 5727 ὅτε.
2546 5656 2895 5730 κεκραγότος.
2993 5658 3035 5690 ⁸⁸
3077 5657 3162 5710 Ic.
3198 5653 3435 5709 καὶούκ.
3512 5653 3557 5685 ¹¹
3584 5652 3660 5706 Ex
3702 5650 3831 5722 Sag.

565 5725 611 5758 "
656 5730 778 5798 Seg.
821 5727 1011 5783 ταῦτα.
