4070 6142
507 304 614 358 9.65

1767 287 1830 344 S.
1865 283 2140 343 ASTERH
2176 279 2480 340 AMASENl

3645 273 3756 334 26/.

509 425 728 479 natum;
765 413 937 468 virum
967 425 1032 464 ex
1062 421 1260 480 genere
1282 406 1604 470 Israelitam,
1632 402 1820 476 legalis
1847 403 2064 459 institu-

2195 415 2302 470 τητε
2327 398 2418 452 τὸν
2440 396 2560 450 υίδν
2587 393 2681 450 τοῦ
2717 392 2918 466 Ἀμὼς,
2948 392 3234 465 προφήτην
3257 390 3538 462 προφήτου
3566 392 3758 460 παῖδα,

515 508 680 562 tionis
707 515 885 574 caput.
925 503 1010 558 Sit
1053 499 1161 556 Deo
1191 499 1382 570 gloria,
1415 505 1675 568 potestas,
1710 495 1904 560 honor,
1932 507 2076 550 nunc

510 609 567 655 et
591 612 806 667 semper
826 604 881 651 et
908 594 960 649 in
991 590 1185 647 saecula
1210 588 1548 646 szeculorum.
1579 586 1776 640 Amen.

1239 785 1368 840 Vlll.

513 889 582 944 In
607 897 814 943 sanctos
835 881 1090 954 principes
1107 879 1366 949 apostolos
1392 875 1605 933 Petrum
1629 886 1677 931 et
1694 873 1925 930 Pettium
1938 869 2072 945 (40).

583 1036 646 1093 lli
675 1051 806 1092 sane
840 1047 1048 1099 omnes,
1073 1038 1327 1088 consueta
1347 1043 1411 1083 ac
1434 1025 1670 1097 legitima
1697 1023 1907 1079 ratione
1926 1019 2079 1076 exhi-

511 1127 632 1191 biti,
679 1125 819 1180 sacri
875 1133 1172 1192 martyrum
1221 1120 1475 1182 honores,
1518 1114 1638 1170 festi
1682 1114 1798 1168 dies
1837 1119 1985 1174 sunt,
2015 1124 2080 1165 ac

511 1217 770 1288 praeclare
800 1230 830 1270 e
865 1214 1063 1284 pietate
1095 1219 1368 1283 gestorum
1412 1207 1549 1261 tituli
1576 1203 1844 1275 perpetui.
1881 1203 1937 1256 In
1977 1202 2077 1268 iis,

512 1309 601 1363 ubi
659 1305 1026 1361 Ecclesiarum
1069 1300 1324 1372 praesules
1375 1298 1573 1354 dicturi
1629 1291 1977 1354 accesserint,
2014 1291 2079 1346 ad

514 1413 696 1453 rerum
736 1398 788 1450 in
823 1394 1088 1450 orationis
1120 1400 1492 1460 argumentum
1539 1385 1937 1456 prapositarum
1963 1396 2081 1436 ma-

513 1487 846 1559 gnitudinem
889 1499 1014 1540 suas
1054 1483 1329 1552 exigentes
1364 1481 1526 1542 vires,
1569 1479 1685 1547 ipso
1720 1475 1900 1531 statim
1923 1489 2083 1529 exor-

515 1579 604 1633 dio
648 1578 716 1632 ad
766 1575 978 1631 veniam
1029 1587 1252 1642 remque
1305 1587 1338 1626 a
1378 1585 1438 1626 se
1483 1569 1841 1624 amoliendam
1889 1566 2080 1623 confu—

513 1673 688 1742 ginnt,
719 1668 1096 1737 sermonisque
1143 1665 1386 1719 exilitate
1414 1662 1583 1716 minui
1621 1676 1803 1716 rerum
1835 1659 2082 1730 magniﬁ-

2189 488 2530 561 Ἰσραηλίτην
2566 487 2632 541 ἐκ
2668 487 2858 555 γένους
2896 485 3095 556 ἄνδρα,
3132 483 3234 555 τῆς
3279 481 3423 536 κατὰ
3459 480 3552 535 τὸν
3593 483 3761 554 νόμον

2175 579 2398 650 ἀγωγῆς
2415 579 2477 632 τὸ
2501 578 2812 652 κεφάλαιον.
2831 575 2920 647 Τῷ
2949 577 3004 629 δὲ
3031 573 3149 646 Θεῷ
3169 573 3296 640 δόξα
3311 615 3327 640 ,
3361 574 3581 645 κράτος,
3598 572 3754 646 τιμὴ.

2177 669 2272 724 νῦν
2303 671 2397 725 καὶ
2424 670 2514 725 ἀεὶ
2541 671 2636 725 καὶ
2654 670 2735 734 είς
2762 670 2888 734 τοὺς
2917 669 3119 732 αίῶνας
3150 667 3260 721 τῶν
3287 666 3518 720 αἰώνων.
3557 667 3756 738 Ἀμήν.

2917 782 3002 834 H'.

2189 875 2507 948 Ἐγκώμιον
2535 879 2624 942 εἰς
2668 875 2813 948 τοὺς
2845 874 3073 948 ἁγίουςΔ
3098 874 3461 948 κορυφαίους
3493 871 3758 927 ἀποστόο

2555 950 2708 1012 λους
2731 943 2959 1012 Πέτρον
2980 943 3079 997 καὶ
3111 943 3378 998 Παῦλον.

2248 1037 2425 1091 Πᾶσαι
2455 1037 2552 1108 μὲν
2578 1039 2634 1090 αἱ
2660 1037 2910 1108 συνήθεις
2928 1029 3086 1089 αὗται
3101 1036 3197 1089 καὶ
3226 1035 3366 1089 κατὰ
3388 1037 3550 1106 νόμον
3579 1034 3760 1088 τελού-

2183 1141 2340 1196 μεναι
2373 1125 2484 1179 τῶν
2513 1124 2809 1197 μαρτύρων
2840 1123 2998 1192 τιμαὶ
3028 1124 3193 1194 ἱεραὶ,
3231 1122 3569 1192 πανηγύρεις
3626 1116 3755 1184 εἰσὶ,

2178 1216 2272 1271 καὶ
2296 1219 2405 1270 τῶν
2446 1217 2587 1271 κατὰ
2619 1217 2749 1270 Θεὸν
2783 1215 3309 1286 ἀνδραγαθησάντων
3341 1214 3530 1284 στῆλαι
3568 1213 3757 1267 διαιω-

2179 1309 2444 1371 νίζουσαι·
2483 1310 2540 1362 ἐν
2573 1303 2661 1371 αἶς
2706 1309 2755 1361 οἱ
2804 1307 3055 1380 πρόεδροι
3105 1306 3212 1360 τῶν
3256 1304 3579 1374 ἐκκλησιῶν,
3630 1306 3758 1358 ὅταν

2180 1400 2318 1470 πρὸς
2337 1401 2400 1452 τὸ
2418 1399 2598 1468 λέγειν
2616 1399 2943 1468 ἀφίκωνται,
2977 1398 3076 1462 τὰς
3103 1397 3311 1451 ἑαυτῶν
3343 1397 3598 1467 δυνάμεις
3625 1397 3758 1448 ἀντ-

2180 1487 2524 1553 εξετάζοντες
2573 1486 2652 1556 τῷ
2707 1487 2926 1558 μεγέθει
2965 1487 3074 1540 τῶν
3100 1487 3430 1549 ὑποθέσεων,
3495 1483 3658 1548 εὐθὺς
3703 1485 3762 1536 ἐν

2182 1579 2493 1650 προοιμίοις
2523 1581 2660 1651 πρὸς
2689 1579 2788 1650 τὴν
2826 1579 3156 1650 συγγνώμην
3184 1579 3278 1632 καὶ
3307 1577 3405 1649 τὴν
3429 1576 3763 1648 παραίτησιν

2183 1671 2640 1740 καταφεύγουσιν·
2665 1672 2758 1724 καί
2775 1688 2939 1741 φασιν
2965 1670 3220 1724 ἐλαττοῦν
3247 1669 3343 1740 τὴν
3362 1667 3470 1721 τῶν
3503 1667 3764 1739 πραγμὰο

513 1763 746 1818 centiam
794 1767 1065 1815 asserunt.
1114 1756 1186 1812 Ut
1237 1770 1366 1810 vero
1417 1755 1514 1821 illi,
1567 1751 1808 1823 singulos
1840 1765 2086 1822 quosque

2195 1779 2292 1815 των
2330 1761 2804 1834 μεγαλοπρέπειαν
2825 1765 2890 1832 τῇ
2925 1762 3021 1815 τοῦ
3049 1763 3208 1832 λόγου
3241 1761 3586 1832 σμικρότητι.
3627 1761 3689 1813 Εἰ
3716 1759 3760 1812 δ’

513 1865 780 1925 martyres
836 1851 1087 1907 laudibus
1139 1847 1483 1912 celebraturi,
1521 1845 1670 1901 velut
1711 1845 1949 1900 animum
1987 1846 2086 1898 de-

515 1948 805 2018 spondent,
833 1944 1114 2014 majusque
1147 1940 1349 2010 aliquid
1383 1955 1544 2008 quam
1571 1953 1668 2007 pro
1697 1951 1794 1992 sua
1831 1936 2087 1991 facultate

515 2037 876 2092 laudationem
909 2041 1244 2102 agnoscunt,
1287 2045 1353 2084 ac
1395 2027 1596 2099 liquido
1647 2041 1798 2082 suam
1859 2026 1956 2095 ipsi
2004 2025 2086 2080 t’a-

515 2137 699 2185 tentur
742 2124 1164 2181 imbecillitatem
1189 2161 1206 2185 ,
1252 2119 1384 2190 quid
1419 2133 1504 2174 me
1543 2118 1655 2182 ﬁet,
1709 2117 1792 2172 cui
1822 2117 2084 2172 hodierna

514 2223 604 2276 die
631 2230 940 2292 martyrum
965 2224 1323 2288 praeceptores
1348 2212 1544 2268 celebri
1581 2212 1736 2267 laude
1757 2224 2086 2282 prosequen-

512 2314 612 2369 dos
647 2311 981 2383 propositum
1013 2309 1122 2364 sit?
1160 2308 1350 2372 Veros,
1388 2306 1632 2374 inquam,
1673 2305 1813 2365 illos.
1853 2303 2086 2374 primos-

515 2420 622 2476 que
655 2401 948 2473 discipulos
1005 2399 1230 2466 Christi,
1264 2397 1634 2452 Ecclesiarum
1675 2394 1892 2460 Patres,
1943 2395 2088 2449 solos

514 2499 773 2571 probatos
813 2493 1110 2564 ﬁdelesque
1163 2490 1439 2561 Evangelii
1494 2505 1805 2560 praecones;
1843 2488 1936 2560 qni
1964 2503 2086 2542 eum

515 2591 628 2646 nco
659 2588 891 2644 miscere
911 2584 1200 2654 colloquia,
1233 2583 1452 2651 suisque
1479 2581 1579 2650 ipsi
1605 2581 1826 2636 auribus
1851 2578 2086 2634 divinam

517 2679 810 2750 suscipere.
842 2689 1026 2732 vocem
1057 2674 1202 2745 digni
1235 2672 1405 2728 habiti
1433 2672 1563 2727 sint.
1600 2671 1753 2726 llaud
1787 2671 2084 2736 enimvero,

517 2770 662 2840 quod
690 2769 762 2824 sit
789 2765 1038 2822 sublimis
1066 2779 1267 2827 sermo,
1289 2778 1354 2819 ae
1378 2765 1582 2817 arduus
1608 2771 1854 2826 conatus,
1883 2761 2088 2818 idcirco

517 2874 697 2932 operte
727 2860 961 2929 pretium
1013 2857 1263 2911 videatur
1305 2863 1364 2909 ut
1400 2854 1544 2909 iners
1587 2867 1890 2921 vanumque
1924 2852 2089 2907 silen-

519 2954 654 3007 tium
683 2951 968 3020 eligamus,
997 2948 1310 3017 ignavorum
1349 2959 1500 3002 more
1526 2959 1593 3000 ac
1638 2943 1806 2998 maris
1847 2943 2085 3010 rudium,

521 3045 611 3114 qui
651 3044 718 3097 ad
745 3041 912 3097 maris
936 3041 1109 3111 ipsum
1140 3047 1414 3110 aspectum
1443 3035 1997 3107 abjiciuntanimum;
2023 3049 2087 3090 ac

521 3149 698 3205 neque
728 3133 994 3203 principio
1045 3131 1312 3188 sustinent
1337 3131 1518 3186 navim
1553 3127 1938 3190 conscendere,
1989 3143 2088 3184 nec

519 3220 606 3274 vel
636 3218 944 3288 experiendi
983 3231 1170 3283 causa,
1197 3226 1438 3270 extrema
1465 3215 1578 3284 ipsa
1604 3214 1787 3268 littora
1817 3215 2086 3269 modicum

521 3314 910 3384 obnavigantes
941 3311 1218 3368 lustrare:
1257 3311 1384 3382 quin
1425 3317 1503 3365 ter
1542 3309 1716 3367 beatis
1763 3307 1923 3374 viris,
1951 3323 2089 3380 quo-

521 3552 771 3608 Clemens
809 3549 846 3604 l.
882 3565 900 3602 ι
936 3547 1156 3611 Strom.,
1204 3560 1347 3618 pag,
1375 3545 1502 3618 mihi
1549 3547 1674 3602 327.
1730 3545 2084 3618 Epiphanius,

523 3639 622 3676 seu
671 3619 915 3689 quisquis
951 3628 1140 3670 auctor
1175 3628 1257 3689 est
1299 3617 1576 3689 libellide
1622 3617 1751 3689 vitis
1793 3618 2090 3689 Propheta-

528 3706 664 3745 rum.
690 3686 990 3752 ’Cedrenus,
1032 3701 1153 3756 pag.
1187 3687 1275 3741 88.
1303 3687 1440 3751 Aug.
1476 3686 1512 3739 l.
1552 3701 1683 3740 xvm
1713 3686 1974 3754 Civit.,‘c.
1996 3690 2089 3756 27,

529 3758 776 3828 nonnihil
827 3756 1023 3828 dubius
1080 3758 1286 3828 est.__At
1339 3770 1592 3828 magnus
1623 3756 1982 3828 Hieronymus
2017 3774 2085 3814 ex

526 3825 812 3883 Hebraicis
863 3826 1101 3879 fontibus
1147 3825 1307 3878 alium
1353 3826 1534 3880 statim
1564 3825 1915 3895 deprehendit
1943 3828 2096 3884 Isaiae

526 3908 771 3969 patrem,
817 3895 979 3969 alium
1028 3895 1345 3964 prophetam
1395 3897 1611 3969 Amos,‘
1650 3898 1966 3969 quibuscum
2031 3913 2098 3954 ne

529 3965 721 4024 nomen
767 3965 982 4035 quidem
1024 3978 1308 4036 commune
1345 3973 1524 4032 esset;
1567 3965 1645 4020 sic
1690 3966 1779 4022 ille
1824 3970 2100 4036 prommiis

529 4039 584 4093 in
619 4047 906 4104 utrumque
935 4035 1282 4104 prephetam,
1350 4051 1448 4103 pro
1507 4050 1603 4089 sua
1658 4036 1709 4089 in
1760 4040 1931 4092 sacris
1953 4039 2101 4093 Scri-

527 4107 1092 4178 pturisdexponendis
1137 4105 1438 4178 eruditione
1467 4105 1720 4178 maxima,
1768 4104 1952 4162 Potest
1981 4108 2101 4175 qui-

528 4173 611 4232 vis
662 4173 848 4249 adire;
879 4176 993 4230 Non
1037 4175 1212 4249 placet
1268 4173 1476 4243 Gaspar
1535 4174 1811 4249 Sanctius
1857 4173 2100 4249 prolego-

533 4247 706 4304 menis
735 4248 786 4302 in
821 4246 1010 4307 Amos,
1036 4245 1129 4314 qui
1160 4253 1397 4298 mutasse
1426 4259 1547 4297 eum
1579 4245 1904 4300 sententiam
1933 4245 2096 4312 dicat,

529 4333 594 4372 ac
611 4319 858 4372 eumdem
886 4316 1228 4370 existimasse
1250 4323 1540 4381 utrumque
1567 4316 1738 4369 Amos
1771 4315 1872 4370 lsa.
1904 4331 2096 4377 xxv-ut,

2112 3088 2157 3148 (Ξ

2186 1855 2404 1918 ἐκεῖνοι,
2427 1855 2553 1917 τοὺς
2573 1853 2934 1908 καθ’ἐκαστον
2952 1853 3060 1906 τῶν
3086 1853 3375 1926 μαρτύρων
3396 1849 3761 1922 ἐγκωμιάζειν

2190 1945 2495 2014 μέλλοντες,
2536 1945 3092 2017 ἀπαγορεύουσιπρὸς
3107 1946 3198 1998 τὸν
3230 1945 3467 2008 ἔπαινον,
3495 1943 3590 1997 καὶ
3621 1943 3764 2012 λαμ⁶

2186 2037 2302 2108 πρᾷ
2334 2037 2399 2105 τῇ
2429 2038 2579 2106 φωνῇ
2605 2035 2706 2104 τὴν
2723 2035 2872 2103 σφῶν
2889 2034 3065 2088 αὐτῶν
3087 2034 3436 2106 ὁμολογοῦσιν
3459 2018 3760 2086 ἀσθένειανο

2185 2127 2269 2189 τίς
2302 2126 2369 2180 ἂν
2401 2127 2662 2196 γενοίμην
2710 2125 2822 2195 ἐγὼ
2851 2127 3108 2198 σήμερον,
3168 2127 3198 2178 ό
3235 2127 3359 2189 τοὺς
3413 2123 3766 2185 διδασκάλους

2185 2216 2297 2269 τῶν
2351 2217 2648 2289 μαρτύρων
2699 2217 2839 2287 ἔχων
2891 2217 3284 2288 προκειμένους
3335 2217 3416 2280 είς
3463 2214 3765 2286 εὐφημίαν,

2186 2303 2314 2371 τοὺς
2360 2308 2618 2378 γνησίους
2669 2308 2766 2362 καὶ
2820 2308 3067 2379 πρώτους
3103 2307 3346 2380 μαθητὰς
3373 2307 3466 2360 τοῦ
3503 2307 3766 2380 Χριστοῦ,

2187 2398 2313 2461 τοὺς
2338 2398 2588 2469 Πατέρας
2614 2399 2741 2452 πῶν
2773 2399 3098 2470 ἐκκλησιῶν,
3150 2400 3274 2463 τοὺς
3308 2400 3501 2470 μόνους
3555 2400 3768 2465 ἀξιοπί-

2189 2506 2352 2553 στους
2382 2489 2714 2558 Εύαγγελίου
2764 2492 3032 2562 κήρυκας,
3088 2491 3214 2555 τοὺς
3250 2490 3368 2561 θεῷ
3400 2490 3766 2561 λαλήσαντας,

2189 2580 2287 2633 καὶ
2313 2579 2412 2651 τὴν
2435 2581 2587 2653 παρὰ
2617 2581 2753 2636 Θεοῦ
2795 2583 2979 2654 φωνὴν
3021 2584 3346 2654 δεξαμένους
3372 2586 3492 2647 ταῖς
3537 2583 3767 2649 ἀκοαϊς;

2189 2671 2265 2727 Οὐ
2296 2672 2422 2744 μὴν,
2469 2675 2658 2745 ἐπειδὴ
2691 2675 2812 2728 λίαν
2846 2675 3047 2746 ὑψηλὸς
3087 2677 3114 2728 ό
3149 2675 3323 2744 λόγος,
3392 2675 3486 2729 καὶ
3537 2674 3766 2744 δυσέφι-

2189 2782 2315 2829 κτος
2351 2767 2384 2836 ἡ
2413 2766 2746 2838 ἐγχείρησις,
2777 2768 2873 2838 τὴν
2907 2769 3082 2838 ἀργὴν
3118 2769 3210 2822 καὶ
3243 2769 3522 2839 ἄπρακτον
3555 2768 3770 2839 σιωπὴν

2188 2858 2586 2927 ἀγαπήσωμεν,
2618 2857 2806 2928 ῶσπερ
2842 2860 2890 2911 οἱ
2914 2859 3076 2911 δειλοὶ
3098 2861 3190 2912 καὶ
3219 2860 3687 2931 ἁπειροθάλαττοι,
3718 2861 3771 2913 οἱ

2189 2948 2324 3020 πρὸς
2355 2949 2524 3018 μόνην
2569 2949 2671 3020 τὴν
2698 2949 2819 3019 ὄψιν
2864 2951 2965 3020 τῆς
3017 2951 3282 3024 θαλάττης
3311 2952 3772 3024 ἀπαγορεύοντες,

2189 3037 2285 3091 καὶ
2309 3036 2433 3090 οὕτε
2461 3039 2560 3109 τὴν
2595 3039 2769 3110 ἀρχὴν
2799 3041 3052 3111 ἐπιϐῆναι
3103 3043 3200 3113 τῆς
3251 3041 3384 3106 νεὼς
3425 3041 3770 3112 ἀνεχόμενοι,

2193 3128 2318 3183 οὔτε
2352 3129 2548 3202 πείρας
2572 3131 2757 3185 ἕνεκεν
2790 3132 2963 3204 μικρὰ
3007 3135 3133 3196 τοὺς
3164 3134 3442 3204 αἰγιαλοὺς
3473 3131 3776 3206 περιπλεῦ-

2196 3237 2308 3275 σαι’
2339 3222 2524 3286 αὐτοῖς
2572 3223 2628 3277 δὲ
2652 3226 2766 3287 τοῖς
2796 3226 3216 3296 τρισμακαρίοις
3262 3225 3646 3288 πιστεύσαντες
3674 3223 3775 3292 τὴν

2195 3314 2526 3386 ἐγχείρησιν,
2580 3317 2693 3379 τοῖς
2739 3315 2884 3387 ὑπὲρ
2910 3309 2984 3371 ὧν
3039 3315 3470 3388 συνεληλύθαμεν
3514 3317 3774 3390 σήμερον,

2198 3551 2460 3607 inhiantis
2487 3551 2701 3619 opibus,
2729 3550 2926 3619 quibus
2956 3548 3253 3604 Ecclesiatn
3299 3549 3452 3614 ditet,
3488 3547 3575 3618 pia
3627 3547 3779 3602 solli-

2199 3622 2460 3686 citudine,
2511 3624 2563 3675 in
2624 3620 2874 3684 Galliam,
2921 3635 3081 3686 quam
3135 3620 3424 3688 praecipuis
3477 3619 3778 3686 fulgoribus

2201 3691 2501 3756 collustrat,
2538 3690 2747 3756 illatus;
2801 3704 3004 3758 proque
3042 3689 3409 3758 humanitate,
3461 3689 3594 3742 mihi
3658 3703 3777 3758 mo-

2204 3762 2346 3826 dico,
2415 3762 2701 3814 Asteriana
2773 3757 2982 3826 aliaque
3040 3757 3259 3812 Patrum
3311 3773 3433 3814 cum
3496 3757 3774 3827 exegetica

2206 3840 2317 3884 tum
2347 3831 2682 3890 exornativa,
2710 3830 2942 3898 quodam
2987 3828 3135 3882 velut
3165 3829 3442 3898 spicilegio
3475 3827 3778 3894 parturien-

2208 3900 2266 3963 ti,
2293 3901 2596 3980 communis
2638 3897 2954 3980 _t‘.actns._;.ut.
2972 3913 3039 3952 ex
3082 3912 3147 3952 eo
3183 3897 3403 3980 legerim
3438 3898 3544 3980 alia
3576 3913 3642 3978 ac
3673 3912 3776 3950 ex-

2206 3970 2546 4037 scripserim,
2605 3969 2709 4022 alia
2755 3968 2887 4021 mihi
2934 3965 3044 4034 iam
3085 3965 3314 4036 reposita
3363 3967 3679 4037 contulerim
3711 3981 3778 4037 ac

2203 4035 2634 4100 eme’ndaverint,
2698 4039 2750 4091 in
2814 4037 3009 4105 quibus
3061 4035 3228 4092 altera
3279 4037 3518 4106 ejusdem
3575 4035 3775 4089 Asterii

2203 4109 2377 4163 oratio
2408 4109 2462 4162 in
2509 4123 2709 4162 caecum
2747 4116 2954 4171 natum,
2997 4108 3150 4172 cujus
3175 4107 3287 4175 jam
3311 4124 3374 4162 ex
3407 4108 3776 4175 Romanoico-

2205 4179 2322 4232 dice
2356 4180 2438 4232 vir
2477 4178 2900 4232 humanissimus
2926 4193 2989 4232 ac
3033 4174 3380 4232 doctissimus
3430 4177 3498 4233 ll.
3537 4176 3595 4230 P.
3650 4174 3772 4230 Jac.

2207 4243 2549 4312 Sirmundus,
2590 4249 2796 4314 copiam
2853 4247 3074 4302 fecerat.
3109 4244 3273 4300 Plana
3319 4257 3444 4302 sunt
3473 4263 3537 4301 ac
3577 4248 3777 4314 perspi-

2205 4332 2329 4382 cua,
2359 4319 2580 4386 suisque
2602 4317 2815 4371 abunde
2844 4316 3141 4386 fulgoribus
3179 4318 3346 4383 clara,
3383 4318 3436 4372 in
3489 4319 3777 4382 utriusque

530 4387 664 4441 nihil
685 4387 828 4440 enim
855 4386 926 4440 ibi
961 4385 1319 4455 Hieronymus
1345 4385 1412 4438 de
1439 4398 1502 4437 ea
1549 4398 1627 4448 re,
1651 4400 1808 4452 quem
1859 4387 1987 4440 olim
2032 4401 2097 4440 ac
2124 4393 2175 4452 Ι)
2203 4385 2291 4442 hic
2318 4385 2572 4456 apostOli,
2599 4402 2665 4440 ac
2695 4385 2937 4440 maxime
2969 4388 3106 4442 Petri
3163 4387 3395 4449 laudent,
3431 4399 3591 4456 quam
3615 4400 3774 4456 vere.

533 4467 817 4525 antequam
856 4456 1118 4510 scriberet
1148 4457 1199 4508 in
1233 4463 1524 4528 utrumque
1569 4455 1883 4528 prophetam
1928 4471 2092 4528 opor-

532 4523 725 4581 tuisset
768 4535 952 4581 tenere
981 4540 1099 4579 eam
1131 4523 1782 4594 sententiam,ut'citatls
1821 4523 2096 4594 prme'miis

530 4613 648 4651 eam
681 4604 1070 4650 retractatnrus
1097 4603 1260 4649 esset.
1293 4595 1384 4647 Est
1411 4593 1629 4661 quidem
1657 4593 1767 4648 illic
1794 4593 1931 4664 apud
1950 4608 2094 4657 eum,

533 4665 710 4720 Isaias
755 4667 898 4733 ﬁlius
938 4665 1108 4733 Amos
1148 4664 1452 4731 prophetat:
1483 4664 1577 4718 sed
1633 4664 1806 4730 palam
1838 4665 2094 4718 mendum

531 4747 635 4798 est,
668 4731 773 4788 non
805 4731 1138 4802 Hieronymi.
1176 4733 1268 4802 sed
1318 4733 1654 4801 typographi,
1683 4749 1777 4788 seu
1810 4735 1974 4788 etiam
2003 4750 2098 4788 ex-

533 4803 821 4859 scribentis
868 4800 1154 4870 antiquarii
1181 4815 1196 4853 :
1227 4800 1617 4870 legendumque
1647 4814 1751 4867 est,
1787 4815 1841 4858 ut
1895 4803 2096 4857 habent

534 4883 779 4929 correcta
802 4869 1027 4939 quaeque
1042 4869 1368 4940 exemplaria
1397 4869 1712 4937 BililiOrum,
1743 4873 1885 4940 ﬁlius
1917 4875 2096 4936 Amos,

535 4942 782 5010 propheta
804 4944 921 4996 :sic
941 4951 998 4994 et
1008 4939 1172 5002 LXX,
1193 4940 1223 4991 ὁ
1239 4941 1523 5010 προφήτης
1537 4955 1552 4970 ο
1577 4955 1684 5010 quo
1705 4944 1928 4996 articulo
1954 4955 2100 4996 recte

535 5009 905 5074 exprimuntn
935 5009 1319 5079 emphatieum,
1361 5009 1501 5078 quod
1553 5009 1754 5066 habent
1811 5012 2098 5077 Ilebraica,

535 5090 933 5162 potueruntque
958 5078 1110 5162 citati
1140 5078 1312 5133 Graeci
1357 5093 1453 5147 per
1481 5093 1722 5134 errorem
1763 5083 2009 5152 accipere
2044 5095 2102 5136 ut

539 5163 719 5205 notam
753 5161 993 5205 αειιιιίνῐ.

609 5219 722 5290 (40)
754 5217 829 5272 Ex
887 5220 1203 5274 venerandae
1229 5217 1589 5292 antiquitatis
1633 5218 1966 5292 Seguirisna:
2019 5221 2102 5276 hi-

538 5291 733 5346 blioth.
777 5292 925 5352 cod.,
966 5305 1137 5358 nuper
1193 5290 1353 5344 allato
1406 5303 1470 5342 ex
1517 5290 1729 5344 celebri
1773 5293 2102 5346 monasterio

539 5361 636 5431 τῆς
669 5360 1051 5431 Ἐγκλείστρας
1083 5359 1323 5415 Graeciae.
1342 5386 1405 5399 -α
1433 5359 1688 5416 Videatur
1710 5364 1902 5415 merito
1927 5364 2101 5416 oratio

543 5434 658 5484 lucc
689 5432 829 5484 inter
855 5432 1164 5485 Asterianas
1196 5431 1427 5501 palmam
1463 5431 1625 5501 terre,
1655 5431 2013 5501 ilignaiplane
2046 5439 2104 5485 ut

540 5501 720 5554 tandiu
752 5501 1038 5562 occultata,
1059 5515 1121 5553 ac
1148 5499 1431 5554 in’Grzecia
1462 5499 1780 5561 latitans,‘in
1812 5500 2102 5556 Occidente

542 5572 779 5635 tandem,
815 5571 900 5624 ubi
927 5571 1286 5638 apostolorum
1322 5571 1465 5624 l'etri
1504 5581 1556 5624 et
1587 5569 1736 5624 Pauli
1763 5571 1963 5623 clarior
1990 5571 2096 5639 glu-

541 5641 644 5709 ria,
685 5641 853 5695 lucem
897 5645 1160 5709 aspiceret
1188 5658 1202 5694 :
1229 5643 1397 5694 codex
1453 5641 1589 5694 bene
1624 5643 1896 5708 antiquus,
1933 5655 2102 5708 nuper

539 5708 612 5764 cl.
642 5709 825 5766 Gallia
873 5708 1180 5767 cancellarii
1238 5709 1382 5766 Petri
1438 5711 1725 5782 Segnierii,
1762 5713 1825 5763 iis
1870 5711 2102 5763 maxime

2201 4465 2310 4510 tam
2346 4455 2487 4512 eulte
2536 4467 2592 4512 et
2633 4472 2700 4512 ex
2756 4466 2872 4510 arte
2925 4457 2994 4510 ab
3042 4457 3254 4511 Asterie
3310 4455 3550 4526 digesta;
3580 4455 3778 4523 vixque

2199 4527 2338 4596 alius
2385 4527 2528 4581 Petri
2579 4527 2866 4596 primatum
2919 4541 2984 4579 ac
3032 4527 3408 4581 excellentiam
3441 4541 3603 4596 supra
3639 4539 3774 4591 apo—

2199 4595 2366 4665 stolos
2417 4596 2672 4665 reliquos.
2718 4595 3030 4660 Christique
3063 4599 3321 4650 vicariam
3357 4597 3779 4665 dignitatemgac

2197 4664 2435 4719 ollicium
2468 4663 2825 4720 intundanda
2851 4666 3191 4734 regendaque
3223 4666 3482 4729 Ecclesia,
3513 4663 3778 4718 illustrius

2201 4735 2292 4790 illo
2343 4735 2714 4804 explicaverit.
2749 4736 2920 4800 Quam
2961 4745 3020 4788 ut
3053 4737 3141 4788 uni
3175 4734 3337 4790 Petro
3376 4736 3650 4790 individue
3677 4749 3778 4786 an-

2201 4817 2394 4860 nexam
2424 4807 2802 4874 addietamque
2827 4806 3062 4860 voluerit
3102 4805 3398 4874 Dominus,
3448 4804 3589 4858 haud
3641 4806 3779 4858 satis

2201 4874 2455 4929 Ecclesia:
2513 4889 2622 4930 suae
2677 4875 3027 4929 consuluerit.
3060 4873 3176 4928 ‘Sit
3233 4875 3390 4944 plane
3423 4884 3477 4928 et
3504 4875 3682 4937 modo,
3718 4884 3780 4924 ut

2201 4954 2414 4998 constet
2466 4959 2494 4998 a
2551 4945 2770 4999 Christo
2829 4945 2966 4999 bene
3020 4945 3262 4999 instituta
3315 4944 3617 5005 monachia,
3649 4957 3780 5012 grex

2201 5030 2362 5079 unus,
2391 5017 2585 5069 nedum
2615 5016 2716 5069 sub
2749 5029 2855 5069 uno
2884 5015 3255 5082 archipastore
3279 5015 3490 5068 Christo
3533 5016 3694 5066 nobis
3725 5014 3777 5064 in

2200 5098 2368 5138 carne
2409 5085 2655 5145 absente,
2689 5086 2783 5138 sed
2827 5088 3016 5154 etsub
3051 5099 3158 5154 uno
3191 5094 3403 5154 pastore
3440 5097 3505 5136 ac
3549 5083 3671 5150 ejus
3699 5083 3783 5134 vi-

2205 5165 2355 5224 cario
2407 5156 2605 5224 capite,
2643 5168 2785 5208 novo
2819 5153 2973 5209 nobis
3004 5168 3070 5208 ac
3092 5153 3208 5223 jugi
3237 5169 3330 5224 per
3354 5164 3780 5224 successionem,

2208 5221 2386 5278 Petro.
2417 5221 2692 5277 Testatam
2735 5224 2957 5280 omnino
2984 5221 3183 5278 sanant
3201 5221 3352 5278 suam
3380 5224 3445 5276 de
3473 5221 3584 5276 Deo
3620 5221 3779 5275 tidem

2203 5291 2359 5359 facit,
2391 5308 2497 5362 qua
2525 5294 2712 5348 Arium
2747 5309 2809 5346 ac
2847 5293 3171 5347 Eunomiutn
3210 5293 3516 5358 haereticos,
3572 5307 3636 5345 ac
3663 5304 3780 5362 geo-

2207 5377 2324 5415 runt
2373 5361 2595 5430 pravum
2630 5367 2822 5432 dogma
2858 5377 2923 5418 ex
2957 5363 3098 5417 Petri
3154 5363 3498 5418 confessione
3524 5361 3779 5432 irrel‘ellit;

2212 5446 2274 5501 ac
2305 5436 2438 5487 satis
2472 5431 2885 5494 indicat,’etiam
2920 5433 3182 5501 Spiritum
3215 5445 3484 5496 sanctum,
3518 5431 3663 5486 Patri
3716 5445 3784 5484 ac

2208 5499 2365 5565 Filio,
2397 5502 2450 5556 in
2485 5518 2644 5555 unam
2674 5499 2994 5557 Trinitatem
3037 5503 3337 5566 accenseri,
3365 5503 3418 5556 in
3443 5517 3629 5570 quam,
3659 5514 3783 5553 cum

2208 5571 2404 5642 Petrus
2435 5572 2633 5640 triplici
2665 5574 2951 5642 negatione
2983 5583 3288 5640 peccasset,
3345 5573 3540 5642 triplici
3570 5572 3787 5642 nihilo-

2209 5640 2386 5695 minus
2417 5643 2620 5694 amoris
2671 5641 3005 5710 professione
3060 5642 3224 5698 faciat
3276 5640 3432 5700 satis.
3463 5641 3540 5696 Tu
3567 5641 3680 5711 ipse
3708 5642 3788 5695 le-

2207 5722 2325 5764 ctur
2351 5721 2622 5765 auctorem
2653 5712 2760 5766 adi.
