4090 6146
421 296 529 352 265

1303 294 1583 350 HOMILIA
1622 295 1755 350 Vill.
1794 294 1858 349 IN
1895 294 1996 350 SS.
2038 292 2321 350 PE'I'RUM
2356 294 2443 349 ΕΤ
2477 255 2783 351 Ρλῐῖιυὺῖ.

3558 294 3666 351 263

419 416 490 468 τὰ
530 413 671 466 κατά
690 411 920 482 δύναμιν
945 415 1011 482 τῇ
1036 412 1140 464 τῶν
1172 411 1345 465 ἀλλων
1382 411 1689 484 εὐφροσύνῃ
1715 411 1997 483 παρασχέ-

2108 425 2219 463 runt
2252 408 2412 463 hodie
2431 408 2877 463 celebrandorum
2903 406 3071 476 gratia
3103 408 3476 472 convenimus,
3500 426 3668 464 cona-

424 505 546 558 σθαι
576 502 951 575 πειραθῶμεν.
982 498 1113 556 Οἶδα
1148 503 1278 574 γὰρ,
1310 505 1391 557 ὅτι
1416 503 1667 557 τοσοῦτον
1700 501 2001 572 ζητηθήσε-

417 613 531 659 ται,
561 596 810 665 οὺχὸσον
849 594 1082 657 ἐκείνοις
1127 592 1421 664 ὀιρείλεται,
1456 599 1568 658 τοῖς
1605 595 1859 665 μεγάλοις
1905 595 1999 648 καὶ

419 685 771 754 θαυμασίοις,
806 683 921 737 ἀλλ’
942 684 1065 737 ὅσον
1089 682 1221 754 παρ’
1248 685 1380 755 ἡμῖν
1422 683 1709 754 εὑρεθῆναι
1739 684 1852 745 τοῖς
1898 682 2001 734 πέ-

419 788 599 840 νησιν.
641 771 976 843 Ἐϐουλόμην
1008 773 1107 842 μὲν
1138 767 1231 826 οὖν
1266 773 1480 844 ἐκείνης
1508 772 1608 842 τῆς
1636 772 1856 844 χάριτος
1893 771 2001 825 ὀλί-

422 880 517 932 γον
552 863 722 934 μέρος
773 864 896 933 ἐμοὶ
935 863 1230 935 χορηθῆναι
1274 865 1319 897 ⁸⁸
1351 867 1606 937 σήμερον,
1640 860 1708 936 ἧς
1743 865 2000 936 ἑκάτερός

421 970 483 1005 τε
530 953 638 1007 τῶν
668 954 841 1022 ἁγίων
870 953 1079 1008 τούτων
1116 956 1457 1026 μεταλαϐὼν,
1489 959 1518 1010 ό
1553 956 1650 1028 μὲν
1679 958 1736 1011 ἐν
1777 957 2003 1027 Ἱεροσοι

424 1045 616 1115 λύμοις
643 1045 769 1110 τοὺς
800 1045 1161 1110 ἀπειθοῦντας
1188 1047 1484 1114 ἐδίδασκεν,
1526 1050 1554 1101 ὁ
1576 1048 1635 1100 δὲ
1661 1048 1750 1101 τὸν
1784 1049 2001 1117 Ἀρειον

424 1133 601 1202 πάγον
630 1135 688 1187 ὲν
734 1133 988 1205 Ἀθήναις
1019 1135 1360 1201 καταλαϐὼν,
1387 1139 1450 1190 ἐκ
1481 1138 1579 1208 τῆς
1604 1136 1763 1189 ἀθέου
1794 1135 2001 1205 πλάνης

424 1225 554 1287 τοὺς
600 1224 1128 1295 δεισιδαιμονοῦντας
1181 1225 1536 1297 ἐπέστρεψεν,
1569 1226 1884 1289 ὑποδεικνὺς
1912 1225 2004 1278 αὐ-

422 1318 537 1380 τοῖς
567 1316 660 1370 τὸν
706 1317 970 1388 Χριστὸν,
1032 1318 1125 1371 καὶ
1181 1318 1242 1371 τὸ
1295 1318 1395 1388 τῆς
1446 1316 1677 1388 ἀληθοῦς
1721 1316 2002 1379 εὐσεϐείας

426 1408 795 1477 καταγγείλας
844 1410 1159 1479 μυστήριον.
1201 1407 1357 1461 Οὖτω
1397 1407 1504 1479 γὰρ
1546 1407 1895 1478 ἀνεδείξαμέν
1948 1423 2000 1459 τι

424 1499 534 1554 τῶν
561 1500 937 1571 προκειμένων
962 1499 1246 1558 ἐπιτελεῖν.
1270 1501 1363 1554 καί
1383 1499 1460 1570 μὴ
1488 1500 1621 1553 πολὺ
1646 1500 1739 1554 τοῦ
1765 1499 2001 1570 μεγάλου

427 1593 694 1663 μεγέθους
721 1593 1216 1665 ἀπολιμπάνεσθαι.

509 1770 727 1843 Ἐπειδὴ
753 1771 811 1825 δὲ
836 1773 894 1826 αἱ
934 1771 1167 1842 μεγάλαι
1199 1769 1295 1824 τοῦ
1326 1768 1642 1840 Πνεύματος
1673 1768 1875 1839 δωρεαὶ
1895 1769 2002 1826 τῶν
2033 1761 2075 1815 Β

428 1863 678 1933 μεγάλων
706 1863 864 1928 εἰσὶν,
893 1865 987 1917 καὶ
1013 1862 1232 1927 ἀνάξιος
1269 1860 1382 1941 ἐγὼ
1413 1861 1692 1925 τοιαύταις
1721 1859 2003 1925 πλουτίζε-

428 1952 550 2007 σθαι
580 1955 817 2025 χάρισιν·
874 1954 1166 2026 προσθήσω
1215 1954 1314 2026 τὴν
1343 1954 1532 2009 πενίαν
1569 1951 1708 2023 μετά
1737 1952 1838 2023 τῆς
1872 1969 2004 2024 προ-

427 2045 628 2116 θυμίας
651 2049 801 2118 ὑμῖν,
826 2048 902 2111 ὡς
941 2047 1236 2109 Ἐλισσαῖος
1257 2045 1394 2117 μετὰ
1416 2045 1525 2098 τῶν
1553 2044 1795 2116 ἀλεύρων
1821 2043 1892 2097 τὰ
1910 2044 2007 2098 λά-

424 2156 587 2210 χανα,
650 2138 754 2207 τῆς
798 2136 895 2190 τοῦ
947 2133 1274 2207 προέχεσθαι
1326 2134 1543 2197 πάντως
1596 2134 1656 2187 τὸ
1711 2134 1875 2187 καλὸν
1905 2135 2006 2188 οὐκ

424 2232 745 2302 ἀμοιρήσων
762 2228 950 2299 τιμῆς.
978 2226 1185 2297 Μηδεὶς
1211 2226 1269 2280 δέ
1303 2242 1371 2295 με
1391 2226 1601 2297 οἰηθείη
1632 2225 1743 2279 τῶν
1773 2227 2003 2279 ἀκουσο-

427 2322 605 2393 μένων
635 2320 809 2393 ὑμῶν,
853 2318 1131 2390 εὐφημίαν
1174 2318 1441 2388 γενναίων
1470 2317 1678 2390 ἀνδρῶν
1709 2316 2006 2389 προελόμε-

423 2431 538 2478 νον,
566 2415 677 2476 τοίς
710 2412 895 2481 νόμοις
928 2408 1308 2481 ἀκολουθήσειν
1331 2410 1430 2480 τῆς
1460 2409 1652 2479 σοφίας
1666 2409 1763 2479 τῆς
1783 2409 1999 2475 ἔξωθεν.

427 2505 503 2557 Οὐ
550 2502 657 2574 γάρ
697 2503 863 2576 τέχνῃ
892 2500 1221 2573 συγκειμένῃ
1246 2499 1530 2553 κολακείαν
1555 2498 1999 2570 ἀπεργαζόμεθον

424 2594 566 2649 ἀλλὰ
593 2593 779 2664 ψυχῶν
830 2592 1093 2663 φιλοθέων
1139 2592 1366 2664 ἀρετὴν,
1402 2591 1542 2663 μετά
1571 2589 1830 2659 ἀληθείας
1876 2589 2004 2660 ὑμῖν

428 2687 776 2758 παραστῆσαι
812 2684 1201 2754 σπουδάζομεν.
1240 2683 1332 2735 Διὸ
1362 2680 1766 2754 σιωπηθήσεται
1824 2679 2001 2750 γένος,

431 2776 524 2828 καὶ
576 2776 829 2847 πατέρων
882 2774 1205 2845 περιφάνεια
1263 2772 1643 2843 οὐ-διοχλήσει
1678 2772 1772 2825 τὸν
1824 2771 2000 2841 λόγον.

430 2867 588 2935 Σὶιρξ
615 2868 723 2938 γάρ
762 2866 860 2921 καί
889 2861 1033 2935 αἷμα
1056 2865 1387 2930 ,ϐασιλείαν
1418 2864 1567 2920 Θεοῦ
1593 2865 1665 2918 οὐ
1717 2867 2004 2933 κληρονο-

423 2959 755 3028 μήσουσιν.
786 2958 921 3012 Οὐδὲ
953 2957 1061 3011 ἀπὸ
1089 2956 1197 3011 τῶν
1245 2958 1536 3028 περιγείων
1572 2955 1668 3009 καὶ
1698 2955 2006 3027 ὲγκοσμίων

431 3053 557 3114 τοὺς
584 3050 815 3123 οὐρανοῦ
857 3049 1080 3113 πολίτας
1110 3049 1436 3119 τιμήσομενο
1469 3047 1607 3103 ἀλλά
1639 3050 1746 3102 πᾶν
1785 3048 2008 3101 τούναν-

431 3142 570 3205 τίον,
597 3143 844 3213 πατέρων
873 3140 1084 3211 ἀφανὴς
1116 3139 1249 3210 βίος,
1273 3141 1367 3194 καὶ
1386 3140 1572 3210 τέχναι
1612 3139 1895 3210 βάναυσοι,
1914 3139 2010 3192 καὶ

434 3234 627 3298 πενίας
677 3233 1077 3304 ὀνομαζόμενον
1126 3230 1351 3295 ὄνειδος,
1380 3230 1554 3285 ταῦτα
1604 3233 1716 3293 τοῖς
1768 3229 2013 3305 ἐπαίνοις

432 3327 958 3400 μνημονευθήσεται.
998 3325 1136 3392 Δόξα
1181 3325 1289 3397 γὰρ
1338 3323 1700 3395 Χριστιανῶν,
1760 3321 1903 3376 κατά
1952 3321 2013 3374 τὸ

429 3420 765 3490 Εὐαγγέλιον
803 3420 865 3472 τὸ
892 3417 1159 3490 ἡμέτερον
1178 3457 1194 3481 ,
1224 3402 1547 3485 ταπεινότης
1576 3415 1745 3469 ἐστίν.
1789 3412 1928 3484 Ἐγὼ
1955 3414 2011 3468 δὲ

431 3514 523 3567 καὶ
572 3512 678 3565 τῶν
701 3510 902 3577 ἔξωθεν
924 3509 1214 3580 ἐγκωμίων
1240 3507 1477 3580 συνορῶν
1506 3504 1696 3570 δεινῶς
1727 3504 2014 3576 καταμέμ-

431 3620 623 3677 φομαι·
658 3605 741 3658 ὅτι
769 3586 1054 3674 σεμνύνειν
1094 3600 1404 3673 βουλόμενοι
1435 3599 1533 3663 οὓς
1554 3600 1621 3655 ἂν
1644 3600 1892 3661 ἕλωνται,
1936 3597 2055 3662 ὼςκ

435 3697 604 3767 μηδὲν
628 3695 907 3768 ἐξαίρετον
936 3696 1111 3748 εἰπεῖν
1167 3693 1378 3764 ἔχοντες
1423 3691 1648 3760 ἀγαθὸν,
1681 3693 1855 3764 μάτην
1901 3693 2013 3754 τοῖς

430 3787 620 3856 τάφοις
645 3784 1103 3861 προσφεύγουσιν,
1138 3785 1231 3837 καὶ
1262 3782 1529 3853 διοχλοῦσι
1571 3784 1697 3846 τοὺς
1724 3783 2013 3852 κειμένους

430 3878 579 3949 εἰκῆ,
605 3878 701 3931 καὶ
726 3877 853 3940 τοὺς
876 3876 1102 3947 νεκροὺς
1142 3874 1359 3931 ποιοῦσι
1384 3873 1588 3945 κόσμον
1626 3874 1736 3926 τῶν
1772 3870 2008 3936 ζώντωνο

429 3968 500 4019 δι’
528 3962 604 4021 ῶν
641 3965 1023 4021 ἐπικαλοῦνται
1060 3966 1187 4029 τοὺς
1215 3965 1670 4036 τελευτήσαντας,
1702 3963 2016 4034 ὁμολογοῦν-

429 4077 523 4124 τες
566 4060 719 4114 οὐδὲν
755 4059 961 4128 ἀγαθὸν
987 4060 1100 4121 τοῖς
1129 4059 1259 4129 παρ’
1294 4057 1475 4110 αὐτῶν
1513 4056 2015 4127 ἐγκωμιαζομένοις

430 4154 740 4223 προσεῖναι.
775 4151 885 4205 Καὶ
929 4150 1068 4220 πρὸς
1106 4148 1341 4212 τούτοις,
1372 4149 1421 4201 εἰ
1465 4146 1563 4218 μὲν
1585 4144 2014 4217 ὁμολογούμενον

426 4242 520 4318 ἦν,
567 4246 784 4308 πάντως
814 4246 940 4309 τοὺς
971 4246 1036 4298 ἐκ
1072 4242 1339 4315 λαμπρῶν
1370 4240 1622 4309 πατέρων
1650 4238 2011 4306 κατάγοντας,

428 4339 526 4392 καὶ
546 4337 742 4400 αὐτοὺς
766 4337 1032 4407 ὑπάρχειν
1072 4334 1335 4403 ἀγαθοὺς,
1365 4333 1456 4386 καὶ
1478 4330 1665 4402 ὥσπερ
1693 4330 1815 4382 τινὰ
1854 4328 2014 4398 φύσιν

2103 508 2216 553 tum
2243 499 2634 554 concredentes
2665 498 2807 566 quod
2849 508 3047 553 nostra:
3084 497 3191 552 erit
3231 497 3502 553 facultatis
3534 501 3667 557 alio-

2102 608 2220 646 rum
2263 591 2463 646 laetitia:
2514 603 2770 661 prtestare
2810 593 3145 647 studeamns.
3178 590 3311 645 Novi
3341 593 3607 662 siquidem
3637 608 3669 648 a

2103 682 2257 738 nobis
2286 683 2628 751 exigendum,
2664 698 2768 737 non
2793 693 3049 751 quantum
3093 683 3299 749 magnis
3326 682 3430 737 illis
3477 697 3541 736 ac
3572 685 3668 736 ad-

2102 773 2363 828 mirandis
2394 773 2588 828 merilo
2647 770 2943 837 debeatur;
2991 776 3083 828 sed
3122 784 3391 842 quantum
3421 776 3671 844 pauperi-

2100 864 2201 918 bus
2246 865 2403 919 nobis
2452 866 2505 919 in
2553 874 2801 933 promptu
2850 865 2940 919 sit.
2992 865 3204 920 Utinam
3239 881 3366 919 vero
3399 866 3667 920 modicqu

2101 955 2230 1024 quid
2263 956 2379 1026 ejus
2405 957 2533 1010 mihi
2568 957 2757 1031 gratia:
2788 958 3184 1024 suppeditatmn
3216 968 3546 1026 suppeteret,
3575 973 3670 1010 cu-

2099 1046 2185 1115 jus
2218 1047 2376 1102 ambo
2404 1047 2458 1101 hi
2501 1047 2671 1101 sancti
2720 1048 3030 1115 participes,
3063 1046 3201 1101 alter
3228 1050 3443 1117 quidem
3482 1047 3673 1102 Hiero-

2102 1137 2323 1207 solymis
2350 1138 2653 1195 incredulos
2682 1137 2896 1206 docuit;
2943 1138 3080 1191 alter
3119 1154 3245 1193 vero
3290 1156 3410 1193 cum
3444 1140 3672 1195 Athenis

2102 1227 2155 1279 in
2186 1220 2525 1297 Areopagum
2552 1231 2808 1295 venisset,
2835 1230 3239 1298 superstitiosos
3271 1231 3338 1285 ab
3382 1232 3672 1299 impietatis

2106 1335 2293 1375 errore
2322 1323 2617 1389 convertit,
2657 1324 2947 1378 ostendens
2990 1324 3069 1376 eis
3098 1321 3395 1385 Christum,
3428 1338 3492 1375 ac
3532 1339 3674 1380 veras

2102 1412 2319 1480 pietatis
2350 1428 2413 1467 ac
2444 1414 2723 1484 religionis
2757 1415 3085 1467 annuntians
3126 1426 3548 1470 sacramentum.
3581 1414 3674 1469 Sir.

2104 1518 2249 1556 cmm
2279 1503 2528 1571 liqueret,
2555 1506 2758 1575 aliquid
2790 1521 2885 1559 nos
2913 1520 3100 1559 eorum
3132 1518 3389 1574 prmstare
3407 1523 3525 1575 qua:
3549 1519 3674 1560 sunt

2105 1596 2374 1664 proposita
2406 1614 2418 1649 :
2456 1611 2554 1649 nec
2586 1597 2770 1665 procul
2796 1597 3079 1651 admodum
3109 1599 3177 1651 ab
3197 1598 3498 1667 argumenti
3526 1609 3673 1654 tanta

2106 1686 2416 1753 praestantia
2444 1686 2652 1740 abesse.

2174 1776 2311 1841 Quia
2341 1792 2473 1831 vero
2501 1777 2759 1844 praeclara
2786 1777 2873 1831 illa
2905 1775 3140 1847 Spiritus
3169 1779 3305 1832 dona
3353 1760 3671 1847 magnorum

2098 1876 2251 1930 sunt,
2288 1867 2531 1936 ipseque,
2568 1867 2896 1936 ejuscemodi
2952 1866 3245 1935 gratiarum
3293 1868 3495 1921 divitiis
3539 1870 3674 1921 iudi-

2103 1975 2240 2028 gnus
2265 1960 2486 2022 exsisto,
2518 1976 2691 2013 meam
2717 1960 2867 2014 vobis
2889 1959 3055 2013 alacri
3076 1961 3256 2013 animo
3282 1969 3672 2029 paupertatem.

2105 2051 2248 2104 velut
2295 2051 2500 2105 Eliseus
2547 2052 2590 2082 ⁶¹
2649 2067 2771 2104 cum
2823 2053 3096 2119 pulmento
3154 2051 3344 2114 olera,
3409 2067 3667 2120 appono:
3749 2116 3757 2123 _

2106 2143 2518 2211 haudquaquam
2568 2159 2629 2195 ea
2676 2143 2969 2212 privandus
3018 2142 3194 2207 laude,
3239 2153 3296 2196 ut
3337 2158 3405 2196 ne
3455 2144 3677 2198 examino

2106 2236 2432 2303 prtetendatn
2465 2235 2605 2303 quod
2637 2235 2836 2288 bonum
2867 2249 2930 2287 ac
2962 2237 3277 2302 praclarum
3326 2244 3425 2288 est.
3459 2234 3534 2288 Ne
3558 2235 3678 2302 quis

2105 2332 2283 2373 autem
2320 2334 2406 2374 me
2438 2331 2699 2385 vestrum,
2749 2322 3053 2387 auditores,
3104 2323 3194 2391 qui
3248 2324 3393 2378 viros
3425 2334 3678 2377 strenuos

2109 2412 2411 2466 laudandos
2457 2412 2811 2480 susceperim,
2846 2423 3084 2467 externa:
3135 2425 3284 2482 putet
3329 2432 3391 2469 ac
3434 2416 3679 2483 profanae

2107 2502 2387 2570 sapientia:
2439 2512 2766 2556 sectatnrnm
2801 2501 2990 2578 _lege.=.
3037 2501 3153 2557 Non
3196 2507 3338 2557 enim
3380 2508 3678 2574 composita

2108 2600 2227 2646 arte
2268 2602 2612 2647 assentamur
2641 2602 2804 2661 atque
2842 2591 3180 2655 blandimur;
3220 2594 3312 2647 sed
3349 2594 3439 2647 Dei
3491 2611 3679 2648 aman-

2107 2681 2241 2737 tium
2262 2696 2332 2738 ac
2357 2682 2727 2753 religiosorum
2767 2683 3072 2737 animorum
3099 2684 3348 2738 virtutem
3402 2701 3525 2740 vera
3558 2703 3679 2740 nar-

2109 2777 2320 2831 ratione
2374 2784 2761 2841 reprzrscntare
2829 2775 3127 2829 studemus.
3181 2776 3541 2842 Quamobrem
3597 2784 3680 2833 ta-

2107 2868 2321 2921 rebitur
2358 2881 2548 2935 genus,
2581 2880 2681 2919 nec
2706 2875 2989 2935 parentum
3017 2866 3241 2922 illustris
3268 2868 3462 2938 gloria,
3483 2872 3680 2940 negotii

2110 2959 2314 3028 aliquid
2351 2958 2564 3013 dicturo
2602 2957 2884 3027 praebebit.
2953 2956 3179 3027 Quippe,
3212 2975 3334 3013 caro
3378 2972 3426 3016 et
3467 2965 3678 3033 sanguis

2110 3068 2323 3121 regnum
2359 3051 2452 3104 Dei
2482 3067 2583 3104 non
2607 3051 3032 3118 possidet-unt“;
3065 3067 3162 3107 nec
3188 3054 3307 3108 σαιιί
3335 3054 3481 3109 cives
3522 3072 3550 3109 a
3577 3067 3681 3112 ter-

2115 3144 2262 3197 renis
2286 3158 2351 3195 ac
2380 3143 2563 3197 smcnli
2588 3144 2958 3212 praerogativis
2987 3144 3304 3199 honoraturi
3328 3163 3512 3201 sumus
3538 3166 3553 3214 ;
3584 3150 3680 3205 sed

2114 3232 2273 3300 plane
2304 3246 2492 3295 secus,
2522 3232 2811 3286 obscuram
2838 3243 3119 3300 parentum
3150 3233 3346 3300 vitam,
3378 3248 3526 3290 artes
3567 3254 3681 3294 me-

2112 3323 2757 3397 chanicas,paupertatis
2787 3324 3019 3392 denique
3049 3324 3371 3393 appellatum
3392 3330 3680 3396 probrum,

2114 3412 2228 3466 [nec
2283 3412 2471 3481 utique
2512 3398 2668 3467 inter
2728 3413 3051 3467 landandutn
3111 3419 3678 3472 cenimemnrabimus.

2112 3501 2246 3556 Nam
2273 3503 2427 3572 juxta
2475 3504 2821 3574 Evangelium
2860 3512 3126 3570 nostrum,
3171 3507 3464 3562 Christiani
3505 3510 3681 3563 humi-

2113 3596 2265 3650 litate
2320 3596 2548 3665 gloriam
2600 3597 2819 3652 habent.
2873 3597 3015 3653 Sane
3066 3599 3283 3668 quidem
3332 3613 3681 3656 externorum

2114 3690 2358 3744 cncomia
2392 3698 2678 3755 contuens,
2703 3690 2938 3745 maxime
2963 3691 3229 3760 vitupero,
3281 3694 3423 3762 quod
3454 3711 3548 3749 cus
3568 3695 3684 3749 latt-

2114 3780 2291 3833 daturi
2313 3795 2450 3847 quos
2473 3781 2575 3835 sibi
2599 3781 2973 3849 proposuerint
3005 3783 3056 3835 in
3082 3784 3255 3838 laudis
3284 3797 3683 3853 argumentum,

2117 3881 2369 3939 tanquam
2406 3872 2540 3925 nihil
2564 3873 2833 3941 peculiare
2855 3873 3142 3928 dicendum
3172 3886 3444 3945 suppetat,
3477 3881 3542 3930 ad
3570 3892 3684 3930 ma-

2108 3959 2288 4029 jorum
2317 3963 2520 4017 frustra
2554 3964 2803 4032 sepulcra
2845 3965 3191 4035 confugiant,
3226 3982 3290 4022 ac
3334 3966 3603 4022 defunctis
3630 3969 3683 4022 in

2115 4070 2332 4109 cassum
2360 4056 2631 4125 negotium
2658 4056 2927 4112 facessunt
2948 4097 2963 4121 ,
2997 4070 3345 4125 mortuosque
3391 4062 3683 4113 viventium

2113 4157 2436 4209 ornamento
2492 4148 2809 4202 asciscant:
2850 4151 3202 4219 quibus-vita
3261 4149 3476 4204 functus
3531 4152 3684 4205 invo~

2115 4246 2266 4299 cant,
2295 4238 2429 4292 nihil
2463 4238 2586 4291 boni
2626 4254 2691 4293 ac
2727 4239 3157 4308 praeclari“me
3190 4255 3284 4291 eos
3308 4253 3523 4293 exstare
3558 4256 3686 4308 pro-

2112 4330 2354 4392 ﬁtentes,
2392 4344 2528 4395 quos
2564 4330 2814 4384 laudbns
2838 4330 3136 4385 celebrant.
3165 4314 3454 4391 Praeterea,
3482 4341 3539 4384 ut
3562 4333 3685 4400 qni-

424 4428 528 4499 τὴν
556 4428 760 4499 ἀρετὴν
784 4424 1148 4496 διαδέχεσθαι,
1175 4424 1430 4495 εὔκαιρον
1456 4419 1524 4494 ἦν
1552 4421 1682 4487 ἴσως
1713 4421 1902 4493 μνείαν
1930 4440 2009 4475 τι-

2119 4425 2240 4474 dem
2263 4431 2472 4476 certum
2509 4431 2676 4485 esset,
2702 4422 2781 4474 sic
2815 4421 3035 4475 omnino
3057 4435 3426 4488 comparatum
3452 4437 3592 4487 esse,
3630 4432 3687 4477 ut

426 4518 496 4573 νά
521 4517 632 4572 τῶν
664 4516 866 4586 γονέων
890 4516 1157 4571 ποιεῖσθαι
1175 4533 1189 4546 ’
1215 4515 1403 4586 ἐπειδὴ
1426 4514 1483 4567 δὲ
1517 4513 1771 4584 ψεύδεται
1797 4514 1899 4579 τὰς
1920 4517 2013 4568 τοῦ

426 4610 623 4680 γένους
651 4608 904 4681 διαδοχὰς
932 4610 1025 4663 ἐπὶ
1052 4607 1260 4678 πλέονή
1282 4606 1396 4660 τῶν
1423 4607 1866 4678 ἐπιτηδευμάτων
1896 4607 2015 4660 δια·-

428 4703 573 4775 ῳορά
603 4704 839 4771 (γίνεται
865 4703 976 4775 γὰρ
1008 4700 1218 4765 ἄσωτος
1256 4701 1286 4753 ὁ
1319 4699 1414 4754 τοῦ
1451 4698 1763 4769 φιλοσόφου,
1797 4699 1892 4753 καὶ
1930 4716 2016 4768 φι-

424 4793 653 4863 λόσοφος
679 4795 709 4846 ὀ
738 4791 837 4844 τοῦ
869 4790 1195 4862 φιληδόνου),
1228 4789 1457 4860 μάταιος
1492 4789 1523 4842 ὁ
1551 4789 1712 4853 πόνος
1740 4787 1851 4841 τῶν
1878 4805 2012 4859 προ-

428 4887 671 4940 πάππων
692 4881 1024 4955 μεμνῖλσθαι⁹
1057 4881 1175 4937 δέον
1203 4880 1583 4943 ἐπιδεικνύειν,
1605 4880 1764 4951 εἴπερ
1792 4877 1904 4948 ἔχει
1931 4894 2015 4941 τις

425 4978 629 5050 ἀρετῆς
667 4973 1094 5049 κατορθώματα.
1130 4975 1241 5029 Καὶ
1268 4973 1425 5027 ταῦθ’
1455 4973 1537 5027 ότι
1559 4970 1748 5026 τοῦτον
1785 4969 2015 5040 ἔχειτὸν

426 5070 649 5138 τρόπον,
681 5069 782 5123 οὐκ
834 5069 981 5122 ἔστιν
1020 5065 1240 5121 ἄλλοθεν
1273 5060 1870 5134 Δοτολυπραγμονοΰντοις
1912 5077 2016 5130 μα-

424 5164 559 5227 θεῖν,
595 5163 712 5217 ἀλλ’
757 5160 820 5227 ἐξ
869 5160 1038 5230 αὐτῆς
1065 5158 1164 5229 τῆς
1187 5159 1341 5229 ἱερᾶς
1391 5154 1548 5227 ἡμῶν
1577 5152 1820 5224 Γραφῆς,
1853 5149 2014 5204 πολύς

428 5272 625 5327 τροπον
652 5253 888 5326 ἐχούσης
907 5252 1003 5305 καὶ
1035 5249 1286 5319 ποικίλην
1312 5249 1412 5318 τὴν
1441 5246 1730 5315 ὠφέλειαν.

2118 4514 2212 4580 qui
2262 4514 2427 4566 claris
2470 4504 2766 4580 majoribus
2817 4513 3081 4583 procreati
3124 4523 3266 4579 sunt,
3323 4514 3420 4581 ipsi
3470 4529 3686 4584 quoque

2116 4603 2271 4671 probi
2299 4604 2645 4664 exsisterent.
2667 4619 2731 4657 ac
2762 4604 3011 4657 virtutem
3035 4643 3050 4668 ,
3081 4619 3178 4660 ceu
3217 4604 3503 4672 quamdam
3532 4615 3685 4657 natu-

2120 4709 2235 4748 ram
2302 4696 2447 4749 velut
2504 4694 2849 4750 luereditaria
2912 4698 3259 4753 successione
3309 4696 3684 4751 lransmiSSaII

2119 4787 2491 4857 susciperent;
2522 4768 2669 4842 esset
2712 4789 2942 4843 fortasse
2983 4788 3125 4844 haud
3181 4789 3540 4856 incengrnum
3593 4803 3657 4856 pa

2121 4886 2334 4930 rentum
2367 4876 2717 4931 meminisse:
2750 4893 2873 4931 cum
2905 4892 3036 4932 vero
3065 4877 3687 4932 studiorum-diversitas

2092 4968 2432 5037 .plerumque
2466 4981 2682 5037 generis
2728 4968 3130 5023 successionem
3164 4968 3455 5021 mentiatur
3490 4966 3687 5036 (philo,-

2115 5058 2272 5126 sophi
2304 5073 2539 5127 namque
2569 5059 2731 5123 tilias,
2759 5059 3066 5113 luxuriosus
3099 5072 3161 5111 ac
3182 5071 3357 5126 ganeo
3386 5056 3597 5119 evadit;
3624 5072 3687 5109 ac

2116 5149 2485 5223 philosophus,
2514 5149 2803 5219 voluptarii
2841 5165 2906 5203 ac
2945 5149 3212 5203 libidinosi
3250 5147 3444 5218 filius),
3484 5146 3686 5201 fruStra

2117 5241 2395 5297 laboratur
2432 5241 2819 5311 percensendis
2845 5246 3096 5295 encomio
3127 5239 3341 5308 proavis
3369 5253 3435 5292 ac
3464 5237 3680 5304 majori-
3754 5257 3765 5267 ο

421 5344 561 5409 bus,
594 5362 721 5400 eum
756 5345 828 5399 sit
857 5340 1269 5405 ostendendum,
1309 5336 1430 5407 qua:
1462 5337 1722 5406 cujusque
1756 5333 2001 5389 facinora
2041 5346 2106 5386 ac
2131 5348 2219 5387 res
2266 5333 2525 5400 praeclare
2558 5342 2725 5401 gestat
2761 5330 2888 5387 sint.
2932 5331 3082 5396 Quod
3141 5332 3255 5384 lucc
3323 5345 3450 5385 vero
3475 5331 3554 5383 sic
3585 5329 3688 5380 ha-

424 5441 608 5507 beant,
640 5439 787 5494 baud
822 5437 1041 5493 aliunde
1074 5434 1318 5505 diligenti
1349 5428 1807 5503 pervestigatione
1838 5427 2173 5493 noverimus,
2204 5439 2366 5495 quam
2400 5442 2467 5482 ex
2531 5428 2704 5482 sacris
2764 5425 2895 5495 ipsis
2943 5423 3379 5480 Christianorum
3439 5420 3686 5486 Scriptu-

422 5535 524 5600 ris,
555 5548 791 5604 quorum
826 5530 1105 5599 multiplex
1140 5530 1394 5595 variaque
1433 5525 1637 5579 utilitas
1663 5522 1895 5575 exsistit.

491 5738 542 5773 ‘°
567 5741 652 5794 τσ-
687 5733 1079 5808 χορηγηθῆναιο

786 5830 1055 5895 Parnm.
1099 5827 1215 5887 Gri.
1266 5826 1397 5887 XL.

1157 5733 1197 5761 ⁵⁸
1234 5729 1297 5783 lV
1329 5732 1439 5800 lleg
1487 5747 1558 5794 tv,
1585 5728 1671 5783 38.
1751 5728 1793 5759 ⁶²
1827 5727 1842 5779 l
1881 5729 2003 5784 Cor.
2047 5739 2135 5790 xv,
2169 5724 2254 5777 50.
