4070 6142
420 298 527 352 267

416 507 609 559 ιιιυυὶὶε
638 521 757 559 eum
798 505 1140 559 educatorem
1201 514 1309 557 tum
1367 505 1680 572 magistrum
1724 507 1787 560 ⁸³.
1839 506 1980 560 Nihil

421 609 595 651 tamen
634 598 1111 665 ipsc,quanquam
1160 596 1396 663 optimus
1432 606 1570 662 erat,
1613 595 1756 663 juvit
1796 599 1975 654 ﬁlios:

420 689 598 752 idque,
628 701 748 738 cum
790 685 929 753 apud
974 692 1249 753 parentem
1300 683 1472 752 Ipsum
1510 685 1728 739 educati
1775 695 1976 749 essent,

416 791 478 829 ac
509 778 747 847 quotidie
768 776 1073 830 sacerdotii
1097 776 1220 845 jura
1256 790 1320 829 ac
1365 775 1510 845 leges
1540 777 1811 831 audirent.
1840 777 1980 829 Rur-

418 884 533 918 sunt
566 882 691 919 vero
709 867 1020 922 Timotheus
1046 866 1224 935 impiis
1247 869 1559 935 parentibus
1575 869 1750 923 editus
1767 881 1881 923 erat
1895 869 1976 922 διε

419 958 528 1021 ille,
563 959 812 1026 inquam,
839 959 1140 1026 apostolus,
1186 958 1444 1027 Paulique
1496 975 1791 1027 generosus
1830 972 1981 1014 catu-

419 1049 501 1103 ltts
532 1065 546 1101 :
583 1048 723 1101 haud
762 1048 847 1101 ille
887 1057 1087 1112 tamen,
1140 1064 1237 1104 ceu
1272 1050 1559 1117 quamdam
1597 1060 1865 1116 naturam,
1902 1068 1982 1105 se-

417 1145 686 1191 cutus-est
711 1146 992 1206 parentum
1039 1138 1389 1205 memoriam;
1425 1139 1553 1206 quin
1598 1138 1764 1193 libera
1792 1143 1979 1195 volun-

418 1238 525 1282 tate
544 1243 729 1282 eorum
748 1229 887 1283 odio
916 1231 1248 1299 impietatem
1280 1232 1505 1297 habens,
1531 1233 1595 1286 ad
1625 1247 1835 1287 sacram
1870 1234 1980 1302 pie-

418 1324 542 1375 tatis
578 1322 746 1392 legem
785 1323 1093 1392 transfugit,
1132 1325 1408 1394 dulcisque
1468 1326 1673 1380 fructus
1701 1342 1765 1381 ex
1798 1343 1978 1380 amara

419 1414 601 1469 radice
629 1415 846 1484 prodiit.
893 1415 1155 1470 Malorum
1199 1418 1410 1486 capula,
1446 1434 1510 1472 ac
1553 1420 1734 1473 ovium
1767 1429 1971 1488 partus.

417 1510 506 1564 Sic
543 1510 794 1565 Absalom
815 1511 883 1574 “,
914 1510 1143 1565 modesti
1181 1526 1243 1565 ac
1260 1512 1423 1567 sobrii
1478 1513 1646 1582 patris
1687 1511 1870 1565 furens
1897 1511 1981 1578 jn-

415 1603 597 1663 venis,
628 1615 800 1672 eoque
829 1605 1132 1656 temeritate
1166 1617 1230 1656 ac
1257 1604 1481 1658 audacia
1528 1614 1707 1667 uetus,
1753 1618 1859 1672 quo
1887 1618 1981 1670 pa-

416 1698 496 1741 ter
524 1689 704 1758 probis
725 1704 788 1744 ac
810 1689 1055 1759 ingenuis
1085 1692 1354 1758 moribus;
1396 1707 1487 1747 seu
1516 1694 1713 1760 potius,
1736 1696 1818 1759 ut?
1836 1692 1977 1761 quod

413 1783 485 1835 sit
516 1781 685 1852 magis
729 1796 759 1834 c
789 1782 1013 1837 veritate
1067 1783 1338 1851 dicamus,
1393 1786 1738 1853 exsuperanti
1776 1785 1978 1859 malitia
2012 1763 2055 1821 Β

415 1880 694 1936 paternam
740 1870 899 1940 longe
938 1887 1201 1941 superans
1229 1873 1505 1928 virtutem.
1549 1874 1726 1943 Atque
1760 1875 1893 1929 adeo
1923 1884 1982 1927 ut

413 1963 537 2029 quis
576 1962 863 2015 contrariis
895 1961 1159 2029 ejusmodi
1208 1963 1439 2017 ﬁliormn
1479 1965 1545 2018 ad
1583 1975 1834 2033 parentes
1867 1979 1980 2018 mo-

417 2052 569 2104 ribus
639 2051 877 2104 animum
931 2051 1187 2106 adhibere
1235 2051 1384 2117 velit,
1432 2054 1703 2109 studiosos
1754 2069 1817 2107 ac
1848 2055 1978 2107 recti

414 2149 657 2196 amantes
687 2142 1000 2203 innumeros
1046 2143 1207 2197 malis
1240 2153 1529 2214 prognatos
1573 2144 1831 2210 olfendet,
1869 2161 1982 2199 ma-

400 2234 600 2301 losque
621 2232 856 2287 vicissim
893 2233 1208 2303 parentibus
1241 2236 1460 2303 optimis
1482 2245 1649 2293 satos.
1685 2237 1850 2307 idque
1885 2237 1980 2291 ad—

414 2328 631 2382 modum
660 2329 874 2383 merito.
910 2329 1185 2396 Siquidem
1213 2331 1595 2394 enim-natura,
1632 2346 1738 2385 non
1779 2347 1978 2395 mores,

414 2419 600 2473 vitium
631 2429 724 2473 aut
764 2419 1016 2473 virtutem
1049 2417 1302 2485 eﬂice’ret,
1341 2434 1446 2474 non
1481 2419 1592 2488 jam
1637 2422 1743 2475 duo
1777 2430 1977 2484 essent,

374 2492 379 2495 l
413 2507 505 2562 sed
538 2507 763 2562 alterum
789 2507 1131 2566 uniformiter
1148 2508 1485 2587 praevaleret.

485 2600 703 2654 Dicatur
751 2615 879 2669 ergo
952 2599 1144 2654 Petrus
1211 2601 1352 2655 ﬁlius
1403 2599 1551 2656 Jnnze
1583 2602 1628 2634 ⁶⁶
1661 2620 1674 2655 :
1704 2603 1978 2672 cnjnsnam

412 2706 539 2745 vero
565 2691 729 2755 illius,
766 2691 899 2745 nihil
945 2708 1061 2744 mea
1131 2691 1316 2745 refert.
1360 2692 1469 2760 Ego
1524 2708 1758 2761 namque
1803 2709 1833 2746 a
1886 2693 1979 2747 ﬁlii

414 2783 570 2845 actis,
590 2783 813 2837 honesto
834 2791 1144 2849 parentem;
1173 2793 1335 2851 atque
1363 2783 1430 2836 ab
1456 2783 1579 2837 imis
1603 2783 1887 2853 incipiens,
1915 2785 1981 2837 ad

414 2874 691 2944 superiora
739 2872 1048 2927 transmitte
1089 2872 1335 2939 laudem;
1384 2874 1730 2926 lucernarum
1788 2875 1978 2939 instar,

414 2984 532 3037 qua:
579 2977 737 3022 noctu
774 2982 801 3018 a
849 2967 964 3021 solo
1012 2979 1074 3019 ac
1110 2965 1214 3018 ima
1248 2965 1425 3030 domo,
1473 2974 1611 3020 tecta
1650 2966 1979 3019 illuminant.

416 3061 558 3112 Sane
583 3074 708 3112 vero
743 3055 907 3110 Isaias
936 3056 1195 3110 vaticinio
1249 3056 1326 3108 ait
1360 3056 1426 3123 ⁸⁷,
1459 3057 1700 3125 posuisse
1730 3056 1976 3122 Patrem,

416 3151 606 3204 Filium
641 3149 873 3218 lapidem
933 3147 1241 3217 angularem
1275 3166 1289 3202 :
1345 3148 1596 3202 nimirum
1637 3148 1976 3218 signiﬁcans.

416 3240 597 3295 mundi
631 3247 791 3293 totam
827 3238 1251 3303 concretionem,
1282 3236 1372 3292 illo
1404 3236 1757 3293 fundamento
1784 3254 1848 3293 ac
1865 3238 1978 3293 basi

415 3333 595 3387 nixam
621 3344 761 3387 esse.
807 3328 944 3396 Quin
982 3340 1044 3383 et
1081 3342 1295 3384 rursum
1327 3328 1665 3399 Unigcnitus,
1700 3330 1776 3383 uti
1810 3330 1980 3384 sacris

414 3422 685 3492 Evangelii
725 3422 879 3476 libris
903 3423 1271 3488 conscriptum
1305 3431 1407 3486 cst,
1440 3420 1683 3486 Petrum,
1724 3420 1979 3476 Ecclesia-

414 3513 818 3568 fundamentum
865 3511 1020 3577 dicit,
1070 3510 1149 3562 Tu
1199 3526 1253 3563 es
1293 3508 1517 3581 Petrus,
1550 3518 1599 3563 et
1644 3525 1801 3577 super
1844 3511 1980 3564 hanc

408 3615 612 3671 petram
656 3600 928 3668 rediﬁcabo
964 3600 1267 3654 Ecclesium
1299 3617 1470 3654 meam
1501 3600 1567 3655 “.
1593 3600 1807 3657 Primus
1832 3604 1977 3656 enim

415 3710 599 3748 revera
629 3694 734 3757 hic,
764 3710 862 3749 ceu
895 3694 1116 3763 grandis
1163 3693 1380 3763 quidam
1418 3709 1482 3749 ac
1527 3694 1694 3748 durus
1728 3695 1885 3764 lapis,
1925 3695 1977 3748 in

415 3786 597 3840 mundi
628 3786 786 3855 hujus
816 3801 950 3840 cava
973 3786 1245 3840 demissus
1277 3796 1383 3850 est,
1424 3786 1538 3839 sive
1587 3787 1638 3838 in
1680 3787 1976 3841 convallem

414 3878 751 3948 plorationis,
784 3878 1237 3948 quemadmodum
1280 3877 1449 3931 David
1486 3877 1563 3931 ait
1600 3877 1681 3944 69;
1715 3889 1773 3932 ut
1819 3879 1978 3934 Chri-

420 3971 627 4027 stianos
649 3985 836 4024 onmcs
871 3967 1326 4038 superandiﬁcatos
1348 3977 1588 4037 portans,
1631 3969 1681 4023 in
1710 3970 1939 4025 sublime
1962 4012 1977 4034 ,

414 4077 623 4133 nempe,
651 4063 718 4117 ad
747 4063 860 4132 spei
898 4070 1096 4116 nostra:
1119 4060 1489 4127 domicilium,
1517 4061 1801 4117 subvehat.
1830 4061 1980 4116 Fun-

410 4155 710 4209 damentum
737 4153 884 4209 aliud
930 4169 1077 4207 nemo
1099 4161 1269 4219 potest
1301 4170 1511 4223 ponere,
1546 4164 1737 4222 prmter
1758 4155 1812 4207 id
1838 4155 1978 4223 quod

410 4249 635 4318 posiium
661 4261 758 4310 est,
788 4247 925 4316 quod
952 4244 1297 4313 est-(utrium
1317 4244 1472 4299 Jews
1487 4246 1555 4300 ⁷ο.
1590 4244 1695 4300 Sed
1721 4255 1777 4300 et
1816 4245 1976 4300 simili

410 4356 623 4411 quoque
666 4334 914 4395 Salvat'or
948 4349 1131 4397 noster
1157 4337 1533 4407 appellatione,
1566 4338 1796 4406 primum
1822 4350 1976 4392 sumn

1685 299 1742 353 S.
1786 300 2055 356 ASTERII
2098 299 2396 356 AMASENI

491 414 703 468 Scimus
732 413 1237 480 plane‘saccrdotcm
1259 455 1273 477 ,
1300 428 1482 470 senem
1511 414 1656 467 illum
1687 416 1862 485 magni
1891 416 1984 470 Sa-
2012 423 2057 476 Α

3554 305 3655 354 ‘268

2167 418 2352 486 Ἴσμεν
2379 417 2594 478 πάντως
2622 416 2713 467 τὸν
2737 414 2906 485 ἱερέα,
2940 414 3028 466 τὸν
3077 414 3387 485 πρεσϐύτην
3431 416 3657 479 ἐκεῖνον,

2082 509 2172 561 τὸν
2201 508 2294 560 τοῦ
2322 507 2560 577 μεγάλου
2590 505 2843 577 Σαμουὴλ
2881 505 3086 574 τροφέα
3108 522 3165 558 τε
3195 505 3290 557 καὶ
3319 504 3655 557 διδάσκαλον·

2081 601 2193 653 ἀλλ’
2221 600 2371 652 οὐδὲν
2419 601 2546 662 τοὺς
2588 584 2738 660 υἱοὺς
2779 597 3060 667 ὠφέλησεν
3106 597 3266 659 αὐτὸς
3309 597 3527 667 ἄριστος
3560 597 3655 649 ὢν·

2081 692 2172 744 καὶ
2196 690 2369 744 ταῦτα
2394 689 2698 760 τραφέντας
2716 690 2805 741 ὑπ’
2837 688 2986 758 αύτῴ
3019 687 3098 758 τῷ
3131 689 3538 759 γεννησαμένῳ,
3560 690 3655 759 τὴν

2081 782 2200 834 καθ’
2253 781 2467 851 ἡμέραν
2500 779 2868 849 μανθάνοντας
2909 780 3038 841 τοὺς
3088 780 3187 847 τῆς
3231 778 3526 848 ἱερωσύνης
3573 778 3656 830 θε-

2082 872 2271 941 σμούς.
2317 873 2410 924 Ἐκ
2469 870 2719 940 πατέρων
2747 870 2907 921 πάλιν
2936 869 3146 922 ἀσεϐῶν
3174 872 3199 921 ὁ
3228 870 3510 939 Τιμόθεος,
3570 868 3656 921 τὸν

2079 963 2372 1016 ἀπόστολον
2409 962 2572 1030 λέγω,
2595 961 2686 1013 τὸν
2721 962 2964 1028 γενναῖον
2997 960 3090 1012 τοῦ
3125 960 3336 1012 Παύλου
3387 961 3655 1014 σκύλακα·

2080 1053 2175 1104 καὶ
2216 1052 2276 1104 ού
2313 1051 2419 1121 μὴν
2461 1049 2851 1119 ἠκολούθησεν,
2884 1049 3072 1119 ὥσπερ
3100 1050 3207 1102 τινὶ
3245 1050 3405 1119 φύσει
3435 1051 3543 1103 τῶν
3567 1069 3655 1120 γο-

2079 1145 2211 1196 νέων
2257 1146 2320 1212 τῇ
2354 1143 2562 1213 μνήμῃ·
2620 1141 2853 1210 λογικῶς
2905 1141 2961 1194 δὲ
2992 1143 3251 1213 ίμισήσας
3283 1143 3386 1208 τὴν
3433 1144 3657 1197 ἐκείνων

2080 1234 2419 1296 δυσσέϐειαν,
2478 1234 2613 1305 πρὸς
2660 1238 2750 1287 τὸν
2800 1234 2956 1302 ἆγιον
3005 1234 3206 1305 θεσμὸν
3237 1235 3338 1305 τῆς
3380 1237 3655 1300 εὐσεϐείας

2079 1326 2519 1397 ἁπηυτομόλησε,
2583 1328 2677 1379 καὶ
2740 1327 2951 1396 καρπὸς
2999 1328 3240 1397 ἀνεφάνη
3307 1326 3509 1401 γλυκὺς
3549 1329 3656 1383 ἀπὸ

2082 1415 2239 1487 ῥίζης
2265 1419 2487 1488 πικρᾶς.
2536 1417 2806 1486 Ἣμιόνων
2841 1419 2873 1487 ἡ
2910 1418 3186 1479 συνουσία,
3226 1418 3321 1470 καὶ
3370 1417 3655 1487 προϐάτων

2078 1508 2255 1572 τόκος.
2281 1507 2468 1571 Οὕτως
2493 1510 2521 1560 ὀ
2560 1507 2886 1573 Ἀϐεσαλὼν,
2928 1509 3134 1580 πατρὸς
3167 1508 3445 1570 ἑπιεικοῦς
3475 1526 3655 1578 μεμη-

2080 1598 2185 1662 νὼς
2239 1599 2538 1662 νεανίσκος,
2589 1599 2683 1652 καὶ
2710 1599 2960 1652 τοσοῦτον
3002 1600 3094 1652 ἐπὶ
3132 1598 3428 1671 θρασύτητι
3461 1600 3654 1672 γνώρι-

2085 1707 2204 1760 μος,
2249 1690 2421 1743 ὅσονό
2460 1691 2642 1759 πατὴρ
2677 1692 2733 1743 ὲν
2780 1689 3129 1761 χρηστότητι⁶
3171 1691 3204 1761 ἦ
3244 1690 3459 1761 μᾶλλον,
3501 1692 3549 1742 εἱ
3575 1690 3658 1745 δεῖ

2082 1779 2472 1852 τάληθέστερον
2506 1781 2697 1845 εἰπεῖν,
2731 1779 2911 1849 πολλῷ
2931 1779 3010 1850 τῷ
3038 1781 3219 1852 μέτρῳ
3251 1781 3654 1853 ύπερόαλλόμε-

2082 1887 2171 1934 νος
2206 1862 2292 1940 τῇ
2310 1869 2477 1940 κακίᾳ
2497 1869 2595 1940 τὴν
2618 1870 2817 1941 ἀρετὴν
2838 1870 2933 1923 τοῦ
2959 1871 3337 1940 γεννήσαντος.
3370 1873 3480 1926 Καὶ
3495 1872 3653 1935 ὅλως,

2081 1961 2227 2022 εἴτις
2252 1959 2496 2030 θελήσειε
2521 1961 2642 2024 ταῖς
2694 1959 2973 2023 τοιαύταις
2996 1960 3104 2013 τῶν
3135 1960 3340 2015 παίδων
3361 1963 3495 2033 πρὸς
3529 1965 3656 2026 τοὺς

2081 2050 2320 2121 πατέρας
2358 2050 2724 2119 ὲναντιότησιν
2769 2050 3060 2122 ἐπιστῆσαι
3099 2049 3198 2103 τὸν
3240 2051 3384 2115 νοῦν,
3430 2045 3655 2123 μυρίους

2080 2140 2300 2209 εὑρήσει
2358 2139 2675 2211 σπουδαίρυς
2727 2138 2838 2192 άπὸ
2879 2139 3087 2200 κακῶν,
3152 2140 3248 2192 καὶ
3297 2142 3566 2213 πονηροὺς
3589 2144 3655 2195 ὲκ

2083 2230 2388 2300 βελτίστων.
2429 2231 2540 2283 Καὶ
2581 2230 2785 2302 σφόδρα
2827 2247 2892 2299 γε
2939 2231 3182 2295 εἰκότως.
3223 2232 3286 2284 Εἰ
3315 2232 3422 2304 γὰρ
3473 2233 3655 2301 φύσις,

2082 2324 2177 2376 καὶ
2226 2325 2299 2395 μὴ
2341 2323 2560 2395 τρόπος,
2615 2324 2815 2391 κακίαν
2857 2324 2891 2396 ἢ
2949 2325 3148 2397 ἀρετὴν
3198 2327 3505 2397 εἰργάζετο,
3553 2330 3656 2382 οὐκ

2080 2414 2145 2469 ἂν
2193 2411 2260 2486 ἦν
2327 2414 2396 2467 τὰ
2469 2413 2581 2479 δύο,
2652 2415 2788 2470 ἀλλὰ
2858 2417 3175 2488 μονομερῶς
3246 2419 3536 2490 ἐπεκράτει
3594 2420 3663 2473 τὸ

2082 2508 2287 2578 ῑτερον.
2956 2520 2961 2525 ‘

2152 2595 2409 2665 Λεγέσθω
2455 2598 2636 2652 τοίνυν
2667 2597 2875 2668 Πέτρος
2924 2599 3039 2662 υἱὸς
3075 2599 3247 2653 Ἰωνᾶ’
3287 2599 3431 2662 τίνος
3454 2599 3512 2652 δὲ
3534 2599 3651 2652 τού-
3724 2592 3730 2598 ’

2080 2706 2194 2752 του,
2222 2688 2373 2742 οὐδέν
2406 2706 2498 2760 μοι
2523 2689 2792 2760 διαφέρει.
2858 2687 2998 2757 Ἐγὼ
3025 2689 3132 2760 γὰρ
3157 2692 3221 2743 ὲκ
3261 2690 3370 2744 τῶν
3406 2689 3654 2762 πράξεων

2080 2779 2173 2831 τοῦ
2203 2764 2340 2844 υίού,
2374 2780 2620 2849 σεμνύνω
2659 2780 2750 2832 τὸν
2798 2780 3219 2850 γεννησάμενοψ
3272 2782 3363 2834 καὶ
3414 2781 3654 2835 κάτωθεν

2081 2869 2403 2940 ἀρξάμενος,
2423 2871 2515 2923 ἐπὶ
2533 2874 2604 2923 τά
2630 2868 2741 2925 ἄνω
2760 2872 3115 2942 παραπέμπω
3142 2872 3239 2943 τὴν
3265 2871 3441 2937 δόξαν,
3466 2873 3653 2945 ὥσπετ

2081 2961 2128 3011 οἱ
2158 2959 2337 3029 λύχνοι
2380 2961 2429 3013 οἱ
2480 2959 2694 3032 νύκτωρ
2736 2960 2802 3013 ὲκ
2840 2960 2935 3013 τοῦ
2976 2960 3204 3028 ἐδάφους
3253 2965 3380 3026 τοὺς
3424 2964 3656 3034 ὀρόφους

2082 3053 2422 3122 φωτίζοντες.
2478 3054 2703 3118 Ἡσαΐας
2742 3057 2841 3126 μὲν
2870 3053 2962 3111 οὖν
2987 3075 3118 3129 φησι
3149 3057 3529 3129 προφητεύων,
3571 3058 3663 3111 ὅτι

2080 3144 2224 3196 λίθον
2258 3146 2648 3216 ἁκρογωνιαῖον
2685 3149 2714 3199 ὁ
2746 3149 2936 3220 Πατὴρ
2963 3149 3125 3222 ἔθηκε
3175 3150 3266 3204 τὸν
3294 3151 3443 3213 Υἱὸν,
3490 3151 3653 3204 ἐνδει-

2077 3235 2699 3311 κνύμενος,ὡςήπᾶσα
2750 3238 2846 3294 τοῦ
2894 3241 3099 3312 κόσμου
3147 3240 3406 3305 σύστασις
3451 3244 3656 3297 ἐκεῖνον

2080 3327 2193 3398 ἔχει
2223 3328 2321 3399 τὴν
2352 3329 2513 3401 ἕδραν
2550 3331 2644 3383 καὶ
2675 3330 2773 3402 τὴν
2803 3332 3062 3404 κρηπῖδα.
3128 3333 3186 3386 '0
3238 3332 3296 3384 δὲ
3343 3335 3653 3404 Μονογενὴς

2078 3419 2267 3484 πάλιν,
2322 3418 2504 3484 καθὼς
2553 3423 2613 3476 ὲν
2670 3421 3024 3491 Εὐαγγελίοις
3061 3423 3524 3495 φησὶν,’θεμέλιον
3565 3425 3654 3477 τὸν

2081 3512 2287 3584 Πέτρον
2341 3512 2597 3583 ὀνομάζει
2631 3514 2728 3582 τῆς
2772 3514 3123 3584 Ἐκκλησίας,
3170 3514 3255 3591 Σὺ
3310 3510 3371 3568 εἴ
3413 3515 3653 3583 Πέτρος,

2079 3604 2175 3657 καὶ
2199 3603 2300 3656 ἐπὶ
2331 3604 2515 3673 ταύτῃ
2539 3603 2615 3673 τῇ
2636 3604 2822 3673 πέτρᾳ
2843 3604 3216 3674 οἰκοδομήσω
3234 3623 3354 3675 μου
3382 3607 3497 3673 τὴν
3535 3608 3652 3660 Ἐκ-

2081 3695 2361 3761 κλησίαν.
2391 3693 2611 3765 Πρῶτος
2639 3694 2749 3765 γὰρ
2774 3694 2991 3764 ἀληθῶς
3016 3690 3193 3759 οὗτος,
3237 3696 3426 3769 ῶσπερ
3462 3716 3548 3762 τις
3580 3699 3651 3750 λίο

2081 3784 2172 3849 θος
2219 3785 2393 3855 μέγας
2438 3785 2531 3838 καὶ
2577 3785 2845 3857 καρτερὸς
2881 3787 3139 3859 ἐνεῤῥίφη
3187 3791 3251 3859 τῇ
3309 3788 3403 3842 τοῦ
3449 3789 3653 3859 κόσμου

2078 3875 2266 3929 τούτου
2299 3876 2589 3947 κοιλότητι,
2621 3878 2655 3947 ἢ
2685 3880 2750 3948 τῇ
2797 3877 3001 3931 κοιλάδι
3031 3878 3124 3932 τοῦ
3153 3880 3530 3951 κλαυθμῶνος,
3568 3882 3651 3944 κῶς

2080 3984 2245 4039 φησιν
2273 3969 2301 4021 ὁ
2337 3969 2519 4021 Δαϐίδ’
2548 3969 2633 4022 ἵνα
2664 3970 2872 4030 πάντας
2892 3971 3254 4042 Χριστιανοὺς
3275 3972 3651 4040 ὲποικοδομου-

2082 4060 2275 4128 μένους
2322 4059 2613 4130 βαστάσας,
2670 4060 2919 4132 ἀναγάγῃ
2981 4062 3117 4133 πρὸς
3176 4062 3238 4116 τὸ
3288 4063 3440 4132 ὕψος,
3482 4064 3510 4115 δ
3556 4064 3654 4133 τῆς

2078 4150 2292 4214 ἐλπίδος
2314 4153 2347 4221 ἡ
2358 4151 2472 4222 μῶν
2503 4153 2650 4205 ἐστιν
2684 4154 3018 4225 οἰκητήριον.
3050 4155 3517 4224 Θεμέλιογ-ἇλλο
3557 4159 3655 4210 οὐ·

2078 4240 2197 4307 δεὶς
2230 4243 2479 4295 δύναται
2507 4242 2715 4308 θεῖναι,
2747 4245 2906 4315 παρὰ
2929 4245 3035 4298 τὸν
3064 4247 3360 4316 “meror,
3384 4247 3453 4313 ὅς
3484 4248 3656 4301 ἐστιν

2093 4333 2329 4400 Ἰησοῦς
2379 4335 2648 4402 Χριστός.
2710 4336 2787 4407 Τῇ
2826 4337 2989 4408 ὁμοίᾳ
3034 4337 3091 4390 δὲ
3133 4338 3326 4408 κλήσει
3378 4340 3408 4390 ὀ
3461 4340 3655 4409 Σωτὴρ

409 4431 733 4501 disripulum
778 4429 1169 4485 honestandum
1201 4429 1374 4494 duxit,
1425 4429 1710 4483 nominans
1734 4426 1855 4481 fidei
1891 4442 1980 4495 pe-

2081 4427 2110 4496 ἡ
2121 4423 2236 4495 μῶν
2264 4428 2357 4478 καὶ
2386 4425 2478 4479 τὸν
2507 4426 2719 4497 πρῶτον
2766 4427 2928 4480 αὐτοῦ
2959 4429 3207 4500 μαθητὴν
3249 4429 3651 4499 κατεκόσμησε,

411 4537 570 4578 tram.
602 4522 704 4577 Per
735 4521 951 4576 Petrum
989 4535 1138 4591 ergo,
1171 4536 1356 4576 verum
1409 4516 1477 4575 ac
1512 4514 1721 4575 ﬁdelem
1762 4521 1978 4590 pietatis

407 4618 677 4671 doctorem
730 4613 1001 4677 eﬁ‘cctum,
1040 4611 1403 4666 Ecclesiarum
1438 4613 1647 4668 stabilis
1675 4612 1976 4682 inllexaque

408 4706 637 4761 ﬁrmitas
665 4704 928 4757 consistit.
974 4701 1111 4756 Justi
1160 4717 1321 4770 porro
1360 4703 1716 4759 aediﬁcatione
1748 4704 1972 4758 radicati

414 4806 646 4856 stamus,
679 4792 768 4862 qui
799 4792 865 4844 ab
903 4803 1026 4845 ortu
1055 4791 1183 4846 solis
1216 4793 1282 4845 ad
1318 4807 1488 4859 usque
1503 4808 1755 4849 occasum
1787 4809 1972 4850 sumus

409 4882 722 4941 Christiani.
773 4881 957 4944 Plane,
993 4896 1115 4935 cum
1171 4897 1201 4933 a
1257 4892 1499 4950 tempore
1546 4885 1971 4940 annuntiationis

405 4975 747 5043 evangelicae,
785 4974 961 5028 multa:
991 4973 1316 5028 increverint
1354 4975 1699 5042 tentationes,
1730 4977 1969 5046 tyrannis

405 5081 510 5136 que
557 5081 657 5121 nos
702 5066 1142 5128 innumerabiles,
1213 5081 1274 5120 ac
1326 5064 1432 5119 illis
1475 5066 1643 5135 prior,
1691 5068 1967 5132 diabolus,

407 5157 644 5210 funditus
678 5157 986 5221 destruere,
1038 5168 1201 5227 atque
1242 5173 1273 5210 a
1327 5157 1690 5213 fundamentis
1728 5170 1975 5214 evertere

406 5249 587 5303 conati
655 5248 763 5303 sint
790 5267 803 5303 :
834 5248 1190 5303 decurrerunt
1235 5247 1454 5302 ﬁumina
1492 5249 1635 5303 velut
1671 5261 1974 5318 terrentes,

406 5341 580 5410 inquit
614 5341 847 5395 salubris
884 5356 948 5396 ac
996 5356 1147 5395 sacra
1200 5342 1473 5412 Scriptura
1503 5345 1580 5407 ’7‘;
1632 5346 1975 5399 vehementes

405 5433 791 5488 diabolicorum
822 5433 1106 5503 spirituum
1141 5436 1283 5489 venti
1335 5437 1639 5499 irruerunt;
1678 5436 1881 5504 copiosi
1909 5452 1973 5488 ac

474 5629 523 5702 ff
551 5629 567 5682 l
600 5630 730 5702 Reg.
766 5648 829 5695 tt,
861 5632 931 5685 12
966 5649 1085 5702 sqq.
1187 5638 1232 5669 ⁶⁸
1265 5639 1386 5692 Act.
1423 5655 1532 5701 xvr,
1576 5643 1624 5695 l.

1734 5642 1778 5712 ξ’
1817 5642 1858 5694 ΙΙ
1893 5643 2029 5712 Reg.
2083 5661 2170 5709 xv,

2078 4516 2288 4586 ηπέτραν
2339 4516 2608 4585 ὀνομάσας
2666 4518 2764 4587 τῆς
2816 4518 3070 4581 πίστεως.
3094 4518 3192 4571 Διὰ
3217 4520 3422 4589 Πέτρον
3451 4514 3651 4581 τοίνυν,

2081 4606 2328 4661 ἄπτωτον
2354 4608 2457 4660 ⁴καὶ
2480 4607 2702 4670 ante;
2757 4609 2816 4661 τὸ
2848 4609 2956 4662 τῶν
3020 4610 3357 4682 Ἐκκλησιῶν
3405 4611 3652 4682 ἒδρασμα

2080 4699 2331 4764 σώζεται,
2363 4701 2583 4772 γνήσιον
2601 4701 2693 4753 καὶ
2723 4702 2911 4754 πιστὸν
2938 4702 3226 4773 γενόμενον
3254 4704 3354 4774 τῆς
3373 4702 3650 4767 εὐσεϐείας

2081 4796 2457 4864 μυσταγωγὸν.
2484 4797 2583 4849 Διὰ
2604 4796 2702 4867 τὴν
2741 4796 3025 4867 οἰκοδομὴν
3043 4797 3098 4849 δὲ
3132 4797 3225 4851 τοῦ
3253 4798 3458 4851 δικαίου
3488 4800 3652 4868 ἑστή-

2081 4903 2257 4957 καμεν
2286 4887 2663 4959 ἐρριζωμένοι,
2699 4891 2748 4942 οἱ
2788 4890 2895 4941 ἀπὸ
2919 4890 3231 4960 ἀνίσχοντος
3254 4891 3430 4961 ἡλίου,
3488 4891 3651 4961 μέχρι

2079 4982 2173 5033 καὶ
2202 4981 2484 5051 δυομένου,
2517 4984 2852 5053 Χριστιανοί.
2883 4983 3102 5038 Πολλῶν
3131 4982 3186 5036 δὲ
3211 4983 3531 5054 πειρασμῶν
3566 5000 3650 5036 κι-

2078 5071 2363 5141 νηθέντων,
2397 5074 2488 5140 ἀφ’
2521 5069 2582 5126 οὗ
2621 5076 2931 5145 κατηγγέλη
2956 5075 3017 5128 τὸ
3043 5075 3386 5144 Εὐαγγέλιον,
3416 5074 3511 5126 καὶ
3547 5092 3650 5144 μυ·

2075 5162 2210 5234 ρίων
2235 5165 2529 5236 τυράννων*
2563 5166 2658 5219 καὶ
2707 5167 2814 5238 πρὸ
2851 5167 3095 5230 ἐκείνων,
3127 5166 3219 5220 τοῦ
3265 5166 3511 5219 διαόόλου
3545 5185 3650 5221 κα-

2074 5256 2340 5326 ταστῆσαι
2366 5257 2694 5330 θελήσαντος
2726 5261 2806 5323 είς
2838 5259 3053 5329 ἔδαφος,
3098 5260 3191 5313 καὶ
3230 5259 3475 5313 καθελεῖν
3504 5262 3650 5331 ἡμᾶς

2076 5347 2257 5411 αὐτοῖς
2281 5352 2712 5423 κρηπιδήμασιν’
2746 5351 3014 5422 ἕρῤευσαν
3048 5351 3145 5421 μὲν
3177 5353 3226 5404 οἱ
3273 5351 3530 5421 ποταμοὶ,
3578 5351 3648 5414 ὥς

2075 5454 2237 5510 φησιν
2271 5445 2298 5494 ὁ
2331 5447 2597 5516 σωτήριος
2627 5445 2803 5513 λόγος.
2847 5444 2924 5506 ὡς
2972 5445 3283 5515 χείμαρροι,
3333 5442 3554 5514 σφοδροὶ
3597 5444 3649 5496 δὲ

2541 5649 2585 5680 ⁶⁶
2616 5647 2776 5700 Joan.
2807 5661 2846 5712 ι,
2882 5647 2968 5702 42.
3079 5647 3122 5677 ⁶⁷
3152 5647 3256 5701 lsa.
3308 5661 3498 5711 xxvm,
3552 5646 3646 5703 16.

2235 5647 2254 5696 l
2309 5663 2429 5713 sqq.

352 5694 355 5695 ⁷
407 5697 450 5727 ⁸⁸
480 5694 929 5768 Μάιιιι.⁷κγι,ί18.
1009 5694 1063 5737 δ”
1088 5706 1236 5760 Psal.
1273 5723 1495 5773 nutu,
1523 5694 1591 5764 '7.
1656 5711 1701 5742 "
1733 5711 1755 5766 1
1784 5694 1980 5768 Comiti

2081 5694 2170 5770 ll.’
2239 5694 2282 5747 θλ
2310 5694 2516 5774 didici.
2545 5694 2768 5784 rure—it
