4070 6142
409 265 517 321 9.69

1302 267 1575 325 HOMILl.\
1620 268 1749 325 Vlll.
1784 269 1848 323 IN
1886 269 1982 324 SS.
2030 269 2310 327 PETRUM
2342 270 2432 325 ET
2472 270 2777 326 PAULUM.

3559 275 3666 328 270

407 384 605 454 ἄνεμοι
631 383 742 436 τῶν
774 383 1095 439 διαόολικῶν
1130 348 1457 457 πνευμάτων
1483 388 1841 460 προσέϐαλον,
1870 388 1987 443 λιιῦ⁴

2104 390 2349 445 immensi
2378 392 2819 461 persequentium
2868 390 3209 446 Christianos
3248 391 3448 446 imbres
3472 392 3673 461 impetu

412 494 496 549 ροι
525 476 583 529 δὲ
603 477 752 529 ὑετοὶ
776 476 888 530 τῶν
920 476 1226 532 διωκόντων
1247 481 1610 552 Χριστιανοὺς
1644 485 1996 556 κατερράγη-

408 585 534 631 σαν,
565 567 660 622 καὶ
681 568 836 622 οὐδὲν
868 568 1217 641 ἰσχυρότερον
1242 568 1401 643 ὤφθη
1430 570 1523 625 τοῦ
1544 572 1687 625 κατά
1711 573 1843 628 Θεὸν
1875 575 1996 645 ὀχυ-

407 656 685 729 ρώματος·
725 657 911 729 ἐπειδὴ
970 661 1092 723 ταῖς
1134 658 1318 729 ἁγίαις
1346 661 1626 733 παλάμαις
1652 663 1747 716 τοῦ
1778 663 1995 734 πρώτου

405 749 517 805 τῶν
551 750 864 804 ἀποστόλων
895 751 1309 829 κατεσκευάσθη
1354 753 1414 807 τὸ
1457 754 1556 825 τῆς
1590 755 1826 820 πίστεως
1849 757 1997 809 οίκο-

405 842 655 914 δόμημα.
693 843 880 897 Ταῦτα
916 844 975 897 δὲ
1007 844 1204 913 λέγων,
1251 844 1360 898 ἔδει
1392 848 1436 878 ⁷¹
1466 847 1561 901 ἕνα
1588 846 1744 917 λόγον
1770 849 1871 919 τῆς
1916 850 1995 902 εὐ-

408 934 598 1002 λογίας
640 931 738 987 τοῦ
784 936 991 1005 πέτραν
1033 935 1124 989 τὸν
1174 937 1566 1011 εύαγγελῳτὴν
1605 941 1992 1011 ὀνομάσαντος.

413 1025 645 1097 Ἵδωμεν
680 1026 761 1091 δὲ,
789 1028 840 1079 εί
857 1026 1023 1094 δοκεῖ,
1048 1027 1169 1092 πῶς
1199 1028 1466 1101 ᾠκοδόμει
1488 1032 1713 1104 Πέτρος·
1741 1033 1802 1087 οὺ
1830 1033 1996 1098 λίθοις

409 1121 504 1173 καὶ
536 1119 802 1186 πλίνθοις,
853 1120 974 1174 οὐδὲ
1016 1124 1138 1185 ταῖς
1188 1123 1377 1187 άλλαις
1411 1122 1565 1189 ῦλαις
1593 1128 1719 1195 ταῖς
1741 1128 1992 1198 γεηραῖς·

408 1211 545 1265 ἀλλὰ
576 1211 759 1281 λόγοις
793 1212 891 1266 καὶ
945 1213 1231 1285 πράξεσιν,
1268 1209 1356 1278 αἷς
1382 1217 1667 1287 ἐνηργεῖτο
1693 1217 1842 1289 παρὰ
1900 1218 1993 1272 τοῦ

342 1342 347 1355 .
406 1303 749 1375 Πνεύματος.

476 1395 586 1451 Τοῦ
607 1396 789 1453 τοίνυν
817 1397 954 1452 Θεοῦ
986 1400 1079 1452 καὶ
1106 1399 1358 1472 Σωτῆρος
1383 1401 1537 1472 ήμῶν
1570 1402 1883 1467 ἀνελθόντος
1912 1406 1991 1468 εἰς

403 1486 691 1556 οὐρανοὺς,
730 1488 895 1558 ἡνίκα
928 1486 1027 1559 τὴν
1061 1488 1292 1560 νεφέλην
1339 1485 1453 1562 εἶχε
1477 1490 1685 1563 ὄχημα,
1718 1492 1828 1546 τῶν
1850 1494 1989 1547 ἀποο

402 1578 612 1631 στόλων
641 1577 968 1648 βλεπόντων,
997 1571 1154 1642 οὗτος
1185 1581 1214 1633 ό
1242 1581 1385 1653 ἀνὴρ
1418 1582 1743 1638 ἀντελάϐετο
1769 1585 1869 1655 τῆς
1896 1585 1991 1639 τοῦ

402 1669 744 1740 Εύαγγελίου
775 1664 1142 1736 διδασκαλίας·
1178 1674 1272 1728 καὶ
1308 1674 1417 1747 πρὸ
1450 1660 1684 1731 ’πάντων
1736 1678 1846 1732 τῶν
1886 1695 1993 1733 κοι-

2102 483 2459 550 deﬂuxerunt,
2511 498 2611 537 nec
2638 485 2931 557 quidquam
2981 494 3158 539 tamen
3190 484 3373 540 divino
3404 486 3672 554 potentius

2100 575 2270 629 visum
2299 584 2381 629 est
2412 576 2742 643 munimine;
2770 577 2911 647 quod
2951 576 3206 632 nimirum
3240 576 3359 632 ﬁdei
3391 576 3673 632 aediﬁcatio

2099 665 2269 718 sacris
2297 665 2454 732 primi
2489 666 2854 732 apostolorqu
2888 667 3136 722 manibus
3180 676 3459 733 exstructa
3506 676 3671 722 esset.

2101 751 2225 808 llaec
2264 769 2425 823 porro
2459 755 2681 809 dicenda
2724 756 2910 819 habui,
2937 741 3009 811 ob
3040 757 3189 811 illum
3231 773 3397 812 unum
3449 757 3672 811 verbum

2097 845 2491 902 benedictionis
2513 848 2648 917 ejus,
2674 848 2766 917 qui
2789 850 3172 921 evangelistam
3202 866 3266 906 ac
3288 866 3501 925 sacrum
3536 864 3676 920 pra:-

2054 1014 2055 1017 ‘
2097 950 2309 1003 conem,
2346 948 2567 1015 petram.
2609 941 2956 1008 nuncupavit.
3012 942 3301 998 Videamus
3354 951 3573 1007 autem,
3626 940 3671 995 si

2097 1027 2265 1094 lubet,
2301 1044 2406 1099 qua
2442 1028 2635 1085 Petrus
2679 1032 2890 1089 ratione
2918 1033 3300 1101 aediﬁcaverit;
3330 1051 3435 1089 non
3481 1032 3674 1103 lapidi-

2097 1121 2198 1176 bus
2226 1119 2620 1192 lateribusque,
2656 1123 2738 1178 vel
2760 1123 2863 1178 alia
2901 1133 3113 1180 terrena
3144 1127 3402 1191 materia,
3430 1127 3524 1181 sed
3552 1140 3668 1181 ser-

2098 1214 2346 1268 monibus
2378 1228 2441 1269 ae
2478 1215 2805 1280 actionibus,
2849 1231 2984 1285 quas
3004 1215 3236 1289 Spiritus
3263 1214 3554 1274 exercebat
3588 1215 3673 1269 in-

2096 1304 2313 1359 stiuctu.

2168 1395 2303 1452 Cum
2338 1396 2480 1452 Deus
2524 1397 2706 1475 itaque
2760 1414 2824 1454 ac
2879 1399 3127 1455 Salvator
3177 1392 3361 1454 noster
3407 1400 3460 1453 in
3505 1398 3675 1453 caelos

2106 1489 2459 1555 ascendisset,
2490 1491 2706 1561 quando
2746 1493 3008 1561 apostolis
3037 1491 3404 1562 spectantibus
3430 1491 3601 1545 nubes
3623 1491 3675 1546 ei

2097 1580 2401 1635 vehiculum
2436 1581 2576 1637 facta
2612 1591 2715 1649 est,
2746 1583 2829 1636 vir
2881 1583 2981 1638 iste
3012 1584 3238 1639 docendi
3276 1592 3461 1654 partes
3502 1583 3675 1635 Evan-

2095 1672 2216 1741 gelii
2248 1675 2525 1744 suscepit;
2567 1684 2731 1745 atque
2761 1676 2926 1731 sociis
2951 1676 3202 1731 onmibus
3231 1676 3397 1747 prior,
3432 1690 3532 1746 pro
3559 1675 3672 1744 epi-

403 1763 589 1816 νωνῶν
619 1764 718 1834 τῆς
744 1764 1050 1835 ἐπισκοπῆς
1070 1764 1288 1843 ἀνοίξας
1310 1766 1373 1820 τὸ
1404 1767 1602 1840 στόμα,
1627 1768 1737 1822 τῶν
1763 1769 1987 1826 λυσσών-

2101 1765 2245 1832 scopi
2308 1780 2370 1820 ac
2416 1767 2689 1835 praepositi
2736 1782 2956 1824 munere
2997 1784 3059 1824 os
3113 1768 3384 1838 aperiens,
3424 1766 3675 1822 audentis

399 1875 510 1911 των
541 1857 687 1911 κατὰ
740 1857 844 1928 τῆς
898 1858 1180 1924 εὐσεϐείας
1218 1861 1598 1935 κατεθάρσησε
1647 1864 1858 1937 δήμων,
1901 1868 1987 1922 καὶ

2097 1855 2259 1910 animi
2293 1856 2661 1913 fortitudinem
2711 1870 2897 1916 contra
2944 1863 3170 1931 populos
3200 1862 3460 1916 adversus
3504 1860 3673 1931 pieta-

399 1952 716 2024 δημηγόρος
742 1953 988 2024 ἀνεφάνη
1016 1954 1201 2024 σοφὸς,
1237 1957 1295 2009 ὲν
1347 1957 1499 2030 μέσῳ
1535 1958 1644 2012 τῶν
1670 1958 1845 2013 ὲθνῶν
1897 1961 1987 2016 καὶ

2098 1955 2202 1999 tem
2240 1945 2502 2015 furentes,
2546 1951 2811 2017 ostendit;
2846 1966 2909 2006 ac
2961 1952 3178 2023 sapiens
3224 1959 3411 2007 orator
3445 1950 3498 2005 in
3554 1965 3672 2005 me-

398 2045 496 2098 τοῦ
534 2045 775 2118 Ἰσραήλ·
804 2046 976 2100 ἐθνῶν
1009 2046 1327 2106 άκονὼντων
1354 2050 1480 2114 τοὺς
1501 2050 1741 2116 ὀδόντας,
1774 2054 1869 2107 καὶ
1902 2053 1995 2107 θυ-

401 2137 511 2208 μοῦ
551 2136 970 2209 πληρουμένων,
996 2140 1147 2204 εἴτις
1174 2142 1264 2195 τὸν
1304 2142 1506 2215 Ἰησοῦν
1519 2145 1994 2216 ὀνομάσειε.⁶Ὠστε

395 2229 462 2281 τὸ
481 2230 565 2291 είς
592 2229 687 2281 τὸν
738 2229 945 2300 Κύριον
979 2231 1132 2303 παρά
1156 2232 1256 2301 τῆς
1288 2235 1625 2305 προφητείας
1655 2235 1865 2308 λεχθὲν,
1891 2239 1992 2309 ἀρ-

401 2320 592 2390 μόζειν
623 2320 765 2374 πάνυ
795 2322 891 2375 καὶ
919 2322 1131 2394 Πέτρῳ,
1163 2324 1245 2389 τὸ,
1263 2327 1763 2395 Περιεκύκλωσάν
1784 2347 1863 2398 με
1890 2330 1993 2383 κύ-

398 2428 507 2476 νες
534 2412 777 2466 πολλοί·
830 2412 1038 2481 ταῦροι
1084 2414 1293 2482 πίονες
1347 2417 1672 2488 περιέσχον
1710 2436 1806 2489 με.
1851 2419 1992 2473 Ἀλλ’

398 2506 554 2574 ὅμως
581 2503 721 2564 ζέων
741 2502 821 2575 τῷ
875 2503 1176 2575 Πνεύματῖ,
1206 2507 1303 2559 καὶ
1328 2506 1429 2578 τὴν
1475 2509 1697 2579 ἐντολὴν
1730 2509 1992 2581 ἀνεπίλη-

407 2614 534 2650 στον
562 2596 774 2663 σώζων,
802 2598 904 2668 τὴν
930 2598 1195 2653 εἰποῦσαν
1240 2598 1411 2669 αὐτῷ·
1447 2602 1646 2655 Βόσκε
1695 2600 1768 2654 τὰ
1813 2602 1994 2670 ἀρνία

374 2690 540 2759 ⁸ιιου·
584 2689 719 2754 στας
769 2691 851 2753 εἰς
876 2689 1048 2761 δῆμον
1094 2690 1399 2763 σύμμικτον
1446 2693 1511 2746 ὲκ
1562 2692 1768 2766 μυρίων
1800 2692 1990 2758 ἐθνῶν,

398 2781 554 2835 ἐϐόα·
594 2781 845 2851 ’Ἄνδρες
888 2782 1180 2851 Ἰουδαῖοι,
1214 2783 1314 2837 καὶ
1352 2787 1406 2838 οῖ
1437 2785 1860 2852 κατοικοῦντες
1896 2787 1991 2840 Ἰε-

396 2871 721 2941 ρουσαλὴμ
775 2871 1060 2938 ἅπαντες.
1095 2874 1206 2927 Καὶ
1260 2874 1349 2928 ἵνα
1408 2876 1483 2947 μὴ
1534 2876 1986 2948 μακρολογῶμεν,

398 2965 585 3017 πᾶσαν
620 2965 719 3036 τὴν
760 2965 922 3037 ῥῆσιν
946 2966 1303 3039 συνείροντες,
1330 2970 1717 3041 ἀπομέμνηται
1746 2969 1855 3024 τῶν
1896 2956 1986 3024 λά-

398 3055 535 3121 γίων
565 3055 660 3109 τοῦ
706 3056 878 3128 Ἰωὴλ,
927 3057 1282 3128 προφητεύων
1308 3060 1377 3090 ⁷⁸·
1413 3060 1513 3131 τὴν
1545 3059 1640 3113 τοῦ
1670 3060 1987 3132 Πνεύματος

401 3146 767 3217 ὲπιφοίτησιν·
805 3145 1017 3202 ἐκεῖθεν
1050 3148 1144 3200 ἐπὶ
1171 3148 1264 3201 τὸν
1312 3149 1478 3204 Δαϐὶδ
1509 3150 1846 3221 μεταϐαίνει.
1891 3153 1986 3205 καὶ

398 3238 495 3291 τὸν
537 3239 1021 3293 πεντεκαιδέκατον
1072 3240 1285 3312 ψαλμὸν
1322 3241 1719 3313 παραθέμενος,
1779 3244 1987 3313 βεϐαιοῖ

398 3327 500 3397 τὴν
519 3328 835 3382 ἀνάστασιν·
865 3330 1071 3384 καὶτὸν
1090 3331 1270 3385 πάντα
1290 3332 1448 3400 λόγον
1496 3350 1561 3385 συ
1569 3351 1679 3403 μπε
1688 3336 1985 3407 ρανάμενος

397 3422 459 3475 ὲν
494 3421 660 3492 σοφίᾳ
717 3421 892 3490 λόγων
943 3424 1037 3476 καὶ
1078 3423 1357 3495 μαρτυρίᾳ
1400 3424 1588 3494 νόμου,
1646 3425 1807 3491 εὐθὺς
1859 3430 1984 3493 τοὺς

396 3513 680 3583 ἀκροατὰς
717 3515 1048 3585 ἐπηγάγετο.
1110 3516 1171 3570 οὐ
1218 3515 1372 3579 δέκα,
1423 3517 1544 3570 οὐδὲ
1598 3518 1812 3572 ἑκατόν·
1863 3520 1985 3574 οὐδὲ

395 3605 543 3677 τρὶς,
571 3606 606 3679 ἦ
646 3607 907 3671 πεντάκις
941 3607 1250 3672 τοσούτους·
1282 3608 1419 3662 ἀλλᾶ
1446 3612 1595 3682 τρεῖς
1621 3611 1863 3681 χιλιάδας
1892 3615 1985 3667 ἀν·-

392 3696 562 3770 δρῶν,
598 3699 932 3771 Ἐκκλησίας
958 3699 1254 3772 πλήρωμα,
1280 3686 1453 3772 δῆμον
1510 3702 1633 3755 ὅλον
1671 3704 1853 3758 ἱκανὸν
1884 3722 1985 3759 κα-

391 3790 671 3861 ταπλῆξαι
714 3792 842 3855 τοὺς
883 3791 1189 3862 δυσμενεῖς,
1233 3784 1309 3845 ὧν
1340 3792 1733 3864 ἀπερράγησαν
1766 3795 1980 3868 ἀθρόον.

396 3884 465 3936 Ὦ
506 3882 733 3946 πειθοῦς
766 3882 1057 3955 φάρμακον
1107 3883 1309 3954 θερμὸν
1361 3885 1457 3938 καὶ
1507 3884 1787 3958 διάπυρον,
1818 3888 1985 3954 ὀξέως

390 3974 505 4027 τῶν
532 3973 723 4046 ψυχῶν
761 3975 1184 4045 καθαψάμενονῑ
1229 3974 1274 4028 ὣ
1306 3976 1467 4045 σοφία
1503 3975 1773 4045 θεολόγος,
1802 3981 1983 4034 πᾶσαν

392 4068 593 4136 σοφίαν
654 4066 1003 4139 ἀνθρωπίνην
1057 4067 1378 4139 καλύψασαε
1432 4070 1497 4122 Τί
1560 4070 1771 4139 λέγετε,
1803 4073 1853 4125 οἱ
1892 4072 1984 4126 τὸν

390 4158 754 4232 Δημοσθένην
800 4159 1194 4230 στεφανοῦντες
1234 4161 1378 4214 κατὰ
1432 4162 1699 4233 ῥητόρων,
1744 4164 1839 4216 καὶ
1893 4165 1996 4218 τὸν

389 4250 699 4320 Σωκράτην
744 4250 1110 4321 ἀνυμνοῦντες
1164 4253 1222 4304 ἐν
1260 4252 1602 4322 φιλοσόφοις;
1633 4254 1984 4325 Δημοσθένης

394 4343 499 4414 μὲν
527 4342 660 4414 γὰρ,
684 4345 711 4396 ὁ
745 4342 841 4414 τὴν
874 4342 1171 4415 ῥητορικὴν
1196 4345 1492 4422 μέγαςχοιὶ
1524 4345 1981 4418 πολυθρύλλητος,

390 4434 654 4487 τοσοῦτον
673 4435 868 4505 ἀπεῖχε
899 4433 993 4487 τοῦ
1026 4436 1151 4505 περὶ
1183 4428 1258 4489 ὧν
1289 4422 1538 4489 ἐϐούλετο
1564 4438 1790 4505 πείθειν,
1841 4439 1983 4495 ὥστε

2091 4431 2291 4499 quique
2319 4430 2600 4486 Socratem
2629 4429 2865 4483 laudatis
2917 4430 3057 4482 inter
3088 4428 3475 4497 philosophos?
3516 4428 3664 4482 Tan-
3710 4478 3711 4483 η
3769 4463 3776 4469 -

393 4524 493 4577 καὶ
520 4523 791 4595 ἐξωρίσθη
811 4524 913 4594 τῆς
941 4522 1149 4587 πόλεως
1190 4522 1341 4594 παρά
1387 4522 1494 4578 τῶν
1522 4524 1828 4596 ἀκροατῶν·
1865 4528 1980 4581 Σω-

392 4614 611 4685 κράτης
638 4614 719 4676 δὲ,
770 4613 880 4666 τῶν
906 4612 1118 4666 πολλῶν
1147 4614 1284 4684 πρὸς
1325 4614 1638 4685 Ἀθηναίους
1667 4615 1860 4686 λόγων,
1887 4620 1982 4673 καὶ

389 4704 504 4757 τῶν
557 4705 739 4775 σοφῶν
790 4706 1100 4773 διαλέξεων,
1132 4707 1327 4771 τέλος,
1392 4707 1452 4760 τὸ
1489 4707 1711 4763 κώνειον
1758 4710 1977 4781 εὕρατο,

390 4796 548 4867 παρὰ
587 4795 684 4849 τοῦ
732 4796 896 4867 χοροῦ
935 4796 1044 4850 τῶν
1078 4796 1336 4868 μαθητῶν
1371 4798 1669 4866 φονευθείς·
1726 4801 1978 4857 τοσοῦτον

390 4888 559 4941 αὐτὸν
594 4889 795 4960 περιῆν
837 4889 936 4959 τῆς
960 4887 1056 4942 τοῦ
1107 4888 1316 4942 πείθειν
1350 4889 1653 4961 δυνάμεως.
1690 4892 1895 4963 Πέτρος
1920 4893 1977 4947 δὲ

387 4981 418 5032 ὁ
466 4979 675 5042 ἁλιεὺς,
712 4980 759 5031 ,ό
811 4980 1179 5051 χειροτέχνης,
1203 4982 1232 5033 ὁ
1259 4979 1497 5052 ἀμαθὴς,
1529 4984 1557 5036 ὁ
1583 4984 1691 5036 πᾶν
1724 4983 1861 5056 ὅπερ
1910 4982 1977 5036 ἂν

389 5070 552 5142 ἐθέλῃ
583 5089 671 5135 τις
700 5071 977 5140 φαυλίζων
1004 5071 1209 5134 καλεῖν,
1244 5075 1303 5124 ὲν
1348 5074 1449 5143 μιᾷ
1504 5072 1666 5141 λόγου
1699 5074 1973 5146 προσϐολῇ

389 5163 723 5233 τρισχιλίους
763 5162 965 5233 ἄνδρας
1009 5162 1302 5235 θηρεύσας,
1357 5163 1587 5234 βεϐαίως
1654 5166 1972 5238 μετέστησε·

389 5261 484 5312 καὶ
507 5260 700 5323 ταῦτα,
721 5259 1254 5330 δυσανασχετοῦντας
1281 5260 1375 5313 καὶ
1426 5260 1836 5325 στασιάζοντας,
1886 5262 1981 5315 καὶ

386 5354 451 5407 ού
508 5354 935 5425 συγχωροῦντας
1000 5354 1150 5424 αὐτῷ
1220 5354 1318 5425 τὴν
1393 5355 1571 5425 ἀρχὴν
1630 5354 1857 5426 διαιρεῖν
1921 5356 1982 5408 τὸ

387 5463 587 5519 στομα.

2095 2032 2186 2087 dio
2233 2036 2476 2103 gentium
2542 2051 2606 2092 ac
2659 2036 2877 2094 lsraelis
2940 2040 3174 2107 enituit;
3230 2042 3512 2110 gentium,
3571 2040 3673 2093 iu-

2096 2140 2288 2191 quam,
2339 2128 2647 2184 acuentium
2708 2130 2937 2198 linguas,
2986 2149 3214 2205 qttthtte
3268 2134 3387 2200 ira,
3442 2143 3500 2186 ut
3552 2134 3675 2202 quis

2101 2212 2288 2269 .Iesum
2350 2219 2704 2283 nominasset,
2748 2221 3120 2291 implerentur.
3161 2224 3236 2279 Ita
3267 2240 3400 2279 sane
3438 2232 3490 2280 ut
3528 2239 3672 2296 quod

2100 2321 2128 2358 a
2189 2305 2460 2377 Propheta
2515 2311 2565 2365 in
2624 2310 2830 2366 Domini
2875 2328 3103 2381 persona
3169 2316 3369 2369 dictum
3420 2326 3541 2380 est,
3577 2316 3675 2371 Pe-

2098 2407 2180 2451 tro
2207 2412 2420 2469 quoque
2465 2400 2751 2456 admodum
2801 2415 3124 2475 congrueret
3155 2423 3169 2460 :
3202 2405 3671 2464 Circumdederunt

2095 2506 2176 2543 me
2207 2507 2363 2545 canes
2411 2493 2603 2556 mulli;
2648 2498 2787 2549 lauri
2834 2498 3052 2567 pingues
3079 2499 3383 2555 obsederunt
3416 2519 3496 2556 me
3521 2503 3599 2568 ⁷³;
3629 2505 3674 2557 is

2099 2592 2278 2637 tamen
2341 2581 2546 2651 Spiritu
2591 2585 2821 2652 fervens,
2863 2588 3080 2657 altaque
3134 2593 3388 2645 memoria
3429 2593 3555 2649 illttd
3604 2599 3671 2649 ad

2094 2674 2267 2744 ipsum
2303 2674 2514 2731 Domini
2540 2680 2851 2731 mandatum
2879 2682 3135 2745 retinens,
3160 2698 3266 2753 quo
3290 2682 3388 2737 fuit
3418 2686 3619 2741 dictum
3652 2708 3666 2742 :

2095 2765 2261 2820 Pasce
2291 2784 2454 2837 agnas
2479 2785 2617 2823 meos
2649 2769 2726 2837 "*;
2762 2779 2913 2825 stans
2960 2772 3012 2826 iu
3053 2776 3361 2841 promiscua
3391 2794 3458 2831 ex
3505 2777 3669 2833 imm-

2092 2859 2441 2915 merabilibus
2490 2862 2743 2930 gentibus
2797 2863 3159 2929 multitudine,
3193 2868 3502 2925 clamabat:
3557 2870 3672 2927 Viri

2086 2948 2290 3016 Juda'i,
2321 2963 2367 3006 et
2389 2954 2478 3023 qui
2506 2954 2753 3009 habitatis
2783 2954 3114 3011 Hierusalem
3133 2961 3360 3017 universi
3377 2963 3442 3017 ⁷⁵.
3482 2966 3563 3018 Ae
3604 2982 3670 3020 ne

2093 3043 2265 3099 locum
2295 3054 2464 3101 totum
2496 3048 2878 3103 subnectentes
2928 3050 3202 3122 longiores
3239 3055 3430 3126 simus,
3473 3059 3526 3113 in
3556 3076 3668 3113 nte-

2092 3139 2319 3193 moriam
2352 3151 2568 3194 revocat
2608 3140 2775 3196 Joelis
2821 3146 3057 3211 oracula,
3088 3149 3434 3216 piaedicentis
3475 3152 3666 3219 spiritu

2088 3228 2403 3295 prophetico
2427 3227 2663 3299 Spiritus
2684 3232 2967 3288 adventum
2994 3252 3007 3289 :
3039 3247 3149 3291 tum
3182 3220 3375 3294 transit
3403 3241 3467 3293 ad
3504 3243 3666 3298 Davi-

2089 3319 2231 3382 dem,
2253 3334 2313 3372 ac
2332 3334 2608 3390 exponens
2626 3322 2888 3392 psalmum
2908 3326 3153 3396 quintum
3178 3330 3668 3395 decimum,conﬂr-

2090 3412 2661 3468 matresurrectionem
2688 3434 2701 3469 :
2727 3416 2911 3486 sicque
2931 3433 3233 3475 sermonem
3264 3425 3572 3480 universum
3610 3428 3665 3482 in

2088 3502 2372 3558 verborum
2386 3504 2649 3574 sapientia
2664 3522 2725 3560 ac
2740 3506 2873 3578 legis
2890 3509 3194 3564 tesﬁmonia
3210 3512 3555 3581 concludens,
3570 3523 3666 3570 sta-

2089 3597 2182 3651 tim
2210 3607 2331 3667 post
2346 3613 2404 3652 se
2428 3598 2590 3653 traxit
2609 3598 2919 3663 auditores;
2952 3617 3056 3656 non
3077 3592 3282 3669 decem,
3304 3615 3665 3672 auteeutum;
3763 3612 3772 3623 ‘

2089 3689 2168 3744 vel
2201 3691 2366 3744 etiam
2401 3700 2483 3744 ter
2510 3699 2673 3746 autve
2701 3692 2987 3762 quinquies
3020 3702 3225 3759 tantos;
3262 3698 3389 3765 quin
3417 3698 3541 3754 imo.
3568 3700 3665 3752 tria

2088 3782 2253 3836 millia
2309 3784 2585 3852 virorum;
2620 3784 2874 3839 Ecclesiae
2907 3797 3107 3840 emtum
3136 3803 3149 3849 ;
3199 3787 3466 3858 integrum
3498 3805 3666 3859 popu»

2087 3876 2195 3930 lum
2241 3878 2454 3933 abunde
2485 3878 2770 3932 habentem
2823 3878 3005 3932 hostes
3047 3878 3363 3948 pereellere,
3413 3896 3442 3932 a
3471 3881 3668 3948 quibus

2089 3970 2369 4040 repentina
2407 3971 2543 4026 adeo
2576 3972 2877 4026 mutatione
2915 3952 3139 4026 ab‘scissi
3169 3983 3369 4027 essent.
3408 3972 3451 4027 0
3490 3973 3669 4026 suadze.

2089 4063 2294 4117 fervida
2338 4076 2678 4131 accensaque
2715 4063 3092 4126 medicamina,
3136 4064 3347 4118 animos
3385 4064 3572 4118 intime
3602 4080 3666 4118 ac

2087 4155 2498 4226 penetrabiliter
2519 4155 2966 4225 perstringentia!
2991 4156 3034 4208 0
3056 4155 3234 4208 divina
3260 4155 3545 4223 sapientia,
3573 4156 3667 4209 hu-
3754 4196 3755 4199 η

2087 4261 2301 4301 manant
2329 4260 2545 4300 onmem
2577 4246 2897 4315 sapientiam
2921 4244 3243 4300 obscuratis!
3271 4244 3412 4311 Quid
3440 4246 3505 4298 ad
3528 4247 3662 4309 haec,

2085 4338 2176 4407 qui
2208 4326 2557 4392 Demostheni
2606 4352 2768 4405 supra
2807 4337 3051 4390 rhetores
3102 4335 3326 4390 defertis
3376 4334 3664 4391 lauream:

2096 4538 2206 4580 tum
2228 4525 2371 4580 enim
2406 4525 2579 4587 abest,
2622 4533 2682 4577 ut
2708 4539 2933 4594 magnus
2967 4523 3054 4576 ille
3086 4539 3149 4577 ac
3204 4521 3664 4576 celebratissimus

2089 4633 2187 4685 pro
2220 4617 2457 4685 oratoria
2510 4616 2797 4682 facultate,
2844 4632 2907 4670 ea
2944 4616 3279 4670 auditoribus
3310 4616 3662 4685 persuaserit,

2086 4726 2206 4779 quae
2238 4709 2420 4762 animo
2454 4708 2746 4764 constituta
2796 4718 3009 4772 essent,
3053 4717 3109 4761 ut
3139 4707 3302 4760 etiam
3351 4705 3419 4759 ab
3472 4705 3661 4760 iisdem

2088 4803 2220 4856 urbe
2253 4817 2318 4855 ac
2347 4800 2521 4870 patrio
2569 4799 2685 4855 solo
2713 4784 3026 4869 deportatus
3052 4799 3157 4863 sit;
3209 4799 3469 4853 Socrates
3510 4812 3659 4859 vero,

2086 4892 2318 4959 plurium
2349 4892 2562 4946 illorum
2594 4892 2660 4945 ad
2715 4892 3074 4945 Atheuienses
3116 4905 3448 4954 sermonum,
3482 4907 3545 4943 ac
3572 4907 3660 4943 sa-

2088 4985 2288 5053 pientia
2330 4984 2652 5039 refertarum
2708 4984 3127 5052 disputationum
3184 4980 3382 5045 finem,
3427 4982 3659 5035 cicutam

2088 5076 2313 5143 invenit,
2347 5060 2709 5131 intertieiente
2749 5076 3137 5145 discipulorum
3166 5078 3365 5139 choro,
3402 5084 3548 5129 tanta
3583 5076 3662 5128 ui-

2088 5170 2282 5222 mirnm
2315 5169 2550 5238 pollebat
2585 5169 2634 5221 vi
2664 5171 2863 5224 suadae.
2900 5170 2971 5222 At
3025 5168 3237 5235 Petrus,
3267 5171 3505 5238 piscator
3545 5170 3660 5231 ille,

2084 5261 2174 5315 ille
2199 5278 2453 5314 manuum
2478 5273 2592 5314 arte
2614 5261 2810 5315 victum
2837 5277 3106 5329 quaerens,
3154 5262 3240 5317 ille
3266 5263 3567 5332 imperitus,
3598 5277 3662 5314 ac
3714 5252 3726 5267 ”

2084 5354 2345 5422 quidquid
2379 5369 2475 5422 per
2504 5363 2869 5421 contemptum
2912 5354 3045 5406 velis
3080 5354 3371 5423 appellare,
3410 5368 3518 5406 uno
3542 5367 3661 5406 ser-

2096 5446 2270 5500 monis
2316 5448 2459 5515 jacln
2514 5446 2616 5500 tria
2672 5444 2903 5498 virorum
2941 5444 3103 5499 millia
3155 5456 3400 5510 venatus,
3433 5443 3662 5496 ﬁntniter

383 5546 695 5611 transtulit;
724 5546 885 5615 idque
902 5561 1022 5600 eum
1052 5544 1123 5598 illi
1155 5544 1377 5600 inolesle
1397 5544 1600 5599 ferrent
1634 5559 1699 5599 ac
1723 5543 2198 5607 tumultuarentur,
2221 5556 2286 5595 ac
2307 5556 2373 5596 ne
2397 5557 2458 5596 os
2490 5542 2707 5611 quidem
2740 5541 2996 5621 diducere
3046 5556 3072 5593 a
3099 5540 3361 5610 principio
3386 5538 3650 5592 sinerent.

456 5671 504 5740 'f
528 5669 653 5737 Leg.
673 5671 855 5738 λέγειν
889 5670 994 5723 ἔδει
1023 5667 1114 5721 δι’.
1189 5667 1258 5698 ⁷¹⁹
1294 5665 1423 5740 Leg.
1456 5666 1912 5740 προφητεύοντος,
1944 5676 1987 5721 el

2091 5664 2207 5731 lira,
2241 5663 2303 5729 D,
2344 5663 2596 5717 τοσοῦτον
2635 5662 2783 5733 αὐτῷ
2829 5663 3047 5734 περιῆν.
3123 5661 3168 5692 ⁷³
3218 5658 3358 5713 Psal.
3404 5672 3520 5723 xm,
3572 5659 3657 5715 15.

382 5741 434 5777 ⁷⁵
457 5739 617 5799 JOan.
644 5758 757 5803 ιιι,
787 5742 872 5798 15.
952 5740 998 5771 ⁷⁵
1029 5740 1147 5792 Act.
1180 5752 1242 5799 tt,
1280 5738 1366 5798 41.
