4090 6146
390 414 496 467 273

1276 407 1559 465 HOMILIA
1602 410 1735 467 γιιι.
1778 412 1842 465 ΙΝ
1884 413 1983 468 SS.
2017 413 2301 472 PETRUM
2344 418 2430 473 ΕΤ
2474 418 2778 475 ΡΑυιωι.

3536 418 3646 473 ττι

393 528 624 602 ρέσεως.
669 526 984 581 Ἐνεκάλεσε
1037 524 1148 598 γάρ
1176 515 1356 597 μόνον,
1386 527 1480 580 καὶ
1504 528 1533 579 ό
1561 525 1846 597 ἐγκληθεὶς
1873 528 1976 579 ἀπ-

2101 531 2337 594 .ttslttlil,
2405 532 2718 600 praeclarum
2779 532 2979 587 Christi
3055 531 3304 600 potentia:
3373 533 3643 598 specimen

312 662 315 663 ν
394 617 612 690 ἔψυξεν.
637 616 811 671 Τοῦτο
835 616 890 671 δὲ
909 615 1092 688 ἡλίκον
1119 616 1287 682 ἐστὶν,
1321 617 1413 670 καὶ
1436 618 1569 688 ὅσην
1590 620 1655 688 τῇ
1682 616 1977 688 Ἐκκλησία

394 711 682 782 ἐνεποίησε
726 711 825 781 τὴν
858 710 1145 765 εὐλάϐειαν
1168 752 1181 777 ,
1214 712 1272 764 οὐ
1304 708 1578 784 χρῄζομεν
1625 709 1833 778 μαθεῖν.
1874 710 1978 764 Δύο

396 804 504 875 γάρ
540 806 598 855 ἐν
644 804 727 856 ἐνὶ
768 800 1105 874 κατωρθώθη
1129 841 1143 865 ,
1177 801 1237 854 τὸ
1287 804 1500 856 καὶτὸν
1547 803 1774 874 Σωτῆρα
1820 801 1975 874 ἡμῶν

398 894 753 965 πιστευθῆναι
782 889 920 948 εἶναι
954 894 1107 959 Θεὸν,
1132 893 1228 947 καὶ
1258 892 1350 946 τὸν
1375 893 1666 963 παιδευτὴν
1693 893 1801 947 τῶν
1830 894 1976 946 ἐκεί-

400 1003 495 1040 νου
532 985 745 1056 νόμων,
799 985 1215 1056 παρεπομένους
1247 983 1387 1055 ἔχων
1417 984 1461 1016 ⁸¹
1506 984 1790 1052 ἀγγέλους.
1844 982 1979 1052 πρὸς

404 1076 502 1146 τὴν
550 1074 805 1146 βούλησιν
858 1075 952 1128 τοῦ
993 1074 1292 1127 ἀποστόλου
1339 1074 1695 1146 ἐνεργοῦντας
1726 1074 1972 1144 ἐτοίμως.

416 1165 698 1235 Ἐθέλησεν
722 1166 1079 1236 εὐεργετῆσαι
1102 1165 1194 1218 τὸν
1222 1164 1415 1236 χωλὸν,
1447 1165 1539 1218 καὶ
1566 1166 1666 1217 οὐκ
1690 1164 1980 1234 ἐϐράδυνεν

405 1260 438 1329 η
462 1259 618 1330 χάρις
637 1276 651 1289 ’
678 1256 947 1329 ἐϐουλήθη
974 1256 1200 1311 κολάσαι
1260 1258 1349 1310 τὸν
1378 1248 1684 1328 ἱερόσυλον,
1722 1258 1816 1310 καὶ
1844 1273 1981 1327 παρ-

402 1349 617 1418 εγένετο
638 1351 671 1420 ἡ
704 1347 964 1420 τιμωρία.

472 1521 661 1576 Ταῦτα
689 1522 849 1576 ἱκανά
874 1521 1081 1585 λιθίνας
1109 1521 1453 1593 καταπλῆξαι
1476 1521 1655 1594 ψυχὰς
1681 1524 1774 1577 καὶ
1798 1527 1983 1578 πεῖσαι

405 1615 673 1685 βεϐαίως,
721 1616 798 1679 ὡς
831 1616 933 1668 οὐκ
987 1615 1206 1686 ἀπάτης
1237 1611 1305 1686 ἦν
1343 1614 1412 1668 τά
1454 1615 1674 1686 ῥήματα
1729 1614 1800 1668 τὰ
1837 1616 1985 1687 παρά

404 1705 611 1774 Πέτρου
643 1706 938 1777 λεγόμενα·
977 1705 1112 1760 ἀλλά
1138 1705 1274 1769 Θεὸς
1304 1702 1372 1778 ἦν
1401 1706 1616 1776 ἀληθῶς
1644 1707 1760 1777 μετ’
1794 1707 1982 1772 αὐτοῦ,

403 1797 499 1850 καί
522 1796 674 1865 ἅγιον
704 1798 918 1870 ὑπῆρχε
943 1797 1038 1852 καὶ
1068 1796 1288 1869 ἀληθὲς,
1311 1795 1374 1850 τὸ
1406 1799 1700 1870 μυστήριον
1724 1796 1753 1850 ὃ
1777 1799 1977 1868 κατήγ-

402 1887 580 1956 γελλε.
616 1890 726 1941 Καὶ
754 1889 913 1943 τοῦτο
932 1889 989 1943 δὲ
1019 1890 1309 1961 προσέχειν
1337 1891 1656 1959 ἀναγκαῖον,
1685 1889 1767 1942 ὅτι
1798 1889 1858 1942 τὸ
1885 1889 1984 1961 μὲν

405 1979 505 2031 ἐπὶ
546 1979 787 2051 τιμωρία
833 1980 929 2033 καὶ
979 1980 1125 2051 φόνῳ
1179 1982 1425 2050 σημεῖον,
1482 1978 1631 2043 ἅπαξ
1682 1978 1837 2050 παρά
1887 1977 1982 2031 τοῦ

402 2068 702 2124 ἀποστόλου
740 2069 828 2124 διά
876 2070 974 2142 τὴν
1027 2071 1220 2142 χρείαν
1253 2070 1581 2141 γεγένηταιο
1623 2069 1709 2123 ἵνα
1740 2072 1853 2133 τοῖς
1885 2087 1989 2123 κα-

403 2160 518 2225 κῶς
556 2163 1007 2234 προαιρουμένοις
1028 2201 1043 2225 ,
1079 2163 1178 2233 τῆς
1209 2160 1535 2231 κολαστικῆς
1568 2159 1851 2229 δυνάμεως
1883 2176 1988 2211 παι

405 2252 679 2325 ράσχηται
711 2253 811 2325 τὴν
843 2252 1153 2320 ἀπόδειξινσ
1187 2252 1255 2305 τά
1298 2251 1356 2305 δὲ
1384 2250 1494 2303 τῶν
1526 2249 1854 2322 εὐεργεσιῶν
1896 2252 1991 2305 καὶ

403 2347 516 2402 τῶν
553 2347 768 2410 ίάσεων,
802 2345 924 2399 καθ’
955 2345 1169 2416 ἡμέραν
1198 2344 1291 2397 καὶ
1324 2343 1562 2415 συνεχῶς
1586 2342 1864 2395 ἐπετέλειο
1897 2341 1992 2394 καὶ

404 2437 680 2509 τοσαύτης
707 2436 857 2508 αὐτῷ
889 2436 1088 2508 περιῆν
1125 2439 1224 2507 τῆς
1256 2434 1348 2489 τοῦ
1387 2434 1710 2507 θεραπεύειν
1740 2432 1992 2504 εὐκολίας

409 2531 507 2583 καὶ
539 2530 778 2600 χάριτος,
810 2527 952 2581 ῶστε
976 2526 1150 2589 οὐδεὶς
1182 2522 1492 2596 προσελθὼν
1516 2524 1626 2577 τῶν
1657 2520 1995 2594 ἀρρωστούν-

306 2655 313 2661 -
406 2637 519 2673 των
554 2617 774 2672 ἀνέλυεν
814 2616 1072 2687 ψευσθεὶς
1106 2616 1207 2685 τῆς
1251 2615 1486 2679 ἐλπίδος,
1520 2614 1634 2668 ἀλλ’
1681 2615 1865 2685 ἄρτιος
1898 2612 1995 2667 καὶ
2061 2634 2077 2651 ο

410 2709 572 2781 ὑγιὴς
603 2709 695 2762 ἐπὶ
724 2708 823 2779 τὴν
856 2708 1033 2761 οἰκίαν
1066 2705 1253 2777 ἀπῄει.
1287 2707 1400 2759 Καὶ
1429 2700 1536 2769 πᾶς
1568 2706 1732 2769 τόπος
1757 2705 1856 2775 τῆς
1894 2704 1993 2757 '15-

410 2801 699 2875 ρουσαλὴμ
729 2800 858 2854 ἔνθα
890 2798 1096 2866 Πέτρος
1128 2799 1400 2867 ἐφαίνετο,
1423 2799 1514 2852 τὸν
1538 2799 1771 2870 Χριστὸν
1793 2796 1991 2851 ἐλάλειο

411 2894 512 2949 καὶ
548 2894 609 2947 τὸ
638 2891 842 2965 πλῆθος
874 2889 1019 2964 εῖχεν
1058 2890 1492 2946 ἀκολουθούντων
1536 2888 1832 2962 ἀρρώστων
1856 2931 1871 2956 ,
1902 2890 1996 2943 καὶ

376 2984 383 2991 ’
413 2986 646 3058 θέατρον
669 2985 791 3039 καθ’
819 2984 1032 3057 ἡμέραν
1053 2984 1357 3057 παράδοξον
1380 2985 1444 3036 ἐκ
1468 2984 1638 3054 δήμου
1666 2982 1994 3053 συμμίκτου⁶

410 3078 525 3131 τῶν
571 3078 668 3147 μὲν
705 3077 1088 3147 συναγομένων
1107 3115 1122 3140 ,
1165 3076 1252 3129 ἵνα
1305 3074 1416 3128 τῶν
1467 3073 1767 3145 ὀχλούντων
1812 3072 1998 3128 κακῶν

2078 621 2263 675 edens.
2320 622 2549 677 Tantum
2608 624 2750 677 enim
2804 622 3001 694 objccit
3038 623 3244 678 crimen
3269 664 3284 690 ,
3322 622 3483 692 inque
3517 623 3647 678 illud

2079 724 2298 772 vocatus
2348 715 2509 769 homo
2555 715 2867 783 exspiravit.
2902 714 3014 771 Hoc
3061 730 3188 771 vero
3243 725 3503 785 quantum
3549 713 3646 780 sit,

2077 814 2446 874 quantamque
2482 805 2733 859 Ecclesiae
2772 807 3125 860 reverentiam
3175 821 3237 859 ac
3282 815 3483 860 metum
3508 805 3646 874 inje-

2078 897 2234 958 cerit,
2272 898 2409 947 haud
2441 912 2574 966 opus
2605 898 2785 951 doceri
2821 896 3133 951 habeamus.
3188 897 3301 951 Duo
3347 899 3543 967 quippe
3570 898 3646 952 si-

2080 987 2187 1039 mul
2213 987 2447 1041 confecit
2473 1028 2488 1051 ,
2529 998 2586 1040 ut
2618 989 2893 1054 nimirum,
2927 1005 3049 1043 cum
3084 988 3329 1044 Salvator
3364 989 3503 1044 Deus
3524 1002 3649 1044 esse

2080 1079 2393 1133 crederetur
2425 1096 2439 1145 ;
2496 1088 2606 1134 tum
2650 1080 2840 1147 utejus
2872 1081 3076 1135 doctori
3116 1080 3290 1150 legum
3333 1081 3524 1135 adesse
3553 1095 3647 1135 co-

2084 1170 2241 1224 mites
2268 1171 2521 1241 angelos,
2560 1173 2649 1241 qui
2678 1180 2924 1243 prompte
2956 1182 3013 1226 ut
3061 1173 3336 1240 apostolus
3370 1172 3649 1233 voluisset,

2081 1276 2527 1333 exsequerentur.
2572 1266 2748 1319 Voluit
2784 1264 2972 1320 claudo
3019 1263 3337 1319 beneﬁcium
3374 1273 3649 1331 praestare.

2084 1355 2324 1426 nihilque
2379 1359 2550 1424 gratia
2598 1358 2861 1422 tardavit;
2889 1356 3052 1412 voluit
3087 1355 3279 1425 p‘unire
3310 1353 3652 1422 sacrilegum,

2084 1464 2317 1517 moxque
2344 1463 2500 1520 paena
2533 1459 2729 1519 praasto
2751 1449 2868 1504 fuit.
2974 1438 2979 1443 ⁷

2154 1540 2319 1595 Erant
2363 1542 2475 1595 haec
2515 1542 2752 1607 abunde,
2804 1551 2861 1596 ut
2897 1540 2978 1594 vel
3013 1540 3250 1609 lapideas
3292 1545 3499 1593 mentes
3539 1544 3656 1591 stu-

2085 1644 2215 1698 pore
2247 1631 2524 1685 aliieereut
2553 1672 2569 1699 ,
2623 1641 2932 1700 certamque
2959 1631 3180 1685 omnino
3212 1628 3450 1683 facerent
3475 1626 3655 1688 ﬁdem,

2084 1720 2285 1776 nullam
2336 1721 2478 1777 Petri
2531 1723 2688 1777 verba
2742 1718 3504 1790 habere'deceptionem;sed
3532 1730 3659 1770 vere

2089 1810 2254 1866 Deum
2283 1828 2401 1867 cum
2446 1815 2561 1884 ipso
2591 1830 2748 1878 esse,
2787 1824 3139 1882 sanctumque
3179 1826 3243 1868 ac
3271 1811 3499 1865 veritate
3550 1807 3655 1863 l‘ul-

2091 1915 2228 1970 tum,
2254 1908 2396 1977 quod
2421 1910 2777 1964 annuntiabat
2802 1916 3221 1968 sacramentum,
3245 1905 3527 1960 exsistere.
3554 1900 3660 1956 Sed

2090 1999 2268 2051 ethoc
2305 2001 2648 2053 attendamus
2678 2014 2956 2054 necessum
2987 2000 3098 2062 sit;
3135 1996 3262 2050 illud
3307 1994 3521 2063 quidem
3564 2007 3661 2061 po-

2091 2088 2285 2144 niendo
2326 2103 2391 2144 ac
2436 2105 2623 2144 necem
2685 2091 3003 2156 inferendo,
3057 2088 3223 2143 semel
3282 2087 3543 2140 duntaxat
3593 2084 3660 2137 ab

2101 2180 2344 2250 apostolo
2368 2197 2464 2236 usu
2499 2183 2759 2236 suadente
2787 2184 2995 2250 signum
3035 2187 3352 2248 usurpatum
3384 2190 3524 2241 esse,
3556 2189 3662 2244 quo

2094 2274 2179 2338 iis,
2209 2274 2299 2343 qui
2332 2273 2469 2329 mala
2515 2283 2695 2329 essent
2720 2274 3026 2338 voluntate,
3054 2270 3348 2340 castigandi
3383 2266 3688 2338 potestatis,

2092 2367 2363 2433 specimen
2400 2365 2718 2430 exhiberet;
2761 2364 3022 2419 beneﬁcia
3073 2372 3253 2417 autem
3290 2376 3351 2415 ac
3381 2359 3662 2422 sanitates.

2094 2457 2331 2524 quotidie
2360 2471 2424 2510 ac
2451 2456 2653 2524 jugiter
2704 2456 3016 2525 prmstitisse
3048 2474 3061 2510 :
3096 2463 3351 2522 tantaque
3408 2458 3528 2505 erat
3574 2464 3667 2503 cu-

2095 2546 2248 2599 randi
2281 2560 2345 2599 ac
2385 2546 2573 2614 gratia:
2630 2544 2890 2609 facilitas,
2937 2555 2992 2597 ut
3040 2559 3197 2598 nemo
3236 2550 3475 2609 aagrotus
3512 2555 3670 2594 acce‘

2097 2629 2252 2694 deus,
2278 2644 2372 2698 spe
2394 2644 2486 2683 sua
2512 2628 2800 2682 frustratus
2826 2630 3035 2692 abiret,
3059 2628 3151 2682 sed
3179 2629 3386 2694 integer
3409 2641 3473 2680 ac
3504 2636 3668 2679 Sanus

2097 2721 2312 2775 domum
2362 2729 2743 2776 reverteretur.
2792 2718 3048 2797 Quisquis
3099 2733 3228 2773 vero
3284 2714 3671 2797 Hierosolymis
3748 2738 3751 2739 ν

2096 2810 2316 2866 Petrum
2342 2809 2491 2866 locus
2518 2810 2772 2875 habebat,
2806 2809 2851 2865 is
2877 2788 3153 2863 Christum
3180 2788 3537 2875 loquebatur;
3569 2805 3668 2860 ha-

2099 2903 2365 2973 bebatque
2395 2911 2709 2973 sequentem
2751 2904 3091 2958 inlirmorum
3144 2900 3581 2964 multitudinem,
3607 2912 3673 2951 ac

2099 2996 2346 3050 mirabile
2395 2995 2585 3051 diebus
2629 2995 2857 3063 singulis
2895 2995 3213 3064 promiscua:
3251 2991 3420 3062 plebis
3466 2998 3674 3059 speeta-

2101 3089 2316 3154 culum;
2355 3089 2694 3159 congregatis
2747 3088 2865 3141 aliis
2915 3085 3215 3156 quzcrendm
3259 3098 3424 3139 causa
3473 3081 3672 3135 libera-

413 3168 802 3236 ἁπαλλαγῶσι,
837 3168 947 3222 τῶν
981 3168 1070 3233 δὲ,
1105 3168 1193 3221 ἵνα
1223 3167 1350 3232 τοὺς
1378 3166 1846 3239 θεραπευομένους
1885 3166 1998 3220 θεά-

2102 3180 2264 3233 tionis
2317 3194 2347 3233 a
2400 3178 2663 3232 malorum
2695 3176 2965 3241 moleStia;
2996 3175 3114 3228 aliis
3166 3179 3427 3234 vero,'ut
3472 3172 3671 3239 imper—

425 3279 649 3316 σωνται.
683 3260 839 3315 Οὕτω
900 3278 983 3319 τοι
1027 3261 1248 3314 κάκεῖνο
1280 3258 1408 3328 περὶ
1440 3258 1536 3312 τοῦ
1556 3257 1578 3297 ⁸
1608 3258 1904 3312 ἀποστόλου
1935 3257 1997 3311 τὸ

417 3352 736 3423 Θαυμαστὸν
781 3352 1231 3423 ἀναγέγραπται,
1267 3350 1296 3404 ὃ
1325 3351 1411 3404 ἐπ’
1461 3350 1635 3403 οὐδενὶ
1680 3350 1788 3403 τῶν
1825 3349 1996 3404 ἄλλων

416 3443 639 3514 ἐλέχθη,
668 3444 749 3497 ὅτι
775 3444 825 3496 οἱ
854 3444 1155 3512 συγγενεῖς,
1183 3442 1277 3495 καὶ
1302 3443 1350 3494 οἱ
1380 3440 1490 3494 τῶν
1523 3438 1889 3494 ἀσθενούντων
1920 3440 1998 3492 οἰ-

418 3538 581 3599 κεῖοι,
610 3534 804 3605 ἔφερον
837 3534 1036 3598 αὐτοὺς
1067 3534 1161 3586 ἐπὶ
1193 3532 1392 3586 κλινῶν
1419 3532 1675 3605 δημοσία,
1704 3532 1805 3585 ἵνα
1832 3531 1998 3599 ἐρχο-

414 3627 608 3696 μένου
635 3628 881 3693 Πέτρου.
908 3624 1024 3679 κᾶν
1049 3631 1087 3692 ἡ
1108 3624 1253 3679 σκιὰ
1279 3620 1604 3693 ἐπισκιάσῃ
1638 3623 1752 3677 τινὶ
1779 3622 1997 3677 αὐτῶν.

419 3718 596 3772 Τοῦτο
630 3718 727 3789 μὲν
760 3714 853 3771 οὖν
895 3719 1076 3789 μεῖζον
1124 3707 1217 3771 καὶ
1265 3716 1373 3770 τῶν
1416 3718 1746 3771 δεσποτικῶν
1791 3716 2002 3788 θαυμα-

430 3811 564 3864 σίωθ
584 3825 598 3840 ’
630 3810 722 3863 καὶ
746 3812 777 3864 ὁ
799 3809 982 3873 δοῦλος
1006 3810 1330 3880 εὐφημείται
1355 3810 1491 3880 ὑπὲρ
1519 3810 1611 3863 τὸν
1641 3808 1860 3881 Κύριον.
1894 3810 2000 3861 Καὶ

420 3903 567 3972 τάχα
589 3904 647 3955 ἐν
663 3902 838 3974 τούτῳ
855 3901 931 3973 τῷ
954 3903 1163 3973 σημείῳ
1185 3919 1247 3955 συ
1256 3902 1402 3971 μπλη
1410 3900 1597 3974 ροῢται
1620 3903 1652 3972 ἡ
1675 3903 2001 3974 προφητεία,

421 3995 495 4067 ἢν
531 3997 561 4049 ὁ
590 3995 783 4065 Σωτὴρ
811 3994 951 4064 πρὸς
979 3994 1107 4056 τοὺς
1138 3992 1388 4063 μαθητὰς
1423 3994 1717 4064 ἐποιήσατο
1736 4009 1751 4024 ο
1803 3993 2001 4062 Ἀμὴν,

421 4085 593 4154 ἀμὴν
637 4084 794 4153 λέγω
825 4084 1001 4154 ὑμῖν
1036 4084 1099 4137 '0
1136 4084 1439 4137 πιστεύων
1484 4086 1570 4149 εὶς
1598 4082 1704 4152 ἐμὲ
1724 4123 1736 4144 ,
1765 4082 1838 4137 τὰ
1863 4084 2007 4153 ἔργα

424 4175 466 4229 ἄ
493 4175 611 4244 ἐγὼ
642 4172 810 4238 ποιῶ,
863 4173 1142 4240 κάκεῖνος
1173 4173 1436 4239 ποιήσει,
1483 4172 1581 4227 καὶ
1609 4170 1849 4242 μείζονα
1872 4175 2006 4228 τού-

423 4284 547 4321 των
586 4264 846 4333 ποιήσει.
896 4264 1066 4318 Τοῦτο
1096 4266 1153 4318 δὲ
1190 4266 1319 4319 ὅταν
1361 4263 1538 4332 λέγω,
1573 4264 1634 4317 οὐ
1691 4264 1783 4321 τὸν
1821 4264 2007 4321 δοῦλον

424 4360 506 4432 τῷ
554 4360 801 4429 Δεσπότῃ
850 4358 1143 4428 συγκρίνω.
1229 4357 1480 4426 ’Ἄπαγεῑ
1552 4357 1897 4426 Μαινομένου
1947 4357 2008 4419 τὸ

424 4455 610 4526 νόημα
628 4471 642 4485 ·
689 4452 804 4505 ἀλλ’
849 4451 932 4504 ὅτι
960 4450 1048 4503 διὰ
1070 4449 1178 4503 τῶν
1204 4447 1398 4503 ἐαυτοῦ
1431 4446 1779 4517 θεραπόντων
1805 4447 1834 4499 ό
1855 4446 2006 4511 Θεὸς,

2104 3271 2298 3325 tientia:
2351 3270 2597 3325 sanitatis
2645 3276 2979 3337 spectatores
3035 3273 3238 3320 essent.
3298 3263 3390 3317 Sic
3443 3276 3675 3330 namque

2103 3360 2269 3413 etiam
2318 3358 2445 3412 illud
2479 3358 2726 3411 mirabile
2775 3357 2841 3409 de
2879 3355 3125 3424 apostolo
3169 3353 3532 3420 conscriptum
3570 3360 3675 3414 est.

2104 3450 2170 3504 de
2196 3449 2386 3518 quovis
2413 3449 2519 3502 alio
2545 3448 2841 3502 inauditum
2864 3486 2879 3511 ,
2921 3455 2979 3500 ut
3023 3446 3301 3508 nimirum,
3336 3443 3674 3496 inlirmorum

2106 3541 2319 3609 cognati
2349 3555 2411 3595 ac
2444 3540 2749 3601 domestici.
2780 3539 2988 3606 publice
3027 3552 3120 3593 eos
3156 3538 3206 3591 in
3252 3536 3405 3589 lectis
3443 3548 3678 3602 expone-

2109 3637 2265 3694 rcnt,
2322 3638 2377 3682 ut
2451 3629 2678 3683 reuiente
2730 3626 2889 3682 Petro
2949 3628 3133 3681 mitbra
3193 3625 3338 3679 illius
3397 3625 3679 3678 obumbra-

2112 3731 2188 3774 νει
2232 3738 2542 3792 quemquam
2589 3721 2798 3774 illorum
2840 3719 2886 3752 ⁸³
2925 3737 2937 3772 :
2990 3734 3152 3789 porro
3197 3719 3298 3772 hoc
3344 3715 3518 3786 majus
3563 3725 3676 3770 erat

2110 3815 2405 3869 Dominicis
2471 3813 2779 3879 miraculis,
2836 3813 3078 3881 adeoque
3147 3824 3335 3864 servus
3392 3806 3680 3863 celebrioti

2110 3922 2218 3976 pne
2275 3906 2499 3960 Domino
2543 3906 2681 3959 fama
2726 3904 2974 3958 habetur.
3006 3904 3084 3957 Ac
3122 3902 3260 3957 forte
3297 3902 3348 3954 in
3377 3902 3529 3970 signo
3572 3898 3681 3952 isto

2111 3997 2430 4069 completur,
2475 4014 2633 4065 quam
2672 3993 2921 4050 Salvator
2948 3994 3283 4064 prephetiam
3329 3992 3396 4046 ad
3445 3991 3683 4058 discipu-

2112 4088 2194 4143 los
2222 4101 2305 4142 cSt
2339 4088 2551 4143 locutus
2579 4105 2593 4142 :
2634 4086 2828 4149 Amen,
2865 4102 3017 4139 amen
3045 4086 3162 4138 dico
3193 4084 3367 4147 vobis,
3398 4082 3487 4149 qui
3519 4081 3682 4134 credit

2113 4182 2168 4233 in
2200 4197 2299 4246 me,
2325 4195 2480 4249 Opera
2518 4195 2635 4246 quw
2666 4194 2758 4247 ego
2784 4176 2944 4243 facio,
2975 4186 3021 4227 et
3050 4175 3159 4242 ipse
3188 4174 3367 4242 faciet,
3396 4181 3441 4224 et
3478 4169 3683 4238 majora

2115 4271 2299 4324 horum
2325 4271 2481 4339 faciet
2512 4269 2577 4323 ⁸³.
2610 4268 2742 4324 Cum
2771 4276 2948 4323 autent
2995 4266 3095 4320 hoc
3128 4265 3245 4320 dico
3268 4302 3283 4327 ,
3309 4261 3528 4315 minime
3553 4274 3686 4331 gen-

2117 4362 2246 4416 tiqu
2285 4376 2498 4415 servum
2547 4375 2668 4414 cum
2705 4358 2931 4412 Domino
2973 4369 3245 4426 comparo.
3302 4353 3563 4422 Apagesis
3597 4351 3680 4405 luo

2118 4453 2289 4508 rentis
2324 4467 2575 4517 sensum;
2628 4450 2720 4506 sed
2775 4450 2958 4511 Deum,
3014 4446 3103 4516 qui
3155 4460 3250 4514 per
3296 4442 3522 4498 famulos
3559 4456 3693 4498 suos

425 4547 529 4618 τὴν
557 4543 751 4598 ἐαυτοῦ
779 4543 1007 4613 δύναμιν
1035 4540 1275 4595 ὲνδεικνύ
1285 4556 1461 4610 μενος,
1494 4537 1682 4590 οὐδένα
1708 4536 1817 4623 τῶν
1839 4537 1998 4609 μαθη·

2116 4549 2365 4617 ροιθιιιὶιιι
2406 4560 2515 4598 sua:
2559 4542 2825 4614 specimen
2872 4541 3039 4603 edat,
3098 4537 3302 4592 nullum
3342 4551 3372 4590 e
3406 4535 3691 4603 discipulis

427 4638 567 4701 τῶν,
596 4637 673 4700 ὡς
705 4636 932 4707 Πέτρον,
966 4636 1086 4697 ταῖς
1117 4630 1272 4695 ἰδίαις
1300 4631 1526 4701 δωρεαῖς
1553 4628 2010 4699 κατεπλούτησεν·

429 4730 567 4784 ἀλλά
595 4731 691 4783 καὶ
714 4730 930 4783 πάντων
954 4726 1117 4781 αὐτὸν
1141 4723 1469 4795 προύθηκεν,
1493 4721 1717 4791 ύψώσας,
1732 4723 1852 4784 ταῖς
1875 4719 2011 4777 dvo):

432 4822 524 4877 θεν
551 4808 805 4894 δωρεαῖςο
836 4821 932 4874 καὶ
949 4818 1136 4891 ὥσπερ
1159 4815 1376 4886 πρῶτος
1400 4813 1667 4886 μαθητὴς,
1689 4812 1783 4865 καὶ
1812 4807 2011 4880 μείζων

430 4914 540 4970 τῶν
559 4913 809 4983 ἀδελφῶν
834 4911 928 4965 ἐπὶ
953 4911 1054 4980 τῆς
1081 4908 1276 4979 πείρας
1299 4906 1406 4960 τῶν
1431 4904 1773 4976 πραγμάτων
1798 4901 2011 4971 ἐδείχθη

432 5008 499 5076 τῇ
526 5004 754 5075 δυνάμει
782 5000 878 5056 τοῦ
908 4997 1247 5069 Πνεύματος.
1278 4994 1502 5066 Πρῶτος
1529 4991 1733 5062 ἐκλήθη
1756 5031 1770 5055 ,
1798 4988 1895 5043 καὶ
1919 5006 2014 5042 τα-

435 5097 573 5168 χέως
603 5097 918 5167 ὑπήκουσεο
955 5091 1093 5163 πρὸς
1127 5089 1243 5152 τοῖς
1269 5085 1535 5157 αἰγιαλοῖς
1568 5080 1813 5155 εὑρεθεὶς
1844 5082 1902 5135 ἐν
1938 5077 2014 5151 τῷ

436 5185 742 5257 ταραχώδει
792 5182 889 5237 τοῦ
922 5181 1131 5252 κόσμου
1174 5176 1390 5250 χωρίῳ,
1425 5176 1454 5228 ό
1495 5175 1608 5236 τοῖς
1640 5170 1886 5242 κύμασιν
1927 5169 2015 5222 ἀεὶ

434 5280 535 5351 τῆς
564 5275 918 5350 ἀνθρωπικῆς
952 5272 1119 5343 ζάλης
1151 5265 1641 5342 περιψοφούμενος,
1673 5261 2015 5316 ἀδιάλειπτον

436 5370 550 5442 ἔχει
579 5370 681 5441 τὴν
719 5368 932 5440 βοῶσαν
974 5364 1104 5435 περὶ
1134 5362 1235 5426 τὰς
1269 5361 1457 5431 ἠϊόνας
1486 5357 1672 5427 εὐχήν.
1710 5353 1930 5427 Πρῶτος
1958 5354 2015 5404 ἐν

439 5459 785 5533 Χριστιανοῖς
829 5458 941 5513 τῶν
980 5450 1262 5526 κοσμικῶν
1307 5450 1447 5504 ὑλῶν
1478 5447 1886 5519 κατεφρόνησε,
1921 5445 2016 5499 καὶ

414 5552 544 5631 «τῶν
572 5554 647 5620 ἐν,
670 5552 801 5605 ποσὶ
837 5548 1057 5603 πάντων
1099 5542 1400 5616 ὑπεριδὼν,
1434 5540 1572 5611 πρὸς
1613 5539 1681 5592 τὰ
1713 5538 1879 5609 νοητά
1922 5536 2015 5590 καὶ

441 5644 789 5717 ὑπερκόσμια
820 5638 1165 5712 μετετάξατο.

504 5845 551 5879 ⁸⁸
594 5798 727 5914 ch.
761 5841 971 5914 ἔχοντα.
1048 5842 1091 5873 ⁸²
1127 5839 1246 5896 Act.
1278 5854 1331 5906 v,
1369 5837 1453 5891 l5.
1526 5834 1573 5866 ⁸³
1597 5831 1752 5889 Joan.
1781 5798 1890 5901 ur,
1921 5832 2008 5885 ιε.
2093 5883 2101 5889 .

2117 4639 2230 4692 suis
2300 4636 2519 4706 perinde
2564 4649 2627 4686 ac
2678 4630 2896 4685 Petrum
2951 4629 3267 4693 uulneribus
3328 4626 3688 4699 locupletasse

2119 4728 2403 4799 pronuntio
2431 4745 2443 4781 :
2469 4725 2597 4796 quin
2631 4723 2879 4793 superuis
2908 4722 3193 4777 sublimem
3217 4719 3465 4776 effectum
3503 4719 3693 4786 donis,

2118 4820 2383 4874 universis
2437 4834 2560 4872 eum
2619 4816 2940 4888 pnetulisse.
2990 4815 3077 4873 Uti
3111 4829 3240 4895 vero
3296 4810 3686 4880 discipulorum

2116 4908 2406 4978 primatum
2436 4914 2615 4972 tenet;
2652 4904 2820 4973 major
2849 4918 3064 4973 quoque
3097 4903 3235 4956 inter
3261 4900 3455 4956 fratres
3505 4913 3691 4953 rerum

2116 4999 2484 5067 experimento
2524 5010 2619 5065 per
2672 4993 2905 5064 Spiritus
2935 4993 3110 5047 sancti
3142 4992 3395 5045 virtutem
3438 4996 3689 5044 ostensus

2116 5092 2218 5138 est.
2253 5083 2468 5138 Primus
2516 5086 2774 5147 vocatus,
2807 5082 2912 5136 cito
2964 5078 3255 5134 obsecutus
3298 5084 3415 5141 est,
3462 5090 3585 5133 cum
3635 5077 3687 5128 in

2079 5174 2335 5246 _littore,
2384 5173 2438 5226 in
2478 5171 2659 5226 mundi
2706 5169 2824 5224 loco
2871 5183 3066 5238 aspero
3120 5167 3372 5221 inventus
3425 5173 3590 5219 esset.
3639 5164 3689 5216 Is

2122 5278 2352 5332 namque
2411 5262 2659 5316 humana:
2685 5274 2809 5314 eum
2841 5257 3173 5327 tempestatis
3209 5255 3407 5327 iugiter
3454 5256 3691 5310 circum-

2122 5349 2488 5420 strepentibus
2514 5347 2762 5402 ﬂuctibus
2782 5385 2795 5410 ,
2842 5347 3156 5399 continuum
3186 5345 3328 5404 circa
3357 5343 3537 5397 littora
3567 5354 3690 5408 pre-

2123 5455 2245 5494 cum
2287 5439 2575 5494 clamorcm
2610 5453 2675 5491 ac
2708 5444 2826 5489 vota
2863 5434 3043 5489 habet.
3089 5433 3303 5488 Primus
3346 5432 3491 5486 inter
3531 5427 3689 5482 Chri«

2123 5530 2329 5584 stiauos
2376 5529 2557 5583 saeculi
2597 5543 2696 5582 ~res
2735 5524 2969 5595 sprevit,
3022 5523 3401 5593 despectisque
3442 5514 3705 5573 omnibus.

2125 5638 2243 5691 qua:
2267 5622 2319 5676 in
2347 5621 2571 5690 pedibus
2604 5634 2667 5674 ac
2699 5618 2964 5673 mu-adaua
2994 5623 3138 5679 sunt,
3165 5614 3397 5668 studium
3426 5607 3687 5662 animum-

2129 5727 2229 5781 que
2260 5713 2322 5766 ad
2349 5709 2612 5780 spiritalia
2646 5723 2710 5763 ac
2742 5705 2979 5763 caelestia
3012 5700 3269 5757 traduxit.
