4090 6146
392 440 500 497 275
1312 395 1325 419 ’”
1372 412 1381 419 ’
1669 436 1731 490 s.
1768 431 2045 488 AS'I‘ERII
2088 433 2392 489 AMASENI
3545 428 3650 481 s76

463 558 619 618 Dicat
669 575 800 617 vero
845 561 984 615 forte
1030 574 1217 613 eorum
1266 556 1491 626 aliquis,
1554 555 1643 623 qui
1684 568 1971 622 pauperem
2003 556 2043 612 Α

2037 589 2043 611 ι
2145 552 2255 605 Καὶ
2288 551 2448 620 τυχὸν
2497 552 2613 620 ἐρεῖ
2660 568 2740 613 τις
2786 548 2895 602 τῶν
2954 547 3163 616 πένητα
3206 543 3297 597 καὶ
3343 543 3519 612 ἀνρανῆ
3561 543 3652 597 τὸν

392 662 559 721 atque
591 655 881 709 obscurum
912 660 995 705 ter
1017 652 1233 706 beatmn
1275 649 1424 702 illum
1454 646 1729 716 appellare
1756 645 1970 699 solent:

2074 642 2477 716 τρισμακάριον
2521 643 2726 694 ἐκεῖνον
2789 636 3242 692 ἀποκαλούντων·
3289 633 3353 689 Τί
3396 632 3504 703 γὰρ
3549 633 3654 684 (Ξιτιτ⁴

391 746 529 810 Quid
590 745 866 799 enimvero
913 743 1001 798 ille
1055 742 1317 809 reliquit?
1360 739 1475 807 Qua
1526 755 1584 793 se
1631 738 1974 807 possessione

2075 715 2266 802 έθετο;
2313 735 2379 789 Τί
2405 737 2462 790 δὲ
2491 734 2872 805 ἀπεκτήσατο;
2908 724 3094 784 Πάντα
3124 728 3224 780 ὅσα
3250 719 3394 794 εἶχεν
3413 764 3428 790 ,
3479 715 3524 775 ὧ
3564 725 3655 779 άν-

392 832 704 886 ahdicavit?
769 831 1049 893 Uuiversa,
1105 845 1138 883 ο
1181 830 1364 893 homo,
1421 826 1647 887 dimisit,
1707 841 1826 894 qum
1874 826 1973 878 ha-

2079 829 2263 899 θρωπε
2285 845 2297 860 ·
2332 827 2547 897 ἑκάστῳ
2575 823 2653 889 δὲ,
2676 823 2704 877 ὃ
2732 823 3015 895 κέκτηται,
3044 820 3185 892 μέγα
3207 835 3222 849 ·
3256 817 3478 870 κάκεῖνο
3495 815 3658 868 πλοῦ·
3673 878 3685 899 Δ.

391 921 532 974 huit.
588 919 796 987 Cuique
853 933 995 984 vero,
1046 919 1187 988 quod
1239 917 1497 986 possidet,
1548 931 1796 986 magnu'n
1840 924 1970 969 est:

2076 937 2188 982 τος,
2217 917 2246 971 ὃ
2280 917 2393 988 ἔχει
2433 917 2720 987 ἀκτήμων.
2748 915 2976 985 Ὀμοιος
3026 909 3177 982 παρά
3214 907 3291 978 τῷ
3316 906 3435 979 θεῷ
3467 907 3654 975 φαίνε-

394 1011 650 1080 illudque,
691 1011 891 1064 divitia:
922 1018 1080 1073 sunt,
1108 1009 1248 1078 quod
1297 1008 1472 1061 tenuis
1526 1022 1588 1060 ac
1646 1021 1849 1075 egenus
1882 1006 1973 1058 ha-

2076 1029 2186 1073 ται,
2230 1012 2325 1064 καὶ
2357 1011 2385 1062 ὁ
2416 1009 2485 1062 τὰ
2512 1009 2735 1080 ἅρματα
2764 1005 3120 1077 ἀποθέμενος,
3150 1003 3243 1057 καὶ
3269 1001 3298 1052 6
3325 1001 3677 1080 καταφρονήῆ

393 1105 502 1157 het.
563 1103 764 1158 Similis
826 1102 966 1171 apud
1016 1100 1186 1154 Deum
1242 1098 1429 1162 habet,
1485 1108 1596 1151 tum
1646 1098 1736 1167 qui
1785 1111 1976 1150 currus

2078 1123 2178 1168 σας
2239 1104 2333 1157 τοῦ
2398 1103 2542 1156 ὄνου.
2588 1100 2764 1171 Ὅπερ
2836 1098 2946 1170 γάρ
2991 1099 3107 1150 ἐστι
3170 1096 3246 1162 τῷ
3316 1094 3554 1165 πλουσίῳ
3597 1084 3681 1146 τὸ⁴

392 1193 650 1257 dimittit,
704 1200 818 1245 tum
870 1192 960 1259 qui
1015 1192 1314 1245 contemnit
1351 1190 1585 1242 asinum.
1639 1187 1791 1254 Quod
1829 1185 1970 1241 enim

2075 1195 2403 1268 τέθριππον,
2448 1193 2607 1247 τοῦτο
2634 1192 2713 1264 τῷ
2727 1192 2919 1262 πένητι
2950 1193 2978 1245 6
3004 1189 3227 1263 εὐτελὴς
3239 1187 3547 1259 κανθήλιος.
3564 1172 3684 1245 Φι-ῗ

391 1280 544 1360 diviti
585 1279 740 1348 equis
806 1288 1041 1347 quatuor
1100 1285 1283 1331 vectus
1335 1290 1554 1339 currus,
1604 1274 1705 1329 hoc
1764 1273 1976 1327 clitellae

2076 1287 2302 1355 λὸσοιρος
2331 1286 2387 1339 δέ
2416 1288 2564 1339 ἐστιν
2599 1284 2819 1355 ὁμοίως,
2854 1283 2948 1337 καὶ
2974 1285 3002 1336 6
3035 1280 3132 1352 τὴν
3156 1280 3405 1352 ἀργυρᾶν
3431 1278 3659 1332 καταλι-

395 1369 528 1424 viles
565 1369 809 1437 pauperi.
860 1364 1092 1422 Perinde
1139 1376 1317 1421 autem
1360 1366 1710 1436 philosoiihus
1733 1374 1833 1428 est,
1861 1374 1972 1416 tum

2078 1377 2196 1433 πὼν
2218 1378 2517 1451 τράπεζαν,
2537 1376 2636 1442 τὴν
2659 1379 2780 1440 ταῖς
2801 1374 3068 1447 ἱστορίαις
3088 1370 3537 1449 πεποικιλμένην,
3565 1367 3661 1422 καὶ

395 1461 486 1528 qui
531 1468 843 1531 argenteam
906 1473 971 1512 ac
1030 1457 1274 1512 historiis
1326 1457 1476 1509 varie
1536 1456 1841 1509 distinctam
1894 1469 1978 1508 or-

2076 1474 2105 1525 6
2132 1472 2233 1542 τὴν
2256 1469 2473 1539 ξυλίνην
2510 1469 2608 1541 τὴν
2638 1467 2868 1521 εὔωνον·
2900 1465 3104 1536 ὁμοίως
3138 1463 3232 1517 καὶ
3274 1464 3303 1519 6
3334 1460 3431 1532 τὴν
3464 1458 3660 1530 κώμην

396 1563 715 1622 natamque,
757 1561 867 1603 tum
910 1550 999 1619 qui
1041 1549 1276 1618 ligneam
1338 1546 1568 1615 vilisque
1617 1546 1774 1615 pretii
1826 1560 1975 1599 meu-

2077 1565 2176 1634 τὴν
2226 1561 2688 1634 πολυάνθρωπον,
2725 1561 2820 1614 καὶ
2868 1559 2929 1612 τὸ
2973 1557 3168 1629 μικρὸν
3205 1554 3439 1624 κηπίον·
3490 1554 3518 1605 ὁ
3563 1549 3661 1621 τὴν

397 1660 513 1699 sam
551 1644 845 1713 relinquit;
883 1657 947 1696 ac
985 1640 1263 1703 similiter,
1312 1649 1425 1692 tum
1457 1638 1548 1708 qui
1586 1637 1840 1706 frequens
1877 1637 1977 1690 ho-

2080 1653 2283 1725 ἐσθῆτα
2308 1653 2407 1724 τὴν
2433 1652 2830 1723 χρυσόπαστον,
2865 1651 2961 1703 καὶ
2988 1649 3080 1702 τὸν
3108 1644 3561 1716 πεπαλαιωμένον
3589 1660 3665 1714 χι·

396 1735 634 1790 minibus
678 1736 974 1805 oppidum,
1032 1745 1144 1786 tum
1205 1732 1295 1800 qui
1346 1732 1599 1802 exiguum
1651 1729 1973 1783 hortulum:

2121 1743 2243 1797 ῶνα.
2278 1743 2353 1795 Ού
2382 1742 2488 1812 γὰρ
2523 1742 2582 1795 ἐν
2609 1740 2689 1811 τῷ
2713 1738 2909 1811 πλήθει
2941 1737 3035 1790 καὶ
3064 1738 3131 1807 τῇ
3161 1735 3408 1804 ποιότητι
3447 1731 3555 1785 τῶν
3580 1731 3662 1783 δι-

399 1829 491 1897 qni
530 1841 734 1884 vestem
790 1843 925 1881 auro
978 1836 1215 1892 textam,
1261 1825 1464 1895 quique
1507 1835 1742 1880 veterem
1782 1838 1845 1877 ac
1882 1827 1977 1877 de-

2080 1834 2319 1904 δομένων
2374 1835 2403 1886 6
2466 1832 2597 1897 Θεὸς
2649 1832 2711 1884 τὸ
2755 1830 3103 1902 μεταδοτικὸν
3146 1828 3240 1881 καὶ
3284 1824 3665 1895 φιλάνθρωπον

399 1923 584 1975 tritam
639 1921 900 1975 tunicam.
947 1918 1064 1975 Non
1119 1921 1260 1975 enim
1308 1920 1449 1975 Deus
1495 1918 1836 1973 multitudine
1887 1926 1977 1970 aut

2044 1901 2051 1944 ί
2082 1897 2277 1996 κρίνει·
2303 1926 2438 1979 ἀλλὰ
2463 1925 2561 1996 τὴν
2594 1897 2915 1996 προαίίρεσιν
2939 1919 3264 1991 ἀποδέχεται
3287 1916 3380 1971 τοῦ
3408 1915 3659 1979 διδόντος.

399 2011 661 2081 qualitate
698 2025 884 2064 eorum
941 2026 1062 2081 qua:
1140 2013 1359 2077 dantur,
1393 2011 1734 2066 collationem
1770 2007 1977 2076 iudicat

2082 2016 2173 2069 Διὸ
2204 2016 2298 2069 καὶ
2329 2015 2429 2087 τὴν
2461 2016 2638 2087 χήραν
2672 2014 2908 2085 ἐκείνην,
2943 2013 3018 2076 ὡς
3049 2009 3369 2081 εὐγνώμονα
3396 2006 3665 2078 κηρύσσει

401 2120 467 2159 ac
507 2105 900 2159 humanitatem
926 2146 941 2169 ,
985 2105 1077 2158 sed
1101 2115 1308 2174 gratam
1348 2105 1511 2158 habet
1541 2118 1602 2157 ac
1629 2095 1821 2171 proba't
1845 2102 1979 2153 dan-

2081 2110 2143 2163 τὸ
2170 2109 2526 2180 Εύαγγέλιον,
2562 2108 2661 2176 τὴν
2697 2108 2758 2162 τὸ
2792 2106 2978 2161 ὀϐολόν
3007 2098 3314 2158 ἐπιδοῦσαν·
3346 2100 3534 2172 ἐπειδὴ
3564 2117 3667 2171 μη-

401 2202 472 2257 tis
507 2198 860 2255 voluntatem.
906 2199 1266 2266 Quamobrem
1310 2198 1471 2252 etiam
1514 2195 1863 2264 Evangelium
1893 2193 1973 2247 vi-

2082 2201 2171 2254 δὲν
2213 2200 2662 2272 παρακατέσχεν,
2700 2191 2774 2253 ὧν
2816 2194 2949 2269 εἶχε.
2992 2196 3105 2250 Καὶ
3146 2197 3174 2248 6
3219 2193 3283 2247 τὸ
3320 2194 3577 2263 ποτήριον
3609 2189 3667 2242 δὲ

401 2294 562 2348 duam
627 2292 772 2347 illam
810 2291 886 2345 uti
928 2291 1153 2360 probam
1196 2290 1559 2359 depra‘dicat,
1597 2302 1718 2358 qua:
1761 2286 1975 2341 obolum

2083 2292 2279 2367 ὀρέξας
2315 2293 2410 2347 τοῦ
2449 2292 2660 2365 ψυχροῦ
2697 2291 2911 2355 ὓδατος,
2947 2288 3212 2359 λαμϐάνει
3242 2285 3431 2357 μισθὸν
3455 2283 3556 2353 τῆς
3581 2282 3665 2335 δν-

401 2385 674 2454 impertita
708 2394 884 2449 esset;
919 2383 1061 2452 quod
1093 2380 1222 2435 nihil
1250 2381 1561 2436 retinuisset
1602 2394 1790 2434 eorum
1860 2392 1979 2447 quae

2083 2403 2191 2449 τως
2219 2385 2441 2439 εὐκόλου
2471 2384 2796 2451 δεξιώσεως,
2818 2383 2915 2454 τὴν
2941 2380 3239 2451 βασιλείαν.
3265 2371 3336 2449 ’ᾮ
3364 2377 3473 2448 γάρ
3498 2370 3666 2445 εἶχεν.

322 2523 333 2531 .
402 2475 638 2531 habebat
663 2475 729 2528 ἰ.
765 2473 905 2540 Quin
936 2473 1100 2527 etiam
1125 2515 1140 2539 ,
1184 2473 1273 2541 qui
1318 2487 1472 2542 aqua:
1521 2470 1725 2540 frigida:
1755 2469 1937 2524 calice:

2086 2472 2422 2548 ἐθεράπευσε
2449 2475 2545 2531 τοῦ
2560 2477 2823 2546 διψῶντος
2852 2475 2951 2547 τὴν
2983 2473 3197 2545 χρείαν,
3215 2472 3264 2524 εἰ
3293 2471 3389 2524 καὶ
3422 2467 3496 2539 μὴ
3525 2484 3669 2539 παρ-

400 2565 739 2637 prmbuerit,
801 2564 1037 2633 expediti
1133 2576 1320 2616 revera
1397 2561 1682 2629 facilisque
1748 2558 1979 2614 convivii

2086 2570 2151 2640 ῆν
2180 2568 2328 2639 αύτῷ
2348 2564 2491 2633 οἶνος
2520 2568 2821 2639 ἀνθοσμίας
2849 2565 2938 2619 διά
2974 2565 3190 2618 πενίαν.
3213 2562 3400 2617 Ταῦτα
3443 2559 3501 2613 δὲ
3525 2558 3672 2627 λέγω

336 2706 343 2713 ,
402 2648 743 2720 mercedem,
768 2672 991 2724 regnum
1020 2664 1342 2724 accepturus
1363 2654 1529 2709 eat”.
1564 2653 1640 2708 Eo
1667 2651 1809 2707 enim
1838 2665 1951 2720 quol

2087 2660 2229 2715 κατά
2277 2659 2657 2732 συγχώρησιν,
2694 2658 2818 2712 ἐπεὶ
2859 2658 2919 2710 ού
2969 2656 3218 2720 πάντως,
3254 2652 3419 2714 εἴτις
3461 2648 3670 2711 ἁλιεὺς,

361 2748 367 2753 ’
403 2750 757 2819 suppetebat,
788 2749 1022 2801 sitientis
1067 2748 1449 2800 necessitatem
1480 2743 1724 2808 curavit;
1768 2740 1976 2796 tametsi

2087 2747 2240 2816 οὗτος
2268 2753 2360 2807 καὶ
2388 2752 2577 2823 πένης.
2611 2751 2725 2804 Ούκ
2752 2747 2930 2813 οἶδας,
2961 2748 3037 2811 ὡς
3087 2746 3272 2809 ἁλιεὺς
3316 2739 3672 2816 μαργαριτῶν

402 2840 515 2893 vini
551 2838 763 2893 odorati
805 2852 869 2893 ac
914 2836 1164 2907 generosi
1193 2837 1263 2890 ob
1292 2845 1662 2905 paupertatem
1693 2834 1846 2904 copia
1877 2847 1979 2886 non

2088 2844 2206 2896 ἐστι
2237 2842 2507 2913 θηρευτής
2533 2858 2548 2907 ;
2575 2843 2924 2912 Μαργαρῖται
2952 2839 3012 2892 δὲ
3032 2881 3046 2904 ,
3076 2837 3235 2900 ἄνθος
3250 2836 3371 2889 Elei.
3402 2834 3498 2888 τοῦ
3531 2831 3669 2901 γαύ-

405 2941 541 2986 erat.
575 2927 701 2982 llaec
734 2943 900 2997 porro
933 2942 1029 2996 per
1067 2927 1452 2996 indulgentiam
1489 2926 1630 2980 dico.
1660 2923 1812 2979 Haud
1836 2924 1980 2979 enim

2093 2952 2188 3006 ρου
2212 2934 2304 2987 καὶ
2331 2931 2634 3003 ύψαύχενος
2662 2929 2916 2994 πλούτου,
2943 2923 3024 2992 οἷς
3047 2926 3288 2998 βασιλεῖς
3316 2924 3673 2989 κοσμοῦνται,

406 3036 652 3091 prorsus,
690 3030 750 3074 ut
775 3019 896 3089 quis
935 3019 1198 3089 piscator,
1242 3019 1380 3073 idem
1415 3027 1470 3072 et
1503 3033 1707 3088 pauper
1732 3017 1980 3072 exsistat.

2088 3020 2170 3088 οἷς
2199 3026 2454 3092 γυναῖκες
2482 3022 2825 3092 φιλόπλουτοι
2864 3021 2956 3074 καὶ
2982 3019 3302 3090 φιλόκοσμοι
3344 3016 3678 3084 ὲπαγάλλον-

405 3114 488 3167 Au
540 3111 723 3166 nescis
773 3108 1098 3180 piscatorem
1149 3108 1470 3179 margaritas
1518 3108 1784 3177 captare?
1840 3106 1984 3161 Mar-

2089 3134 2199 3170 ται.
2240 3114 2448 3178 Ἀλιεὺς
2481 3112 2676 3184 βάπτει
2709 3113 2808 3184 τὴν
2844 3110 3138 3182 ἁλουργίδα
3174 3110 3272 3181 τὴν
3299 3107 3676 3179 πολυθρύλλη-

407 3192 827 3274 εητίιεεὶιυιοιιι,
862 3200 960 3257 ﬂos
991 3210 1115 3255 sunt
1155 3200 1981 3270 supet‘barum‘excelsarumque
2011 3259 2022 3277 Α

2089 3225 2199 3274 τον,
2239 3206 2334 3261 καὶ
2370 3205 2752 3277 ἀφιερωμένην
2790 3206 2857 3275 τῇ
2886 3202 3160 3275 βασιλείᾳ·
3197 3201 3369 3264 ἁλιεῖς
3407 3199 3676 3271 βάπτουσι

407 3296 740 3359 divitiarum,
761 3294 958 3365 quibus
987 3308 1140 3364 reges
1182 3301 1486 3348 ornantur:
1518 3288 1712 3363 quibus
1748 3291 1980 3355 feminae,
2010 3287 2022 3307 '

2086 3297 2156 3352 τὰ
2187 3297 2471 3369 ύπόχρυσα
2495 3296 2604 3349 τῶν
2628 3294 2811 3366 ἐρίων,
2843 3292 2939 3365 τὴν
2971 3291 3171 3363 ξανθὴν
3197 3290 3390 3346 πίνναν
3412 3287 3675 3360 θηρεύον-

407 3403 567 3458 opum
624 3387 829 3457 pariter
889 3403 953 3441 ac
1019 3396 1244 3441 ornatus
1309 3394 1598 3448 amantes,
1662 3384 1981 3454 gloriantur.

2085 3406 2200 3453 τες.
2228 3388 2302 3441 υύ
2333 3387 2513 3441 τοίνυν
2536 3385 2616 3439 δεῖ
2637 3385 2926 3458 προσέχειν
2948 3387 3063 3447 τοῖς
3084 3382 3337 3455 ὀργάνοις
3355 3381 3455 3452 τῆς
3477 3380 3677 3453 τέχνης

411 3480 656 3535 Piscatur
693 3493 986 3549 purpuram
1041 3478 1248 3543 inlicit,
1296 3475 1869 3541 deeantatam-illam,
1924 3491 1985 3530 ac

2089 3479 2292 3544 αὐτῶν,
2317 3478 2392 3542 ὡς
2421 3476 2644 3540 εὐώνοις
2677 3478 2773 3530 καὶ
2815 3476 3334 3546 εὐκαταφρονήτως,
3370 3471 3448 3543 τῷ
3473 3473 3678 3543 δικτύῳ

409 3570 630 3638 imperii
653 3568 898 3637 insiguiis
929 3566 1558 3621 addictam.‘Piscatores
1605 3565 1877 3619 subﬂavas
1920 3581 1985 3620 ac

2091 3571 2264 3643 φημὶ,
2299 3569 2531 3633 καὶτοῖς
2568 3566 2920 3639 ἀγκίστροις·
2962 3567 3074 3619 ἀλλ’
3107 3568 3172 3620 ὲκ
3208 3566 3306 3637 τῆς
3346 3564 3675 3635 τελουμένης

410 3663 558 3716 velut
594 3675 727 3713 auro
754 3658 946 3713 rutilas
986 3658 1135 3712 lanas
1171 3658 1423 3727 tingunt,
1455 3657 1652 3725 quibus
1677 3657 1871 3724 pinnas
1894 3654 1989 3709 ﬂa-

2089 3661 2367 3735 ὲργασίας,
2399 3661 2455 3714 αἱ
2488 3659 2735 3730 εὐπορίαι
2768 3659 3304 3729 καταμανθάνονται·
3341 3656 3462 3710 ἐπεί
3491 3656 3573 3709 τοί
3603 3672 3663 3724 γε

409 3762 508 3801 vas
541 3745 781 3814 capiunt.
830 3741 985 3798 Haud
1025 3759 1156 3814 ergo
1201 3759 1390 3799 eorum
1453 3744 1586 3798 artis
1628 3745 1987 3801 instrumenta

2090 3755 2209 3809 κατ’
2244 3755 2450 3807 ἐκεῖνον
2478 3753 2568 3806 τὸν
2606 3752 2796 3821 λόγον,
2826 3752 2978 3805 οὐδὲν
3017 3752 3340 3821 πενέστερον
3368 3749 3536 3821 εὕρῃς
3566 3747 3664 3817 τῆς

412 3837 705 3906 spectanda
760 3835 869 3889 sint
921 3844 1174 3904 tanquam
1220 3835 1344 3889 vilia
1376 3850 1441 3891 ac
1469 3843 1815 3904 contempta;
1853 3844 1987 3900 rete,

2090 3847 2387 3919 γεωργίας,
2424 3847 2473 3899 εἰ
2507 3844 2615 3899 ἀπὸ
2644 3845 2744 3916 τῆς
2783 3844 3034 3916 δικέλλης
3066 3844 3163 3899 καὶ
3198 3845 3296 3915 τῆς
3323 3844 3608 3912 σκαπάνης
3650 3843 3681 3895 6

415 3932 671 3997 inquam,
711 3944 773 3982 ac
809 3926 1090 3982 hami:ex
1142 3942 1208 3982 eo
1265 3937 1445 3982 autem
1508 3928 1654 3998 quod
1709 3936 1985 3991 exercent,

2093 3935 2322 3999 πλοῦτος
2348 3936 2519 4006 αὐτῆς
2542 3934 2906 4006 δοκιμάζοιτο.
2936 3936 3168 4006 Ἀποροι
3196 3934 3253 3987 δὲ
3277 3930 3557 3996 παντελῶς
3587 3930 3681 3984 καὶ

414 4035 602 4077 eorum
643 4019 929 4074 facultates
959 4019 1202 4073 noveris.
1231 4018 1445 4089 Alioqui
1488 4019 1653 4085 enim,
1690 4019 1822 4074 nihil
1849 4019 1991 4087 agri-

2093 4030 2143 4081 οί
2175 4027 2267 4080 τὸν
2297 4026 2498 4098 χρυσὸν
2524 4026 2940 4098 ἀνορύττοντες,
2983 4025 3074 4079 τὸν
3109 4023 3337 4095 βασιλέα
3382 4020 3477 4077 τοῦ
3512 4020 3679 4074 πλού-

414 4113 625 4167 cnltura
671 4112 961 4182 pauperius
1002 4121 1296 4175 occurrat,
1341 4121 1399 4164 ut
1433 4127 1500 4165 ex
1532 4111 1710 4183 ligone
1743 4126 1806 4165 ac
1842 4122 1994 4165 rutro

2095 4110 2215 4171 τουῖ
2255 4118 2371 4172 Μία
2399 4119 2508 4191 γὰρ
2538 4117 2721 4181 αὐτοῖς
2742 4116 2898 4188 ἀξίνη
2931 4118 3215 4188 συνεργεῖ·
3250 4113 3460 4180 ξύλινος
3493 4112 3677 4178 πίναξ,

413 4205 532 4279 ejus
554 4206 679 4275 quis
704 4206 897 4276 probet
928 4204 1170 4259 divitias.
1211 4204 1320 4259 Sed
1350 4215 1403 4260 et
1434 4205 1467 4260 ii
1503 4205 1594 4274 qui
1625 4219 1805 4274 regem
1841 4204 1990 4258 illmu

2095 4213 2124 4263 6
2152 4211 2250 4280 τῆς
2275 4209 2381 4280 γῆς
2413 4209 2504 4263 τὸν
2544 4209 2743 4281 χρυσὸν
2774 4208 3110 4280 ἀποκρίνων.
3145 4206 3465 4277 Σιγάτωσαν
3500 4204 3681 4259 τοίνυν

415 4301 763 4365 divitiarum,
824 4313 1016 4352 aurum
1082 4297 1330 4365 fodiunt,
1392 4299 1581 4368 inopes
1639 4307 1822 4353 erunt.
1869 4296 1994 4352 Sola

2097 4300 2301 4355 ἐθνικοὶ
2339 4302 2434 4354 καὶ
2474 4300 2746 4372 Ἑϐραῖοι,
2782 4302 2830 4353 οἱ
2860 4300 3051 4372 Πέτρῳ
3080 4299 3271 4353 πενίαν
3306 4298 3679 4363 ὀνειδίζοντες,

414 4394 613 4464 quippe
664 4393 812 4447 ascia
868 4392 949 4447 eis
989 4392 1109 4446 usui
1154 4401 1272 4455 est,
1306 4407 1368 4445 ae
1394 4391 1567 4461 lignea
1597 4390 1859 4454 scutella,
1889 4405 1993 4460 qua

2098 4394 2193 4447 καὶ
2232 4392 2340 4446 ἀπὸ
2372 4392 2464 4445 τοῦ
2501 4391 2695 4456 ἁλιέως
2731 4391 3052 4462 σμικρύνειν
3079 4390 3174 4443 τὸν
3206 4391 3380 4460 μέγαν
3409 4387 3683 4460 πειρώμε-

416 4499 609 4540 aurum
659 4484 975 4539 discernunt
1003 4498 1033 4536 a
1074 4491 1242 4538 terra.
1269 4481 1507 4537 Taceant
1553 4481 1736 4549 itaque
1771 4479 1998 4550 gentiles

2100 4503 2212 4539 νοι·
2243 4487 2339 4539 καὶ
2369 4485 2757 4548 καταλιπόντες
2798 4485 2866 4539 τά
2909 4482 3131 4538 τοιαῦτα
3165 4482 3564 4554 κομψεύεσθαι,
3598 4481 3684 4534 λε-

420 4576 770 4646 Hebraeique,
815 4574 906 4642 qui
935 4573 1094 4627 Petro
1116 4581 1490 4642 paupertatem
1519 4573 1854 4642 exprobrant
1879 4611 1894 4636 ,
1918 4579 1999 4625 at-
2032 4592 2035 4643 ς

2067 4598 2074 4634 ι
2102 4576 2350 4649 γέτωσάν
2385 4593 2475 4646 μοι
2507 4576 2899 4647 πυνθανομένῳ
2917 4593 2930 4606 ·
2963 4576 3059 4640 Τίς
3088 4576 3314 4638 ἁλιέων,
3348 4574 3383 4645 ἢ
3406 4575 3516 4628 τῶν
3545 4574 3682 4626 πάν-

418 4684 526 4737 que
564 4682 594 4722 a
633 4666 923 4736 piscatoris
945 4675 1063 4718 arte
1094 4681 1343 4735 magnum
1381 4656 1528 4720 illum
1556 4665 1861 4736 deprimere
1887 4676 2002 4720 teu—

2095 4686 2204 4721 των
2240 4665 2546 4738 ἀνθρώπων
2574 4665 2838 4732 ὲπέξευσε
2868 4665 3175 4732 θάλασσαν;
3204 4666 3300 4728 Τίς
3329 4665 3524 4736 ἔστησε
3551 4663 3687 4716 πόδα

418 4767 557 4815 tant.
582 4753 729 4809 Talia
754 4769 883 4809 vero
910 4754 1127 4821 gloriari
1155 4763 1454 4817 cessantes,
1486 4756 1689 4821 dicant,
1708 4771 1861 4826 rogo,
1879 4770 2001 4824 per—

2098 4758 2240 4812 κατά
2270 4758 2467 4829 λίμνης
2492 4757 2757 4827 ἑστώσης,
2782 4758 2857 4822 ὡς
2886 4761 3092 4822 ἐκεῖνος
3119 4756 3260 4812 κατά
3287 4758 3544 4827 κυμάτων
3572 4756 3686 4818 τοῖς

419 4845 662 4902 contanti
721 4845 856 4899 mihi
891 4859 906 4897 :
941 4844 1202 4911 Quisnam
1255 4844 1513 4914 piscator,
1563 4859 1658 4898 aut
1705 4847 2000 4901 universim

2100 4851 2319 4922 ἀνέμοις
2347 4850 2781 4922 τινασσομένων;
2813 4850 2919 4904 Τοῦ
2951 4849 3060 4922 γάρ
3085 4849 3220 4904 Θεοῦ
3244 4848 3404 4921 ἡμῶν
3433 4846 3527 4900 τοῦ
3552 4848 3689 4916 ἀγα-

420 4940 619 5001 homo,
665 4951 828 5005 supra
882 4952 1028 4990 mare
1068 4936 1231 5003 pedes
1263 4936 1530 4990 incessit?
1567 4936 1700 5003 Quis
1737 4952 1897 5008 supra
1929 4938 2003 4991 la—

2102 4940 2219 5005 θοῦ,
2258 4941 2429 4994 πολλά
2470 4940 2723 5012 θαύματα
2767 4940 2854 4994 διὰ
2902 4940 3008 4995 τῶν
3048 4940 3266 4994 οἰκείων
3305 4937 3506 4992 δούλων
3538 4935 3691 4989 τελέα

422 5045 544 5084 cum
572 5039 804 5085 stantem
837 5045 1084 5100 gressum
1112 5028 1248 5092 ﬁxit,
1276 5028 1349 5080 uti
1380 5028 1467 5081 ille
1492 5043 1649 5094 supra
1678 5028 1871 5083 ﬂuctus
1892 5031 2004 5100 agi-

2110 5049 2320 5095 σαντος,
2349 5033 2441 5109 ἐπί
2464 5049 2519 5085 τε
2552 5034 2652 5100 τῆς
2683 5031 2957 5095 πολιτείας
2983 5031 3076 5084 τοῦ
3122 5029 3336 5101 Ἰσραὴλ
3358 5029 3419 5082 τὸ
3437 5028 3689 5099 ἀρχαῖον,

425 5134 569 5177 talos
606 5122 829 5176 ventis?
856 5122 988 5175 Cum
1018 5119 1161 5176 enim
1202 5118 1344 5172 Deus
1374 5119 1462 5173 ille
1510 5130 1716 5185 nostcr,
1747 5137 1866 5191 qum
1891 5122 2009 5190 ejus

2109 5127 2211 5177 κάν
2243 5128 2354 5188 τοῖς
2387 5102 2613 5196 ὕστερον
2652 5124 2887 5196 χρόνοις,
2932 5127 2989 5177 ὲν
3021 5118 3104 5187 οἷς
3136 5127 3168 5195 ἡ
3202 5102 3692 5192 φιλάνθρωποςμοί·

424 5214 673 5269 bonitas!
717 5213 880 5267 multa
916 5229 1010 5282 per
1050 5229 1175 5266 suos
1222 5226 1409 5266 servos
1443 5213 1670 5280 patrarit
1720 5214 2004 5277 miracula,

2109 5216 2337 5286 κονομία
2372 5215 2466 5269 τοῦ
2501 5217 2754 5287 Σωτῆρος
2781 5216 2939 5288 ἡμῶν
2968 5217 3213 5286 ἐπεφάνη
3239 5210 3315 5285 τῷ
3345 5213 3535 5284 κόσμῳ
3556 5229 3571 5243 ·
3601 5212 3693 5265 ού-

425 5325 545 5361 cnm
577 5308 703 5362 olim
737 5309 790 5359 in
818 5306 1027 5375 republ.
1064 5304 1278 5359 Israelis
1302 5346 1315 5370 ,
1350 5313 1460 5358 tum
1495 5306 1692 5374 quibus
1723 5307 2008 5374 postremis

2109 5307 2219 5370 δεὶς
2250 5308 2358 5359 τῶν
2407 5307 2464 5374 ἐξ
2523 5308 2698 5380 ἀρχῆς
2746 5311 2826 5373 είς
2875 5309 3028 5372 τέλος
3068 5308 3266 5376 ἁγίων,
3312 5304 3565 5375 τοιαύτην
3604 5303 3690 5357 διά

426 5400 788 5469 temporibus,
842 5396 1074 5466 benigna
1140 5395 1440 5449 Salvatoris
1493 5396 1658 5450 nostri
1700 5394 2006 5451 lucarnatio

2114 5399 2351 5461 πίστεως
2382 5398 2536 5461 ἰδίας,
2574 5400 2667 5452 καὶ
2703 5401 2799 5470 τῆς
2825 5399 3030 5454 ἄνωθεν
3060 5399 3310 5470 χάριτος,
3344 5395 3542 5469 πρᾶξιν
3573 5397 3692 5447 ὲπι-

428 5491 630 5546 mnudo
676 5488 917 5544 exhibita
942 5497 1053 5573 _e§t
1087 5506 1099 5541 :
1130 5486 1309 5565 nullus
1364 5497 1540 5540 tamen
1586 5501 1795 5547 eortun,
1846 5488 1934 5554 qui
1974 5502 2001 5538 a

1846 5488 1934 5554 qui
1974 5502 2001 5538 a
2110 5491 2324 5546 τελέσαι
2362 5492 2631 5561 φαίνεται.
3409 5503 3419 5515 ’

434 5586 700 5655 principio
736 5583 790 5638 in
822 5572 993 5636 linem
1031 5595 1201 5650 usque
1243 5580 1775 5644 clarueruutsancti,
1817 5580 1921 5636 ﬁde
1958 5598 2052 5638 sua
2094 5602 2155 5641 ac
2198 5602 2427 5655 superna
2472 5586 2679 5655 gratia,
2712 5602 2822 5641 rem
2854 5584 3116 5655 ejusmodi
3157 5586 3399 5640 noscitur
3436 5582 3695 5653 gessisse.

2005 5834 2029 5860 Ι

605 5881 722 5935 Zur.
762 5900 875 5945 xxi,
903 5884 934 5936 Ξ).
956 5885 1026 5939 -4.
1105 5886 1149 5917 ⁸⁵
1177 5884 1368 5941 Matth.
1395 5900 1445 5951 κ,
1479 5884 1571 5938 42.
