4090 6146
434 345 535 397 277

1325 345 1613 401 HOMILIA
1647 347 1781 407 VIII.
1826 348 1888 405 IN
1932 349 2030 403 SS.
2069 349 2348 405 PETIlUM
2385 350 2470 404 ΕΤ
2512 350 2822 407 PAULL'M.

3575 352 3679 406 9.73

499 464 825 534 Θαυμαστὸς
859 468 885 517 6
926 465 1191 534 Μωῦσῆς,
1234 466 1466 535 πέλαγος
1507 468 1634 522 ἄνευ
1686 469 1887 521 πλοίων
1919 485 2010 521 πε-

2188 470 2451 524 Mirabilis
2475 470 2688 537 quidem
2722 469 2930 540 Moyses
2968 469 3109 523 nullo
3152 470 3362 538 navigio
3408 469 3680 537 trajicicns

366 615 373 623 ε
436 552 723 623 ραιωθείς·
765 552 899 606 ἀλλὰ
929 554 1031 623 γῆν
1065 553 1378 619 ἐπέζευσεν,
1479 557 1640 627 νόμος
1685 557 2010 628 ἀνθρώποις,

434 644 588 696 ἔνθεν
617 642 711 697 τοῦ
741 643 929 708 ’ὕδατος
969 645 1383 710 ἀναστέλλοντος
1421 648 1557 719 πρὸς
1590 650 1798 703 ἑαυτόν.
1827 650 2013 718 Μέγας

434 736 529 787 καὶ
553 736 582 787 ὁ
612 736 817 806 Ἰησοῦς
838 736 1068 790 ὁτούτου
1095 737 1355 808 διάδοχος,
1374 740 1454 791 ὅτι
1479 740 1571 792 τὸν
1597 740 1865 811 Ἰορδάνην
1882 743 2009 793 ὲπε-
2044 790 2054 806 ,

438 824 647 895 ραιὼοη
669 866 683 887 ,
711 827 850 897 ὑπὲρ
885 826 983 890 τάς
1014 827 1178 897 ὄχθας
1207 828 1602 901 πλημμύροντα
1625 848 1639 862 ⁶
1669 831 1783 884 ἀλλ’
1812 832 2011 901 ὁμοίως

346 918 357 943 ‘
436 918 534 986 τῆς
583 915 847 988 Ἐρυθρᾶς
873 917 1182 989 Θαλάσσης,
1227 920 1475 983 κάκεῖνος
1518 920 1750 990 διασχὼν
1794 922 2007 985 ἑαυτὸν,

439 1009 530 1059 καὶ
556 1007 832 1076 ἀνακόψας
859 1009 920 1061 τὸ
942 1008 1365 1081 ρεἶθρονβδωκε
1390 1010 1468 1081 τῷ
1495 1013 1870 1083 περαιουμένῳ
1898 1013 2011 1083 λαῷ

439 1096 649 1167 γυμνὴν
677 1097 775 1168 τὴν
803 1097 976 1170 ξηρὰν
1022 1101 1100 1162 είς
1145 1098 1417 1153 ἐπίϐασιν.
1452 1100 1637 1163 Οὐδεὶς
1665 1100 1722 1153 δέ
1755 1118 1885 1154 ποτε
1923 1104 2010 1155 ἀν-

437 1189 577 1259 δρῶν
599 1189 739 1242 κατά
770 1189 961 1254 ὓδατος
989 1192 1175 1263 ἤρεισε
1192 1192 1347 1246 πόδα.
1380 1192 1515 1245 Οὐδὲ
1536 1192 1645 1264 γάρ
1671 1196 1699 1246 6
1724 1194 1884 1263 νόμος
1908 1194 2009 1263 τῆς

437 1279 649 1347 φύσεως
676 1280 1053 1351 καταδέχεται,
1082 1281 1181 1352 τὴν
1207 1281 1377 1353 ὀργὰν
1411 1281 1477 1353 [ί.
1508 1282 1661 1354 ὓλην]
1708 1283 1878 1353 ὑγρὰν
1915 1285 2008 1336 καὶ

433 1371 685 1439 ῥέουσαν,
713 1369 958 1442 ἀντέχειν
987 1371 1066 1442 τῷ
1098 1373 1302 1444 στερεῷ
1334 1373 1428 1426 καὶ
1455 1374 1715 1437 πιέζοντι.
1758 1377 1915 1427 Δοκεῖ
1950 1374 2007 1427 δέ

434 1477 524 1529 μοι
550 1462 580 1513 6
607 1459 713 1512 τῶν
740 1461 876 1514 ὅλων
900 1462 1105 1533 Κύριος
1132 1465 1225 1517 καὶ
1257 1466 1531 1535 Δεσπότης
1549 1504 1563 1527 ,
1606 1464 2008 1535 ὑπεραγασθεὶς

434 1552 738 1621 τηνικαῦτα
781 1553 879 1623 τὴν
924 1554 1291 1625 ὑπερζέουσαν
1320 1557 1415 1610 τοῦ
1454 1557 1644 1628 ἀνδρὸς
1688 1556 2002 1626 ἐπιθυμίαν,

435 1645 554 1713 μεθ’
591 1641 658 1716 ἧς
697 1647 964 1717 ὲκέκραγε
1001 1647 1196 1717 λέγων,
1227 1649 1536 1705 Κέλευσόν
1565 1668 1642 1719 με
1678 1651 1877 1705 ἐλθεῖν
1906 1650 2003 1703 ἐπὶ

433 1736 539 1790 τοῦ
589 1736 807 1802 ὕδατος
842 1738 993 1805 πρὸς
1045 1740 1151 1804 σὲ,
1213 1740 1402 1812 μισθὸν
1446 1741 1593 1811 αὐτῷ
1648 1742 1746 1811 τῆς
1806 1740 2004 1810 πολλῆς

432 1827 653 1897 ἀγάπης
683 1830 776 1883 καὶ
806 1831 1040 1894 πίστεως
1063 1872 1078 1895 ,
1115 1833 1331 1904 ἐκείνην
1363 1832 1545 1886 δοῦναι
1568 1831 1666 1903 τὴν
1691 1832 1882 1902 καινὴν
1912 1832 2003 1885 καὶ
2036 1804 2076 1857 Β

433 1918 733 1989 παράδοξον
758 1920 939 1992 χάριν,
974 1916 1042 1991 ἦς
1083 1922 1286 1992 Πέτρος
1321 1922 1494 1993 ἐφάνη
1530 1922 1773 1984 δεκτικὸς
1811 1920 1998 1993 μόνος,

433 2010 540 2062 ἀπὸ
568 2011 677 2064 τῶν
710 2012 769 2078 ἐξ
812 2013 982 2084 Ἀδὰμ
1008 2014 1101 2067 καὶ
1134 2015 1293 2086 μέχρι
1322 2014 1507 2077 τέλους
1539 2013 1862 2085 ἀνθρώπων.
1892 2014 2001 2066 Καὶ

441 2099 540 2171 γὰρ
569 2101 775 2171 ἀληθὴς
803 2104 896 2156 καὶ
935 2102 1209 2176 ἐξαίρετος
1237 2103 1331 2158 τοῦ
1359 2103 1492 2157 Θεοῦ
1517 2143 1532 2168 ,
1568 2105 1600 2174 ἡ
1624 2103 1726 2172 τῆς
1749 2101 2003 2171 τοιαύτης

433 2192 836 2264 μεγαλουργίας
859 2194 1136 2260 ἐπίδειξις,
1169 2194 1508 2266 ὑπερέχουσα
1529 2195 1628 2265 τὴν
1653 2193 1753 2264 τῆς
1775 2195 2003 2255 κτίσεως

431 2266 813 2355 ταπεινότητα,
840 2284 1022 2348 καθὼς
1044 2285 1138 2339 καὶ
1165 2285 1244 2355 τῷ
1272 2286 1433 2338 Δαϐὶδ
1459 2285 1607 2339 δοκεῖ
1636 2285 1712 2355 τῷ
1745 2284 2003 2355 βελτίστῳ

431 2376 539 2430 τῶν
575 2377 890 2448 προφητῶν.
932 2378 1199 2443 Κάκεῖνος
1233 2378 1341 2451 γὰρ
1377 2379 1434 2432 ἔν
1477 2396 1582 2432 τινι
1621 2379 1729 2432 τῶν
1771 2378 2003 2449 ψαλμῶν

431 2467 686 2538 ἀνυμνῶν
710 2467 801 2521 τὸν
822 2468 975 2535 Θεὸν,
1012 2470 1105 2522 καὶ
1126 2470 1223 2541 τὴν
1244 2472 1446 2538 ἄφατον
1478 2470 1643 2523 αὐτοῦ
1674 2471 1767 2524 καὶ
1808 2471 2000 2540 ἀπερι-

431 2557 621 2628 νόητον
658 2556 1022 2626 ἐξηγούμενος
1057 2556 1317 2627 δύναμιν,
1354 2556 1505 2610 ταῦτ’
1551 2552 1729 2621 εἶπεν,
1771 2556 1807 2610 ἃ.
1862 2572 1987 2608 συν-

433 2647 579 2717 ήθως
612 2647 976 2719 μελῳδοῦντες
998 2648 1300 2720 γνωρίζετε
1321 2666 1333 2677 ·
1379 2650 1481 2703 Ἐν
1499 2648 1782 2716 θαλάσσῃ
1806 2649 1844 2714 ἡ
1865 2646 2001 2712 ὁδός

431 2758 569 2804 σου,
601 2740 699 2794 καὶ
736 2743 795 2794 al
822 2741 1004 2809 τρίόοι
1046 2756 1162 2795 σου
1189 2742 1259 2795 ἐν
1296 2741 1477 2795 ὕδασι
1504 2740 1776 2807 πολλοῖς,
1809 2741 1906 2794 καί
1931 2738 2004 2793 τὰ

435 2832 576 2901 ιχνη
622 2849 736 2886 σου
776 2834 847 2886 οὐ
872 2832 1304 2901 γνωσθήσεται.
1340 2837 1403 2887 Ὃ
1437 2833 1615 2887 τοίνυν
1640 2829 1788 2903 εἶχεν
1855 2832 1884 2883 ὁ
1915 2834 2004 2883 Δε-

438 2925 643 2994 σπότης
675 2927 732 2977 ἐν
753 2927 864 2988 τοῖς
890 2925 990 2995 τῆς
1024 2923 1273 2997 θεότητος
1311 2926 1606 2996 ἐξαιρέτοις
1629 2926 2001 2998 γνωρίσμασι,

441 3016 590 3070 τοῦτο
615 3016 789 3069 κοινὸν
811 3017 1103 3086 ἐποιήσατο
1126 3017 1261 3089 πρὸς
1288 3018 1379 3073 τὸν
1404 3017 1617 3083 δοῦλον,
1644 3018 1792 3085 ἄξιον
1814 3002 2002 3089 κρίνας

442 3109 535 3178 τῆς
562 3107 826 3177 τοσαύτης
854 3108 1039 3179 τιμῆς.

502 3201 747 3272 Ζηλωτὺς
773 3200 872 3272 μὲν
906 3196 998 3255 οὖν
1033 3202 1126 3254 καὶ
1162 3201 1335 3272 μέγας
1363 3202 1633 3272 Ἰωάννης,
1658 3203 1749 3255 ἐπὶ
1780 3200 1885 3254 τῶν
1910 3199 2003 3254 τοῦ

436 3293 637 3364 Κυρίου
667 3292 902 3362 στέρνων
929 3292 1337 3364 ἀναπαυόμενος
1356 3311 1368 3322 ο
1405 3294 1576 3363 μέγας
1606 3294 1698 3354 καὶ
1732 3294 2003 3361 Ἰάκωϐος,

435 3385 506 3448 ὣς
538 3383 653 3447 υἱὸς
684 3382 1006 3454 ὀνομασθείς
1025 3383 1253 3455 βροντῆς
1271 3401 1283 3415 ⁶
1309 3383 1557 3455 λαμπρὸς
1590 3386 1648 3436 ὲν
1672 3388 1793 3448 ταῖς
1819 3388 2006 3456 τιμαῖς

434 3476 527 3529 καὶ
551 3478 580 3527 ὁ
604 3474 889 3539 Φίλιππος,
916 3474 992 3538 ὡς
1025 3475 1176 3546 παρά
1207 3473 1301 3527 τοῦ
1334 3475 1474 3528 Πνεύ
1484 3492 1654 3545 ματος
1684 3475 2005 3547 ἁρπασθεὶς,

440 3565 601 3635 ἡνίκα
625 3565 719 3618 τὸν
743 3564 975 3618 Αἰθίοπα
1008 3565 1143 3636 πρὸς
1168 3563 1266 3635 τὴν
1311 3565 1606 3633 ἐπίγνωσιν
1632 3566 1727 3618 τοῦ
1760 3565 2007 3636 Σωτῆρος

435 3655 931 3727 ἐμυσταγώγησεν·
982 3656 1095 3710 ἀλλ’
1142 3657 1293 3728 ὅμως
1346 3659 1401 3710 οί-
1447 3658 1648 3721 πάντες
1708 3657 2007 3729 ὑποχωρεί-
2038 3654 2051 3659 ’

441 3765 611 3802 τωσαν
647 3747 863 3818 Πέτρῳ,
896 3747 993 3799 καὶ
1028 3746 1365 3818 δευτερεύειν
1394 3747 1851 3818 ὁμολογείτωσαν,
1879 3747 2007 3800 ὅταν

437 3843 466 3910 η
497 3838 608 3893 τῶν
655 3836 1013 3908 χαρισμάτων
1061 3836 1348 3909 σύγκρισις
1401 3837 1670 3909 δοκιμάζῃ
1696 3839 1787 3890 τὸν
1817 3853 2008 3909 προτι-

438 3933 682 4004 μότερον.
742 3930 1093 4002 Ἀναθεωρῶν
1150 3930 1209 3985 δὲ
1258 3931 1436 3984 πάντα
1486 3930 1556 3984 τά
1616 3930 1736 3985 καθ’
1783 3931 2009 3984 ἕκαστον

437 4025 531 4079 καὶ
562 4023 955 4094 σκοπούμενος,
989 4022 1229 4095 εὑρίσκω
1272 4022 1362 4074 τὸν
1405 4021 1572 4093 ἄνδρα
1614 4022 1801 4075 τοῦτον
1831 4021 1921 4073 ἐπί
1950 4039 2008 4074 τε

438 4113 543 4167 τῶν
573 4112 807 4183 λογικῶν
834 4112 1148 4180 διαλέξεων,
1178 4112 1273 4166 καὶ
1297 4111 1405 4165 τῶν
1440 4111 1757 4184 πρακτικῶν
1788 4114 2012 4184 ἐνεργη-

438 4207 654 4278 μάτων,
701 4206 902 4277 ὁμοίως
952 4203 1226 4274 πανταχοῦ
1278 4204 1640 4277 προπηδῶντα
1686 4204 1795 4258 τῶν
1836 4205 2010 4259 ἄλλων

439 4297 699 4370 μαθητῶν
730 4298 825 4351 καὶ
859 4295 1336 4369 προεξαλλόμενον,
1363 4298 1456 4349 καὶ
1515 4295 1742 4351 κατόπιν
1782 4298 2011 4366 ἀφιέντα

434 4389 563 4452 τοὺς
588 4388 648 4441 τὸ
666 4387 806 4445 ,αὐτὸ
833 4386 927 4440 τοῦ
964 4386 1077 4456 βίου
1110 4386 1321 4440 στάδιον
1351 4386 1659 4459 τρέχοντας.

2118 576 2265 615 mare
2291 561 2336 592 ⁸⁷
2367 579 2379 614 :
2407 561 2451 615 is
2484 570 2661 618 tamen
2692 571 2835 615 terra
2883 562 3232 632 gradiebatur
3267 562 3344 615 uti
3375 559 3680 614 hominibus

2115 638 2482 720 comparatum
2508 661 2627 714 εει,
2654 667 2776 706 cum
2806 667 2959 720 aquze
2983 653 3107 707 hinc
3138 652 3262 707 inde
3298 654 3363 704 ad
3408 664 3467 705 se
3506 664 3679 705 reces-

2113 744 2330 798 sissent.
2357 742 2582 813 Magnus
2618 743 2746 797 item
2772 742 2930 798 Jesus
2954 744 3040 799 ille
3067 746 3181 813 ejus
3213 756 3514 808 successor,
3539 743 3678 810 quod

2110 833 2399 889 Iordanem
2450 847 2611 901 supra
2657 832 2821 885 etiam
2853 833 2998 903 ripas
3034 833 3392 888 exundantem
3429 828 3679 885 transmi-

2112 925 2247 979 serit
2281 924 2373 977 3":
2414 937 2601 977 verum
2642 922 2692 978 is
2733 939 2969 994 quoque,
3019 927 3241 995 perinde
3286 940 3348 980 ac
3390 937 3537 978 mare
3564 922 3676 976 Ru—

2114 1018 2291 1080 brum,
2323 1017 2559 1085 seipsum
2590 1019 2858 1084 dividens,
2889 1018 3535 1087 iuhibeusquefluentum,
3567 1026 3674 1069 ter-

2112 1124 2223 1162 ram
2253 1110 2450 1163 nudam
2482 1110 2879 1163 trausmittenti
2911 1110 3124 1180 populo,
3154 1122 3312 1177 quam
3346 1106 3675 1166 incederem,

2111 1200 2357 1265 praebuit.
2397 1198 2586 1254 Nullus
2612 1215 2743 1254 vero
2782 1215 3013 1268 unquam
3067 1200 3307 1255 virorum
3351 1212 3594 1268 gressum
3624 1196 3675 1247 iu

2070 1346 2076 1353 ,
2109 1306 2245 1359 aqua
2284 1290 2419 1344 ﬁxit.
2460 1290 2570 1345 Nec
2609 1292 2752 1344 enim
2786 1292 2887 1346 hoc
2920 1292 3007 1347 lex
3037 1300 3243 1345 naturm
3278 1290 3459 1352 habet,
3489 1296 3547 1342 ut
3576 1289 3677 1341 lui--

2109 1382 2247 1436 mida
2300 1382 2569 1453 ﬂuidaque
2600 1385 2899 1439 substantia
2973 1384 3185 1454 corpori
3237 1382 3409 1438 solido
3454 1395 3516 1434 ac
3558 1394 3676 1449 pre-

2108 1476 2270 1529 menti
2298 1476 2535 1530 resistat.
2574 1477 2762 1530 Putem
2795 1491 2945 1541 vero,
2983 1477 3356 1531 universorum
3389 1473 3575 1526 herum
3614 1486 3674 1521 ac

2110 1566 2429 1633 Dominum,
2478 1583 2638 1637 supra
2674 1570 2889 1621 modum
2916 1577 3046 1622 tunc
3079 1566 3445 1636 praefervens,
3485 1576 3677 1617 accep--

2107 1674 2333 1729 sumque
2369 1660 2469 1713 viri
2512 1659 2839 1714 desiderium
2882 1660 3239 1721 admiratum,
3282 1672 3348 1711 ex
3400 1654 3547 1722 cujus
3574 1654 3674 1706 im-
3758 1642 3761 1649 ’

2107 1764 2229 1820 petu
2267 1752 2592 1805 exclamavit
2622 1753 2828 1817 dicens,
2855 1752 2989 1805 Juba
3021 1766 3101 1803 me
3134 1750 3304 1804 venire
3336 1748 3402 1800 ad
3445 1754 3493 1798 te
3523 1759 3676 1813 super

2111 1842 2391 1909 aquarii”,
2439 1850 2603 1895 tantm
2647 1842 2792 1899 illius
2846 1841 3151 1895 dilectionis
3197 1854 3259 1892 ac
3295 1836 3414 1891 ﬁdei
3461 1834 3672 1895 merito,

2111 1949 2302 1987 novam
2356 1934 2502 1988 illam
2558 1950 2621 1987 ac
2671 1934 2974 1989 mirabilem
3033 1933 3258 2004 gratiam
3319 1926 3672 1988 concessisse,

2111 2025 2263 2094 cujus
2292 2023 2484 2081 Petrus
2513 2027 2662 2081 solus
2693 2026 2842 2080 visus
2888 2034 2970 2079 est
3003 2035 3168 2093 capax
3188 2062 3202 2086 ,
3231 2021 3375 2075 omni
3407 2014 3677 2073 retro'ho—

2112 2118 2313 2173 minum
2359 2119 2708 2174 successione
2753 2119 2819 2172 ab
2864 2116 3071 2170 Adamo
3110 2114 3174 2167 ad
3218 2126 3388 2181 usque
3440 2107 3675 2164 novissi-

2111 2188 2274 2263 mum.
2319 2208 2459 2263 Vera
2501 2209 2765 2279 siquidem
2817 2223 2880 2263 ac
2928 2206 3213 2277 peculiaris
3266 2203 3383 2266 Dei,
3430 2198 3676 2255 miraculi

2108 2300 2438 2368 ejuscemodi
2485 2290 2768 2367 exhibitio,
2821 2308 3019 2355 creatae
3062 2296 3417 2368 abjeetionem
3471 2300 3678 2346 natura“

2110 2393 2431 2447 immensum
2456 2407 2745 2462 superans,
2770 2390 3222 2461 quemadmodum
3246 2387 3409 2442 etiam
3446 2382 3677 2453 propheo

2112 2495 2283 2538 tarum
2317 2485 2523 2553 optimo
2552 2484 2738 2538 Davidi
2762 2483 2936 2538 visum
2973 2492 3075 2536 est.
3117 2480 3248 2534 Nam
3276 2489 3330 2534 et
3354 2478 3441 2532 ille
3469 2477 3521 2530 in
3545 2489 3678 2542 quo-

2110 2577 2228 2631 dam
2291 2575 2501 2646 psalmo
2562 2576 2727 2629 Deum
2790 2574 3049 2639 laudans,
3111 2574 3364 2640 ejusque,
3428 2566 3683 2623 sermone

2108 2665 2253 2718 omni
2297 2679 2363 2718 ac
2395 2665 2628 2734 cogitatu
2654 2648 2910 2731 majorem
2946 2661 3241 2732 potentiam
3269 2672 3549 2722 euarraus,
3573 2656 3673 2709 ista

2109 2756 2264 2820 dixit,
2288 2769 2408 2825 qua:
2430 2770 2530 2825 pro
2556 2770 2710 2809 more
2741 2753 3083 2808 modulantes
3111 2751 3262 2805 scitis
3293 2768 3305 2803 :
3338 2748 3405 2803 In
3436 2747 3571 2801 mari
3599 2747 3678 2799 via

2109 2858 2218 2910 tua,
2253 2857 2298 2900 et
2329 2847 2527 2899 semitm
2572 2856 2677 2900 mw
2716 2847 2768 2898 iu
2799 2845 2947 2913 aquis
2984 2844 3163 2897 multis
3187 2885 3203 2908 ,
3248 2851 3296 2896 et
3343 2840 3559 2909 vestigia
3586 2850 3676 2890 lim

2109 2954 2211 2990 non
2240 2944 2617 3005 cognoscentur
2639 2936 2704 2988 ’⁸.
2732 2934 2883 3000 Quod
2925 2935 3103 3002 itaque
3129 2931 3389 2986 Dominus
3423 2930 3476 2982 iu
3509 2926 3671 2981 deita-

2112 3029 2178 3082 tis
2222 3028 2522 3083 rationibus
2569 3029 2801 3097 propriis
2838 3027 3060 3093 habuit,
3087 3026 3190 3080 hoc
3218 3039 3343 3079 cum
3362 3036 3555 3085 servo,
3587 3022 3673 3073 luit

2110 3119 2336 3186 dignaus
2371 3119 2594 3182 honore,
2620 3131 2909 3172 eouuuune
2943 3117 3088 3170 fecit.
3508 3127 3518 3139 '

2178 3207 2374 3261 Beatus
2399 3207 2619 3275 quidem
2646 3220 2872 3275 magnus
2895 3204 3149 3269 Joannes,
3180 3202 3270 3272 qui
3298 3206 3459 3269 supra
3488 3207 3676 3267 pectus

2114 3298 2327 3355 Domini
2353 3297 2618 3366 requievit
2641 3298 2711 3361 9‘;
2736 3311 2960 3362 magnus
2977 3307 3190 3363 quoque
3206 3291 3456 3353 Iacobus,
3481 3289 3675 3357 quippe

2108 3392 2197 3462 qui
2228 3390 2449 3446 tonitrui
2488 3389 2630 3444 ﬁlius
2665 3387 2964 3457 appellatus
3004 3387 3075 3439 sit
3104 3386 3184 3450 9';
3225 3381 3516 3452 praeclarus
3546 3380 3671 3433 item

2109 3483 2526 3540 honestautibus
2569 3482 2743 3551 ipsum
2784 3480 3080 3534 honoribus
3120 3464 3431 3545 Philippus,
3471 3482 3532 3526 ut
3584 3474 3673 3540 qui

2110 3586 2296 3645 raptus
2329 3574 2489 3629 fuerit
2532 3590 2561 3627 a
2596 3573 2836 3643 Spiritu,
2876 3586 2996 3626 cum
3030 3567 3341 3637 Ethiopem
3379 3564 3675 3621 Salvatmis

2109 3664 2352 3720 notitiam
2380 3664 2664 3730 docuit";
2692 3678 2883 3719 omnes
2909 3661 3255 3717 nihilominus
3280 3660 3438 3715 Petro
3460 3658 3673 3718 cedam,

2109 3773 2276 3828 seque
2310 3759 2590 3812 fateantur
2621 3756 2907 3820 secundos,
2938 3757 2981 3811 si
3014 3755 3175 3809 modo
3205 3755 3497 3822 gratiarum
3530 3767 3689 3827 com-_

2109 3851 2319 3919 paratio
2352 3850 2579 3904 honoris
2631 3838 3000 3917 prazlationem
3036 3840 3362 3914 probaverit.
3416 3843 3677 3898 Universa

2110 3956 2246 3997 sane
2275 3940 2551 4010 sigillatim
2573 3941 2972 4009 contemplans
3004 3949 3163 4008 atque
3194 3937 3567 4001 considerans,
3598 3935 3679 3987 vi-

2114 4049 2251 4087 rum‘
2276 4034 2419 4087 hunc
2461 4031 2807 4101 deprehendo
2841 4046 2962 4085 cum
2999 4031 3051 4083 iu
3090 4044 3400 4083 sermonum
3437 4028 3671 4096 disputa-

2115 4126 2375 4186 tionibus,
2417 4134 2528 4178 tum
2561 4124 2615 4177 in
2651 4138 2874 4192 operum
2909 4123 3236 4192 patratione,
3262 4121 3461 4189 ubique
3491 4119 3677 4173 simili-

2111 4227 2195 4272 ter
2261 4216 2468 4285 reliquo
2518 4213 2905 4284 discipulorum
2961 4214 3129 4289 choro
3182 4212 3560 4282 praesilientem
3619 4226 3679 4263 ac

2112 4310 2536 4378 prmsultantem,
2557 4307 2812 4375 idemque
2831 4306 2950 4359 vita:
2969 4304 3200 4359 stadium
3240 4310 3518 4357 currentes
3543 4318 3681 4371 pone

2116 4397 2529 4463 relinquentem.

523 4478 860 4550 Ἐρωτῶντος
902 4478 1011 4549 γάρ
1045 4494 1175 4531 ποτε
1212 4476 1305 4531 τοῦ
1354 4477 1558 4549 Κυρίου
1605 4481 1731 4544 τοὺς
1770 4479 2006 4548 δώδεκα,

2187 4484 2549 4539 Percontaute
2583 4483 2729 4537 cnim
2766 4484 3088 4552 quandoque
3120 4483 3347 4537 Domino
3374 4498 3436 4538 ex
3475 4482 3678 4536 duode-

439 4573 534 4628 καὶ
576 4572 880 4645 ἀπόπειραν
919 4573 1263 4643 ποιουμένου,
1311 4572 1458 4636 ὅπως
1507 4573 1689 4643 έχουσι
1734 4573 2011 4646 πληροφο-

441 4662 565 4734 ρίας
611 4663 705 4715 καὶ
750 4660 977 4732 γνώμης
1023 4663 1155 4732 περὶ
1204 4661 1303 4731 τῆς
1340 4664 1419 4725 εἰς
1459 4661 1617 4715 αὐτὸν
1659 4663 2005 4734 ὑπολήψεως,

442 4756 535 4809 καὶ
573 4754 887 4808 κελεύουσιν
911 4754 957 4786 ⁸⁵
986 4755 1172 4825 σαφῶς
1199 4756 1393 4821 εἰπεῖν,
1426 4755 1547 4808 τίνα
1576 4756 1821 4823 λέγουσιν
1851 4756 2013 4811 αὑτὸν

442 4841 579 4901 εἶναι
600 4865 614 4878 ·
652 4846 763 4900 τῶν
803 4845 978 4900 ἄλλων
1031 4847 1288 4903 ἁπάντων
1337 4848 1607 4918 σιωπῆσαι
1654 4848 2010 4920 βουλομένων,

443 4941 536 4994 καὶ
564 4940 954 5015 βραδυνόντων,
987 4942 1082 4995 καὶ
1124 4940 1469 5007 δεικνύντων,
1500 4942 1574 5006 ὡς
1605 4942 1695 4995 διά
1720 4960 1862 5006 τινος
1894 4945 2013 4995 ἐπι-

447 5030 713 5100 σκέψεως,
743 5029 844 5101 τὴν
861 5031 1182 5101 ἀπόκρισιν·
1220 5028 1436 5093 ἀνοίξας
1476 5030 1537 5082 τὸ
1588 5029 1760 5101 στόμα
1804 5030 2013 5101 ταχέως

445 5123 474 5173 6
501 5120 588 5174 τὸν
630 5119 884 5191 ζὼπυρον
923 5118 1016 5173 ἐπὶ
1055 5121 1156 5191 τῆς
1192 5121 1369 5191 ψυχῆς
1417 5120 1598 5192 φέρων
1628 5121 1728 5190 τῆς
1781 5121 2014 5185 πίστεως

446 5211 718 5283 ἄνθρακα,
770 5205 815 5280 ᾧ
865 5211 960 5265 καὶ
1008 5212 1237 5276 Ἡσαΐας
1296 5212 1557 5283 πρότερον
1609 5212 1883 5284 ἐκαθάρθη
1947 5212 2016 5267 τά

445 5304 594 5375 χείλη
617 5346 632 5370 ,
682 5305 783 5376 τὴν
851 5304 1126 5375 μακαρίαν
1192 5304 1406 5373 ἐκείνην
1459 5303 1553 5356 καὶ
1608 5304 1753 5375 σαφῆ
1802 5304 2015 5373 ἀληθῶς

448 5396 606 5467 ῥῆσιν
638 5396 1064 5468 καθωμολόγησε
1083 5413 1094 5426 ·
1131 5396 1214 5450 Σὺ
1247 5392 1306 5450 εἷ
1328 5400 1359 5450 ό
1389 5395 1641 5465 Χριστὸς
1672 5399 1704 5449 ὁ
1749 5396 1879 5461 Υἱὸς
1908 5396 2014 5449 τοῦ

446 5488 598 5541 Θεοῦ
636 5487 743 5542 τοῦ
777 5487 1007 5555 ζῶντος.
1039 5487 1172 5541 Τίνα
1204 5488 1268 5541 ἄν
1299 5505 1383 5551 τις
1432 5487 1564 5559 πρὸς
1594 5487 1750 5551 ἀξίαν
1778 5486 1886 5540 τῶν
1933 5488 2013 5540 λό

520 5696 566 5725 ⁸⁸
609 5696 696 5748 ἵσ.
731 5695 1060 5760 κελεύοντος.
1135 5698 1179 5728 ⁸⁷
1213 5697 1377 5751 Exod.
1420 5711 1528 5760 XIV,
1557 5695 1645 5749 2|.

451 5781 574 5826 xm,
608 5765 696 5819 25.
774 5767 819 5796 ⁹²
856 5767 1041 5823 Matth.
1080 5786 1162 5823 III.
1206 5769 1286 5821 l7.
1363 5768 1407 5798 ’³
1449 5767 1569 5819 Act.
1604 5781 1718 5828 vtu,
1750 5766 1837 5821 59.

1722 5696 1767 5727 ⁸⁸
1795 5695 1904 5752 Jus.
1948 5712 2029 5749 ιιι.
2066 5698 2150 5749 16.
2213 5698 2256 5727 “9
2287 5696 2470 5748 Matth.
2499 5710 2606 5747 xw.
2635 5695 2724 5749 28.
2802 5694 2845 5725 θ’
2883 5694 3023 5747 I'sal.
3055 5705 3232 5749 Lxxu,
3263 5688 3348 5738 ‘20.

1939 5767 1983 5798 “
2026 5766 2210 5821 Matth.
2246 5781 2353 5830 xvt,
2390 5765 2470 5817 16.

2114 4574 2241 4638 cim,
2274 4589 2338 4627 ac
2374 4572 2614 4641 pericqu
2644 4572 2924 4638 probante,
2957 4583 3015 4625 ut
3044 4572 3118 4626 illi
3145 4574 3211 4627 de
3243 4574 3358 4642 ipso
3380 4573 3678 4642 apiuiouis,

2116 4666 2279 4733 inque
2312 4679 2373 4719 ea
2412 4664 2755 4719 certitudiuis
2776 4673 2935 4732 atque
2959 4664 3123 4719 animi
3154 4666 3455 4730 haberent;
3484 4665 3680 4736 juben-

2117 4766 2276 4824 teque
2312 4768 2369 4808 ut
2407 4755 2554 4809 clare
2585 4757 2878 4820 edicerent,
2913 4770 3073 4825 quem
3103 4770 3223 4811 eum
3260 4756 3532 4822 dicerent;
3561 4769 3680 4808 cum

2119 4861 2307 4899 omnes
2349 4846 2540 4914 reliqui
2579 4846 2778 4902 vellent
2819 4857 3002 4902 tacere
3036 4862 3100 4901 ac
3136 4856 3546 4907 cunctarentur,
3584 4860 3671 4913 pa-

2118 4940 2332 5011 lamque
2363 4941 2679 5009 prmferrent
2712 4941 2981 5011 parturire
3016 4939 3210 4992 animis
3241 4936 3422 5004 aliqua
3455 4937 3681 4989 medita-

2123 5029 2266 5083 tione
2302 5030 2428 5100 quid
2481 5032 2790 5100 responsuri
2841 5040 3047 5094 essent,
3087 5028 3267 5081 statim
3305 5027 3555 5095 aperiens
3600 5040 3681 5084 os,

2120 5123 2213 5191 qui
2246 5127 2422 5176 vivum
2451 5138 2847 5192 accensumque
2874 5122 2995 5175 ﬁdei
3025 5121 3313 5176 carbonem
3343 5120 3523 5173 animo
3550 5118 3684 5170 fcre-

2123 5216 2237 5280 bat,
2269 5230 2375 5282 quo
2407 5225 2461 5270 et
2497 5216 2647 5282 prius
2677 5215 2828 5269 lsaite
2855 5214 2994 5267 labia
3019 5213 3269 5266 umndata
3296 5210 3542 5274 fuissent,
3570 5209 3680 5261 bea-

2125 5316 2232 5359 tam
2293 5307 2439 5359 illam
2496 5322 2559 5361 ac
2608 5307 2767 5375 plane
2816 5304 3154 5375 perspicuam
3209 5304 3468 5371 prmelare
3523 5302 3681 5354 edidit

2125 5398 2524 5453 confessionem
2575 5418 2587 5452 :
2642 5398 2717 5451 Tu
2754 5415 2807 5451 es
2842 5397 3084 5452 Christus
3130 5395 3304 5449 Filius
3346 5394 3441 5448 Dei
3488 5393 3585 5446 rivi
3618 5393 3681 5440 9".

2128 5490 2379 5555 Qumuam
2413 5492 2536 5560 quis
2571 5506 2667 5558 pro
2700 5491 2888 5544 hurmu
2929 5490 3189 5559 dignitate
3228 5489 3535 5543 verborum,
3573 5483 3683 5533 ido-

3449 5684 3487 5712 θ’
3532 5682 3677 5738 Joau.
