4090 6146
423 316 529 374 279

414 524 524 579 rari
554 528 766 594 possit?
796 528 987 589 Videte
1010 535 1154 589 enim
1191 539 1421 606 primum
1456 550 1515 623 ut
1544 544 1611 597 sit
1645 560 1824 602 sermo
1852 551 1984 604 nihil

414 618 718 684 superﬂuus
749 637 811 676 ac
838 623 1040 691 brevis,
1071 644 1365 697 paucarum
1396 618 1691 691 dictionum
1718 641 1986 695 exclama-

415 707 582 775 tione,
621 726 801 767 rerum
841 716 1314 775 innumerabilium
1359 740 1782 798 magnarumque
1812 733 1983 788 virtu-

414 809 521 853 tem
573 819 872 887 exponens,
926 809 1114 867 Omnis
1170 815 1367 885 quippe
1420 817 1510 873 hic
1567 823 1691 875 talis
1745 825 1980 892 optimus

409 908 607 953 serino.
625 898 776 966 cujus
798 876 877 953 est
905 903 1100 957 decens
1122 905 1344 973 locutio,
1373 924 1471 962 nee
1496 912 1800 969 redundans
1821 932 1981 971 sensu

409 987 534 1038 exili
581 1005 644 1043 ac
683 993 928 1059 modico;
965 1007 1150 1050 contra
1200 1014 1347 1066 vero,
1385 1003 1475 1070 qui
1513 1006 1798 1060 verborum
1834 1011 1981 1064 brevi

408 1090 665 1131 contextu
712 1082 874 1135 multa
918 1088 1208 1154 signiﬁcet,
1241 1092 1306 1145 ad
1345 1092 1519 1147 instar
1554 1098 1707 1167 grani
1745 1099 1979 1167 sinapis;

406 1170 546 1235 quod
581 1172 822 1241 quidem,
849 1188 901 1228 ut
935 1181 1182 1235 ιιιειιιιιιιιε
1217 1193 1403 1240 teneas
1441 1199 1781 1258 Spectesque,
1818 1195 1980 1247 mini-

407 1274 550 1311 tnutn
596 1273 674 1314 est
704 1301 720 1325 ,
766 1275 818 1317 ut
856 1278 1032 1322 autem
1075 1274 1156 1324 ori
1192 1290 1253 1327 ac
1292 1275 1487 1346 lingua}
1516 1283 1841 1346 admoveas,
1883 1302 1981 1356 gn-

404 1361 646 1417 stcsque,
680 1357 877 1409 animal
906 1367 1083 1413 totum
1113 1383 1137 1414 a
1175 1367 1398 1431 pedibus
1429 1371 1493 1421 ad
1525 1383 1687 1437 caput
1720 1377 1785 1426 ad
1822 1358 1975 1431 suum

406 1444 566 1497 trahit
594 1448 849 1503 calorem.
878 1449 954 1505 Tu
981 1471 1034 1507 es
1077 1456 1315 1513 Christus
1358 1459 1535 1517 Filius
1558 1463 1653 1518 Dei
1675 1468 1799 1521 eiei.
1832 1470 1979 1525 Unus

404 1534 491 1592 hic
525 1555 704 1597 sermo
752 1546 817 1595 ad
858 1546 947 1601 llei
994 1564 1056 1601 ac
1087 1547 1385 1608 Salvatoris
1433 1558 1601 1612 nostri
1647 1561 1974 1627 agnitionem

400 1631 709 1693 conlcrcns.
741 1636 846 1688 duo
888 1639 1000 1691 lnec
1051 1642 1402 1713 intelligentia
1446 1652 1665 1719 respicit
1709 1668 1774 1708 ac
1815 1668 1973 1710 sensu

400 1718 559 1775 habet
591 1741 606 1778 :
640 1740 809 1779 unum
850 1732 1067 1798 quidem
1098 1737 1244 1804 quod
1275 1738 1339 1790 ad
1370 1741 1599 1806 primam
1624 1754 1831 1813 spectat
1859 1749 1973 1803 dei-

402 1809 525 1861 tatis
554 1818 987 1885 generationem,
1023 1839 1215 1893 nempe
1266 1826 1497 1885 Verbum
1531 1836 1671 1917 quod
1718 1837 1774 1889 in
1820 1840 1971 1906 prin-
2007 1828 2046 1882 Β

396 1901 537 1967 «ιίιιὶο
567 1920 780 1971 semper
814 1920 914 1974 est,
945 1923 998 1966 ct
1028 1928 1109 1969 est
1156 1921 1295 1985 apud
1329 1906 1564 1988 Patrem,
1596 1942 1660 1981 ac
1698 1928 1838 1984 Deus
1866 1943 1967 1998 est,

396 1991 471 2042 uti
511 2007 607 2044 nos
643 2011 869 2065 magnus
903 1999 1139 2059 Joannes
1180 2007 1268 2061 ille
1311 2010 1589 2082 theologus
1638 2016 1839 2083 docuit,
1871 2033 1967 2074 ceu

394 2085 617 2152 spoitgia
648 2089 892 2155 qumdam
922 2090 1194 2161 Unigeniti
1227 2114 1291 2154 ac
1326 2101 1603 2159 Dominico
1634 2111 1839 2175 pectori
1867 2112 1967 2165 ad-

400 2172 599 2241 iacens,
633 2194 696 2232 ac
732 2181 856 2236 inde
882 2187 1111 2242 occulta:
1145 2192 1431 2271 sapientia:
1462 2200 1827 2266 cognitionem
1860 2194 1971 2257 tra-

398 2263 556 2337 hens,
605 2270 833 2327 alterum
873 2292 1002 2332 vero
1056 2282 1199 2349 quod
1254 2285 1320 2337 ad
1370 2289 1553 2342 carnis
1585 2295 1966 2360 meonomiam,

392 2376 555 2426 quam
587 2361 757 2420 bonus
790 2367 926 2423 Dens
954 2377 1276 2442 assumpsit,
1305 2386 1501 2432 nostra:
1524 2396 1584 2435 se
1612 2382 1966 2441 imbecillitati

397 2453 684 2517 inclinans.
738 2457 935 2526 Opera}
975 2466 1221 2531 prctitun'
1255 2483 1385 2537 ergo
1435 2472 1508 2524 sit
1563 2477 1965 2543 responsionem

394 2549 771 2616 contemplari,
828 2563 884 2605 ut
927 2554 1080 2609 brevi
1118 2571 1372 2615 sermone
1415 2577 1480 2616 ac
1523 2567 1713 2632 paucis
1764 2572 1964 2638 verbis,

391 2637 627 2689 omnium
647 2652 900 2696 accurate
929 2643 1255 2703 intellectum
1283 2654 1468 2721 paucis
1488 2655 1864 2728 declaraverit,
1883 2673 1966 2717 at-

393 2743 501 2795 que
527 2729 594 2782 ab
627 2732 975 2790 inferioribus
1009 2740 1170 2794 ducto
1201 2747 1427 2799 exordio
1455 2748 1520 2800 ad
1553 2751 1801 2806 sublimia
1832 2771 1967 2825 quo-

394 2833 497 2887 que
520 2822 797 2892 sigillatim
827 2828 1067 2882 animum
1100 2834 1430 2892 subvexerit.

465 3000 542 3055 Tu
581 3020 634 3056 es
671 3004 927 3062 Christus.
962 3008 1069 3065 Isto
1102 3016 1457 3071 oeconomiam
1490 3020 1747 3090 declarat,
1784 3041 1847 3081 ac
1872 3028 1963 3085 Dei

393 3094 445 3146 in
474 3109 639 3149 carne
667 3102 1058 3167 apparitiouem
1090 3105 1367 3167 edisserit.
1401 3108 1510 3167 Nec
1538 3115 1682 3169 enim
1715 3118 1965 3177 Christus

396 3201 593 3241 lttllltt'n
623 3202 705 3242 est
741 3197 1064 3260 ιιιιειιτιριπιί.
1093 3200 1188 3251 sed
1216 3205 1585 3270 nngendorum
1621 3212 1808 3278 gratiae
1835 3214 1968 3268 indi-

391 3279 555 3334 catio.
598 3281 956 3348 Quamobrem
1002 3290 1167 3342 etiam
1212 3293 1471 3351 Dominus
1511 3311 1699 3356 noster
1746 3321 1868 3359 cum
1913 3308 1964 3362 id

389 3372 608 3425 omnino
644 3380 968 3445 susceperit,
1012 3393 1068 3435 ut
1114 3384 1277 3438 homo
1319 3387 1489 3455 heret,
1526 3394 1739 3465 aliaque
1779 3393 1964 3455 omnia

393 3460 692 3531 spectantia
730 3471 795 3520 ad
830 3485 1074 3536 carnem,
1109 3491 1213 3530 una
1247 3493 1464 3553 quoque
1501 3488 1729 3555 suscipit
1770 3498 1825 3543 ut
1865 3507 1967 3560 ap-

388 3556 619 3622 pelletur
657 3560 925 3624 Christus,
966 3574 1219 3635 tanquam
1252 3571 1504 3628 intinctus
1533 3577 1583 3628 in
1618 3593 1819 3648 regem,
1857 3599 1963 3637 non

394 3647 515 3700 oleo
549 3663 758 3717 cornu,
789 3655 863 3707 uti
906 3656 1123 3712 Samuel
1158 3661 1454 3732 Davidqne,
1487 3682 1551 3721 ac
1591 3671 1846 3738 deinceps
1874 3676 1969 3732 alii

388 3740 673 3804 hcinines;
701 3746 793 3796 sed
837 3747 1070 3814 Spiritus
1100 3756 1434 3822 operatione,
1473 3775 1571 3828 per
1606 3776 1765 3830 quam
1799 3768 1962 3823 etiam

392 3829 702 3888 Dominicus
727 3836 836 3906 (ιιι)
867 3840 953 3894 ille.
986 3836 1143 3897 homo
1161 3845 1263 3916 (sic
1286 3850 1428 3902 enim
1455 3852 1605 3906 multi
1626 3829 1859 3912 libenter
1882 3860 1965 3915 .leo

391 3935 511 3975 sum
541 3927 837 4000 appellant)
876 3933 1113 3988 mirabili
1144 3942 1400 4007 quadam,
1446 3960 1693 4016 novaque
1726 3947 1796 4005 ae
1822 3954 1964 4007 inso-

388 4014 484 4070 lita
520 4020 728 4073 ratione
758 4022 809 4075 in
850 4021 1083 4095 Virginis
1112 4040 1266 4085 utero
1308 4046 1599 4106 conceptus
1630 4038 1749 4094 fuit.
1781 4040 1962 4099 Jesnm

391 4123 554 4176 porro
575 4115 858 4169 confessus
883 4122 1050 4172 nostri
1071 4136 1231 4178 causa
1256 4123 1455 4180 factum
1481 4129 1774 4197 hominem,
1801 4135 1966 4190 haud.

391 4204 812 4269 quaquamsillie
843 4222 1151 4266 sermonem
1188 4216 1536 4274 terminavit:
1567 4223 1696 4291 quin
1720 4225 1828 4279 imo
1855 4228 1964 4297 spi-

390 4291 529 4344 ritali
566 4293 709 4348 scala
757 4296 925 4354 .Iacob
975 4302 1026 4354 in
1076 4305 1272 4359 ctelum
1319 4316 1711 4377 conscendens,
1765 4317 1964 4389 Deique

393 4380 651 4451 Verbum,
676 4392 817 4456 quod
844 4403 965 4445 erat
995 4394 1045 4447 in
1076 4399 1363 4467 principio,
1389 4405 1806 4473 contemplatus,
1838 4424 1964 4478 pro-

389 4475 562 4541 priam
601 4479 675 4533 illi
712 4495 1008 4550 veramque
1053 4488 1375 4555 dignitatem
1403 4495 1673 4564 adiungit,
1708 4496 1801 4551 Dei
1856 4497 1959 4554 vivi

386 4569 583 4626 Filium
610 4577 906 4644 appellans.
944 4580 1212 4637 Accurate
1246 4600 1374 4640 vero
1406 4588 1513 4655 hic,
1550 4594 1613 4642 ac‘
1645 4606 1747 4643 non
1777 4591 1956 4648 alius:

390 4668 544 4730 isque
575 4666 690 4734 ipse
720 4680 922 4723 rectam
954 4673 1199 4740 nihilque
1236 4682 1477 4744 perversi
1514 4682 1801 4738 habentem
1836 4684 1958 4741 ﬁdei

388 4753 671 4810 c-mil‘essus
696 4760 962 4829 regulam,
992 4765 1306 4833 cunctisque
1334 4769 1489 4823 nobis
1520 4772 1812 4828 inviolabili
1846 4776 1961 4846 lege

389 4848 609 4902 tradens
640 4850 859 4917 pietatis
876 4869 1207 4920 sermonem,
1236 4860 1375 4912 haud
1405 4863 1693 4920 indouatus
1717 4868 1868 4932 abiit,
1895 4887 1960 4927 ac

385 4943 506 4994 sine
536 4943 757 5008 prtemio
788 4961 803 4997 :
835 4946 963 5013 quin
999 4948 1184 5013 pouius
1215 4950 1283 5003 ab
1309 4959 1374 5005 eo
1398 4953 1588 5007 beatus
1620 4972 1958 5028 nuncupatus

385 5034 475 5102 qui
510 5034 709 5089 eximie
735 5036 925 5090 beatus
950 5048 1051 5101 est,
1086 5039 1206 5094 ﬁdei
1241 5051 1389 5111 petra
1421 5046 1740 5114 appellatur,
1770 5050 1961 5106 (unda,

389 5131 736 5196 mentumque
765 5144 830 5184 ac
862 5130 1006 5184 basis
1039 5132 1131 5187 Dei
1165 5132 1439 5191 Ecclesiae.
1468 5139 1682 5209 Accipit
1716 5158 1843 5198 vero
1867 5164 1962 5213 per

386 5218 802 5284 promissionem
835 5222 1041 5281 claves.
1066 5228 1241 5296 regni,
1277 5227 1502 5299 ejusque
1543 5244 1820 5301 portarum
1856 5237 1961 5293 elli—

381 5310 525 5365 citur
571 5311 843 5380 dominus,
890 5332 947 5371 ut
992 5323 1203 5389 aperiat
1244 5325 1440 5395 quibus
1467 5328 1715 5398 voluerit,
1746 5332 1961 5389 claudat

380 5416 512 5456 vero
540 5403 739 5474 quibus
762 5405 887 5474 jure
912 5409 1224 5469 claudenda:
1262 5417 1367 5471 sint
1392 5435 1406 5485 ;
1438 5421 1597 5487 plane
1623 5437 1751 5477 vero
1783 5427 1955 5493 polln-

383 5488 454 5545 tia
480 5504 545 5546 ac
574 5491 838 5563 profanis,
885 5510 946 5554 ac
992 5514 1113 5555 eam
1162 5506 1480 5574 negantibus
1525 5511 1949 5580 confessionem,

449 5632 496 5666 "
520 5633 648 5708 Leg.
688 5638 989 5725 καλεῖσθαι.
1069 5644 1113 5676 ⁹¹⁴
1152 5645 1280 5719 Leg.
1340 5650 1717 5725 ἀδιάστροφον.

1695 341 1751 396 S.
1794 343 2066 400 ASTERII
2104 349 2407 413 AMASENI

416 449 550 490 nens
579 438 802 492 maximi
838 443 1200 510 apostolorum
1249 446 1793 523 interprescﬂectus,
1823 460 1991 512 detni-
2018 469 2064 521 Λ

3560 388 3666 446 230

2095 483 2204 534 γων
2246 472 2448 528 τούτων
2491 478 2840 551 θαυμάσειεν.
2890 488 3203 556 ἀξιόπιστος
3245 496 3531 567 γενόμενος
3577 504 3664 574 ἐρ-

2091 562 2293 629 μηνεὺς
2333 564 2427 618 τοῦ
2477 570 2741 639 μεγίστου
2789 577 2896 630 τῶν
2938 581 3280 651 ἀποστόλων;
3329 587 3520 660 Ὁρᾶτε
3559 594 3666 665 γὰρ

2088 654 2324 725 πρῶτον,
2365 659 2512 725 ὅπως
2554 660 2846 738 ἀπέριττος
2870 672 2898 723 6
2926 672 3087 742 λόγος
3112 677 3207 731 καὶ
3252 679 3535 752 σύντομος,
3574 688 3667 740 ἐκη

2086 746 2326 816 (ptumo-st
2376 748 2604 826 βραχείᾳ
2648 745 2856 829 μυρίων
2894 768 3236 837 πραγμάτων
3276 772 3371 825 καὶ
3411 745 3664 843 μεγάλων

2083 834 2313 908 δύναμιν
2342 842 2710 915 ἐκτιθέμενος.
2748 852 2865 916 Πᾶς
2889 854 2999 926 γὰρ
3028 834 3184 926 λόγος
3222 854 3378 928 οὗτος
3412 834 3662 936 ἀρίστας,

2083 921 2253 1000 οὗπερ
2285 933 2498 1005 ἀνήκει,
2533 940 2625 992 καὶ
2659 941 2733 1013 μὴ
2768 921 3031 1020 περιρρἔ
3151 921 3471 1023 φράσις-ἐπζ
3499 921 3665 1034 όλίγίᾷ

2085 1022 2326 1093 πενιχρῷ
2341 1025 2416 1096 τῷ
2441 1029 2691 1099 νοήματι·
2722 1036 3031 1093 τούναντίον
3054 1041 3132 1105 δὲ,
3161 1022 3363 1116 πλῆθος
3408 1022 3666 1123 πραγμάο

2081 1127 2190 1165 των
2229 1116 2286 1166 ὲν
2322 1115 2657 1195 βραχυλογίᾳ
2689 1129 2952 1203 σημαίνῃ,
2984 1134 3126 1187 κατὰ
3151 1115 3659 1210 τῂίὸμοίωσινίτοῦ

2081 1204 2282 1260 κόκκου
2310 1208 2403 1263 τοῦ
2437 1212 2666 1279 νάπυος·
2693 1219 2751 1282 ὃς
2788 1223 3112 1292 μικρότατος
3153 1204 3251 1299 μέν
3288 1204 3455 1298 ἔστιν,
3494 1238 3552 1290 ἐν
3585 1238 3662 1310 τῷ

2083 1300 2395 1367 κρατεῖσθαι
2428 1306 2520 1358 καὶ
2549 1306 2867 1377 βλέπεσθαιο
2906 1308 2965 1367 εἴ
2995 1317 3051 1369 δὲ
3097 1323 3457 1395 προσαγάγῃς
3497 1300 3660 1380 αὐτὸν

2080 1392 2144 1460 τῇ
2180 1392 2432 1465 αἰσθήσει
2468 1399 2562 1452 τοῦ
2611 1403 2899 1474 στόματος,
2944 1409 3063 1462 ὅλον
3108 1411 3168 1464 τὸ
3212 1412 3350 1476 ζῶον
3381 1419 3443 1470 ἐκ
3483 1419 3660 1474 ποδῶν

2080 1479 2163 1541 είς
2197 1483 2459 1555 κεφαλὴν,
2501 1490 2637 1560 πρὸς
2665 1494 2762 1563 τὴν
2790 1497 2996 1550 οἰκείαν
3031 1486 3177 1557 εἷλκε
3217 1504 3658 1578 θερμότηταηΣὺ

2077 1568 2135 1620 εἴ
2174 1572 2428 1641 Χριστὸς
2464 1581 2497 1631 ὀ
2538 1581 2667 1646 Υἱὸς
2708 1584 2815 1638 τοῦ
2864 1586 3015 1640 Θεοῦ
3061 1589 3166 1643 τοῦ
3199 1568 3657 1666 (magna:

2078 1657 2235 1727 λόγος
2265 1665 2294 1716 6
2326 1668 2591 1724 συντελῶν
2626 1673 2761 1744 πρὸς
2792 1676 2893 1746 τὴν
2930 1679 3225 1748 ἐπίγνωσιν
3253 1683 3345 1737 τοῦ
3378 1657 3511 1740 Θεοῦ
3562 1657 3657 1744 καί

2079 1754 2330 1828 Σωτῆρος
2376 1763 2554 1833 ἡμῶν,
2586 1769 2725 1838 πρὸς
2756 1770 2848 1824 δύο
2880 1774 3051 1829 ταῦτα
3086 1779 3181 1832 καὶ
3233 1779 3517 1853 θεωρεῖται
3564 1787 3657 1839 καὶ
3725 1824 3730 1829 -

2079 1847 2399 1917 στρέφεταιο
2437 1854 2496 1908 ἒν
2532 1857 2650 1926 μὲν,
2684 1863 2713 1913 6
2745 1861 2851 1931 τῆς,
2876 1866 3171 1936 ἁρχεγόνου
3204 1847 3457 1943 θεότητος
3477 1893 3490 1905 ·
3535 1877 3656 1947 ἣτις

2078 1940 2225 1995 ἐστὶν
2252 1944 2280 1995 6
2306 1945 2363 1996 ἐν
2395 1947 2536 2020 ἀρχῇ
2567 1951 2739 2020 Λόγος
2771 1952 2846 2010 ὣν
2868 1949 2993 2023 ἀεὶ,
3035 1962 3128 2014 καὶ
3157 1965 3294 2036 πρὸς
3319 1940 3409 2020 τδν
3436 1940 3655 2040 Πατέρα

2077 2027 2170 2096 ὢν,
2203 2035 2297 2087 καὶ
2348 2036 2480 2101 Θεὸς
2532 2040 2630 2106 ὢν,
2679 2044 2863 2110 καθὼς
2910 2051 3057 2119 ἡμᾶς
3103 2054 3132 2105 6
3182 2054 3357 2123 μέγας
3406 2055 3653 2129 θεολόγος

2091 2121 2340 2197 Ἰωάννης
2369 2129 2851 2207 ἐμυσταγώγησεν,
2870 2134 2980 2194 οἷον
3011 2147 3247 2214 σπογγιά
3265 2165 3347 2211 τις
3468 2150 3653 2220 στήθει

2075 2212 2171 2265 τοῦ
2198 2216 2536 2284 Μονογενοῦς
2562 2229 2986 2299 παρακείμενος,
3016 2234 3268 2303 κάκεῖθεν
3298 2237 3530 2303 ἑλκύσας
3553 2242 3653 2312 τῆς

2076 2309 2464 2381 κεκρυμμένης
2495 2314 2686 2382 σοφίας
2718 2318 2817 2389 τὴν
2861 2320 3093 2391 γνῶσιν·
3127 2324 3314 2398 ἓτερον
3348 2328 3424 2396 δὲ,
3462 2329 3524 2382 τὸ
3550 2309 3651 2401 τῆς

2075 2394 2404 2467 οἰκονομίας,
2452 2404 2517 2473 ἣν
2566 2405 2769 2475 ἀγαθὸς
2823 2410 2852 2462 6
2888 2411 3020 2475 Θεὸς
3064 2394 3648 2488 πρδςνσυγκατάϐασίν

2073 2479 2175 2549 τῆς
2203 2483 2488 2551 ἀσθενείας
2518 2492 2673 2561 ἡμῶν
2701 2497 3041 2563 κατεδέξατο.
3080 2504 3263 2569 ’Λξιον
3302 2507 3478 2561 τοίνυν
3514 2510 3647 2562 θεω⁹

2078 2571 2241 2641 ρῆσαι
2278 2575 2376 2646 τὴν
2409 2580 2721 2649 ἀπόκρισιν,
2760 2587 2907 2652 ὅπως
2940 2590 2998 2643 ἐν
3032 2591 3365 2668 βραχυλογίᾳ
3404 2598 3498 2651 καὶ
3535 2599 3644 2651 ὀλι-

2075 2670 2454 2742 γορημοσύνῃ,
2497 2674 2713 2730 πάντων
2779 2679 3024 2753 ἀκριϐῶς
3084 2687 3143 2739 ὲν
3177 2687 3342 2759 ὀλίγῳ
3386 2689 3486 2761 τὴν
3532 2692 3648 2745 διά-

2075 2772 2224 2812 νοιαν
2264 2764 2666 2836 παρεδήλωσεν,
2709 2770 3015 2843 ἀρξάμενος
3054 2777 3161 2830 ἀπὸ
3196 2779 3304 2833 τῶν
3347 2781 3515 2846 κάτω,
3554 2785 3650 2837 καὶ

2075 2852 2211 2923 πρὸς
2256 2853 2325 2907 τά
2382 2855 2561 2927 ὑψηλά
2611 2861 2752 2915 κατά
2810 2863 2975 2935 μέρος
3034 2868 3327 2937 ἀναγαγὼν
3383 2873 3482 2944 τὴν
3531 2875 3647 2928 διά-

2073 2965 2240 3005 νοιαν.
2565 2972 2568 2976 ’
3650 3036 3653 3037 ,

2137 3026 2228 3095 ’Σὺ
2267 3039 2328 3096 εἴ
2350 3047 2382 3099 ὁ
2412 3047 2686 3115 Χριστός.
2724 3049 2895 3105 Τοῦτο
2924 3055 3020 3125 τῆς
3047 3057 3360 3129 οἰκονομίας
3391 3060 3647 3133 δήλωσις,

2076 3134 2170 3187 καὶ
2222 3135 2322 3205 τῆς
2372 3138 2637 3209 ὲνσάρκου
2711 3140 3027 3211 θεοφανείας
3098 3138 3378 3222 ἑξήγησιςξ
3419 3150 3478 3205 Ὀ
3540 3155 3647 3228 γάρ

2076 3223 2354 3299 [Χριστὸς]
2388 3231 2487 3282 οῦκ
2516 3229 2660 3285 ἐστιν
2685 3231 2854 3304 ὄνομα
2879 3235 2973 3288 τοῦ
3005 3240 3356 3308 προαιωνίου,
3390 3223 3651 3317 ἀλλά

2072 3319 2180 3372 τῶν
2226 3321 2529 3393 χρωμένων
2594 3325 2815 3397 χάριτος
2875 3330 3117 3403 μήνυμα.
3165 3332 3256 3386 Διὸ
3308 3335 3404 3387 καὶ
3445 3334 3651 3406 Κύριος

2073 3412 2228 3482 ἡμῶν
2273 3413 2705 3486 καταδεξάμενος
2738 3417 2874 3482 ὅλως
2920 3420 2981 3474 τὸ
3026 3420 3311 3493 ἄνθρωπος
3365 3424 3649 3492 γενέσθαι,

2075 3507 2168 3559 καὶ
2200 3509 2266 3560 τὰ
2293 3507 2427 3563 ἄλλα
2462 3510 2640 3563 πάντα
2683 3510 2787 3565 ὅσα
2819 3514 3109 3585 στρέφεται
3146 3516 3277 3587 περῖ
3311 3517 3411 3587 τὴν
3444 3517 3645 3588 σάρκα,

2076 3597 2535 3668 συγκαταδέχεται
2578 3600 2671 3653 καὶ
2716 3602 2959 3657 καλεῖται
2992 3605 3038 3636 ’⁸
3080 3606 3327 3677 χρισθεὶς
3366 3608 3444 3671 είς
3494 3607 3647 3677 βασι-

2072 3688 2188 3754 λέα,
2217 3690 2277 3749 οὐ
2308 3689 2384 3763 τῷ
2412 3690 2574 3762 ἐλαίῳ
2599 3693 2692 3749 τοῦ
2721 3686 2970 3766 κέρατος,
3010 3697 3083 3760 ὡς
3118 3699 3390 3771 Σαμουὴλ,
3430 3702 3523 3755 καὶ
3548 3703 3651 3755 Δα-

2073 3779 2176 3843 διδ,
2207 3781 2300 3834 καὶ
2334 3782 2382 3833 οἱ
2413 3781 2647 3854 καθεξῆς
2685 3783 2981 3857 ἄνθρωποι,
3006 3788 3143 3842 ἀλλὰ
3171 3793 3237 3862 τῇ
3274 3792 3523 3863 ὲνεργείξι
3555 3792 3649 3848 τοῦ

2072 3871 2411 3941 Πνεῦματος,
2444 3872 2567 3926 καθ’
2591 3874 2657 3948 ἣν
2688 3877 2779 3929 καὶ
2809 3879 2836 3930 6
2865 3878 3144 3949 Κυριακὸς
3190 3881 3478 3953 ἄνθρωπος
3535 3882 3650 3955 (οὓ-

2071 3980 2148 4016 τω
2200 3964 2308 4036 γάρ
2346 3968 2455 4029 τοῖς
2488 3967 2700 4031 πολλοῖς
2747 3969 2898 4038 φίλον
2946 3973 3377 4045 προσαγορεύειν
3410 3976 3499 4029 τὸν
3548 3976 3649 4049 Ἰη-

2074 4056 2220 4127 σοῦν)
2265 4054 2594 4129 θαυμαστῶς
2634 4061 2836 4133 ἐκυήθη
2869 4063 2961 4116 καὶ
3005 4065 3324 4136 παραδόξως
3365 4070 3422 4121 ἐν
3448 4072 3512 4141 τῇ
3546 4086 3647 4138 γα-

2074 4154 2195 4226 στρὶ
2232 4157 2333 4227 τῆς
2371 4157 2667 4229 Παρθένου.
2704 4159 3072 4233 Ὀμολογήσας
3105 4163 3162 4217 δὲ
3193 4165 3282 4217 τὸν
3318 4164 3526 4237 Ἰησοῦν
3558 4168 3647 4222 τὸν

2072 4246 2212 4319 ὑπὲρ
2244 4249 2401 4319 ἡμῶν
2435 4251 2724 4323 γενόμενον
2768 4251 3075 4324 ἄνθρωπον,
3109 4256 3209 4308 οὐκ
3239 4255 3435 4329 ἔστησε
3486 4259 3647 4330 μέχρι

2069 4336 2259 4390 τούτου
2287 4338 2441 4407 λόγον
2458 4358 2470 4369 ·
2500 4340 2635 4395 ἀλλά
2662 4342 2747 4395 διὰ
2774 4343 2871 4414 τῆς
2901 4344 3167 4416 κλίμακος
3197 4345 3291 4400 τοῦ
3328 4348 3521 4403 Ἰακὼϐ
3548 4351 3647 4421 τῆς

2069 4429 2268 4500 νοητῆς
2296 4432 2433 4502 πρὸς
2463 4432 2553 4486 τὸν
2584 4433 2814 4505 οὐρανὸν
2859 4436 3085 4501 ἀναϐὰς,
3118 4438 3227 4491 καϊ
3251 4440 3541 4510 γενόμενος
3588 4443 3645 4495 ἐν

1995 4539 2040 4593 ι)
2072 4522 2274 4593 θεωρίᾳ
2303 4523 2397 4576 τοῦ
2428 4524 2486 4576 ἐν
2517 4525 2658 4594 ἀρχῇ
2692 4523 2825 4578 Θεοῦ
2854 4526 3047 4595 Λόγου,
3094 4528 3450 4601 προστίθησιν
3499 4532 3646 4604 αὐτῷ

2060 4612 2123 4665 τὸ
2159 4612 2436 4681 ἐξαίρετον
2481 4613 2574 4666 καὶ
2619 4614 2870 4686 ἀληθινὸν
2922 4616 3157 4690 ἀξίωμα,
3208 4620 3337 4676 Υίὺν
3383 4624 3478 4677 τοῦ
3509 4625 3642 4679 Θεοῦ

2062 4702 2509 4773 προσαγορεύσας
2551 4704 2644 4757 τοῦ
2689 4705 2909 4772 ζῶντος.
2953 4711 3221 4784 Ἀκριϐῶς
3257 4713 3314 4768 δὲ
3354 4711 3505 4781 οὗτος
3548 4718 3644 4771 καὶ

2060 4792 2157 4863 οὐχ
2186 4792 2402 4862 ἕτερος·
2437 4794 2597 4858 αὐτός
2645 4812 2702 4848 τε
2743 4800 3083 4872 ὁμολογήσας
3115 4802 3206 4855 τὸν
3243 4805 3372 4876 εὑθῆ
3407 4806 3500 4859 τὸν
3528 4807 3643 4861 διά-

2061 4901 2293 4956 στροφον
2318 4886 2366 4918 ⁸⁸
2394 4887 2593 4941 κανόνα
2622 4888 2721 4958 τῆς
2747 4891 3004 4957 πίστεως,
3039 4893 3134 4947 καὶ⁸
3178 4896 3345 4948 πᾶσιν
3374 4898 3504 4968 ἡμῖν
3534 4915 3639 4952 πα-

2064 4976 2257 5046 ραδοὺς
2283 4978 2375 5031 τὸν
2413 4979 2513 5050 τῆς
2545 4981 2828 5046 εὐσεϐείας
2856 4981 3034 5052 λόγον,
3067 4987 3422 5059 ἀπαράϐατον
3454 4989 3639 5059 νόμον,

2060 5068 2160 5120 οὐκ
2197 5069 2428 5139 ἄμισθος
2461 5073 2692 5143 ἀπῆλθε,
2739 5075 2859 5133 οὐδὲ
2903 5076 3208 5148 ἀγέραστος
3230 5095 3245 5108 υ
3280 5078 3548 5149 μακάριος
3580 5080 3639 5133 δὲ

2060 5159 2382 5231 ὀνομασθείς
2425 5164 2578 5236 παρὰ
2621 5165 2715 5220 τοῦ
2764 5165 2933 5231 ὅντως
2967 5169 3259 5241 μακαρίου,
3312 5168 3490 5241 πέτρα
3537 5189 3641 5226 κα-

2061 5249 2232 5306 λεῖται
2273 5255 2372 5325 τῆς
2424 5256 2693 5322 πίστεως,
2744 5261 2839 5313 καὶ
2890 5259 3166 5330 θεμέλιος,
3210 5263 3304 5315 καὶ
3354 5261 3640 5337 ὖποῦάθρα

2060 5343 2158 5412 τῆς
2212 5345 2353 5399 κατὰ
2395 5347 2527 5400 Θεὸν
2572 5349 2921 5421 Ἐκκλησίας.
2963 5352 3246 5423 Λαμὸάνει
3291 5353 3352 5409 δὲ
3402 5354 3492 5409 διὰ
3538 5356 3640 5427 τῆς

2060 5435 2406 5508 ὑποσχέσεως
2442 5440 2544 5511 τῆς
2592 5441 2869 5512 βασιλείας
2915 5443 3014 5508 τὰς
3061 5444 3246 5514 κλεῖς,
3298 5448 3394 5503 καὶ
3448 5447 3638 5523 κύριος

2059 5528 2267 5595 γίνεται
2298 5532 2406 5587 τῶν
2439 5535 2654 5623 ἐκείνης
2688 5535 2899 5598 πυλῶν,
2926 5535 3066 5591 ὥστε
3099 5538 3273 5604 αὐτὰς
3316 5542 3639 5611 ἀπανοίγσιν

451 5765 565 5840 (ἂι)
619 5772 786 5833 Caute
846 5779 1114 5838 hominem
1170 5783 1505 5844 Dontinicum
1551 5793 1814 5862 appellat,
1876 5797 1951 5851 uti
1993 5801 2152 5855 ctiam
2190 5801 2376 5874 Gri-3,.
2410 5815 2546 5859 orat.
2582 5808 2669 5862 51.
