4090 6146
299 317 407 403 εει

1186 302 1483 384 ,llOMlLlA
1526 318 1657 374 Vill.
1701 318 1771 374 ΙΝ
1807 318 1906 374 SS.
1947 319 2229 376 ΡΕἸΪευΜ
2265 318 2353 373 ΕΤ
2393 318 2702 375 PAULUM.

3471 317 3579 375 982

302 431 386 498 οἷς
421 433 489 487 ἀν
520 431 718 495 ἐθέλοι,
746 434 843 485 καὶ
877 432 1079 487 κλείειν
1109 427 1190 497 οἷς
1227 434 1294 488 ἀν
1324 434 1535 489 δίκαιον
1559 431 1648 507 ἦν,
1680 435 1902 499 πάντως

2012 438 2159 507 cujus
2188 451 2319 507 ergo
2349 437 2485 505 ipse,
2522 446 2778 505 tanquam
2812 436 3032 492 sedulus
3065 450 3378 507 gnarosque
3407 438 3578 491 bono-

301 527 362 582 δὲ
392 529 507 590 τοῖς
553 524 824 598 βεϐήλοις,
856 528 954 580 καὶ
981 526 1243 593 ἀνιέροις,
1273 528 1367 582 καὶ
1403 531 1517 593 τοῖς
1547 528 1900 601 ἀρνουμένοις
1936 582 1943 587 ,

303 619 402 673 τὴν
429 617 725 689 ὁμολογίαν
754 616 992 687 ἐκείνην,
1018 618 1088 671 δι’
1117 618 1185 688 ἢν
1209 619 1394 682 αὐτὸς,
1422 618 1498 682 ὡς
1529 619 1761 692 ἀκριϐὴς
1788 619 1899 672 τῶν

316 714 659 785 Ἐκκλησιῶν
681 714 727 746 ⁸⁷
762 714 989 783 ἀγαθῶν
1024 715 1233 786 φύλαξ,
1271 719 1584 771 ἐπιστατεῖν
1636 722 1756 782 ταῖς
1789 719 1901 771 εἰσ-

304 807 445 870 όδοις
465 806 566 877 τῆς
590 806 867 876 βασιλείας
896 806 1119 879 ἐτάχθη.
1152 809 1217 860 Ὢ
1238 808 1330 861 τοῦ
1362 807 1531 878 ζόφου
1556 808 1652 862 καὶ
1679 808 1896 880 ἀχλύος,

306 901 340 969 ἢ
365 898 535 969 πολλὴ
565 896 796 969 κέχυται
820 898 927 970 πρὸ
961 898 1073 951 τῶν
1109 899 1473 971 ἀνθρωπικῶν
1495 899 1811 971 ὀφθαλμῶν,
1831 900 1898 953 δι’

306 990 375 1061 ἢν
406 991 470 1043 οὐ
506 989 796 1060 βλέπουσιν
828 992 877 1043 oi
912 990 1180 1061 αἱρετικοὶ
1217 991 1326 1044 τῶν
1364 991 1626 1063 Πατέρων
1653 991 1722 1045 τά
1753 991 1896 1063 ἴχνη,

307 1081 429 1135 οὐδὲ
459 1080 697 1152 βαδίζειν
732 1081 969 1152 ἐκείνην,
1001 1083 1068 1154 ἢν
1103 1082 1330 1154 ἔτριψαν
1359 1083 1471 1136 τῶν
1513 1082 1826 1137 ἀποστόλων
1852 1086 1898 1138 οἱ

307 1173 502 1237 πόδεςί
558 1174 689 1228 Ἰδοὺ
740 1174 852 1244 γάρ
902 1174 1112 1246 Πέτρος
1157 1177 1186 1227 ὁ
1235 1177 1355 1229 κατ’
1405 1176 1636 1246 ἐκλογὴν
1681 1177 1902 1246 γνήσιος

307 1266 402 1320 τοῦ
423 1265 662 1337 Χριστοῦ
688 1266 958 1338 μαθητὴς,
984 1268 1013 1320 ὁ
1042 1267 1321 1338 πανταχοῦ
1350 1269 1450 1340 τὴν
1475 1268 1698 1341 πρώτην
1722 1267 1901 1338 ψῆφον

308 1360 403 1413 καὶ
449 1359 560 1412 τῶν
596 1359 774 1431 τιμῶν
823 1361 918 1413 καὶ
955 1360 1065 1413 τῶν
1106 1361 1549 1433 κατορθωμάτων
1582 1361 1898 1432 δεξάμενος,

303 1452 334 1502 ὁ
370 1451 545 1523 μέγας
582 1453 790 1515 ἐκεῖνος
817 1454 846 1505 ὁ
877 1453 1040 1516 πάνυ,
1070 1445 1132 1506 οὗ
1165 1454 1227 1506 τὸ
1269 1454 1427 1517 κλέος
1474 1454 1659 1506 πᾶσαν
1699 1456 1797 1524 τὴν
1827 1453 1905 1505 οἱ·

305 1545 582 1615 κουμένην
632 1543 972 1616 ἐπλήρωσεν,
1020 1545 1334 1609 κελευσθεὶς
1386 1546 1581 1606 εἰπεῖν,
1625 1544 1774 1607 ὅπως
1816 1543 1905 1597 δο-

306 1634 460 1700 ξάζει
494 1636 622 1706 περὶ
658 1636 754 1688 τοῦ
804 1635 939 1689 Θεοῦ
976 1637 1068 1689 καὶ
1116 1636 1371 1708 Σωτῆρος
1418 1637 1601 1708 ἡμῶν,
1644 1637 1745 1689 οὐκ
1798 1635 1904 1688 ἀπὸ

309 1731 529 1800 μακρᾶς
566 1745 715 1792 τινος
758 1728 961 1800 ἧρξατο
1006 1728 1307 1800 περινοίας,
1338 1730 1459 1783 οὐδὲ
1490 1729 1688 1786 κύκλον
1727 1728 1908 1783 συλλοο

304 1821 522 1891 γισμῶν
573 1821 667 1874 καὶ
722 1821 1067 1891 πραγμάτων
1116 1820 1612 1892 περιϐαλλόμενος,
1669 1822 1901 1893 ἀπεκρι-
1937 1836 1976 1889 Β

303 1930 435 1966 νατο
465 1912 604 1983 πρὸς
635 1910 734 1983 τὴν
759 1910 978 1976 πεῦσιν,
1009 1909 1198 1983 ὥσπερ
1228 1911 1292 1982 δὴ
1323 1910 1417 1964 νῦν
1443 1914 1613 1967 ποιεῖν
1648 1911 1901 1966 εἰώθασιν

303 2004 352 2056 οἱ
389 2002 555 2055 δεινοὶ
594 2001 850 2070 σοφισταὶ
883 2001 978 2053 καὶ
1008 2001 1316 2072 τεχνολόγοι
1345 2002 1446 2072 τῆς
1480 2002 1749 2066 πίστεως’
1785 2002 1901 2056 ἀλλ’

303 2097 366 2148 ἐν
389 2095 654 2165 ἁπλότητι
681 2093 929 2166 καρδίας,
955 2092 1218 2163 σύντομον
1242 2093 1457 2158 ἐξέθετο
1481 2096 1581 2165 τὴν
1608 2094 1868 2165 ἀλήθειαν
1885 2112 1899 2124 ⁸

303 2188 365 2239 οὐ
416 2186 513 2238 τὸν
564 2184 861 2255 ἀγέννητον
913 2183 1223 2248 διαστείλας
1270 2185 1346 2256 τῷ
1397 2186 1673 2257 γεννητῷ,
1727 2186 1787 2240 οὐ
1834 2187 1903 2241 τὰ

304 2278 436 2348 περὶ
468 2276 657 2346 ὁμοίου
690 2276 784 2329 καὶ
823 2276 1079 2347 ἀνομοίου
1107 2275 1511 2348 λεπτολογήσας
1540 2278 1899 2350 ἐμπλήκτως,

306 2370 428 2424 οὑδὲ
460 2368 571 2423 τῶν
604 2368 744 2441 ὑπὲρ
784 2368 960 2421 πάντα
994 2367 1193 2420 οὐσιῶν
1224 2367 1760 2441 πολυπραγμονήσας
1789 2369 1905 2421 δια-

308 2462 504 2532 φορὰν,
534 2459 655 2514 οὐδὲ
687 2460 786 2530 τὴν
832 2459 1143 2531 ἀμέτρητον
1188 2458 1427 2530 θεότητα·
1469 2461 1746 2530 μετρήσας
1778 2461 1905 2513 συλ.

307 2552 613 2623 λογισμοῖς,
651 2546 739 2605 οἷα
770 2550 834 2622 δὴ
878 2550 947 2604 τά
987 2551 1194 2622 Ἀρείου
1226 2552 1474 2620 παίγνια,
1509 2551 1602 2604 καὶ
1636 2551 1703 2604 τὰ
1735 2550 1903 2603 Εὐνο-

314 2643 436 2714 μίου
482 2644 997 2714 παρεηειρὴματα.
1046 2639 1389 2711 Ζηλώσωμεν
1437 2640 1637 2703 τοίνυν,
1680 2634 1726 2693 ὦ
1768 2642 1905 2711 Χρι-

312 2735 522 2790 στιανοὶ
554 2728 647 2803 (ὧν
688 2734 891 2796 πίστις,
926 2732 986 2785 οὐ
1021 2732 1315 2800 πολυλογία
1348 2733 1410 2786 τὸ
1447 2731 1783 2803 γνώρισμα),
1811 2732 1904 2785 τὸν

314 2828 491 2889 ἁλιέα,
539 2828 631 2881 τὸν
680 2827 1030 2899 ἀπερίεργον,
1060 2825 1153 2879 τὸν
1188 2828 1251 2878 ἔκ
1278 2825 1583 2898 Βηθσαῖδάς
1610 2826 1865 2894 γένοντα²
1889 2867 1903 2892 ,

311 2921 372 2973 τὸ
401 2920 618 2991 πρῶτον
644 2921 900 2991 θηρευμα
928 2918 1021 2972 τοῦ
1059 2917 1319 2990 Χριστοῦ.
1367 2918 1774 2989 Μελετήσωμεν
1815 2917 1906 2971 λέ-

310 3028 462 3080 γειν’
496 3009 580 3065 Σὺ
609 3007 669 3064 εἷ
695 3013 727 3064 ὁ
759 3010 1014 3078 Χριστὸς
1046 3013 1080 3063 ὁ
1116 3009 1249 3074 Υἱὸς
1290 3008 1397 3062 τοῦ
1443 3008 1589 3061 Θεοῦ
1623 3008 1729 3061 τοῦ
1771 3006 1905 3069 ζῶν-

310 3120 454 3172 τοςο
486 3102 556 3157 τὰ
585 3103 640 3157 δὲ
673 3102 896 3156 πλείονα
924 3102 1131 3155 τούτων
1160 3102 1381 3172 ἀφιέναι
1413 3105 1525 3166 τοῖς
1555 3101 1902 3173 λογομάχοις,

311 3190 389 3251 ὧν
416 3194 535 3267 ἔρις
562 3195 620 3248 τὸ
648 3194 826 3267 ἔργον,
859 3196 953 3247 καὶ
984 3194 1043 3246 τὸ
1074 3193 1226 3257 τέλος
1257 3192 1531 3246 ἀπώλειαι

383 3283 541 3359 ’Ᾱρα
577 3282 670 3341 οὖν
707 3288 805 3357 μὲν
858 3288 1017 3360 μέχρι
1051 3286 1158 3340 τῶν
1204 3284 1505 3356 λεχθέντων
1547 3285 1761 3341 ἵσταται
1812 3287 1906 3340 τοῦ

309 3378 616 3435 ἀποστόλου
668 3379 736 3432 τά
789 3378 1079 3450 Gadium;
1146 3377 1223 3447 ἢ’
1250 3378 1358 3430 πᾶν
1408 3378 1740 3444 τούναντίον,
1788 3378 1909 3431 οὐδὲ

310 3469 522 3545 ἦρχθαι
569 3470 856 3542 δοκοῦμεν,
907 3474 959 3526 εί
999 3487 1082 3534 τις
1129 3473 1239 3534 τοῖς
1287 3470 1605 3542 εἰρημένοις
1652 3488 1908 3544 παραμε-

310 3565 471 3637 τροίη
501 3563 571 3617 τὰ
613 3564 889 3617 λείποντα.
927 3563 1066 3616 Ἀλλ’
1095 3562 1204 3632 ἐγὼ
1246 3562 1316 3616 τά
1359 3562 1529 3615 πολλά
1557 3566 1623 3635 τῇ
1668 3564 1912 3636 ὑμετέρα

310 3657 517 3727 γνώσει
576 3655 890 3710 καταλιπὼν
943 3655 1079 3729 (ἴστε
1131 3655 1242 3727 γὰρ
1295 3655 1387 3709 τὸν
1438 3656 1646 3726 Πέτρον
1697 3657 1792 3710 καὶ
1842 3657 1910 3709 τὰ

309 3749 549 3811 ἐκείνου,
587 3748 690 3803 κᾶν
723 3750 910 3822 μηδεὶς
940 3751 1184 3803 ἐπαινεῖν
1224 3748 1314 3801 τὸν
1361 3748 1528 3820 ἄνδρα
1568 3749 1909 3821 προέληται),

314 3841 493 3915 μικρά
525 3843 653 3916 περὶ
679 3842 779 3914 τῆς
808 3840 1168 3905 ἀναπαύσεως
1201 3841 1365 3895 αὐτοῦ
1402 3844 1589 3899 εἰπεῖν,
1611 3841 1894 3913 βούλομαι,

312 3934 413 3990 καὶ
437 3934 585 3997 ὅπως
616 3936 680 3986 ἐκ
713 3933 813 4004 τῆς
848 3934 950 4005 γῆς
980 3937 1059 3998 εἰς
1093 3936 1184 3988 τὸν
1219 3934 1447 4007 οὐρανὸν
1482 3932 1820 4006 μετῴκησεν,
1846 3934 1912 3987 ἵν’

308 4028 438 4081 ἐκεῖ
471 4025 566 4079 τοῦ
599 4026 778 4092 λέγειν
816 4026 1130 4098 παύσωμαι,
1162 4017 1290 4080 ἔνθα
1333 4028 1587 4091 κάκεῖνος
1633 4026 1724 4079 τὸν
1776 4026 1910 4097 βίον.

328 4118 387 4173 '0
425 4118 526 4189 μὲν
553 4115 648 4172 οὖν
678 4119 869 4192 Σωτὴρ
904 4120 936 4190 ἡ
947 4118 1065 4189 μῶν
1109 4118 1273 4191 ἡνίκα
1308 4118 1532 4189 ἔμελλεν
1563 4118 1812 4186 ἁγιάζειν
1838 4117 1916 4189 τῷ

312 4209 635 4283 αὐθαιρέτῳ
676 4210 893 4283 θανάτῳ
913 4212 981 4275 ³⁸,
1022 4210 1211 4285 ὥσπερ
1249 4211 1370 4266 τινὰ
1412 4210 1742 4283 παραθήκην
1773 4209 1916 4274 ἐξαί-

315 4320 500 4376 ρετον,
549 4303 652 4376 τὴν
707 4302 936 4357 καθόλου
992 4304 1086 4357 καὶ
1136 4305 1520 4375 οἰκουμενικὴν
1586 4303 1917 4375 Ἐκκλησίαν

309 4394 497 4465 τούτῳ
540 4393 619 4465 τῷ
666 4394 820 4466 ἀνδρὶ
869 4395 1259 4467 παρατίθεται,
1308 4395 1493 4468 τρίτον
1538 4393 1701 4448 αὐτοῦ
1755 4393 1919 4447 πυθό-

2007 545 2122 583 rtnn
2150 527 2412 582 Ecclesia:
2452 537 2658 593 custos,
2690 530 2841 599 regni
2872 530 3029 584 ostiis
3055 529 3343 598 praefectus
3370 527 3488 582 fuit.
3533 527 3580 585 Ο

2001 618 2253 674 nebulam
2281 633 2345 672 ac
2375 617 2660 687 caliginem
2686 618 2833 672 illam
2862 619 3148 688 plurimam
3170 619 3419 673 humanis
3441 616 3579 674 oﬂu-

2002 727 2121 767 sam
2145 710 2340 774 oculis,
2366 725 2471 780 qua
2497 710 2854 778 prohibemur
2883 711 3121 766 hmretici
3149 710 3370 764 Patrum
3397 711 3581 764 videre

2003 800 2259 874 vestigia;
2307 817 2370 857 ac
2414 818 2577 873 (tuam
2614 803 2977 871 apostolorum
3018 805 3180 874 pedes
3223 805 3364 857 viam
3416 798 3588 857 lrive-'

2002 907 2148 962 runt,
2177 895 2449 950 incedere!
2479 896 2616 951 Ecce
2640 910 2874 964 namque
2897 897 3090 951 eximia
3112 898 3344 967 quadam
3370 897 3580 950 ratione

2003 991 2253 1045 sincerus
2284 990 2374 1043 ille
2399 989 2601 1043 Christi
2629 990 2926 1058 discipulus
2946 987 3174 1054 Petrus;
3204 990 3311 1055 ille,
3336 990 3577 1057 inquatn,

2004 1082 2240 1150 primum
2271 1081 2491 1149 ubique,-
2528 1089 2639 1133 tnm
2669 1081 2809 1147 quod
2843 1081 2909 1133 ad
2939 1080 3174 1134 honores
3202 1090 3431 1148 spectat,
3469 1089 3579 1131 tum

2003 1175 2145 1245 quod
2200 1177 2265 1227 ad
2326 1175 2520 1227 merita
2565 1174 2746 1227 ferens
2784 1172 3129 1244 snﬂ‘ragium,
3171 1173 3256 1225 ille
3291 1172 3579 1244 admodum

2008 1280 2273 1332 magnus,
2305 1266 2458 1335 cujus
2495 1266 2658 1320 decus
2693 1265 3004 1317 universum
3039 1264 3278 1331 implevit
3313 1273 3579 1315 terrarum

2004 1360 2192 1413 orbem
2219 1401 2233 1424 ,
2265 1359 2451 1427 jussus
2480 1358 2695 1412 edicere
2722 1366 2781 1409 nt
2808 1358 2875 1410 de
2913 1340 3020 1410 Deo
3051 1372 3113 1410 ac
3143 1356 3422 1410 Salvatore
3454 1370 3576 1427 sen-

2008 1450 2126 1515 tiat,
2161 1465 2264 1502 non
2290 1467 2318 1500 a
2353 1449 2493 1519 longi
2524 1448 2804 1518 cujusdam
2830 1448 3122 1501 commenti
3149 1449 3363 1500 vafritie
3386 1446 3576 1513 cmpit,

2008 1557 2109 1596 nec
2149 1541 2585 1612 syllogismorum
2628 1555 2919 1609 rerumque
2951 1542 3158 1595 circulo
3198 1528 3424 1593 vallatus
3458 1553 3581 1608 per-

2006 1638 2246 1690 eontanti
2284 1637 2588 1706 respondit,
2626 1638 2701 1690 uti
2738 1653 2879 1691 nunc
2915 1636 3158 1691 solemne
3206 1637 3404 1689 habent
3462 1650 3584 1704 gra-

2008 1743 2103 1784 ves
2135 1729 2208 1784 illi
2237 1729 2506 1793 rhetores,
2536 1730 2698 1798 inque
2725 1730 2903 1784 verbis
2931 1733 3140 1798 postne,
3176 1730 3297 1784 lldei
3322 1729 3583 1792 artilices,

2009 1822 2101 1901 sed
2138 1821 2302 1875 corde
2336 1818 2592 1891 simplici,
2622 1823 2955 1877 succinctam
2984 1823 3267 1876 veritatem
3303 1821 3583 1890 exposuit;

2013 1917 2435 1985 haudquaquam
2506 1916 2804 1985 ingenitum
2856 1925 3044 1970 contra
3098 1914 3339 1984 genitum
3394 1912 3586 1967 distin-

2006 2023 2180 2077 guens
2209 2025 2225 2062 :
2258 2009 2325 2062 de
2351 2007 2440 2071 iis,
2477 2021 2597 2075 qua"
2624 2006 2689 2060 ad
2720 2007 2897 2060 simile
2932 2022 2995 2060 ac
3026 2006 3586 2074 dissimile‘spectant,

2006 2098 2374 2168 nequidquam
2415 2108 2594 2152 emota
2634 2109 2814 2152 mente
2867 2096 3056 2152 frivola
3108 2100 3443 2166 disputans:
3490 2111 3590 2152 nec

2004 2205 2137 2245 vero
2176 2190 2636 2255 snbstantiarum,
2675 2205 2795 2259 quae
2834 2192 3014 2244 omnia
3057 2200 3354 2260 superant,
3397 2191 3590 2245 distin-

2008 2280 2246 2335 ctionem
2273 2280 2543 2335 curiosius
2571 2280 2875 2349 indagans;
2906 2296 3002 2336 nec
3025 2283 3235 2336 demum
3269 2282 3589 2337 immensam

2008 2371 2260 2425 deitatem
2296 2370 2624 2440 syllogismis
2672 2374 2942 2439 metiens,
2995 2373 3170 2445 qualia
3225 2374 3425 2427 habent
3474 2373 3587 2428 Arii

2008 2463 2243 2529 ludicra,
2278 2463 2639 2534 Ennomiique
2685 2481 2847 2535 prava
2893 2468 3197 2521 conamina.
3249 2466 3592 2522 IEmulemur

2008 2557 2210 2626 itaque,
2243 2571 2275 2608 ο
2298 2554 2593 2609 Christiani
2640 2556 2904 2626 (quorum
2942 2557 3095 2621 ﬁdes,
3130 2569 3257 2613 nota
3305 2568 3387 2612 est
3415 2575 3477 2612 ac
3503 2560 3589 2612 in-

2007 2649 2180 2716 signe,
2216 2660 2323 2699 non
2360 2646 2644 2701 verborum
2681 2644 2999 2717 eminentia),
3036 2649 3361 2716 piscatorem
3400 2647 3584 2714 illum,

2009 2738 2160 2790 illum
2200 2735 2540 2806 simplicem,
2586 2737 2736 2791 illum
2770 2736 3058 2792 Bethsaida
3104 2750 3324 2806 ortum,
3360 2739 3588 2808 primam

2010 2830 2156 2885 illam
2191 2829 2393 2885 Christi
2424 2832 2787 2886 venationem.
2818 2831 3144 2885 Studeamus
3172 2833 3352 2887 dicere
3379 2850 3391 2885 :
3430 2828 3507 2884 Tu
3537 2816 3590 2884 es

2015 2922 2260 2978 Christus
2303 2920 2478 2976 Filius
2518 2923 2614 2976 Dei
2652 2926 2791 2988 vivi;
2829 2924 2912 2978 his
2955 2935 3130 2978 autem
3169 2925 3359 2995 plura,
3401 2940 3592 2994 pugna:

2010 3015 2299 3069 verborum
2328 3014 2668 3070 studentibus
2692 3016 2967 3069 din‘tittere
2990 3032 3005 3083 ;
3031 3033 3261 3086 quorum
3281 3032 3436 3087 opus,
3462 3032 3592 3071 con-

2013 3107 2212 3175 lentio;
2250 3107 2373 3162 linis
2404 3117 2607 3173 autem,
2639 3108 2910 3163 interitus.

2080 3291 2295 3361 Ergone
2322 3290 2603 3357 hactenus,
2642 3292 2801 3361 inque
2829 3291 2989 3347 dictis
3026 3292 3184 3346 linem
3212 3291 3417 3345 habent
3458 3304 3591 3359 apo-

2013 3385 2139 3438 stoli
2186 3383 2487 3453 miracula?
2523 3385 2651 3454 quin
2689 3384 2846 3453 plane
2883 3400 3058 3446 serus,
3091 3399 3158 3437 ne
3188 3383 3401 3452 quidem
3440 3383 3591 3434 vide-

2013 3494 2137 3532 mur
2164 3477 2476 3544 inempisSe,
2497 3486 2554 3530 ut
2574 3478 2696 3545 quis
2718 3491 2839 3531 cum
2868 3475 3050 3538 dictis,
3079 3491 3195 3543 qua:
3223 3473 3426 3542 reliqua
3447 3485 3591 3538 sunt,
3628 3511 3632 3515 ‹

2017 3579 2321 3638 comparet.
2345 3568 2457 3639 Ego
2482 3569 2833 3622 nihilominus
2855 3568 3111 3638 pleraque
3133 3577 3323 3622 vestrae
3354 3567 3595 3621 s:-ienti:e

2014 3662 2333 3731 permittens
2366 3662 2553 3732 (scitis
2599 3662 2740 3716 enim
2777 3661 3019 3725 Petrum,
3076 3676 3140 3715 ac
3188 3677 3275 3715 res
3308 3658 3476 3725 Petri,
3513 3671 3596 3711 ta-

2016 3754 2171 3809 metsi
2210 3768 2367 3808 nemo
2391 3753 2562 3807 virum
2595 3754 2817 3808 laudare
2864 3754 2914 3806 in
2957 3752 3198 3807 animum
3242 3747 3601 3820 induxerit),
3690 3753 3703 3764 ‘

2017 3857 2188 3913 pauca
2219 3845 2465 3912 qnmdarn
2500 3842 2620 3897 volo
2652 3844 2833 3897 dicere
2863 3844 2929 3897 de
2965 3844 3083 3913 ejus
3129 3843 3338 3913 requie,
3369 3850 3535 3912 utque
3566 3857 3597 3897 e

2019 3943 2164 3987 terra
2200 3933 2252 3986 in
2288 3933 2484 3987 coelum
2521 3934 2872 4000 migraverit,
2912 3944 2969 3987 nt
3006 3935 3113 3988 illic
3149 3935 3345 3989 faciam
3381 3925 3595 3988 dicendi

2023 4024 2208 4092 linem,
2240 4025 2329 4078 ubi
2364 4025 2450 4078 ille
2482 4025 2605 4079 vita:
2634 4023 2791 4080 linem
2825 4027 3057 4093 accepit.
3087 4025 3221 4080 Cum
3252 4041 3381 4095 ergo
3411 4024 3600 4080 Salva-

2025 4127 2130 4181 tor,
2167 4128 2363 4187 sponle
2393 4118 2670 4187 assumpta
2719 4130 2893 4173 morte
2940 4119 3234 4172 hmnannm
3266 4133 3436 4188 genus
3466 4132 3596 4170 san-

2020 4206 2354 4260 ctilleatnrus
2380 4217 2544 4273 esset,
2570 4221 2665 4260 een
2700 4208 2968 4276 peculiare
2991 4208 3262 4276 quoddam
3297 4207 3596 4276 depositum

2019 4312 2083 4350 ac
2127 4298 2429 4366 peculium,
2475 4298 2835 4352 nniversalem
2900 4314 2963 4351 ac
3010 4297 3143 4351 orbe
3193 4305 3305 4351 toto
3350 4296 3636 4360 ditius-am,

2022 4388 2137 4441 viro
2175 4388 2300 4442 huic
2338 4389 2686 4443 commendat
2732 4389 3058 4450 Ecclesium,
3096 4389 3184 4442 ubi
3221 4388 3381 4442 tertio
3431 4388 3601 4441 inter-

317 4502 484 4560 μενος
529 4486 610 4553 τὸ,
642 4486 843 4552 Φιλεῖς
883 4504 990 4557 pe;
1038 4488 1125 4552 Ὠς
1155 4487 1212 4541 δὲ
1259 4489 1380 4550 ταῖς
1425 4487 1725 4556 ἐρωτήσεσι
1775 4486 1910 4557 μάλα

2025 4489 2289 4549 rogasset,
2325 4481 2477 4544 illud,
2516 4482 2676 4535 Amas
2722 4496 2802 4533 me
2832 4481 2882 4533 ‘?
2913 4479 3158 4549 Cumque
3190 4481 3253 4545 is,
3294 4481 3459 4536 multa
3488 4480 3600 4532 ala-

314 4577 623 4653 προθύμως
659 4580 980 4651 ἰσαρίθμους
1018 4580 1117 4645 τὰς
1151 4580 1443 4651 ὁμολογίας
1487 4578 1769 4652 προέθετο,
1805 4577 1921 4631 ἔλα-

316 4670 416 4724 ϐεν
452 4670 548 4724 τὸν
590 4672 795 4742 κόσμον
828 4674 907 4736 είς
938 4672 1277 4742 ἐπιμέλειαν,
1321 4672 1397 4735 ὡς
1448 4671 1573 4742 μίαν
1608 4670 1806 4741 ἀγέλην
1840 4665 1920 4735 εἷς

322 4762 536 4834 ποιμὴν
558 4802 573 4826 ,
604 4761 873 4826 ἀκούσας·
908 4761 1108 4818 Βόσκε
1143 4764 1217 4817 τὰ
1249 4764 1426 4832 ἀρνία
1464 4781 1585 4833 μου
1606 4780 1620 4795 ·
1653 4763 1746 4817 καὶ
1791 4780 1917 4834 σχε-

319 4853 412 4906 δὸν
455 4852 573 4906 ἀνθ’
603 4853 798 4906 ἑαυτοῦ
848 4853 937 4906 τὸν
986 4854 1308 4908 πιστότατον
1360 4853 1607 4926 μαθητὴν
1643 4853 1844 4907 ἔδωκεν
1890 4854 1919 4905 ὀ

322 4943 529 5016 Κύριος
577 4948 691 5009 τοῖς
730 4945 1089 5017 προσηλύτοις
1144 4945 1385 5017 πατέρα,
1437 4947 1532 5000 καὶ
1585 4946 1773 5016 νομέα,
1822 4946 1917 4999 καὶ

324 5037 645 5107 παιδευτὴν.
692 5036 912 5108 Ταύτης
942 5037 1119 5091 τοίνυν
1161 5036 1400 5101 ἀκούσας
1442 5038 1538 5107 τῆς
1575 5037 1781 5107 φωνῆς,
1813 5037 1914 5089 οὐκ

321 5129 382 5182 ὲν
416 5128 659 5202 ῥᾳθυμία
686 5132 780 5184 τὸν
825 5130 938 5202 βίον
974 5119 1187 5203 ἔζησεν,
1227 5130 1349 5184 οὐδὲ
1395 5132 1647 5202 ἠγάπησε
1683 5131 1779 5202 τὴν
1816 5130 1920 5196 ἔξω

321 5216 589 5275 κινδύνων
633 5222 813 5293 ζωήν·
847 5221 988 5275 ἀλλά
1024 5224 1205 5276 πᾶσαν
1248 5222 1347 5295 τὴν
1394 5222 1719 5293 οἰκουμένην
1760 5239 1917 5295 περι-

322 5310 553 5375 νοστῶν,
596 5311 689 5366 τδν
746 5311 981 5383 Χριστὸν
1027 5314 1139 5374 τοῖς
1184 5309 1585 5380 τυφλώττουσιν
1640 5309 1919 5363 ἀπεκάλυ-

326 5418 480 5475 πτεν,
522 5404 651 5467 τοὺς
690 5403 791 5474 μὲν
838 5402 1225 5473 πλανωμένους
1271 5401 1503 5472 ὁδηγῶν,
1545 5402 1672 5463 τοὺς
1700 5400 1757 5453 δὲ
1792 5417 1917 5470 γευ-
1958 5394 1965 5401 ’

326 5495 596 5565 σαμένους
615 5495 716 5565 τῆς
750 5493 1033 5558 εὐσεϐείας
1058 5494 1106 5526 ³⁸
1126 5511 1138 5523 ·
1170 5495 1285 5557 τοῖς
1321 5492 1535 5564 ἐχθροῖς
1576 5493 1878 5565 μαχόμενος
1897 5535 1911 5561 ,

2023 4573 2221 4627 critate
2251 4573 2479 4650 singulis
2501 4573 3027 4643 interrogationibus
3053 4574 3272 4628 totidem
3303 4574 3599 4643 professio-

2020 4679 2117 4716 nes
2153 4663 2468 4730 adiecisset,
2508 4666 2695 4720 nnmdi
2738 4682 2924 4719 curam
2978 4665 3215 4733 accepit;
3252 4665 3398 4720 velut
3434 4680 3596 4719 unum

2018 4770 2260 4826 gregem,
2298 4773 2436 4810 unus
2469 4767 2701 4827 pastor;
2737 4760 2936 4827 quibus
2966 4760 3167 4813 audivit
3198 4777 3211 4811 :
3244 4756 3410 4812 Pasce
3435 4774 3599 4828 agnos

2016 4863 2157 4900 mem
2175 4848 2196 4878 ³
2221 4863 2235 4913 ;
2271 4845 2487 4917 fereque
2512 4849 2591 4903 sui
2617 4851 2732 4903 loco
2756 4850 2905 4905 dedit
2930 4853 3186 4907 Dominus
3226 4851 3596 4906 ﬁdelissimum

2018 4935 2366 5006 discipulum,
2408 4937 2460 4990 in
2491 4950 2725 5008 patrem,
2753 4951 3136 5011 pastoremque
3165 4957 3228 4995 ac
3256 4943 3596 5012 magistrum,

2020 5028 2106 5091 iis,
2142 5030 2232 5098 qui
2265 5041 2449 5084 essent
2480 5033 2757 5086 accessuri
2785 5034 2850 5087 ad
2886 5035 3063 5089 ﬁdem.
3096 5034 3229 5089 Cum
3269 5035 3451 5103 itaque
3478 5049 3598 5089 eam

2016 5135 2208 5175 vocem
2237 5122 2498 5188 audisset,
2528 5121 2946 5193 haudquaquam
2972 5127 3199 5195 segnitie
3223 5128 3386 5181 vitam
3418 5127 3601 5180 tradu-

2017 5210 2247 5263 cendam
2277 5210 2426 5263 duxit
2453 5227 2467 5276 ;
2501 5226 2601 5265 nee
2631 5212 2817 5267 dilexit
2846 5214 3026 5269 vivere
3055 5223 3209 5269 extra
3236 5216 3600 5285 periculorum

2019 5302 2192 5356 aleam
2245 5320 2258 5355 :
2309 5306 2436 5373 quin
2509 5306 2822 5361 universum
2885 5308 3311 5383 circumquaque
3365 5310 3602 5364 lustrans

2028 5404 2298 5448 terrarum
2326 5396 2541 5477 orbem,
2567 5399 2725 5453 cmcis
2756 5396 3033 5456 Christum
3065 5403 3374 5469 revolabat;
3401 5403 3466 5456 iis
3495 5402 3600 5454 dux

2025 5488 2250 5543 ell‘ectus
2281 5489 2371 5558 qui
2403 5492 2751 5559 exerrahant,
2781 5508 2874 5548 eos
2898 5510 3202 5565 provocans
3227 5495 3318 5566 qui
3345 5494 3598 5565 pietatem

395 5699 438 5730 "
479 5698 569 5752 Ῑσ.
614 5696 725 5749 τὶν
764 5694 974 5767 τῶνίνιξί
1012 5693 1531 5767 ἐκκλησιαστικ-ὣνη
1576 5693 1808 5767 ξειίείττζτ
1841 5693 1910 5746 τὸς

2012 5693 2279 5767 νθρωπον,
2305 5692 2385 5751 vel
2401 5694 2530 5764 quid
2557 5695 2749 5752 simile.
2828 5698 2873 5730 θ’
2915 5698 3101 5766 Suppl.
3137 5697 3221 5749 ῐσ.
3254 5690 3596 5763 προτρέπων,

322 5768 561 5837 velqnid
596 5767 796 5821 simile.
873 5766 887 5796 ¹
929 5764 1084 5820 Joan.
1110 5783 1224 5827 χχι,
1254 5764 1442 5818 15-17.
1519 5766 1538 5795 ’
1575 5764 1705 5818 ἰιιὲιί.
1744 5764 1829 5819 l5.
