4090 6146
485 305 584 356 285

1765 313 1824 370 S.
1867 315 2140 372 ASTERII
2178 315 2481 373 AMASENI

3631 311 3735 366 εει

483 431 824 490 gustassent,
863 425 1047 480 hostes
1084 425 1425 496 impugnans,
1469 429 1759 484 consolans
1798 433 2056 489 domesti—

2164 436 2284 497 τοὺς
2315 433 2548 495 οἰκείους
2577 430 2933 501 παρακαλῶν,
2961 427 3213 498 διωγμῶν
3261 429 3600 499 ἀνεχόμενος,
3644 432 3737 499 φέ-

485 528 605 577 eos,
643 517 1051 582 persecutiones
1091 519 1391 582 sustinens,
1432 535 1713 577 carcerum
1755 526 2054 580 molestiam

485 606 689 671 terens,
709 606 1092 661 multis‘modis
1111 608 1386 677 Evangelii
1404 628 1567 666 causa
1588 614 1823 680 pericula
1844 615 2052 670 adiens.

557 693 819 750 Processu
846 697 1042 751 deinde
1077 698 1357 766 temporis,
1394 702 1578 754 urbem
1609 703 1811 771 regiam
1845 713 2054 772 petens,

476 785 613 839 inde
656 788 721 839 ad
761 804 980 855 regnqu
1029 789 1291 842 excurrit.
1339 789 1479 844 Nero
1509 791 1653 844 enim
1684 793 1735 845 itt
1770 794 1903 847 iram
1934 808 2057 860 pro-

484 888 730 943 vocatus,
765 879 841 930 uti
874 878 1001 932 olim
1034 878 1275 933 Herodes
1309 882 1358 933 in
1411 881 1718 947 Palaestina,
1749 899 1868 936 cum
1897 882 2055 937 Chri-

481 979 620 1020 stum
648 983 824 1037 regem
862 971 1000 1040 magi
1028 973 1443 1033 annnntiarent;
1470 972 1591 1027 aliis
1613 975 1825 1041 quidem
1855 976 2056 1044 spretis

481 1060 871 1129 suppliciorum
918 1064 1226 1130 generibus,
1260 1062 1369 1116 lata
1412 1064 1681 1117 sententia
1722 1074 1804 1119 ter
1838 1068 2054 1120 beatum

481 1152 785 1219 apostolum
814 1143 972 1224 ‘aﬂigi
1026 1154 1176 1207 cruci
1231 1155 1498 1219 decernit,
1536 1164 1592 1208 ut
1629 1158 1822 1210 nedum
1864 1156 2058 1213 Petrus

483 1259 633 1298 mare
665 1245 918 1315 gradiens
959 1245 1242 1299 Dominum
1295 1246 1633 1310 imitaretur,
1672 1263 1857 1302 verum
1891 1248 2053 1301 etiam

483 1335 537 1390 in
589 1334 732 1403 ligno
770 1350 1077 1403 suspensus.
1118 1337 1400 1405 Tanquam
1456 1338 1802 1392 nihilominus
1837 1340 2057 1395 humilis

485 1426 834 1496 sapiensque,
870 1428 952 1481 vel
978 1428 1030 1481 itt
1063 1429 1183 1497 ipso
1214 1429 1531 1483 certaminis
1555 1439 1795 1498 tempore
1821 1446 1884 1484 ac
1914 1432 2053 1485 lucta

485 1531 606 1570 cum
638 1518 830 1571 mortis
858 1532 1077 1586 pavore,
1109 1531 1448 1589 perspectmn
1484 1522 1687 1575 habens
1711 1523 1837 1590 quid
1876 1522 2057 1577 Domi—

485 1623 612 1661 num
646 1608 785 1662 inter
818 1624 882 1663 ac
916 1624 1128 1663 servum
1167 1610 1482 1676 interesset,
1516 1628 1680 1665 unum
1716 1615 1846 1681 quid
1882 1615 2051 1668 bene-

484 1698 589 1751 licii
617 1698 737 1752 loco
765 1698 833 1752 ab
858 1700 1105 1755 hostibus
1132 1703 1362 1772 rogavit,
1389 1716 1456 1755 ne
1484 1703 1695 1758 scilicet
1719 1704 1907 1758 cadent
1933 1720 2054 1759 cum

2163 541 2270 593 ρων
2297 523 2567 594 ἀχθηδόνα
2598 522 3005 593 δεσμωτηρίων.
3046 520 3399 591 πολυτρόπως
3423 520 3518 573 τοῦ
3562 522 3738 591 Εὐαγ-

2160 614 2343 682 γελίου
2374 612 2828 684 προκινδυνεύων.

2229 703 2437 774 Χρόνου
2465 703 2523 754 δὲ
2554 702 2852 773 προϊόντος,
2891 700 2992 773 τὴν
3028 701 3411 773 βασιλεύουσαν
3444 700 3598 754 πόλιν
3627 702 3736 755 τῶν

2159 793 2459 865 ἀνθρώπων
2487 791 2688 855 λαϐὼν,
2716 790 2925 845 ἐκεῖθεν
2954 793 3046 845 ἐπὶ
3085 791 3183 863 τὴν
3214 790 3488 861 βασιλείαν
3512 791 3738 862 ἀνέδρα-

2163 901 2280 953 μεν.
2334 882 2771 955 Ἀναρριπισθεὶς
2826 883 2937 954 γὰρ
2986 885 3015 935 ὁ
3058 883 3248 955 Νέρων
3296 884 3376 944 είς
3422 882 3611 953 ὀργὴν,
3661 883 3736 947 ὥς

2160 994 2288 1031 ποτε
2321 978 2464 1030 κατά
2492 976 2590 1047 τὴν
2615 976 2978 1047 Παλαιστίνην
3013 975 3277 1047 Ἡρώδης,
3308 975 3472 1045 ἡνίκα
3514 973 3737 1043 βασιλέα

2157 1068 2248 1121 τὸν
2298 1067 2533 1137 Χριστὸν
2579 1068 2629 1120 οί
2672 1069 2836 1138 μάγοι
2887 1067 3223 1140 διήγγελλον,
3272 1065 3589 1138 ὑπερϐαίνει
3639 1067 3738 1136 μὲν

2157 1160 2283 1222 τοὺς
2319 1158 2513 1222 ἄλλους
2556 1158 2664 1211 τῶν
2705 1158 2979 1213 κολάσεων
3012 1160 3266 1229 τρόπους,
3296 1158 3520 1228 ψηφίζει
3552 1158 3607 1211 δὲ
3644 1157 3738 1211 τὸν

2158 1251 2555 1321 τρισμακάριον
2589 1250 3006 1321 προσηλωθῆναι
3042 1247 3279 1320 σταυρῷ,
3324 1249 3410 1302 ἵνα
3459 1250 3533 1318 μὴ
3578 1249 3738 1319 μόνον

2160 1340 2405 1405 πεζεύων
2437 1338 2710 1394 θάλασσαν
2743 1341 2951 1412 Πέτρος
2993 1341 3084 1394 τὸν
3129 1341 3404 1409 Δεσπότην
3455 1343 3733 1410 μιμεῖται,

2158 1435 2292 1488 ἀλλὰ
2325 1436 2418 1489 καὶ
2452 1436 2543 1488 ἐπὶ
2575 1433 2733 1501 ξύλου
2772 1434 3136 1505 κρεμάμενος.
3168 1436 3377 1505 Ὅμως,
3400 1434 3476 1497 ὡς
3505 1433 3738 1507 εὐλαϐὴς

2158 1523 2253 1576 καὶ
2269 1522 2429 1592 σοφὸς
2445 1524 2547 1576 κάν
2560 1524 2639 1595 τῷ
2666 1522 2843 1594 καιρῷ
2866 1524 2965 1592 τῆς
2981 1522 3433 1592 ἀγωνίας,-είδὼς,
3451 1523 3532 1588 τίς
3552 1524 3741 1592 διαφο-

2161 1613 2231 1685 ρά
2253 1615 2459 1686 Κυρίου
2479 1614 2616 1685 πρὸς
2633 1612 2838 1681 δοῦλον,
2878 1614 3007 1684 μίαν
3038 1614 3207 1685 ᾔτησε
3227 1614 3379 1684 παρά
3390 1614 3498 1667 τῶν
3527 1614 3738 1684 ἐχθρῶν

2160 1709 2337 1779 χάριν,
2366 1710 2496 1779 μήτι
2523 1725 2585 1774 γε
2616 1709 2673 1760 ὲν
2703 1707 2872 1777 ὁμοίῳ
2906 1705 2983 1776 τῷ
3013 1708 3247 1778 σχήματι
3280 1706 3356 1777 τῷ
3386 1706 3527 1777 ξύλῳ
3572 1724 3737 1777 προσ-

485 1778 713 1846 Domino
745 1792 910 1860 ligura
946 1791 1223 1862 alligerent
1251 1794 1416 1863 ligno,
1448 1796 1541 1849 sed
1573 1810 1729 1851 verso
1764 1797 1829 1849 ad
1857 1805 2054 1852 terram

2164 1775 2408 1865 ἀγαγεῖν,
2428 1775 2582 1849 ⁷ἀλλὰ
2617 1796 2714 1867 τὴν
2739 1775 3005 1866 ήκειραλῆν
3153 1775 3427 1866 προσγείῳ
3460 1775 3736 1866 μέρειτοῦ

484 1882 661 1951 capite
695 1882 1099 1953 cruciﬁgerent.
1139 1884 1292 1938 Haud
1328 1887 1527 1956 quippe
1566 1902 1664 1957 par
1697 1902 1843 1953 esse,
1882 1898 1939 1942 ut
1972 1889 2056 1941 vel

486 1975 537 2027 in
574 1983 775 2041 morte,
818 1976 1049 2045 mquales
1079 1979 1221 2032 servi
1262 1977 1593 2050 Dutniniqne
1638 1990 1816 2050 partes
1852 1992 2053 2036 essent.

488 2066 653 2131 Dixit,
684 2082 747 2121 ac
777 2069 883 2122 voti
920 2084 1143 2139 compos
1173 2069 1397 2127 eﬂectus
1424 2082 1527 2138 cst,
1558 2075 1844 2144 crucisque
1880 2077 2057 2130 medio

486 2160 552 2212 ad
582 2173 703 2212 eum
734 2159 887 2225 abiit,
922 2162 1012 2229 qui
1044 2163 1371 2228 cruciﬁxus,
1405 2165 1703 2219 resurrexit
1738 2185 1751 2219 :
1790 2167 1903 2236 ipse
1934 2169 2056 2237 qui-

488 2250 612 2303 dem
651 2250 893 2321 martyrii
942 2267 1141 2307 curona
1191 2254 1460 2321 donatus;
1518 2256 1673 2310 nobis
1722 2266 1901 2311 autem
1956 2259 2056 2313 ha-

488 2354 672 2396 rumce
707 2340 1061 2397 festivitatnm
1095 2344 1289 2410 gaudia
1326 2344 1655 2414 relinquens.

557 2515 683 2571 ":ec
713 2533 809 2573 nos
842 2532 1058 2588 quoque
1084 2519 1203 2585 tibi,
1230 2535 1262 2574 o
1292 2520 1515 2576 charum
1543 2538 1606 2578 ac
1631 2540 1843 2580 sacrum
1872 2534 2055 2596 caput,

485 2622 584 2675 pro
632 2621 815 2663 nosua
867 2608 1007 2662 virili
1065 2609 1321 2667 facultate
1375 2613 1663 2668 multarunt
1703 2616 2054 2685 gralulatoria

484 2698 742 2752 virtutum
772 2710 1158 2770 gestorumque
1185 2703 1454 2759 reddenda
1483 2706 1790 2761 habuimus.
1823 2709 2059 2777 Tempus

486 2805 617 2846 vero
642 2802 751 2854 est,
783 2803 838 2845 ut
863 2795 929 2847 ad
954 2794 1185 2864 pugilem
1216 2795 1444 2851 alterum
1495 2813 1798 2854 sermonem
1829 2816 2059 2857 conver-

491 2890 692 2949 tamus,
730 2882 796 2936 ad
829 2893 950 2950 tute,
988 2884 1230 2953 inquam,
1266 2887 1481 2943 virtutis
1508 2891 1711 2944 socium
1742 2892 1887 2946 illum
1921 2893 2055 2947 Tar-

486 2986 700 3026 sensem
737 2991 748 3026 :
778 2989 922 3039 eum,
953 2978 1191 3045 inquam,
1239 2978 1329 3047 qui
1359 2980 1573 3035 diverso
1603 2981 1820 3050 quidem
1849 2985 2053 3061 suppli-

487 3065 557 3117 c-ii
588 3078 784 3135 genere
805 3106 821 3131 ,
864 3082 1049 3121 verum
1083 3083 1190 3123 uno
1221 3069 1519 3141 eodemque
1545 3072 1761 3141 pietatis
1793 3076 1921 3142 line,
1954 3093 2056 3131 una

488 3171 663 3216 tecum
688 3164 754 3217 ad
783 3163 1062 3219 Christum
1099 3165 1374 3234 profectus
1406 3177 1507 3223 est.

557 3252 754 3308 Paulus
777 3254 865 3309 ille
894 3255 1247 3322 admirabilis,
1271 3272 1474 3314 canora
1506 3259 1594 3314 illa
1620 3260 1891 3333 Evangelii
1913 3266 2057 3330 tnha,

492 3345 643 3412 prius
666 3347 881 3415 quidem
907 3347 1139 3402 acerbus
1170 3349 1603 3406 Christianorum
1628 3354 1825 3419 hostis,
1857 3367 2062 3426 postre-

491 3449 637 3486 mum
671 3448 800 3489 vero
832 3435 1159 3490 fortissimus
1188 3437 1444 3493 Ecclesiae
1485 3453 1766 3511 patronus,
1804 3446 2062 3516 apostolis

442 3518 445 3521 ’
489 3525 709 3593 quidem
751 3527 1027 3580 recentior
1060 3527 1245 3596 gratiae
1275 3539 1430 3598 partu
1459 3532 1660 3596 editus,
1695 3549 1759 3588 ac
1793 3537 2063 3602 posterior

491 3624 736 3684 tempore
762 3613 964 3670 Christi
992 3616 1271 3686 discipulis
1302 3632 1585 3688 accensus,
1622 3623 1761 3677 idem
1791 3624 2064 3679 nihilomi-

493 3720 594 3760 nus
627 3707 851 3773 probata
891 3707 1112 3775 virtute,
1150 3718 1302 3764 utne
1332 3711 1459 3779 quid
1496 3712 1728 3782 amplius
1762 3715 1961 3782 dicam,
2002 3733 2064 3771 ac

492 3794 773 3869 duodecim
828 3795 1041 3850 illorum
1092 3813 1259 3854 canos
1304 3801 1505 3869 pudore
1551 3801 1809 3871 alliciant,
1864 3804 2065 3876 Moysis

492 3883 739 3953 a'qualis,
772 3886 1053 3941 aemulator
1082 3889 1316 3957 fervens,
1341 3902 1397 3945 ut
1429 3894 1554 3962 quis
1580 3893 1740 3961 alius,
1773 3895 1909 3966 legis
1934 3911 2063 3965 pro-

494 3977 878 4048 pugnaculum,
911 3979 1120 4036 Veteris
1149 3981 1481 4038 Testamenti
1517 3985 1678 4040 turris
1707 3985 1861 4041 ﬁrma
1890 4002 1955 4042 ac
1987 3989 2067 4041 in-

494 4083 792 4136 concussa;
831 4071 1003 4125 donec
1038 4076 1264 4126 mutavit
1313 4074 1576 4141 animum,
1628 4076 1831 4147 grande
1875 4091 2062 4131 eorum

492 4160 795 4229 periculum
850 4163 943 4232 qui
995 4161 1271 4218 Christum
1322 4166 1698 4236 loquerentur;
1746 4176 2068 4237 nostrosque

494 4249 691 4319 ubique
739 4252 977 4306 terrebat
1031 4267 1096 4306 ac
1148 4252 1200 4307 in
1254 4252 1432 4324 fugam
1467 4255 1694 4323 agebat;
1741 4270 1865 4309 vere
1909 4254 2063 4323 juxta

496 4341 892 4408 prmdictionem
919 4342 1108 4421 Jacob,
1138 4343 1416 4414 Benjamiu
1448 4346 1601 4414 lupus
1634 4362 1799 4416 rapax
1834 4346 1885 4412 ³,
1924 4346 2066 4415 opti-

2161 1885 2396 1959 σταυροῦ
2456 1886 2939 1958 προσηλώσαντας.
2989 1886 3064 1938 υύ
3115 1885 3224 1955 γὰρ
3289 1885 3459 1951 ἄξιον,
3506 1884 3628 1937 οὐδὲ
3679 1887 3737 1936 ἐν

2161 1979 2321 2033 πάθει
2354 1977 2460 2031 τῶν
2504 1980 2633 2032 ἴσων
2665 1979 2758 2032 τὸν
2790 1977 2973 2032 δοῦλον
3000 1976 3076 2047 τῷ
3114 1976 3357 2047 Δεσπότῃ
3398 1978 3599 2046 τυχεῖν.
3639 1970 3736 2028 Εἷ-

2160 2088 2279 2136 πεν,
2325 2071 2419 2125 καὶ
2464 2070 2655 2140 ἔτυχεν
2687 2063 2763 2123 ὧν
2810 2070 3082 2133 ἐϐούλετο,
3116 2070 3208 2121 καὶ
3240 2068 3326 2121 διὰ
3365 2067 3457 2120 τοῦ
3503 2068 3738 2140 σταυροῦ

2160 2162 2296 2233 πρὸς
2322 2162 2414 2215 τὸν
2457 2162 2841 2234 σταυρωθέντα
2880 2163 2973 2215 καὶ
3015 2160 3323 2215 ἀναστάντα
3353 2159 3610 2230 ἀπῆλθεν,
3640 2160 3740 2214 αύο

2157 2254 2250 2317 τὸς
2297 2254 2394 2324 μὲν
2440 2253 2532 2307 τὸν
2579 2252 2675 2305 τοῦ
2731 2253 3031 2324 μαρτυρίου
3086 2250 3494 2321 ἀναδησάμενος
3535 2250 3739 2319 στέφα-

2160 2363 2270 2412 νον,
2310 2348 2443 2417 ἡμῖν
2478 2345 2535 2398 δὲ
2563 2344 2770 2398 τούτων
2799 2344 2909 2398 τῶν
2946 2342 3148 2414 ἑορτῶν
3177 2339 3492 2395 καταλιπὼν
3538 2340 3635 2403 τὰς
3663 2342 3744 2394 αἰ-

2158 2440 2298 2502 τίας.
2642 2470 2647 2477 ·
3044 2470 3060 2482 -

2232 2529 2417 2584 Ταῦτά
2470 2546 2549 2583 σοι
2583 2529 2675 2583 καὶ
2728 2530 2889 2599 ἡμεῖς
2933 2527 3074 2580 κατὰ
3118 2526 3364 2596 δύναμιν,
3399 2521 3444 2580 ὦ
3473 2524 3599 2595 φίλη
3645 2524 3757 2576 καὶ·

2164 2623 2285 2695 ἱερά
2320 2622 2555 2693 κεφαλὴ,
2594 2620 2703 2675 τῶν
2737 2619 2945 2672 πολλῶν
2987 2618 3422 2689 κατορθωμάτων
3457 2617 3744 2671 ἀπεδώκα-

2164 2732 2264 2785 μεν
2305 2714 2667 2785 χαριστήρια·
2702 2712 2821 2783 ῶρα
2870 2710 2925 2762 δὲ
2972 2709 3182 2773 λοιπον,
3212 2708 3300 2761 ἐπ’
3338 2708 3495 2763 ἄλλον
3536 2708 3737 2775 ἁγωνιυ

2162 2805 2292 2876 στὴν
2319 2805 2517 2875 τρέψαι
2557 2804 2645 2856 τὸν
2674 2803 2848 2871 λόγον,
2876 2801 2966 2855 τὸν
2999 2802 3172 2855 κοινὸν
3200 2801 3221 2832 ⁸
3248 2802 3347 2872 τῆς
3387 2800 3482 2871 σῆς
3502 2797 3740 2869 ἀρετῆς,

2160 2895 2250 2949 τὸν
2281 2894 2516 2966 Ταρσέα,
2547 2893 2637 2946 τὸν
2667 2892 2904 2962 διαφόρῳ
2948 2892 3046 2961 μὲν
3082 2890 3267 2961 τρόπῳ
3299 2891 3397 2959 τῆς
3437 2888 3755 2960 τιμωρίας,.

2145 2987 2241 3055 ,ἑνὶ
2266 2986 2321 3040 δὲ
2357 2984 2543 3053 σκοπῷ
2571 2984 2670 3055 τῆς
2707 2983 2985 3045 εὐσεϐείας
3026 2982 3164 3052 μετά
3205 2980 3297 3034 σοῦ
3339 2981 3477 3050 πρὸς
3504 2981 3741 3052 Χριστὸν

2161 3071 2327 3125 ἀναλύ
2336 3088 2521 3125 σαντα.

2234 3253 2446 3317 Παῦλος
2486 3253 2515 3305 ό
2543 3251 2848 3314 θεσπέσιος.
2873 3252 2907 3321 ἠ
2946 3248 3325 3322 μεγαλόφωνος
3354 3247 3446 3299 τοῦ
3492 3246 3739 3314 Εύαγγε·

2161 3349 2276 3401 λίου
2319 3345 2573 3413 σάλπιγξ,
2603 3346 2632 3398 ό
2665 3344 2928 3415 πρότερον
2959 3342 3057 3413 μὲν
3086 3342 3281 3414 πικρὸς
3306 3338 3572 3410 δυσμενὴς
3607 3337 3746 3409 Χρι-

2166 3438 2414 3503 στιανῶν,
2461 3436 2812 3508 ἰσχυρότατος
2855 3435 2911 3488 δὲ
2942 3434 3248 3487 τελευταῖον
3279 3432 3378 3502 τῆς
3416 3429 3745 3498 Ἐκκλησίας

2166 3532 2486 3602 συνήγορος,
2516 3527 2782 3599 νεώτερος
2832 3528 2929 3598 μὲν
2969 3524 3235 3596 ὲπετέχθη
3268 3528 3380 3587 τοῖς
3424 3520 3747 3584 ἀποστόλοις

2164 3621 2316 3692 παρά
2343 3621 2445 3690 τῆς
2482 3621 2736 3691 χάριτος·
2781 3618 2876 3671 καὶ
2918 3616 2998 3688 τῷ
3041 3617 3216 3688 χρόνῳ
3244 3615 3494 3686 δεύτερος
3529 3610 3597 3685 ἦν
3634 3612 3745 3667 τῶν

2168 3709 2423 3781 μαθητῶν
2460 3707 2555 3760 τοῦ
2585 3705 2843 3777 Χριστοῦ,
2878 3704 2991 3768 ἴσος
3020 3705 3076 3758 δὲ
3115 3704 3256 3758 κατὰ
3298 3705 3361 3757 τὸ
3400 3703 3618 3774 δόκιμον
3642 3702 3745 3773 τῆς

2166 3802 2388 3870 ἀρετῆς,
2424 3801 2509 3854 ἵνα
2539 3800 2703 3871 μηδὲν
2733 3798 3085 3865 εῖπωπλέον,
3137 3797 3230 3869 τὴν
3266 3797 3460 3850 πολιὰν
3494 3796 3748 3868 ἐρυθριά-

2168 3907 2269 3955 σας
2302 3889 2411 3943 τῶν
2438 3887 2665 3955 δώδεκα,
2698 3887 2945 3959 ζηλωτὴς
2984 3885 3042 3938 δὲ
3083 3885 3284 3956 θερμὸς
3316 3883 3411 3938 τοῦ
3443 3883 3742 3948 Μωῦσέως,

2150 3972 2322 4053 εἴπερ
2360 3999 2444 4044 τις
2472 3980 2677 4050 ἕτερος,
2705 3981 2879 4048 τεῖχος
2924 3976 3010 4030 τοῦ
3038 3976 3225 4046 νόμου,
3263 3974 3473 4047 πύργος
3504 3973 3600 4044 τῆς
3628 3973 3742 4026 Ila-

2166 4073 2324 4137 λαιᾶς
2365 4072 2641 4143 Διαθήκης
2674 4070 2941 4142 καρτερὸς
2975 4068 3069 4122 καὶ
3100 4066 3383 4129 άσειστος·
3416 4065 3508 4119 καὶ
3553 4063 3746 4134 μέχρις
3836 4118 3847 4125 κ

2166 4160 2227 4220 οὗ
2276 4166 2376 4236 τὴν
2432 4163 2655 4235 γνώμην
2694 4161 3069 4233 ἀμετάϐλητον
3107 4155 3269 4229 εἶχεν,
3314 4157 3486 4228 μέγας
3531 4155 3745 4256 ὑπῆρχε

2168 4257 2409 4320 κίνδυνος
2455 4255 2561 4309 τῶν
2599 4255 2689 4308 τὸν
2722 4254 2954 4326 Χριστὸν
2985 4252 3307 4315 λαλούντων,
3338 4250 3431 4303 κα)⁸
3468 4250 3745 4316 πανταχοῦ

2168 4351 2402 4404 διεπτόει
2439 4350 2564 4413 τοὺς
2611 4347 2907 4420 ἡμετέρους
2940 4347 3035 4399 καὶ
3074 4343 3512 4414 ὲφυγάδευσεν⁸⁶’
3546 4340 3744 4402 ὅντως,

497 4447 615 4489 mos
644 4449 886 4505 quosque
932 4433 1065 4491 Novi
1117 4435 1449 4493 TeSIamenti
1494 4438 1810 4508 discerpens
1864 4453 1926 4493 ac
1958 4438 2060 4492 dis-

2173 4441 2315 4495 κατὰ
2350 4441 2451 4511 τὴν
2494 4441 2797 4511 πρόρρησιν
2829 4437 2924 4491 τοῦ
2965 4436 3180 4499 Ἰακὼϐ,
3217 4434 3519 4504 Βενιαμὴν
3556 4432 3743 4491 λύκος

497 4538 725 4597 pergens
749 4540 964 4597 greges.

567 4708 701 4772 Quia
716 4724 841 4763 vero
871 4710 1034 4763 etiam
1068 4711 1239 4765 sancti
1275 4711 1532 4781 Stephani
1561 4712 1795 4767 fabulam
1829 4714 2051 4779 luserat,

501 4802 782 4871 adhucque
814 4816 1013 4859 cruore
1037 4804 1253 4859 foedatis
1298 4805 1545 4859 manibus
1589 4804 1909 4861 Damascum
1948 4821 2071 4873 per-

497 4894 692 4964 gebat,
747 4896 1282 4965 persecutionemque
1328 4896 1724 4965 persecutioni,
1783 4912 1847 4951 ac
1898 4897 2072 4952 caedes

499 4984 733 5042 caedibus
790 4995 1032 5053 nectere,
1095 4995 1369 5056 totumque
1430 4986 1687 5041 radicitus
1749 4987 2074 5043 Christiani—

501 5092 698 5143 smum,
734 5078 967 5147 primum
1000 5078 1264 5133 hactenus
1300 5075 1579 5132 ﬂorentem
1612 5088 1812 5143 ortum,
1841 5079 2072 5133 evellere

503 5171 820 5240 satagebat;
863 5186 975 5225 rem
1012 5168 1153 5225 Deus
1195 5171 1360 5241 probe
1405 5170 1572 5238 vidit,
1610 5171 1863 5225 nimirum
1915 5170 2066 5235 fore,

502 5273 562 5319 ut
592 5263 733 5317 acris
764 5263 932 5318 hostis
959 5279 1022 5318 ac
1042 5264 1268 5331 validus,
1298 5264 1545 5327 generosi
1572 5263 1807 5332 pectoris
1830 5277 1891 5319 ac
1918 5263 2074 5317 fortis

504 5356 668 5412 animi
713 5353 1014 5432 cﬂiceretur
1045 5359 1251 5413 amicus
1287 5377 1300 5412 :
1338 5357 1622 5427 subitoque
1658 5356 2074 5427 circumfulgens

503 5446 724 5515 lumine,
761 5447 1034 5516 percellit,
1066 5463 1129 5502 ac
1161 5450 1227 5501 ad
1266 5447 1619 5503 humilitatem
1651 5449 1950 5511 convertit,
1991 5448 2073 5501 in—

505 5550 665 5593 cusso
690 5535 903 5615 quidem
940 5537 1133 5593 timore
1163 5553 1192 5592 a
1225 5554 1386 5593 cursu
1419 5537 1705 5600 cohibens;
1738 5536 2074 5593 liammantes

584 5738 603 5769 ³
641 5739 773 5794 Gen.
805 5756 947 5798 thx.
976 5740 1070 5792 ‘27..

2172 4531 2391 4600 ἅρπαξ,
2429 4530 2761 4602 σπαράσσων
2796 4530 2897 4599 τῆς
2931 4529 3077 4589 Νέας
3119 4527 3391 4597 Διᾳθήκης
3433 4527 3555 4587 τοὺς
3598 4522 3744 4593 ἀμεί-

2172 4640 2315 4685 νους,
2349 4622 2444 4675 καὶ
2482 4620 2791 4693 σκορπίζων
2819 4619 2887 4672 τὰ
2918 4619 3162 4689 ποίμνια.

2257 4711 2498 4783 Ἐπειδὴ⁴
2520 4712 2577 4765 δὲ
2606 4713 2698 4764 καὶ
2721 4712 2782 4764 τὸ
2812 4712 2998 4782 δρᾶμα
3033 4710 3091 4762 τὸ
3134 4708 3273 4762 κατὰ
3308 4708 3398 4761 τὸν
3432 4706 3583 4774 ἆγιον
3617 4704 3750 4756 Στέ-

2175 4821 2338 4875 φανον
2374 4803 2752 4876 ἐξειργάσατο,
2782 4805 2876 4856 καὶ
2909 4802 3004 4866 τάς
3031 4805 3219 4873 χεῖρας
3248 4800 3385 4872 ἔχων
3417 4800 3497 4852 ἔτι
3525 4797 3756 4870 μεμολυ-

2177 4897 2378 4968 σμένας
2399 4895 2476 4967 τῷ
2492 4896 2683 4967 αἵματι
2701 4935 2715 4959 ,
2734 4896 2833 4964 τὴν
2853 4895 2947 4948 ἐπὶ
2964 4894 3250 4965 Δαμασκὸν
3268 4893 3508 4965 ἔτρεχεν,
3526 4890 3749 4961 διωγμῷ

2174 4987 2413 5059 διωγμὸν
2443 4988 2538 5041 καὶ
2582 4988 2763 5057 φόνοις
2787 4988 2992 5054 φόνους
3035 4986 3265 5055 συνάψαι
3289 4985 3631 5055 βουλόμενος,
3657 4984 3751 5035 καὶ

2176 5080 2489 5133 ἀνασπάσαι
2527 5074 2619 5133 τόν
2669 5076 3097 5149 Χριστιανισμὸν
3126 5077 3437 5148 πρόρριζον,
3481 5075 3607 5145 ἄρτι
3649 5075 3751 5145 τὴν

2178 5169 2400 5241 πρώτην
2434 5169 2699 5225 ἀνθοῦντα
2730 5173 2902 5242 φυηνο
2935 5167 3073 5235 εἶδεν
3106 5167 3283 5231 καλῶς
3314 5168 3342 5218 ό
3374 5166 3507 5229 Θεὸς
3539 5165 3697 5235 ἡμῶν
3723 5164 3752 5215 ὃ

2182 5261 2505 5333 πεποίηκεν,
2539 5262 2621 5315 ὅτι
2648 5263 2675 5315 ὁ
2708 5261 2923 5333 ἰσχυρὸς
2950 5261 3138 5332 ἐχθρὸς
3166 5259 3344 5330 γένητ⁹
3379 5257 3446 5311 ἂν
3478 5258 3570 5309 καὶ
3600 5255 3749 5325 φίλος

2180 5355 2426 5423 γενναῖος
2445 5371 2458 5386 ·
2495 5354 2590 5407 καὶ
2616 5352 2964 5425 περιλάμψας
2995 5352 3156 5405 αὐτὸν
3199 5350 3461 5420 αἰφνίδιον
3481 5347 3557 5418 τῷ
3589 5346 3748 5415 φωτὶ,

2181 5443 2547 5515 καταπλήττει
2578 5444 2672 5497 καὶ
2701 5442 3026 5515 μεταϐάλλει
3051 5441 3185 5513 πρὸς
3212 5441 3596 5510 ταπεινότητα,
3624 5438 3752 5507 στή-

2184 5551 2280 5598 σας
2320 5536 2417 5605 μὲν
2456 5534 2548 5587 τοῦ
2593 5535 2793 5605 δρόμου
2826 5535 2912 5587 διὰ
2950 5533 3042 5586 τὸν
3075 5530 3261 5601 φόϐον,
3309 5531 3434 5596 τοὺς
3467 5529 3522 5582 δὲ
3559 5527 3617 5581 τὺ
3649 5543 3754 5580 πυ-

1144 5739 1163 5769 ¹⁵
1206 5736 1611 5803 Ιιυκ.κοινωνόν.
1668 5736 1705 5766 ³⁵
1732 5736 1861 5805 ch.
1904 5736 2242 5805 ἐφυγάδευλν.
