4090 6146
302 355 416 411 285

1203 348 1482 404 llOMlLlA
1529 351 1661 406 Vill.
1708 350 1774 405 lN
1812 349 1910 407 ss.
1948 350 2233 407 PETRUM
2270 326 2357 406 ιιι(
2397 349 2702 410 PAULUM.

3479 360 3583 415 286

308 471 484 544 ρῶδες
513 469 613 523 καὶ
650 468 938 539 θυμοειδὲς
970 467 1266 537 βλέποντας
1291 467 1607 539 ὀφθαλμοὺς
1636 469 1905 541 σωφρονί-

2010 486 2139 526 vero
2177 485 2241 525 ac
2277 471 2411 524 iram
2454 469 2726 540 spirantes
2756 472 2972 538 oculos,
2999 473 3186 529 offusis
3232 474 3468 529 tenebris
3492 490 3585 529 ca-

312 581 414 627 σας
436 561 517 632 τῷ
546 560 747 631 σκότῳ.
778 558 1188 630 Τιμωρεῖταιδὲ
1207 559 1391 623 αὑτὸν,
1408 560 1470 612 ού
1501 561 1642 632 μετὰ
1670 562 1901 633 σιωπῆς,

310 654 450 710 ἀλλὰ
493 654 592 706 καὶ
617 653 775 722 λόγον
811 651 891 723 τῷ
924 652 1073 722 ἔργῳ
1105 651 1467 723 προσέθηκεν,
1504 655 1675 706 εἰπὼν
1710 656 1904 726 ἐκείνῳ

310 747 373 799 τὸ
411 744 842 816 γεγραμμένων
885 743 1104 807 Σαῦλε,
1147 742 1366 808 Σαῦλε,
1420 745 1491 799 τί.
1517 761 1595 813 με
1634 744 1901 810 διώκειςζ

312 838 594 906 Σκληρόν
636 850 735 890 σοι
778 834 930 905 πρὸς
960 834 1181 903 κέντρα
1211 834 1514 895 λακτίζειν
1533 849 1546 863 ’
1574 836 1673 907 οὐχ
1702 836 1777 901 ώς
1805 838 1903 890 αύ-

311 930 406 992 τὸς
448 926 669 999 χρῄζων
709 926 813 997 τῆς
856 925 1261 997 διαλέξεως(τί
1286 927 1394 999 γὰρ
1428 927 1535 980 ἔδει
1572 926 1766 997 λόγων,
1795 929 1902 982 τῶν

314 1019 662 1092 πραγμάτων
688 1017 1047 1088 ἀρκούντων),
1084 1017 1204 1072 ἀλλ’
1235 1019 1322 1073 ἵνα
1348 1020 1620 1090 πρόφασιν
1645 1019 1777 1091 ἐνδῷ
1805 1020 1900 1073 τοῦ

314 1113 594 1185 ἐρωτῆσαι
614 1112 709 1167 καὶ
740 1110 955 1179 μαθεῖν,
993 1112 1076 1165 ὅτι
1100 1114 1128 1165 ὁ
1149 1112 1502 1183 νομιζόμενος
1522 1113 1779 1168 τεθνάναι
1807 1115 1901 1167 καὶ

315 1205 534 1260 κεῖσθαι
578 1205 837 1278 Χριστὸς,
880 1203 969 1276 ζῇ.
1005 1205 1101 1258 καὶ
1136 1204 1197 1270 ἐξ
1236 1205 1485 1277 οὐρανῶν
1527 1207 1897 1277 ἐπιφαίνεται.

314 1297 486 1352 Οὐδὲν
514 1298 572 1351 δὲ
609 1292 720 1351 οἷον
767 1297 908 1352 αύτὰ
936 1298 1007 1352 τὰ
1049 1298 1271 1369 ῥήματα
1313 1297 1679 1370 παραθέσθαι,
1706 1300 1774 1354 τὰ
1805 1299 1900 1354 τοῦ

326 1389 579 1461 Έϐραίου
607 1389 771 1444 λύκου
804 1389 904 1462 τὴν
937 1390 1109 1463 θήραν
1141 1393 1272 1461 ἡμῖν
1305 1389 1667 1462 ἐξηγούμενα.

396 1483 452 1534 '0
486 1481 557 1535 δὲ
596 1481 836 1548 Σαῦλος
857 1481 943 1535 ἔτι
967 1481 1244 1550 ἐμπνέων
1266 1479 1526 1549 ἀπειλῆς
1557 1481 1655 1535 καὶ
1684 1484 1898 1551 φόνου.

324 1573 670 1646 Ὑπογράφει
696 1590 787 1645 μοι
817 1575 847 1626 ὁ
896 1572 1054 1642 λόγος
1092 1573 1261 1647 ἄνδρα
1285 1572 1443 1644 θυμῷ
1469 1574 1808 1645 ῥηγνύμενον
1838 1574 1903 1627 ὲκ

311 1669 416 1740 τῆς
449 1665 835 1738 προλαδούσης
871 1666 1208 1738 μιαιφονίας,
1247 1664 1327 1718 ἔτι
1358 1666 1736 1720 πνευστιῶντα
1765 1667 1903 1737 μετὰ

311 1760 415 1823 τὰς
436 1758 548 1814 τῶν
576 1758 741 1813 λίθων
773 1758 955 1829 βολάς,
986 1757 1226 1829 ὕφαιμον
1255 1758 1352 1812 καὶ
1380 1757 1573 1830 ἄγριον
1609 1757 1895 1829 βλέποντα,

312 1845 428 1904 οἷον
456 1849 772 1919 ἐπάναγκες
802 1849 894 1904 τὸν
925 1848 1115 1920 φονέα,
1144 1847 1389 1913 σώζοντα
1418 1847 1485 1902 τά
1516 1849 1575 1902 ὲν
1607 1850 1773 1920 ἀρχῇ,
1799 1849 1901 1920 τῆς
1934 1837 1974 1890 Β

312 1942 410 1995 τοῦ
460 1942 806 2014 πατριάρχου
851 1941 1190 2013 προφητείας
1220 1939 1289 1994 τά
1339 1938 1603 2011 σύμϐολα.
1665 1939 1901 2005 Ἐκεῖνος

314 2035 449 2106 γὰρ,
475 2033 665 2105 ἐπειδὴ
706 2032 968 2104 τελευτᾷν
999 2031 1243 2103 ἔμελλεν,
1280 2030 1546 2085 πάντοθεν
1576 2030 1704 2094 τοὺς
1735 2030 1900 2085 αὑτοῦ

314 2127 516 2190 παῖδας
549 2127 887 2197 περιστήσας
917 2127 983 2196 τῇ
1018 2123 1208 2197 κλίνῃ,
1245 2122 1519 2193 Πνεύματι
1561 2124 1899 2194 προηγόρευ-

316 2237 429 2274 σεν.
472 2218 632 2272 Οὕτω
682 2217 815 2286 γοῦν
857 2217 951 2271 τὸν
1023 2214 1223 2269 Ἰούδαν
1269 2214 1527 2283 εὐλογῶν,
1568 2215 1763 2285 ἐκείνῳ
1804 2216 1902 2285 μὲν

312 2314 612 2382 διελέγετο,
666 2310 1046 2381 άλληγορικῶς
1084 2308 1143 2362 δὲ
1179 2306 1388 2379 ὕμνησε
1419 2307 1511 2360 τὸν
1554 2307 1649 2360 ἀπ’
1692 2307 1901 2361 ἐκείνου

313 2406 575 2479 Χριστόν.
619 2404 779 2473 Ἑξῆς
824 2403 881 2456 δὲ
916 2404 1030 2465 τοῖς
1070 2403 1203 2455 πᾶσι
1240 2401 1793 2474 προμαντευσάμενος
1834 2401 1903 2453 τὰ

313 2502 400 2563 εἰς
429 2497 683 2569 ὕστερον,
718 2496 1030 2549 τελευταῖον
1062 2490 1228 2566 ἦλθεν
1254 2496 1348 2547 ἐπὶ
1377 2493 1470 2546 τὸν
1502 2493 1798 2565 Βενιαμὴν,
1828 2494 1904 2556 ὡς

315 2593 414 2646 καὶ
439 2590 519 2662 τῷ
557 2589 736 2661 χρόνῳ
774 2588 1065 2658 νεώτερονο
1118 2585 1278 2657 δῆθεν
1330 2585 1430 2656 μὲν
1478 2584 1616 2656 πρὸς
1661 2584 1752 2637 τὸν
1791 2584 1905 2637 υἱὸν

316 2684 641 2755 ἐφθέγγετο,
673 2680 754 2751 τῷ
782 2679 895 2733 ὄντι
922 2680 980 2734 δὲ
1003 2679 1095 2732 τὸν
1127 2676 1340 2733 Παῦλον
1366 2678 1682 2749 ἐσήμαινεν,
1711 2680 1777 2731 ἐκ
1805 2677 1905 2747 τῆς

204 2850 207 2855 Ι
314 2775 519 2845 φυλῆς,
550 2774 628 2837 ὼς
666 2772 935 2842 ἔγνωμεν,
966 2769 1067 2840 τῆς
1104 2768 1315 2823 ἐκείνου
1344 2769 1671 2837 κατάγοντα.
1708 2770 1906 2822 Βενια-

308 2870 446 2941 μὴαν
471 2869 665 2933 λύκος
688 2864 888 2933 ἅρπαξ
896 2903 910 2928 ,
938 2861 1020 2929 τῷ
1044 2862 1198 2931 πρωῒ
1234 2860 1452 2924 ἔδεται,
1486 2860 1586 2915 καὶ
1607 2863 1695 2927 είς
1733 2860 1906 2915 ἐσπέ-

310 2980 433 3033 par
462 2958 745 3021 διαδώσει
784 2955 1040 3027 τροφήν.
1078 2955 1144 3008 Τί
1170 2957 1288 3009 ἐστι
1317 2955 1377 3008 τὸ
1402 2954 1716 3026 λεγόμενον,
1747 2954 1904 3025 ἐρευ-

314 3053 647 3127 νησώμεθα·
681 3053 714 3123 ἢ
763 3050 918 3106 τοῦτο
950 3049 1189 3117 πάντως,
1223 3050 1306 3103 ὅτι
1364 3048 1433 3102 τά
1475 3047 1669 3120 πρῶτα
1709 3046 1905 3117 φαγών

2010 566 2236 634 stigans.
2269 562 2427 617 Punit
2456 574 2633 618 autem
2660 580 2764 619 non
2793 565 3029 632 silentio,
3054 582 3241 622 verum
3259 567 3419 621 etiam
3443 567 3583 622 l‘aeto

2013 669 2320 711 sermonem
2352 654 2620 723 adjunxit,
2656 655 2843 710 dicens
2874 656 2948 710 illi
2977 658 3118 725 quod
3155 659 3414 726 scriptum
3450 667 3533 712 est
3565 676 3578 709 :

2009 744 2191 810 Saule,
2224 744 2409 809 Saule,
2459 746 2583 815 quid
2615 761 2697 798 me
2725 746 3048 816 persequeris
3069 748 3094 800 ?
3134 746 3337 799 Durum
3378 757 3452 800 est
3486 748 3582 800 tibi

2008 848 2190 892 contra
2244 838 2514 891 stimulum
2559 837 2837 891 calcitrare
2876 838 2942 891 ':
2982 853 3086 892 non
3150 849 3401 909 tanquam
3447 853 3583 907 opus

2008 931 2232 985 haberet
2256 929 2507 985 conferre
2541 944 2869 984 sermonem.
2895 927 3033 995 Quid
3063 930 3203 984 enim
3237 931 3416 985 verbis
3447 946 3582 1000 opus
3639 932 3646 941 '

2007 1038 2127 1078 cum
2166 1037 2253 1078 res
2274 1021 2617 1077 sulllcerent?
2642 1036 2828 1075 verum
2853 1030 2909 1074 ut
2937 1023 3208 1090 quaerendi
3238 1023 3580 1077 occasionem

2005 1115 2274 1184 praeberet
2315 1124 2479 1185 atque
2530 1114 2806 1175 discendi,
2857 1115 3028 1182 ipsum
3053 1155 3067 1180 ,
3103 1114 3191 1180 qui
3228 1124 3473 1167 mortuus
3518 1128 3584 1166 ac

2006 1208 2173 1263 humo
2197 1208 2446 1263 conditus
2473 1208 2783 1277 putabatur,
2813 1207 3093 1261 Christum
3126 1207 3328 1268 vivere,
3361 1213 3523 1274 atque
3552 1220 3582 1259 e

2004 1299 2157 1354 caelis
2207 1314 2488 1369 apparere.
2523 1298 2725 1354 Verum
2775 1305 2995 1368 praestat
3036 1296 3174 1366 ipsa,
3229 1280 3426 1364 quibus
3472 1293 3580 1361 lupi

2004 1390 2212 1446 Hebraei
2244 1401 2471 1461 captura.
2499 1398 2805 1450 enarratur,
2842 1388 3002 1442 verba
3031 1401 3350 1458 proponere.

2078 1482 2276 1538 Saulus
2319 1496 2492 1536 autem
2519 1480 2691 1535 adhuc
2721 1481 2928 1550 spirans
2955 1482 3217 1533 minarum
3253 1489 3301 1532 et
3341 1478 3501 1533 crudis
3539 1477 3579 1530 ⁸.

2006 1577 2252 1633 Delineat
2283 1590 2484 1641 sermo,
2523 1576 2723 1639 virum,
2773 1575 2852 1627 ira
2894 1587 2954 1627 se
2998 1588 3027 1626 a
3063 1572 3384 1641 praecedenti
3436 1570 3585 1624 caede

2007 1680 2377 1739 rumpentem;
2409 1683 2552 1740 aegre
2574 1670 2750 1723 adhuc
2778 1676 2896 1737 post
2920 1666 3099 1735 jactus
3128 1664 3362 1734 lapidum
3381 1664 3579 1718 ducen-

2010 1772 2116 1817 tem
2162 1762 2446 1831 spiritum,
2503 1774 2648 1815 ειενο
2697 1774 2762 1814 ac
2811 1757 2949 1813 truci
3006 1767 3225 1825 aspectu
3268 1754 3577 1831 hominem,

2005 1828 2217 1925 qualern
2264 1870 2387 1910 eum
2441 1854 2764 1924 oportebat,
2795 1851 2885 1921 qui
2926 1851 3098 1921 prima
3142 1846 3435 1919 prophetiae
3476 1828 3578 1916 pa-

2006 1948 2256 2005 triarclue
2290 1948 2530 2017 symbolo
2567 1946 2846 2001 retineret.
2876 1943 2969 1999 llle
2998 1942 3140 1997 enim
3175 1940 3333 1995 morti
3360 1939 3579 2009 propin-

2002 2058 2161 2112 quus,
2196 2056 2318 2095 cum
2356 2038 2494 2094 lilios
2540 2038 2677 2092 lecto
2735 2036 2971 2106 undique
3001 2035 3357 2088 circumstare
3388 2030 3582 2099 jussis-

2003 2122 2341 2203 seu-Spiritu
2373 2128 2735 2203 prophetavit.
2778 2125 2869 2182 Sic
2909 2126 3092 2195 itaque
3134 2123 3458 2179 benedicens
3482 2118 3575 2175 Ju-

2004 2230 2148 2295 dam,
2180 2227 2327 2282 illum
2363 2224 2579 2295 quidem
2619 2221 3011 2290 alloquebatur,
3046 2231 3254 2279 verum,
3301 2224 3353 2268 ut
3385 2212 3583 2281 allego-

2007 2322 2141 2375 riam
2170 2330 2403 2389 spectes,
2430 2315 2705 2371 Christum
2751 2312 3033 2375 laudabat,
3079 2308 3168 2378 qui
3211 2322 3275 2362 ex
3318 2321 3382 2361 eo
3414 2305 3572 2359 foret.

2005 2412 2141 2466 Tum
2184 2426 2310 2465 vero
2347 2409 2571 2477 reliquis
2612 2405 2863 2461 omnibus
2893 2400 3215 2456 vaticinatus
3245 2397 3447 2462 futura,
3487 2409 3584 2464 po-

2005 2516 2210 2559 stremo
2238 2503 2304 2557 ad
2347 2499 2628 2569 Beniamin
2651 2540 2667 2564 ,
2704 2507 2960 2565 tanquam
2994 2501 3155 2548 :etate
3181 2490 3455 2569 iuniorem
3494 2503 3584 2540 ve-

2007 2595 2122 2659 nit,
2185 2608 2249 2648 ac
2279 2607 2410 2647 sane
2452 2566 2619 2645 lilium
2668 2587 2883 2657 quidem
2931 2566 3339 2652 alloquebatur‘;
3396 2591 3582 2631 revera

2005 2695 2187 2742 autem
2240 2684 2560 2754 designabat
2593 2681 2818 2736 Paulum
2845 2719 2860 2743 ,
2890 2692 3050 2747 quem
3088 2674 3336 2729 novimus
3376 2686 3442 2725 ex
3468 2669 3586 2738 ejus

2009 2780 2150 2833 tribu
2186 2777 2624 2832 descendentem.
2672 2771 2956 2842 Benjamin
3002 2769 3155 2838 lupus
3190 2781 3392 2835 rapam,
3435 2779 3587 2817 mane

2005 2871 2230 2926 comedit
2266 2880 2313 2924 et
2345 2870 2414 2923 ad
2444 2882 2706 2937 vesperam
2748 2863 3027 2918 distribuet
3066 2876 3210 2915 escas
3238 2859 3283 2912 ⁷.
3316 2855 3582 2924 Exquira-

2007 2979 2129 3019 mus
2155 2963 2282 3033 quid
2316 2961 2443 3016 illud
2471 2960 2657 3028 utique
2683 2957 2829 3022 velit,
2859 2971 3010 3010 mane
3030 2952 3323 3014 conradens,
3350 2949 3454 3002 hoc
3480 2958 3584 3011 est,

2007 3065 2345 3126 persecutor,
2370 3053 2460 3123 qui
2486 3053 2539 3106 in
2560 3051 2990 3106 eaedesintentus
3007 3055 3158 3111 erat;
3186 3041 3441 3098 fundebat
3464 3055 3587 3094 sau-

317 3146 630 3218 (τουτέστι,
668 3143 886 3211 διώξας,
924 3140 1213 3213 φονεύσας,
1252 3140 1449 3211 ἐκχέας
1479 3139 1705 3209 αἵματα,
1740 3154 1905 3209 σκορ-

2010 3151 2262 3220 guinem,
2297 3147 2445 3201 velut
2473 3158 2687 3213 gregem
2715 3138 3012 3195 Ecclesiam
3057 3134 3260 3189 Christi
3306 3132 3585 3199 disperge-

314 3260 335 3293 ι
365 3240 488 3303 ίσας
511 3238 587 3302 ώς
607 3236 809 3309 ἀγέλην
831 3233 929 3308 τὴν
944 3243 953 3253 ’
967 3233 1337 3305 Ἐκκλησίαν),
1356 3232 1665 3285 τελευταῖον
1691 3230 1906 3299 ἐγένετο

315 3332 521 3402 νομεὺς
547 3331 642 3384 καὶ
674 3328 881 3400 ποιμὴν
906 3326 1132 3396 ἀγαθὸς,
1164 3324 1503 3396 ἀποθέμενος
1532 3322 1625 3376 τὸν
1649 3320 1904 3392 διώκτην,

316 3423 417 3477 καὶ
441 3419 809 3490 ἐνδυσάμενος
831 3417 924 3471 τὸν
957 3415 1255 3469 ἀπόστολον
1282 3431 1295 3444 ·
1328 3415 1465 3468 πᾶσι
1495 3413 1553 3467 δὲ
1588 3412 1666 3476 ώς
1702 3410 1907 3483 τροφὴν

315 3514 592 3584 διανέμων
643 3512 736 3565 τὸν
782 3510 967 3580 νόμον,
1023 3508 1119 3561 καὶ
1162 3507 1261 3579 τὴν
1313 3508 1475 3575 ἁγίαν
1519 3508 1650 3576 ἡμῖν
1704 3503 1908 3575 ταύτην

319 3605 689 3678 ἱδρυσάμενος
718 3601 1027 3675 τράπεζαν.
1072 3600 1138 3653 Ἦ
1169 3598 1279 3671 γὰρ
1307 3597 1400 3651 τοῦ
1439 3596 1647 3669 Κυρίου
1678 3595 1908 3666 δύναμις

317 3697 567 3768 τοιαύτη,
611 3694 986 3765 άφοπλίζουσα
1022 3690 1117 3745 τοῦ
1151 3690 1324 3763 θυμοῦ
1364 3689 1594 3743 καὶτῶν
1630 3687 1908 3742 δυσσεὸῶν

318 3789 609 3861 νοημάτων
634 3787 763 3850 τοὺς
796 3782 1207 3849 στασιάζοντας,
1237 3780 1624 3851 προσαγομένη
1647 3779 1706 3832 δὲ
1736 3778 1910 3850 εὐμη-

318 3882 523 3952 χάνως,
565 3878 660 3932 καὶ
698 3875 1119 3941 τιθασσεύουσα,
1157 3874 1253 3927 καὶ
1293 3871 1542 3945 πρόϐατα
1573 3872 1757 3942 ἥμερα
1789 3869 1909 3924 ἀντὶ

321 3971 531 4043 θηρίων
561 3969 868 4024 δακνόντων
893 3965 1261 4039 ἐργαζομένη.
1310 3965 1434 4018 Ἐπὶ
1465 3962 1695 4026 τούτοις,
1720 3962 1774 4015 τί
1803 3977 1909 4030 φη-

323 4080 411 4117 σιν
448 4066 483 4134 ἡ
524 4062 747 4133 Γραφής
803 4062 887 4115 ὅτι
953 4057 1317 4128 Προσελθὼν
1346 4054 1427 4122 τῷ
1466 4054 1743 4125 ἀρχιερεῖ,
1772 4053 1913 4122 ᾐτή-

319 4173 478 4211 σατο
512 4157 649 4223 παρ’
690 4151 878 4208 αὑτοῦ
912 4150 1242 4217 ἐπιστολὰς
1275 4151 1364 4216 είς
1405 4148 1726 4218 Δαμασκὸν
1760 4146 1912 4215 πρὸς

319 4248 434 4314 τὰς
481 4245 861 4316 συναγωγὰς,
898 4244 1061 4311 ὅπως
1092 4242 1238 4310 τοὺς
1283 4241 1678 4312 Χριστιανοὺς
1719 4241 1909 4312 ἀγάγῃ

320 4340 395 4394 ἐν
432 4338 855 4408 Ἰερουσαλήμ.

399 4433 467 4484 ’Ὠ
505 4430 653 4501 μάχη
704 4432 800 4484 καὶ
835 4429 1068 4502 διαφορὰ
1106 4428 1425 4493 ἐπιστολῶν,
1463 4426 1572 4481 τῶν
1607 4428 1728 4482 τότε
1760 4428 1912 4500 παρὰ

2009 3245 2103 3298 bat
2139 3260 2152 3295 :
2190 3243 2364 3294 bonus
2398 3238 2614 3291 demum
2656 3233 2833 3287 factus
2878 3239 2961 3285 est
3010 3237 3225 3298 pastor,
3260 3222 3587 3293 abjeetoque

2015 3338 2158 3407 quod
2191 3343 2307 3388 erat
2338 3327 2723 3402 persecutoris,
2749 3323 3050 3395 apostolum
3077 3319 3283 3384 induit;
3320 3313 3588 3369 universis

2008 3406 2138 3484 vero
2182 3439 2436 3496 tanquam
2469 3437 2627 3479 escas
2678 3420 2850 3488 legem
2892 3410 3207 3476 distribuit,
3253 3418 3414 3477 atque
3450 3406 3589 3459 hanc

2009 3522 2166 3577 nobis
2196 3534 2407 3575 sacram
2440 3529 2688 3571 mensam
2715 3508 2913 3583 posuit.
2941 3505 3090 3562 Talis
3120 3502 3317 3574 quippe
3350 3513 3411 3553 ac
3443 3505 3587 3551 tanta

2012 3614 2228 3671 exsistit
2256 3613 2349 3668 Dei
2380 3612 2576 3676 virtus,
2606 3617 2665 3662 ut
2699 3608 2778 3662 ira
2809 3602 3102 3673 impiisque
3132 3593 3463 3668 cogitatihus
3489 3603 3587 3646 ceu

2011 3706 2183 3760 armis
2221 3702 2511 3759 seditiosos
2542 3694 2737 3761 nudet,
2765 3692 3029 3762 facileque
3056 3687 3287 3743 adducat
3321 3695 3482 3752 atque
3514 3681 3589 3734 ci-

2012 3806 2190 3861 euret,
2219 3811 2281 3849 ac
2310 3802 2622 3849 mansuetas
2649 3802 2778 3843 oves
2798 3824 2815 3851 ,
2844 3797 2942 3855 pro
2967 3779 3159 3835 bestiis
3189 3790 3369 3861 morsu
3402 3772 3577 3827 luden.

2017 3856 2186 3952 tibus,
2209 3882 2419 3938 reddat.
2443 3877 2581 3947 Quid
2612 3876 2677 3930 ad
2710 3875 2825 3930 haec
2851 3866 3170 3940 Scriptura?
3200 3856 3486 3929 Accedens,
3509 3860 3590 3915 itt-

2015 3980 2152 4049 quit,
2187 3977 2254 4031 ad
2290 3974 2577 4046 principem
2599 3967 2955 4030 sacerdotum,
2986 3961 3130 4031 petiit
3163 3957 3227 4011 ab
3258 3972 3317 4011 eo
3344 3952 3588 4024 epistolas

2011 4047 2064 4126 in
2102 4070 2421 4125 Damascum
2449 4060 2518 4119 ad
2546 4075 2874 4134 synagogas,
2916 4064 2973 4109 ut
3007 4051 3336 4108 Christianos
3381 4047 3587 4099 duceret

2011 4163 2065 4215 in.
2110 4156 2465 4214 Hierusalem.

2086 4431 2129 4486 Ο
2162 4441 2336 4501 pugna
2368 4434 2532 4495 atque
2557 4419 2871 4481 discrimen,
2900 4425 3109 4477 carum,
3133 4422 3267 4478 quas
3296 4415 3423 4460 tunc
3454 4400 3590 4457 Pau-

322 4523 545 4579 Παύλου
561 4521 932 4593 ζητουμένων,
950 4523 1046 4574 καί
1054 4520 1163 4574 τῶν
1179 4520 1246 4586 ἃς
1263 4521 1354 4575 τὸν
1366 4522 1409 4573 Χ
1421 4520 1600 4591 ριστὸν
1615 4519 1907 4588 καταγγέλ-

2017 4524 2100 4578 lus
2145 4518 2407 4593 epistolas
2459 4510 2809 4585 requirebat,
2851 4517 3182 4572 earumque,
3220 4512 3355 4570 quas
3406 4505 3590 4593 postea

323 4616 443 4671 λων¹
462 4613 691 4686 ὕστερον
713 4613 987 4685 έγραψενί
1017 4615 1083 4667 Αἱ
1109 4614 1207 4685 μὲν
1240 4613 1503 4684 ὲδέσμουν
1525 4613 1911 4683 Χριστιανοὺς,

325 4708 385 4760 αἱ
412 4705 470 4759 δὲ
498 4704 600 4768 τάς
629 4700 852 4767 ἁλύσεις
882 4704 981 4769 τὰς
1027 4705 1169 4776 ὑπὲρ
1198 4702 1436 4781 Χριστοῦ
1469 4703 1806 4777 περιέθηκαν
1836 4704 1916 4776 τῷ

327 4797 535 4872 διώκτῃ
569 4797 795 4862 πολλάς,
827 4798 922 4851 καὶ
952 4797 1198 4869 βαρείας,
1239 4798 1331 4852 καὶ
1360 4796 1604 4868 χαλεπάς
1635 4799 1877 4865 ἐνεγκεῖν
1898 4813 1911 4827 ·

335 4892 493 4945 κάκεῖ
538 4890 639 4961 μὲν
681 4888 1022 4961 ἐγέγραπτο·
1066 4888 1279 4953 Παῦλος
1328 4889 1598 4961 Ἐϐραῖος,
1628 4888 1723 4942 τοῦ
1751 4890 1915 4960 νόμου

329 4982 669 5055 προστάτης,
705 4980 902 5053 ἐχθρὸς
930 4981 1025 5035 τοῦ
1056 4980 1313 5053 σταυροῦ,
1348 4980 1442 5034 τοῦ
1469 4980 1801 5051 Εὐαγγελίου
1826 4998 1917 5034 πο-

327 5073 552 5143 λέμιος⁸
599 5075 657 5126 ὲν
706 5073 765 5127 δὲ
823 5076 945 5137 ταῖς
991 5073 1480 5145 μεταγενεστέραις
1541 5072 1914 5137 Ἐπιστολαϊςο

327 5163 576 5231 Παῦλος
591 5163 815 5231 δοῦλος
839 5164 1033 5233 Ἰησοῦ
1044 5164 1321 5233 Χριστοῦ.
1340 5164 1500 5217 Ποίου
1517 5180 1531 5229 ;
1546 5164 1807 5234 Πρόσχεςο
1822 5162 1915 5217 τοῦ

326 5257 770 5329 ἐσταυρωμένον.
800 5259 865 5310 ’Ὠ
892 5258 986 5311 τοῦ
1017 5258 1320 5330 θαύματοςε
1352 5259 1417 5310 Ὃ
1444 5256 1551 5330 πρὸ
1573 5257 1752 5325 ὀλίγου
1776 5255 1915 5309 ὗνει-

2013 4585 2287 4671 Christum
2316 4604 2679 4669 annuntians,
2716 4597 2966 4671 scripsit!
2996 4593 3104 4651 Illa:
3140 4590 3355 4663 quidem
3391 4585 3592 4641 vincie-

2016 4709 2146 4762 bant
2193 4704 2569 4764 Christianos;
2626 4698 2709 4753 ha:
2755 4704 2956 4758 autem,
2996 4689 3216 4751 multas,
3270 4694 3591 4754 gravesque,

2015 4809 2180 4869 atque
2225 4797 2484 4852 molestas
2507 4802 2733 4849 catenas
2754 4786 2959 4845 Christi
2990 4799 3150 4839 causa
3174 4776 3445 4841 ferendas,
3474 4788 3597 4844 per—

2014 4889 2252 4945 secutori
2303 4888 2636 4959 iniecerunt;
2685 4892 2848 4952 atque
2893 4881 2946 4935 in
2997 4872 3403 4941 illis.scriptum
3453 4875 3601 4947 erat,

2017 4982 2217 5038 Paulus
2263 4980 2523 5037 Hebraeus
2580 4977 2715 5047 legis
2760 4972 3050 5035 defensor,
3096 4966 3347 5022 inimicus
3394 4959 3592 5024 crucis,

2014 5073 2292 5144 Evangelii
2333 5072 2536 5137 hostis;
2571 5071 2622 5125 in
2672 5062 3067 5139 posterioribus
3099 5070 3277 5114 autem
3305 5052 3591 5124 Epistolis:

2015 5164 2218 5220 Paulus
2231 5180 2405 5219 servus
2427 5163 2553 5219 Jesu
2571 5161 2766 5218 Christi
2782 5159 2825 5211 ³.
2851 5152 3175 5224 Cujusnam?
3202 5163 3351 5219 rogo.
3375 5145 3595 5215 Utique,

2024 5254 2291 5308 crucifixi.
2317 5253 2363 5309 0
2394 5252 2747 5309 miraculum!
2778 5248 2931 5315 Quod
2975 5245 3133 5317 paulo
3166 5253 3289 5297 ante
3336 5240 3596 5309 probrum

325 5351 437 5414 δος,
484 5350 580 5404 νῦν
624 5350 818 5421 γέγονε
870 5351 1165 5423 καύχημαι
1210 5351 1306 5405 καὶ
1332 5351 1394 5404 τὸ
1448 5349 1907 5421 ὲξουθενούμενον,

2010 5347 2147 5413 ‘fuit,
2179 5364 2320 5401 nunc
2349 5347 2490 5402 facta
2519 5356 2601 5402 est
2624 5343 2907 5416 gloriatio;
2943 5338 3192 5410 quodque
3217 5331 3593 5405 spernebatur,

327 5450 406 5514 ὡς
439 5450 569 5518 δόξα
601 5452 842 5522 σήμερον
889 5452 1306 5523 μνημονεύεται.
1342 5449 1530 5512 Οὐδεὶς
1566 5448 1672 5521 γὰρ
1700 5448 1908 5513 δοξοκό-

327 5555 432 5603 πθς
499 5539 594 5593 καὶ
630 5540 877 5610 γαυριῶν
923 5540 1173 5611 βασιλεὺς
1226 5540 1398 5604 οὕτως
1436 5540 1810 5611 ἑνεπόμπευσε
1846 5541 1913 5609 τῇ

331 5631 662 5702 περιφανείᾳ
697 5632 798 5701 τῆς
830 5631 1025 5704 ἀρχῆς,
1061 5632 1136 5696 ὡς
1183 5632 1395 5696 Παῦλος
1438 5632 1517 5705 τῷ
1561 5631 1779 5705 σταυρῷ
1823 5632 1915 5684 καὶ

2026 5442 2209 5513 gloriae
2241 5440 2400 5493 hodie
2436 5438 2589 5495 titulo
2634 5444 2990 5491 memoratur.
3021 5430 3207 5486 Nullus
3244 5426 3385 5481 enim
3415 5420 3598 5492 gloria:

2026 5534 2217 5588 avidus
2247 5548 2309 5587 ac
2337 5531 2599 5603 superbus
2644 5543 2736 5582 rex
2758 5567 2772 5593 ,
2803 5523 3015 5594 imperii
3049 5524 3183 5576 adeo
3211 5534 3268 5573 se
3297 5508 3599 5603 splendori‘

2026 5624 2126 5680 bus
2156 5625 2380 5693 jactavit
2418 5639 2480 5677 ac
2520 5621 2730 5685 extulit,
2775 5626 2935 5686 atque
2964 5613 3165 5667 Paulus
3195 5619 3354 5662 cruce
3399 5612 3452 5654 et
3489 5597 3599 5653 cla-

402 5814 425 5845 ⁶
462 5811 586 5866 Act.
623 5827 702 5873 Ix,
735 5812 786 5869 l.
869 5812 888 5841 ⁸
931 5812 1053 5866 ἱίεἰά.
1098 5812 1115 5864 l
1151 5826 1269 5876 sqq.
1349 5812 1367 5842 ⁷
1406 5810 1535 5866 Gen.
1581 5826 1728 5873 XLIX,
1761 5811 1853 5864 9.7.

2010 5812 2149 5863 lout.
2189 5823 2224 5870 t.
2262 5808 2315 5862 l.
