4090 6146
544 296 639 350 illi

1472 360 1499 385 ἢ

1815 289 1872 343 S.
1915 288 2191 345 ASTERII
2230 288 2535 344 AMASENI

3604 296 3612 309 '
3693 282 3803 338 292

545 406 635 459 ubi
666 420 919 474 processu
949 404 1235 464 sermonis,
1258 402 1501 465 Saulum,
1523 400 1743 455 Paulum
1781 402 2115 464 invenerunt,

2225 398 2531 467 αμείψαντα
2563 401 2629 469 τῇ
2661 399 2851 468 κλήσει
2884 398 2981 468 τὴν
3010 398 3255 469 γνώμην,
3301 396 3394 450 καὶ
3435 396 3527 450 τοῦ
3562 395 3800 466 Χριστοῦ

545 510 636 562 qui
666 508 767 547 una
807 508 931 547 cum
963 490 1315 561 appellatione
1343 490 1582 545 animum
1628 499 1911 554 mutasset,
1953 487 2119 545 Chri-

547 585 723 653 stique
753 583 1001 639 eﬂ‘ectum
1028 598 1264 652 servum,
1295 598 1358 638 ac
1402 582 1666 651 apostolis
1686 581 1805 635 aliis
1835 580 2121 635 ferventio-

547 690 663 729 rem
690 674 1032 744 discipulum,
1086 672 1318 743 primum
1352 672 1570 742 quidem
1605 671 1787 741 jocum
1813 685 1881 725 ac
1910 670 2119 724 irrisio-

549 783 671 822 nem
698 768 941 822 arbitrati
968 776 1095 821 sunt
1130 781 1248 835 qute
1282 766 1591 821 dicerentur
1631 781 1647 818 :
1677 774 1733 818 at
1768 762 1861 819 ubi
1887 763 2119 832 proban-

548 868 628 913 tes
645 869 898 922 mentem,
919 857 1247 913 invenissent
1262 857 1492 912 sermoni
1517 865 1920 931 congruentem,
1951 870 2118 909 unum

548 947 652 1001 sibi
709 949 811 1003 hoc
842 948 1052 1003 consilii
1116 948 1387 1017 reliquum
1439 955 1783 1016 putaverunt,
1827 954 1887 999 ut
1939 945 2121 1000 adole-

546 1048 783 1093 scentem
826 1038 1130 1109 perderent,
1164 1047 1417 1107 tanquam
1454 1037 1566 1091 fieri
1598 1052 1701 1091 non
1728 1046 1931 1105 posset,
1958 1045 2015 1089 nt
2048 1036 2120 1088 vi-

547 1139 704 1186 vente
758 1130 924 1185 Paulo
982 1140 1143 1200 atque
1198 1131 1483 1199 loquente,
1524 1128 1868 1184 llebrmorum
1933 1128 2119 1198 religio

544 1237 730 1292 sospes
755 1226 910 1278 foret.
940 1220 1106 1293 quue
1128 1222 1301 1292 palam
1327 1231 1494 1278 totum
1523 1232 1671 1276 retro
1692 1231 1901 1293 tempus
1920 1226 2117 1294 proba-

546 1315 643 1368 vit.

616 1407 751 1461 Cum
790 1407 935 1462 enim
1004 1408 1158 1462 multi
1212 1408 1492 1472 hactenus,
1556 1398 1771 1464 tametsi
1823 1407 2117 1464 Christiani

546 1504 721 1563 erant,
776 1496 917 1551 haud
971 1507 1189 1564 possent
1241 1514 1374 1568 pure
1405 1514 1471 1553 ex
1502 1498 1778 1560 Evangelii
1822 1514 2012 1555 norma
2043 1500 2121 1553 vi-

546 1601 694 1650 vere,
726 1588 820 1642 sed
859 1588 1122 1644 haberent
1150 1590 1202 1642 in
1230 1600 1515 1660 utramque
1541 1601 1769 1658 partem,
1794 1605 1858 1646 ac
1888 1591 2122 1660 quando-

545 1695 648 1748 que
673 1681 834 1734 etiam
864 1692 1147 1737 uterentur
1175 1683 1613 1748 circumcisione,
1645 1693 1704 1737 ut
1753 1685 1932 1753 aliqua
1964 1696 2119 1754 parte

2218 490 2425 554 δοῦλον,
2461 492 2557 544 καὶ
2587 491 2696 543 τῶν
2722 490 2895 545 ἄλλων
2923 489 3236 543 ἀποστόλων
3266 488 3515 561 μαθητὴν
3545 486 3804 561 θερμότε-

2221 596 2314 651 ρον
2333 596 2346 610 ·
2379 579 2448 633 τὰ
2473 580 2575 651 μὲν
2602 580 2816 652 πρῶτα,
2847 580 3069 636 παιδιὰν
3103 580 3198 634 καὶ
3236 579 3434 651 χλεύην
3461 580 3693 650 ἡγοῦντο
3728 577 3796 636 τὰ

2218 671 2507 743 λεγόμενα·
2540 672 2663 725 ἐπεὶ
2706 673 2764 726 δὲ
2807 664 3205 743 δοκιμάσαντες
3235 666 3392 744 εὗρον
3428 668 3794 741 ὁμολογοῦσαν

2218 765 2283 833 τῇ
2317 763 2468 833 φωνῇ
2508 761 2608 833 τὴν
2637 762 2881 833 γνώμην,
2915 761 2975 815 ἒν
3008 760 3395 815 ἐϐουλεύσαντο
3440 759 3621 830 μόνον,
3644 758 3801 823 ὅπως

2219 856 2248 906 ό
2310 852 2590 916 νεανίσκος
2645 853 2933 907 ἀπόλοιτο·
2994 852 3070 917 ὡς
3128 853 3230 908 οὐκ
3299 851 3418 906 ἐνὸν
3492 846 3633 905 εῖναι
3699 850 3801 922 τὴν

2231 943 2499 1016 Ἐϐραίων
2538 944 2837 1017 Θρησκείαν
2875 946 2971 1021 καὶ
3010 944 3386 1017 χρηματίζειν,
3417 943 3620 1009 ζῶντος
3654 943 3803 997 Παύ-

2219 1036 2309 1089 λου
2340 1036 2436 1090 καὶ
2464 1036 2855 1107 φθεγγομένου.
2892 1037 3004 1090 Καὶ
3035 1036 3192 1090 τοῦτο
3224 1036 3409 1106 σαφῶς
3446 1035 3615 1101 ἔδειξε
3663 1035 3802 1107 σύμ-

2221 1147 2329 1195 πας
2350 1130 2378 1183 ὁ
2400 1128 2623 1200 ὕστερον
2648 1128 2861 1201 χρόνος.

2292 1397 2414 1449 Ἔτι
2443 1394 2552 1466 γὰρ
2578 1395 2685 1447 τῶν
2712 1391 2945 1453 πολλῶν,
2975 1395 3024 1446 εί
3066 1393 3158 1446 καὶ
3190 1390 3435 1462 ὑπῆρχον
3464 1390 3802 1461 Χριστιανοὶ,

2219 1487 2321 1540 οὐκ
2368 1485 2682 1557 ἀρκούντων
2733 1482 2990 1554 καθαρῶς
3034 1481 3132 1554 ζῇν
3162 1481 3301 1535 κατά
3337 1481 3399 1533 τὸ
3448 1479 3802 1549 Εὐαγγέλιον,

2222 1576 2335 1630 ἀλλ·
2398 1575 2895 1647 ἀμφοτεριζόντων,
2954 1574 3048 1627 καί
3104 1592 3204 1627 που
3265 1574 3360 1627 καὶ
3413 1575 3478 1644 τῇ
3530 1576 3802 1644 περιτομῇ

2223 1666 2682 1739 προσχρωμένων,
2753 1667 2818 1721 ἶν’
2870 1669 2935 1720 ὲκ
2990 1666 3186 1737 μέρους
3255 1665 3626 1737 κεχαρισμένα
3691 1668 3803 1728 τοῖς

545 1745 664 1839 qua:
696 1770 895 1827 ludatis
920 1783 1072 1843 grata
1123 1785 1306 1829 essent
1335 1784 1675 1844 prazstantes,
1721 1776 1910 1845 eisque
1939 1776 2115 1830 indul-

2232 1758 2507 1830 Ἑϐραίοις
2534 1759 2831 1823 ποιοῦντες,
2854 1758 2945 1812 τὸν
2972 1757 3142 1829 θυμὸν
3169 1756 3345 1810 αὐτῶν
3367 1755 3798 1827 ἐκμειλίξωνται·

545 1872 750 1928 gentes,
783 1877 970 1917 eorum
993 1865 1278 1920 delinirent
1307 1866 1464 1921 iram.
1499 1866 1657 1922 Solus
1682 1868 1771 1922 hic
1800 1868 2116 1936 impereulsa

548 1964 747 2016 mente,
806 1954 938 2007 nihil
971 1955 1256 2011 remissum
1290 1972 1353 2011 ac
1403 1975 1511 2012 non
1540 1969 1853 2019 accuratum
1898 1960 2116 2025 docuit;

546 2049 639 2097 sed
665 2043 808 2098 clara
864 2060 996 2100 voce
1025 2056 1187 2115 atque
1220 2048 1421 2103 diserte
1457 2064 1486 2102 a
1521 2050 1784 2119 principio
1812 2047 2117 2106 sermonem

546 2129 877 2196 pra-dicavit.
930 2131 1115 2203 quue
1168 2137 1416 2203 provexit
1470 2136 1732 2193 libertatis
1792 2152 2003 2206 sensus,
2063 2152 2123 2197 ut

544 2236 668 2273 cum
698 2219 982 2288 aliquando
1028 2223 1250 2289 Galatae,
1303 2242 1422 2279 cum
1481 2229 1694 2297 propria
1746 2229 1847 2299 ipsi
1882 2230 2117 2298 levitate,

546 2322 659 2364 tum
687 2314 1067 2381 magistrorum
1098 2318 1442 2387 negligentia,
1473 2320 1537 2373 ad
1565 2321 1697 2390 legis
1718 2323 2118 2379 observantiam

545 2401 745 2455 reversi
776 2412 981 2468 essent,
1016 2406 1248 2460 mirabili
1278 2410 1343 2462 ad
1374 2423 1467 2462 eos
1497 2411 1695 2479 scripta
1731 2413 1980 2481 epistola,
2014 2431 2119 2484 qua

547 2495 596 2547 in
630 2494 867 2550 novitate
891 2495 1212 2551 Chrisﬁana:
1243 2499 1365 2553 vita:
1407 2500 1657 2568 pietatem
1686 2504 1885 2557 sectari
1910 2522 1974 2561 ac
1997 2507 2122 2562 reli-

542 2586 755 2655 gionem
777 2588 955 2643 colere
979 2590 1233 2658 doceret;
1262 2606 1383 2645 cum
1418 2592 1534 2662 ipso
1566 2596 1936 2663 apostolorum
1967 2600 2118 2669 priu-

543 2680 661 2749 ripe
708 2683 897 2735 horum
957 2683 1244 2737 occasione
1277 2699 1601 2751 congressus
1652 2687 1724 2742 sit
1764 2708 1779 2743 :
1827 2705 1892 2744 ac
1922 2691 2120 2761 ubique

543 2771 759 2825 Petrum
793 2774 1238 2842 reprehendebat,
1266 2790 1504 2847 cumque
1542 2794 1607 2833 eo
1643 2780 1983 2846 velitabatur,
2019 2798 2117 2837 ceu

544 2877 630 2926 eo,
670 2863 760 2930 qui
790 2876 1029 2917 veterqu
1062 2881 1182 2927 usu,
1225 2880 1292 2922 ac
1318 2882 1502 2922 eorum
1535 2884 1655 2938 qua:
1687 2871 1882 2924 abolita
1916 2884 2117 2939 essent,

546 2967 742 3006 novam
767 2954 1195 3009 Christianorum
1251 2961 1494 3014 turbaret
1529 2960 1940 3027 institutionem,
1986 2967 2120 3020 nihil

2225 1852 2385 1922 μόνος
2411 1846 2564 1916 οὗτος
2588 1850 2993 1923 ἀκαταπλήκτῳ
3027 1849 3352 1921 φρονήματι,
3381 1849 3531 1903 οὐδὲν
3560 1848 3802 1919 ὑφειμέ-

2222 1962 2313 1999 νον
2345 1945 2609 2012 ὲδίδαξεν·
2642 1944 2780 1998 ἀλλά
2818 1944 3036 2014 καθαρᾷ
3061 1945 3126 2014 τῇ
3163 1945 3313 2013 φωνῇ
3348 1942 3552 1997 ἄνωθεν
3598 1942 3690 1996 τὸν
3716 1942 3803 1996 λό-

2220 2054 2316 2105 γον
2347 2037 2673 2108 ὲκήρυσσεν,
2705 2037 2799 2089 καὶ
2824 2037 2905 2099 εἰς
2932 2033 3185 2088 τοσοῦτόν
3212 2050 3275 2103 γε
3296 2032 3507 2105 προῦϐη
3531 2033 3623 2086 τοῦ
3650 2034 3803 2087 ἐλευ-

2222 2129 2401 2200 θερίου
2442 2130 2814 2201 φρονήματος,
2852 2128 2992 2181 ὥστε
3021 2128 3157 2180 ποτὲ
3190 2127 3290 2198 μὲν
3316 2127 3589 2190 Γαλατῶν,
3623 2127 3804 2200 οἰκείᾳ

2222 2222 2517 2292 κουφότητι
2538 2222 2631 2275 καὶ
2652 2221 2916 2295 ὀλιγωρίᾳ
2945 2220 3053 2274 τῶν
3072 2220 3451 2284 διδασκόντων,
3477 2223 3555 2285 είς
3579 2219 3675 2292 τὴν
3702 2239 3802 2274 κα-

2220 2311 2289 2366 τὰ
2320 2310 2482 2381 νόμον
2510 2310 3019 2381 παλινδρομούντων
3045 2309 3208 2382 ζωὴν,
3240 2311 3337 2381 τὴν
3364 2310 3678 2382 θαυμαστὴν
3712 2311 3800 2362 αύ-

2220 2404 2332 2466 τοῖς
2364 2403 2590 2474 γράφων
2611 2400 2899 2472 ἐπιστολὴν
2927 2401 3014 2472 (δι’
3043 2395 3110 2473 ἦς
3137 2403 3193 2453 ὲν
3220 2402 3494 2472 καινότητι
3528 2402 3626 2472 τῆς
3658 2404 3803 2455 κατά

2224 2493 2455 2565 Χριστὸν
2498 2491 2772 2558 πολιτείας
2822 2492 3063 2547 εὐσεϐεῖν
3104 2493 3300 2557 αὐτοὺς
3351 2493 3444 2547 καὶ
3476 2492 3805 2565 θρησκεύειν

2222 2586 2449 2653 ἐδίδαξε,
2488 2589 2687 2658 μηκέτι
2717 2587 3050 2659 προσχόντας
3070 2587 3183 2650 τοῖς
3202 2587 3523 2658 γράμμασιν
3549 2589 3662 2649 τοῖς
3692 2587 3805 2640 ἀπὸ

2222 2676 2328 2730 τῶν
2352 2677 2569 2732 λιθίνων
2600 2678 2866 2751 πλακῶν),
2903 2679 3212 2750 συνεπλάκη
3250 2679 3339 2734 διά
3360 2678 3468 2732 τῶν
3492 2677 3804 2748 λεγομένων

2222 2767 2371 2838 αὐτῷ
2418 2768 2495 2839 τῷ
2538 2769 2819 2841 κορυφαίῳ
2851 2768 2958 2822 τῶν
2998 2770 3331 2834 ἀποστόλων,
3382 2772 3474 2825 καὶ
3521 2769 3804 2839 πανταχοῦ

2222 2859 2633 2930 καθαπτόμενος
2669 2861 2936 2914 διετέλεσε
2963 2863 3057 2915 καὶ
3092 2862 3381 2934 ἁψιμαχῶν
3411 2864 3547 2935 πρὸς
3574 2863 3663 2916 τὸν
3696 2864 3804 2916 Πέ-

2220 2966 2368 3020 τρον,
2400 2950 2475 3013 ῶς
2508 2949 2605 3021 τὴν
2647 2950 2783 3004 νέαν
2816 2948 3168 3005 ἐπιθολοῦντα
3204 2951 3499 3016 πολιτείαν,
3524 2955 3591 3023 τῇ
3636 2970 3804 3024 προσ-

547 3045 810 3100 reveritus
859 3046 1007 3102 senis
1035 3062 1219 3113 cauos,
1255 3042 1413 3105 autve
1442 3054 1771 3121 apostolatus
1805 3059 2115 3127 prterogati-

2221 3044 2412 3113 χρήσει
2440 3040 2545 3095 τῶν
2574 3040 2817 3096 παλαιῶν
2850 3041 2944 3095 καὶ
2975 3040 3340 3112 πεπαυμένων
3367 3041 3676 3112 δογμάτων·
3708 3047 3804 3097 καὶ

546 3149 690 3200 vam,
724 3135 811 3190 ubi
863 3138 1034 3192 creari
1085 3140 1378 3207 periculum
1410 3142 1619 3197 veritati
1680 3146 1903 3200 vidisset
1936 3165 1950 3201 :
1983 3148 2114 3216 quin

544 3225 747 3281 Galatis
773 3229 986 3296 quidem
1021 3232 1285 3286 acerrime
1312 3233 1544 3301 restitit;
1579 3233 1796 3289 Petrum
1826 3250 1952 3291 vero
1995 3252 2115 3292 cre-

545 3317 642 3372 bro
672 3318 1063 3389 arguit,,quam
1096 3320 1292 3377 licebat
1313 3327 1566 3392 maxime,
1600 3325 1900 3382 libertatem
1921 3329 2118 3383 decore

542 3425 604 3463 ac
623 3411 878 3465 modestia
898 3423 1221 3482 temperans.
1241 3415 1319 3471 Ac
1348 3419 1545 3488 ubique
1573 3420 1790 3487 quidem
1816 3420 2115 3489 praedican-

543 3503 611 3555 do
640 3517 705 3555 ac
722 3503 994 3556 suadendo
1011 3520 1228 3574 operam
1251 3511 1480 3575 ponebat
1499 3526 1512 3561 :
1531 3510 1672 3578 quod
1689 3511 1735 3565 si
1753 3525 1881 3565 vero
1904 3513 2118 3579 quando

543 3593 704 3646 etiam
743 3594 797 3647 in
837 3597 1061 3662 perditis
1097 3599 1341 3653 moribus
1371 3613 1670 3669 pravosque
1700 3602 1946 3658 homines
1980 3604 2114 3659 inci-

546 3685 699 3750 dens,
720 3700 881 3754 grave
912 3685 1112 3756 aliquid
1130 3703 1318 3757 passus
1336 3701 1496 3754 esset,
1521 3691 1602 3743 vel
1632 3691 1904 3759 conjectus
1922 3694 1973 3747 in
1997 3710 2117 3749 car-

545 3787 748 3837 cerem,
772 3774 855 3827 vel
883 3775 1197 3830 verberibus
1233 3775 1475 3842 affectus,
1513 3782 1593 3835 vel
1630 3783 1900 3850 appetitus
1927 3784 2119 3854 lapidi-

544 3863 645 3916 bus
671 3864 1102 3934 ,ltaudquaquatn
1127 3883 1274 3921 suam
1305 3868 1445 3922 illam
1470 3869 1799 3925 alacritatem
1825 3874 1893 3927 ob
1917 3873 2116 3928 malum

544 3968 727 4007 casum
759 3952 939 4009 amisit
970 3974 983 4009 :
1011 3963 1138 4026 quin
1170 3959 1433 4014 modicum
1462 3960 1679 4026 cedens,
1716 3979 1904 4018 rursus
1933 3964 2118 4020 hostes

542 4044 754 4110 adibat;
788 4062 1111 4118 versansque
1130 4064 1406 4105 sermones
1424 4068 1569 4116 suos,
1599 4053 1828 4124 felixque
1850 4058 2021 4112 modis
2044 4058 2120 4111 in-

540 4138 821 4193 Veniendis
838 4141 1029 4209 quibus
1056 4142 1378 4210 adoriretur,
1404 4161 1466 4200 ac
1483 4161 1543 4202 se
1558 4147 1713 4203 facile
1734 4150 2021 4204 admodum
2043 4154 2118 4206 itt-

538 4229 842 4286 cidentibtts
864 4241 1042 4301 aptum
1068 4250 1406 4304 comparans,
1429 4252 1646 4307 prorsus
1666 4239 1866 4303 abibat,
1895 4241 1975 4294 vel
2002 4260 2119 4297 om-

538 4321 715 4388 nibus,
741 4324 840 4393 ;vel
879 4324 1121 4391 pluribus
1148 4329 1199 4381 in
1244 4343 1395 4382 suam
1443 4332 1766 4386 sententiam
1808 4338 2112 4403 pertraCtis.

2218 3133 2341 3186 οὐδὲ
2380 3133 2476 3203 τὴν
2530 3132 2718 3186 πολιὰν
2768 3133 2968 3205 ᾐδέσθη
2998 3133 3091 3188 τοῦ
3126 3134 3396 3206 γέροντος,
3430 3134 3555 3187 οὔτε
3605 3134 3674 3190 τὰ
3702 3136 3801 3205 τῆς

2219 3225 2521 3297 ἀποστολῆς
2545 3226 2826 3297 πρεσϐεῖα,
2856 3228 2945 3281 ὅτε
2968 3223 3074 3281 εἶδε
3100 3228 3517 3282 κινδυνεύουσαν
3546 3229 3643 3299 τὴν
3671 3229 3803 3301 ἀλή-

2220 3320 2390 3374 θειαν.
2444 3318 2604 3373 Ἀλλά
2658 3319 2768 3372 τῶν
2813 3322 2911 3391 μὲν
2952 3319 3207 3374 Γαλατῶν
3251 3320 3615 3391 κατεξανέστη
3662 3338 3801 3391 σφο-

2218 3410 2379 3482 δρῶς,
2432 3411 2539 3465 τῶν
2593 3413 2633 3443 ¹⁸
2682 3411 2739 3464 δὲ
2790 3411 3073 3475 πολλάκιςμ
3099 3410 3350 3483 ἔπληξεν,
3383 3412 3457 3475 ὡς
3517 3414 3661 3483 ἐνῆν,
3696 3414 3801 3487 τὴν

2220 3503 2534 3576 παρρησίαν
2582 3504 2884 3576 εὐπρεπείᾳ
2933 3505 3190 3577 κεράσας.
3238 3505 3349 3557 Καὶ
3388 3503 3660 3575 πανταχοῦ
3696 3506 3799 3575 μὲν

2218 3595 2440 3649 διετέλει
2493 3595 2666 3663 λέγων
2704 3595 2800 3650 καὶ
2836 3595 3058 3649 πείθων·
3107 3599 3156 3650 εἰ
3194 3597 3252 3649 δέ
3286 3614 3385 3649 που
3416 3597 3509 3649 καὶ
3540 3601 3799 3667 πονηροῖς

2218 3688 2405 3758 ἤθεσιν
2443 3687 2678 3757 ἐντυχὼν
2713 3687 2916 3742 έπαθέν
2942 3707 2993 3742 τι
3017 3689 3206 3755 δεινὸν,
3246 3689 3278 3759 ἢ
3317 3688 3685 3759 δεσμωτήριον
3718 3691 3797 3741 οἱ⁸

2220 3781 2413 3850 κησας,
2441 3779 2473 3850 ἢ
2520 3780 2789 3849 μάστιγας
2813 3779 3012 3844 λαϐὼν,
3039 3780 3073 3851 ἢ
3107 3779 3271 3844 λίθοις
3304 3779 3539 3851 βληθεὶς,
3569 3780 3630 3833 οὐ
3671 3795 3799 3832 κατ-

2219 3872 2406 3926 έλυσεν
2458 3872 2557 3942 τὴν
2602 3870 2910 3944 προθυμίαν
2958 3872 3090 3945 [διὰ]
3134 3873 3233 3944 τὴν
3264 3872 3560 3941 γενομένην
3595 3872 3799 3923 ἀποτυ-

2219 3964 2362 4033 χίαν·
2414 3961 2551 4017 ἀλλὰ
2615 3962 2807 4035 μικρὸν
2866 3962 3146 4027 διαλιπὼν,
3219 3962 3381 4017 πάλιν
3437 3961 3627 4032 ἤγγιζε
3681 3964 3797 4025 τοῖς

2219 4050 2452 4121 ἐχθροῖς,
2506 4052 2600 4106 καὶ
2644 4054 2769 4114 τοὺς
2821 4052 2999 4105 αὐτῶν
3053 4052 3405 4123 ἀναστρέφων
3445 4051 3653 4119 λόγους,
3700 4052 3797 4104 καὶ

2218 4142 2343 4205 τοὺς
2366 4141 2601 4213 τρόπους
2621 4142 2729 4195 τῶν
2759 4145 3150 4215 ἐπιχειρήσεων
3176 4143 3525 4212 ἐξευρίσκων,
3553 4142 3794 4211 εὐμηχά-

2219 4250 2324 4295 νως
2354 4231 2411 4285 δὲ
2438 4232 2557 4286 λίαν
2592 4233 2727 4304 πρός
2762 4234 2862 4295 τὰς
2884 4234 3260 4304 ἐμπιπτούσας
3293 4233 3482 4305 χρείας
3521 4231 3796 4304 μεθαρμο-

2221 4320 2467 4391 ζόμενος,
2518 4322 2736 4395 πάντως
2782 4325 2949 4394 ἀπῄει
3002 4325 3211 4389 πείσας,
3258 4325 3292 4395 ἢ
3338 4325 3563 4387 πάντας,
3604 4322 3795 4393 ἢτοὺς

540 4410 692 4483 διερο
713 4416 855 4469 enim
879 4433 999 4472 cum
1022 4421 1385 4476 acerbissimis
1415 4422 1581 4492 plagis
1609 4425 1845 4493 acceptis
1868 4426 2114 4481 iuventus

2220 4412 2466 4475 πολλούς.
2500 4414 2766 4477 Πολλάκις
2789 4415 2893 4487 γὰρ
2921 4415 3162 4488 εὑρεθεὶς
3190 4415 3329 4486 μετὰ
3359 4414 3571 4485 πληγὰς
3603 4414 3795 4486 ἀνηκέ-

537 4514 679 4561 esset
706 4507 773 4573 ¹¹,
834 4508 996 4578 inque
1030 4510 1179 4569 urbis
1211 4511 1353 4566 illius
1386 4513 1658 4569 suburbiis
1698 4514 1924 4584 ejectus,
1948 4532 2109 4586 quam

537 4596 816 4648 erudiebat
842 4601 907 4649 ad
940 4598 1192 4664 pietatem
1215 4642 1230 4665 ,
1258 4602 1385 4668 quin
1417 4611 1472 4656 et
1497 4618 1592 4671 pro
1625 4614 1835 4658 mortuo
1857 4620 1966 4673 prae
1993 4621 2077 4660 ma
2100 4635 2110 4646 -

539 4690 708 4735 torum
742 4686 1006 4752 gravitate
1032 4687 1267 4752 habitus,
1295 4692 1552 4758 postridie
1593 4695 1766 4750 forum
1806 4706 2015 4765 petens.
2046 4714 2109 4751 ac

541 4772 815 4825 dexteram
846 4777 1193 4843 protendens,
1254 4794 1347 4832 eos
1400 4780 1591 4835 iterum
1631 4785 1879 4847 docebat,
1918 4788 2009 4855 qui
2040 4788 2105 4841 ad

539 4861 729 4915 mortis
762 4861 903 4928 ipsas
957 4862 1137 4918 fauces
1171 4866 1522 4921 adduxissent
1553 4885 1568 4922 :
1610 4870 1688 4924 sic
1719 4871 1853 4925 niltil
1877 4875 2107 4928 Curabat

538 4966 755 5021 corpus,
787 4952 1017 5020 fortique
1056 4956 1237 5010 animo
1288 4959 1339 5010 in
1386 4974 1633 5028 superna:
1658 4964 1956 5019 vocationis
1984 4980 2108 5019 sco-

539 5060 663 5111 pum
696 5044 995 5108 intendens,
1050 5048 1387 5114 decertabat,
1410 5052 1634 5107 subinde
1660 5055 1984 5122 provincias,
2017 5073 2107 5110 ur-

539 5140 633 5188 bes
664 5136 889 5191 subinde
941 5146 1173 5203 mutans,
1206 5150 1346 5194 terra
1398 5142 1664 5199 desudans
1701 5145 1909 5202 labores
1938 5160 2107 5217 atque

539 5226 857 5293 certamina,
905 5229 1181 5285 accinctus
1228 5233 1295 5285 ad
1331 5234 1498 5288 maris
1555 5237 1809 5303 pericula,
1861 5240 2007 5293 clare
2044 5255 2108 5293 ac

539 5320 739 5374 diserte
760 5335 922 5378 orans
953 5324 1019 5378 ad
1048 5325 1338 5382 frementes
1379 5328 1621 5399 populos,
1648 5328 1921 5397 judicibus
1950 5331 2103 5386 iratis

538 5412 898 5480 satisfaciens,
928 5414 1179 5473 Hebrteos
1205 5423 1269 5473 ad
1301 5421 1501 5475 Christi
1541 5423 1868 5491 agnitionem
1894 5437 1923 5475 a
1953 5420 2103 5477 Scri-

537 5504 712 5571 pturis
739 5505 1013 5574 inducens,
1042 5516 1172 5577 Quas
1221 5510 1293 5563 illi
1326 5513 1376 5565 in
1423 5513 1593 5579 pretio
1632 5513 1887 5566 haberent
1917 5528 1930 5576 ;
1955 5510 2103 5566 Grai-

612 5717 655 5753 ¹²
677 5719 797 5773 Act.
832 5736 941 5789 xvr,
973 5720 1043 5775 2?.
1068 5739 1187 5792 sqq.
1269 5725 1310 5756 ’³
1338 5725 1460 5796 Leg.
1496 5727 1605 5783 τόν.

2221 4521 2400 4569 στους,
2434 4506 2527 4558 καὶ
2571 4508 2747 4577 ριφεὶς
2788 4508 2847 4560 έν
2889 4508 3233 4577 προαστείοις
3274 4508 3374 4578 τῆς
3406 4507 3613 4570 πόλεως
3650 4506 3794 4558 ἐκεί-

2217 4615 2337 4667 νης,
2370 4600 2435 4668 ἦν
2466 4599 2844 4668 ἐμυσταγώγει
2878 4600 3012 4670 πρὸς
3043 4601 3139 4672 τὴν
3171 4600 3475 4663 εὐσέϐειαν,
3520 4598 3794 4671 νομισθεὶς

2214 4693 2270 4744 δὲ
2305 4694 2399 4746 καὶ
2422 4692 2672 4748 τεθνάναι
2710 4695 2796 4747 διὰ
2822 4694 2882 4748 τὸ
2917 4695 3145 4765 μέγεθος
3178 4694 3285 4755 τῶν
3314 4694 3522 4758 δεινῶν,
3545 4696 3610 4763 τῇ
3637 4693 3794 4745 ύστε-

2217 4786 2347 4856 ραίᾳ
2370 4785 2468 4855 τὴν
2495 4785 2701 4859 ἀγορὰν
2733 4786 3075 4851 καταλαϐὼν,
3111 4787 3203 4839 καὶ
3237 4786 3335 4857 τὴν
3366 4784 3549 4850 δεξιὰν
3577 4783 3798 4854 προτεί-

2213 4894 2330 4940 νας,
2367 4877 2529 4931 πάλιν
2558 4877 2832 4932 ἐδίδασκεν
2855 4878 2976 4942 τοὺς
3008 4878 3174 4946 ἐγγὺς
3202 4878 3511 4946 ἀγαγόντας
3537 4876 3795 4929 θανάτου·

2211 4969 2384 5033 οὓτως
2415 4970 2567 5023 οὐδὲν
2593 4970 2739 5041 αὐτῷ
2773 4970 2866 5023 τοῦ
2902 4970 3152 5041 σώματος
3190 4969 3431 5040 ἔμελλεν·
3454 4969 3591 5038 πρὸς
3620 4967 3679 5020 δὲ
3700 4966 3797 5019 τὸν

2214 5061 2415 5114 σκοπὸν
2448 5060 2663 5131 βλέπων
2697 5062 2797 5131 τῆς
2828 5062 2942 5115 ἀνω
2983 5062 3247 5131 κλήσεως,
3292 5057 3555 5129 καρτερὸς
3588 5058 3797 5126 ἠγωνί-

2212 5153 2353 5217 ζετο,
2390 5151 2572 5223 χώραν
2621 5155 2684 5205 ἐκ
2732 5152 2913 5225 χώρας
2951 5152 3214 5221 ἀμείϐων,
3258 5151 3410 5204 πόλιν
3453 5151 3517 5202 ὲκ
3557 5149 3794 5215 πόλεως,

2210 5248 2323 5306 τοῖς
2352 5246 2494 5297 κατὰ
2538 5245 2642 5315 γῆν
2679 5246 2861 5309 πόνοις
2902 5244 3158 5308 ὲναθλῶν,
3188 5244 3323 5316 πρὸς
3355 5242 3482 5306 τοὺς
3515 5241 3797 5304 κινδύνους

2211 5338 2336 5399 τοὺς
2396 5336 2460 5388 ὲκ
2514 5336 2784 5407 θαλάττης
2836 5338 3333 5409 παραταττόμενος,
3403 5335 3539 5407 πρὸς
3587 5334 3796 5404 δήμους

2213 5428 2582 5497 φρεμένοντας
2605 5436 2621 5449 ‘
2650 5428 2958 5499 ῥητορεύων
2977 5428 3180 5495 σαφῶς,
3199 5428 3480 5490 δικασταῖς
3510 5423 3803 5496 ὀργιζομέ-

2209 5539 2317 5584 νοις
2350 5523 2804 5593 ἀπολογούμενος·
2852 5522 3136 5593 Ἐϐραίους
3171 5522 3380 5591 ἐνάγων
3418 5522 3497 5584 είς
3534 5517 3636 5601 την
3668 5517 3794 5570 ἐπί-
