4090 6146
316 282 428 339 295

313 495 668 565 γραμμάτιον
688 512 704 527 ·
734 496 1002 566 ’Έλληνας
1034 501 1148 563 τοῖς
1176 498 1373 564 ἔξωθεν
1405 498 1672 551 δυσωπῶν
1701 498 1902 565 λόγοις,

315 588 412 641 καὶ
440 589 556 649 τοῖς
589 585 863 657 ἀγράφοις
895 587 1081 658 νόμοις
1121 589 1220 661 τῆς
1257 589 1501 657 φύσεως·
1547 589 1906 659 Χριστιανοὺς

316 677 576 749 βεϐαιῶνο
608 678 985 749 προσηλύτοος
1026 680 1346 750 οἰκοδομῶν,
1390 679 1485 735 καὶ
1532 680 1746 751 τρέφων
1792 682 1907 743 τοῖς

316 771 656 843 προσφόροις
681 772 1030 842 διδάγμασιν,
1057 773 1133 836 ὡς
1161 774 1479 845 φυτουργοὶε
1500 773 1569 827 τά
1600 774 1770 845 νεαρὰ
1798 773 1907 828 τῶν

317 864 523 934 φυτῶν,
568 867 635 936 τῇ
681 865 981 937 συμμέτρῳ
1033 866 1128 919 καὶ
1172 866 1512 938 πεφεισμένῃ
1546 866 1653 919 τῶν
1699 866 1906 920 ὑδάτων

317 956 575 1027 ἑπιρροῇ.
613 956 681 1007 ὐ
721 955 779 1008 δὲ
827 956 1061 1025 μάλιστα
1101 956 1375 1010 δείκνυσιν
1417 957 1583 1011 αὐτοῦ
1615 958 1715 1029 τὴν
1742 961 1801 1013 ὲν
1826 958 1908 1012 λό-

316 1064 437 1115 γοις
470 1047 642 1117 ἰσχὺν,
676 1046 1109 1116 καταμάθωμεν.
1555 1032 1561 1039 ’

401 1137 646 1207 Ἀθῆναι,
681 1137 837 1200 πόλις
883 1139 1032 1190 ἐστὶν
1069 1139 1461 1211 προκαθημένη
1508 1140 1605 1211 τῆς
1663 1142 1921 1217 Ἀχαΐας,-

316 1230 475 1283 ἑστία
518 1230 711 1298 λόγων,
763 1229 839 1292 ὡς
893 1230 1155 1300 προεῖπον
1199 1229 1368 1300 αὐτὴν
1415 1233 1464 1283 οί
1507 1231 1902 1302 εὐφημοῦντες,

318 1322 501 1391 σοφῶν
525 1321 737 1392 ἀνδρῶν
766 1320 861 1373 καὶ
885 1320 995 1373 τῶν
1027 1323 1082 1373 ἐν
1110 1321 1288 1390 λόγοις
1318 1321 1536 1386 ζώντων
1564 1322 1794 1376 παλαιὸν
1813 1316 1905 1395 ἐρ⁴

316 1414 636 1484 γαστήριον.
682 1413 834 1466 Ἐπεὶ
853 1414 1032 1467 τοίνυν
1053 1415 1081 1467 ὁ
1108 1412 1313 1477 Παῦλος
1341 1412 1403 1466 τὸ
1441 1413 1733 1485 Ἰλλυρικὸν
1759 1415 1904 1468 ἅπαν

314 1507 650 1578 διαδραμὼν,
682 1507 776 1561 καὶ
806 1506 1083 1577 πανταχοῦ
1116 1507 1278 1580 ῥίψας
1304 1507 1431 1571 τοὺς
1460 1508 1764 1579 σπινθῆρας
1805 1510 1905 1580 τῆς

316 1599 575 1663 πίστεως,
608 1598 704 1663 οὒς
742 1600 802 1653 τὸ
831 1598 1058 1671 Πνεῦμα
1095 1598 1428 1669 παραλαϐὼν
1462 1601 1782 1673 ἀνερρίπιζε
1811 1604 1905 1656 καὶ

221 1681 226 1686 ’
315 1690 626 1755 ἀσϐέστους
651 1692 856 1763 ἐτήρει,
878 1686 1011 1762 ἦλθε
1032 1691 1182 1745 κατά
1206 1692 1307 1763 τὴν
1335 1693 1524 1764 χρείαν
1539 1694 1637 1764 τῆς
1653 1694 1902 1766 περιόδου

315 1781 413 1835 καὶ
439 1782 577 1853 πρὸς
600 1782 725 1845 τοὺς
754 1782 949 1852 σοφοὺς
984 1783 1318 1854 Ἀθηναίους.
1348 1786 1587 1857 Πρᾶγμα
1609 1782 1679 1858 ἦν
1701 1787 1904 1856 πολλῆς

319 1872 594 1943 μερίμνης
637 1872 808 1937 ἄξιον,
858 1873 975 1938 πῶς
1013 1874 1078 1927 ἂν
1122 1878 1151 1928 ὁ
1197 1877 1575 1947 σκηνορράφος
1612 1880 1738 1943 τοὺς
1776 1883 1906 1950 περὶ

315 1964 454 2017 θεοῦ
506 1965 697 2033 λόγους
742 1966 983 2030 ,ἐκείνοις
1028 1967 1485 2039 δημηγορήσειεν,
1533 1972 1646 2034 τοῖς
1694 1971 1904 2038 ἀξιοῦσι

315 2055 462 2109 κατά
492 2056 741 2109 παιδείαν
769 2058 987 2111 πάντων
1014 2056 1130 2127 ἅμα
1162 2057 1465 2128 βασιλεύειν
1489 2058 1812 2132 ἀνθρώπων.
1846 2062 1905 2115 ⁸0

313 2148 373 2201 δὲ
414 2148 638 2218 μεγέθει
679 2148 917 2218 φύσεως,
964 2150 1059 2202 καὶ
1088 2148 1301 2220 πλούτῳ
1324 2149 1424 2221 τῆς
1456 2150 1661 2204 ἄνωθεν
1697 2151 1906 2223 δωρεᾶς

315 2238 706 2309 ἐπαιρόμενος,
733 2240 833 2310 οὐχ
869 2240 966 2292 ἕνα
1002 2239 1111 2293 τῶν
1135 2242 1450 2310 ὑποστέγων
1474 2243 1652 2313 δόμων
1678 2244 1907 2298 κατέλα-

315 2329 434 2397 ϐεν,
487 2330 613 2384 οὐδὲ
665 2331 751 2401 ἐφ’
790 2331 1314 2404 ὲνὸςὲργαστηρίου
1363 2334 1613 2401 καθίσας,
1669 2336 1905 2402 διάλεξιν

317 2424 639 2495 ἐποιήσατο,
678 2425 754 2488 ώς
781 2424 1042 2479 εἰώθεσαν
1076 2425 1169 2479 καὶ
1196 2428 1245 2478 οἱ
1275 2426 1480 2497 πρῶτοι
1506 2427 1612 2480 τῶν
1638 2429 1767 2500 παρ’
1806 2431 1905 2482 αὐ-

315 2517 432 2579 τοῖς
489 2515 795 2584 φιλοσόφων
852 2519 1089 2571 συνεῖναι
1134 2521 1248 2582 τοῖς
1292 2519 1683 2589 πλησιάζουσιν
1705 2538 1717 2551 ·
1770 2520 1906 2574 ἀλλά

318 2605 459 2677 πρὸς
498 2606 591 2658 τὸν
620 2608 838 2678 Ἀρειον
874 2606 1048 2676 πάγον
1089 2606 1441 2679 ἀναδραμὼν,
1471 2608 1600 2661 ἔνθα
1640 2605 1708 2680 ἦν
1743 2609 1906 2682 βουλὴ

316 2696 534 2769 σκληρά
563 2696 659 2750 καὶ
693 2697 973 2767 ἐπίφοϐος,
1003 2702 1123 2762 ταῖς
1150 2702 1397 2768 φονικαῖς
1430 2700 1608 2763 δίκαις
1655 2700 1908 2766 δικάζου-

317 2804 407 2841 σα·
441 2788 619 2860 εὑρὼν
655 2787 712 2841 δὲ
749 2788 950 2860 πλῆθος
976 2791 1095 2843 ἐκεῖ
1128 2790 1538 2860 συνειλεγμένον
1576 2791 1735 2855 πολὺ,
1775 2790 1905 2857 στὰς

316 2875 654 2947 ἐδημηγόρει
714 2878 854 2948 ὑπὲρ
902 2878 1028 2939 τοὺς
1069 2877 1264 2941 ἐθάδας
1310 2880 1567 2950 ῥήτορας,
1615 2879 1741 2943 τοὺς
1782 2879 1903 2934 καθ’

316 2968 534 3041 ἡμέραν
578 2969 709 3041 παρ’
746 2969 926 3033 αὐτοῖς
967 2969 1422 3040 ἀγωνιζομένους.
1460 2969 1656 3026 Λαϐὼν
1703 2971 1761 3024 δὲ
1805 2971 1906 3043 τὴν

1192 282 1473 338 "OMILIA
1515 283 1646 339 Vlll.
1690 284 1759 338 IN
1795 283 1896 341 SS.
1941 283 2226 341 PETRUM
2266 285 2352 339 ET
2390 284 2705 342 P.\ULUM.

313 420 521 471 γνωσιν
543 402 638 455 τοῦ
663 404 922 474 Χριστοῦ,
951 405 1038 458 διὰ
1073 406 1178 459 τῶν
1209 407 1338 478 παρ’
1374 407 1557 469 αὐτοῖς
1581 405 1906 476 τιμωμένων

2010 421 2101 458 (‘os
2129 406 2366 460 externis
2397 420 2460 460 ac
2493 405 2732 474 profanis
2763 405 3021 461 doctrinis
3064 401 3368 466 inﬂectens,
3392 420 3454 457 ac
3487 421 3588 460 na-
3694 463 3708 476 ,

3484 290 3593 346 294

2013 506 2148 549 tura:
2176 496 2384 565 legibus
2416 511 2520 550 nou
2557 496 2796 565 scriptis,
2849 497 3180 551 conﬁrmans
3230 492 3588 559 Christianos,

2007 587 2313 658 proselytas
2359 599 2415 643 et
2471 587 2563 657 qui
2623 588 2745 643 lldei
2802 587 3169 644 accessissent
3204 585 3498 648 aediﬁcans,
3527 601 3592 640 ac

2009 678 2264 748 congruis
2293 678 2555 733 doctrinis
2585 678 2757 743 alens,
2787 679 2863 731 uti
2921 689 3130 732 satores
3182 675 3419 731 nuvellas
3442 678 3591 745 plan-

2012 780 2115 836 tas,
2152 766 2435 826 moderato
2483 787 2545 827 ac
2581 771 2847 840 castigato
2878 786 3140 839 aquarum
3177 770 3378 824 inlluxu
3410 770 3594 824 fovent

2008 879 2072 918 ac
2094 872 2363 919 recreant.
2418 863 2568 930 Quod
2610 878 2739 917 vero
2790 861 2909 928 ejus
2964 863 3195 917 maxime
3219 861 3329 915 vim
3377 860 3591 918 dicendi

2007 953 2273 1019 ostendit,
2301 952 2354 1007 id
2386 968 2514 1008 vero
2538 952 2927 1021 perdiscamus.

2076 1136 2326 1201 Atheuae,
2353 1135 2483 1189 urbs
2528 1144 2611 1191 est
2637 1128 2856 1189 Achaiae
2886 1134 3168 1203 primaria,
3218 1136 3588 1191 doctrinarum

2009 1230 2182 1291 sedes,
2223 1229 2298 1281 uti
2352 1228 2481 1283 olim
2534 1227 2870 1282 laudatorum
2924 1242 3022 1281 ore
3065 1228 3261 1283 meruit
3307 1228 3591 1291 celebrari,

2012 1319 2250 1372 virorum
2276 1320 2603 1387 sapientum,
2636 1334 2701 1373 ac
2724 1318 3028 1373 litterarum
3082 1318 3369 1373 colentium
3392 1320 3587 1378 studia.

2007 1413 2226 1483 antiqua
2252 1413 2488 1468 oliicina.
2524 1412 2660 1479 Quia
2707 1427 2838 1483 ergo
2869 1412 3068 1467 Paulus
3105 1422 3274 1467 totum
3319 1411 3588 1483 Illyricum

2005 1517 2354 1571 percurrens,
2409 1517 2475 1556 ac
2534 1501 2736 1571 ubique
2791 1516 3054 1571 spargens
3112 1502 3384 1559 scintillas
3443 1503 3588 1567 ﬁdei,

2007 1609 2147 1664 quas
2184 1609 2386 1663 auspex
2418 1592 2653 1663 Spiritus
2693 1595 2967 1649 excitabat
2998 1594 3063 1660 “,
3096 1596 3351 1665 vivasque
3378 1609 3592 1665 semper

2009 1687 2300 1751 servabat,
2346 1687 2665 1741 necessario
2697 1687 2926 1741 circuitu
2977 1686 3043 1739 ad
3074 1686 3347 1755 sapientes
3373 1701 3592 1756 quoque

1939 1759 1981 1818 Β
2009 1779 2368 1835 Athenienses
2400 1789 2623 1836 venerat
2647 1798 2660 1833 :
2690 1793 2777 1835 res
2803 1790 2920 1834 erat
2948 1780 3111 1835 multa
3138 1781 3303 1850 digna
3332 1780 3591 1836 sollicitu—

2010 1872 2133 1925 dine
2169 1889 2184 1927 :
2222 1886 2327 1941 qna
2352 1887 2481 1927 vero
2508 1873 2718 1927 ratione
2748 1873 3012 1928 coriarius
3034 1873 3214 1938 homo,
3246 1887 3348 1942 pro
3369 1875 3589 1928 concio-

2011 1975 2078 2015 ne
2120 1962 2187 2015 de
2242 1963 2353 2017 Deo
2407 1965 2547 2032 apud
2585 1977 2681 2017 eos
2714 1975 2969 2018 oraturus
3005 1973 3169 2028 esset,
3217 1964 3308 2032 qui
3337 1964 3592 2020 universo

2010 2053 2170 2107 simul
2205 2053 2441 2107 humano
2469 2056 2677 2124 generi,
2709 2066 2768 2111 ut
2826 2057 3186 2110 eruditionem
3217 2065 3449 2126 spectes,
3495 2057 3591 2112 do-

2011 2148 2204 2200 minari
2238 2147 2444 2202 vellent
2471 2147 2495 2200 ?
2519 2147 2609 2201 llle
2660 2147 3008 2203 nihilominus
3031 2148 3195 2202 animi
3224 2163 3289 2203 ac
3309 2148 3450 2218 genii
3479 2163 3591 2203 ma-

2008 2238 2309 2308 gnitudine,
2340 2234 2671 2309 supernique
2688 2240 2812 2295 doni
2841 2240 3015 2295 fretus
3040 2240 3268 2307 divitiis,
3293 2255 3397 2295 non
3427 2255 3587 2294 unam
3644 2228 3651 2236 ’

2009 2331 2246 2400 aliquam
2313 2333 2469 2401 petiit
2509 2333 2952 2402 snbtegulaneam
3009 2334 3252 2395 domum,
3311 2341 3471 2386 autve
3534 2332 3590 2387 in

2009 2426 2241 2491 quadam
2272 2423 2483 2480 ollieina
2521 2424 2736 2489 sedens,
2784 2424 3059 2493 disputare
3104 2424 3292 2493 coepit,
3321 2424 3592 2491 quomodo

2011 2518 2175 2571 etiam
2212 2517 2370 2585 primi
2407 2531 2470 2570 ac
2518 2516 2771 2585 praecipui
2820 2518 2959 2585 apud
2981 2530 3074 2570 eos
3098 2516 3428 2584 philosophi,
3467 2530 3590 2568 cuum

2010 2608 2097 2672 iis,
2142 2604 2231 2677 qui
2264 2608 2545 2678 propiores
2605 2607 2846 2672 adibant,
2887 2620 3250 2660 consuescere
3310 2605 3588 2670 solebant;

2008 2702 2102 2755 sed
2124 2702 2189 2754 ad
2224 2697 2427 2769 ipsnm‘
2459 2700 2799 2769 Areopagum
2853 2713 3171 2762 excurrens,
3222 2698 3312 2752 ubi
3370 2713 3592 2753 severus

2009 2794 2228 2861 quidam
2258 2808 2321 2847 ac
2339 2792 2703 2848 termidabilis
2733 2802 2972 2855 senatus,
2999 2791 3254 2860 capitales
3288 2805 3480 2845 causas
3506 2790 3589 2861 ju-

2010 2885 2218 2951 dicans,
2246 2885 2490 2949 sedebat,
2543 2886 2870 2953 inventaque
2902 2878 3032 2952 ,illie
3090 2883 3317 2937 collecta
3370 2880 3591 2952 copiosa

2009 2976 2354 3032 multitudine
2384 2986 2561 3041 stans,
2594 2975 2809 3046 publica
2850 2974 3121 3028 concione
3148 2980 3439 3026 consuetos
3468 2986 3585 3026 ora-

317 3060 497 3130 ἀρχὴν
549 3058 610 3122 ἐξ
649 3060 1093 3130 ἐπιγράμματος,
1147 3060 1285 3131 ὅπερ
1316 3056 1383 3131 ἦν
1429 3061 1903 3139 ἐγκεκολαμμένον

2012 3078 2155 3123 tores
2188 3069 2463 3135 vincebat,
2483 3082 2712 3139 quorum
2749 3067 2887 3136 apud
2938 3081 3032 3121 eos
3060 3066 3381 3134 eloquentiae
3411 3074 3586 3119 certa-

319 3151 514 3223 βωμῷ,
574 3151 829 3205 κάκεῖθεν
885 3153 1070 3214 αὐτοῖς
1134 3152 1461 3224 εὐαφόρμως
1506 3136 1598 3206 τὸν
1632 3153 1906 3221 ἄγνωστον

321 3242 689 3311 καταγγείλας
724 3242 879 3306 Θεὸν,
926 3244 1022 3297 καὶ
1054 3242 1346 3315 σύμπαντα
1398 3243 1658 3312 τὸνλόγον
1709 3261 1771 3296 συ
1779 3262 1909 3315 μπε-

318 3335 662 3407 ρανάμενος,
697 3334 951 3389 τοσοῦτον
1014 3335 1222 3406 ἀπέσχε
1280 3334 1375 3388 τοῦ
1438 3335 1514 3399 ώς
1555 3333 1770 3406 ἰδιώτης
1807 3337 1907 3406 τῆς

314 3424 519 3491 ἔξωθεν
553 3426 747 3494 σοφίας
780 3425 1104 3497 διαμαρτεῖν
1129 3442 1182 3477 τι
1208 3426 1336 3496 περὶ
1372 3426 1499 3488 τοὺς
1522 3422 1732 3493 λόγους,
1766 3423 1907 3478 ὥστε

315 3518 407 3569 τὸν
434 3520 734 3589 κορυφαῖον
764 3518 874 3571 τῶν
917 3517 1320 3588 Ἀρεοπαγιτῶν
1346 3516 1435 3570 τὸν
1462 3516 1757 3580 Διονύσιον,
1792 3516 1908 3587 ἅμα

318 3609 422 3679 μὲν
468 3612 535 3680 τῇ
574 3609 796 3678 γυναικὶ
825 3608 1019 3672 πείσας
1051 3608 1372 3679 μετέστησε,
1401 3609 1494 3663 καὶ
1528 3608 1622 3661 τοῦ
1668 3607 1906 3680 Χριστοῦ

317 3701 617 3772 εἰργάσατο
648 3700 857 3764 δοῦλον,
900 3700 958 3768 ἐξ
1001 3701 1117 3764 ἑνὸς
1161 3700 1371 3772 βωμοῦ,
1422 3702 1515 3755 καὶ
1559 3702 1758 3773 μικροῦ
1789 3703 1908 3756 ἑπι-

319 3793 671 3864 γράμματος,
710 3792 921 3846 πολλῶν
949 3794 1267 3863 ἀποστήσας
1302 3792 1521 3864 βωμῶν.

385 4055 679 4110 Κατελθὼν
740 4055 799 4109 δὲ
863 4054 1090 4126 νικητὴς
1159 4052 1408 4119 ἐκεῖθεν,
1478 4054 1607 4109 ἔνθα
1674 4055 1907 4126 μάλιστα

316 4150 504 4219 ἴσχυεν
524 4148 554 4199 ὁ
581 4147 878 4219 πολεμικὸς
909 4146 1020 4200 τῶν
1065 4145 1331 4219 Ἑλλήνων
1358 4145 1586 4217 δαίμων,
1616 4147 1825 4201 ἐκεῖθεν
1852 4147 1910 4201 δὲ,

319 4240 564 4311 μεταϐὰς
590 4241 730 4310 πρὸς
752 4240 852 4310 τὴν
880 4239 1100 4309 γείτονα
1120 4239 1276 4293 πόλιν
1299 4239 1397 4310 τὴν
1425 4237 1711 4311 Κόρινθον,
1745 4235 1908 4293 οὖσαν
1932 4298 1936 4302 θ

312 4333 418 4403 τῆς
460 4333 685 4402 Ἀχαΐας
708 4331 1063 4403 μητρόπολιν,
1097 4331 1194 4385 καὶ
1243 4329 1484 4402 λαλήσας
1532 4332 1589 4383 ὲν
1632 4333 1754 4394 ταῖς
1783 4347 1910 4383 συν-

2012 3161 2156 3214 mina
2208 3159 2449 3229 quotidie
2501 3168 2677 3212 erant.
2739 3157 2910 3211 Ducto
2942 3165 3120 3209 autem
3155 3155 3381 3209 exordio
3409 3155 3477 3207 ab
3506 3155 3588 3207 in-

2009 3251 2328 3323 scriptione,
2359 3265 2479 3319 qua:
2505 3250 2659 3304 altari
2697 3248 2963 3315 insculpta
2996 3256 3135 3311 erat,
3171 3244 3396 3314 ejusque
3429 3260 3590 3299 oeca-

2009 3345 2163 3398 sione
2195 3344 2438 3413 ignotum
2469 3342 2550 3396 eis
2583 3340 2749 3394 Deum
2794 3348 3093 3407 opportune
3149 3336 3509 3411 annuntians,
3530 3351 3591 3391 ac

2009 3438 2226 3490 demum
2264 3442 2374 3488 tota
2438 3431 2682 3487 absoluta
2738 3431 3005 3496 oratione,
3061 3438 3268 3482 tantum
3326 3427 3479 3481 abest
3534 3438 3591 3480 at

2011 3529 2173 3581 idiota
2205 3526 2293 3582 ille
2321 3541 2386 3581 ac
2415 3527 2583 3589 rudis,
2613 3525 2764 3594 quod
2817 3524 2884 3577 ad
2934 3531 3213 3577 externam
3266 3521 3588 3590 sapientiam

2009 3628 2235 3687 spectat,
2260 3617 2460 3689 aliquid
2528 3616 2758 3673 dicendo
2806 3614 3134 3684 peccaverit,
3169 3613 3409 3667 utetiam
3436 3627 3591 3668 sena-

2011 3724 2095 3765 ttts
2125 3712 2386 3781 ejusmodi
2411 3709 2709 3779 principem
2761 3707 3098 3783 Dionysium,
3137 3720 3247 3759 una
3278 3721 3401 3760 cum
3424 3721 3594 3760 uxore

2015 3801 2179 3857 uictis
2205 3801 2641 3871 acquiescentem
2677 3800 3032 3863 converterit,
3060 3814 3125 3853 ac
3144 3798 3347 3853 Christi
3372 3814 3589 3853 servum

2008 3891 2354 3960 eﬂ'ecerit,jab
2381 3902 2486 3946 uno
2503 3891 2659 3946 altari
2685 3906 2750 3945 ac
2772 3905 2934 3959 parva
2959 3891 3192 3961 quadam
3221 3890 3590 3959 inscriptione,

1958 4035 1967 4044 .
2013 4002 2041 4038 a
2079 3984 2376 4039 multorum
2407 3982 2669 4052 religione
2695 3982 3243 4036 altariumavertens.

2078 4076 2209 4130 Inde
2237 4090 2369 4130 vero
2403 4075 2579 4130 victor
2629 4074 2864 4137 rediens,
2913 4073 3004 4128 ubi
3036 4074 3270 4126 maxime
3300 4071 3452 4126 fortis
3475 4080 3591 4126 erat

2009 4167 2238 4222 bellicus
2291 4166 2573 4237 gentilium
2639 4167 2870 4225 daemon.
2898 4179 2961 4218 ac
2992 4164 3115 4219 inde
3141 4164 3207 4216 ad
3236 4163 3467 4216 vicinam
3499 4177 3591 4216 ur-

2011 4261 2131 4314 bem
2156 4260 2475 4315 Corinthum
2535 4257 2826 4319 transiens,
2860 4255 3077 4309 Achaiae
3113 4254 3472 4322 metropolim,
3514 4253 3591 4305 lo-

2010 4366 2288 4422 quensque
2324 4353 2378 4405 in
2432 4349 2725 4421 synagogis
2766 4347 3067 4402 doctrinam
3113 4344 3427 4411 salutarem,
3459 4346 3592 4400 abiit

312 4424 568 4490 ἀγωγαῖς
592 4420 655 4475 τὸ
686 4423 952 4494 σωτήριον
973 4422 1230 4493 δίδαγμα,
1254 4420 1426 4492 ῷχετο
1454 4420 1605 4489 ἄγων
1633 4422 1906 4493 προσήλυ-

2012 4420 2264 4512 adjuncto
2306 4420 2475 4509 σαεξ(
2511 4457 2615 4495 non
2657 4456 2763 4494 uno
2796 4439 2977 4507 aliquo
3019 4451 3048 4491 e
3083 4437 3285 4502 multis,
3321 4451 3417 4491 seu
3447 4437 3587 4507 vulgi

312 4531 428 4576 τον,
462 4513 564 4584 οὐχ
588 4513 688 4566 ἕνα
718 4513 827 4566 τῶν
860 4513 1093 4577 πολλῶν,
1117 4515 1238 4568 οὐδὲ
1272 4515 1379 4567 τῶν
1404 4516 1788 4586 ἐπιτυχόντων,
1814 4517 1909 4571 ἀλ-

312 4603 384 4656 λά
416 4605 581 4657 αὐτὸν
605 4604 699 4657 τὸν
729 4605 1197 4683 ἀρχισυνάγωγον,
1224 4609 1367 4678 μετᾶ
1395 4607 1491 4661 τοῦ
1526 4609 1728 4673 παντὸς
1756 4610 1908 4682 πλή-

318 4697 448 4760 θους
467 4697 569 4767 τῆς
590 4697 789 4763 οίκίας·
818 4698 912 4752 καί¹
932 4701 1172 4767 νικήσας
1206 4699 1315 4753 ἀπὸ
1337 4702 1581 4772 κορυφῆς
1603 4702 1693 4755 τὸν
1718 4702 1903 4773 νόμον,

318 4788 415 4841 καὶ
446 4788 758 4859 μεγαλύνας
783 4791 875 4843 τὸν
904 4791 1155 4862 σταυρὸν,
1191 4791 1267 4855 ὡς
1296 4792 1498 4863 ὑψηλὸν
1517 4794 1795 4865 τρόπαιον,
1823 4795 1905 4847 οῦ·

318 4897 398 4932 τω
432 4882 698 4952 κάκείνην
731 4882 914 4951 ἀφῆκε
942 4883 1041 4956 τὴν
1070 4884 1244 4948 πόλιν,
1277 4885 1355 4956 τῷ
1379 4870 1598 4956 Χριστῷ
1626 4887 1905 4957 ὑποκύψα-

321 4990 441 5027 σαν.
470 4974 578 5027 Τοῦ
605 4975 663 5028 δὲ
689 4976 883 5047 χρόνου
914 4977 1215 5048 προϊόντος,
1246 4979 1340 5032 καὶ
1367 4978 1461 5032 τοῦ
1496 4977 1655 5047 λόγου
1683 4979 1782 5050 τῆς
1807 4981 1915 5032 εὐ-

321 5066 540 5131 σεϐείας
566 5069 1027 5139 προσκόπτοντος,
1059 5069 1249 5141 ὥσπερ
1280 5088 1366 5134 τις
1397 5071 1700 5143 στρατηγὸς
1738 5071 1910 5124 διετέ-

315 5158 420 5211 λειο
455 5158 881 5231 προσκτώμενος
919 5160 999 5230 τῷ
1050 5161 1262 5231 βασιλεῖ
1295 5162 1419 5216 καθ’
1449 5163 1662 5234 ἡμέραν
1704 5164 1908 5230 πόλεις,

316 5249 535 5321 κώμας,
566 5251 793 5322 ἀγροὺς,
834 5251 1159 5306 ὁποκόπτων
1196 5254 1266 5308 τά
1300 5254 1467 5327 νεῦρα
1516 5257 1609 5309 τοῦ
1645 5257 1911 5329 πρότερον

312 5343 651 5416 κρατοῦντος
677 5346 966 5415 τυράννου.

380 5435 675 5508 Μετῆλθεν
704 5432 799 5490 οῦν
833 5440 897 5491 ὲκ
928 5438 1193 5512 Κορίνθου
1229 5440 1365 5512 πρὸς
1393 5440 1492 5513 τὴν
1536 5441 1644 5496 τῶν
1676 5443 1909 5496 Πισίδων

307 5524 525 5603 χώραν,
558 5522 681 5581 εἶτα
704 5528 807 5598 τὴν
833 5528 1138 5583 Λυκαονίαν
1167 5530 1257 5583 καὶ
1280 5529 1382 5594 τὰς
1409 5532 1508 5602 τῆς
1539 5532 1777 5603 Φρυγίας
1806 5534 1905 5586 πό-

392 5724 575 5783 u'Aet.
605 5743 741 5794 xvu,
774 5729 842 5784 16
867 5746 1019 5801 seqq.
1101 5731 1146 5762 ¹⁸
1168 5732 1288 5786 Act.
1321 5747 1472 5817 xrm,
1505 5731 1556 5785 8.

2015 4536 2264 4602 homine,
2296 4550 2484 4588 verum
2539 4532 2778 4603 principe
2839 4531 2953 4600 ipso
2983 4529 3282 4601 Synagoga:
3324 4544 3446 4583 cum
3480 4539 3587 4582 tota

2014 4627 2269 4690 domo“,
2329 4638 2490 4688 atque
2547 4639 2575 4677 a
2617 4622 2819 4677 vertice
2873 4620 3001 4689 legis
3059 4620 3251 4683 vietor,
3321 4633 3591 4688 eruceque

2012 4716 2249 4779 sublimi,
2288 4715 2462 4769 instar
2505 4712 2688 4781 tropaei
2731 4711 3020 4782 magnifice
3069 4711 3230 4773 elata,
3267 4709 3345 4763 sic
3377 4722 3591 4778 quoque

2012 4808 2154 4861 illam
2186 4806 2404 4877 reliquit
2427 4807 2696 4860 civitatem
2722 4803 2936 4859 Christo
2958 4818 3017 4858 se
3041 4802 3407 4857 inclinantem.
3432 4799 3592 4854 Tem-

2014 4900 2160 4969 poris
2196 4912 2377 4954 autem
2431 4913 2709 4969 processu,
2745 4912 2810 4953 ac
2833 4897 3051 4967 pietatis
3094 4910 3346 4950 sermone
3375 4908 3587 4963 promo-

2018 5003 2197 5059 vente,
2235 4994 2378 5049 velut
2413 4994 2518 5046 dux
2566 4992 2783 5062 quidam
2819 4989 3044 5044 eﬂ'eetus
3072 4997 3175 5050 est,
3229 4986 3339 5055 regi
3371 4985 3424 5038 in
3454 4984 3589 5047 dies,

2016 5088 2199 5151 urbes,
2229 5072 2446 5156 oppida,
2494 5101 2653 5156 agros
2706 5084 3020 5155 acquirens;
3088 5095 3282 5136 nervos
3331 5095 3396 5134 ac
3429 5078 3593 5134 robur

2014 5179 2164 5247 prius
2196 5178 2524 5232 dominantis
2551 5177 2765 5248 tyranni
2805 5176 3108 5231 succidens.

2082 5441 2216 5495 Tum
2267 5456 2396 5496 vero
2438 5440 2702 5497 Corintho
2755 5441 2973 5497 transiit
3026 5439 3322 5505 Pisidiam,
3362 5439 3588 5505 deinque

2009 5532 2333 5604 Lycaoniam
2367 5549 2429 5588 ac
2472 5533 2717 5603 Phrygia
2756 5535 2916 5587 urbes
2948 5541 3160 5601 petens,
3196 5544 3261 5585 ac
3288 5528 3410 5583 inde
3450 5525 3587 5579 invi-
