4070 6142
495 321 607 380 9.95

1767 310 1824 364 S.
1867 307 2136 363 ASTERII
2179 307 2484 363 AMASICNI

3654 311 3762 367 296

498 451 626 492 setis
657 435 870 496 Asiam,
901 429 1352 501 posttnodmnque
1401 424 1790 487 Macedoniam,
1839 441 2078 477 contum-

2199 441 2294 486 ιεις
2337 422 2680 490 καταλαϐὼν,
2728 423 2980 476 κάκεῖθεν
3015 422 3110 494 τὴν
3159 422 3343 476 Ἀσίαν
3389 425 3766 497 ἐπισκειξτάμε-

501 532 587 584 nis
629 535 749 584 erat
769 524 916 579 orbis
960 532 1226 578 terrarum
1260 523 1449 575 doctor
1479 533 1495 572 :
1527 533 1710 574 coram
1745 517 1960 586 quidem
1985 530 2080 584 po-

499 623 633 676 silos
662 633 912 672 sermone
943 615 1159 683 iuvans.
1196 615 1448 668 absentes
1473 625 1602 666 vero
1628 620 1952 666 convertens
1986 601 2085 678 per.

501 708 791 776 Epistolas.
825 707 984 762 Solus
1009 707 1097 760 ille
1127 715 1235 767 est,
1267 687 1422 772 cujus
1449 717 1721 773 nunquam
1754 717 1929 770 genua
1957 715 2080 754 cum

501 817 714 870 semper
754 801 855 854 iter
892 807 1074 866 ageret
1109 805 1237 850 sunt
1265 794 1497 860 lassata;
1531 809 1593 848 ac
1624 807 1722 847 nec
1757 792 1936 862 lingua
1973 799 2083 844 tor-

503 893 638 960 ptlll.
692 889 835 943 nulla
881 889 1066 957 requie
1105 888 1170 940 ad
1221 887 1404 940 hostes
1446 899 1512 938 ac
1559 887 1764 938 amicos
1811 879 2084 952 Evangelii

502 981 757 1052 mysteria
787 995 1070 1034 enat-rans.
1101 977 1180 1032 Ac
1231 977 1448 1046 quidem
1509 976 1630 1029 talis
1679 973 1878 1028 Paulus
1941 973 2084 1042 quod

507 1083 715 1144 spectat
745 1074 811 1126 ad
839 1072 1176 1137 doctrinam;
1211 1069 1352 1138 quod
1381 1077 1562 1122 autem
1605 1071 1672 1121 ad
1711 1067 1970 1136 reliquam
2007 1067 2086 1119 ri-

505 1175 574 1220 ta:
615 1163 1025 1234 pltiloSOphiam,
1064 1162 1240 1230 qualis
1290 1161 1464 1230 rogo?
1496 1160 1589 1229 qui
1631 1174 1845 1229 semper
1870 1158 2088 1228 iugiter-

503 1271 610 1326 que
651 1257 909 1310 doctrina:
947 1256 1216 1320 assiduus,
1265 1269 1328 1309 ac
1372 1251 1666 1322 Evangelio
1709 1251 1972 1314 serviens,
2021 1263 2087 1304 ne

505 1363 697 1418 panem
746 1347 961 1415 quidem
1017 1347 1084 1400 ab
1139 1346 1318 1414 aliquo
1373 1345 1542 1414 gratis
1595 1342 1868 1398 referebat
1901 1357 1916 1409 ;
1955 1341 2084 1410 quin

507 1441 738 1496 interdiu
783 1441 998 1510 quidem
1045 1440 1304 1493 adversus
1343 1445 1630 1491 sexcentos
1675 1437 1854 1489 hostes
1903 1444 2083 1489 certa-

507 1548 628 1587 men
659 1534 906 1595 habebat,
943 1536 1102 1584 “noctu
1141 1545 1290 1596 vero,
1335 1528 1674 1597 scalpellum,
1709 1526 2002 1596 pellcsque,
2025 1540 2088 1578 ac

507 1625 640 1678 artis
693 1627 944 1677 versabat
999 1637 1157 1690 opus,
1209 1630 1266 1674 ut
1321 1634 1592 1673 annonam
1651 1618 1774 1672 inde
1843 1632 1909 1671 ac
1963 1616 2086 1669 vita:

506 1722 866 1766 commeatum
917 1720 1154 1780 pararet,
1209 1718 1266 1764 ut
1310 1709 1442 1764 nihil
1476 1723 1536 1763 se
1577 1722 1793 1777 gravem
1825 1705 2088 1776 praeberet

2183 532 2294 578 vo;,
2321 511 2440 567 εἶτα
2467 515 2566 586 τὴν
2597 514 2959 578 Μακεδονίαν,
2989 514 3168 578 κοινὸς
3190 511 3262 586 ἦν
3294 516 3396 586 τῆς
3439 517 3765 596 οἰκουμένης

2183 601 2520 668 διδάσκαλος,
2562 605 2690 668 τοὺς
2731 605 2828 676 μὲν
2859 605 3170 676 ὁρωμένους
3197 606 3306 659 ἀπὸ
3337 604 3584 676 γλώττης
3621 607 3769 678 ὠφε-

2183 694 2312 758 λῶν,
2344 697 2470 758 τοὺς
2507 694 2564 748 δέ
2606 695 2842 758 ἀπόντας
2878 694 2966 748 διὰ
2999 695 3109 748 τῶν
3149 696 3449 750 ἐπιστολῶν
3509 698 3765 771 ἐπιστρέ-

2187 803 2319 856 φωνο
2370 787 2532 858 μόνου
2567 787 2624 840 δὲ
2666 787 2897 850 ἐκείνου,
2929 787 2991 840 ού
3019 787 3148 856 γόνυ
3175 788 3412 859 ἔκαμνεν
3446 789 3631 843 ὁδεῦον
3656 792 3764 855 ἀεὶ,

2185 881 2246 934 ού
2279 881 2493 949 γλῶττα
2525 881 2748 952 ἐνάρκα.
2786 881 2923 954 πρὸς
2954 879 3183 952 ἐχθροὺς
3215 883 3309 935 καλ⁸
3329 883 3520 953 φίλους
3550 883 3768 937 ἀνελλι-

2187 973 2304 1035 πῶς
2335 971 2608 1037 διεξιοῦσα
2645 971 2740 1026 τοῦ
2773 973 3105 1042 Εύαγγελίου
3135 975 3428 1047 μυστήρια.
3482 976 3642 1032 Ἀλλά
3667 978 3768 1052 τὴν

2191 1066 2287 1136 μὲν
2319 1064 2666 1118 διδασκαλίαν
2706 1064 2966 1129 τοιοῦτος⁹
2999 1066 3098 1138 τὴν
3124 1066 3180 1120 δὲ
3209 1066 3374 1139 ἄλλην
3398 1067 3491 1122 τοῦ
3528 1068 3644 1140 βίου
3676 1087 3767 1138 φι-

2187 1157 2463 1227 λοσοφίαν,
2491 1151 2604 1219 οἷος
2629 1155 2948 1228 ἀνθρωποςς
2993 1158 3104 1210 Ἀεὶ
3129 1159 3224 1212 καὶ
3254 1161 3494 1230 συνεχῶς
3525 1161 3603 1232 τῷ
3627 1161 3770 1232 λόγῳ

2188 1247 2635 1320 προσκαρτερῶν,
2690 1248 2785 1301 καὶ
2831 1247 2910 1318 τῷ
2957 1249 3274 1322 Εύαγγελίῳ
3319 1251 3606 1316 δουλεύων,
3649 1252 3771 1307 οὐδὲ

2187 1341 2353 1408 ἄρτου
2381 1341 2590 1411 δωρεὰν
2625 1341 2776 1413 ποιρά
2800 1357 2945 1404 τινος
2969 1342 3272 1412 ἐκομίζετο
3307 1343 3422 1397 ἀλλ’
3453 1345 3636 1417 ἡμέρα
3671 1345 3772 1416 μὲν

2187 1429 2299 1501 εἶχε
2350 1431 2440 1484 τὸν
2485 1431 2672 1500 ἀγῶνα
2709 1431 2802 1484 τὸν
2853 1432 2986 1504 πρὸς
3025 1433 3251 1504 μυρίους
3299 1436 3544 1508 ἐχθροὺς,
3578 1438 3677 1503 νὺξ
3714 1439 3772 1494 δὲ

2187 1524 2284 1594 τὴν
2314 1524 2530 1595 σμίλην,
2585 1525 2676 1578 καὶ
2714 1523 2782 1577 τὰ
2815 1527 3010 1596 σκύτη,
3053 1527 3146 1580 καὶ
3185 1527 3284 1596 τὴν
3317 1528 3425 1582 ἀπὸ
3453 1531 3551 1600 τῆς
3575 1530 3772 1602 τέχνης

2190 1616 2475 1686 ἐργασίαν*
2519 1615 2584 1668 ἵν’
2611 1616 2818 1668 ἐκεῖθεν
2855 1615 2955 1688 ἔχῃ
2989 1616 3080 1669 τὸν
3113 1619 3476 1689 ἐπισιτισμὸν,
3515 1621 3772 1692 φαίνηται

2187 1705 2244 1757 δὲ
2267 1707 2434 1758 πᾶσιν
2467 1705 2778 1777 ἀνεπαχθὴς
2805 1706 3119 1774 ἀπόστολος,
3153 1707 3426 1774 ἀδάπανος
3457 1710 3655 1782 κῆρυξ,
3681 1714 3775 1764 καὶ

506 1803 834 1874 apostolum,
864 1813 921 1854 ttt
947 1803 1356 1872 praedicatorem
1385 1799 1589 1867 alisque
1625 1808 1862 1868 sumptu,
1897 1798 1988 1866 qui
2017 1795 2080 1850 ad

2199 1794 2379 1866 μέχρις
2405 1794 2568 1866 ἄρτου
2595 1795 2704 1848 τῶν
2731 1795 3046 1862 ξενιζόντων
3070 1795 3410 1868 φειδόμενος.

509 1909 678 1966 usque
705 1910 896 1962 panem
939 1894 1239 1963 hospitibus
1285 1901 1551 1962 parceret.

587 1988 741 2042 Hunc
780 2001 878 2041 nos
920 1999 1250 2049 sermonem,
1291 1981 1624 2046 sacerdotes,
1655 1982 1961 2045 audiamus,
1995 1982 2086 2051 qui

512 2085 705 2140 nedum
739 2079 1156 2148 cumparticipes
1177 2089 1364 2130 sumus
1394 2075 1675 2140 altaribus,
1702 2089 1888 2128 verum
1923 2074 2087 2126 etiam

511 2177 581 2230 ab
608 2174 716 2227 illis
748 2171 940 2226 divites
968 2183 1176 2230 sumus,
1202 2182 1265 2220 ac
1289 2167 1341 2220 in
1371 2167 1580 2220 deliciis
1609 2167 1847 2234 agimus;
1876 2180 2091 2219 sacras-

453 2249 464 2261 ’
511 2281 617 2334 que
641 2262 948 2323 facultates,
980 2269 1218 2313 uestram
1253 2258 1492 2328 ipsorum
1531 2259 1929 2328 possessionem
1957 2254 2092 2309 faci-

513 2373 666 2422 mus;
693 2357 918 2426 quique,
949 2351 1152 2406 Christi
1184 2366 1347 2404 causa
1382 2348 1658 2416 subjectis,
1689 2359 1942 2417 tauquam
1975 2361 2092 2402 ser-

512 2448 595 2502 vis
624 2447 861 2517 graviter
900 2445 1266 2510 imperamus,
1317 2440 1459 2494 haud
1509 2439 1665 2509 plane
1704 2437 2088 2500 sacerdotium,

512 2538 810 2596 dominatio
839 2543 954 2600 est;
982 2534 1113 2602 quin
1143 2533 1339 2601 potius,
1375 2540 1431 2584 ιιι
1452 2529 1575 2600 quis
1604 2528 1889 2598 intelligat,
1919 2529 2092 2582 servi-

515 2641 622 2685 tus.
652 2626 766 2681 Non
795 2625 1148 2694 magistratus
1183 2622 1506 2676 auctoritate
1532 2621 1882 2676 decernentis
1915 2621 2094 2690 digiti-

515 2731 636 2784 tas,
686 2719 780 2774 sed
817 2700 1073 2776 modestae.
1111 2730 1176 2768 ac
1207 2715 1485 2781 castigatae
1521 2713 1942 2782 dispensationis
1988 2713 2090 2766 mi.

515 2812 787 2869 nistratio.
813 2809 1000 2864 Nonne
1027 2818 1347 2878 potestatem
1373 2805 1606 2859 habebat
1628 2804 1844 2858 divinus
1872 2804 2090 2872 Paulus,

517 2915 578 2960 ιιι
604 2919 670 2960 ex
707 2903 880 2958 sacris
926 2901 1280 2954 manducaret
1335 2897 1646 2966 biberetque
1697 2897 1773 2964 ¹⁶;
1819 2912 1882 2951 ac
1923 2901 2096 2950 moli-

518 3011 644 3052 eum
695 2995 826 3064 quid
877 2991 1129 3062 stipendii
1193 2989 1454 3053 laborum,
1510 2991 1578 3042 ad
1647 2989 1909 3059 corporis,
1953 2989 2093 3058 quod

518 3087 760 3158 quotidie
805 3085 1134 3146 credebatur,
1183 3081 1482 3137 fomentum
1521 3095 1586 3136 ac
1626 3097 1837 3146 curam,
1883 3081 2097 3150 accipe-

2261 1975 2461 2029 Τοῦτον
2489 1976 2578 2028 τὸν
2610 1975 2788 2044 λόγον,
2821 1980 3006 2049 ἱερεῖς,
3050 1979 3397 2051 ἀκούσωμεν,
3442 1984 3492 2034 oi
3526 1983 3600 2055 μὴ
3639 1999 3776 2054 συμ-

2194 2068 2537 2140 μεριζόμενοι
2593 2072 2705 2134 τοῖς
2767 2069 3173 2142 θυσιαστηρίοις
3227 2073 3422 2144 μόνον,
3488 2075 3625 2130 ἀλλὰ
3680 2076 3777 2130 καὶ

2191 2159 2549 2224 πλουτοῦντες
2577 2162 2672 2214 ἀπ’
2699 2161 2922 2216 ἐκείνων
2950 2163 3043 2216 καὶ
3071 2162 3407 2234 τρυφῶντες,
3437 2167 3530 2220 καὶ
3564 2166 3662 2238 τὴν
3695 2168 3772 2220 ίε-

2195 2253 2296 2326 ρὰν
2328 2254 2646 2325 περιουσίαν
2669 2253 2801 2306 ῖδιον
2828 2255 3012 2326 κτῆμα
3036 2255 3367 2328 ποιούμενοι,
3404 2259 3499 2312 καὶ
3531 2262 3644 2323 τοῖς
3673 2260 3780 2314 ὑπ-

2190 2351 2377 2418 ηκόοις
2397 2346 2484 2400 διὰ
2513 2345 2606 2398 τὸν
2635 2347 2872 2415 Χριστὸν
2898 2342 2986 2401 οἷα
3013 2348 3220 2414 δούλοις
3250 2351 3522 2422 φορτικῶς
3553 2352 3779 2407 ἐπιτάτ-

2193 2457 2396 2502 τοντες.
2428 2439 2542 2492 Ούκ
2581 2437 2727 2491 ἔστιν
2765 2439 3028 2518 ἱεροσύνη¹
3047 2440 3356 2504 δεσποτεία,
3402 2443 3537 2496 ἀλλὰ
3575 2443 3778 2515 μᾶλλον

2193 2530 2272 2600 τῷ
2303 2528 2536 2582 συνιέντι
2562 2529 2796 2583 δουλεία·
2828 2532 2929 2584 οὐκ
2955 2532 3280 2604 ἀρχοντικῆς
3305 2534 3590 2598 αὐθαδείας
3620 2535 3780 2602 ἀξίως

2198 2639 2296 2694 μα,
2353 2621 2468 2675 ἀλλ’
2531 2619 2794 2684 εύλαβοῦς
2847 2623 3162 2693 οἰκονομίας
3211 2625 3476 2682 διακονία.
3529 2626 3620 2696 Μὴ
3677 2627 3780 2680 οὐκ

2197 2714 2353 2785 ἔσχεν
2380 2714 2626 2778 ἐξουσίαν
2668 2717 2696 2767 ό
2742 2713 3029 2779 θεσπέσιος
3077 2715 3288 2780 Παῦλος
3335 2717 3534 2771 ἐσθίειν
3566 2718 3780 2772 7.3.1:!-

2198 2823 2310 2858 νειν
2342 2806 2448 2858 ἀπὸ
2473 2801 2582 2858 τῶν
2617 2805 2798 2876 ἱερῶν,
2823 2806 2915 2860 καὶ
2947 2809 3142 2880 μικρὸν
3170 2806 3302 2877 γοῦν
3339 2809 3634 2880 λαμϐάνειν
3669 2809 3778 2862 τῶν

2199 2897 2408 2966 μυρίων
2436 2896 2610 2949 πόνων
2636 2897 2828 2966 γέρας,
2863 2899 2942 2962 είς
2969 2898 3267 2970 θεραπείαν
3305 2900 3640 2971 τυπτομένου
3680 2899 3776 2954 τοῦ

2201 2986 2451 3059 σώματος
2503 2988 2622 3041 καθ’
2653 2989 2906 3062 ἡμέρανς
2955 2991 3094 3046 Ἀλλ’
3126 2993 3225 3045 ούκ
3271 2993 3542 3064 ἐχρήσατο
3591 2996 3658 3066 τῇ
3690 2993 3779 3060 ἐξ·

2197 3081 2376 3151 ουσία,
2418 3080 2505 3134 ἵνα
2531 3079 2696 3152 μηδὲν
2736 3083 2828 3136 ἐπὶ
2857 3084 2960 3154 γῆς
3002 3083 3200 3150 λαϐὼν,
3235 3084 3411 3138 πάντα
3451 3086 3508 3138 ἐν
3535 3089 3650 3150 τοῖς
3683 3085 3779 3140 δύο

520 3156 646 3236 ret?
676 3175 1024 3244 Nequaquam
1071 3183 1250 3226 tamen
1287 3187 1424 3226 usus
1444 3181 1536 3226 est
1561 3181 1847 3240 potestate,
1879 3183 1940 3226 ιιι
1961 3171 2092 3224 nihil

2201 3173 2378 3242 ρανοῖς
2421 3170 2693 3243 amem.
2731 3173 2822 3225 Διὸ
2861 3177 2955 3226 καὶ
2991 3173 3099 3228 τῶν
3129 3175 3266 3247 ὑπὲρ
3300 3174 3584 3246 ἄνθρωπον
3615 3175 3786 3247 tgna.

521 3271 574 3324 in
607 3280 750 3322 terra
781 3265 1080 3334 accipiens,
1113 3263 1298 3317 omnia
1340 3262 1392 3316 iu
1429 3264 1584 3318 cmlis
1615 3275 1922 3333 reponeret.
1959 3264 2101 3330 ραι.-

521 3371 741 3433 propter
775 3361 964 3421 etiaut,
996 3372 1121 3412 cum
1149 3357 1327 3410 adhuc
1353 3357 1504 3410 carni
1544 3357 1883 3425 corruptibili
1913 3357 2097 3426 alliga-

524 3464 610 3508 tus
637 3459 798 3508 esset.
833 3448 1126 3514 tnajoribus
1165 3461 1326 3514 quam
1357 3461 1454 3514 pro
1483 3446 1716 3498 humana
1767 3447 1976 3499 ratione
2003 3450 2101 3500 do-

522 3547 608 3600 nis
631 3553 822 3596 auctus
855 3549 972 3602 est,
1019 3547 1183 3607 atque
1220 3547 1277 3589 ttt
1324 3538 1584 3589 honorum
1628 3538 1956 3600 futurorum,
2003 3539 2102 3590 lto-

521 3647 826 3700 norumque
864 3645 979 3685 aro
1006 3629 1096 3682 illo
1130 3628 1489 3697 repositorum
1526 3629 1748 3681 arrham
1797 3629 2096 3698 pignusque

521 3733 888 3784 conrertetur,
915 3721 1216 3775 assumitur
1242 3733 1414 3787 usque
1441 3717 1510 3772 ad
1551 3719 1768 3772 tertium
1797 3719 1990 3774 coelum
2015 3722 2056 3751 ¹⁷
2083 3739 2096 3774 :

524 3819 870 3885 risionesque
895 3827 1132 3868 nostram
1151 3811 1453 3866 mortalium
1482 3821 1682 3866 sortem
1715 3823 2102 3881 exsuperanles

525 3910 702 3974 videt,
727 3924 790 3962 ac
819 3906 983 3962 verba
1013 3921 1214 3958 arcana
1235 3906 1406 3967 audit,
1441 3913 1500 3956 ιιι
1518 3905 1595 3957 ait
1623 3905 1758 3973 ipse,
1791 3919 2100 3973 quanquam

526 3999 580 4054 id
617 4002 859 4050 modeste
909 4011 1096 4066 agens,
1149 4011 1218 4050 ac
1267 3996 1590 4050 necessitate
1629 3996 1962 4064 compulsus,
2011 4010 2104 4049 cu-

523 4107 766 4161 rensqtte
793 4089 992 4160 ubique
1009 4089 1256 4158 gloriari,
1291 4103 1468 4157 exque
1489 4088 1922 4156 prtecelletttibus
1946 4087 2102 4142 donis

524 4185 634 4238 suis
663 4197 781 4236 sese
809 4181 1023 4236 eﬂ‘erre.
1057 4178 1127 4234 Ut
1175 4189 1356 4233 tamen
1400 4194 1586 4233 eorum
1634 4194 1826 4233 sensus
1867 4178 2103 4246 compri-

525 4285 658 4338 mat,
693 4283 1094 4342 componntque
1133 4271 1199 4324 ad
1249 4271 1596 4335 modestiam,
1646 4269 1736 4338 qui
1769 4285 1864 4339 pro
1893 4272 2101 4338 exiguis

2199 3260 2288 3330 θη,
2329 3260 2408 3314 ἔτι
2436 3263 2500 3331 τῇ
2535 3261 2750 3334 φθαρτῇ
2781 3263 3164 3335 συνδεδεμένος
3198 3266 3383 3337 σαρκί.
3422 3267 3530 3318 Καὶ
3561 3267 3647 3320 ἵνα
3670 3266 3785 3321 τῶν

2204 3351 2505 3422 μελλόντων
2537 3351 2778 3421 ἀγαθῶν,
2823 3353 2920 3406 καὶ
2960 3353 3068 3406 τῶν
3119 3355 3236 3408 ἐκεῖ
3277 3356 3450 3427 τιμῶν
3487 3356 3786 3429 ἀρραεῶνα

2202 3441 2456 3514 θεάσῃ-τε,
2507 3443 2946 3529 ἀναλαμϐάνεται
3003 3445 3100 3516 μὲν
3144 3445 3274 3519 ἄχρι
3314 3447 3782 3520 τρίτουιούρανιῦ.

2205 3534 2390 3604 βλέπει
2445 3535 2502 3588 δὲ
2535 3535 2802 3598 ὀπτασίας
2844 3536 3278 3609 ὑπερδαινούσας
3317 3539 3408 3593 τὸν
3438 3539 3625 3594 ἐνθάδε
3658 3540 3785 3612 κλῆ-

2207 3643 2318 3698 ρον,
2346 3629 2533 3681 ἀκούει
2575 3628 2631 3682 δὲ
2665 3629 2926 3700 ῥημάτων
2967 3631 3244 3702 ἀρρήτων,
3277 3632 3352 3696 ὼς
3401 3633 3560 3698 αὐτός
3600 3651 3788 3704 φησιν,

2209 3721 2304 3774 καὶ
2329 3720 2502 3774 ταῦτα
2529 3723 2854 3794 μετριάζων,
2881 3722 2972 3776 καὶ
2999 3721 3058 3787 ἐξ
3080 3725 3346 3795 ἀνάγκης,
3379 3726 3790 3800 ἀποδιδράσκων

2210 3812 2486 3884 πανταχοῦ
2531 3814 2592 3866 τὸ
2635 3815 3092 3886 μεγαλαυχεῖσθαι
3122 3818 3216 3869 καὶ
3247 3817 3628 3888 ἐμπομπεύειν
3679 3821 3791 3884 τοῖς

2215 3905 2364 3969 ἰδίοις
2395 3905 2878 3978 πλεονεκτήμασιν.
2915 3908 3034 3962 Ἵνα
3057 3909 3114 3961 δέ
3154 3911 3479 3981 φρονήματα
3506 3910 3790 3965 καταστεί-

2209 3998 2275 4072 λῃ
2331 3999 2440 4052 τῶν
2500 4002 2594 4053 ἐπὶ
2650 4005 2864 4072 μικροῖς
2917 4002 3253 4073 φυσωμένων
3316 4004 3672 4075 χαρίσμασιν,
3733 4004 3790 4070 ἐξ

2208 4089 2456 4161 ἀνάγκης
2491 4090 2647 4158 ὀλίγα
2688 4091 2797 4144 τῶν
2839 4091 3054 4146 οἰκείων
3101 4097 3466 4166 παραγυμνοῖ,
3499 4095 3792 4152 καὶταῦτα

2208 4181 2382 4252 ἑτέρῳ
2413 4181 2692 4252 προσώπῳ
2716 4183 2980 4254 περιθεὶς,
3015 4183 3108 4237 καὶ
3134 4184 3325 4256 πόρρω
3350 4186 3448 4256 τῆς
3472 4187 3602 4260 περὶ
3627 4187 3793 4244 αὐτὸν

2209 4272 2464 4337 ὑπονοίας
2498 4275 2822 4344 ἀπαγαγών.

525 4368 684 4422 donis
712 4364 988 4444 inﬂantur,
1019 4379 1184 4432 pauca
1211 4378 1276 4416 ex
1313 4363 1426 4417 suis
1463 4361 1610 4415 velut
1675 4371 1900 4416 coaetus
1960 4364 2318 4432 operitz'nec
2357 4365 2406 4417 id
2454 4365 2612 4420 aliter
2649 4381 2812 4436 quam
2861 4378 3138 4439 assumpta
3178 4369 3266 4423 illa
3323 4385 3577 4441 persona,
3629 4383 3794 4444 atque

525 4475 740 4516 omnem
769 4439 836 4512 de
864 4473 922 4511 se
946 4459 1058 4528 ipse
1087 4455 1448 4524 suspicionem
1478 4452 1762 4506 amuliens.

598 4552 742 4608 Sane
769 4550 985 4620 quidem
1038 4547 1180 4601 Elius
1235 4547 1325 4599 ille
1367 4543 1678 4609 Tltesbites,
1724 4559 1790 4597 eo
1840 4541 1987 4612 quod
2043 4543 2096 4595 iu
2131 4547 2176 4601 Ι)

526 4647 707 4716 specie
734 4641 877 4712 ignei
906 4654 1098 4694 currus
1137 4639 1190 4690 in
1217 4638 1400 4690 altum
1449 4637 1742 4690 subvectus
1770 4635 1862 4695 sit,
1903 4633 2105 4702 ubique

526 4737 867 4796 decantatur,
911 4746 978 4783 ac
1033 4729 1255 4782 multam
1305 4727 1502 4781 seculo
1535 4727 1946 4780 admirationem
1982 4725 2109 4780 reli-

527 4826 664 4896 quit.
719 4822 1010 4889 Quousque
1058 4831 1236 4872 autem
1299 4818 1643 4888 pet-venerit,
1699 4831 1883 4872 sermo
1930 4817 2106 4872 nullus

527 4916 799 4986 exposuit.
842 4911 978 4965 Fors
1001 4911 1148 4964 enim
1200 4909 1364 4962 etiam
1422 4909 1688 4964 modicum
1740 4926 1770 4962 a
1809 4921 1952 4964 terra
2005 4909 2109 4964 ela-

529 5020 618 5065 tus
654 5023 684 5061 a
717 5005 916 5058 virtute
961 5011 1157 5070 agente
1199 4999 1397 5069 ipsum,
1429 4998 1504 5052 illi
1542 4999 1658 5054 loco
1709 4999 1952 5054 redditus
1998 5009 2105 5061 est,

528 5119 636 5174 quo
661 5111 779 5156 erat
802 5097 1133 5150 domicilium
1193 5096 1498 5149 habiturus.
1534 5096 1604 5150 At
1637 5094 1789 5150 Pauli
1820 5096 2106 5150 translatio

529 5197 686 5264 longe
709 5189 972 5246 illustrior
1003 5188 1107 5242 fuit
1139 5197 1304 5256 atque
1335 5187 1623 5251 celebrior,
1660 5190 1914 5257 adjuncto
1938 5192 2102 5244 etiam

531 5287 707 5342 medio
744 5284 810 5338 ad
839 5283 980 5353 quod
1034 5297 1202 5351 usque
1243 5281 1487 5337 sublatus
1523 5284 1623 5338 luit
1657 5301 1670 5335 ι
1705 5299 1827 5338 ttattt
1861 5298 1982 5336 cum
2018 5298 2104 5338 se-

530 5388 672 5448 ptem
703 5376 1048 5431 celebrentur
1069 5375 1213 5439 cudi,
1253 5389 1440 5442 parum
1486 5375 1639 5431 abest
1671 5385 1729 5429 ut
1769 5390 1836 5430 ne
1867 5374 2099 5428 medium

527 5477 807 5526 assecutus
841 5467 934 5521 sit.
966 5464 1085 5520 lam
1119 5467 1249 5521 mihi
1285 5466 1490 5522 Ilebra'i
1521 5483 1740 5523 sensum
1773 5466 2101 5536 deprimant,

529 5576 780 5632 magnum
815 5556 948 5628 quid
979 5559 1043 5612 de
1076 5557 1255 5628 Moyse
1296 5559 1612 5627 gloriantes,
1645 5559 1788 5628 quod
1827 5558 1974 5613 solus
2009 5576 2104 5612 us-

605 5757 646 5792 “
673 5757 694 5812 Ι
717 5758 838 5816 Cor.
875 5773 950 5822 XI,
975 5755 1028 5812 4.

2283 4540 2471 4604 Ἠλίας
2501 4541 2602 4612 μὲν
2640 4537 2734 4596 οὗν
2772 4544 2801 4596 ὁ
2830 4542 3116 4614 Θεσόίτης.
3143 4545 3332 4617 ἐπειδὴ
3361 4548 3418 4600 ἐν
3455 4548 3570 4621 ἰδέᾳ
3609 4550 3797 4622 ἅρμα-

2209 4651 2300 4698 τος
2339 4634 2565 4706 πυρίνου
2605 4637 2687 4699 εἰς
2724 4635 2785 4688 τὸ
2820 4635 2954 4706 ὕψος
2995 4636 3227 4708 ἀνήχθη,
3259 4637 3444 4710 ᾄδεται
3491 4642 3796 4714 πανταχοῦ,

2213 4728 2308 4779 καὶ
2345 4725 2480 4781 πολὺ
2520 4726 2613 4780 τοῦ
2652 4726 2929 4798 θαύματος
2975 4727 3051 4798 τῷ
3085 4727 3186 4800 βίῳ
3225 4730 3509 4786 κατέλιπεο
3540 4735 3708 4807 μέχρι
3733 4736 3796 4791 δὲ

2216 4821 2382 4874 πόσου
2409 4819 2676 4890 ἔφθασεν,
2705 4820 2882 4884 οὐδεὶς
2918 4821 3231 4892 ἡρμήνευσε
3261 4821 3438 4890 λόγος.
3477 4824 3652 4896 Τυχὸν
3683 4827 3796 4902 γὰρ

2215 4915 2310 4968 καὶ
2336 4911 2516 4981 ὀλίγον
2557 4913 2658 4983 τῆς
2687 4912 2792 4984 γῆς
2826 4912 3084 4984 ἐπαρθεὶς
3112 4913 3264 4987 παρά
3297 4915 3397 4986 τῆς
3427 4916 3667 4986 ἀγούσης
3696 4919 3797 4974 δυ-

2212 5006 2448 5074 νᾶμεως,
2474 5004 2708 5074 ἀπεδόθη
2732 5003 2808 5074 τῷ
2825 5004 2996 5074 τόπῳ,
3025 5002 3083 5056 ὃν
3113 5003 3301 5082 ἔλαχεν
3325 5008 3613 5061 κατοικεῖν.
3646 5006 3798 5063 Παύ-

2211 5095 2305 5149 λου
2335 5095 2450 5165 δὲή
2485 5096 2796 5166 μετάθεσις,
2845 5099 2938 5152 ἐπὶ
2984 5099 3144 5154 πλέον
3186 5103 3398 5171 ἐγένετο
3433 5098 3799 5174 λαμπροτέρα

2212 5189 2307 5242 καὶ
2336 5188 2586 5260 εὐκλεὴς,
2621 5191 3020 5262 προσκειμένου
3049 5193 3144 5247 καὶ
3179 5193 3273 5246 τοῦ
3305 5193 3527 5266 μέτρου,
3555 5193 3639 5263 ἐφ’
3669 5195 3799 5248 ὅσον

2211 5280 2440 5352 ἀνήχθη.
2475 5281 2646 5335 Ἐπτά
2679 5282 2788 5355 γὰρ
2818 5284 3064 5356 οὐρανῶν
3089 5284 3382 5358 ᾀδομένων,
3409 5285 3609 5359 μικροῦ
3651 5284 3795 5338 δέον-

2206 5391 2299 5436 τος
2353 5375 2580 5444 ἀφίκετο
2627 5375 2720 5429 τοῦ
2755 5378 3001 5448 ἡμίσεος.
3042 5379 3153 5433 Καί
3189 5398 3279 5452 μοι
3324 5379 3510 5434 λοιπὸν
3557 5378 3796 5450 Ἑϐραῖοι

2210 5465 2664 5521 κατασαλέτωσαν
2727 5469 2821 5524 τοῦ
2880 5473 3247 5543 φρονήματος.
3291 5473 3386 5526 ἐπὶ
3445 5472 3524 5544 τῷ
3579 5473 3794 5543 Μωῦσῇ

2215 5558 2355 5627 μέγα
2376 5559 2716 5630 φρονοῦντες,
2753 5561 2835 5615 ὃτι
2863 5563 3022 5633 μόνος
3054 5563 3158 5628 ἕως
3180 5563 3279 5633 τῆς
3312 5563 3558 5635 κορυφῆς
3589 5561 3792 5632 ἔφθασε
