4070 6142
277 345 367 404 ειη

1186 347 1468 404 llOMlLIA
1513 349 1644 407 Vlll.
1691 349 1754 405 IN
1798 351 1898 408 SS.
1939 351 2227 410 PETRUM
2266 355 2355 412 ΕΤ
2399 355 2710 412 PAULUM.

3456 354 3562 414 393

284 469 367 523 τοῦ
400 469 559 533 Σινᾶ,
593 472 692 525 καὶ
731 472 885 535 ἐντὸς
928 471 1142 541 ἐγένετο
1184 470 1278 524 τοῦ
1313 473 1514 541 γνόφου
1544 474 1638 526 καὶ
1662 475 1770 529 τῶν
1796 492 1880 528 νε-

2002 493 2087 547 lne
2118 479 2184 532 ad
2220 479 2478 534 verticem
2532 479 2660 533 Sina
2709 479 3051 548 pervenerit,
3088 478 3338 547 intraque
3379 478 3564 547 caligi-

292 561 418 632 φῶν.
446 562 674 627 Παῦλος
708 566 810 635 μὲν
836 565 864 616 ό
897 564 1048 635 ἐμὸς,
1075 565 1196 617 ἀντὶ
1221 565 1320 636 μὲν
1347 566 1526 637 ὅρους,
1554 567 1689 636 πρὸς
1720 568 1882 638 ούρα-

293 657 373 710 νὺν
405 655 664 724 ἀνῆλθεν·
699 656 823 709 ἀντὶ
846 656 903 709 δέ
934 655 1183 726 νεφέλης,
1219 657 1475 710 ἐπέκεινα
1500 659 1595 711 τοῦ
1627 659 1768 730 ὑπὲρ
1793 661 1882 713 νέ-

294 765 420 817 φους
469 746 634 817 ἀέρος
689 746 910 817 ἤλασεν.
968 747 1078 800 Καὶ
1125 747 1268 817 μάλα
1298 748 1544 812 εἰκότως.
1587 751 1734 804 Ἔδει
1773 752 1881 824 γὰρ

295 840 378 892 τὸν
441 838 589 891 κατά
660 838 897 908 Χριστὸν
965 837 1277 910 ἄνθρωπον,
1345 839 1604 894 τοσοῦτον
1662 841 1881 912 νικῆσαι

294 931 549 998 Mentior-Ea,
603 932 729 984 ὅσον
782 931 844 984 τὸ
889 931 1227 1000 Εὐαγγέλιον
1283 931 1602 1002 ὑπερϐαίνει
1657 933 1750 987 τὸν
1798 934 1882 986 νό-

299 1040 409 1093 μον.

372 1116 462 1168 Ἐν
485 1115 543 1169 δέ
567 1117 688 1179 ταῖς
714 1114 1061 1184 θεοφανείαις
1091 1117 1185 1170 καὶ
1211 1121 1325 1183 τοῖς
1353 1118 1503 1191 παρὰ
1524 1117 1660 1171 Θεοῦ
1693 1117 1884 1171 λαλου-

299 1207 499 1278 μένοις,
547 1207 643 1260 καὶ
690 1207 838 1271 ὅπως
890 1205 1174 1277 δεδεμένος
1227 1210 1439 1272 ἐλύετο,
1502 1211 1596 1264 καὶ
1657 1209 1884 1281 ἀθυμῶν

294 1299 694 1372 ἐπερῥὼννυτο,
724 1297 877 1370 ῦπαρ
900 1300 992 1353 καὶ
1025 1300 1161 1372 δναρ
1188 1301 1336 1370 αὐτῷ
1365 1301 1460 1354 τοῦ
1490 1301 1626 1355 Θεοῦ
1669 1317 1886 1373 χρημα-

299 1390 553 1452 τίζοντος,
587 1391 642 1441 τί
673 1389 753 1441 δεῖ
777 1389 872 1442 καὶ
884 1389 1082 1459 λέγειν,
1108 1391 1270 1444 ὁπότε
1298 1392 1418 1446 οὐδέ
1443 1391 1605 1456 αὐτὸς
1633 1393 1732 1464 τὴν
1762 1395 1887 1446 ἐαυ-

299 1477 381 1531 τοῦ
405 1479 571 1550 χάριν
604 1478 946 1550 ἀπέκρυψεν,
983 1479 1120 1534 ἀλλά
1157 1485 1325 1535 πᾶσιν
1353 1481 1492 1553 ὁμοῦ
1553 1483 1740 1551 σαφῶς
1776 1484 1886 1537 ἀπ-

296 1569 585 1640 εκάλυψεν,
616 1569 787 1623 εἰπών
807 1585 820 1598 ·
857 1573 928 1625 Et
967 1571 1227 1642 δοκιμὴν
1259 1572 1482 1641 ζητεῖτε
1525 1573 1719 1628 τοῦἐν
1749 1575 1881 1644 ἐμοὶ

299 1665 330 1715 ι
353 1661 634 1727 πλοῦν-τος
645 1661 928 1729 Χριστοῦ;
938 1664 998 1716 Οἱ
1021 1664 1120 1734 μὲν
1136 1663 1245 1735 γὰρ
1261 1663 1410 1718 ἄλλοι
1423 1664 1666 1730 τῶν,εἴτε
1684 1683 1890 1737 προφη-

298 1753 419 1815 τῶν,
433 1753 547 1805 εττε
567 1752 885 1808 ἀποστόλων
918 1753 1340 1826 ἐμπροθέσμους
1359 1753 1504 1827 εἶχον
1526 1756 1889 1829 καὶχρονικάς

1984 585 2105 623 nem
2143 585 2207 625 ac
2238 571 2406 625 nubes
2428 573 2742 640 penetrarit.
2773 570 2922 626 Meus
2949 585 3080 626 sane
3105 569 3328 636 Paulus,
3364 571 3565 623 montis

1983 661 2196 729 quidem
2233 661 2371 726 loco,
2408 662 2474 714 ad
2522 661 2716 716 cwltttn
2752 662 3026 717 ascendit:
3081 660 3202 716 loco
3253 669 3432 714 autem
3471 677 3566 713 Iw-

1985 749 2141 817 bulas,
2185 767 2346 821 supra
2394 767 2575 807 aerem
2628 751 2864 806 nubibus
2909 753 3192 808 celsiorem
3242 751 3438 806 evasit.
3489 753 3566 803 Ae

1985 841 2144 911 plane
2188 843 2405 897 merito.
2442 842 2676 898 Decebat
2706 843 2848 897 enim
2883 843 3083 899 Christi
3135 845 3410 898 hominem
3445 851 3563 894 tan-

1988 945 2098 986 tutn
2146 933 2364 1005 Moysen
2401 949 2683 1005 superare,
2712 944 2919 1005 quanto
2960 933 3304 1005 Evangelium
3341 916 3579 1004 ρωποι)

1987 1024 2049 1079 lit
2083 1025 2279 1097 legem.

2063 1114 2122 1170 In
2152 1115 2349 1170 divinis
2381 1127 2558 1171 autem
2599 1115 3028 1186 apparitionibus
3051 1157 3066 1179 ,
3103 1115 3302 1186 Deique
3341 1116 3408 1170 ad
3441 1130 3564 1172 eum

1987 1206 2353 1274 sermonibus,
2380 1217 2543 1276 utque
2581 1208 2794 1262 vinctus
2827 1207 3150 1275 solveretur,
3182 1223 3245 1263 ac
3276 1209 3447 1264 tristis
3476 1211 3569 1262 de-

1988 1299 2237 1369 iectoque
2296 1301 2480 1354 animo
2521 1303 2969 1355 corroboraretur
2996 1341 3012 1364 ,
3064 1304 3424 1370 respondente
3461 1301 3570 1356 Deo

1988 1407 2111 1448 cum
2138 1393 2190 1447 in
2225 1394 2430 1464 vigilia,
2460 1403 2568 1447 tum
2607 1393 2662 1448 itt
2692 1394 2919 1460 somnis,
2949 1396 3076 1463 quid
3101 1396 3380 1450 enimvero
3403 1395 3568 1450 etiam

1988 1501 2122 1556 opus
2159 1485 2360 1552 dicere,
2386 1501 2508 1541 cum
2541 1502 2638 1540 nec
2671 1486 2759 1541 ille
2803 1487 2916 1555 ipse
2961 1489 3188 1558 gratiam
3233 1488 3379 1542 illam
3416 1501 3570 1542 suam

1988 1578 2204 1633 silentio
2240 1578 2521 1648 presserit,
2551 1579 2647 1633 sed
2679 1578 2838 1633 simul
2861 1579 3114 1634 omnibus
3141 1579 3341 1649 liquido
3363 1579 3571 1634 revela.

1988 1670 2150 1731 verit,
2202 1669 2424 1724 dicens:
2469 1669 2551 1723 An
2607 1669 3016 1734 experimentum
3066 1669 3304 1739 qua'ritis
3331 1668 3445 1738 ejus
3477 1669 3570 1739 qui

1990 1758 2223 1829 loquitur
2263 1760 2418 1813 inme
2457 1759 2701 1814 Christus
2739 1759 2820 1812 ἐἳ
2867 1759 2969 1813 Alii
3021 1761 3236 1829 quidem
3292 1775 3415 1814 cum
3447 1775 3570 1829 pro-

297 1844 391 1908 sic
405 1843 619 1899 ἀνωθεν
649 1843 966 1916 ἐνεργείας·
1023 1845 1119 1898 καὶ
1171 1846 1304 1899 ποτέ
1339 1847 1440 1917 μέν
1473 1847 1656 1910 αὐτοῖς
1709 1847 1875 1918 συνῆν

2002 1850 2181 1916 ihetae,
2216 1858 2328 1903 tum
2377 1849 2627 1917 apostoli,
2679 1849 2842 1904 certis
2871 1850 3190 1919 quibusdam
3242 1851 3573 1919 temporibus
3650 1887 3653 1889 -

299 1937 360 1989 τὺ
375 1937 556 2002 Θεῖον,
584 1936 716 1990 ποτέ
738 1937 796 1989 δέ
827 1937 922 1990 καὶ
936 1937 996 1990 ού
1018 1954 1094 1990 πα
1104 1940 1222 2009 ρῆν,
1251 1938 1308 1992 Ὀ
1330 1938 1386 1992 δὲ
1402 1937 1690 2002 θεσπέσιος
1706 1933 1882 2005 οὗτος,

299 2029 491 2100 ῶσπερ
513 2025 666 2092 ἅπαξ
692 2027 819 2090 ναὸς
848 2026 924 2081 ὣν
957 2026 1236 2099 ἐξαίρετος
1266 2027 1362 2082 τοῦ
1398 2027 1532 2082 Θεοῦ
1563 2029 1889 2101 ἀποκληρω-

298 2121 410 2183 θεὶς
447 2119 603 2190 αὐτῷ
649 2119 786 2192 πρὸς
825 2119 1122 2190 ἐνοίκησιν,
1177 2119 1351 2184 οὕτως
1397 2121 1484 2175 ἀεὶ
1531 2120 1623 2174 τὸν
1655 2123 1888 2192 Χριστὸν

298 2210 432 2284 εἶχε,
459 2214 558 2266 xa‘l.
587 2193 782 2284 βουλῆς
806 2213 1059 2286 εὑρετὴν,
1093 2215 1188 2268 καὶ
1211 2213 1386 2282 λόγων
1421 2213 1759 2280 διδάσκαλον,
1795 2215 1891 2268 καὶ

300 2305 560 2376 συνεργὸν
605 2303 712 2357 τῶν
757 2305 1124 2376 πραγμάτων.
1166 2305 1279 2358 Καὶ
1319 2305 1568 2376 Ἰωάννης
1599 2305 1697 2376 μέν
1736 2307 1764 2358 ὁ
1795 2302 1888 2358 τοῦ

300 2398 587 2453 Ζεϐεδαίου
630 2396 802 2468 μέγας
853 2397 1052 2463 ἔδοξεν,
1095 2399 1176 2450 ὃτι
1225 2397 1378 2469 παρά
1405 2398 1533 2461 τοὺς
1565 2396 1756 2460 ἄλλους
1788 2413 1892 2467 μα·-

300 2489 471 2562 θητάς
496 2488 724 2560 θαῤῥῶν
749 2488 829 2559 τῷ
852 2489 1062 2560 Κυρίῳ,
1089 2489 1182 2542 ἐπὶ
1229 2487 1322 2543 τοῦ
1352 2489 1582 2561 στήθους
1608 2486 1774 2542 αὐτοῦ
1801 2490 1894 2542 ἀν-

301 2582 580 2635 επαύετο’
619 2581 714 2654 καί
759 2581 848 2636 διὰ
885 2581 1043 2635 τοῦτο
1081 2580 1318 2653 μάλιστα
1351 2580 1506 2652 παρὰ
1529 2581 1694 2635 πᾶσίν
1742 2583 1889 2635 ἐστιν

303 2673 570 2744 ἀοίδιμος.
600 2665 769 2738 υῦτος
795 2674 873 2739 δέ,
911 2672 1031 2737 πῶς
1060 2673 1162 2727 οὐκ
1196 2673 1262 2727 ἂν
1291 2673 1386 2726 καὶ
1425 2673 1567 2745 ὑπὲρ
1610 2671 1894 2744 ἄνθρωπον

303 2762 588 2835 νομισθείη
618 2763 868 2830 δικαίως,
901 2763 959 2827 ὃς
982 2781 1068 2834 γε,
1095 2765 1156 2818 ού
1183 2765 1276 2819 τὸν
1309 2766 1368 2817 ἐν
1398 2762 1612 2835 σώματι
1655 2761 1892 2835 Ἰησοῦν,

304 2856 442 2911 ἀλλά
466 2856 563 2910 τὸν
589 2856 794 2928 γυμνὸν
815 2857 918 2929 τῆς
950 2857 1153 2928 σαρκὸς
1214 2857 1386 2926 Λόγον
1414 2855 1537 2910 καθ’
1563 2855 1777 2928 ἡμέραν
1801 2855 1897 2910 ἀν-

305 2948 534 3015 έπαυεν,
553 2947 748 3013 σκεῦος
773 2947 1070 3021 εὔχρηστον
1100 2950 1194 3004 καὶ
1215 2949 1452 3022 καθαρὸν
1476 2950 1666 3010 ἐαυτὸν
1688 2949 1768 3022 τῷ
1792 2952 1899 3022 Δη-

307 3039 562 3112 μιουργῷ
601 3042 990 3113 καταστήσας;
1024 3043 1208 3113 Ἔχων
1251 3043 1307 3098 δὲ
1341 3041 1515 3096 πολλά
1561 3042 1656 3096 καὶ
1701 3059 1902 3097 παντο-

304 3132 457 3188 δαπὰ
487 3133 687 3202 λέγειν,
737 3134 836 3187 ὅσα
866 3136 895 3187 ὁ
931 3133 1223 3198 θεσπέσιος
1270 3127 1423 3197 οὗτος
1475 3133 1656 3188 πάντα
1687 3135 1782 3186 τὸν
1809 3133 1901 3187 κό-

307 3243 449 3296 σμον
476 3224 746 3278 παιδεύων
779 3220 898 3278 εἷπε
930 3225 1025 3278 καὶ
1057 3224 1310 3297 ἔπραξεν,
1341 3225 1434 3277 ἐπὶ
1453 3225 1559 3294 γῆς
1586 3224 1680 3277 καὶ
1702 3223 1900 3276 θαλάσ-

310 3334 434 3388 σης,
487 3319 550 3370 ἐν
611 3317 1002 3388 δικαστηρίοις,
1051 3319 1109 3370 ἐν
1163 3318 1414 3386 ἀγοραῖς,
1468 3318 1527 3369 ἐν
1571 3316 1786 3386 δήμοις,
1840 3317 1898 3368 ἐν

307 3405 624 3478 ἀγορεῦσιν,
652 3408 710 3460 ἐν
730 3407 921 3470 αὐλαῖς
944 3407 1230 3477 βασιλέων,
1260 3405 1400 3460 ἐκὼν
1436 3406 1747 3478 ὑπερὸαίνω
1763 3404 1898 3474 πρὸς

308 3498 370 3550 τὸ
399 3497 626 3570 πλῆθος.
655 3497 796 3552 Οῦτε
823 3499 933 3570 γὰρ
956 3499 1282 3570 συγγραφὴν
1308 3497 1626 3572 προύθέμην
1674 3495 1908 3566 πονῆσαι

312 3590 421 3642 τῶν
456 3591 654 3661 ἐκείνῳ
707 3589 1182 3662 κατωρθωμένων,
1224 3591 1314 3646 ἵνα
1353 3589 1514 3661 λείπῃ
1557 3588 1744 3661 μηδὲν,
1791 3587 1907 3640 ἀλλ’

313 3680 1046 3754 εύφημίανάνεργάσασθαι,
1103 3683 1197 3736 καὶ
1225 3681 1446 3754 ταύτην,
1479 3680 1565 3750 ἐφ’
1595 3681 1718 3732 ὅσον
1741 3680 1776 3750 ἡ
1800 3677 1908 3748 ἐμὴ

312 3771 545 3843 δύναμις
583 3774 896 3840 ἐξικνεῖται.
942 3773 1090 3836 Ἐνὸς
1137 3773 1194 3826 δὲ
1235 3773 1396 3844 μόνου
1441 3773 1536 3826 τοῦ
1591 3770 1906 3824 τελευταίου

317 3866 604 3937 μνησθεὶς,
636 3865 974 3920 καταπαύσω
1005 3866 1095 3919 τὸν
1127 3865 1308 3935 λόγον.

1989 1957 2052 1998 ac
2087 1945 2373 1998 momentis
2427 1943 2676 1997 dettuitas
2704 1944 2973 1998 habebant
2999 1957 3263 2012 supernas
3300 1943 3572 2012 operatio-

1989 2045 2108 2098 nes,
2140 2047 2206 2086 ac
2236 2033 2394 2086 modo
2453 2032 2558 2087 illis
2618 2032 2855 2085 divinum
2905 2033 3093 2086 aderat
3131 2031 3361 2097 Numen,
3414 2034 3575 2088 modo

1989 2122 2152 2178 etiam
2187 2123 2393 2176 aberat.
2440 2122 2540 2178 Hic
2572 2133 2751 2176 autem
2783 2123 2864 2177 vir
2909 2123 3266 2187 admirabilis,
3314 2135 3573 2193 tanquam

1993 2214 2158 2269 semel
2203 2213 2294 2268 Dei
2326 2213 2600 2282 peculiare
2628 2213 2884 2283 templum
2917 2213 3017 2281 ipsi
3059 2214 3123 2266 ad
3165 2214 3572 2268 inhabitandam

1993 2305 2259 2360 delectum
2293 2306 2749 2375 destinatumque,
2780 2306 2859 2361 sic
2889 2321 3103 2376 semper
3140 2307 3371 2361 habebat
3416 2305 3577 2361 Chri-

1993 2407 2158 2462 stum,
2199 2413 2320 2452 cum
2347 2398 2554 2453 consilii
2589 2399 2945 2462 inventorem,
2975 2411 3086 2452 tum
3117 2414 3426 2453 sermonum
3462 2415 3577 2453 ma-

1995 2486 2257 2555 gistrum,
2309 2497 2420 2540 tum
2457 2489 2687 2558 denique
2730 2504 2951 2558 operum
2994 2490 3314 2559 adjutorem.
3347 2491 3426 2544 Ac
3451 2491 3576 2560 qui-

1997 2580 2119 2633 dem
2142 2576 2379 2634 Joannes
2406 2579 2651 2634 Zebedaei
2682 2579 2822 2634 illius
2853 2595 3079 2648 magnus
3122 2581 3270 2635 visus
3300 2592 3404 2645 est,
3433 2583 3580 2650 quod

1996 2667 2189 2736 majori
2248 2684 2361 2739 prie
2417 2669 2696 2738 discipulis
2757 2670 2876 2724 aliis
2914 2671 2980 2724 ad
3023 2670 3303 2726 Dominum
3362 2671 3576 2738 liducia,

1997 2773 2164 2830 supra
2190 2761 2308 2832 ejus
2336 2772 2523 2832 pectus
2557 2762 2864 2816 recnbuerit
2893 2763 2936 2798 "
2963 2779 2977 2815 :
3017 2761 3369 2830 quamobrem
3402 2764 3578 2817 maxi-

2000 2870 2088 2914 me
2117 2855 2260 2922 apud
2289 2867 2478 2908 omnes
2511 2855 2689 2910 clarus
2719 2854 2947 2909 habetur
2995 2864 3156 2924 atque
3185 2853 3436 2910 celebris.
3483 2855 3582 2910 llic

2003 2957 2207 3011 autem,
2242 2946 2334 3015 qui
2367 2961 2472 3000 non
2500 2943 2624 3012 jure
2653 2944 2888 3000 humana
2925 2945 3099 3017 major
3125 2947 3436 3003 conditione
3480 2948 3581 3002 ha-

2000 3040 2214 3102 beatur,
2258 3038 2349 3108 qui
2379 3039 2632 3092 nimirum
2667 3054 2773 3093 non
2825 3038 3007 3094 Jesum
3058 3040 3112 3093 in
3166 3053 3428 3108 corpore,
3488 3041 3583 3096 sed

2005 3131 2205 3186 nudum
2229 3145 2392 3184 carne
2422 3129 2653 3185 Verbum
2683 3130 2923 3199 quotidie
2949 3129 3218 3194 reticeret,
3244 3146 3339 3186 vas
3366 3146 3425 3185 se
3453 3131 3587 3185 utile

2005 3238 2068 3277 ac
2092 3223 2347 3276 mundum
2373 3231 2635 3292 praestans
2657 3221 2969 3276 Conditori?
2993 3221 3258 3276 Caeterum
3290 3236 3409 3275 cum
3432 3222 3584 3290 plura

2007 3328 2070 3368 ac
2107 3313 2285 3366 omnis
2313 3315 2528 3382 generis
2557 3311 2704 3364 varia
2729 3311 2860 3366 mihi
2919 3312 3146 3368 dicenda
3184 3315 3380 3376 forent,
3438 3327 3587 3379 quae-

2004 3417 2217 3472 cunque
2248 3402 2502 3456 nimirum
2527 3404 2607 3456 vir
2633 3402 2720 3456 hic
2741 3403 2956 3458 divinus
2987 3404 3241 3458 mundum
3272 3403 3584 3459 universum

2009 3495 2230 3558 docens,
2259 3494 2395 3547 dixit
2423 3493 2676 3561 fecitque,
2707 3503 2848 3547 terra
2873 3493 3075 3564 pariter
3097 3509 3162 3549 ac
3214 3496 3380 3558 mari;
3416 3495 3469 3549 in
3499 3495 3588 3565 ju-

2012 3583 2166 3638 diciis
2197 3597 2261 3636 ac
2285 3581 2663 3644 tribunalibus,
2710 3581 2763 3634 in
2793 3580 2947 3648 foris,
2991 3582 3043 3636 in
3075 3584 3306 3654 pupulis,
3345 3585 3397 3638 in
3452 3599 3586 3639 con-

2011 3676 2276 3737 cionibus,
2319 3674 2371 3728 in
2403 3689 2586 3743 regum
2611 3673 2772 3737 aulis,
2808 3683 2997 3743 sponte
3021 3685 3288 3743 praetereo
3329 3691 3440 3745 prae
3471 3676 3591 3730 illo-

2009 3782 2128 3820 rum
2160 3775 2306 3818 tanta
2327 3763 2690 3818 multitudine.
2715 3761 2824 3817 Nec
2844 3765 2987 3818 enim
3016 3767 3368 3820 constitutum
3392 3765 3590 3832 habeo,

2011 3865 2071 3908 ut
2102 3867 2284 3907 rerum
2319 3851 2386 3904 ab
2408 3867 2474 3906 eo
2497 3851 2754 3922 praeclare
2808 3863 3083 3922 gestarum
3137 3856 3589 3910 commentarium

314 3959 657 4023 elucubrem,
707 3960 861 4012 itaut
893 3959 1025 4013 nihil
1063 3957 1344 4022 desit,sed
1375 3966 1432 4012 ut
1459 3965 1744 4013 contesam
1793 3949 2194 4012 laudationem;
2253 3956 2504 4012 eamque,
2538 3956 2638 4012 pro
2694 3943 2833 3997 virili
2887 3951 3095 3998 tantum
3154 3960 3272 4000 mea
3309 3945 3587 4000 facultate.

315 4049 586 4116 Quocirca
614 4049 700 4103 ubi
723 4065 888 4102 unum
921 4051 1182 4102 duntaxat
1204 4058 1536 4117 postremum
1553 4059 1897 4117 suggesscro,
1942 4040 2135 4095 faciam
2158 4035 2370 4090 dicendi
2399 4033 2581 4089 linem.

401 4139 623 4210 Ἐπειδὴ
657 4139 766 4210 γὰρ
798 4140 979 4192 πᾶσαν
1014 4136 1380 4210 ἐκπεριελθὼν
1409 4138 1508 4207 τὴν
1558 4135 1898 4205 οἰκουμένην,

2080 4127 2368 4194 Postquam
2391 4122 2534 4177 enim
2565 4124 2874 4177 universum
2900 4124 3322 4192 circumquaque
3352 4123 3592 4177 lustrans

317 4233 412 4286 καὶ
437 4231 554 4294 θεὶς
586 4231 679 4284 ἐπὶ
707 4231 806 4302 τῆς
831 4231 1050 4301 λυχνίας
1078 4229 1168 4283 τὸν
1197 4229 1375 4297 λόγον,
1416 4228 1590 4299 μέγαν
1612 4225 1786 4296 ἀνῆψε
1807 4224 1898 4294 τῆς

2005 4219 2214 4277 orbem,
2240 4231 2304 4270 ac
2332 4229 2635 4269 sermonem
2666 4230 2828 4283 super
2859 4215 3237 4269 candelabrum
3263 4228 3490 4282 ponens,
3520 4215 3594 4268 ius

317 4322 686 4393 εὗαηελικῆς
715 4323 992 4393 ⁸γνώσεως·
1044 4321 1137 4374 τὸν
1188 4321 1418 4391 πυρσὸν,
1486 4319 1715 4388 ἀφίκετο
1771 4315 1898 4388 πρὸς

2005 4319 2221 4380 gentem
2245 4305 2564 4374 evangelica:
2583 4305 2901 4367 cognitionis
2925 4319 2987 4356 ac
2999 4302 3236 4356 scientiae
3259 4303 3596 4358 accendisset

327 4411 662 4482 Ῥωμαίους,
688 4387 762 4474 ῶς
782 4411 1174 4482 βασιλεύουσαν
1199 4411 1371 4475 πόλιν,
1398 4410 1485 4463 ἵνα
1506 4411 1631 4471 τοὺς
1654 4405 1898 4479 κρατοῦν·

2012 4400 2214 4469 ignem,
2248 4397 2498 4460 Romam,
2519 4395 2724 4465 regiam
2747 4395 2934 4448 urbem
2965 4394 3117 4460 petit,
3135 4401 3192 4446 ut
3213 4396 3592 4448 universorum

319 4519 419 4566 τας
484 4501 595 4555 τῶν
665 4503 882 4555 πάντων
951 4501 1253 4573 ἀνθρώπων
1313 4500 1753 4572 μυσταγωγήσας
1818 4497 1898 4551 acati

2014 4490 2259 4544 dominos
2297 4489 2530 4550 docens,
2583 4500 2646 4539 ac
2698 4484 2751 4538 in
2784 4483 3105 4537 sententiam
3159 4497 3380 4551 cogens,
3433 4484 3596 4555 inquo

321 4595 544 4658 πείσας,
588 4594 682 4647 καὶ
721 4594 1064 4665 κτησάμενος
1106 4593 1376 4664 μαθητὰς,
1414 4593 1479 4645 ἐκ
1514 4590 1607 4644 τοῦ
1635 4590 1898 4661 περιόντος

2017 4578 2310 4648 discipulos
2358 4579 2627 4642 obtinens,
2681 4591 2746 4630 ex
2796 4574 3090 4629 abundanti
3133 4575 3441 4630 hominibus
3471 4576 3595 4630 reli-

320 4691 436 4751 τοῖς
455 4686 639 4748 ἄλλοις
665 4684 972 4756 ἀνθρώποις
1002 4685 1382 4758 προσομιλοίη.
1405 4681 1596 4754 Εύρὼν
1622 4681 1679 4734 δὲ
1709 4681 1803 4734 καὶ
1826 4679 1916 4732 τὸν

326 4779 536 4848 Πέτρον
564 4778 698 4839 ἐκεῖ,
731 4776 828 4846 τῆς
859 4777 1028 4847 αὐτῆς
1061 4777 1301 4846 ἐργάτην
1333 4773 1590 4844 σπουδῆς,
1629 4772 1724 4825 καὶ
1767 4771 1917 4843 ίερὰν

327 4885 448 4923 τινα
470 4869 567 4922 καὶ
598 4867 781 4922 ἔνθεον
823 4868 1088 4940 ξυνωρίδα
1127 4867 1477 4937 ζευξάμενος,
1501 4867 1558 4917 ἐν
1575 4865 1919 4931 συναγωγαῖς

329 4962 455 5025 τοὺς
484 4961 592 5015 ὑπὸ
617 4961 784 5032 νόμον
803 4961 1138 5024 ἐπαίδευσεν,
1170 4959 1230 5013 ἐν
1263 4959 1494 5029 ἀγοραῖς
1516 4957 1642 5018 τοὺς
1671 4954 1918 5017 ὲονικοὺς

331 5054 704 5123 προσεκτᾶτο·
736 5052 832 5107 καλ
859 5051 1100 5114 ποικίλος
1127 5046 1193 5122 ἦν
1214 5049 1322 5102 τῶν
1345 5047 1566 5116 ἀγαθῶν
1583 5045 1920 5108 διδάσκαλος,

328 5141 472 5196 θεοῦ
493 5142 695 5208 γνῶσιν
729 5141 1046 5212 ἐμφανίζων
1068 5144 1166 5212 τὴν
1192 5138 1440 5210 καθαρὰν
1474 5137 1569 5190 καὶ
1608 5133 1920 5204 ἀκίϐδηλον,

327 5233 533 5305 ἠθικῆς
572 5234 776 5305 ἀρετῆς
818 5234 1049 5296 κανόνας
1102 5230 1446 5302 θεσμοθετῶν
1487 5227 1775 5300 ἀκριόεῖς,
1819 5227 1925 5279 ἀπ-

329 5325 580 5379 ελαύνων
628 5327 817 5398 πόρρω
849 5324 956 5378 τῶν
990 5323 1292 5394 ἀνθρώπων
1328 5321 1547 5393 χορείας
1575 5318 1669 5372 καὶ
1705 5317 1874 5391 μέθην
1900 5356 1915 5380 ι

330 5421 427 5475 καὶ
450 5420 635 5473 πᾶσαν
659 5419 759 5489 τὴν
783 5417 1082 5472 ἀκόλαστον
1111 5415 1464 5487 ἡδυπάθειαν,
1495 5406 1530 5487 ᾖ
1561 5411 1794 5482 μάλιστα
1825 5408 1920 5463 καὶ

327 5511 392 5565 οὺ
416 5509 626 5580 πλῆθος
658 5508 826 5574 ἅπαν,
860 5511 956 5562 καὶ
987 5511 1016 5562 ὁ
1046 5508 1167 5560 τότε
1198 5505 1449 5578 βασιλεὺς
1481 5503 1739 5572 ἐνείχετο.
1763 5499 1916 5554 Καθ-

328 5601 514 5674 {ﬂavo
537 5601 650 5673 γὰρ
671 5599 919 5672 σφοδρῶς
960 5597 1056 5654 τοῦ
1093 5599 1344 5670 Νέρωνος
1375 5599 1410 5668 ἡ
1444 5596 1542 5668 τῆς
1572 5594 1800 5664 ἀρίστης
1824 5589 1922 5644 καὶ

408 5801 457 5836 ⁸⁸
482 5800 528 5856 ll
565 5799 692 5856 Cor.
729 5815 847 5864 stu,
877 5801 931 5854 5.
1010 5798 1053 5830 ¹⁹
1082 5795 1238 5851 Joau.
1273 5809 1389 5860 xtu,
1423 5792 1514 5846 93.

591 5893 867 5957 Ριτιοι..
902 5893 1020 5952 Gn.
1073 5889 1198 5953 XL.

2017 4673 2142 4740 quis
2172 4669 2617 4739 congrederetur.
2643 4668 2776 4723 Cum
2801 4676 2981 4720 autem
3020 4665 3132 4721 illic
3178 4681 3392 4736 quoque
3442 4683 3598 4737 repe-

2020 4766 2182 4819 risset
2228 4762 2470 4828 Petrum,
2515 4761 2566 4814 in
2618 4760 2761 4815 idem
2793 4759 2970 4815 studio
3009 4759 3407 4814 incumbentem
3439 4775 3599 4829 opus,

2020 4869 2344 4924 sacramque
2392 4853 2682 4924 quatndam
2736 4869 2799 4906 ac
2831 4853 3066 4906 divinam
3097 4851 3273 4922 higam
3313 4851 3599 4919 copulam,

2020 4963 2115 5002 eos
2144 4945 2238 5015 qui
2279 4955 2436 4998 erant
2470 4947 2570 4999 sub
2613 4946 2749 5013 lege,
2779 4946 2830 4997 in
2872 4945 3158 5014 synagogis
3186 4944 3434 5008 docebat,
3464 4960 3600 5013 gen-

2023 5040 2144 5094 tiles
2180 5040 2231 5092 itt
2264 5039 2396 5092 foris
2422 5038 2754 5102 lucrabatur,
2779 5052 2844 5091 ac
2874 5037 3058 5092 varius
3087 5037 3305 5106 quidam
3336 5037 3600 5090 bonorum

2024 5133 2215 5186 doctor
2242 5141 2380 5197 erat,
2414 5145 2602 5201 puram
2639 5129 2732 5184 Dei
2763 5130 3142 5196 sinceramque
3187 5130 3469 5182 scientiam
3511 5129 3604 5182 de-

2025 5223 2260 5286 clarans,
2291 5221 2510 5276 moralis
2532 5220 2751 5275 virtutis
2776 5231 3061 5275 accuratas
3081 5221 3292 5290 regulas
3325 5222 3598 5282 sanciens,

2027 5314 2257 5368 choreas
2291 5327 2354 5366 ac
2381 5312 2725 5377 ebrietatem,
2753 5326 3077 5382 omnemque
3101 5312 3367 5366 luxuriam
3400 5328 3464 5366 ac
3493 5321 3605 5365 tur—

2027 5418 2146 5474 pem
2191 5402 2538 5473 voluptatem,
2569 5404 2656 5457 cui
2693 5403 2945 5466 maxime,
2989 5419 3109 5457 cum
3152 5403 3304 5472 plebs
3328 5406 3599 5462 universa,

2028 5505 2140 5548 tum
2175 5495 2220 5549 is
2253 5495 2346 5565 qui
2377 5509 2556 5549 rerum
2587 5493 2916 5563 potiebatur,
2950 5493 3113 5547 dediti
3149 5504 3325 5557 erant,
3374 5495 3440 5546 ab
3499 5493 3605 5543 hu-

2029 5600 2183 5640 mana
2207 5585 2394 5656 procul
2416 5583 2809 5642 consuetudine
2829 5584 3116 5653 depellens.
3139 5581 3381 5637 Graviter
3411 5581 3605 5654 quippe

3252 5877 3325 5934 ιυ
