4070 6142
423 331 524 386 303

1690 324 1748 379 S.
1794 320 2068 381 ASTERII
2104 321 2408 377 AMASENI

3572 314 3677 375 ωδ

423 446 593 513 Isaac,
623 445 826 511 Jacob;
863 459 925 500 ac
953 458 1075 498 eum
1111 442 1347 497 virorum
1405 441 1800 507 recordatione,
1838 443 2000 498 totius

2110 458 2193 494 νου
2219 437 2377 510 ῥίζης
2402 436 2920 508 ἀποϐλαστήσαντας
2937 476 2950 500 ,
2975 435 3064 488 τὸν
3097 433 3302 500 Ἰσαὰκ,
3331 433 3421 488 τδν
3461 432 3677 498 Ἰακὼσ,

423 553 609 594 eorum
639 537 878 593 historiae
911 542 1238 605 spectatores
1290 532 1421 586 fiunt
1452 548 1467 587 :
1500 531 1578 584 sic
1607 540 1660 586 et
1691 546 1788 601 ego
1818 531 2002 595 hodie,

429 643 508 685 ter
531 630 667 686 beati
689 627 893 682 ‘Phocze
914 625 1220 680 venerabile
1256 623 1533 677 delubrum
1561 622 1776 688 adiens,
1802 637 1865 676 ex
1898 621 1998 676 loci

426 718 627 785 specie,
655 715 895 771 omnium
925 713 1083 767 simt‘tl
1132 727 1250 782 qua:
1276 711 1341 764 de
1373 711 1462 764 illo
1509 721 1658 779 gesta
1688 719 1998 778 narrantur,

428 807 688 862 memoria
742 804 968 876 repleor.
1001 802 1194 856 'Video
1229 801 1564 872 professione
1625 801 1996 864 hortulanum,

429 897 612 952 animo
670 895 991 965 simplicem,
1026 891 1344 960 hospitalem
1373 933 1388 958 ,
1445 892 1733 947 maritimae
1767 892 2002 960 regionis

426 982 684 1037 eximium
715 981 896 1043 decus,
933 981 982 1033 in
1034 979 1481 1034 mediterraneam
1520 979 1841 1043 beneficum,
1875 995 1999 1033 san-

429 1083 573 1129 etum
634 1074 785 1128 illum
822 1081 1166 1139 sanctorum;
1225 1088 1288 1126 ac
1323 1072 1408 1135 iis,
1444 1071 1534 1141 qui
1573 1070 1789 1126 ‘Christi
1841 1086 2000 1128 causa

429 1167 861 1224 eouseeutisunt
883 1165 1134 1232 gloriam,
1169 1165 1336 1234 gloria
1376 1164 1566 1233 potiori
1600 1171 1837 1217 aut-tum.

503 1345 615 1419 (45)
651 1344 820 1400 Sacer
855 1343 1071 1415 quidem
1103 1342 1504 1397 estac'divinus
1532 1343 1809 1396 universus
1843 1355 2005 1408 gene-

431 1452 678 1494 rosorum
721 1451 783 1490 ac
807 1435 1024 1489 fortium
1073 1442 1370 1504 martyrum
1406 1433 1700 1502 catalogus,
1732 1431 2002 1502 passione,

428 1527 666 1584 debitam
693 1540 791 1595 pro
813 1523 1064 1594 passione
1090 1523 1326 1578 referens
1349 1524 1595 1593 gratiam,
1635 1539 1697 1577 ac
1721 1521 2003 1592 sanguine,

431 1633 531 1689 pro
556 1615 818 1686 sanguine
853 1615 1086 1668 debitam
1118 1614 1357 1667 omnium
1389 1613 1652 1667 Salvatori
1678 1613 1891 1667 solvens
1920 1623 2003 1666 re-

429 1709 885 1764 munerationem.
917 1703 1138 1760 Verum
1206 1705 1257 1759 in
1316 1704 1399 1759 his
1460 1706 1610 1775 ipsis,
1645 1720 1750 1758 non
1792 1719 1894 1758 una
1927 1713 2007 1758 est

2100 532 2194 585 καὶ
2223 530 2358 602 μετὰ
2382 532 2480 601 τῆς
2518 529 2738 601 μνήμης
2765 527 2872 582 τῶν
2898 526 3126 599 ἀνδρῶν,
3167 527 3295 596 δλης
3330 525 3432 595 τῆς
3462 525 3547 578 ἐπ’
3583 526 3680 578 αὺ-

2098 625 2226 686 τοὺς
2257 622 2498 694 ἱστορίας
2529 619 2768 689 γίνονται
2803 619 3024 673 θεαταί·
3056 617 3198 671 οὓτω
3232 614 3389 684 κάγὼ
3419 615 3678 688 σήμερον,

2100 715 2192 769 τὸν
2212 714 2392 784 τίμιον
2420 712 2583 784 σηκὸν
2607 711 2700 764 τοῦ
2723 709 3121 783 τρισμακαρίου
3145 709 3309 761 Φωκᾶ
3334 706 3678 768 καταλαϐὼν,

2103 809 2166 860 ἐκ
2198 804 2292 858 τοῦ
2321 804 2486 857 τόπου
2520 802 2835 874 πληροῦμαι
2871 803 2970 872 τῆς
3020 802 3243 872 μνήμης
3286 800 3509 854 πάντων
3543 798 3683 871 ὁμοῦ

2103 897 2211 950 τῶν
2259 897 2347 950 ἐπ’
2386 893 2535 965 αὐτῷ
2584 893 2893 964 λεγομένων
2937 891 3328 962 διηγημάτων·
3369 889 3552 960 βλέπω
3593 889 3685 942 τὸν

2106 987 2382 1059 κηπουρὸν
2409 986 2470 1039 τὸ
2511 986 2876 1056 ἐπιτήδευμα,
2903 983 2994 1036 τὸν
3037 983 3314 1037 ἄπλαστον
3350 982 3449 1052 τὴν
3479 981 3682 1052 ψυχὴν,

2103 1076 2196 1130 τὸν
2235 1075 2510 1145 φιλόξενον
2530 1115 2544 1139 ,
2574 1073 2665 1126 τὸν
2694 1073 2795 1142 τῆς
2826 1070 3100 1142 παραλίας
3130 1071 3431 1142 ἐξαίρετον,
3463 1069 3554 1124 τδν
3585 1070 3685 1140 τῆς

2109 1164 2391 1238 μεσογείου
2420 1161 2735 1233 εὐεργέτην,
2764 1160 2872 1214 τῶν
2906 1159 3077 1229 ἁγίων
3106 1160 3198 1214 τὸν
3233 1162 3387 1230 ἅγιον
3407 1201 3422 1226 ,
3451 1160 3547 1215 καὶ
3575 1159 3687 1214 τῶν

2105 1252 2510 1323 δεδοξασμένων
2547 1249 2635 1304 διὰ
2667 1249 2900 1320 Χριστὸν
2930 1247 3292 1319 ἐνδοξότερον.

2187 1347 2353 1418 ’ἱερὸς
2406 1345 2504 1416 μὲν
2541 1343 2649 1414 γὰρ
2690 1343 2786 1396 καὶ
2830 1341 3116 1405 Θεσπέσιος
3166 1341 3313 1402 ἄπας
3355 1341 3384 1393 ὁ
3421 1339 3530 1392 τῶν
3563 1355 3680 1408 γεν-

2107 1440 2270 1494 ναίων
2303 1436 2596 1509 μαρτύρων
2627 1435 2925 1503 κατάλογος
2945 1474 2959 1497 ,
2992 1433 3154 1487 πάθει
3186 1433 3284 1503 τὴν
3308 1431 3450 1502 ὑπὲρ
3479 1430 3688 1494 πάθους

2107 1529 2342 1592 ἀποδοὺς
2374 1526 2554 1598 χάριν,
2591 1527 2781 1596 αἵματι
2815 1525 2872 1578 δὲ
2901 1524 2998 1596 τὴν
3027 1523 3166 1596 ὑπὲρ
3197 1523 3426 1592 αἵματος
3451 1522 3530 1593 τῷ
3570 1523 3688 1576 Σω-

2108 1620 2234 1692 τῆρι
2261 1618 2369 1672 τῶν
2394 1617 2529 1671 ὅλων
2556 1616 2788 1688 ἀμοιϐὴν
2821 1615 3201 1686 ἐκπληρώσας.
3234 1616 3381 1688 Πλὴν
3415 1617 3474 1670 ὲν
3502 1616 3686 1678 αὐτοῖς

2108 1712 2347 1778 τούτοις,
2383 1711 2445 1764 οὐ
2481 1710 2582 1780 μία
2621 1708 2729 1762 τῶν
2777 1709 2994 1764 πάντων
3029 1709 3062 1780 ἡ
3096 1708 3245 1774 δόξα,
3299 1707 3420 1760 οὐδὲ
3462 1706 3602 1778 πρὸς
3628 1705 3688 1758 ἒν

431 1801 673 1856 omnium
713 1799 906 1869 gloria,
961 1812 1060 1851 nec
1102 1813 1207 1850 una
1253 1811 1503 1851 mensura
1537 1799 1745 1852 eunetis
1781 1798 2006 1866 aequalia

2115 1802 2310 1873 μέτρον
2343 1800 2432 1854 ίσα
2458 1799 2527 1854 τὰ
2560 1799 2699 1869 γέρα
2727 1801 2839 1863 τοῖς
2862 1799 3004 1863 ὅλοις
3034 1799 3488 1871 ἀποκεκλήρωται
3507 1815 3519 1828 ’
3552 1797 3688 1852 ἀλλὰ

432 1893 688 1948 attributa
721 1900 848 1946 sunt
874 1890 1091 1960 praemia
1123 1907 1137 1944 :
1167 1889 1296 1959 quin
1335 1890 1565 1960 primum
1603 1902 1656 1945 et
1693 1889 2008 1951 secundum,

433 1997 501 2039 ne
518 1992 828 2038 sanctorum
858 1982 1072 2052 quidem
1100 1979 1285 2052 effugit
1313 1983 1608 2052 catalogus.
1644 1982 1810 2048 llnjus
1835 1992 2010 2036 autem

433 2075 538 2141 rei,
559 2083 621 2129 ut
643 2073 904 2138 arbitror,
933 2087 1093 2126 causa
1121 2081 1224 2136 est,
1247 2073 1391 2142 quod
1425 2073 1495 2125 sit
1517 2072 1676 2142 judex
1703 2082 2007 2136 accuratus,

434 2183 535 2223 nec
562 2166 854 2238 quidquam
885 2165 936 2220 in
974 2173 1180 2234 partem
1215 2163 1441 2218 alteram
1476 2163 1671 2217 inﬂecti
1706 2171 1887 2232 queat.
1931 2161 2014 2215 In—

435 2269 620 2313 tuetur
649 2257 792 2313 enim
823 2264 875 2310 et
905 2254 1292 2324 suppliciorum
1320 2254 1766 2324 magnitudinem,
1803 2263 1857 2306 et
1881 2251 2013 2304 tole-

435 2351 628 2405 rantia:
656 2349 1017 2404 eonsuntlam
1046 2363 1059 2412 ;
1103 2347 1531 2414 examinansque
1565 2344 1881 2410 certamina,
1916 2357 2011 2412 pro

435 2441 750 2496 merltorum
773 2438 986 2493 ratione
1020 2437 1238 2492 athletis
1266 2436 1539 2492 distribuit
1566 2435 1802 2505 praemia.
1831 2433 2012 2502 Neque

433 2545 564 2587 vero
591 2530 894 2585 mirandum
944 2538 1047 2592 est,
1075 2529 1156 2583 "ita
1203 2544 1232 2581 a
1285 2527 1394 2582 Deo
1429 2527 1685 2581 honorari
1732 2526 1999 2596 justitiam

435 2639 556 2678 eum
594 2639 659 2678 ne
702 2622 753 2676 in
784 2621 1037 2678 humanis
1067 2620 1281 2690 quidem
1325 2619 1680 2688 imperatores
1706 2632 1769 2671 ae
1813 2631 2014 2686 agono-

438 2717 622 2778 theta,
662 2714 806 2768 viros
839 2711 1029 2775 fortes,
1075 2720 1167 2765 aut
1204 2711 1432 2781 pugiles,
1476 2709 1762 2778 arqualiter
1799 2709 2015 2764 univerc

435 2820 526 2860 sos
557 2803 827 2868 habeant;
875 2802 970 2857 sed
1011 2802 1228 2870 cuique,
1258 2820 1262 2824 ’
1288 2816 1386 2870 pro
1443 2801 1519 2855 rei
1559 2801 1822 2870 praeclare
1855 2811 2016 2870 gestae

437 2894 619 2957 modo,
653 2894 794 2948 dona
825 2907 1064 2961 congrua
1098 2894 1410 2946 decernant.

511 2982 635 3038 llaec
687 2993 871 3037 autem
929 2981 1202 3046 disserui,
1255 2995 1366 3052 quo
1394 2982 1589 3049 virum,
1638 2983 1736 3053 'qui
1768 2983 2013 3039 hodierni

438 3083 737 3128 conventus
768 3072 922 3127 nobis
951 3071 1181 3141 praebuit
1211 3086 1456 3134 causam,
1488 3073 1672 3138 sociis,
1725 3087 1790 3126 ae
1824 3073 2016 3143 pugili-

439 3169 559 3233 bus,
601 3166 691 3235 qui
733 3163 948 3220 eosdem
1004 3163 1336 3218 desudarunt
1390 3179 1620 3235 agones,
1672 3163 2014 3220 illustriorem

437 3257 752 3324 ostendam;
803 3270 930 3310 nam
986 3254 1078 3309 alii
1144 3255 1384 3325 quidem,
1418 3270 1592 3328 neque
1631 3255 1835 3311 'omncs
1881 3257 2016 3327 apud

437 3365 627 3406 omnes
660 3358 786 3405 sunt
817 3349 950 3418 uoti,
975 3365 1150 3421 neque
1171 3350 1450 3404 hominum
1481 3364 1733 3404 sermone
1763 3350 2016 3403 virtutem

439 3443 767 3498 celebratam
799 3441 1000 3496 habent
1033 3457 1046 3492 :
1092 3441 1326 3495 Phocam
1380 3449 1561 3494 autem
1615 3455 1772 3494 nemo
1807 3449 1890 3494 est
1927 3439 2018 3508 qui

442 3537 693 3604 ignoret:
739 3533 830 3585 sed
879 3533 1148 3602 quomodo
1205 3532 1336 3586 solis
1393 3531 1576 3584 radius
1641 3530 2016 3585 universorum

439 3626 610 3680 oculis
657 3624 955 3692 explicatus
1011 3631 1139 3678 est:
1204 3623 1278 3678 ita
1339 3622 1500 3676 etiam
1558 3620 1715 3691 hujus
1765 3623 2020 3692 martyris

443 3718 584 3770 fama
641 3715 880 3769 omnium
911 3730 1070 3770 aures
1099 3715 1521 3782 circumsonuit;
1555 3725 1713 3784 atque
1740 3724 1792 3771 ut
1833 3716 2018 3786 paucis

440 3809 640 3873 dicam,
661 3816 921 3875 quotquot
949 3805 1228 3861 Dominum
1252 3806 1526 3862 Christum
1546 3819 1828 3877 noverunt,
1859 3808 2020 3864 iidem

441 3914 656 3970 quoque
684 3901 799 3966 ejus
827 3908 1090 3954 noverunt
1116 3899 1326 3954 fidelem
1353 3915 1593 3956 servum.
1621 3898 1817 3956 Verum
1850 3902 2021 3956 enim-

370 3988 375 3992 ’
444 4009 574 4049 vero
606 3993 828 4074 relietts,
870 3993 915 4048 si
946 3993 1173 4058 videtur,
1205 4008 1322 4063 quae
1351 3993 1438 4048 ille
1470 4010 1590 4050 eum
1613 3994 1734 4050 aliis
1773 3997 2020 4050 encomia

443 4086 607 4140 habet
632 4086 958 4151 communia,
993 4087 1223 4140 eximias
1256 4087 1513 4158 martyris
1563 4087 1784 4153 laudes,
1819 4098 2022 4160 marty-

443 4193 560 4233 rum
595 4179 903 4233 amantibus
938 4178 1088 4233 vobis
1114 4178 1427 4234 recensebo.

515 4271 664 4326 Tulit
693 4272 874 4341 itaque
902 4280 1151 4326 sanetum
1189 4271 1330 4325 hunc
1375 4271 1576 4338 virum;
1634 4285 1905 4340 magnum,
1936 4270 2020 4324 in-

440 4380 635 4434 quam,
668 4365 797 4418 illud
847 4362 1284 4418 Christianorum
1319 4363 1686 4429 commodum,
1711 4363 1887 4418 vicina
1935 4361 2020 4417 Si-

2112 1889 2172 1942 τὸ
2194 1887 2408 1960 πρῶτον
2451 1888 2546 1941 καὶ
2572 1886 2842 1959 δεύτερον,
2871 1888 2990 1941 οὐδὲ
3024 1891 3052 1942 ὁ
3080 1888 3188 1941 τῶν
3225 1889 3394 1957 ἁγίων
3431 1888 3688 1958 ἐκφεύγει

2113 1981 2431 2050 κατάλογος.
2461 1983 2643 2034 Αἴτιον
2669 1980 2726 2032 δὲ
2758 1975 2910 2052 οἶμαι
2949 1980 3169 2045 τούτου,
3201 1981 3262 2034 τὸ
3291 1980 3411 2034 λίαν
3445 1982 3686 2052 ἀπηκρι-

2114 2069 2356 2141 6ωμένον
2377 2068 2469 2123 τοῦ
2493 2068 2678 2141 κριτοῦ
2704 2073 2798 2122 καὶ
2817 2069 3202 2142 ἀπρόσκλιτον.
3242 2070 3444 2143 Ἐφορᾷ
3461 2071 3568 2143 γὰρ
3596 2071 3694 2126 καὶ

2109 2161 2392 2232 τιμωριῶν
2423 2161 2648 2232 μεγέθη,
2685 2162 2781 2216 καὶ
2819 2163 3113 2235 καρτερίας
3142 2165 3440 2229 ἐνστάσεις,
3469 2166 3562 2217 καὶ
3591 2163 3687 2234 βα-

2119 2251 2348 2315 σανίζων
2395 2252 2463 2306 τὰ
2507 2252 2902 2323 ἀγωνίσματα,
2950 2252 3047 2317 τὰς
3086 2253 3220 2324 πρὸς
3269 2253 3426 2320 ἀξίαν
3458 2252 3692 2325 ἀμοιϐὰς

2114 2343 2358 2412 διανέμει
2382 2344 2500 2405 τοῖς
2529 2341 2808 2413 ἀθληταῖς.
2845 2343 2954 2396 Καὶ
2998 2342 3300 2414 παράδοξον
3330 2343 3599 2414 οὐδαμῶς,
3642 2344 3692 2398 ιι

2116 2435 2266 2506 παρὰ
2303 2434 2438 2488 Θεοῦ
2470 2434 2614 2488 οὕτω
2634 2437 2858 2505 τιμᾶται
2885 2435 2944 2488 τὸ
2973 2431 3204 2498 δίκαιον,
3227 2435 3388 2489 ὁπότε
3431 2437 3525 2490 καὶ
3559 2435 3693 2506 παρ’

2075 2527 2247 2596 ’ἡμῖν
2297 2527 2594 2598 στρατηγοὶ
2626 2528 2719 2580 καὶ
2764 2525 3098 2597 ἀγωνοθέται
3146 2527 3246 2580 οὐκ
3303 2526 3405 2581 ἴσοι
3453 2527 3691 2596 γίνονται

2115 2621 2226 2682 τοῖς
2264 2617 2598 2689 ἀριστεῦσιν,
2629 2619 2662 2690 ἢ
2693 2621 2807 2682 τοῖς
2834 2621 3161 2687 ἀγωνισταῖς
3180 2638 3192 2650 ο
3226 2619 3363 2674 ἀλλὰ
3385 2620 3451 2690 δὴ
3478 2620 3693 2693 ἑκάστῳ

2117 2709 2259 2764 κατὰ
2280 2709 2342 2763 τὸ
2367 2710 2569 2784 μέτρον
2591 2710 2686 2764 τοῦ
2716 2710 3163 2784 κατορθώματος,
3199 2711 3298 2775 τὰς
3329 2710 3537 2782 δωρεὰς
3564 2711 3692 2766 ἀνα-

2117 2800 2376 2871 λογούσας
2403 2802 2810 2873 ὲπιψηφίζουσι.

2190 2974 2374 3030 Ταῦτα
2406 2977 2463 3030 δὲ
2503 2975 2737 3049 διῆλθον,
2767 2978 2854 3031 ἵνα
2889 2977 3068 3043 δείξω,
3119 2977 3195 3041 ώς
3237 2978 3264 3030 ό
3291 2978 3530 3050 σήμερον
3563 2979 3700 3050 ἡμῖν

2120 3068 2414 3141 παρασχὼν
2452 3068 2544 3123 τοῦ
2575 3069 2834 3139 συλλόγου
2871 3074 2970 3142 τὴν
3011 3071 3286 3142 ἀφορμὴν,
3329 3069 3436 3124 τῶν
3467 3071 3701 3143 ἑταίρων

2044 3134 2089 3194 C
2121 3162 2216 3216 atat
2254 3160 2667 3231 συναγωνιστῶν
2694 3164 2808 3216 ἐστι
2837 3162 3315 3233 περιφανέστερος.
3349 3162 3412 3215 Ol
3458 3161 3555 3232 μὲν
3590 3160 3699 3233 γὰρ

2121 3252 2292 3316 ἄλλοι,
2319 3253 2378 3307 οὗ
2419 3254 2618 3317 πάντες
2653 3253 2802 3324 παρὰ
2835 3256 2972 3307 πᾶσι
3012 3252 3396 3326 γνωρίζονται,
3441 3253 3560 3306 οὐδὲ
3611 3251 3702 3322 βε-

2121 3343 2589 3416 ϐοημένηνέχουσι
2613 3346 2709 3417 τὴν
2727 3345 3094 3417 ἀνδραγαθίαν
3119 3363 3133 3376 ο
3153 3347 3348 3400 Φωκᾶν
3363 3348 3408 3378 ³⁸
3433 3346 3534 3399 οὐκ
3556 3344 3702 3399 ἔστιν

2119 3437 2179 3500 ὃς
2207 3439 2408 3507 ἀγνοεῖ*
2431 3438 2544 3491 ἀλλ’
2568 3437 2756 3508 ῶσπερ
2782 3439 2938 3502 ἀκτὶς
2964 3440 2996 3508 ἡ
3019 3437 3110 3491 τοῦ
3135 3438 3286 3508 ἡλίου
3313 3439 3477 3492 πᾶσιν
3498 3435 3701 3507 ὀφθαλ-

2125 3531 2244 3600 μοῖς
2278 3529 2631 3602 ὲφήπλωται,
2672 3530 2812 3584 οὓτω
2852 3530 2947 3584 καὶ
2982 3532 3015 3600 ὴ
3055 3529 3147 3582 τοῦ
3187 3530 3464 3603 μάρτυρος
3507 3529 3699 3584 τούτου

2123 3621 2280 3692 φήμη
2346 3623 2527 3676 πᾶσαν
2581 3622 2752 3694 ἀκοὴν
2808 3623 3143 3694 περιήχησε·
3190 3624 3283 3675 καὶ
3321 3622 3411 3677 ἵνα
3467 3619 3703 3676 συνελὼν

2123 3712 2264 3765 εῐπω
2286 3753 2298 3775 ,
2330 3714 2444 3766 ὅσοι
2467 3714 2556 3767 τὸν
2601 3715 2877 3783 Δεσπότην
2918 3712 3224 3786 ἐγνώρισαν
3253 3713 3490 3786 Χριστὸν
3510 3753 3526 3780 ,
3556 3707 3703 3767 οὗτοι

2123 3805 2218 3858 καὶ
2249 3803 2339 3858 τὸν
2373 3805 2563 3858 πιστὸν
2593 3805 2778 3859 δοῦλον
2808 3803 3113 3874 ἐγνώρισαν
3137 3823 3150 3838 ·
3197 3805 3397 3876 μᾶλλον
3428 3805 3507 3870 δὲ,
3537 3806 3586 3858 εί
3614 3805 3702 3859 δο-

2123 3899 2228 3962 κεῖ,
2261 3898 2368 3950 τῶν
2398 3897 2592 3951 κοινῶν
2631 3898 2768 3968 πρὸς
2804 3899 2929 3960 τοὺς
2961 3897 3152 3961 ἄλλους
3182 3897 3472 3968 ἐγκωμίων
3495 3897 3705 3969 ἀφέμε-

2123 4006 2233 4056 νος,
2257 3987 2326 4041 τὰ
2345 3987 2598 4059 ἐξαίρετα
2623 3986 2716 4041 τοῦ
2750 3987 3026 4059 μάρτυρος
3075 3987 3392 4060 διηγήματα
3435 3989 3563 4060 ὑμῖν
3591 3991 3703 4052 τοῖς

2124 4077 2484 4150 φιλομὰρτυσι
2517 4077 2871 4149 διηγήσομαι.

2199 4275 2434 4343 Ἤνεγκε
2470 4275 2648 4330 τοίνυν
2691 4275 2782 4330 τὸν
2817 4276 2972 4344 ἇγιον
3015 4277 3183 4348 ἄνδρα
3214 4275 3436 4343 τοῦτον,
3473 4277 3528 4332 τὺ
3563 4278 3706 4349 μέγα

2127 4368 2468 4439 Χριστιανῶν
2503 4368 2717 4436 ὄφελος,
2746 4372 2779 4440 ή
2809 4371 3004 4438 γείτων
3029 4369 3268 4440 Σινώπη,
3316 4370 3471 4434 πόλις
3499 4372 3706 4443 ἀρχαία

443 4470 606 4526 nepe,
657 4457 876 4526 antiqua
905 4457 1095 4510 civitas
1121 4469 1184 4508 ae
1216 4463 1358 4520 nota,
1414 4454 1634 4509 fortium
1683 4456 1923 4510 virorum
1955 4470 2010 4510 ac

2126 4461 2220 4513 xu).
2257 4459 2568 4531 γνώριμος,
2610 4459 2842 4533 εὔπορος
2878 4462 3162 4533 καρτερῶν
3188 4464 3229 4494 ³⁷
3275 4465 3368 4516 καὶ
3397 4463 3707 4534 φιλοσόφων

443 4547 884 4618 philosophorum
921 4545 1092 4601 ferax.
1153 4545 1228 4600 Ne
1277 4546 1397 4614 quis
1425 4547 1568 4601 enim
1616 4547 1747 4600 mihi
1789 4547 1842 4601 in
1882 4562 2010 4617 prce.

2125 4552 2354 4624 ἀνδρῶν.
2391 4553 2483 4624 Μὴ
2515 4553 2624 4623 γάρ
2659 4553 2752 4624 μοί
2791 4571 2874 4618 τις
2906 4554 3206 4622 λογιζέσθω
3231 4554 3327 4608 νῦν
3353 4555 3415 4609 τὸ
3439 4555 3540 4624 τῆς
3571 4555 3708 4627 θρη-

444 4641 740 4694 seutiarum
771 4640 1044 4694 diversam
1070 4637 1382 4705 religionem
1413 4647 1661 4708 reputet;
1693 4641 1786 4694 sed
1823 4639 1872 4694 id
1908 4650 2010 4694 tau-

2123 4643 2308 4706 σκείας
2332 4641 2608 4714 διάφορον.
2633 4644 2749 4697 ἁλλ’
2773 4647 2822 4698 εί
2856 4646 3161 4700 σπουδαίων
3182 4647 3318 4710 ὅλως
3344 4647 3554 4719 ἀνδρῶν
3583 4664 3708 4720 τρο-

447 4744 581 4794 tum,
616 4745 741 4783 num
780 4729 1002 4782 omnino
1031 4729 1394 4782 studiosorum
1429 4731 1666 4783 virorum
1699 4731 1880 4785 nutrix
1908 4730 2010 4786 fue-

2123 4733 2222 4803 φδς
2244 4735 2336 4788 καὶ
2362 4736 2544 4806 μήτηρ
2563 4735 2798 4806 ἐδείχθη.
2834 4736 3117 4808 Ἐπιτήδευ
3126 4754 3202 4806 μα
3215 4737 3270 4790 δὲ
3291 4736 3440 4808 αὐτῷ
3453 4737 3546 4790 τοῦ
3567 4736 3706 4806 βίου,

444 4825 514 4878 rit
544 4837 607 4876 ae
639 4835 851 4892 parens.
887 4818 1020 4882 Vitae
1044 4827 1220 4874 autem
1245 4819 1480 4874 studium
1523 4822 1570 4874 ei
1595 4830 1710 4875 erat
1741 4822 1878 4878 horti
1909 4823 2010 4877 enl'

2124 4827 2301 4897 κήπου
2331 4826 2576 4898 γεωργία
2603 4829 2698 4882 καὶ
2728 4828 3049 4900 ἐπιμέλεια,
3074 4830 3243 4900 ὅνπερ
3263 4829 3428 4883 αὑτοῦ
3460 4846 3563 4883 που
3599 4830 3707 4902 πρὸ

447 4927 588 4979 tura,
623 4926 783 4982 quem
816 4910 887 4964 ibi
919 4921 1046 4965 ante
1077 4920 1288 4979 portam
1321 4909 1559 4964 civitatis
1593 4911 1643 4964 in
1671 4911 1858 4967 Isthmi
1881 4915 2010 4968 ostio

2122 4917 2223 4986 τῆς
2257 4918 2434 4989 πύλης
2463 4917 2558 4972 τοῦ
2587 4918 2780 4982 ἄστεος
2819 4921 2912 4973 ὲπὶ
2934 4920 3028 4973 τοῦ
3060 4921 3328 4992 στόματος
3350 4919 3443 4973 τοῦ
3485 4919 3704 4990 Ἰσθμοῦ

446 5007 748 5076 possidens,
769 5002 1058 5074 diligenter
1083 5002 1318 5066 colebat,
1351 5013 1409 5054 ut
1433 5001 1537 5057 sibi
1563 5017 1627 5057 ac
1657 5002 2010 5072 indigentibus

2119 5026 2286 5080 κεκτη
2295 5011 2473 5081 μένος,
2488 5012 2646 5083 ἤσκει
2666 5012 2965 5080 φιλοπόνως
2977 5055 2986 5070 ,
3003 5011 3182 5082 ἑαυτῷ
3195 5012 3410 5073 καὶτοῖς
3426 5009 3708 5081 δεομένοις

444 5103 588 5149 esset
613 5093 735 5149 vitae
763 5093 1032 5148 solatium.
1067 5090 1176 5146 Sed
1201 5102 1254 5144 et
1285 5089 1611 5158 hospitibus,
1666 5102 1916 5162 prompto
1957 5108 2010 5147 ac

2119 5101 2470 5173 παραμυθίαν
2495 5103 2589 5156 τοῦ
2614 5102 2753 5172 βίου.
2778 5101 2997 5171 Ἤνοιγε
3023 5103 3080 5156 δὲ
3105 5104 3198 5156 καὶ
3227 5104 3335 5165 τοίς
3363 5101 3541 5168 ξένοις
3564 5101 3710 5172 μάλα

447 5185 612 5239 alacri
635 5186 836 5251 animo,
869 5199 1087 5253 parvam
1115 5198 1177 5237 ac
1209 5196 1494 5252 pauperem
1520 5181 1742 5238 domum
1776 5193 2010 5252 apertam

2120 5192 2416 5264 προθύμως
2462 5193 2562 5263 τὴν
2608 5193 2810 5264 μικρὰν
2845 5193 2940 5246 καὶ
2969 5193 3270 5263 πενομένην
3315 5191 3523 5245 ἑστίαν.
3577 5192 3710 5245 Ἐπ-

446 5275 681 5332 volebat.
709 5275 845 5330 Cum
870 5286 1051 5330 autem
1082 5275 1354 5331 habitaret
1396 5276 1450 5330 in
1480 5277 1562 5329 via
1612 5276 1845 5345 publica,
1895 5292 2010 5346 qua:

2120 5282 2283 5336 οικῶν
2311 5283 2366 5335 δὲ
2396 5286 2460 5353 τῇ
2492 5283 2771 5354 λεωφόρῳ,
2808 5281 2965 5336 κοινὰ
2992 5285 3107 5346 τοῖς
3127 5280 3454 5353 ἐπιδημοῦσι
3487 5279 3710 5350 προετίο

449 5364 826 5437 suppetebant,
875 5365 1286 5421 adventantibus
1343 5367 1648 5421 communia
1689 5367 2010 5437 proruebat;

2125 5374 2206 5428 θει
2239 5375 2307 5430 τὰ
2344 5375 2507 5431 ὄντα·
2561 5377 2656 5430 καὶ
2687 5375 2850 5446 μέσος
2887 5376 2932 5407 ’³
2983 5371 3051 5446 ἦν
3086 5374 3230 5436 Λὼτ,
3280 5374 3342 5427 ου
3380 5369 3706 5442 Σοδομιτῶν,

449 5475 512 5516 ac
538 5458 634 5517 Lot
676 5459 891 5529 quidam
919 5457 1150 5525 medius,
1181 5474 1286 5514 non
1307 5459 1708 5514 Sodomitarum
1739 5461 1833 5515 sed
1857 5459 2010 5514 Sino-

2124 5463 2259 5516 ἀλλὰ
2293 5462 2603 5518 Σινωπέων.
2637 5464 2743 5518 Τοῦ
2776 5465 2833 5519 δὲ
2862 5464 3056 5535 χρόνου
3086 5462 3461 5537 προελθόντος,
3495 5463 3589 5535 τὴν
3617 5462 3707 5520 ὲν-

520 5601 566 5634 “
609 5601 762 5656 Deest
795 5610 972 5671 negat.
1006 5601 1058 5654 in
1103 5598 1262 5655 Sirm.
1311 5601 1513 5655 codice.
1597 5601 1639 5632 ’⁷
1677 5598 1841 5655 Sirnt.
1876 5615 2009 5668 γενα

2116 5643 2129 5656 .
2205 5601 2251 5632 ³⁸
2277 5600 2441 5655 Sirrn.
2465 5598 2603 5662 νέος.

524 5737 634 5809 (43)
677 5739 873 5795 Desunt.
896 5739 1073 5794 omnia
1099 5737 1379 5808 superiora
1425 5736 1477 5789 in
1507 5737 1838 5806 autographo
1867 5735 1930 5790 lt.
1957 5735 2018 5790 P.
2049 5737 2342 5801 Sirnmndi,
2386 5748 2433 5792 et
2471 5735 2609 5808 apud
2652 5734 2894 5791 Suriutu.
