4070 6142
363 330 472 387 813

1435 341 1720 402 HOMILIA
1758 350 1824 404 Χ.
1869 351 1934 406 IN
1977 353 2075 409 SS.
2117 356 2518 416 MAll'IYRES.

3503 369 3607 429 5M

359 435 518 549 οὗτος
552 443 580 496 ό
609 441 811 516 κλῆρος
844 450 944 520 τῆς
967 447 1264 521 ἀγορασίαις
1295 455 1524 525 περιϊὼν
1563 460 1832 528 ἅπαντας,
1865 464 1939 518 δί-

2046 471 2326 538 eruptionis
2359 474 2638 529 universos
2668 475 2876 541 obiens,
2899 476 3067 546 partis
3105 486 3400 547 emptorem
3425 482 3606 549 quoti-

360 533 494 591 δωσι
531 536 855 610 καθημέραν
891 541 989 610 τῆς
1029 544 1247 615 μερίδος
1291 547 1381 599 τὸν
1416 548 1652 623 ὠνητήν.
1693 555 1938 611 Ἐπειδὰν

357 628 417 683 δὲ
442 629 612 700 ὅρμος
640 630 838 694 αὐτοὺς
865 632 1214 706 ὑποδέξηται,
1244 639 1338 691 καὶ
1363 641 1442 703 είς
1476 641 1580 711 γῆν
1610 645 1934 715 ἀφίκωνται,

362 717 646 812 μερίζεται
672 721 734 774 τὸ
771 723 1037 796 ἀργύριον
1072 731 1182 791 τοῖς
1216 730 1473 785 πεινῶσι·
1523 733 1737 808 τοῦτοή
1780 739 1937 812 μερὶς

357 809 453 864 τοῦ
475 813 658 876 Φωκᾶ,
686 817 936 886 πενήτων
962 819 1276 890 εὐεργεσία.

432 901 714 974 Τεθήπασι
745 907 935 962 τοῦτον
959 912 1053 964 καὶ
1081 911 1322 981 βασιλεῖς
1345 916 1435 970 τὸν
1465 919 1936 990 καρτερικώτατον

362 995 456 1050 καὶ
485 997 750 1067 φιλόθεον,
769 1001 864 1054 καὶ
888 1003 1192 1074 φιλοτίμοις
1209 1009 1511 1080 κειμηλίοις
1531 1014 1934 1085 κατακοσμοῦσι

359 1088 452 1141 τοῦ
486 1090 849 1160 περιϐλέπτου
893 1095 1124 1166 πένητος
1152 1098 1244 1151 τὸν
1281 1101 1428 1156 ναόν.
1472 1103 1838 1159 Φιλονεικοῦσι
1877 1107 1934 1160 δὲ

358 1182 405 1233 oi
463 1183 832 1254 ὲπιγινόμενοι
866 1188 994 1250 τοὺς
1050 1191 1454 1263 πρεσϐυτέρους
1509 1196 1931 1268 ὑπερϐαλέσθαι.

358 1273 468 1328 Καὶ
517 1274 674 1329 οῦπω
722 1278 1057 1350 θαυμαστὸν,
1104 1286 1152 1338 εί
1194 1284 1296 1355 τῆς
1332 1286 1616 1358 Ῥωμαίων
1641 1292 1936 1362 ἡγεμονίας

356 1367 548 1439 ἄνδρες
588 1369 952 1438 φιλευσεϐεἰς,
993 1374 1216 1447 θεσμοῖς
1254 1381 1349 1433 καὶ
1393 1382 1580 1452 νόμοις
1621 1382 1929 1453 σύντροφοι,

355 1459 528 1526 οὕτως
557 1460 803 1528 εὐλαϐῶς
827 1465 1009 1536 έχουσι
1041 1469 1170 1540 περὶ
1198 1471 1290 1526 τὸν
1319 1457 1626 1544 θεράποντα
1670 1473 1766 1528 τοῦ
1796 1477 1931 1546 Χρι-

358 1553 503 1620 ατοῦ,
535 1556 699 1609 ὁπότε
742 1559 840 1610 καὶ
880 1561 961 1622 εἰς
996 1559 1309 1634 βαρϐάρους
1336 1564 1475 1636 ἔφθη
1504 1566 1565 1619 τὸ
1598 1565 1811 1637 θαῦμα·
1839 1567 1934 1620 καὶ

357 1649 558 1713 πάντες
585 1651 632 1702 οἱ
660 1649 988 1721 ἀγριώτατοι
1013 1653 1240 1722 Σκύθαι,
1279 1656 1393 1710 ὅσοι
1415 1656 1478 1729 δὴ
1505 1657 1606 1730 τὴν
1634 1657 1932 1728 ἀντιπέρας

355 1739 448 1794 τοῦ
493 1741 749 1805 Εὐξείνου
783 1742 984 1796 Πόντου
1027 1745 1256 1817 ἡπειρον
1289 1747 1580 1820 νέμονται,
1629 1747 1932 1811 Μαιώτιδος

2040 561 2127 615 die
2149 563 2416 634 'snggerit.
2453 563 2743 635 Postquam
2768 577 2947 623 autent
2979 583 3073 624 eos
3097 581 3286 640 portus
3307 572 3604 642 exceperit,

2039 655 2381 710 distribuitur
2418 655 2680 715 famelicis
2712 660 2937 716 collecta
2975 663 3200 732 pecunia
3240 681 3252 716 :
3289 663 3448 734 idque
3485 679 3613 734 pars

2037 747 2231 805 Phocte
2279 761 2382 817 est,
2421 766 2716 822 pauperum
2744 753 3120 811 beneﬁcentia.

2113 925 2245 979 Eum
2281 942 2493 998 quoque
2541 944 2696 999 reges
2744 931 3100 997 admirantur,
3142 933 3232 1002 qui
3283 931 3608 988 fortissimus

2037 1016 2427 1086 religiosusque
2484 1020 2795 1086 exstiterit,
2890 1022 3325 1092 suspiciendique
3360 1023 3606 1094 pauperis

2035 1109 2202 1162 aedem
2225 1124 2457 1177 sacram,
2495 1111 2764 1180 praeclaris
2789 1127 2854 1167 ac
2883 1113 3185 1182 magniﬁcis
3213 1118 3478 1170 ekornaut
3508 1116 3605 1170 do-

2037 1197 2223 1251 nariis.
2261 1197 2624 1263 Coutenduut,
2652 1200 3000 1270 qnijuniores
3025 1204 3307 1268 accedunt,
3339 1219 3598 1272 superare

2035 1300 2263 1345 veteres.
2304 1289 2411 1345 Nec
2434 1291 2546 1359 jam
2572 1294 2786 1360 mirum,
2817 1303 2877 1348 ut
2907 1293 3130 1350 Romani
3189 1295 3398 1364 imperii
3433 1297 3605 1350 homi-

2037 1395 2134 1437 nes
2171 1383 2264 1452 pii,
2295 1398 2522 1453 quorum
2580 1385 2689 1439 vita
2750 1386 2957 1456 regitur
2987 1386 3228 1441 moribus
3268 1397 3430 1458 atque
3479 1388 3607 1458 legi-

2035 1474 2154 1538 bus,
2182 1489 2352 1543 usque
2379 1475 2513 1531 adeo
2541 1475 2744 1531 Christi
2791 1475 3049 1531 famulum
3096 1487 3446 1544 venerentur,
3482 1494 3608 1534 cum

2035 1566 2102 1620 ad
2143 1581 2312 1636 usque
2344 1567 2603 1623 barbaros
2626 1570 2933 1640 pervenerit
2965 1569 3288 1636 admiratio;
3318 1569 3601 1624 ferissimi-

2034 1673 2138 1727 que
2167 1673 2358 1714 omnes
2411 1657 2647 1731 Scythae,
2705 1669 2989 1729 quotquot,
3057 1661 3312 1729 inquam,
3362 1662 3609 1718 habitant

2037 1749 2396 1803 continentem
2427 1763 2490 1803 ex
2515 1750 2742 1803 adverso
2771 1747 2956 1803 Pontis
2975 1749 3168 1804 Ettxini
3193 1767 3207 1816 ;
3236 1751 3433 1805 accola:
3458 1750 3609 1806 lacus

356 1830 572 1903 λίμνης,
601 1833 696 1886 καὶ
725 1834 974 1904 ποταμοῦ
998 1837 1260 1901 Τανάῖδος
1285 1839 1588 1910 πρόσοικοι,
1622 1840 1735 1892 ὅσοι
1764 1855 1822 1892 τε
1842 1838 1935 1893 τὸν

2046 1837 2320 1904 Maeotidis,
2351 1854 2414 1894 ac
2441 1837 2586 1893 ﬂuvii
2616 1839 2895 1904 Tanaidis,
2934 1855 2998 1895 ac
3039 1841 3345 1910 quicunque
3369 1841 3611 1896 incolunt

357 1925 631 1997 Βόσπορον
661 1925 892 1992 οἰκοῦσι,
929 1929 1022 1982 καὶ
1059 1931 1186 2002 ἄχρι
1217 1931 1442 1995 Φάσιδος
1476 1932 1723 2004 ποταμοῦ
1756 1949 1936 2004 παρα-

354 2016 643 2084 τείνονται,
671 2019 873 2084 πάντες
919 2015 1064 2074 οῦτοι
1110 2021 1466 2094 δορυφοροῦσι
1515 2025 1590 2094 τῷ
1636 2023 1933 2094 κηπουρίξν

354 2110 470 2171 τοῖς
529 2107 588 2161 δὲ
637 2111 806 2163 πᾶσιν
859 2109 1007 2166 ἔθεσι
1056 2111 1153 2165 καὶ
1201 2112 1598 2184 ἐπιτηδεύμασι
1651 2113 1937 2176 διεστῶτες

355 2199 533 2269 ἡμῶν,
582 2203 663 2263 είς
705 2199 866 2254 τοῦτο
903 2203 1064 2273 μόνον
1105 2203 1488 2274 ὁμογνώμονες
1528 2205 1788 2274 γίνονται,
1837 2205 1936 2276 τὴν

353 2292 659 2363 ἀγριότητα
684 2293 794 2346 τῶν
817 2293 1037 2365 τρόπων
1060 2295 1165 2348 ὑπὸ
1194 2295 1296 2366 τῆς
1334 2295 1592 2368 ἀληθείας
1640 2296 1940 2367 ὲζημερού-

360 2400 528 2452 μενοι.
583 2379 679 2448 Εἷς
743 2384 874 2454 γοῦν
905 2385 1090 2456 ἄρχων
1141 2384 1237 2440 καὶ
1299 2388 1551 2458 βασιλεὺς
1601 2388 1808 2442 ἐκεῖθεν
1844 2387 1937 2440 τὸν

357 2475 620 2543 στέφανον
650 2476 754 2546 τῆς
807 2477 1051 2550 κεφαλῆς
1079 2479 1436 2550 ἀποθέμενος,
1473 2479 1660 2551 χρυσῷ
1697 2481 1790 2534 καὶ
1842 2481 1937 2534 ἄν-

359 2567 474 2620 θεσι
501 2567 668 2621 λίθων
701 2569 1204 2641 περιλαμπόμενον,
1229 2572 1325 2625 καὶ
1351 2572 1444 2626 τὸν
1474 2571 1697 2644 θώρακα
1725 2572 1817 2626 τὸν
1842 2587 1938 2626 πο-

355 2656 582 2728 λεμικὸν
612 2660 838 2723 ἀποδὺς,
913 2659 1044 2725 ῦλας
1091 2661 1285 2732 ἔχοντα
1341 2662 1572 2715 πλούτου
1625 2660 1937 2734 (ἀλαζονικὴ

354 2752 464 2822 γὰρ
505 2753 601 2805 καὶ
651 2751 998 2825 θρυπτομένη
1046 2753 1155 2807 τῶν
1215 2753 1506 2825 βαρϐάρων
1554 2756 1588 2822 ἡ
1618 2755 1934 2823 πανοπλία)-

356 2843 602 2914 επεμψεν
642 2845 928 2916 ἀμφότερα
970 2844 1328 2916 ἀναθήματα,
1375 2844 1465 2898 διὰ
1512 2845 1608 2898 τοῦ
1662 2845 1940 2918 μάρτυρος

355 2936 432 3006 τῷ
461 2935 581 3008 Θεῷ
613 2937 706 2989 καὶ
730 2936 1011 3006 δυνάμεως
1028 2937 1121 2989 καὶ
1141 2935 1447 3008 ἀξιώματος
1469 2935 1811 3009 καθιερώσας
1839 2937 1940 3002 τὰς

356 3030 629 3100 ἀφορμάς.
669 3028 940 3101 Πρόδηλον
977 3028 1108 3100 γὰρ,
1152 3027 1227 3092 ὡς
1263 3031 1291 3082 ό
1345 3029 1442 3100 μὲν
1511 3029 1778 3099 στέφανος
1829 3031 1932 3100 τῆς

360 3121 636 3191 βασιλείας
666 3117 734 3192 ἦν
791 3122 1175 3194 χαριστήριον
1219 3123 1248 3174 ὁ
1292 3120 1349 3182 δὲ
1383 3119 1586 3192 θώραξ,
1641 3120 1744 3192 τῆς
1795 3120 1938 3175 κατά

362 3185 632 3286 πολέμους
661 3185 878 3284 ιόχύόξξ
1008 3185 1040 3192 Π
1464 3185 1476 3192 ν
1548 3185 1581 3188 Π
1700 3185 1710 3192 Π
1963 3185 2005 3244 C

429 3308 542 3371 Τὰς
589 3307 648 3360 δὲ
701 3306 942 3377 συνεχῶς
975 3306 1068 3360 ἐπὶ
1105 3305 1319 3370 τούτοις
1350 3304 1751 3377 συμϐαινούσας
1784 3304 1940 3376 εὐερ‹

358 3414 419 3466 γε
431 3399 548 3462 σίας
575 3397 666 3450 διὰ
691 3397 800 3450 τῶν
827 3398 885 3451 ὲν
919 3398 1194 3470 ὀνείρασιν
1220 3396 1418 3466 ἆψεων,
1461 3397 1556 3450 καὶ
1595 3395 1683 3450 διά
1709 3395 1817 3449 τῶν
1853 3396 1942 3448 θε-

361 3488 626 3561 ραπειῶν,
662 3483 737 3542 ὧν
767 3490 816 3542 οἱ
852 3489 1151 3560 κάμνοντες
1205 3487 1560 3553 ἀπολαύουσι,
1588 3486 1706 3552 πῶς
1748 3487 1814 3542 ἄν
1856 3504 1941 3552 τις

361 3583 455 3635 καὶ
481 3580 826 3653 διηγήσαιτο,
855 3581 1119 3634 ἀδυνάτου
1151 3580 1499 3646 καθεστῶτος
1535 3585 1656 3646 ταῖς
1701 3581 1942 3637 καθέκα-

363 3691 488 3728 στον
516 3673 824 3745 ἐνεργείαις
857 3676 1149 3744 ἐπαφεῖναι
1187 3673 1278 3726 τὸν
1304 3673 1496 3743 λόγον;
1545 3674 1736 3745 Ἡμεῖς
1762 3673 1942 3727 τοίνυν

362 3767 598 3820 ἐνταῦθα
629 3765 914 3837 λήξαντες,
949 3765 1104 3830 δόξαν
1131 3765 1210 3838 τῷ
1252 3765 1467 3838 Σωτῆρι
1525 3763 1905 3838 προσοίσωμεν
1925 3805 1942 3831 ,

362 3854 423 3912 οὗ
452 3859 631 3913 δοῦλοι
656 3859 838 3912 πιστοὶ
867 3859 1134 3930 τοσαύτης
1162 3859 1472 3931 ἠξιώθησαν
1503 3859 1723 3930 χάριτος
1745 3899 1760 3924 ,
1801 3857 1943 3911 ὥστε

365 3955 504 4024 πρὸς
535 3954 716 4006 πᾶσαν
744 3952 934 4023 χρείαν
963 3954 1056 4006 καὶ
1089 3954 1410 4025 περίστασιν
1431 3991 1445 4015 ,
1486 3951 1630 4005 κατά
1660 3951 1760 4022 τὴν
1779 3950 1946 4005 δοθεῖ-

368 4061 468 4098 σαν
499 4045 684 4106 αὐτοῖς
707 4043 936 4115 δωρεὰν,
975 4046 1100 4109 τοὺς
1123 4045 1448 4116 ὁμοδούλους
1484 4045 1790 4115 εὐεργετεῖν
1813 4060 1826 4072 ·
1853 4043 1946 4095 καὶ

367 4138 543 4193 ταῦτα
582 4137 719 4209 μετά
742 4136 841 4208 τὴν
867 4138 1075 4191 ἐνθένδε
1104 4137 1310 4206 ἄφιξιν,
1344 4139 1438 4190 καὶ
1459 4137 1547 4190 τὸν
1571 4136 1664 4189 τοῦ
1697 4135 1948 4206 σώματος

369 4231 681 4303 χωρισμόν·
720 4223 794 4284 ὧν
822 4233 856 4300 ὴ
889 4231 1076 4301 μνήμη
1114 4229 1250 4300 μετὰ
1277 4227 1371 4280 τοῦ
1406 4227 1568 4298 ἔργου
1593 4225 1711 4280 καθ’
1737 4226 1948 4298 ἡμέραν

366 4322 641 4394 διατρέχει
671 4321 852 4385 πόλεις
878 4322 971 4374 καὶ
996 4321 1209 4391 κώμας.
1240 4318 1517 4388 πανταχοῦ
1537 4317 1628 4370 τὸν
1658 4317 1948 4388 εὐεργέτην

369 4414 724 4486 κηρύσσουσα
759 4413 988 4484 Κύριον·
1045 4404 1089 4480 ᾧ
1138 4411 1338 4483 πρέπει
1370 4411 1523 4464 πᾶσα
1567 4405 1753 4479 [δόξα,
1808 4406 1946 4478 καὶ]

2039 1927 2399 1996 Bosphorum,
2433 1937 2488 1983 et
2535 1928 2602 1982 ad
2632 1927 2916 1982 Phasidem
2950 1943 3120 1999 usque
3157 1927 3377 1984 ﬂuvium
3423 1940 3610 1985 exten-

2039 2020 2281 2084 duntur;
2341 2034 2550 2086 omnes,
2606 2020 2845 2088 inquam,
2907 2020 2987 2085 hi,
3039 2021 3358 2092 obsequium
3427 2023 3612 2078 oiitori

2036 2121 2295 2181 prwstent
2326 2127 2341 2166 :
2377 2126 2609 2183 cumque
2664 2113 2906 2166 moribus
2953 2115 3206 2167 omnibus
3245 2129 3307 2168 ac
3353 2115 3549 2170 studiis
3579 2133 3608 2169 a

2038 2205 2192 2258 nobis
2221 2201 2496 2269 diﬂerant,
2524 2202 2626 2257 hac
2668 2219 2771 2256 una
2813 2217 2873 2257 re
2905 2204 3017 2258 sola
3065 2204 3217 2259 nobis
3243 2207 3612 2271 consentiunt,

2038 2303 2094 2349 ut
2123 2309 2309 2350 eorum
2367 2293 2556 2350 feritas
2610 2310 2820 2349 tuorqu
2875 2309 2904 2348 a
2957 2295 3185 2350 veritate
3239 2308 3596 2353 mansuescat.

2041 2386 2192 2441 Unus
2217 2396 2364 2441 certe
2397 2387 2544 2441 illiue
2569 2387 2818 2456 princeps
2872 2401 3093 2455 rexque,
3121 2403 3374 2444 coronam
3415 2391 3610 2458 capitis

2037 2477 2334 2544 deponens,
2392 2492 2526 2531 auro
2573 2491 2636 2531 ac
2682 2493 3015 2547 gemmarum
3050 2476 3273 2534 ﬁoribus
3326 2481 3613 2550 magniﬁce

2037 2565 2422 2634 splendentem,
2450 2580 2763 2634 exuensque
2791 2567 3043 2636 pretiosa:
3069 2569 3308 2622 materia:
3366 2570 3614 2626 bellicam

2035 2653 2258 2709 loricam
2281 2654 2500 2725 (quippe
2515 2655 2743 2725 superba
2776 2665 2859 2710 est
2879 2671 2940 2709 ac
2959 2655 3233 2718 luxuriosa
3259 2657 3608 2714 barbarorum

2037 2747 2360 2817 armatura),
2393 2756 2618 2815 utraque
2643 2747 3046 2812 misitdonaria,
3073 2749 3180 2803 Deo
3203 2764 3298 2816 per
3322 2760 3610 2820 martyrem

2039 2839 2290 2910 potentiae
2321 2853 2385 2893 ac
2413 2839 2693 2908 dignitatis
2728 2853 3054 2894 consecrans
3087 2852 3425 2910 argumenta.
3485 2842 3613 2897 Cla-

2039 2947 2157 2986 rum
2183 2933 2324 2986 enim
2349 2943 2453 2997 est,
2486 2932 2696 2987 misisse
2728 2947 3010 2998 coronam,
3065 2941 3124 2987 ut
3173 2947 3270 3002 pro
3299 2948 3461 3002 regno
3490 2949 3616 3003 gra-

2042 3022 2144 3077 tias
2165 3031 2354 3093 ageret
2378 3038 2392 3075 :
2433 3022 2654 3077 loricam
2686 3037 2835 3088 vero,
2868 3029 2926 3076 ut
2948 3037 3043 3092 pro
3070 3022 3267 3078 virtute
3295 3023 3526 3078 bellica.-

2113 3310 2243 3378 Qua:
2270 3319 2448 3364 autem
2474 3317 2690 3378 propter
2711 3307 2823 3362 haec
2858 3306 3111 3364 continue
3144 3305 3396 3361 eveniunt
3447 3306 3608 3359 bene-

2043 3403 2165 3458 ﬁcia
2197 3416 2293 3472 per
2331 3399 2567 3455 visiones
2617 3400 2669 3454 in
2724 3398 2952 3463 somnis,
3007 3412 3072 3450 ac
3121 3397 3452 3460 curationes,
3483 3412 3618 3465 quas

2043 3492 2231 3562 aegroti
2262 3500 2688 3562 consequuntur,
2721 3504 2829 3560 quo
2884 3489 3006 3558 quis
3067 3488 3226 3542 modo
3280 3489 3620 3552 narraverit,

2043 3601 2165 3643 cum
2197 3598 2376 3641 sermo
2405 3581 2472 3637 ad
2524 3582 2731 3652 singula
2787 3583 3047 3637 accedere
3093 3596 3198 3636 non
3253 3579 3463 3650 possit?
3513 3579 3620 3634 Nos

2045 3693 2173 3748 ergo
2221 3677 2308 3733 hic
2338 3675 2646 3730 desinentes
2667 3713 2682 3739 ,
2715 3673 2982 3730 Salvatori
3035 3673 3259 3742 gloriam
3294 3671 3622 3736 oﬁ‘eremus,

2045 3770 2197 3839 cujus
2220 3769 2360 3825 servi
2392 3768 2577 3824 ﬁdeles
2603 3776 2808 3822 tantam
2834 3766 3060 3837 gratiam
3087 3773 3213 3820 sunt
3235 3764 3532 3826 consecuti,
3564 3773 3621 3815 ut

2050 3862 2100 3915 in
2128 3860 2273 3914 omni
2309 3859 2631 3913 necessitate
2661 3872 2723 3911 ac
2750 3873 2899 3923 casn,
2926 3870 3025 3923 pro
3074 3869 3336 3909 concesso
3376 3853 3456 3908 eis
3482 3853 3622 3908 dono

2048 3953 2323 4010 conservis
2357 3951 2469 4007 suis
2485 3948 2827 4005 benefaciaut
2859 3962 2874 3998 :
2915 3947 3074 4015 idque
3092 3955 3373 4015 postquam
3407 3945 3473 3998 ab
3525 3943 3622 3996 htt-

2049 4045 2222 4102 manis
2264 4043 2625 4107 excesserint,
2665 4041 2977 4108 fuerintque
3030 4039 3262 4107 separati
3298 4054 3327 4091 a
3370 4050 3622 4105 corpore.

2048 4140 2287 4209 Quorum
2324 4134 2584 4190 memoria
2610 4132 2823 4198 efﬁcax,
2877 4131 3119 4200 quotidie
3167 4129 3466 4198 pervadens
3492 4128 3622 4181 civi-

2052 4241 2188 4286 tates
2240 4245 2304 4285 ac
2357 4228 2549 4291 vicos,
2613 4225 2814 4294 ubique
2874 4219 3274 4277 benefactorem
3335 4217 3623 4273 Dominum

2051 4321 2344 4394 praedicat:
2376 4333 2534 4390 quem
2561 4318 2714 4372 decet
2746 4315 2925 4370 omnis
2965 4312 3155 4382 gloria,
3195 4311 3390 4375 honor,
3430 4317 3484 4363 et
3525 4325 3624 4378 po~

2055 4423 2245 4477 testas,
2277 4427 2340 4466 ac
2371 4407 2788 4481 magniﬁcentia,
2816 4419 2959 4458 nunc
2988 4411 3042 4458 et
3095 4403 3148 4457 itt
3178 4400 3371 4457 saecula
3401 4401 3626 4456 sacculo-

369 4507 527 4579 τιμὴ,
565 4507 661 4561 καὶ
689 4505 908 4577 κράτος,
948 4506 1039 4558 καὶ
1084 4503 1547 4576 μεγαλοπρέπεια,
1594 4499 1688 4555 νῦν
1741 4501 1835 4553 καὶ
1868 4501 1948 4563 εἰς
1982 4519 2024 4574 D
2055 4522 2192 4562 mm,
2226 4506 2418 4562 Amen.

373 4603 499 4666 τοὺς
528 4600 732 4664 αἰῶνας
755 4599 862 4652 τῶν
893 4597 1125 4653 αἰώνων,
1171 4597 1366 4668 Ἀμήν.

1139 4709 1193 4763 i'.

578 4825 904 4896 Ἐ’γκώμιον
933 4826 1020 4891 εἰς
1046 4824 1186 4890 τοὺς
1211 4823 1419 4894 ἁγίους
1433 4821 1763 4892 μάρτιφας.

449 4918 658 4985 Ἔστιν,
688 4919 762 4982 ὼς
789 4917 983 4980 ἔοικεν,
1008 4917 1102 4970 καὶ
1135 4914 1288 4988 παρά
1319 4915 1428 4968 τῶν
1449 4913 1651 4986 σφόδρα
1676 4910 1956 4984 δυσμενῶν

450 5153 559 5224 (49)
601 5152 676 5206 Ex
739 5148 983 5204 biblioth.
1046 5145 1344 5224 cardinal.“
1373 5144 1711 5224 Clihnuuaan,’
1756 5161 1810 5199 η.
1862 5144 1948 5224 12,

380 5214 722 5279 exscribenle
752 5237 815 5273 ac
851 5221 1283 5273 communicante
1310 5217 1374 5272 li.
1401 5217 1462 5269 P.
1492 5214 1605 5268 Jac.
1636 5214 1946 5276 Sit-mundo,

379 5323 443 5335 —
467 5293 782 5366 Opportune
815 5290 1027 5366 tandem
1066 5288 1356 5366 detectam.
1380 5302 1472 5366 με.
1512 5285 1950 5366 humanissime}

381 5354 696 5420 doctissimo
755 5359 998 5427 perinde,
1054 5375 1119 5413 ac
1175 5356 1567 5412 humanissimo
1613 5354 1729 5409 viro
1779 5355 1842 5408 lt.
1892 5354 1949 5408 P.

379 5434 583 5490 Jacoho
615 5429 910 5487 Sirmundo
942 5444 1279 5483 communem
1322 5428 1535 5488 factam,
1581 5439 1699 5478 cum
1730 5427 1815 5479 vix
1845 5441 1948 5479 non

381 5505 605 5577 prelum
640 5501 846 5577 Asterii
872 5499 1074 5577 reliqua
1098 5499 1428 5577 exeudisset,
1455 5510 1561 5566 quo
1594 5495 1806 5577 tandem
1836 5495 1955 5549 loco

387 5565 622 5630 maxime
652 5565 1051 5645 desiderabam,
1096 5579 1313 5645 ac_pos_t
1349 5565 1542 5645 Phocte
1575 5565 1826 5637 martyris
1864 5581 1958 5645 eu—

383 5648 645 5707 comium,
679 5656 880 5710 ponere
925 5640 1094 5710 licuit.
1150 5635 1360 5693 Titulus
1404 5635 1618 5710 quidem
1662 5635 1965 5690 communis

383 5727 499 5781 est;
533 5704 857 5781 velut‘dicta
896 5709 969 5766 sit
1010 5709 1065 5764 in
1111 5718 1376 5777 martyres
1400 5704 1654 5781 absolute
1681 5720 1961 5781 ,_quornm

389 5775 566 5843 om:
596 5791 716 5854 post
751 5779 1121 5838 Pentecostem
1163 5775 1606 5850 dientceiebrem
1639 5776 1860 5838 habent,
1889 5775 1964 5831 uti

2817 4698 2876 4755 Χ.

2322 4818 2627 4874 Encomium
2663 4817 2715 4870 in
2749 4825 2955 4869 sanctos
2979 4823 3234 4884 martyres
3265 4812 3398 4884 ($9).

2072 4903 2078 4908 ’
2131 4913 2302 4974 Licet.
2333 4924 2386 4966 ut
2421 4913 2655 4976 videtur,
2687 4913 2848 4965 etiam
2887 4925 2915 4963 a
2957 4910 3304 4964 vehementer
3333 4907 3554 4962 infensis
3579 4916 3629 4960 ct

2062 5144 2172 5216 fere
2201 5159 2296 5216 nos
2321 5141 2578 5216 in_capite
2604 5139 2964 5196 Kalendarum
3000 5136 3401 5216 Novembrium,
3440 5137 3630 5216 festum

2060 5215 2311 5272 Omniqu
2367 5207 2690 5266 Sanctorum
2729 5231 2742 5266 :
2777 5226 2835 5265 re
2875 5219 3051 5265 tamen
3101 5222 3226 5262 vera
3270 5207 3412 5261 dicta
3443 5217 3545 5270 est,
3581 5207 3631 5257 in

2061 5294 2239 5340 certos
2273 5283 2533 5351 quosdam
2577 5290 2867 5350 martyres,
2903 5297 2966 5335 ac
3007 5279 3150 5333 velut
3175 5277 3326 5351 urbis
3360 5276 3632 5351 tutelarcs,

2063 5355 2115 5408 in
2157 5370 2260 5424 qua
2292 5346 2434 5407 ’tunc
2468 5346 2736 5424 Asterius
2757 5362 2937 5420 egeret
2967 5367 2982 5404 :
3015 5364 3152 5418 quos
3198 5347 3286 5401 ille
3339 5346 3636 5424 praecipuos

2063 5413 2205 5479 inter
2240 5433 2502 5494 martyres
2537 5422 2760 5494 indicat,
2791 5413 3150 5494 'cumeorum
3179 5413 3636 5494 xgpueaioucotal.

2064 5483 2397 5567 προστάταςξ
2423 5493 2540 5562 ipso
2561 5483 2997 5567 statintlexordio
3027 5498 3204 5543 vocat.
3229 5483 3390 5567 Forte
3419 5483 3635 5567 excide-

2062 5557 2188 5620 runt
2221 5557 2458 5634 nomina'
2479 5561 2697 5632 propria
2722 5561 2942 5634 illorum
2975 5571 3296 5634 martyrum,
3329 5557 3378 5634 i'u
3407 5566 3632 5634 quorum

2063 5636 2176 5691 haec
2227 5624 2512 5703 Natalitiis'r
2558 5624 2802 5687 Ksterius
2831 5624 3132 5703 oraveratf
3164 5624 3244 5703 vel
3287 5624 3445 5677 etiam
3494 5628 3636 5703 mota

2065 5690 2191 5778 sunt
2215 5705 2284 5760 ab
2313 5721 2400 5770 eo,
2431 5702 2520 5778 qui
2549 5710 2850 5778 tractatum
2886 5700 2987 5754 sibi
3023 5690 3262 5778 reposuit
3291 5690 3632 5778 acnsttirehlile-

2066 5775 2266 5840 clo-site,
2301 5763 2398 5845 pro
2430 5763 2518 5830 die
2545 5770 2682 5828 festo
2707 5771 2948 5828 omnium
2995 5763 3318 5833 martyrum.
3351 5763 3637 5818 Commen-
