4070 6142
367 321 473 381 M5

1645 319 1704 374 5.
1746 315 2019 374 ASTEBII
2059 313 2368 370 AMASEN!

3521 305 3628 361 ΞΜ

369 437 800 508 implacabilibus
849 436 1112 502 inimicis,
1143 435 1358 491 lucrum
1391 434 1608 505 aliquod
1656 434 1739 488 vel
1773 436 1943 487 maxi—
1973 490 1977 499 ε

2080 434 2144 488 ιαὶ
2173 429 2543 486 ἀδιαλλάκτων
2572 427 2780 499 ἐχθρῶν
2811 426 3155 497 ὠφεληθῆναι
3174 424 3240 476 τά
3266 420 3511 492 μέγιστα·
3536 426 3628 474 καὶ

373 542 520 583 mum
551 544 744 600 capere
775 547 789 584 :
819 544 882 584 ac
904 543 1024 582 cum
1058 526 1264 596 reliqua
1299 527 1422 580 vita:
1457 523 1800 594 experientia
1825 539 1954 592 pro-

375 619 485 684 bat,
518 627 630 673 tum
657 635 775 688 quae
801 621 960 674 modo
987 630 1111 673 sunt
1134 619 1426 674 celebrata.
1457 615 1567 671 Nisi
1596 615 1738 670 enim
1773 615 1958 668 diabo-

374 703 459 758 l'us
484 704 822 760 Christianos
847 715 1163 776 persecutus
1191 715 1360 768 esset,
1389 721 1452 759 ac
1477 705 1738 758 adversus
1771 704 1956 758 Eccle-

376 789 510 846 siam
565 795 762 848 bellum
799 795 1148 864 suscepisset,
1186 795 1359 848 nullos
1389 793 1712 849 haberemus
1748 803 1958 862 marty-

381 883 606 938 res:iis
662 895 840 938 autem
879 900 982 938 non
1043 886 1406 950 exstantibus,
1463 895 1653 939 tumsm
1711 898 1776 937 ac
1828 882 1959 936 nihil

380 969 567 1026 hilaris
637 971 880 1041 festaque
931 974 1038 1027 vita
1090 973 1243 1026 nobis
1293 983 1562 1042 ageretur.
1620 971 1760 1038 Quid
1813 971 1956 1026 enim

381 1061 711 1119 solemnibus
753 1065 902 1121 hisce
960 1065 1316 1120 conventibus
1375 1063 1680 1132 comparari
1744 1062 1960 1130 queat?

363 1141 586 1220 ‘Quid've
639 1157 773 1210 adeo
820 1155 1127 1211 venerabile
1177 1171 1241 1210 ac
1299 1155 1650 1222 praeclarum,
1681 1171 1843 1224 quam
1901 1165 1962 1208 ut

382 1241 567 1299 urbem
591 1258 756 1301 totam
791 1247 1062 1303 moenibus
1093 1247 1294 1303 effundi
1325 1247 1533 1310 videas,
1570 1256 1740 1316 atque
1774 1247 1839 1298 ad
1862 1261 1956 1298 sa—

384 1350 538 1389 crum
603 1337 778 1392 locum
843 1339 1175 1406 procedere,
1230 1354 1361 1408 pura
1421 1338 1531 1393 illic
1585 1337 1963 1392 sincerissima:

381 1427 596 1494 pietatis
624 1431 877 1497 mysteria
912 1430 1346 1485 celebraturam?
1405 1429 1574 1484 Porro
1628 1445 1752 1484 vera
1791 1430 1964 1498 pietas

383 1526 488 1585 est,
519 1530 575 1573 ut
609 1537 702 1575 eos
730 1523 1084 1578 veneratione
1111 1538 1174 1576 ac
1205 1523 1505 1578 honoribus
1534 1535 1954 1593 prosequamur,

384 1610 473 1676 qui
536 1610 661 1664 forti
698 1628 794 1681 pro
827 1613 1054 1668 Domino
1109 1615 1288 1668 animo
1328 1624 1598 1669 tormenta
1631 1613 1771 1682 passi
1816 1620 1962 1674 sunt,

383 1714 447 1754 ac
491 1704 775 1758 adversum
811 1706 1006 1760 mortis
1055 1721 1365 1775 supremum
1404 1706 1694 1760 discrimen
1725 1704 1967 1759 decerta-

2056 523 2220 579 τοῦτο
2261 522 2548 584 δείκνυσιν,
2575 521 2610 590 ἡ
2641 535 2701 571 τε
2727 518 2858 589 άλλη
2894 515 2988 571 τοῦ
3023 515 3136 586 βίου
3185 516 3378 584 πεῖρα,
3421 509 3516 563 καὶ
3566 512 3635 563 τά

2059 616 2268 687 ἀρτίως
2290 611 2608 683 τελούμενα.
2636 611 2699 664 El
2725 609 2798 681 μὴ
2833 609 2941 681 γὰρ
2972 607 3188 673 ἐδίωξεν
3221 603 3579 672 Χριστιανοὺς
3606 599 3632 651 ὁ

2057 705 2330 767 διάϐολος,
2365 703 2460 757 καὶ
2487 702 2578 754 τὸν
2605 699 2747 755 κατά
2771 700 2869 770 τῆς
2911 696 3234 768 Ἐκκλησίας
3257 694 3426 764 ἡρατο
3481 690 3636 744 πόλεο

2063 816 2182 868 μον,
2241 798 2341 850 οὐκ
2387 796 2453 850 ἂν
2487 796 2706 866 εἴχομεν
2765 792 3048 863 μάρτυρας
3073 805 3086 820 ·
3141 786 3434 860 μαρτύρων
3475 783 3531 836 δὲ
3564 782 3638 853 μὴ

2059 892 2250 952 ὄντων,
2285 888 2606 960 σκυθρωπὸς
2632 885 2790 956 ἡμῶν
2816 887 2846 939 ό
2867 884 2981 956 βίος
3011 882 3221 951 ἐγίνετο
3237 879 3330 932 καὶ
3365 877 3636 947 ἀνέορτος.

2061 982 2124 1036 Τί
2147 981 2257 1052 γάρ
2291 980 2543 1044 ἀντάξιον
2570 978 2774 1032 τούτων
2805 976 2912 1030 τῶν
2943 972 3340 1044 πανηγύρεων;
3388 970 3441 1022 τί
3471 969 3527 1022 δὲ
3549 966 3638 1021 οῦ-

2059 1089 2171 1135 τως
2207 1070 2407 1141 σεμνὸν
2447 1070 2539 1123 καί
2573 1068 2851 1138 πάγκαλον
2873 1107 2886 1130 ,
2929 1066 3006 1128 ὡς
3041 1064 3103 1118 τδ
3136 1062 3291 1116 πόλιν
3318 1061 3447 1133 ὅλην
3491 1060 3638 1123 ίδεῖν,

2067 1161 2318 1230 παγγενῆ
2355 1159 2693 1229 ὲκφοιτῶσαν
2715 1157 2808 1212 τοῦ
2837 1159 3050 1220 ἄστεος,
3083 1153 3226 1224 ἱερὸν
3253 1153 3308 1206 δὲ
3345 1151 3508 1204 τόπον
3539 1168 3641 1203 κα-

2062 1251 2536 1322 ταλαμϐάνουσαν,
2570 1248 2853 1311 εὐσεϐείας
2901 1245 3278 1319 ἀληθεστάτης
3319 1244 3493 1296 τελεῖν
3547 1259 3644 1296 κα-

2064 1341 2212 1414 θαρά
2233 1342 2510 1412 μυστήρια
2536 1359 2549 1404 ;
2585 1338 2852 1393 Εὑσέϐεια
2877 1339 2933 1391 δὲ
2967 1335 3192 1408 ἀληθὴς,
3223 1335 3283 1387 τὸ
3311 1335 3643 1406 προσκυνεῖν

2063 1451 2124 1486 τε
2147 1433 2245 1487 καὶ
2266 1435 2434 1504 τιμᾷν
2456 1433 2582 1496 τοὺς
2598 1432 2665 1485 δι’
2693 1433 2904 1485 ἐκεῖνον
2920 1429 3066 1500 πάθη
3095 1427 3380 1498 καρτερῶς
3403 1425 3646 1494 ἐνεγκόν-

2063 1541 2184 1588 τας,
2233 1523 2331 1577 καὶ
2375 1521 2891 1594 παρατεταγμένους
2941 1520 3079 1592 πρὸς
3112 1520 3204 1572 τὸν
3260 1518 3489 1588 ἔσχατον
3549 1514 3644 1569 τοῦ

2068 1613 2309 1667 θανάτου
2336 1613 2577 1667 κίνδυνον
2596 1631 2608 1643 ·
2633 1607 2710 1667 ὧν
2734 1613 3018 1684 κορυφαῖοι
3060 1612 3150 1666 καὶ
3191 1610 3487 1682 προστάται
3519 1625 3637 1677 τυγο

2068 1705 2321 1776 χάνουσιν
2373 1706 2424 1758 οἱ
2461 1706 2699 1776 σήμερον
2723 1707 2869 1776 ἡμᾶς
2899 1704 3418 1776 δημαγωγήσαντες·
3454 1702 3644 1773 ἄνδρες

385 1803 614 1857 verunt;
668 1811 896 1863 quorum
940 1796 1214 1866 principes
1239 1806 1386 1860 sunt,
1429 1811 1493 1850 ac
1520 1797 1710 1861 duces,
1741 1794 1832 1862 qui
1865 1809 1961 1847 nos

2080 1798 2156 1851 5ιά
2187 1796 2352 1851 καλὸν
2399 1797 2646 1858 θάνατον,
2699 1795 2954 1850 ἀθάνατοι
2976 1811 2989 1826 ο
3021 1795 3110 1848 διὰ
3149 1793 3210 1846 τὸ
3238 1791 3646 1862 καταφρονῆσαι

385 1879 542 1932 hodie
575 1881 624 1933 in
659 1885 973 1936 concionem
1005 1892 1308 1947 vocarunt;
1362 1885 1461 1938 viri
1498 1883 1772 1948 nimirum,
1825 1898 1963 1952 pra:-

386 1972 544 2025 clarae
603 1976 790 2028 mortis
845 1975 1001 2029 titulo
1051 1977 1418 2039 immortales;
1469 1977 1591 2029 vita:
1626 1985 1960 2043 contemptu.

387 2074 648 2130 perpetuo
679 2065 951 2130 viventes;
990 2068 1193 2136 quique
1243 2067 1782 2138 regnum.sanguine
1809 2081 1962 2121 com-

391 2155 668 2219 mutarint,
731 2171 796 2212 ac
848 2160 1029 2212 carnis
1085 2159 1310 2214 insidias
1341 2159 1396 2212 in
1429 2157 1748 2213 beneﬁcium
1781 2167 1962 2212 verte-

390 2245 520 2300 rint.
555 2247 646 2301 Sic
701 2248 877 2317 plane,
913 2266 1034 2304 cum
1061 2251 1200 2306 bona
1242 2251 1492 2306 voluntas
1546 2250 1748 2320 auriga:
1798 2250 1969 2304 instar

391 2338 700 2440 prmsedcrit
725 2339 925 2394 homini
950 2356 966 2407 ;
998 2342 1209 2411 sibique
1238 2341 1358 2410 ejus
1385 2340 1654 2410 appetitus
1689 2353 1877 2393 onmes
1904 2353 1969 2392 ac

390 2427 712 2494 agitationes
761 2429 1148 2500 subjugaverit,
1188 2448 1251 2486 ac
1301 2432 1446 2486 velut
1500 2430 1765 2494 habenas,
1800 2429 1967 2484 animi

391 2517 660 2586 cogitatus
722 2530 932 2576 attente
998 2524 1288 2594 sobrieque
1328 2519 1974 2591 pertenderit,exstimu-

2066 1890 2229 1962 ζωῆς,
2258 1891 2458 1954 ζῶντες
2475 1890 2561 1943 ἀεί
2579 1908 2592 1921 ·
2622 1890 2714 1943 τοῦ
2737 1889 2967 1959 αἵματος
2997 1889 3092 1958 τὴν
3115 1886 3392 1956 βασιλείαν
3420 1883 3652 1948 ἀλλαξάε-

2067 1997 2242 2051 μενοι,
2267 1980 2362 2033 καὶ
2379 1980 2477 2051 τὴν
2502 1979 2782 2032 ἐπίϐουλον
2807 1979 2984 2050 σάρκα
3015 1976 3309 2048 εὐεργέτην
3341 1974 3439 2045 τῆς
3475 1973 3650 2044 ψυχῆς

2066 2071 2461 2141 ἀποφήναντες.
2493 2069 2682 2133 Οὕτως
2711 2071 3028 2142 «προαίρεσις
3057 2069 3255 2138 ἀγαθὴ,
3275 2069 3403 2120 ὅταν
3435 2065 3649 2136 ἡνιόχου

2068 2160 2224 2232 δίκην
2253 2159 2536 2230 ὲφεστῶσα
2613 2160 2690 2231 τῷ
2705 2160 2974 2232 ἀνθρώπῳ
2993 2178 3006 2192 ·
3039 2159 3310 2230 ὑποζε-ύξῃ
3331 2159 3385 2212 δὲ
3402 2159 3537 2228 αὐτῇ
3555 2157 3653 2220 τάς

2069 2249 2248 2320 ὁρμὰς
2265 2250 2443 2314 πάσας
2466 2251 2560 2304 καὶ
2581 2251 2654 2304 τά
2682 2252 2804 2322 κινὴ
2815 2268 2962 2321 ματα
2979 2293 2992 2316 ,
3033 2252 3128 2304 καὶ
3175 2249 3549 2322 προσεχόντως
3577 2247 3652 2310 ὡς

2072 2341 2227 2412 ἡνίας
2259 2342 2498 2414 διατείνῃ
2528 2343 2654 2407 τοὺς
2683 2343 2998 2414 λογισμοὺς,
3027 2344 3223 2414 ἀργίαν
3248 2340 3530 2401 νύττουσα,
3561 2338 3655 2392 καὶ

2073 2432 2308 2503 ὀξύτητα
2333 2435 2568 2508 ἄμετρον
2583 2435 3003 2490 ἀναστέλλουσα·
3034 2435 3132 2504 οὐχ
3163 2429 3275 2486 οἷόν
3299 2449 3355 2485 τε
3375 2428 3652 2499 ἄτακτονῆ

2083 2525 2420 2580 ἐπικίνδυνον
2447 2527 2705 2596 γενέσθαι
2729 2528 2830 2582 τοῦ-
2854 2528 2965 2598 βίου
3002 2526 3092 2580 τὸν
3117 2527 3334 2598 δρόμον.

394 2606 554 2660 laudo
591 2609 879 2678 ignaviam,
911 2628 972 2667 ac
997 2614 1216 2668 nimiam
1247 2613 1621 2668 incitationem
1645 2610 1972 2678 cohibenda,
2012 2617 2198 2686 nequit
2227 2618 2342 2674 ﬁeri
2373 2630 2440 2674 ut.
2483 2622 2610 2675 vita
2661 2636 2854 2676 cursus
2904 2618 3313 2687 incompositus,
3339 2631 3400 2671 ac
3424 2615 3659 2685 pericu-lo

392 2698 708 2768 conjunctus
728 2705 975 2756 exsistat.

463 2792 651 2860 itaque
685 2791 944 2846 habemus
985 2803 1274 2864 martyres,
1304 2794 1392 2862 qui
1430 2795 1624 2849 nedum
1659 2795 1781 2849 vita:
1811 2797 1977 2865 probe

396 2883 736 2936 instituenda:
796 2883 1040 2952 magistri
1097 2885 1228 2950 sint,
1279 2886 1373 2938 sed
1427 2887 1517 2954 qui
1557 2887 1720 2940 etiam
1771 2885 1974 2955 peccati

2164 2795 2400 2866 Ἔχομεν
2448 2795 2630 2847 τοίνυν
2673 2796 2799 2858 τοὺς
2849 2794 3152 2865 μάρτυρας,
3200 2793 3261 2845 οὺ
3305 2791 3657 2845 διδασκάλους

2087 2883 2244 2954 μόνον
2292 2883 2503 2954 άγαθῆς
2537 2883 2830 2948 πολιτείας,
2880 2881 3016 2936 ἀλλὰ
3054 2881 3150 2934 καὶ
3191 2868 3530 2950 κατηγόρους
3556 2877 3661 2948 τῆς

397 2980 761 3028 accusatores.
823 2972 936 3039 Qua
986 2985 1162 3028 autem
1213 2983 1419 3046 martyr
1458 2976 1664 3030 ratione
1723 2984 1971 3043 accuset,

2085 2976 2378 3046 ἁμαρτίας.
2434 2975 2558 3039 Πῶς
2607 2976 2650 3029 δ’
2705 2974 2770 3027 ἂν
2825 2974 3034 3042 γένοιτο
3079 2972 3285 3042 μάρτυς
3331 2970 3659 3039 κατήγορος,

397 3078 462 3117 ac
489 3073 642 3116 vocet
666 3063 716 3116 in
740 3064 965 3128 crimen,
996 3063 1067 3118 ita
1092 3065 1304 3134 accipe:
1327 3065 1460 3120 Cum
1487 3066 1575 3120 ille
1598 3082 1694 3134 per
1719 3077 1977 3124 constan-

399 3153 529 3206 tiam
558 3151 788 3207 ﬂammze
816 3154 956 3223 ignis
988 3155 1160 3208 victor
1189 3158 1480 3223 exstiterit,
1502 3159 1687 3228 quidni
1736 3170 1787 3212 tu
1825 3160 1979 3212 luxu-

400 3245 537 3299 riam
569 3244 819 3300 castitate
861 3245 1082 3300 domas?
1107 3247 1242 3300 Cum
1284 3259 1492 3321 martyr
1543 3250 1745 3304 nullam
1774 3250 1980 3304 divitia-

399 3352 518 3393 rum
546 3351 610 3392 ac
637 3338 1013 3407 pecuniarum,
1065 3354 1200 3407 quas
1227 3339 1556 3406 dimittebat,
1590 3343 1852 3397 rationem
1883 3343 1980 3396 ha-

398 3428 609 3494 buerit,
658 3428 843 3498 quidni
899 3440 952 3482 ιιι
997 3428 1222 3497 iustitiae
1279 3447 1444 3486 causa
1500 3448 1700 3501 paucos
1733 3448 1981 3487 nummos

400 3517 893 3574 contemnis?Cum
925 3529 1126 3593 martyr
1157 3520 1575 3591 nolueritgeuus
1606 3538 1671 3577 ac
1722 3522 1980 3576 faiiiiliam

402 3611 685 3678 prtelatum
729 3611 863 3675 Deo,
901 3613 996 3665 sed
1024 3613 1090 3666 ab
1137 3628 1326 3678 uxore,
1377 3614 1586 3679 liberis,
1627 3615 1982 3670 charissimus

401 3703 689 3771 abiunctus
724 3701 830 3766 sit;
873 3703 1056 3770 quidni
1092 3713 1145 3756 tu
1177 3703 1556 3772 impensiorem
1594 3706 1825 3776 castigas
1854 3705 1982 3760 alle-

404 3805 552 3849 ctum
584 3812 598 3848 :
628 3795 893 3863 quinimo,
927 3808 1146 3865 prepter
1182 3797 1358 3867 aliqua
1387 3796 1478 3851 tibi
1513 3797 1650 3852 forte
1681 3799 1982 3853 necessitu-

403 3889 530 3944 dine
560 3887 879 3957 conjunctas
926 3903 1204 3959 personas,
1239 3887 1502 3956 justitiam
1545 3891 1856 3952 conculcas,
1886 3904 1986 3944 nec

408 3981 500 4034 Dei
543 3980 788 4034 timorem
834 3979 1091 4050 reputas?
1141 3980 1274 4036 Cum
1309 3991 1517 4051 martyr
1542 3979 1787 4034 Numinis
1814 3995 1982 4035 causa

407 4073 581 4140 ipsum
613 4073 823 4127 exuerit
855 4087 1084 4141 corpus,
1119 4073 1304 4143 quidni
1341 4081 1394 4128 tn
1423 4073 1505 4127 vel
1549 4072 1810 4126 modicam
1848 4072 1986 4126 tuni-

407 4180 549 4229 cam,
580 4179 687 4234 qua
744 4165 946 4219 nudum
1010 4174 1179 4235 tegas,
1239 4165 1576 4220 contemnis?
1609 4164 1732 4220 llaec
1763 4165 1862 4218 sibi
1918 4179 1983 4218 ex

410 4255 638 4310 adverso
663 4257 982 4324 composita,
1025 4267 1266 4311 nostram
1298 4266 1532 4327 arguunt
1561 4271 1772 4310 morum
1808 4254 1988 4324 pravi-

2084 3069 2317 3123 ἄκουσον
2337 3083 2349 3095 °
2381 3069 2445 3121 Εἰ
2483 3070 2688 3130 ἐκεῖνος
2721 3067 2940 3136 ἐνίκησε
2971 3065 3145 3135 φλόγα
3166 3063 3336 3134 πυρὸς
3367 3065 3433 3134 τῇ
3465 3079 3664 3134 καρτε-

2090 3160 2202 3230 ρία,
2236 3161 2299 3212 σὺ
2345 3159 2462 3222 πῶς
2505 3158 2761 3230 πορνείαν
2792 3157 2852 3209 οὐ
2892 3155 3157 3225 δαμάζεις
3203 3155 3268 3224 τῇ
3305 3152 3658 3224 σωφροσύνης

2086 3252 2149 3304 Εἰ
2170 3252 2197 3303 ὁ
2227 3249 2438 3321 μάρτυς
2460 3249 2558 3303 οὑκ
2588 3233 2777 3319 ἐλέησε
2826 3246 3055 3300 πλοῦτον
3087 3246 3146 3299 ὃν
3191 3244 3341 3315 ἠφίει
3380 3244 3474 3298 καὶ
3523 3244 3664 3315 χρὴ-

2090 3360 2256 3413 ματα,
2281 3342 2368 3396 διὰ
2385 3342 2438 3396 τί
2466 3343 2536 3396 σὺ
2553 3341 2734 3411 ὀλίγου
2758 3341 2816 3394 οὐ
2839 3341 3200 3412 καταφρονεῖς
3225 3340 3487 3410 ἀργυρίου
3524 3338 3667 3410 ὑπὲρ

2087 3432 2464 3504 δικαιοσύνης;
2490 3433 2551 3486 Ei
2575 3434 2603 3486 ὁ
2631 3433 2838 3503 μάρτυς
2859 3431 3013 3500 γένος
3038 3429 3172 3484 Θεοῦ
3193 3431 3253 3484 οὐ
3281 3429 3666 3502 προετίμησεν,

2089 3525 2203 3579 ἀλλ’
2247 3524 2552 3596 ἀπεζεύχθη
2593 3524 2871 3592 γυναικὸς,
2913 3524 3146 3586 παίδων,
3189 3521 3492 3591 φιλτάτων·
3551 3520 3669 3586 πιῖις

2093 3617 2156 3670 σὺ
2187 3617 2246 3669 οὐ
2276 3615 2523 3681 κολάζεις
2559 3616 2658 3688 τὴν
2687 3614 3059 3688 προσπάθειαν
3085 3657 3097 3678 ,
3133 3615 3220 3668 διὰ
3267 3615 3324 3669 δὲ
3376 3615 3668 3686 πρόσωπα,

2090 3704 2253 3774 τυχὸν
2283 3705 2465 3775 σχέσιν
2496 3705 2632 3777 πρὸς
2659 3706 2718 3759 σὲ
2747 3705 3076 3776 οἰκειότητος
3099 3705 3311 3775 ἔχοντα,
3346 3703 3668 3776 ὑπερπηδᾷς

2092 3797 2152 3848 τὸ
2190 3795 2415 3861 δίκαιον,
2451 3797 2662 3850 καὶτοῦ
2709 3797 2844 3854 Θεοῦ
2874 3798 2964 3851 τὸν
2991 3797 3158 3867 φόϐον
3197 3797 3574 3869 παραλογίζῃς
3607 3796 3669 3849 ει

2091 3887 2121 3938 ό
2155 3887 2366 3958 μάρτυς
2395 3886 2456 3940 τὸ
2487 3887 2646 3958 σῶμα
2689 3887 2778 3942 διὰ
2823 3886 2956 3940 Θεὸν
2987 3887 3294 3954 ὲξεδύσατο,
3347 3886 3463 3951 πῶς
3509 3885 3675 3948 αὐτὸς

2093 3979 2210 4041 ένὸς
2241 3979 2301 4032 οὐ
2334 3982 2701 4051 καταφρονεῖς
2728 3980 3052 4050 χιτωνίσκου
3078 3979 3157 4043 εἰς
3191 3979 3401 4045 σκέπην
3419 3974 3628 4046 γυμνοῦ
3651 3989 3668 4039 ;

2095 4068 2282 4123 Ταῦτα
2303 4070 2552 4141 ἀλλήλοις
2583 4068 3054 4142 άντεξεταζόμενα
3091 4070 3188 4141 τὴν
3231 4068 3510 4140 ἡμετέραν
3542 4066 3672 4119 δυσ-

2092 4161 2320 4232 τροπίαν
2371 4163 2600 4232 ἐλέγχει.
2645 4162 2716 4214 Ἥ
2760 4161 2938 4215 τοίνυν
2989 4165 3066 4225 ὡς
3123 4158 3479 4221 διδασκάλους
3546 4155 3675 4218 τοὺς

2097 4253 2287 4322 ἁγίους
2319 4253 2679 4324 αἰδεσθῶμεν,
2729 4255 2762 4325 ἢ
2807 4256 2881 4318 ὡς
2915 4254 3255 4325 κατηγόρους
3301 4249 3630 4321 φοϐηθῶμεν
3657 4263 3673 4277 ⁶

414 4358 602 4404 tatem.
643 4348 733 4402 Vel
765 4364 892 4418 ergo
913 4357 1152 4415 sanctos,
1179 4358 1237 4403 ut
1265 4349 1555 4417 magistros
1588 4346 1935 4402 revereamur
1964 4361 1977 4411 ;

2095 4345 2358 4417 δείξωμεν
2387 4346 2442 4400 δὲ
2467 4346 2560 4400 τὸν
2601 4347 2809 4400 ἑαυτῶν
2855 4345 2968 4415 βίον
3016 4348 3125 4408 τοῖς
3176 4343 3506 4414 τιμωμένοις
3544 4339 3676 4393 ἀκό-

412 4438 496 4493 vel
535 4449 592 4493 ut
623 4451 968 4495 accusatores
1002 4443 1317 4507 timeamus;
1358 4440 1531 4510 iisque
1565 4440 1666 4512 ipsi
1702 4449 1994 4494 consenta-
2022 4485 2025 4487 _

413 4546 572 4586 neam
628 4531 980 4587 exhibeamus
1011 4533 1220 4587 vivendi
1267 4533 1556 4596 rationem,
1609 4547 1746 4601 quos
1788 4531 1995 4585 honore

414 4621 793 4688 prosequimur
820 4638 834 4674 :
868 4633 1028 4690 atque
1059 4621 1112 4674 in
1147 4635 1270 4675 eum
1295 4621 1455 4674 etiam
1480 4621 1697 4675 modum
1729 4621 1837 4674 Deo
1861 4621 1996 4674 obe-

416 4714 648 4776 dinmus,
674 4711 726 4764 in
751 4727 910 4779 quem
945 4711 1018 4764 illi
1053 4711 1572 4780 obtemperaverunt
1608 4711 1902 4776 mandatis,
1929 4726 1992 4765 ac

413 4803 684 4872 promissa
709 4802 938 4857 firmiter
977 4811 1352 4870 speraverunt.

488 4893 625 4962 Spes
672 4907 908 4962 namque
958 4891 1284 4962 spiritalium
1312 4893 1600 4958 bonorum,
1621 4896 1790 4962 proba
1815 4895 2000 4948 admo-

417 4985 544 5040 dum
573 4983 907 5040 l‘ortitudinis
936 4998 1001 5039 ac
1036 4984 1338 5039 tolerantia:
1363 4985 1575 5040 exsistit
1601 4985 1846 5052 doctrix;
1880 5000 2000 5056 qua:

417 5077 697 5142 n‘imirum,
733 5075 880 5132 velut
911 5076 1161 5132 idoneum
1215 5076 1432 5146 pignus,
1472 5087 1730 5146 certaque
1755 5077 1996 5133 arrhabo

419 5168 615 5224 animis
674 5169 954 5236 insidens,
1023 5169 1322 5240 periculum
1384 5183 1546 5222 omne
1645 5169 2000 5238 imperculsos

415 5260 572 5332 jubet
595 5261 864 5330 aspicere,
893 5276 957 5316 ae
985 5262 1164 5330 neipsa
1213 5260 1360 5314 ferre
1409 5269 1650 5314 strenue.
1701 5262 1882 5328 Atque
1917 5260 1994 5326 id,

420 5363 790 5409 consentanea
825 5353 1057 5408 maxime
1085 5353 1312 5408 ratione.
1375 5349 1469 5407 Sic
1501 5351 1644 5406 enim
1679 5350 1792 5406 fere
1819 5352 1996 5406 homi-

421 5445 581 5501 nibus
605 5453 804 5500 natura.
821 5454 1200 5516 comparatum
1237 5453 1339 5512 est,
1368 5453 1423 5499 ut
1449 5443 1513 5498 iis
1553 5443 1854 5510 laboribus,
1887 5443 2003 5514 qui-

425 5669 517 5718 dat
551 5665 774 5725 Vossius
807 5669 949 5724 hanc
990 5670 1136 5726 hom.
1174 5669 1226 5724 in
1257 5678 1368 5724 not.
1408 5668 1473 5721 ad
1497 5684 1534 5722 ιι
1575 5664 1634 5720 5.
1677 5663 1920 5732 Ερὶιιοωιιι
1951 5665 2005 5718 in

431 5735 714 5807 Nartym,
737 5739 791 5794 in
827 5739 941 5810 ipsa
970 5750 1237 5812 repertam
1275 5738 1599 5795 bibliotheca
1635 5734 2007 5799 Colomnenai,

2097 4432 2285 4486 λουθον
2309 4451 2322 4465 ο
2359 4434 2674 4506 πεισθῶμεν
2718 4435 2776 4489 δὲ
2823 4436 2918 4490 καὶ
2961 4436 3122 4505 ἡμεῖς
3149 4433 3322 4497 οὕτως
3353 4431 3492 4502 Θεῷ,
3523 4429 3598 4492 ὡς
3629 4430 3678 4484 οἱ

2095 4525 2238 4594 ἅγιοι
2259 4528 2378 4590 ταῖς
2399 4527 2639 4592 ἐντολαῖς
2656 4529 3086 4600 ὲπειθάρχησαν,
3111 4528 3204 4581 καὶ
3229 4527 3328 4590 τάς
3346 4523 3678 4596 ἐπαγγελίας

2096 4619 2327 4689 βεϐαίως
2359 4619 2613 4691 ἤλπισαν.

2179 4882 2381 4954 Ἀγαθὴ
2414 4882 2523 4953 γὰρ
2551 4881 2757 4953 σφόδρα
2789 4875 3109 4944 διδάσκαλος
3142 4879 3391 4950 ἀνδρείας
3423 4875 3515 4928 καὶ
3547 4889 3684 4942 καρ-

2095 4977 2282 5051 τερίας
2308 4979 2342 5049 ἡ
2373 4974 2481 5030 τῶν
2531 4972 2752 5043 ἀγαθῶν
2808 4973 2918 5026 τῶν
2969 4970 3176 5042 νοητῶν
3207 4969 3390 5030 ὲλπίς·
3445 4967 3567 5036 ἥτις
3609 4963 3687 5028 ὡς

2099 5071 2353 5142 ἐνέχυρον
2377 5067 2685 5135 ἀξιόπιστον
2707 5066 2800 5118 καὶ
2825 5062 3084 5136 ἀρραϐὼν
3113 5060 3356 5132 ἀσφαλὴς
3387 5055 3689 5127 ἐγκειμένη

2104 5166 2218 5228 τοῖς
2249 5163 2550 5232 λογισμοῖς,
2590 5159 2769 5212 πάντα
2795 5158 3080 5212 κελεύεται
3115 5155 3357 5209 κίνδυνον
3391 5152 3524 5223 ὁρᾷν
3549 5151 3690 5203 ἀκα-

2105 5257 2450 5328 ταπλήκτως,
2491 5254 2584 5306 καὶ
2633 5253 2819 5322 φέρειν
2853 5253 2909 5304 ὲν
2938 5253 3005 5320 τῇ
3054 5248 3222 5319 πείρα
3265 5243 3531 5314 γενναίως
3553 5255 3566 5269 °
3596 5238 3691 5292 καὶ

2107 5348 2266 5402 τοῦτο
2293 5347 2602 5412 ἀκολούθως
2636 5345 2940 5416 συμϐαίνει.
2980 5341 3144 5395 Φύσει
3177 5339 3286 5409 γάρ
3339 5353 3456 5398 πως
3496 5333 3689 5402 ἐλάχο-

2114 5456 2212 5512 μεν
2292 5439 2568 5509 ἄνθρωποι
2641 5434 3035 5507 μαλακίζεσθαι
3084 5430 3149 5484 ἂν
3199 5429 3293 5484 καὶ
3361 5422 3691 5500 χαυνοῦσθαι

2115 5679 2180 5718 ex
2208 5677 2316 5730 qua
2351 5661 2453 5716 sibi
2497 5659 2655 5714 Pater
2687 5654 3016 5730 Sirmundus
3053 5652 3443 5724 exscripserat,
3495 5645 3692 5718 quibus

2116 5727 2327 5805 primus
2354 5731 2512 5790 annis
2550 5731 2735 5788 Romae
2764 5727 2980 5798 agebat.
