4090 6146
426 366 532 422 ΞΠ

1500 359 1784 417 liOMlLIA
1823 359 1890 417 Χ.
1935 359 2004 416 ιΝ
2035 361 2138 419 SS.
2173 359 2566 417 MARTYRES.

3569 335 3674 414 atii

426 481 567 554 πρὸς
593 481 724 544 τοὺς
755 479 1095 551 ἀγεράστους
1144 478 1251 531 τῶν
1305 477 1518 532 πόνωνο
1582 480 1910 551 ἐρρωμένως
1954 478 2002 532 δὶ

2122 478 2223 533 bus
2256 477 2391 532 nihil
2413 475 2621 547 praemii
2651 475 2983 546 propositum
3012 475 3104 541 sit,
3144 439 3334 531 molles
3355 487 3420 531 se
3454 481 3671 532 resoluti

423 570 739 626 τούναντίον
778 569 1001 624 ἐκείνων
1050 568 1570 640 ἀντιλαμϐάνεσθαι,
1616 564 1692 624 ὧν
1742 566 1878 624 ἆθλα
1917 571 2011 624 καὶ

429 665 589 736 τιμαὶ
616 663 769 726 τέλος
807 662 964 717 εἰσίν.
1004 661 1096 714 Διὸ
1121 660 1321 724 πάντες
1359 660 1634 731 μάρτυρες
1667 660 1746 731 τῷ
1777 661 2008 729 εὐαγγε-

430 755 567 827 λικῷ
599 755 890 826 γράμματι
932 751 1292 824 προσέχοντες
1317 751 1409 805 τὸν
1439 750 1586 816 νοῦν,
1625 753 1681 805 ἐν
1705 746 1748 820 ᾧ
1773 751 2006 824 προτρέ-

426 866 543 903 πων
593 849 722 910 τοὺς
774 846 950 918 ἱεροὺς
994 843 1232 915 ἀθλητὰς
1266 843 1362 896 καὶ
1417 842 1696 912 φιλοθέους
1743 845 1771 895 ό
1805 842 2008 913 Κύριος

425 939 596 1008 λέγει·
633 937 768 991 Ἐάν
787 955 874 1005 τις
898 935 1256 1007 ὁμολογήσει
1281 952 1356 1004 με
1382 935 1722 1004 ἔμπροσθεν
1749 933 1867 986 τῶν
1899 935 2007 987 άν-

426 1029 693 1100 θρώπων,
715 1027 1070 1097 ὁμολογήσω
1092 1028 1280 1080 αὐτὸν
1297 1026 1634 1095 ἔμπροσθεν
1651 1025 1758 1080 τοῦ
1778 1027 2007 1092 Πατρός

419 1139 560 1191 μου.
591 1120 765 1190 ’Υπὲρ
805 1118 1012 1190 ταύτης
1036 1119 1134 1188 τῆς
1163 1117 1449 1188 ὁμολογίας
1463 1117 1700 1188 ἤνεγκαν
1717 1117 2006 1188 ἀτρέπτοις

424 1215 538 1275 τοῖς
571 1211 850 1280 λογισμοῖς
898 1209 1115 1281 σίδηρον
1165 1207 1520 1280 τεθηγμένον,
1583 1210 1678 1260 καὶ
1724 1209 2004 1279 πυρκαϊᾶς

423 1303 721 1375 ἐπέϐησαν,
775 1302 869 1355 καὶ
918 1301 1123 1372 θηρίων
1171 1301 1432 1370 στόμασιν
1479 1299 1694 1353 ἔκδοτον
1736 1300 1798 1354 τὸ
1845 1299 2006 1372 σῶμα

423 1394 724 1465 παρέσχον,
754 1392 992 1454 καὶτοὺς
1011 1391 1186 1454 νῶτας
1205 1390 1432 1453 ἕκαστος
1459 1389 1742 1460 ὑπέθηκαν
1762 1389 2001 1460 μάστιξι,

423 1487 516 1540 καὶ
547 1488 668 1548 ταῖς
695 1485 902 1554 ἀκμαῖς
928 1483 1034 1536 τῶν
1067 1481 1275 1553 ὀνύχων
1303 1482 1401 1545 τὰς
1427 1481 1668 1554 πλευράς
1690 1481 2002 1552 ἐταράχθη-

422 1594 521 1631 σαν
551 1576 619 1641 ³⁷,
655 1575 870 1646 δεσμῶν
917 1571 1026 1627 τῶν
1079 1572 1169 1626 διὰ
1211 1573 1432 1644 σιδήρου
1455 1573 1764 1642 ⁴ίγνέσχοντο,
1795 1573 1890 1624 καὶ
1920 1572 2003 1624 δε-

423 1666 754 1736 σμωτηρίων
783 1665 1020 1735 ἧνεγκαν
1043 1663 1290 1718 σκοτεινὰ
1308 1662 1646 1731 καταγώγια’
1674 1662 2001 1732 ἐπιέσθησαν

420 1757 478 1811 δὲ
502 1757 669 1828 λιμῷ,
714 1757 809 1811 καὶ
841 1758 984 1827 δίψει
1037 1756 1525 1828 κατεξηράνθησαν
1550 1773 1564 1786 ·
1589 1757 1906 1828 παρέθηκαν
1943 1758 2001 1810 δὲ

421 1843 457 1924 ᾗ
485 1849 529 1882 ³⁸
555 1849 740 1913 λίθους
791 1848 860 1902 τά
913 1849 1184 1920 πρόσωπα
1210 1851 1323 1911 τοῖς
1368 1846 1687 1919 ῥαπίζουσιν
1711 1865 1724 1879 ·
1761 1849 2001 1919 ἥκουσαν

419 1942 528 1996 τῶν
551 1939 763 2012 ὕϐρεων
800 1940 875 2004 ὡς
898 1940 1107 2009 κωφοί·
1141 1939 1456 2010 ἐσιώπησαν
1489 1938 1624 2010 πρὸς
1653 1940 1780 2003 τοὺς
1811 1940 2001 1994 ὀνειδί-

420 2031 614 2098 ζοντας
648 2033 742 2085 καὶ
787 2029 1233 2102 λοιδορουμένους
1286 2029 1361 2093 ὠς
1386 2029 1605 2084 ἀλαλοιο
1665 2029 1856 2101 δήμοις
1908 2031 2002 2084 καὶ¹

419 2121 672 2195 θεάτροις
702 2121 1190 2194 ἐνεπομπεύθησαν
1214 2135 1230 2149 ’
1280 2120 1654 2193 περιήχθησαν
1685 2123 1860 2194 ἀγορᾷ
1908 2123 2002 2176 καὶ

419 2213 685 2286 ἀμφόδοις
730 2215 787 2267 ἐν
823 2212 1144 2285 όλογύμνοις
1183 2216 1296 2277 τοῖς
1343 2212 1587 2283 σώμασιν
1610 2230 1624 2244 ·
1662 2215 1761 2268 οὐκ
1811 2215 2002 2286 ἄνδρες

425 2306 605 2376 μόνον,
635 2304 770 2359 άλλά
799 2307 895 2358 καὶ¹
939 2308 1236 2375 γυναῖκες,
1272 2306 1332 2359 τὸ
1369 2304 1774 2376 σχετλιώτατον.
1820 2308 2003 2361 Ἀλλοι

422 2400 558 2470 πυρὶ
588 2397 1036 2469 κατεφλέχθησαν
1058 2417 1070 2429 ·
1101 2399 1186 2452 ἐτε
1196 2416 1276 2471 ροι
1296 2399 1384 2452 διὰ
1408 2399 1674 2471 χειμῶνος
1694 2399 1999 2471 ἐπάγησαν·

423 2489 690 2554 ποικίλοις
719 2491 944 2561 τρόποις
971 2491 1069 2554 τὰς
1087 2491 1366 2562 ἀριστείας
1385 2491 1524 2562 ἡμῖν
1553 2488 2002 2562 κατεμερίσαντο,

423 2577 512 2632 ἵνα
549 2579 805 2643 πεσόντες
839 2580 961 2650 νική
970 2596 1152 2634 σωσιν.

494 2668 594 2721 Διά
647 2667 804 2721 τοῦτο
843 2667 914 2721 τά
956 2668 1154 2739 εὐσεϐῆ
1205 2667 1432 2740 σώματα
1465 2668 1677 2740 σεμνῶς
1729 2669 2004 2740 περιστείο

422 2759 643 2825 λαντες,
676 2759 747 2813 τά
793 2759 962 2832 σκεύη
1011 2760 1112 2830 τῆς
1145 2760 1406 2830 ἐκλογῆς,
1443 2760 1512 2814 τά
1562 2761 1667 2813 τῶν
1717 2762 2004 2832 μακαρίων

421 2851 608 2922 ψυχῶν
641 2851 878 2924 όργανα,
927 2851 1024 2915 τάς
1058 2852 1234 2916 οἰκίας
1267 2850 1376 2904 τῶν
1421 2851 1724 2922 φιλοσόφων
1757 2851 2001 2917 ἐνοίκων,

423 2945 500 3006 ὡς
531 2943 790 3014 κειμήλια
823 2943 1162 3014 πολυτίμητα
1192 2943 1270 3014 τῷ
1302 2945 1461 2996 παντὶ
1507 2941 1608 3013 βίῳ
1636 2942 2000 3014 φυλάσσομεν,

425 3034 772 3106 φρουροῦμεν
795 3035 851 3088 δὲ
875 3036 1058 3098 αὐτοῖς
1085 3034 1160 3098 ὡς
1190 3034 1477 3106 ἡμετέροις
1509 3034 1999 3106 πλεονεκτήμασιν,

2110 571 2426 635 elliciamur;
2442 582 2641 638 eosque
2658 568 2890 621 vicissim
2907 567 3074 637 vegeti
3093 581 3158 622 ac
3183 566 3390 621 alacres
3402 567 3676 632 adeamus,

2111 663 2204 732 qui
2235 661 2454 728 pramria
2483 675 2546 714 ac
2579 660 2810 714 honores
2833 658 2992 714 linem
3044 659 3266 713 habent.
3315 658 3674 724 Quamobrem

2110 752 2342 807 universi
2371 751 3000 819 martyres,evangelica:
3038 750 3110 804 illi
3133 749 3676 816 Scripturaaanimum

2108 841 2447 903 adhibentes,
2484 853 2588 908 qua
2646 838 2902 893 Dominus
2964 854 3148 894 sacros
3204 839 3408 909 pugiles
3460 855 3524 894 ac
3583 839 3676 894 Del

2108 943 2350 988 amantes
2383 933 2650 994 hortatur,
2682 933 2902 986 dicens:
2948 931 3008 985 Si
3036 934 3152 1002 quis
3205 928 3542 998 conﬁtebinir
3597 947 3678 986 me

2109 1041 2282 1081 coram
2309 1026 2624 1090 hominibus,
2647 1024 2937 1092 conﬁtebor
2963 1041 3077 1078 eum
3096 1040 3270 1078 coram
3294 1024 3457 1078 Patre
3472 1040 3584 1078 meo
3608 1025 3695 1102 ”,.

2105 1133 2205 1188 pro
2227 1133 2288 1171 ea
2315 1117 2674 1184 confessione,
2715 1117 2956 1172 immotis
2981 1118 3176 1172 animis
3228 1128 3443 1172 acutum
3475 1119 3674 1171 l'erruru

2107 1210 2423 1276 tolerarunt,
2454 1224 2518 1264 ac
2547 1224 2702 1278 rogos
2729 1209 3183 1274 conscenderunt,
3212 1223 3516 1278 corpusque
3539 1209 3678 1264 fera-

2105 1321 2224 1360 rum
2277 1303 2528 1359 faucibus
2586 1305 2912 1362 vorandum,
2943 1304 3315 1374 praebuerunt,
3351 1317 3416 1357 ac
3474 1303 3675 1371 quique

2103 1396 2261 1453 dorsa
2287 1397 2454 1466 virgis
2481 1395 2852 1465 subiecerunt,
2877 1396 3156 1465 lateraque
3192 1398 3514 1466 ungularum
3543 1410 3676 1450 acu-
3743 1447 3753 1454 .

2104 1487 2204 1543 lcis
2251 1488 2433 1542 laniati
2484 1489 2740 1557 fuerunt;
2811 1488 2988 1544 Ferrea
3041 1489 3256 1542 vincula
3316 1487 3676 1558 pertulerunt,

2102 1581 2580 1650 tenebricososque
2648 1596 2897 1636 carceres
2941 1580 3266 1636 domicilium
3321 1580 3676 1645 habuerunt;

2114 1672 2273 1728 famis
2327 1673 2656 1729 necessitate
2718 1673 2964 1742 oppressi
3036 1681 3198 1736 sunt,
3259 1687 3324 1725 ac
3379 1671 3468 1725 siti
3525 1680 3676 1724 exta-

2105 1765 2379 1831 buerunt;
2419 1764 2588 1819 instar
2632 1765 2888 1834 lapidum.
2949 1763 3115 1817 facies
3147 1761 3478 1816 credentibus
3509 1776 3678 1829 expo-

2104 1865 2364 1920 suerunt;
2398 1854 2648 1923 injurias,
2687 1863 2746 1908 ut
2778 1853 2926 1910 surdi
2962 1854 3266 1918 audierunt;
3318 1852 3465 1906 velut
3519 1853 3674 1914 muti.

2103 1945 2168 1998 ad
2206 1959 2299 1999 eos
2331 1944 2421 2014 qui
2452 1943 2664 2013 probris
2687 1959 2748 1999 ac
2769 1945 2954 1998 sannis
2986 1941 3318 2010 exciperent,
3365 1941 3630 1994 siluerunt
3657 1957 3674 2004 ;

2101 2036 2292 2094 mediis
2317 2035 2528 2106 pepulis
2555 2051 2618 2090 ac
2643 2036 2869 2090 theatris
2904 2035 3194 2104 ignominia
3220 2034 3470 2099 producti
3505 2044 3633 2088 sunt
3659 2052 3675 2100 ;

2107 2134 2218 2186 tuto
2247 2127 2448 2182 nudato
2491 2142 2724 2196 corpore
2776 2141 2868 2194 per
2914 2125 3092 2178 forum
3132 2140 3195 2179 ac
3235 2125 3437 2194 plateas
3463 2124 3678 2179 l'ttcrunt

2103 2219 2497 2285 circumducti;
2555 2233 2658 2272 nec
2700 2217 2800 2270 viri
2829 2226 3057 2284 tantum,
3091 2217 3185 2270 sed
3242 2216 3405 2269 etiam
3443 2213 3678 2280 feminae,

2103 2311 2246 2380 quod
2289 2309 2569 2365 miseriam
2605 2322 2819 2362 omnem
2852 2308 3068 2361 vincere
3105 2305 3372 2359 videatur.
3403 2305 3505 2360 Alii
3557 2306 3678 2374 igne

2103 2404 2324 2456 [uerunt
2349 2399 2640 2463 combusti,
2667 2398 2756 2452 alii
2783 2398 2980 2452 hiemis
3025 2397 3144 2468 gelu
3169 2397 3546 2467 ohriguerunt,
3579 2413 3677 2451 va-

2105 2494 2202 2548 riis
2231 2493 2405 2546 modis
2431 2491 2690 2562 praeclara
2721 2491 2875 2544 nobis
2898 2488 3133 2543 facinora
3175 2489 3361 2556 partiti
3395 2499 3538 2554 sunt,
3573 2503 3680 2558 quo

2106 2585 2384 2647 cadentes,
2417 2598 2480 2635 ac
2508 2590 2702 2645 morte,
2734 2581 2965 2634 victores
2989 2579 3357 2634 efﬁcerentur.

2175 2675 2382 2729 idcirco
2407 2673 2493 2743 pia
2537 2687 2764 2740 corpora
2812 2671 3020 2724 decenti
3049 2680 3239 2725 ornatu
3262 2681 3679 2738 componentes,

2104 2765 2494 2821 benedictionis
2519 2779 2645 2818 vasa
2676 2763 2782 2828 illa,
2805 2763 3084 2816 beatorum
3104 2762 3408 2816 animorum
3434 2775 3636 2828 organa
3661 2799 3678 2822 .

2106 2857 2543 2928 pltilosOphorum
2588 2855 2857 2924 hospitum
2890 2854 3108 2918 domos,
3150 2867 3247 2906 ceu
3282 2853 3677 2921 pretiosissima

2106 2949 2330 3018 pignora
2381 2947 2432 3000 in
2488 2961 2647 3000 omne
2696 2945 2951 2999 saeculum
2993 2959 3416 3009 conservamus,
3470 2946 3677 3013 iisque,

2107 3048 2360 3110 tanquam
2397 3037 2682 3107 praecipuis
2713 3037 2866 3091 donis
2907 3036 3107 3091 nostris
3135 3036 3409 3090 munituur
3431 3075 3446 3101 ,
3483 3052 3546 3091 ac
3578 3036 3674 3092 Ec-

425 3124 524 3178 καὶ
557 3127 669 3188 τοῖς
699 3124 964 3197 μάρτυσιν
987 3127 1020 3195 ἡ
1057 3123 1354 3195 Ἐκκλησία
1382 3125 1708 3197 τετείχισται
1737 3128 1813 3190 ώς
1850 3127 2002 3191 πόλις

2106 3131 2290 3195 clesia,
2323 3138 2621 3201 martyrum
2668 3128 2942 3193 satellitio,
2983 3128 3126 3182 haud
3159 3142 3316 3182 secus
3350 3138 3512 3197 atque
3545 3128 3679 3183 civi-

425 3213 669 3278 όπλίταις
693 3216 982 3282 γενναίοις,
1013 3215 1105 3270 καί
1136 3215 1404 3287 πάνδημοι
1440 3218 1776 3288 πανηγύρεις
1820 3218 2005 3289 ἀθροί-

425 3304 631 3370 ζονται,
664 3305 760 3358 καὶ
798 3306 897 3376 τῆς
927 3305 1221 3378 θυμηδείας
1251 3305 1358 3359 τῶν
1391 3307 1594 3378 ἐορτῶν
1634 3307 2001 3380 ἀπολαύομεν.

424 3397 486 3448 0i
519 3398 574 3450 δέ
605 3398 727 3461 ταῖς
769 3397 1142 3470 ἀνθρωπικαῖς
1181 3398 1564 3470 περιστάσεσιν
1611 3399 1644 3470 ἢ
1697 3405 2003 3473 συμφοραῖς

425 3490 761 3562 πιεζόμενοι,
796 3491 870 3555 ώς
904 3493 997 3545 ἐπί
1034 3509 1089 3546 τι
1122 3492 1504 3564 κρησφύγετον
1534 3492 1634 3556 τάς
1667 3491 2004 3555 ἀναπαύσεις

422 3580 533 3634 τῶν
595 3581 1014 3653 τρισμακαρίων
1087 3581 1428 3635 σπεύδουσιν.
1503 3578 1851 3653 Πρεσϐευτάς
1903 3578 2002 3630 αύ-

421 3671 546 3731 τούς
600 3671 711 3724 τῶν
755 3670 931 3741 εύχῶν
955 3670 1050 3725 καὶ
1073 3672 1410 3743 αἰτημάτων,
1447 3670 1538 3724 διά
1579 3670 1638 3724 τδ
1669 3669 2004 3742 ὑπερϐάλλον

421 3759 533 3830 τῆς·
556 3759 889 3831 παρρησίας,
917 3759 1196 3831 ποιοῦμεν.
1239 3761 1517 3814 Ἐντεῦθεν
1548 3759 1729 3813 πενίαι
1758 3756 2000 3824 λύονται,

422 3852 519 3905 καὶ
558 3850 899 3924 ίατρεύονται
929 3849 1096 3915 νόσοι,
1133 3853 1226 3906 καὶ
1260 3852 1535 3924 ἀρχόντων
1573 3849 1794 3904 ἀπειλαὶ
1826 3849 2004 3920 κοιμί-

425 3941 605 4006 ζονται
629 3959 644 3974 ο
677 3943 864 3997 πασῶν
904 3943 962 3996 δὲ
1008 3943 1116 3996 τῶν
1158 3943 1410 4014 ταραχῶν
1457 3943 1550 3996 καὶ
1597 3941 1880 4012 χειμώνων
1908 3940 2003 3995 τοῦ

426 4034 542 4105 βίου
585 4035 801 4105 λιμένες
849 4036 986 4089 εἰσὶν
1036 4034 1199 4089 εὔδιοι
1225 4075 1244 4098 ,
1287 4036 1337 4088 oi
1377 4036 1512 4106 ἱεροὶ
1557 4031 1668 4087 τῶν
1714 4033 2003 4106 μαρτύρων

425 4128 603 4198 σηκοί.

493 4305 682 4372 Οὕτως
714 4309 936 4380 πατὴρ,
988 4307 1022 4379 ἢ
1079 4309 1260 4380 μήτηρ
1307 4307 1557 4380 ἀραμένη
1604 4307 1694 4360 τὸν
1723 4308 2004 4380 ἄρρωστον

423 4399 608 4464 παῖδα,
649 4399 745 4452 καὶ
775 4399 1165 4468 περιστείλασα
1193 4403 1316 4463 ταῖς
1343 4399 1634 4469 ἀγκάλαις,
1665 4399 1998 4471 παρατρέχει

2106 3233 2188 3278 tas
2215 3229 2543 3276 armatorum
2576 3235 2732 3274 manu
2755 3261 2770 3285 ,
2803 3220 3102 3288 protegitur
3122 3257 3138 3284 ,
3185 3231 3560 3288 cogunturque
3591 3234 3680 3272 εθ-

2103 3313 2282 3368 lehres
2333 3311 2514 3382 populi
2567 3311 2732 3364 totius
2779 3321 3110 3372 conventus,
3163 3323 3228 3363 ac
3277 3308 3679 3364 solemnitatqu

2098 3403 2482 3475 iucunditatem
2533 3401 2898 3471 percipimus,
2949 3415 3011 3456 ac
3079 3400 3146 3454 iis
3194 3414 3524 3455 recreamur.
3577 3401 3678 3466 Qui

2105 3495 2352 3550 humanae
2412 3493 2536 3548 vita:
2601 3492 2843 3547 adversis
2913 3491 3130 3546 casibus
3174 3505 3237 3545 ac
3282 3489 3682 3546 calamitatibus

2103 3597 2387 3652 vexantur,
2423 3585 2568 3639 velut
2606 3585 2672 3639 ad
2708 3585 2915 3656 asylum
2947 3583 3220 3653 quoddam
3255 3598 3320 3638 ac
3349 3582 3674 3654 perfugium,

2104 3682 2170 3734 ad
2205 3688 2288 3734 ter
2323 3680 2600 3734 beatorum
2643 3681 2881 3748 requiem
2923 3693 2990 3732 ac
3025 3676 3250 3742 solatia,
3287 3676 3483 3733 festiue
3518 3691 3676 3732 acce-

2104 3773 2260 3826 dunt.
2299 3769 2530 3824 Precum-
2561 3769 2680 3824 illos
2721 3784 2785 3824 ac
2813 3769 3118 3823 orationum
3162 3769 3548 3822 intercessores
3577 3767 3674 3821 ad—

2106 3864 2390 3924 hibemus,
2427 3871 2644 3929 propter
2686 3861 3060 3926 excellentem,
3113 3876 3221 3930 qua
3268 3860 3502 3930 pollent,
3537 3859 3678 3913 ﬁdu-

2104 3955 2264 4010 ciam.
2293 3953 2361 4007 Iis
2393 3953 2658 4022 praesidiis
2683 3951 2934 4007 levantur
2959 3952 3291 4021 paupertatis
3316 3953 3675 4015 incommoda,

2103 4053 2362 4102 eurautur
2415 4043 2622 4109 morbi,
2675 4057 2739 4098 ac
2805 4044 3110 4113 principum
3169 4044 3330 4098 mium
3386 4043 3678 4104 sedantur,

2105 4138 2460 4206 omniumque
2485 4133 2664 4189 saeculi
2702 4135 2974 4189 turbinum
3015 4150 3078 4190 ac
3128 4143 3506 4202 tempestatum
3540 4141 3678 4186 trau-

2104 4227 2257 4299 quilli
2298 4236 2505 4296 portus,
2531 4240 2687 4281 sacra
2727 4235 3027 4295 martyrum
3063 4223 3284 4279 delubra
3312 4224 3602 4277 exsistunt.

2179 4317 2238 4372 ln
2270 4318 2416 4372 bunc
2445 4317 2661 4371 modqu
2692 4326 2866 4385 pater,
2897 4331 2990 4369 seu
3028 4329 3223 4383 parens
3262 4313 3432 4368 altera
3453 4353 3470 4381 ,
3523 4313 3677 4367 iullr-

2115 4423 2258 4464 mam
2295 4407 2496 4477 prolem
2529 4407 2747 4474 tollens,
2770 4417 2932 4477 atque
2957 4407 3007 4459 in
3033 4405 3187 4460 ulnas
3217 4405 3514 4472 suscipiens
3537 4421 3678 4458 cutu-

426 4490 526 4561 μέν
549 4492 760 4562 ἰατρεῖα
791 4493 885 4544 καὶ
924 4491 1163 4561 ἰατροὺς,
1201 4491 1293 4544 ἐπὶ
1323 4491 1379 4544 δέ
1417 4490 1638 4562 άτεχνον
1667 4490 2002 4560 καταφεύγει

2111 4499 2490 4570 plectensque,
2531 4499 2768 4552 medicas
2800 4499 3016 4568 quidem
3047 4496 3311 4562 ollicinas,
3349 4511 3414 4552 ac
3443 4498 3683 4552 medicos

425 4582 678 4654 βοήθειαν
697 4599 712 4613 ο
744 4584 838 4636 καὶ
888 4582 1026 4652 πρὸς
1054 4583 1150 4636 ἕνα
1177 4582 1286 4636 τῶν
1316 4581 1608 4656 μαρτύρων
1640 4581 1903 4647 ἐλθοῦσα,
1936 4583 2004 4636 δι’

423 4674 635 4726 ἐκείνου
658 4673 736 4744 τῷ
762 4673 1008 4747 Δεσπότῃ
1038 4673 1306 4745 προσάγει
1332 4674 1428 4745 τὴν
1459 4675 1698 4746 αἴτησιν,
1728 4673 2006 4741 τοιαύταις

425 4763 740 4836 κεχρημένη
781 4764 920 4835 πρὸς
954 4764 1045 4817 τὸν
1079 4765 1308 4836 μεσίτην
1361 4768 1596 4834 φωναῖςο
1637 4785 1656 4817 ι
1695 4764 1890 4821 Παθὼν
1917 4767 2005 4820 διὰ

423 4857 675 4928 Χριστὸν,
708 4857 1042 4927 πρέσϐευσον
1076 4857 1215 4928 ὑπὲρ
1249 4857 1454 4921 πάθους
1485 4859 1578 4911 καὶ
1610 4858 1791 4912 νόσου.
1825 4859 2004 4929 ’Έχων

424 4948 758 5018 παρρησίαν,
789 4948 992 5019 χρῆσον
1026 4947 1183 5017 λόγον
1207 4950 1318 5012 τοῖς
1343 4949 1670 5020 ὁμοδούλοις.
1704 4951 1766 5004 Εἰ
1798 4951 2003 5006 καὶτὸν

425 5037 688 5108 ἡμέτερον
721 5036 835 5107 βίον
870 5038 1168 5103 ἀπέλιπες,
1217 5039 1353 5094 άλλά
1396 5039 1526 5108 γοῦν
1571 5036 1716 5105 οἶδας
1746 5041 1814 5094 τά
1855 5042 2001 5116 πάθη

423 5127 520 5198 τῆς
546 5130 968 5200 άνθρωπότητος
991 5146 1006 5160 ο
1058 5132 1439 5202 παρεκάλεσάς
1468 5134 1562 5186 καὶ
1589 5131 1652 5186 σύ
1697 5150 1827 5186 ποτε
1859 5135 2002 5205 μάρ-

421 5235 590 5290 τυρας
634 5224 765 5294 πρὶν
787 5223 1040 5290 γενέσθαι
1066 5226 1296 5297 μάρτυς.
1324 5226 1456 5279 Τότε
1481 5225 1658 5299 ζητῶν
1678 5227 1999 5298 ἐλάμϐανες,

421 5307 516 5363 νῦν
544 5311 684 5382 ἔχων
711 5313 956 5384 χάρισαι.
993 5313 1088 5377 Et;
1129 5314 1192 5367 τὸ
1225 5317 1392 5387 γέρας
1422 5317 1482 5370 τὸ
1528 5317 1641 5381 σὺν,
1686 5317 1909 5390 αἴτησον
1940 5322 2002 5373 τὸ

423 5400 611 5475 κέρδος
641 5405 797 5476 ἡμῖν.
843 5405 1038 5479 Ἰαθείη
1049 5424 1146 5478 μεν
1171 5409 1248 5480 τῷ
1293 5407 1370 5479 σῷ
1413 5408 1640 5480 μώλωπι
1658 5451 1672 5476 ,
1701 5410 1776 5476 ὡς
1804 5411 1882 5484 τῷ
1906 5412 1998 5466 τοῦ

421 5493 660 5567 Χριστοῦ
703 5498 733 5549 ό
779 5495 1002 5568 κόσμος.
1057 5518 1075 5550 ›
1141 5500 1334 5564 ’Ἄλλος
1382 5501 1474 5555 ἐπὶ
1515 5501 1692 5573 γάμον
1736 5502 2002 5568 σπεύδων,

422 5585 712 5657 προοίμιον
739 5591 978 5644 ποιεῖται
1011 5590 1120 5645 τῶν
1157 5589 1415 5663 θαλάμων
1454 5592 1550 5664 τὴν
1581 5595 1638 5648 ἐν
1684 5597 2005 5666 μαρτυρίοις

513 5781 554 5812 ³⁷
583 5781 709 5854 ch.
758 5785 1059 5858 ἐσπαράχθ.
1140 5789 1181 5819 ³⁸
1219 5790 1292 5845 ίσ.
1349 5792 1444 5855 ὼς.
1527 5793 1568 5824 ³⁹
1609 5793 1794 5850 Matth.
1838 5811 1889 5861 ι,
1921 5793 2006 5848 5'2.

2109 4593 2451 4657 transcurrit,
2481 4591 2548 4645 ad
2572 4592 2832 4646 auxilium
2863 4607 2993 4646 vero
3029 4592 3164 4644 artis
3193 4605 3389 4658 expers
3415 4589 3678 4660 confugit,

2108 4697 2267 4754 atque
2296 4685 2365 4740 ad
2402 4699 2565 4739 unum
2603 4682 2835 4752 aliquem
2877 4690 3174 4753 martyrum
3205 4683 3410 4748 adiens,
3440 4695 3532 4749 per
3555 4697 3680 4735 eutn

2105 4776 2335 4831 Domino
2376 4776 2675 4831 orationem
2721 4774 2898 4837 olli-rt,
2953 4774 3130 4828 verbis
3164 4772 3492 4842 ejuscemodi
3535 4787 3682 4827 cout-

2106 4870 2310 4938 pellans
2337 4882 2481 4932 eum,
2504 4882 2661 4937 quem
2697 4868 3052 4922 mediatorem
3083 4866 3298 4920 asciscit
3327 4882 3340 4919 :
3373 4884 3392 4918 ι
3427 4865 3528 4932 Qui
3560 4881 3680 4938 pro-

2108 4969 2229 5030 pter
2281 4958 2554 5015 Christum
2587 4974 2646 5013 es
2692 4973 2921 5028 passus,
2967 4959 3242 5012 intercede
3287 4971 3385 5026 pro
3432 4959 3681 5028 passione

2111 5051 2425 5121 morboque.
2461 5051 2560 5117 Qui
2597 5051 2792 5106 ﬁducia
2839 5050 3009 5122 polles
3037 5089 3054 5114 ,
3089 5049 3364 5106 conservis
3400 5053 3686 5106 commoda

2109 5156 2432 5198 sermonem.
2473 5142 2712 5198 Tametsi
2766 5142 2973 5197 desiisti
3027 5143 3077 5196 in
3123 5141 3370 5196 humanis
3420 5157 3574 5210 esse,
3630 5154 3685 5196 at

2110 5235 2248 5288 nosti
2281 5248 2400 5302 qua:
2443 5233 2553 5288 sint
2579 5233 2862 5303 passiones
2904 5247 2968 5286 ac
3001 5231 3171 5286 morbi
3202 5232 3418 5286 [mutaui
3447 5234 3682 5303 generis.

2110 5325 2188 5379 Tu
2215 5340 2426 5395 quoque
2447 5326 2718 5394 quondam
2740 5334 3003 5394 martyres
3020 5324 3338 5388 obsecrasti,
3369 5327 3683 5394 priusquam

2109 5417 2220 5488 ipse
2241 5427 2446 5487 martyr
2464 5417 2771 5472 exsisteres.
2789 5415 3052 5484 Accepisti
3077 5425 3203 5470 tunc
3223 5430 3500 5486 quarens;
3526 5415 3684 5468 modo

2110 5527 2230 5568 cum
2268 5511 2471 5566 habeas
2495 5550 2511 5577 ,
2549 5509 2768 5580 largire.
2806 5507 2905 5563 Tui
2951 5508 3156 5578 pra-mii
3191 5507 3406 5562 cumulo
3436 5505 3683 5575 pustula,

2112 5601 2252 5671 quod
2288 5613 2474 5659 nostro
2504 5600 2660 5659 cedat
2713 5599 3017 5659 commodo.
3058 5593 3172 5655 Tuo
3204 5610 3460 5655 sanemur
3491 5594 3683 5662 livore,
