4070 6142
373 301 480 360 δι’)

1658 304 1716 361 S.
1758 303 2031 361 ASTEIHI
2076 304 2388 363 AMASENT‘

3534 307 3640 365 δῖε)

377 421 461 474 uti
490 416 718 472 mundus
745 416 915 474 livore
956 416 1181 473 Christi.
1221 437 1238 472 ι
1282 420 1433 476 Aiius
1476 421 1542 475 ad
1577 421 1796 491 nuptias
1832 436 1953 492 pcr-

2074 423 2265 495 ;ὐχην’·
2294 422 2393 476 καί
2423 437 2506 486 ττς
2536 422 2616 485 εἰς
2658 418 2823 475 πλοῦν
2855 421 3235 493 ἐπειγόμενος,
3267 422 3326 475 οὐ
3374 421 3638 494 πρότερον

377 524 529 580 gens,
553 507 775 564 thalami
797 509 1077 565 exordium
1099 509 1251 572 facit,
1269 526 1402 582 quas
1417 513 1467 566 in
1487 512 1762 584 martyriis
1775 526 1961 582 preces

380 602 574 658 fundit.
593 600 724 669 Quis
751 601 875 655 item
899 602 950 654 in
970 603 1249 671 procinctu
1275 604 1654 674 navigationis,
1688 619 1793 657 non
1812 604 1960 671 prius

379 697 534 750 navis
570 696 828 750 rudentes
856 694 1054 755 solvit,
1098 708 1260 764 quam
1318 695 1485 748 maris
1525 696 1810 750 Dominum
1865 712 1962 766 per

378 796 648 855 martyres
675 785 1028 851 invocaverit;
1054 785 1423 839 memlicorum
1466 800 1628 855 porro
1654 788 1867 856 pepuli,
1897 802 1963 843 ac

381 891 675 947 pauperum
700 887 912 941 turmae,
935 887 1235 948 martyrum
1256 876 1497 944 requiem
1525 891 1589 931 ac
1614 876 1959 932 refectionem

384 971 526 1024 lares
548 984 860 1025 communes
886 970 1105 1024 habent.
1137 966 1348 1035 Ubique
1376 979 1554 1024 autem
1593 976 1859 1024 terrarmn
1892 984 1956 1024 ac

385 1060 551 1113 maris
571 1059 926 1115 decantaotur
954 1068 1240 1130 martyres.
1266 1057 1322 1112 Id
1355 1058 1514 1128 plane
1537 1072 1774 1128 congrue
1801 1069 1962 1126 atque

382 1152 581 1206 merito
641 1168 657 1206 :
713 1166 818 1205 non
870 1151 1011 1206 enim
1073 1151 1349 1206 communi
1413 1151 1621 1205 ratione
1679 1160 1963 1220 gesserunt

380 1244 671 1313 justitiam,
704 1246 798 1301 sed
834 1246 952 1315 ipso
980 1259 1210 1315 corpore
1240 1243 1542 1313 baiularnnt
1568 1256 1820 1309 crucem;
1855 1259 1962 1300 non

385 1337 763 1408 disperserunt
814 1339 1095 1408 pecunias,
1130 1336 1224 1392 sed
1263 1337 1579 1407 sanguinem
1618 1335 1960 1404 ell‘uderunt;

387 1445 495 1485 non
524 1431 763 1485 miserati
801 1440 930 1486 sunt
960 1445 1251 1501 pauperem
1278 1472 1294 1498 ,
1328 1432 1424 1486 sed
1471 1446 1570 1485 nec
1602 1431 1685 1486 sui
1722 1431 1962 1501 ipsorum

386 1533 512 1580 sunt
547 1525 784 1590 miserti;
829 1541 935 1580 non
989 1526 1291 1580 inviscrunt
1331 1523 1584 1579 alliictum
1618 1525 1671 1579 in
1703 1538 1922 1580 carcere
1945 1566 1961 1590 ,

387 1617 481 1673 sed
541 1616 643 1684 ipsi
696 1626 915 1671 catenas
981 1625 1352 1685 portaverant.
1416 1616 1779 1684 Quamobrem
1841 1630 1960 1670 eam

387 1712 614 1781 gloriam
646 1727 708 1765 ac
732 1712 993 1767 honorent
1026 1711 1300 1766 consecuti
1331 1719 1476 1776 sunt,
1503 1725 1625 1781 quze
1643 1711 1813 1781 aequis
1843 1725 1959 1765 mo-

385 1803 471 1857 dis
506 1802 778 1870 patientia:
809 1803 1073 1871 ejusmodi
1106 1818 1168 1856 ac
1194 1803 1348 1858 malis
1380 1805 1752 1872 responderet.

460 1889 516 1946 In
553 1892 696 1947 hunc
727 1893 908 1961 itaque
949 1893 1164 1947 modum
1208 1901 1519 1965 martyres:
1562 1893 1733 1961 ειμι.ιί
1777 1906 1965 1949 eorum

390 1984 599 2054 tyranni
648 1998 713 2038 ac
751 1988 1059 2051 occisores,
1115 1984 1207 2053 qui
1252 1986 1359 2038 alta
1400 1984 1716 2054 sapiebant,
1770 1998 1833 2038 ac
1877 1999 1970 2038 su-

389 2075 556 2141 perba
591 2076 1089 2141 comminahantur;
1126 2075 1215 2143 qui
1261 2091 1424 2146 super
1457 2074 1703 2130 excelsos
1742 2078 1967 2130 thronos

390 2168 666 2234 sederunt,
698 2182 797 2222 nec
826 2182 980 2223 suum
1015 2167 1311 2237 principem
1349 2165 1733 2237 agnoverunt?
1765 2164 1968 2237 Κυδίο-

393 2269 520 2316 rnut
555 2261 765 2316 leonum
807 2260 1019 2316 instar:
1065 2260 1247 2330 pardis
1299 2259 1536 2314 velocius
1570 2267 1967 2327 cucurrerunt,

393 2352 534 2404 ursis
563 2351 793 2406 ferocius
829 2351 1280 2419 discerpserunt,
1325 2349 1470 2403 velut
1504 2349 1610 2419 lupi
1655 2350 1968 2420 sanguinem

390 2441 716 2507 effuderunt,
751 2452 1005 2511 tanquam
1043 2441 1230 2511 vulpes
1259 2440 1441 2495 dolum
1477 2440 1741 2496 fecerunt.
1777 2441 1814 2495 li
1844 2454 1970 2496 vero

392 2530 527 2586 tales
573 2530 757 2600 iacent
806 2531 937 2601 ipsis
982 2532 1211 2586 mortuis
1257 2532 1752 2587 abominabiliores.
1794 2531 1969 2587 Vitam

391 2636 542 2677 suam
570 2622 842 2678 oblivione
870 2622 1226 2685 obtexeruut,
1259 2623 1530 2677 infernum
1566 2623 1764 2679 habent
1783 2623 1971 2695 sepul-

388 2730 541 2772 crum
566 2756 582 2781 ,
614 2716 935 2787 titulumque
973 2718 1302 2786 impietatem
1330 2760 1345 2784 ,
1405 2732 1469 2771 ac
1529 2716 1844 2771 memoriam
1883 2717 1968 2771 in-

392 2807 648 2874 famiam;
685 2810 956 2864 incassum
1012 2822 1107 2863 eos
1153 2808 1422 2877 paenitet,
1469 2806 1668 2862 frustra
1717 2816 1961 2877 gemunt.

394 2899 501 2954 Eos
544 2910 760 2964 autem,
813 2914 948 2970 quos
994 2898 1067 2953 illi
1116 2898 1584 2962 deboncstarunt,
1638 2898 1968 2968 sempiterna

391 2992 606 3061 excepit
660 2992 918 3064 memoria
945 3032 961 3056 ,
1020 3006 1084 3047 ac
1130 2991 1247 3045 laus
1285 2991 1425 3046 senii
1468 3003 1684 3060 expers.
1721 2989 1969 3057 Quandiu

392 3085 537 3138 enim
576 3099 755 3138 rerutn
795 3092 1073 3153 gestarum
1116 3081 1488 3137 narrationem
1519 3091 1682 3152 atque
1714 3081 1968 3147 honores,
1998 3123 2042 3182 c

390 3185 551 3230 aetate
570 3173 814 3243 iuniores
837 3191 867 3230 a
902 3173 1207 3231 senioribus
1235 3173 1555 3245 suscipiunt,
1606 3187 1848 3244 avusque
1877 3187 1973 3229 ne-

393 3267 528 3336 poti,
567 3267 681 3321 sive
713 3268 877 3322 etiam
914 3277 1071 3335 pater
1096 3267 1226 3333 filio,
1262 3282 1451 3322 eorum
1492 3265 1711 3320 tradunt
1738 3265 1968 3335 cultum,

393 3355 752 3411 immortalem
792 3356 1002 3410 laudem
1031 3355 1311 3411 cilicium:
1350 3370 1415 3410 ac
1456 3369 1553 3409 ceu
1593 3352 1963 3410 inviolabilem

392 3445 684 3516 quamdam
740 3446 1145 3512 brereditatem,
1179 3445 1343 3499 hasce
1392 3443 1591 3499 saeculo
1624 3442 1974 3498 celebritates

395 3552 491 3606 per
540 3536 912 3592 successiones
958 3545 1305 3594 conservatas
1351 3534 1727 3589 transmittunt
1777 3550 1792 3589 :
1844 3534 1973 3602 quin

395 3646 510 3687 rem
538 3643 753 3700 quoque
779 3629 966 3684 multis
999 3628 1315 3683 inmeditate
1340 3627 1670 3683 chariorem.
1700 3623 1835 3679 Nam
1871 3626 1976 3680 ba:-

400 3720 645 3776 reditatis
668 3718 829 3786 bona,
860 3718 941 3773 vel
972 3720 1060 3774 fur
1099 3717 1400 3784 abstulerit,
1433 3717 1515 3772 vel
1543 3716 1712 3772 hostis
1751 3732 1979 3786 accepe-

398 3813 467 3867 rit
492 3812 645 3882 spolii
672 3812 824 3878 loco,
854 3810 937 3865 vel
978 3825 1157 3865 rerum
1189 3811 1453 3865 adversus
1480 3823 1645 3865 casus
1669 3822 1975 3864 evacuave»

400 3906 502 3958 rit:
548 3902 787 3958 virorum
838 3913 1017 3957 autem
1069 3912 1380 3957 sanctorum
1433 3901 1713 3957 memoria:
1768 3900 1964 3956 festam

398 3997 592 4063 lucem,
621 3994 795 4049 nullus
824 3995 1087 4050 exciderit
1108 4010 1303 4060 annus,
1361 3995 1604 4064 quandiu
1635 3994 1762 4048 anui
1789 4004 1973 4064 erunt,

398 4103 461 4141 ac
481 4095 664 4141 curret
686 4093 895 4156 tempus
911 4122 927 4149 ,
961 4085 1269 4156 ccelumquc
1294 4083 1513 4139 habebit
1529 4083 1722 4149 solem,
1745 4098 1808 4138 ac
1831 4092 1975 4139 terra

398 4186 580 4249 pascet
625 4192 754 4234 suas
797 4178 1138 4243 animantes,
1189 4190 1449 4246 mareque
1500 4176 1626 4229 item
1678 4175 1971 4245 proprias:

396 4270 676 4341 qninimo,
705 4278 764 4325 ut
795 4269 977 4327 verius
1014 4270 1215 4336 dicam,
1259 4270 1344 4324 his
1378 4282 1596 4339 quoque
1627 4267 1970 4323 cessantibus

396 4361 707 4427 clementis,
736 4362 950 4417 tametsi
1002 4368 1195 4433 putent
1230 4360 1435 4430 aliqui,
1479 4373 1753 4430 nunquam
1794 4369 1975 4415 tamen

1997 1784 2045 1840 Β

2059 515 2161 587 τῆς
2190 514 2327 579 νεώς
2354 514 2468 568 λύει
2499 512 2569 567 τά
2600 513 2896 584 πείσματα,
2932 515 3060 585 πρὶν
3090 510 3156 567 ἄν
3196 512 3286 566 τδν
3314 511 3410 583 τῆς
3435 512 3637 567 θαλάσ-

2064 622 2165 676 σης
2221 604 2496 675 Δεσπότην
2552 603 2639 658 ὣά
2692 602 2800 658 τῶν
2865 603 3156 675 μαρτύρων
3206 596 3631 675 ἐπικαλέσηται-

2065 696 2296 767 πτωχῶν
2323 696 2379 750 δέ
2418 694 2581 766 φυλαί
2608 695 2703 749 καὶ
2735 697 2982 765 πενήτων
3012 695 3172 766 ἐσμοὶ
3228 695 3414 767 κοινὴν
3454 696 3639 749 ἑστίαν

2062 788 2353 858 κέκτηνται
2398 788 2497 859 τὴν
2541 786 2651 840 τῶν
2699 785 2990 858 μαρτύρων
3029 786 3376 840 ἀνάπαυσιν-ο
3425 784 3638 858 ᾅδονται

2061 877 2119 931 δὲ
2147 875 2422 947 πανταχοῦ
2447 876 2552 947 γῆς
2573 876 2668 930 καὶ
2689 875 2960 947 θαλάττης
2980 876 3028 928 οἱ
3056 875 3349 948 μάρτυρες.
3376 875 3636 941 Είκότως,

2064 970 2159 1023 καὶ
2187 969 2324 1041 πρὸς
2351 968 2529 1035 ἀξίαν.
2567 969 2643 1022 Οὐ
2674 968 2803 1041 γὰρ,
2833 966 2908 1031 ὡς
2930 966 3134 1033 πολλοὶ,
3164 967 3263 1038 τὴν
3295 966 3641 1041 δικαιοσύνην

2066 1059 2433 1130 κατώρθωσαν
2451 1076 2464 1090 ·
2502 1057 2651 1129 αὐτῷ
2683 1057 2739 1111 δὲ
2769 1057 2848 1129 τῷ
2884 1057 3097 1129 σώματι
3126 1057 3218 1110 τὸν
3249 1056 3482 1129 σταυρὸν
3511 1058 3639 1114 ἐσά-

2068 1168 2309 1206 στασανο
2355 1151 2415 1205 οὐ
2451 1152 2710 1224 χρήματα
2761 1150 3096 1222 ἐσκόρπισαν
3123 1190 3139 1214 ,
3200 1149 3315 1204 ἀλλ’
3366 1147 3509 1223 αἷμα
3556 1152 3643 1219 ἐξ-

2073 1245 2259 1315 έχεοψ
2291 1244 2352 1298 ού
2392 1244 2599 1316 πένητα
2620 1242 2912 1315 οἴκτειραν,
2948 1242 3063 1296 ἀλλ’
3094 1243 3321 1307 ἐαυτοὺς
3350 1245 3451 1298 οὐκ
3481 1243 3644 1316 ἠλέη-

2067 1346 2196 1387 σαν·
2238 1334 2338 1386 ούκ
2366 1335 2425 1387 ἐν
2456 1333 2813 1405 δεσμωτηρίῳ
2853 1333 2943 1386 τὸν
3015 1332 3401 1404 κεκακωμένον
3445 1335 3645 1387 ἐπεσκ-

2063 1425 2285 1496 έψαντο,
2321 1424 2435 1479 ἀλλ’
2457 1425 2611 1479 αὐτοὶ
2650 1424 2749 1488 τὰς
2777 1423 2994 1488 ἁλύσεις
3025 1422 3310 1496 ἐφόρεσαν.
3346 1422 3445 1478 Διά
3486 1424 3644 1479 τοῦτο

2062 1521 2163 1588 τῆς
2193 1518 2472 1589 ὑπομονῆς
2505 1517 2601 1572 καὶ
2631 1517 2732 1588 τῆς
2753 1516 3050 1582 κακώσεως
3082 1516 3406 1590 ἀντίρροπον
3433 1517 3533 1590 τὴν
3559 1516 3643 1572 δό-

2066 1608 2164 1677 ξαν
2197 1611 2292 1664 καὶ
2314 1609 2412 1681 τὴν
2438 1606 2602 1681 τιμὴν
2628 1608 3044 1681 ἐκαρπώσαντο.

2140 1890 2204 1942 Ui
2235 1888 2333 1961 μὲν
2358 1882 2451 1942 οὖν
2484 1886 2759 1962 μάρτυρες
2783 1886 2927 1943 οὕτω
2949 1906 2962 1921 σ
2997 1888 3047 1944 οί
3074 1889 3131 1943 δέ
3155 1888 3360 1946 τούτων
3384 1891 3637 1966 τύραννοι

2068 1982 2163 2036 καὶ⁵
2203 1983 2383 2050 φονεῖς
2428 1978 2555 2046 ποῦ,
2592 1982 2641 2034 οί
2688 1979 2755 2036 τὰ
2789 1981 2969 2054 ὑψηλά
3021 1985 3420 2056 φρονήσαντες,
3451 1985 3546 2040 καὶ
3574 1984 3645 2040 τὰ

2069 2074 2395 2146 ὑπερήφανα
2421 2072 2847 2146 ἀπειλήσαντες,
2895 2075 2944 2128 οί
2981 2076 3073 2129 ἐπὶ
3121 2073 3325 2148 θρόνων
3358 2077 3647 2150 μετεώρων

2069 2160 2388 2232 καθήμενοι,
2418 2161 2624 2215 καὶτὸν
2652 2162 2860 2216 ἐαυτῶν
2883 2163 3118 2243 ᾄρχοντα
3145 2165 3220 2237 μὴ
3245 2166 3644 2238 γνωρίσαντεςς

2081 2251 2484 2325 Ἐὃρυχήσαντο
2520 2253 2660 2323 ύπέρ
2686 2255 2813 2318 τοὺς
2847 2254 3089 2320 λέοντας,
3121 2256 3355 2330 ἐδραμον
3381 2258 3522 2331 ὑπὲρ
3549 2259 3649 2323 τὰς

2072 2344 2397 2416 παρδάλεις,
2442 2344 2758 2417 ἐσπάραξαν
2799 2346 2940 2418 ὑπὲρ
2987 2346 3087 2412 τάς
3127 2349 3399 2420 ἄρκτους,
3428 2349 3648 2420 ἐξέχεαν

2070 2435 2277 2506 αἵματα
2306 2436 2446 2490 κατά
2469 2437 2599 2501 τοὺς
2625 2434 2844 2502 λύκους,
2875 2438 3294 2510 ἐκακούργησαν
3323 2440 3400 2504 ὡς
3425 2443 3479 2495 αἱ
3508 2439 3649 2495 ἀλώ·

2072 2543 2259 2592 πεκες.
2315 2529 2538 2582 Κεῖνται
2596 2528 2705 2583 τῶν
2757 2528 2925 2583 ὄντων
2974 2531 3182 2602 νεκρῶν
3238 2529 3648 2603 μυσαρώτεροι,

2071 2618 2211 2694 λήθῃ
2239 2619 2516 2690 ἐκάλυψαν
2542 2619 2641 2691 τὴν
2660 2619 2804 2691 ζωὴν
2832 2621 3010 2675 αὐτῶν
3032 2638 3046 2654 ·
3069 2620 3251 2692 έχουσι
3283 2622 3339 2676 δέ
3364 2623 3534 2693 τάφον
3558 2623 3650 2677 τὸν

2072 2711 2229 2785 ᾅδην,
2261 2714 2356 2767 καί⁵
2379 2711 2581 2785 στήλην
2605 2713 2705 2785 τὴν
2730 2713 3007 2782 ἀσέϐειαν,
3033 2714 3127 2769 καὶ
3157 2716 3378 2788 μνήμην
3404 2716 3502 2787 τὴν
3532 2716 3650 2770 ἀτι-

2075 2804 2232 2877 μίανο
2291 2805 2642 2877 μετανοοῦσιν
2694 2805 2929 2879 ἀνόνητα
2957 2848 2971 2866 ,
3030 2805 3305 2860 στένουσιν
3364 2807 3647 2879 ἄπρακτα.

2072 2897 2210 2961 Τοὺς
2241 2896 2299 2949 δέ
2329 2895 2478 2969 παρά
2517 2896 2721 2950 τούτων
2750 2897 3096 2961 αἰκισθέντας
3139 2897 3406 2963 διεδέξατο
3458 2899 3650 2972 μνήμη

2071 2988 2303 3060 ἄληκτος
2323 3029 2338 3054 ,
2383 2989 2611 3061 ἀγήρως
2643 2988 2889 3054 ἔπαινος.
2923 2990 3004 3044 Τά
3033 2989 3142 3064 γὰρ
3188 2989 3501 3064 διηγήματα
3552 2992 3651 3046 καὶ

2072 3080 2171 3145 τάς
2200 3079 2365 3152 τιμὰς
2385 3081 2434 3135 οί
2466 3080 2911 3154 μεθηλικέστεροι
2941 3084 3092 3155 παρά
3116 3083 3225 3138 τῶν
3262 3082 3653 3158 πρεσϐυτέρων

2076 3173 2482 3246 ὑποδεχόμενοι,
2517 3176 2610 3231 καὶ
2655 3178 2877 3244 πάππος
2924 3178 3168 3250 ἐγγόνῳ,
3199 3178 3233 3252 ἢ
3283 3179 3466 3251 πατὴρ
3498 3179 3654 3236 παιδὶ⁵

2077 3265 2463 3340 παραδιδόντες
2506 3267 2605 3339 τὴν
2651 3270 2731 3333 είς
2774 3269 2973 3334 αὐτοὺς
3020 3268 3341 3341 θεραπείαν,
3386 3270 3656 3326 ἀθάνατον

2076 3357 2289 3411 ποιοῦσι
2340 3357 2432 3411 τὸν
2473 3357 2712 3413 ἔπαινον·
2763 3359 2858 3414 καὶ
2898 3360 3088 3432 ὥσπερ
3132 3360 3258 3415 τινὰ
3288 3360 3654 3434 κληρονομίαν

2076 3450 2272 3505 ἄσυλον
2317 3449 2416 3515 τὰς
2440 3449 2634 3523 ἐορτάς
2653 3450 2854 3516 ταύτας
2878 3453 2936 3507 ἐν
2968 3451 3242 3524 διαδοχαῖς
3272 3451 3434 3520 σώζει
3463 3453 3492 3507 6
3520 3450 3653 3523 βίος,

2076 3542 2109 3614 ἢ
2171 3542 2369 3614 μᾶλλον
2420 3542 2514 3596 καὶ
2566 3542 2934 3615 κληρονομίας
2980 3543 3309 3616 τιμιώτατον
3341 3543 3388 3577 ⁸⁸
3442 3543 3653 3617 χρῆμα.

2076 3632 2464 3707 κληρονομίας
2495 3634 2596 3707 μὲν
2620 3633 2730 3706 γὰρ
2763 3635 2831 3689 τὰ
2884 3635 3044 3700 καλὰ,
3079 3634 3113 3706 ἢ
3142 3634 3347 3708 λῃστὴς
3381 3636 3654 3706 ἀφείλετο,

2076 3725 2111 3797 ἢ
2144 3726 2397 3797 πολέμιος
2434 3725 2676 3798 λάφυρον
2706 3726 2897 3781 ἐλαϐεν
2918 3766 2934 3791 ,
2966 3726 2999 3798 ἢ
3038 3727 3367 3798 περίστασις
3400 3726 3661 3798 πραγμά-

2076 3832 2184 3869 των
2204 3815 2488 3891 ἐκένωσεν
2507 3833 2521 3849 ο
2559 3817 2728 3887 ἁγίων
2753 3816 2810 3871 δέ
2835 3816 3045 3888 ἀνδρῶν
3071 3817 3270 3890 ἑορτὴν
3297 3816 3473 3882 οὐδεὶς
3499 3817 3658 3872 ἐκκόρ

2076 3905 2167 3976 ψει
2193 3905 2473 3970 ἐνιαυτὸς,
2519 3906 2712 3978 μέχρις
2752 3905 2817 3960 ἂν
2849 3901 2983 3960 ὦσιν
3034 3906 3305 3970 ἐνιαυτοὶ,
3341 3906 3432 3961 καὶ
3468 3906 3660 3978 χρόνος

2077 3996 2295 4068 τρέχει,
2322 3998 2551 4069 οὐρανὸς
2582 3998 2682 4072 ἔχῃ
2711 3999 2798 4053 τὸν
2817 3997 2989 4071 ἥλιον,
3021 3999 3117 4052 καὶ
3143 3997 3216 4070 γῆ
3242 3997 3426 4070 βόσκει
3451 3998 3519 4052 τά
3543 3998 3654 4052 ίδια

2080 4087 2214 4154 ζῶα,
2250 4090 2346 4145 καὶ
2372 4088 2617 4145 θάλασσα
2644 4089 2715 4143 τά
2742 4088 3018 4162 ἐξαίρετα.
3055 4090 3128 4144 Τὸ
3155 4089 3211 4143 δέ
3237 4089 3435 4162 ἀληθὲς
3464 4091 3659 4153 εἰπεῖν,

2080 4181 2171 4234 καὶ
2214 4181 2325 4236 τῶν
2367 4180 2648 4253 στοιχείων
2697 4181 3071 4253 παυσαμένων
3123 4180 3351 4248 τούτων,
3403 4182 3505 4238 κάν
3551 4200 3661 4236 τισι

2079 4271 2244 4337 δοκεῖ,
2276 4272 2573 4346 μαρτύρων
2626 4272 2722 4327 καὶ
2767 4273 2990 4328 δικαίων
3023 4275 3083 4328 οὐ
3119 4273 3479 4346 σϐεσθήσεται
3508 4273 3659 4340 δόξα,

2081 4361 2202 4416 οὐδὲ
2230 4362 2622 4436 συναποθνήξει
2653 4366 2720 4435 τῇ
2753 4362 3086 4435 δημιουργίᾳ
3124 4362 3194 4416 τὰ
3230 4364 3351 4417 κατ’
3378 4362 3623 4427 ἐκείνους
3644 4380 3659 4393 ·

400 4462 694 4528 martyrum
745 4469 809 4509 ac
850 4453 1122 4524 iustorum
1178 4452 1350 4522 gloria
1414 4453 1812 4520 exstinguetur,
1880 4466 1970 4506 nec

2081 4454 2218 4509 ἀλλά
2240 4454 2361 4508 τότε
2401 4455 2496 4509 καὶ
2531 4455 2733 4526 μᾶλλον
2763 4454 3114 4527 ἀνθήσουσιν,
3147 4455 3283 4527 πρὸς
3319 4453 3415 4526 τὴν
3452 4453 3669 4526 ἀφθαρ-

398 4564 521 4602 t:um
567 4557 750 4604 creato
786 4548 987 4602 mundo
1028 4546 1226 4602 visibili
1257 4548 1577 4612 morientur,
1620 4562 1742 4617 qua:
1784 4559 1973 4601 eorum

2080 4562 2172 4598 τον
2204 4544 2350 4617 ζωὴν
2384 4544 2893 4618 μετακοσμηθείσης
2921 4545 3019 4616 τῆς
3046 4545 3487 4619 ἀνθρωπότητος.

398 4643 630 4698 celebris
661 4644 936 4698 memoria:
957 4651 1122 4708 sunt;
1158 4642 1287 4713 quin
1314 4653 1369 4698 et
1394 4641 1583 4712 majori
1626 4654 1759 4698 tunc
1814 4642 2009 4697 decore
2058 4639 2361 4706 ﬂorebunt,
2418 4652 2773 4698 transmutata
2820 4642 2873 4697 in
2933 4642 3098 4697 vitam
3150 4643 3515 4712 incorruptam
3567 4643 3667 4698 btt-

402 4750 563 4793 mana
591 4746 804 4791 natura.

472 4831 625 4886 Licet
656 4838 835 4885 autem
867 4829 1161 4886 incredulis
1183 4869 1201 4895 ,
1239 4845 1303 4885 ac
1350 4829 1415 4887 iis
1442 4832 1532 4903 qui
1565 4832 1632 4888 de
1658 4834 1840 4889 futura
1880 4847 1978 4903 spe

401 4932 587 4981 nostra
615 4920 916 4992 ambigunt,
942 4937 1007 4975 ex
1040 4921 1106 4977 iis
1130 4937 1250 4991 quae
1270 4936 1387 4977 aevo
1415 4922 1518 4978 hoc
1546 4935 1801 4996 aguntur,
1828 4934 1977 4980 certa

402 5018 556 5070 home
594 5023 790 5069 nostra:
830 5013 1247 5083 exspectationis
1279 5013 1528 5084 accipere
1549 5016 1797 5087 pignora.
1833 5017 1975 5071 Ecce

399 5106 545 5160 enim
595 5119 691 5174 per
732 5106 1075 5161 universum‘
1104 5105 1291 5161 orbem
1345 5106 1599 5177 impletus
1640 5117 1724 5163 est
1774 5107 1978 5164 Christi

401 5197 727 5254 athletarum
759 5198 1032 5266 circulus,
1085 5214 1183 5254 nec
1227 5209 1312 5254 est
1354 5198 1504 5254 locus
1541 5201 1700 5269 ullus,
1736 5217 1845 5272 quo
1876 5216 1985 5256 non

399 5306 589 5347 eorum
618 5292 873 5347 memoria
899 5293 1200 5355 habeatur;
1228 5290 1465 5362 annique
1493 5303 1737 5365 tempora
1766 5292 1982 5359 omnia,

402 5394 564 5439 terra:
588 5382 747 5438 donis
774 5398 838 5438 ac
887 5384 1130 5455 frugibus
1177 5389 1386 5457 potiora
1423 5385 1661 5458 pugilum
1694 5395 1867 5455 gesta,
1897 5398 1986 5438 ce-

405 5475 694 5531 lebraturis
730 5491 793 5531 ac
845 5475 979 5531 festa
1030 5481 1319 5548 agentibus
1352 5479 1660 5537 conferunt.
1715 5478 1981 5545 Quocirca

408 5578 466 5622 ut
514 5569 711 5638 aliquis
751 5568 970 5625 sedulus
1022 5582 1168 5628 esset
1216 5584 1513 5645 martyrum
1544 5586 1771 5637 amans,
1826 5578 1986 5639 atque

477 5747 523 5782 “
559 5749 631 5804 ῐσ.
662 5751 1009 5824 τιμιώτερον.

2166 4830 2414 4896 Ἔξεστιν
2435 4826 2492 4880 δὲ
2516 4827 2627 4891 τοῖς
2658 4824 2926 4892 ἀπίστοις,
2960 4822 3056 4877 καὶ
3087 4822 3215 4895 περὶ
3242 4822 3342 4893 τῆς
3365 4820 3667 4893 μελλούσης

2087 4921 2299 4984 ἐλπίδος
2340 4917 2497 4991 ἡμῶν
2527 4915 2983 4988 ἀμφιϐάλλουσιν,
3029 4914 3139 4968 ἀπὸ
3171 4914 3281 4967 τῶν
3314 4914 3371 4965 ἐν
3402 4910 3539 4982 τῷδε
3587 4909 3670 4980 τῷ

2090 5015 2189 5086 βίῳ
2235 5010 2648 5085 πραττομένων,
2692 5007 2794 5078 τῆς
2850 5005 3065 5077 ἀγαθῆς
3124 5003 3450 5079 προσδοκίας
3504 5002 3670 5074 ὴμῶι

2088 5105 2279 5161 λαὸεῖν
2324 5103 2518 5175 βέϐαια
2560 5097 2629 5154 τὰ
2658 5099 2913 5171 ἐνέχυρα.
2976 5099 3107 5153 Ἰδοὺ
3155 5098 3264 5169 γάρ
3310 5094 3671 5168 πεπλήρωται

2085 5197 2238 5271 παρά
2265 5196 2367 5267 τῆς
2398 5192 2722 5264 οἰκουμένης
2748 5192 2948 5256 κύκλος
2971 5190 3080 5245 τῶν
3125 5188 3372 5261 ἀθλητῶν
3397 5186 3492 5242 τοῦ
3529 5188 3667 5261 Χρι-

2087 5289 2239 5355 στοῦ,
2274 5288 2371 5343 καὶ
2399 5288 2507 5351 πᾶς
2543 5286 2711 5349 τόπος
2751 5284 2864 5356 ἔχει
2909 5283 3018 5338 τῶν
3058 5282 3229 5352 ἁγίων
3257 5282 3356 5353 τὴν
3409 5281 3632 5354 μνήμην
3655 5298 3667 5310 ·

2088 5383 2290 5444 πάντες
2318 5378 2375 5432 δὲ
2410 5377 2590 5448 καιροὶ
2622 5376 2906 5448 κρείττονα
2930 5373 3037 5427 τῶν
3068 5373 3177 5427 ἀπὸ
3212 5373 3317 5443 γῆς
3345 5370 3536 5443 δώρων
3578 5371 3666 5424 καὶ

2088 5470 2504 5546 βλαστημάτων,
2555 5467 2626 5522 τὰ
2662 5468 2770 5522 τῶν
2816 5465 3135 5537 ἀγωνιστῶν
3180 5467 3295 5529 τοῖς
3347 5461 3665 5536 ἑορτάζουσι

2087 5566 2402 5641 χαρίζονται
2442 5563 2776 5635 διηγήματα.
2823 5560 2909 5624 Ὠς
2945 5560 2996 5613 εί
3024 5575 3110 5621 τις
3138 5552 3206 5629 ἦν
3238 5554 3525 5619 σπουδαῖος
3553 5551 3661 5607 τῶν
