4090 6146
350 341 442 396 521

1411 335 1696 393 llOMlLlA
1729 334 1795 390 Χ.
1824 334 1886 390 IN
1926 334 2028 391 SS.
2067 334 2474 390 MAllTYRI-IS.

3509 336 3612 393 321

349 451 638 525 μαρτύρων
679 447 863 517 φίλος,
917 447 1069 501 ἔθετο
1092 447 1148 501 δὲ
1188 448 1448 521 φροντίδα
1485 449 1596 512 τοῖς
1638 447 1747 500 τῶν
1786 445 1922 500 ὅλων

2047 446 2268 499 nnnium
2303 443 2663 514 passionihus,
2709 440 2829 496 festi
2863 441 3022 498 vellet
3062 440 3381 500 celebritate
3414 445 3569 502 litare
3591 489 3613 515 ,

348 541 740 613 πανηγυρίζειν
775 537 1023 596 πάθεσιν.
1061 539 1161 591 οὐκ
1192 538 1260 592 ἂν
1289 537 1500 610 ἡμέραν
1524 537 1798 608 παρῆλθεν
1829 535 1922 589 τοῦ

347 633 590 690 ἐνιαυτοῦ
615 632 894 702 άνέορτον.
942 631 1120 684 Πᾶσαι
1147 631 1255 701 γὰρ
1302 630 1483 701 ἔχουσι
1518 630 1803 702 κρείττονα
1829 628 1922 682 τοῦ

347 725 570 799 ἡλιακοῦ
611 725 810 778 κύκλου
852 724 1075 793 κόσμον,
1108 724 1174 777 τὰ
1213 723 1322 776 τῶν
1357 723 1620 791 γενναίων
1651 722 1924 793 ἀνδραγα-

350 820 585 890 θήματα.
633 814 851 884 Ἐπειδὴ
880 815 990 884 γὰρ
1015 817 1042 868 6
1072 817 1184 878 τοῖς
1211 816 1394 877 καλοῖς
1447 813 1923 883 ἀντιτεταγμένης,

351 905 576 976 σφοδρὸν
619 903 754 975 προς
785 903 844 955 τὸ
883 904 1180 974 μυστήριον
1216 901 1555 974 Χριστιανῶν
1599 901 1922 972 ὲπηρίσατο,

352 999 558 1060 πάντας
601 996 659 1048 δὲ
707 995 930 1049 πάσσων
975 997 1040 1065 τῇ
1077 995 1246 1059 κόνει,
1282 997 1392 1059 τοῖς
1441 993 1588 1056 ἰδίοις
1618 995 1926 1065 φρονήμασι

351 1089 608 1163 χωννύειν
665 1086 1019 1150 ἐσπούδαζεν.
1081 1087 1175 1140 καὶ
1231 1087 1408 1157 μάτην
1461 1084 1768 1155 ὲνασχολεῖν
1815 1088 1926 1149 τοῖς

350 1178 742 1252 ἐπιτηδεύμασι
776 1178 871 1230 τοῦ
917 1177 1089 1249 πηλοῦ
1111 1194 1124 1206 ·
1164 1178 1404 1249 ἀρίστων
1428 1175 1636 1246 ἀνδρῶν
1670 1175 1874 1246 πλῆθος
1901 1177 1929 1229 6

350 1273 481 1337 Θεὸς
509 1269 733 1340 ἀλείψας
766 1273 876 1332 τοῖς
906 1269 1352 1342 παραγγέλμασι,
1382 1263 1927 1340 καῖ’παιδοτριϐήσας

351 1365 486 1436 πρὸς
518 1363 815 1434 καρτερίαν
857 1363 950 1416 καὶ
983 1362 1232 1432 δύναμιν,
1265 1360 1590 1430 ἁντέστησεν
1619 1359 1696 1431 τῶ
1723 1361 1932 1414 ἀναιδεῖ

352 1458 446 1512 καὶ
491 1455 764 1526 ἐπιϐούλῳ
813 1455 912 1524 τῆς
955 1453 1390 1526 ἀνθρωπότητος.
1446 1447 1605 1506 Οὗτοι
1645 1451 1700 1504 δὲ
1745 1452 1927 1506 καινὸν

353 1545 708 1616 ἠγωνίσαντο,
742 1545 832 1597 καὶ
870 1545 930 1595 οὐ
975 1543 1066 1596 τὸν
1097 1543 1300 1615 συνήθη
1335 1541 1540 1612 ἀγῶνα.
1583 1543 1656 1596 Οὐ
1697 1541 1803 1614 γὰρ
1837 1543 1928 1596 τύ..

353 1654 577 1701 τιτοντες
622 1637 656 1708 ἢ
697 1635 994 1708 ρηγνύντες
1039 1636 1350 1708 ἐκράτησαν
1376 1651 1392 1665 ·
1445 1633 1582 1689 ἀλλὰ
1629 1634 1931 1706 πάσχοντες

352 1730 683 1802 ὴρίστευσαν
718 1729 815 1782 καὶ
851 1728 1200 1800 σφαζόμενοι.

429 1905 539 1959 Καὶ
572 1905 745 1967 ποῖον,
780 1904 926 1975 ἐρεῖς
948 1945 962 1968 ,
1005 1903 1034 1955 6
1068 1903 1375 1976 ἀκροατὴς,
1414 1905 1614 1976 κράτος
1657 1903 1891 1974 πολέμου
1919 1919 1932 1968 ;

353 1997 437 2061 τίς
476 1997 532 2049 δὲ
565 1995 912 2066 εὐδοκίμησις
938 1993 1075 2066 αὐτη
1102 2035 1116 2059 ,
1167 1995 1227 2049 τὸ
1272 1996 1674 2068 στρεϐλωθῆναι
1705 1996 1800 2049 καὶ
1830 2013 1935 2066 μα-

357 2087 663 2159 στιχθῆναι,
694 2088 787 2140 καὶ
820 2086 956 2158 πρός
986 2103 1050 2156 γε
1084 2086 1172 2140 διὰ
1223 2087 1426 2160 πυρὸς,
1462 2088 1494 2158 ἢ
1533 2088 1740 2159 ξίφους,
1773 2087 1806 2158 ἢ
1835 2106 1936 2142 κα-

359 2178 579 2242 κώσεως
619 2176 1010 2248 δεσμωτηρίων
1055 2176 1365 2230 καταλῦσαι
1416 2177 1506 2230 τὸν
1561 2176 1715 2248 βίον;
1777 2177 1938 2232 Ἀλλὰ

359 2272 538 2343 μάθε,
587 2270 663 2333 ὡς
711 2271 761 2322 oi
805 2269 945 2340 ὐπὲρ
990 2267 1268 2332 εὐσεϐείας
1319 2269 1567 2340 πόλεμοι,
1610 2268 1937 2322 ἀπεναντίον

358 2358 747 2434 κατορθοῦνται
779 2359 888 2411 τῶν
917 2357 1113 2412 ἄλλων.
1146 2360 1206 2411 Οἱ
1237 2358 1334 2429 μὲν
1360 2358 1468 2429 γὰρ
1496 2359 1552 2410 ἐν
1582 2357 1659 2427 τῷ
1683 2356 1939 2426 φονεῦσαι

356 2448 458 2516 τὴν
487 2445 764 2518 ἀριστείαν
800 2444 1019 2516 ἔχουσι’
1055 2447 1104 2498 οἱ
1135 2445 1210 2510 δὲ,
1249 2445 1337 2499 διὰ
1372 2446 1464 2499 τοῦ
1501 2445 1691 2499 παθεῖν
1717 2447 1811 2500 καὶ
1845 2465 1940 2500 πε-

358 2539 474 2590 σεῖν
505 2536 852 2606 ὲνεργοῦνται
901 2535 1005 2606 τὴν
1052 2535 1230 2606 νίκην.
1285 2536 1574 2608 Παρρησία
1619 2536 1677 2590 δὲ
1717 2536 1941 2590 δικαίων

357 2628 567 2682 ὲκτελεῖ
598 2629 695 2692 τὰς
721 2628 862 2700 ὑπὲρ
890 2626 982 2679 τοῦ
1015 2626 1222 2698 κόσμου
1260 2626 1556 2698 πρεσϐείας
1579 2645 1593 2658 ·
1622 2627 1718 2681 καὶ
1752 2627 1941 2682 ἔλαθεν

356 2720 387 2771 ὁ
438 2717 633 2790 ἐχθρὸς
693 2719 807 2780 τοῖς
866 2716 1150 2780 ἐναντίοις
1195 2715 1525 2786 περιπεσὼν,
1579 2715 1611 2786 ἢ
1668 2716 1938 2771 ἐϐούλετο.

361 2813 559 2875 Ὅσους
590 2809 698 2880 γὰρ
730 2805 960 2878 ἔσφαξεν
997 2808 1456 2880 μαρτυρήσαντας
1479 2848 1492 2869 ,
1523 2805 1814 2872 τοσούτους
1849 2809 1944 2862 ἀν-

359 2902 596 2975 θρώπων
638 2900 867 2974 βοηθοὺς
915 2899 1348 2970 παρεσκεύασεν.
1398 2897 1510 2952 Καὶ
1551 2898 1643 2951 ἐπὶ
1679 2899 1860 2971 πάσης
1886 2899 1942 2952 δὲ

357 2992 612 3064 πράξεως
639 2992 798 3045 τοῦτο
827 2991 1052 3063 πάσχων
1091 2991 1402 3064 εὑρίσκεται
1425 3009 1438 3021 ·
1473 2991 1594 3045 ὅθεν
1631 2992 1945 3064 ἐμποδίζειν

357 3086 532 3137 οἴεται
577 3084 676 3154 τὴν
727 3081 1032 3148 εὐσέϐειαν,
1083 3079 1482 3147 κατασκευάζει
1524 3081 1622 3153 τῆς
1661 3081 1940 3146 εὐσεϐείας

2039 553 2106 590 ne
2139 537 2280 590 diem
2334 535 2549 603 quidem
2601 536 2650 588 iu
2702 549 2844 589 anno
2888 549 2994 588 non
3049 533 3245 590 festmn
3289 539 3614 605 prmteriret.

2045 627 2291 685 Uuiversi
2323 626 2523 682 etenim
2553 626 2713 681 solari
2749 627 2864 696 ipso
2885 627 3044 697 globo
3073 627 3425 684 illustriorem
3455 646 3615 685 num-

2039 722 2208 783 dum,
2241 717 2500 787 pratclara
2548 726 2898 772 strenuorum
2951 717 3189 772 virorum
3231 719 3469 774 facinora
3521 723 3620 776 ha-

2034 810 2184 864 bent.
2208 808 2346 876 Quia
2367 811 2509 862 enim
2543 807 2609 871 is,
2636 808 2726 877 qui
2759 809 2912 862 bouis
2933 811 3274 876 adversatur,
3300 813 3352 867 vi
3381 814 3618 869 maxima

2037 901 2467 956 Christianorum
2520 900 2846 954 moliebatur
2889 903 3223 970 pessundare
3273 885 3623 974 mysterium,

2037 991 2429 1062 universosque
2476 990 2774 1046 furfuribus
2822 1007 3159 1063 aspergens,
3191 995 3364 1050 sensis
3397 997 3511 1051 suis
3555 1013 3623 1052 ac

2039 1081 2322 1140 affectibus
2372 1085 2602 1158 obruere
2633 1084 2925 1150 nitebatur,
2980 1101 3044 1140 ac
3087 1100 3243 1142 casso
3281 1087 3482 1156 labore,
3518 1089 3612 1143 luti

2036 1175 2291 1243 operibus
2321 1190 2624 1246 occupare;
2667 1184 3014 1230 strenuorum
3063 1177 3208 1233 Deus
3244 1179 3483 1234 virorum
3528 1196 3624 1234 co-

2039 1262 2180 1331 piam
2235 1264 2454 1318 monitis
2505 1265 2818 1330 instruens,
2855 1273 3018 1335 atque
3052 1267 3118 1320 ad
3166 1267 3502 1322 tolerandum
3557 1285 3626 1325 ac

2040 1353 2262 1408 virtutis
2283 1353 2550 1409 edendum
2568 1356 2841 1425 specimen
2861 1395 2878 1420 ,
2907 1356 3164 1412 erudiens
3189 1357 3619 1429 iuformansque,

2041 1444 2332 1516 impudenti
2354 1446 2451 1510 illi,
2478 1462 2542 1501 ac
2570 1447 2780 1502 insidiis
2805 1449 3096 1504 hmnanum
3131 1452 3401 1521 appetenti
3431 1465 3621 1520 genus,

2039 1537 2259 1606 objecit.
2324 1535 2387 1591 Hi
2421 1552 2550 1594 vero
2602 1554 2799 1593 novum
2836 1541 3202 1605 desudarunt,
3239 1557 3303 1598 ac
3333 1544 3466 1598 nihil
3497 1560 3625 1600 εοηο

2041 1637 2256 1682 suetum
2322 1640 2622 1685 certamen.
2654 1628 2765 1684 Nec
2793 1631 2937 1685 enim
2962 1632 3220 1686 cadendo
3244 1648 3308 1688 ac
3335 1634 3478 1689 acies
3509 1651 3626 1705 per-

2040 1715 2326 1788 fringenth
2357 1720 2590 1774 victores
2633 1721 2967 1776 exstiterunt
2990 1764 3005 1790 ,
3042 1723 3137 1779 sed
3172 1725 3422 1793 patiendo
3460 1733 3624 1796 atque

1963 1815 2007 1872 Β
2037 1808 2201 1863 occisi
2239 1819 2459 1866 strenue
2492 1811 2818 1866 habuerunt.

2110 1899 2292 1967 Qualis
2316 1916 2465 1966 vero,
2498 1903 2728 1972 inquies,
2765 1903 2996 1968 auditor,
3028 1904 3151 1961 belli
3171 1905 3431 1960 victoria?
3455 1905 3629 1973 Quod-

2041 2005 2166 2044 nam
2197 2001 2372 2047 autem
2426 2008 2595 2064 genus
2625 1995 2753 2050 illud
2806 1997 3080 2062 facinoris,
3109 2009 3164 2050 ut
3197 1999 3478 2052 tormentis
3505 1999 3628 2067 quis

2041 2095 2105 2134 ac
2133 2081 2446 2135 verberibus
2493 2081 2848 2150 subjiciatur;
2887 2085 2953 2138 ad
3001 2085 3115 2139 hac
3149 2093 3355 2148 autem,
3388 2094 3444 2139 ut
3477 2085 3624 2154 igni,

2040 2170 2121 2224 vel
2150 2169 2348 2240 gladio,
2384 2182 2476 2226 aut
2541 2174 2778 2229 carceris
2821 2178 3182 2230 maceratione
3225 2176 3375 2230 finiat
3410 2177 3620 2236 vitam?

2042 2259 2238 2316 Verum
2269 2263 2504 2326 noveris,
2544 2278 2663 2332 quae
2696 2265 2833 2318 bella
2872 2266 3198 2336 suscipimus
3221 2267 3436 2336 pietatis
3461 2283 3612 2340 ergo,

2042 2367 2202 2409 secus
2239 2354 2350 2424 geri
2384 2365 2548 2424 atque
2601 2355 2724 2410 alia.
2761 2354 2893 2410 Nam
2946 2356 3049 2410 alia
3086 2357 3301 2426 quidem
3345 2357 3522 2427 bella,
3562 2361 3620 2417 in

2042 2447 2280 2500 cmdibus
2328 2461 2389 2498 ac
2439 2456 2620 2515 strage
2657 2448 2927 2510 hosﬁum,
2971 2447 3301 2504 fortitudinis
3343 2452 3624 2519 specimen

2044 2538 2247 2591 habent
2273 2554 2284 2602 ;
2322 2537 2437 2590 hinc
2467 2547 2646 2591 autem
2719 2539 3044 2592 certantium
3079 2541 3330 2608 passione
3362 2557 3426 2594 ac
3458 2552 3630 2597 morte

2043 2627 2323 2681 victoriam
2354 2628 2591 2696 pariunt.
2626 2627 2794 2682 Porro
2825 2629 2998 2683 sancti
3023 2669 3038 2691 ,
3068 2644 3165 2697 pro
3197 2645 3257 2684 ea
3285 2645 3389 2700 qua
3422 2631 3625 2700 pollent

2049 2719 2270 2786 fiducia,
2308 2722 2490 2775 mundi
2529 2721 2917 2776 intercessores
2947 2721 3239 2788 exsistunt,
3272 2723 3632 2794 nesciensque

2047 2812 2220 2867 hostis
2246 2852 2260 2877 ,
2295 2812 2345 2866 in
2379 2826 2566 2867 eorum
2594 2827 2715 2883 qua:
2757 2813 2990 2867 habebat
3017 2808 3312 2884 proposita,
3346 2817 3626 2871 contraria

2046 2901 2252 2957 incidit.
2287 2901 2428 2970 Quot
2461 2903 2603 2958 enim
2638 2901 2902 2974 martyrio
2929 2904 3246 2966 perfunctos
3282 2905 3480 2962 occidit
3503 2947 3520 2971 ,
3553 2914 3631 2960 tot

2049 2995 2326 3048 hominum
2380 2995 2657 3063 adjutores
2701 2993 2850 3049 fecit.
2906 2991 3229 3065 Videasque,
3272 2995 3325 3049 in
3375 2997 3627 3050 omnibus

2047 3101 2165 3156 quae
2195 3086 2532 3156 designavit,
2566 3086 2665 3139 hoc
2699 3085 2874 3155 ipsum
2911 3101 3130 3155 passum
3171 3102 3310 3141 esse.
3349 3087 3504 3143 Unde
3529 3101 3629 3156 pu-

355 3174 458 3240 τὴν
493 3172 739 3244 αὔξησιν.
778 3172 869 3244 Τῷ
903 3173 1013 3244 γὰρ
1049 3171 1218 3244 μωρῷ
1245 3173 1343 3226 καὶ
1371 3171 1585 3244 ἄφρονι,
1616 3174 1694 3236 είς
1721 3173 1940 3226 τούναν-

2047 3187 2126 3229 tat
2173 3176 2358 3245 pietati
2401 3189 2460 3229 se
2500 3174 2940 3242 impedimentum
2967 3173 3296 3238 allaturum;
3367 3177 3492 3230 inde
3539 3191 3636 3229 au-

356 3265 474 3319 τίον
522 3267 550 3320 6
597 3266 759 3336 σοφὸς
803 3265 936 3329 Θεὸς
980 3266 1290 3338 περιίστησι
1336 3265 1406 3320 τὰ
1437 3265 1798 3337 βουλεύματα.
1833 3267 1945 3319 Kal.

353 3354 518 3410 τοῦτο
561 3359 674 3420 τοῖς
727 3355 1046 3428 πράγμασιν
1077 3355 1308 3408 ἑκάστου
1357 3355 1552 3426 καιροῦ
1593 3355 1939 3426 παρακολου-

359 3449 581 3515 θοῦντες
613 3450 963 3520 εὑρίσκομεν,
1003 3449 1100 3520 τὴν
1131 3447 1345 3502 ἔκθεσιν
1372 3447 1466 3501 τοῦ
1505 3447 1805 3513 Μωύσέως,
1844 3448 1944 3520 τὴν

357 3541 567 3610 πρᾶσιν
590 3541 684 3595 τοῦ
725 3543 944 3613 Ἰωσήφ.
991 3541 1166 3605 Εὐθὺς
1191 3541 1248 3594 ὲν
1281 3539 1421 3612 ἀρχῇ
1449 3539 1539 3593 τὸν
1570 3539 1822 3612 δεύτερον
1848 3541 1943 3595 άν-

358 3633 580 3705 θρωπον
637 3633 729 3685 τὸν
808 3631 975 3684 Ἀϐελ
1026 3632 1338 3702 ἐφόνευσεν,
1397 3631 1486 3685 ἵνα
1541 3631 1650 3685 τῶν
1707 3630 1945 3685 εὐσεϐῶν

357 3718 570 3791 ἐκκόψῃ
605 3719 666 3772 τὺ
690 3721 933 3792 σπέρμα,
969 3722 1063 3774 καὶ
1087 3720 1397 3793 τοῦμπαλιν
1436 3719 1675 3790 ἐγένετο.
1717 3722 1946 3776 Ἐκτοτε

357 3811 473 3883 γὰρ
494 3811 809 3884 ἀνδροφόνοι
835 3813 1119 3882 μισοῦνται
1153 3812 1420 3885 σφοδρῶς,
1451 3811 1509 3877 ἐξ
1539 3805 1600 3867 οὗ
1624 3814 1765 3868 Κάῖν
1795 3813 1947 3887 παρὰ

355 3902 456 3955 τοῦ
487 3901 624 3955 Θεοῦ
652 3901 961 3974 κατηράθη.
994 3901 1070 3954 Τὸ
1101 3901 1196 3954 τοῦ
1231 3899 1492 3974 Χριστοῦ,
1521 3902 1602 3954 ὅτι
1641 3902 1946 3973 ἐνήργησεν

364 3994 448 4057 εἱς
492 3993 782 4058 Ἰουδαίους
831 3995 858 4046 6
897 3994 1174 4060 Σατανᾶς,
1210 3993 1297 4047 ἵνα
1330 3991 1717 4065 σταυρώσωσιν
1762 3993 1945 4048 αὐτόν.

359 4088 408 4139 Τ
409 4085 439 4140 ὸ
466 4086 599 4140 αὐτὸ
639 4086 704 4157 δὴ
733 4087 828 4140 καὶ
869 4085 962 4139 ἐπὶ
999 4089 1114 4149 τοῖς
1145 4085 1380 4156 μάρτυσι
1417 4085 1708 4149 πέπονθεν,
1740 4077 1816 4146 ὧν
1848 4101 1948 4138 κα-

361 4176 698 4250 ταφρονοῦσι
726 4178 908 4232 πολλοὶ
931 4179 1190 4242 ὐπουδίας
1214 4178 1397 4242 άνείας
1421 4179 1487 4244 ⁸⁸,
1509 4176 1946 4242 ’ἐξευτελίζοντες

359 4268 548 4322 αὐτῶν
585 4268 647 4322 τὺ
684 4268 923 4340 ἀξίωμα.
978 4269 1092 4321 Οὐκ
1139 4267 1426 4340 ἄνθρωπός
1467 4271 1644 4335 ὲστινς
1677 4269 1778 4322 οὐκ
1825 4268 1949 4321 ἐδα-

359 4361 583 4434 πανήθη
613 4360 672 4414 τὺ
701 4359 859 4431 σῶμα
883 4378 897 4428 ;
927 4362 1029 4415 οὐκ
1057 4363 1116 4414 ἐν
1143 4361 1348 4432 ὀλίγοις
1377 4362 1670 4432 λειψάνοις,
1701 4361 1794 4414 καὶ
1826 4359 1949 4414 τού-

358 4471 478 4518 τοις
522 4453 976 4524 ὲγκεχωσμένοις,
1025 4452 1261 4526 αὐτῶνή
1318 4454 1542 4526 μνήμη;
1601 4453 1853 4508 Μάλιστα
1885 4451 1948 4524 δὴ

357 4543 540 4597 ταῦτα
572 4542 835 4616 Ἕλληνες
885 4545 978 4597 καὶ¹
1010 4545 1334 4615 Εὐνομιανοί
1379 4563 1541 4616 φασιν
1563 4563 1576 4577 ·
1621 4545 1863 4617 εἴπωμεν
1892 4543 1948 4597 δὲ

360 4637 504 4708 πρὸς
535 4637 901 4708 ἀμφοτέρους.

448 4816 645 4886 Ἡμεῖς
679 4816 964 4888 μάρτυρας
1006 4815 1067 4869 οὐ
1118 4814 1553 4888 προσκυνοῦμεν,
1591 4814 1728 4868 ἀλλά
1773 4813 1950 4885 τιμῶ-

368 4924 491 4978 μεν,
536 4907 610 4970 ὡς
653 4907 911 4979 γνησίους
965 4908 1352 4980 προσκυνητάς
1384 4906 1552 4960 Θεοῦ’
1604 4908 1664 4960 οὐ
1718 4905 1951 4977 σέϐομεν

364 4996 690 5069 ἀνθρώπους
716 5037 731 5061 ,
770 4997 1123 5070 θαυμάζομεν
1168 4999 1225 5052 δὲ
1280 5000 1406 5062 τοὺς
1439 5000 1498 5052 ἐν
1539 4997 1716 5070 καιρῷ
1749 5015 1954 5068 πειρα-

367 5091 524 5160 σμῶν
540 5088 723 5152 καλῶς
747 5087 1110 5152 σεϐασθέντας
1140 5089 1276 5161 Θεῷ.
1305 5089 1394 5143 Ἐν
1423 5089 1620 5162 θήκαις
1645 5090 1956 5160 φιλοκάλοις

361 5179 763 5250 ἀποτιθέμεθα,
795 5178 889 5233 καὶ
913 5179 1096 5244 οἴκους
1129 5181 1228 5251 τῆς
1252 5181 1610 5246 ἀναπαύσεως
1645 5181 1953 5254 ἐγείρομεν,

363 5273 486 5335 Ιιτιῖς
537 5275 912 5336 κατασκευαῖς
957 5272 1431 5346 μεγαλοπρεπεῖς,
1490 5274 1577 5329 ἵνα
1619 5273 1958 5345 ζηλώσωμεν

374 5363 464 5426 sar;
505 5363 618 5415 τῶν
650 5362 834 5428 καλῶς
872 5363 1315 5435 τελευτησάντων
1356 5365 1522 5436 τιμάς
1545 5382 1560 5400 ·
1587 5367 1690 5420 οὐκ
1722 5365 1958 5438 ἄμισθον

365 5451 421 5507 δὲ
454 5455 556 5524 τὴν
590 5456 671 5518 εἰς
701 5456 900 5520 αὐτοὺς
948 5457 1185 5528 σπουδὴν
1211 5457 1629 5528 ἐπιδεικνύμεθα
1651 5499 1665 5522 ,
1702 5458 1837 5513 ἀλλὰ
1859 5461 1958 5530 τῆς

371 5547 711 5618 προστασίας
784 5545 964 5603 αὐτῶν
1013 5549 1112 5619 τῆς
1185 5550 1324 5621 πρὸς
1392 5549 1523 5603 Θεὸν
1583 5549 1956 5623 ἀπολαύομεν.

452 5771 496 5800 ⁵⁸
530 5768 834 5834 ὕπουδαίας
871 5771 1080 5838 μνείας.

2047 3279 2322 3340 gmentum
2376 3269 2564 3336 pietati
2641 3268 2881 3322 asciscit.
2931 3269 3022 3322 Dei
3081 3282 3310 3337 namque
3338 3268 3634 3337 sapientia,

2047 3361 2212 3416 stulto
2244 3359 2316 3414 illi
2360 3376 2424 3414 ac
2467 3360 2660 3415 insano
2701 3360 2926 3415 consilia
2971 3361 3023 3414 in
3057 3360 3390 3415 contrarium
3425 3361 3588 3414 vertit
3615 3399 3633 3425 ,

2049 3453 2209 3523 idque
2236 3453 2331 3518 ita,
2371 3453 2633 3522 cuiusque
2669 3454 2925 3521 temporis
2966 3467 3052 3507 res
3090 3461 3272 3523 gestas
3295 3450 3624 3515 recolentes,

2049 3545 2246 3599 habere
2301 3545 2646 3611 invenimus;
2711 3553 2837 3614 puta
2870 3582 2886 3608 ,
2945 3543 3152 3615 Moysis
3209 3543 3636 3612 expositionem.

2048 3637 2410 3692 venditionem
2439 3634 2682 3706 Josephi.
2719 3635 2917 3690 Statim
2949 3634 3002 3690 in
3035 3633 3301 3704 principio
3333 3633 3631 3690 secundum

2049 3726 2321 3782 hominem
2371 3723 2594 3803 Ab’elem
2626 3726 2823 3780 occidit
2846 3763 2862 3788 ,
2891 3740 2998 3796 quo
3030 3726 3244 3794 piorum
3289 3724 3637 3779 exscinderet

2049 3832 2270 3883 semen;
2302 3831 2458 3870 secus
2489 3827 2670 3870 autem
2717 3817 2918 3871 evenit.
2950 3815 3031 3870 Ab
3069 3831 3134 3871 eo
3178 3815 3320 3870 enim
3365 3823 3630 3886 tempore.

2048 3920 2157 3975 quo
2206 3904 2347 3958 Deus
2416 3903 2697 3958 maledixit
2753 3901 2925 3972 Cain,
2976 3905 3124 3975 gravi
3181 3903 3464 3958 homicida:
3513 3905 3639 3958 odio

2051 3997 2338 4053 habentur.
2370 3995 2460 4050 Sic
2492 3998 2545 4050 in
2598 3995 2840 4060 Christo,
2880 4011 3040 4070 quem
3081 3995 3314 4050 Satanas
3341 3996 3486 4050 cruci
3521 3995 3638 4050 alli-

2051 4091 2279 4160 gendum
2317 4089 2366 4142 in
2409 4085 2718 4142 Iudaeorum
2747 4091 2958 4142 animos
3008 4087 3252 4142 immisit.
3295 4088 3410 4142 Hoc
3455 4088 3640 4157 utique

2052 4180 2225 4250 ipsum
2277 4179 2349 4233 illi
2401 4178 2455 4232 in
2507 4179 2834 4249 martyribus
2887 4177 3102 4244 accidit,
3158 4192 3388 4246 quorum
3452 4176 3639 4246 plures

2052 4273 2438 4327 subterraneas
2474 4258 2766 4325 memorias
2819 4278 3114 4339 spernunt,
3148 4283 3332 4322 eorum
3365 4270 3642 4324 elcVantes

2054 4381 2118 4419 ac
2157 4365 2244 4417 vili
2277 4365 2570 4434 pendentes
2602 4363 2939 4432 dignitatem.
2989 4361 3182 4414 Nonne
3203 4399 3221 4426 ,
3254 4360 3526 4429 inquiunt,
3552 4361 3642 4416 ille

2057 4457 2218 4512 homo
2268 4456 2390 4511 est?
2446 4470 2627 4510 nonne
2668 4468 2866 4523 corpus
2910 4451 3253 4521 absumptum
3292 4438 3418 4506 est?
3463 4465 3642 4506 nonne

2060 4565 2251 4603 eorum
2281 4549 2543 4604 memoria
2568 4548 2618 4602 in
2651 4545 2894 4616 pauculis
2923 4543 3187 4612 reliquiis,
3216 4542 3392 4612 iisque
3418 4542 3643 4612 sepultis

2061 4642 2234 4710 posita
2261 4642 2385 4695 est?
2431 4639 2556 4694 llaec
2585 4639 2739 4708 plane
2769 4635 2997 4706 gentiles
3030 4633 3326 4703 objiciunt,
3356 4649 3420 4689 ac
3463 4634 3643 4689 Euno-

2063 4729 2229 4783 miani
2256 4745 2272 4796 ;
2316 4743 2412 4783 nos
2442 4741 2571 4782 vero
2600 4727 2667 4780 ad
2695 4737 2951 4794 utrosque
2980 4723 3243 4778 dicamus.

2133 4819 2243 4875 Nos
2295 4821 2518 4895 minime
2564 4818 2805 4890 gentium
2861 4817 3151 4871 adoramus
3195 4825 3494 4886 martyres,
3549 4816 3642 4872 sed

2063 4921 2318 4982 tanquam
2353 4915 2498 4968 veris
2527 4912 2619 4967 Dei
2648 4910 3027 4966 adoratoribus
3071 4908 3332 4964 habemus
3357 4909 3644 4965 honorem.

2063 5003 2179 5059 Non
2229 5004 2458 5059 colimus
2505 5003 2788 5068 homines;
2849 5003 2942 5056 sed
3015 5015 3109 5056 eos
3154 5000 3511 5064 admiramur,
3552 5001 3645 5070 qui

2065 5107 2306 5165 tempore
2353 5096 2790 5166 persecutionum
2863 5093 2917 5147 in
2974 5091 3069 5146 Dei
3129 5091 3388 5161 praeclare
3439 5093 3644 5147 cultum

2064 5185 2332 5255 absumpti
2363 5193 2510 5241 sunt.
2542 5184 2598 5238 In
2632 5183 2823 5239 loculis
2853 5198 2918 5236 ac
2959 5180 3220 5252 sepulcris
3257 5181 3483 5248 pulchre
3534 5183 3646 5235 ela-
3681 5229 3684 5232 .

2067 5280 2275 5350 borati‘s
2301 5279 2644 5348 deponimus,
2669 5275 3066 5345 structurisque
3114 5273 3426 5344 magniﬁcas
3457 5289 3646 5330 eorum

2063 5369 2416 5439 requietionis
2446 5369 2754 5424 excitamus
2790 5367 2975 5423 domos
3002 5406 3018 5432 ,
3051 5375 3107 5421 ut
3140 5379 3334 5422 eorum
3373 5365 3465 5433 qui
3511 5380 3648 5435 prae-

2059 5460 2207 5516 clare
2230 5461 2338 5516 vita
2368 5459 2536 5516 functi
2566 5469 2714 5527 sunt,
2749 5460 2988 5516 honores
3011 5459 3348 5514 aemulemur.
3385 5457 3494 5530 Nec
3519 5469 3646 5508 vero

2057 5553 2307 5612 mercede
2349 5568 2579 5611 vacuum
2629 5553 2683 5610 in
2737 5566 2832 5609 eos
2875 5550 3200 5609 exhibemus
3247 5547 3504 5613 studium,
3550 5543 3646 5600 sed
