4090 6146
442 326 549 382 323

1710 321 1774 379 8.
1813 323 2090 382 ASTERll
2128 322 2271 383 AMA
2280 327 2432 384 SENI

3583 337 3690 394 σει

440 457 628 498 eorum
673 439 815 511 apud
866 439 1037 495 Deum
1072 437 1378 509 patrocinio
1406 437 1659 496 fruimur.
1692 440 1831 520 Quia
1865 450 2007 502 enim

2131 434 2351 518 Ἐπειδὴ
2377 447 2485 519 γάρ
2528 449 2629 502 οὐκ
2660 448 2822 521 ἀρκεῖ
2864 450 2899 521 ἡ
2935 448 3181 520 ἡμετέρα
3207 447 3342 521 εὐχὴ
3368 448 3689 521 δυσωπῆσαι

442 548 551 587 non
583 531 761 589 valent
793 538 992 587 nostra:
1020 543 1211 600 preces
1252 529 1421 586 Deum
1467 530 1742 587 innectere
1763 573 1779 598 ,
1814 547 1880 589 ac
1913 533 2017 588 im-

442 636 659 693 petrare
701 622 1041 679 necessitatis
1078 630 1351 693 tempore,
1391 636 1456 678 ac
1510 623 1739 679 molesta
1789 623 2016 680 calami-

442 727 552 770 tate
578 733 593 770 :
626 714 824 784 quippe
846 729 969 770 cum
997 723 1179 769 nostra
1207 714 1384 770 oratio
1412 730 1520 770 non
1571 716 1875 771 obsecratio
1922 716 2009 780 sit,

440 809 534 863 sed
559 806 872 861 delictorum
898 807 1341 861 commemoratio
1360 845 1375 871 ,
1402 806 1607 861 idcirco
1632 807 1697 861 ad
1724 820 2017 863 conservos

440 896 780 967 confugimus
834 895 1062 952 Domino
1122 898 1508 966 charissimos,
1557 906 1615 951 ut
1667 912 1764 968 pro
1816 898 2017 968 quibus

440 989 655 1058 egregie
694 1002 760 1043 ac
802 1003 867 1044 ex
916 989 1119 1045 virtute
1147 996 1404 1060 egerunt,
1449 990 1652 1044 nostris
1698 989 1774 1044 illi
1807 990 2016 1045 delictis

440 1078 778 1132 medeantur.
827 1077 1107 1145 Quodnam
1147 1094 1277 1148 ergo
1321 1079 1466 1134 istud
1507 1080 1730 1143 crimen,
1767 1088 1827 1134 ut
1869 1094 2015 1134 mar-

442 1169 647 1238 tyribus
670 1169 930 1224 honorem
964 1169 1244 1233 habentes,
1279 1169 1378 1239 ipsi
1408 1184 1624 1240 quoque
1654 1168 1870 1240 placere
1904 1170 2014 1251 Deo

440 1260 791 1316 studeamus?
815 1260 959 1330 quod
980 1298 997 1325 ,
1046 1262 1287 1330 inquam,
1318 1262 1547 1325 crimen,
1582 1268 1639 1315 ut
1667 1261 1734 1316 ad
1757 1270 2017 1333 patronos

440 1350 814 1421 confugiamus
830 1349 857 1400 Υ
886 1350 991 1406 Sed
1012 1360 1067 1406 et
1100 1360 1188 1405 tua
1211 1351 1465 1423 deinceps
1486 1354 1854 1423 exquiramus,
1886 1369 2015 1408 num

438 1444 531 1512 qui
556 1457 799 1506 accusas,
834 1443 949 1511 ipse
975 1443 1051 1497 sis
1088 1443 1157 1497 ab
1182 1443 1328 1497 omni
1360 1445 1589 1499 mundus
1615 1445 1865 1503 crimine.
1896 1444 2013 1512 Qua

440 1534 492 1589 id
520 1548 647 1590 vero
671 1536 919 1599 ratione,
951 1550 1073 1590 cum
1109 1546 1398 1592 sexcentos
1433 1547 1676 1592 mortuos
1724 1537 1972 1594 homines
1996 1578 2012 1600 .

436 1641 544 1680 non
570 1626 774 1681 honore
801 1625 1172 1696 prosequaris,
1204 1627 1299 1681 sed
1329 1634 1382 1679 ut
1415 1627 1545 1681 deos
1572 1627 1803 1683 adores?

512 1714 707 1770 Nonne
758 1723 817 1770 tu
873 1714 1126 1772 Cererem
1176 1730 1242 1770 ac
1292 1715 1718 1786 Proserpinam,
1772 1733 1872 1791 pro
1924 1727 2014 1774 tua

442 1808 705 1871 amentia,
741 1808 968 1861 deorum
1004 1809 1209 1864 honore
1234 1809 1455 1875 auxisti,
1487 1809 1701 1879 duoque
1732 1789 2015 1866 muliebria
2045 1789 2090 1844 Β

438 1894 636 1965 templa
689 1898 1032 1961 exstruxisti,
1084 1912 1151 1952 ac
1203 1899 1438 1955 honoras
1481 1900 1717 1955 victimis
1765 1902 2014 1967 feminas,

436 1986 696 2054 varioque
740 1984 891 2039 omni
944 1986 1121 2042 cultus
1167 2001 1371 2057 genere
1419 1988 1662 2045 adoras?
1697 1989 2016 2049 Nonnetna:

435 2074 712 2143 religionis
740 2076 887 2131 velut
915 2087 1077 2147 caput
1103 2092 1167 2132 ac
1199 2093 1433 2144 summa,
1466 2080 1723 2150 mysteria
1769 2091 1898 2138 sunt
1924 2083 2013 2139 illa

435 2165 731 2232 Eleusinia,
783 2181 848 2222 ac
880 2167 1110 2237 populus
1151 2154 1362 2236 Atticas,
1408 2168 1699 2240 Hellasque
1736 2174 2009 2240 universa,

434 2256 775 2312 celebrandae
803 2272 967 2312 causa
997 2259 1252 2314 vanitatis
1283 2259 1486 2329 pariter
1514 2262 1831 2317 concurrit?
1861 2264 2011 2321 Non-

434 2364 503 2404 ne
536 2349 644 2404 illic
668 2349 935 2405 obscurus
962 2349 1052 2405 ille
1082 2350 1396 2417 descensus,
1433 2367 1498 2407 ac
1526 2352 1748 2408 honesta
1793 2354 1877 2410 illa
1924 2372 2012 2412 sa-

434 2443 671 2497 cerdotis
717 2456 781 2497 ac
808 2442 970 2507 vatis,
1018 2457 1140 2497 cum
1188 2442 1387 2498 femina
1415 2445 1693 2501 sacerdote
1719 2446 2007 2518 colloquia,

430 2533 600 2588 solius
638 2547 762 2588 cum
784 2532 895 2589 sola
918 2533 944 2587 Υ
970 2531 1159 2587 Nonne
1187 2535 1610 2605 exstinguuntur
1637 2536 1806 2603 faces,
1837 2540 2009 2610 pluri-

332 2614 336 2619 ’
434 2638 664 2694 musque
714 2639 780 2680 ac
828 2623 1242 2681 innumerabilis
1295 2626 1545 2696 populus,
1579 2638 1733 2684 suam
1768 2631 2008 2701 ipsorum

433 2716 671 2770 salutem
699 2716 1061 2781 arbitrantur,
1090 2731 1210 2783 quae
1253 2718 1333 2770 sic
1369 2717 1427 2771 in
1469 2718 1707 2775 tenebris
1731 2721 1801 2776 ab
1826 2722 2011 2778 ambo-

430 2807 532 2861 bus
550 2803 737 2857 ﬁunt?
770 2801 963 2858 Nonne
991 2815 1045 2858 tu
1077 2803 1392 2875 Dionysium
1417 2806 1729 2863 Thebanum
1757 2821 1817 2867 ut
1849 2812 2007 2868 deum

431 2894 626 2949 aderas
669 2894 890 2964 (etenim
925 2896 1155 2966 patriam
1187 2897 1329 2961 dico,
1389 2912 1498 2966 quo
1528 2900 1798 2956 hominem
1840 2918 2008 2959 nove-

428 2984 510 3038 ris
540 3028 552 3039 .
586 3000 780 3054 nempe
826 2986 1111 3040 vinitorem
1161 2989 1377 3052 virum,
1441 3003 1505 3043 ac
1561 2991 1686 3046 vino
1734 2993 2006 3063 deditum,

432 3074 703 3128 ebriosum
768 3086 1196 3132 comessatorem
1230 3117 1247 3144 ,
1308 3078 1399 3147 qui
1456 3080 1708 3150 populum
1782 3086 2010 3152 turpiter

439 3166 809 3221 lascivientem
860 3167 1075 3236 agmine
1119 3168 1381 3233 traheret,
1436 3184 1499 3224 ea
1553 3170 1836 3229 facientem
1888 3192 2010 3246 quae

437 3256 745 3314 luxuriosos
769 3271 1041 3328 ganeones
1064 3267 1273 3325 notent,
1298 3261 1490 3330 pocula
1525 3276 1653 3319 vero
1686 3267 2005 3321 miscentem

440 3364 563 3402 cum
609 3349 796 3405 Sileno
841 3366 990 3419 sene,
1024 3365 1090 3407 ac
1113 3368 1236 3408 cum
1272 3352 1486 3426 Satyris
1524 3355 1577 3410 in
1610 3356 1841 3427 tripudia
1874 3358 2008 3414 οὔο-

429 3436 547 3508 sis),
577 3439 752 3507 epulis
795 3454 861 3494 ac
904 3455 1056 3495 mero
1104 3442 1465 3511 indulgentem
1494 3464 1507 3499 :
1536 3445 1710 3500 virum
1754 3448 2005 3520 denique,

429 3529 537 3581 vini
567 3544 632 3583 ac
659 3528 892 3598 crapula
933 3532 1133 3586 mundo
1173 3532 1444 3587 fabulam?
1477 3532 1662 3592 Nonne
1690 3546 1745 3590 tu
1775 3536 1992 3594 Herculi

427 3619 707 3672 exsistenti
753 3620 889 3685 viro,
933 3630 1187 3690 tanquam
1249 3622 1383 3680 deus
1419 3634 1586 3694 esset,
1631 3627 1880 3699 victimas
1920 3631 2005 3685 of-

428 3711 563 3778 fers,
609 3713 834 3766 rubusto
875 3713 1102 3779 homini,
1160 3724 1459 3786 potensque
1506 3732 1571 3772 ac
1618 3718 1758 3774 forte
1809 3722 2005 3794 adepto

429 3812 668 3872 carpas;
713 3804 1018 3873 adorasque
1050 3805 1194 3874 quod
1233 3807 1429 3879 saepius
1458 3817 1678 3865 strenue
1711 3814 1904 3884 egerit.
1937 3830 2002 3870 ac

428 3892 667 3949 ferarum
701 3896 967 3950 edomitor
997 3895 1191 3951 fuerit?
1219 3896 1358 3965 Quid
1396 3914 1526 3955 vero
1575 3919 1763 3967 rursus
1801 3904 2003 3961 Esca-

426 3981 628 4052 lapium
679 3984 853 4050 illum,
905 4000 1153 4054 magnam
1211 3990 1360 4045 orbis
1404 3994 1697 4060 partemin
1734 3994 1901 4051 ferula
1935 4012 1999 4053 ac

433 4075 608 4130 ferrea
643 4073 828 4144 pixide
867 4086 1139 4146 vagatum,
1198 4094 1377 4134 nnnne
1422 4081 1554 4136 colis
1585 4096 1649 4137 ac
1676 4085 2004 4145 admiraris?

430 4167 543 4225 Nec
567 4183 719 4235 sane,
756 4170 859 4226 hoc
884 4180 937 4226 te
970 4171 1169 4236 facere,
1204 4172 1422 4229 inficias
1453 4176 1601 4233 ieris.
1635 4179 1843 4250 Quippe
1868 4182 2001 4237 orbe

427 4269 542 4314 toto
571 4260 844 4316 exstantia
876 4262 1095 4331 templa,
1152 4261 1483 4336 Esculapio,
1514 4267 1755 4339 inquam,
1782 4269 1999 4329 Herculi

431 4364 496 4406 ac
540 4349 796 4423 Dionysio
841 4366 1021 4418 sacra,
1058 4364 1160 4409 tuae
1203 4355 1345 4412 illius
1389 4360 1645 4417 vanitatis
1682 4377 1998 4435 argtnnenta

2115 534 2248 590 Θεὸν
2279 538 2341 592 ὲν
2371 535 2548 609 καιρῷ
2576 538 2820 610 ἀνάγκης
2845 540 2940 593 καὶ
2971 541 3258 612 συμφορᾶς
3312 541 3381 612 (ἡ
3426 539 3538 612 γὰρ
3566 540 3691 612 δέη-

2120 645 2204 692 σις
2224 628 2381 700 ήμῶν
2449 632 2509 684 ού
2546 631 2891 704 παράκλησίς
2931 633 3098 697 ἐστιν,
3120 632 3255 688 ἀλλά
3279 633 3690 705 ἁμαρτημάτων

2118 717 2497 790 ὑπόμνησις),
2535 720 2622 775 διά
2655 721 2814 776 τοῦτο
2838 725 2951 787 τοῖς
2982 723 3368 794 ἀγαπωμένοις
3402 723 3553 797 παρά
3592 724 3688 782 τοῦ

2114 809 2386 863 Δεσπότου
2408 809 2718 881 ὁμοδούλοις
2737 813 3175 884 προσφεύγομεν,
3194 814 3280 867 ἵνα
3295 816 3492 868 ἐκεῖνοι
3504 815 3561 871 ὲν
3579 817 3691 880 τοῖς

2119 899 2270 964 ίδίοις
2317 900 2707 974 κατορθώμασι
2732 902 2802 956 τά
2827 903 3071 976 ἡμέτερα
3099 903 3479 977 θεραπεύσωσι
3512 904 3696 977 πλημ-

2120 990 2254 1063 μελή
2265 1009 2426 1062 ματα.
2444 994 2603 1047 Ποῖον
2624 988 2718 1048 οὖν
2739 994 3013 1066 ἔγκλημα,
3026 996 3109 1048 ὅτι
3125 996 3392 1067 τιμῶντες
3412 996 3695 1069 μάρτυρας

2116 1081 2211 1134 καὶ
2237 1082 2392 1138 αὐτοὶ
2414 1083 2787 1156 σπουδάζομεν
2811 1085 3070 1157 ἀρέσκειν
3093 1085 3212 1157 Θεῷ
3234 1104 3250 1153 ;
3271 1085 3354 1150 τίς
3381 1086 3692 1161 κατηγορία

2114 1172 2449 1242 προστάταις
2479 1175 2874 1247 προσφεύγεινς
2910 1176 3282 1248 Ἐξετάσωμεν
3308 1177 3493 1231 λοιπὸν
3511 1180 3607 1247 καὶ
3622 1179 3694 1237 τὰ

2119 1262 2209 1327 σὰ,
2244 1265 2292 1318 εί
2320 1263 2415 1320 τοῦ
2440 1266 2788 1339 ἐγκλήματος
2822 1269 2851 1321 ό
2872 1270 3183 1341 κατήγορος
3208 1267 3554 1340 καθαρεύεις.
3581 1271 3694 1325 Καὶ

2116 1354 2254 1420 πῶς,
2286 1356 2346 1421 ὃς
2367 1375 2431 1428 γε
2466 1359 2694 1431 μυρίους
2717 1359 2828 1413 τῶν
2849 1359 3157 1415 τεθνεώτων
3183 1359 3485 1431 ἀνθρώπων
3523 1361 3585 1417 οὐ
3606 1379 3695 1416 tt-

2119 1444 2247 1515 μᾷς,
2277 1445 2392 1499 ἀλλ’
2414 1448 2492 1513 ὡς
2516 1447 2670 1514 θεοὺς
2698 1452 3053 1520 προσκυνεῖς;

2185 1713 2261 1767 Οὐ
2297 1714 2361 1768 σὺ
2393 1715 2686 1787 Δήμητραν
2725 1712 2821 1787 καὶ
2851 1712 3038 1785 Κόρην
3069 1714 3174 1767 ὑπὸ
3201 1714 3301 1786 τῆς
3338 1714 3525 1778 ἀνοίας
3558 1729 3692 1769 σαυ-

2115 1805 2210 1860 τοῦ
2253 1804 2521 1869 ὲθέωσας·
2569 1805 2770 1876 ἑδείμω
2816 1804 2873 1860 δὲ
2926 1806 3020 1861 δύο
3066 1805 3318 1874 γυναίους
3363 1806 3543 1870 ναοὺς,
3595 1805 3694 1863 καὶ

2115 1894 2327 1959 θυσίαις
2381 1894 2583 1958 ταύτας
2633 1897 2832 1967 τιμᾷς,
2888 1894 2982 1950 καὶ
3034 1894 3313 1958 παντοίαις
3367 1894 3694 1966 προσκυνεῖς

2114 1985 2476 2056 θεραπείαιςς
2513 1984 2588 2037 Οὐ
2627 1983 2923 2054 κεφάλαιον
2960 1984 3058 2055 τῆς
3090 1982 3191 2054 σῆς
3219 1983 3513 2055 θρησκείας
3538 1979 3606 2036 τὰ
3634 1983 3694 2034 ὲν

2126 2073 2387 2129 Ἐλευσῖνι
2414 2074 2708 2145 μυστήρια,
2732 2070 3015 2142 καὶδῆμος
3042 2069 3304 2137 Ἀττικὸς,
3324 2071 3469 2140 καὶὴ
3501 2067 3695 2132 Ἑλλὰς

2113 2167 2264 2220 πᾶσα
2295 2165 2565 2237 συναίρει,
2601 2164 2689 2218 ἵνα
2721 2163 2916 2237 τελέσῃ
2946 2162 3316 2235 ματαιότητα;
3348 2162 3463 2215 Οὐκ
3494 2161 3609 2214 ἐκεῖ
3631 2159 3694 2212 τὸ

2112 2257 2441 2313 καταϐάσιον
2472 2239 2535 2311 τὸ
2570 2255 2861 2319 σκοτεινὸν,
2893 2254 2988 2309 καὶ
3011 2255 3067 2307 αἱ
3100 2253 3294 2323 σεμναὶ
3322 2252 3417 2306 τοῦ
3443 2250 3693 2326 ἱεροφάν-

2107 2367 2204 2403 του
2240 2348 2377 2421 πρδς
2400 2348 2499 2420 τὴν
2532 2348 2736 2419 ἱέρειαν
2781 2345 3083 2417 συντυχίαι,
3122 2346 3285 2417 μόνου
3317 2343 3451 2416 πρὸς
3489 2344 3692 2415 μόνην;

2111 2442 2222 2511 Οὐχ
2256 2442 2311 2494 αἱ
2354 2440 2637 2511 λαμπάδες
2672 2439 3012 2505 σὸέννυνται,
3045 2439 3140 2492 καὶ
3173 2440 3202 2491 ὁ
3230 2436 3395 2501 πολὺς
3426 2437 3519 2491 καὶ
3591 2437 3692 2489 ἁν-

2109 2531 2408 2604 αρίθμητος
2423 2531 2592 2603 δῆμος
2636 2531 2737 2604 τὴν
2755 2531 3027 2601 σωτηρίαν
3053 2528 3231 2582 αὐτῶν
3259 2525 3394 2584 εἶναι
3416 2525 3694 2600 νομίζουσι

2109 2624 2180 2677 τὰ
2204 2625 2261 2677 ὲν
2286 2622 2366 2694 τῷ
2395 2623 2572 2694 σκότῳ
2607 2622 2758 2695 παρὰ
2798 2622 2904 2676 τῶν
2930 2621 3022 2674 δύο
3046 2620 3427 2693 πραττόμενα;
3458 2620 3530 2673 Ού
3566 2618 3630 2675 σὺ
3661 2618 3693 2670 ό

2108 2716 2200 2769 τὸν
2252 2713 2486 2786 Θηϐαῖον
2532 2713 2786 2767 Διόνυσον
2845 2713 2921 2777 ὡς
2971 2712 3092 2766 θεὸν
3144 2710 3465 2780 προσκυνῶν
3517 2708 3694 2782 (λέγω

2108 2805 2217 2880 γὰρ
2246 2807 2344 2878 τὴν
2370 2806 2624 2878 πατρίδα,
2643 2806 2730 2860 ἵνα
2750 2804 3020 2877 γνωρίσῃς
3049 2804 3141 2857 τδν
3173 2802 3500 2875 ἄνθρωπον),
3526 2801 3696 2874 ἄνδρα

2108 2898 2352 2970 γεωργὸν
2397 2897 2656 2969 ἀμπέλων
2701 2897 2797 2949 καὶ
2843 2896 3077 2963 φίλοινον
3098 2935 3112 2960 ,
3149 2894 3447 2965 κωμαστὴν
3494 2893 3694 2965 πάροιο

2109 3003 2220 3049 νον,
2279 2986 2447 3058 δῆμον
2496 2985 2890 3056 ὲπισυρόμενον
2939 2981 3351 3054 ἀσχημονοῦντα
3396 2984 3464 3053 τῇ
3518 2981 3694 3056 μέθη,

2113 3079 2296 3133 ἐκεῖνα
2335 3075 2612 3142 ποιοῦντα,
2658 3073 2694 3129 ἀ
2735 3076 2861 3139 τοὺς
2900 3073 3147 3139 ἀσώτους
3192 3072 3499 3145 στηλιτεύει
3561 3073 3698 3127 ἀκος

2116 3166 2519 3231 λασταίνονταςξ
2575 3164 2842 3237 μεθύοντα
2880 3165 2936 3218 δὲ
2994 3165 3131 3237 μετά
3159 3163 3253 3219 τοῦ
3298 3164 3553 3237 γέροντος
3596 3162 3692 3218 τοῦ

2118 3257 2364 3329 Σιληνοῦ,
2403 3259 2496 3311 καὶ
2533 3259 2646 3319 τοῖς
2687 3256 3130 3328 φιλοσκιρτηταῖς
3167 3254 3429 3325 Σατύροις
3459 3254 3693 3308 συνδιαι⁴

2082 3371 2087 3375 ’
2115 3350 2378 3431 τῴμενον,
2412 3351 2508 3403 καὶ
2546 3348 2786 3421 ἱστορίαν
2824 3348 2994 3421 μέθης
3023 3347 3154 3402 ὄντα
3183 3347 3260 3418 τῷ
3286 3346 3418 3418 βίῳ;
3454 3346 3528 3399 Οὐ
3560 3346 3625 3400 σὺ
3661 3347 3693 3400 δ

2114 3444 2193 3514 τῷ
2222 3442 2381 3514 ,ἀνδρὶ
2422 3440 2703 3513 Ἡρακλεῖ,
2735 3439 2811 3506 ὼς
2857 3439 2993 3511 θεῷ,
3022 3439 3123 3505 τὰς
3155 3439 3346 3503 θυσίας
3378 3439 3691 3510 προσάγων,

2115 3532 2387 3606 ἀνθρώπῳ
2423 3530 2739 3604 ῥωμαλαίῳ,
2778 3531 2939 3603 σῶμα
2964 3531 3179 3602 λαχόντι
3212 3530 3434 3585 δυνατὸν
3465 3530 3559 3584 καὶ
3592 3530 3690 3584 ἀν-

2113 3625 2309 3698 δρεῖον,
2334 3625 2426 3677 καὶ
2450 3622 2628 3686 σέὸεις
2651 3624 2881 3692 ἐκεῖνον,
2909 3624 3094 3695 ἐπειδὴ
3124 3624 3181 3677 ὲν
3203 3622 3419 3689 πολλοῖς
3443 3622 3698 3697 ⁴ίιρίστευ-

2115 3731 2224 3781 σεν,
2249 3715 2341 3790 καὶ
2362 3714 2564 3786 θηρίων
2584 3714 2958 3786 περιεγένετο;
2981 3715 3046 3768 Τί
3070 3715 3127 3769 δὲ
3153 3715 3313 3769 πάλιν
3337 3715 3425 3769 τὸν
3464 3715 3694 3785 Ἀσκληο

2114 3812 2235 3864 πιὸν
2273 3809 2366 3863 τὸν
2401 3811 2458 3864 ὲν
2488 3808 2567 3879 τῷ
2614 3807 2846 3878 νάρθηκι
2888 3807 3060 3861 πολλά
3102 3807 3198 3860 καὶ
3240 3810 3306 3878 τῇ
3361 3807 3694 3880 σιδηροθήκῃ

2112 3899 2595 3971 περινοστήσαντα,
2634 3895 2694 3949 οὐ
2726 3895 2904 3958 σέϐεις
2930 3895 3024 3949 καὶ
3052 3892 3326 3965 τέθηπας;
3356 3894 3467 3948 Kal.
3496 3891 3597 3945 ούκ
3623 3891 3690 3946 ἂν

2112 3991 2424 4064 ἀρνηθείης,
2451 3989 2526 4054 ὼς
2556 3989 2616 4042 ού
2647 3988 2805 4041 τοῦτο
2830 3989 3023 4055 ποιεῖς.
3055 3987 3118 4041 Ol.
3151 3985 3260 4057 γάρ
3287 3984 3561 4056 πανταχοῦ
3591 3985 3691 4056 τῆς

2111 4084 2432 4159 οἰκουμένης
2458 4082 2597 4147 ναοὶ,
2629 4081 2699 4138 τὰ
2724 4080 3078 4152 Ἀσκληπιεῖα
3108 4077 3271 4146 λέγω,
3302 4077 3396 4131 καὶ
3422 4076 3491 4129 τὰ
3522 4074 3723 4148 Ἠρά-λ

2112 4179 2285 4244 κλεια,
2329 4177 2424 4233 καὶ
2450 4174 2519 4228 τὰ
2553 4173 2807 4231 Διονύσια
2833 4171 3043 4242 ἔλεγχοι
3062 4171 3289 4224 ,ἑστᾶσιν
3314 4167 3413 4237 τῆς
3447 4166 3546 4238 σῆς
3582 4181 3690 4235 μα-

2109 4271 2423 4342 ταιότητος·
2460 4268 2553 4322 καὶ
2598 4266 2771 4333 οὕτως
2819 4264 2929 4334 ἐγὼ
2979 4264 3075 4334 μὲν
3105 4261 3280 4325 ἀθῶος
3319 4256 3689 4325 ἀπελεύσομαι

2108 4364 2202 4419 τοῦ
2246 4364 2587 4436 ἐγκλήματος
2612 4362 2694 4431 (οὐ
2737 4360 2846 4432 γὰρ
2896 4359 3184 4431 προσκυνῶ
3226 4355 3527 4428 μάρτυρας,
3566 4349 3689 4405 οὐδὲ

429 4441 723 4510 exsistunt,
779 4445 964 4516 sicque
1009 4460 1110 4516 ego
1146 4449 1358 4517 quidem
1402 4465 1434 4505 a
1482 4453 1709 4508 crimine
1761 4456 1898 4510 liber
1934 4475 1998 4515 ac

2111 4456 2312 4527 νομίζω
2333 4452 2529 4524 θεούς)·
2555 4455 2619 4507 σὺ
2644 4452 2700 4506 δὲ
2733 4451 2982 4521 πέφηνας
3006 4452 3327 4539 ἐνεχόμενος
3349 4448 3458 4511 τοῖς
3488 4441 3689 4539 ὲγξιλήῗ-

425 4533 705 4590 absolntus
747 4536 908 4591 abibo
956 4537 1087 4609 (non
1136 4543 1280 4595 enim
1336 4541 1503 4597 adoro
1552 4553 1849 4616 martyres,
1905 4565 2005 4604 nec

2114 4564 2301 4618 μασιν,
2346 4547 2439 4601 καὶ
2475 4544 2650 4599 ταῦτα
2683 4542 3001 4615 κατηγορῶν
3032 4542 3264 4614 ἑτέρων·
3298 4537 3488 4608 ὥσπερ
3518 4536 3569 4589 οί
3596 4534 3687 4588 διὰ

427 4624 559 4679 deos
596 4627 846 4694 reputo);
888 4633 944 4681 te
978 4640 1108 4681 vero
1142 4627 1311 4698 liquet
1346 4631 1516 4685 teneri
1548 4633 1889 4701 criminibus,
1916 4638 2000 4692 id-

427 4728 533 4782 que
572 4728 697 4767 cum
740 4728 927 4768 eorum
963 4715 1100 4771 alios
1132 4731 1252 4772 reos
1280 4732 1427 4786 agas,
1466 4718 1521 4772 in
1548 4733 1737 4775 eorum
1769 4738 1998 4790 morem,

426 4805 542 4876 qui,
568 4804 708 4859 mula
736 4816 929 4875 agente
950 4807 1300 4874 conscientia,
1327 4809 1535 4879 priores
1558 4812 1655 4887 ipsi
1676 4814 1923 4872 innoxios
1945 4817 1998 4871 in

2110 4639 2276 4693 κακὸν
2322 4637 2560 4702 συνειδὸς
2600 4633 3141 4709 προκατηγορούντες
3194 4631 3301 4685 τῶν
3355 4624 3681 4682 ἀνευθύνων.

2119 4729 2464 4802 Ἀνθρώπους
2496 4730 2625 4802 γὰρ,
2669 4729 2728 4791 οὐ
2766 4729 2921 4792 θεοὺς
2968 4721 3290 4798 προσκυνῶν
3327 4715 3680 4782 ἀσωδέδειξειιο

2108 4819 2292 4875 Ταῦτα
2322 4821 2459 4895 πρὸς
2486 4821 2577 4881 τὸν
2606 4820 2822 4885 ὲθνικὺν
2852 4821 2916 4880 ὲκ
2948 4815 3159 4875 πολλῶν
3189 4816 3365 4885 ὀλίγα.

423 4893 629 4951 crimen
668 4900 887 4951 vocant.
931 4892 1140 4966 Quippe
1170 4899 1458 4967 probatum
1503 4907 1607 4967 est,
1659 4902 1908 4960 homines
1979 4915 2031 4969 te
2066 4910 2314 4978 adorare,
2367 4892 2491 4965 non
2531 4911 2680 4967 deos.
2730 4910 2908 4971 Pauca
2957 4910 3071 4963 haec
3114 4922 3147 4962 ο
3191 4906 3373 4967 multis
3420 4903 3685 4965 adversus

427 4990 699 5062 gentilem.

494 5080 656 5138 Norat
702 5093 885 5139 autem
936 5084 1189 5141 factionis
1239 5085 1436 5152 Judaei,
1493 5090 1622 5159 quid
1674 5093 1877 5149 mirum
1935 5107 1996 5152 ut

424 5185 692 5247 martyres
734 5177 1092 5244 inhonoretis,
1144 5182 1235 5250 qni
1281 5182 1553 5237 Christum
1601 5190 1858 5257 spernitis
1901 5206 1996 5246 ve-

419 5267 658 5336 strisque
689 5268 932 5338 ipsorum
963 5274 1306 5329 sermonibus
1337 5275 1404 5328 ab
1431 5279 1742 5346 :equalitate
1769 5291 1995 5352 paterna

419 5361 708 5431 separatis,
762 5362 961 5434 quique
1005 5364 1145 5430 loca,
1192 5368 1392 5436 quibus
1439 5370 1806 5439 requieverint
1840 5388 1995 5429 sacra

420 5464 694 5522 corpora,
761 5454 908 5509 velut
961 5453 1186 5525 profana
1251 5470 1317 5511 ac
1384 5457 1659 5513 immunda
1714 5461 1997 5517 caveatis?

423 5543 736 5611 Enimvero,
784 5546 875 5615 qui
921 5561 1025 5601 non
1071 5547 1323 5617 cogitatis
1362 5549 1516 5619 quod
1549 5564 1729 5620 operte
1759 5551 1993 5622 pretium

420 5644 505 5687 est
563 5636 747 5696 timete
769 5637 1062 5694 Christiani
1109 5639 1554 5710 appellationem,
1584 5642 1676 5711 qui
1704 5655 1828 5696 cum
1860 5657 1992 5712 gen-

424 5725 607 5784 tilibus
646 5740 911 5803 martyres
951 5730 1075 5788 odio
1121 5729 1385 5787 habeatis.
1435 5732 1512 5785 An
1568 5731 1792 5787 nescitis
1835 5733 1993 5790 Chri-

2175 5098 2239 5161 Ui
2350 5099 2453 5170 τῆς
2482 5099 2610 5165 νέαις
2644 5099 2884 5163 στάσεως
2922 5096 3267 5165 Ἰουδαῖοι,.τί
3294 5092 3607 5166 θαυμαστὸν
3632 5092 3684 5149 si

2107 5189 2389 5263 μάρτυρας
2428 5188 2747 5262 ἀτιμάζετε,
2776 5189 3011 5262 Χριστὸν
3058 5187 3400 5251 ἀθετοῦντες,
3445 5184 3541 5242 καὶ
3582 5183 3687 5258 τῆς

2103 5280 2421 5354 ὁμοιότητος
2443 5284 2543 5359 τῆς
2570 5281 2707 5353 πρὸς
2736 5281 2828 5343 τὸν
2858 5281 3079 5354 Πατέρα
3105 5282 3164 5340 ἐν
3184 5282 3299 5344 τοῖς
3331 5280 3483 5343 ἰδίοις
3499 5275 3684 5348 λόγοις

2105 5370 2449 5444 χωρίζοντες,
2476 5371 2868 5443 φυλαττόμενοι
2919 5371 2975 5431 δὲ
3001 5371 3130 5435 τοὺς
3156 5370 3380 5447 τόπους,
3407 5369 3483 5435 ὡς
3514 5366 3682 5442 βεϐή-

2103 5460 2247 5531 λους,
2282 5463 2340 5516 ὲν
2362 5456 2444 5527 οἷς
2472 5460 2699 5533 σώματα
2729 5463 2864 5531 ἅγια
2896 5460 3316 5529 evasimus“;
3351 5459 3492 5518 ’ω’
3525 5457 3574 5515 at
3604 5458 3681 5533 μὴ

2103 5554 2185 5617 είς
2216 5552 2423 5606 ἔννοιαν
2447 5552 2628 5607 ἔλθετε
2654 5553 2751 5608 τοῦ
2784 5553 3092 5626 γινομένου,
3119 5551 3396 5626 φοὸήθητε
3424 5554 3685 5623 Χριστια-

2098 5643 2178 5697 νοὶ
2210 5643 2512 5714 λεγόμενοι,
2562 5645 2699 5714 μετά
2737 5646 2796 5701 ss
2840 5645 3109 5719 Ἑλλήνων
3148 5643 3434 5718 μισοῦντες
3476 5644 3682 5718 μάρτυ·

2100 5752 2219 5807 ρας.
2278 5736 2391 5790 Οὐκ
2444 5737 2578 5804 ἴστε,
2633 5739 2709 5805 ὡς
2762 5741 3107 5813 ἀρχιμάρτυς
3163 5739 3421 5813 Χριστὸς,
3467 5736 3681 5811 πρῶτος
