4070 6142
391 357 496 418 397

1671 351 1729 407 S.
1767 343 2043 402 ASTERII
2082 340 2383 400 AMASENI

3566 312 3668 369 328

394 477 601 534 veritas
641 470 992 543 cogitandum
1030 467 1248 536 ingerit.
1291 465 1425 520 Nam
1453 464 1538 518 vir
1566 463 1744 532 justus
1777 478 1806 516 a
1840 462 1979 516 mul-
2007 501 2017 529 λ

2116 460 2209 530 περὶ
2249 457 2346 519 τὰς
2382 454 2556 526 θήκας
2601 448 2779 505 αὐτῶν
2827 447 2919 502 καὶ
2958 444 3055 508 τὰς
3087 437 3422 500 ἀναπαύσεις
3450 434 3666 504 θαυμα-

2782 542 2786 543 κ
2923 539 2934 543 -
2980 537 3041 543 --_
3211 533 3223 543 .
3264 531 3277 543 .
3388 527 3402 543 .
3515 524 3602 543 ._.

402 571 478 626 tis
499 569 609 638 jam
644 567 804 620 annis
851 561 1058 616 tumulo
1084 558 1320 627 jacebat,
1362 570 1668 626 corpusque
1702 555 1754 609 in
1787 568 1986 622 cognao

402 672 516 712 tum
550 655 856 724 pulverem,
907 667 974 704 ac
1004 648 1088 704 sui
1120 647 1335 717 generis
1359 646 1590 709 cineres,
1625 644 1800 699 fuerat
1829 659 1985 698 reso-

401 750 594 805 lutum.
644 746 842 816 Liquet
883 753 1086 808 autem,
1124 742 1313 805 Deum,
1347 737 1438 808 qui
1481 737 1725 792 addictos
1757 736 1854 806 ipsi
1892 735 1990 790 ho-

407 840 608 903 mines,
642 847 765 906 post
795 837 961 891 etiam
993 843 1218 888 mortem
1247 843 1462 898 semper
1493 827 1776 893 clarillcet,
1827 826 1992 880 mira-

409 932 533 987 bilia
565 932 680 986 haec
709 928 778 984 ad
804 926 1050 996 sepulcra
1077 937 1289 987 eorum,
1331 935 1398 975 ac
1449 918 1574 975 loca
1617 920 1810 989 quibus
1843 917 1992 987 quie-

412 1033 594 1088 scunt,
631 1020 842 1091 operari
873 1017 1152 1082 miracula,
1179 1030 1286 1084 quo
1316 1011 1520 1084 posteri
1551 1020 1812 1083 perpetua
1851 1011 1994 1064 serie

410 1115 606 1187 pignus
635 1115 896 1169 habentes
930 1109 1201 1180 praeclara:
1230 1105 1677 1166 conversationis,
1721 1103 1846 1157 vita:
1877 1118 1996 1157 cur-

409 1225 530 1263 sum
591 1218 991 1264 consumment.
1059 1201 1261 1257 Eodem
1334 1199 1493 1254 modo
1564 1195 1712 1250 Elias
1767 1195 1997 1264 hujusce

409 1310 708 1370 praeceptor
768 1297 1080 1367 prophetae,
1150 1301 1272 1363 post
1333 1306 1503 1360 equos
1567 1289 1872 1344 ﬂammeos
1933 1302 1998 1342 ac

411 1390 626 1459 igneum
652 1403 894 1450 currum,
945 1387 998 1438 in
1035 1383 1138 1438 alia
1173 1397 1341 1452 agens
1370 1381 1520 1444 vita;
1560 1394 1622 1433 ac
1657 1379 1726 1432 ah
1750 1377 1999 1431 humanis

411 1479 480 1534 ad
510 1480 686 1533 locum
735 1477 997 1544 migrans,
1035 1489 1194 1542 quem
1222 1481 1308 1526 est
1331 1479 1684 1532 consecutus,
1721 1467 1998 1537 amplissi-

413 1571 608 1626 simum
663 1585 776 1624 sua:
831 1568 1043 1621 virtutis
1095 1565 1345 1619 melotem
1396 1563 1613 1632 reliquit
1676 1560 2000 1632 symbolum.

416 1660 660 1716 Tametsi
691 1659 880 1729 quanti
943 1656 1031 1710 illa
1071 1655 1229 1725 pretii
1267 1651 1588 1710 videbatur?
1627 1650 1770 1704 Nihil
1807 1650 2005 1720 quippe

415 1753 562 1809 aliud
603 1762 930 1820 erat-quam
978 1747 1132 1819 pellis
1184 1755 1420 1811 mortua,
1474 1761 1573 1800 usu
1613 1742 1724 1812 jam
1756 1759 1819 1798 ac
1852 1754 2004 1797 vetu-

2086 524 2305 620 τουργεῖ
2330 546 2400 600 τὰ
2429 524 2734 617 παράδοξα·
2766 542 2852 594 ἵνα
2889 539 2938 592 οί
2975 537 3174 602 ζῶντες
3201 531 3288 586 ἀεὶ
3317 527 3410 582 καὶ
3447 524 3668 597 μεθηλι-

2088 619 2357 712 κάστεροι,
2407 640 2659 710 ἐνέχυρον
2707 635 2920 705 ἔχοντες
2957 631 3057 699 τῆς
3104 625 3334 699 ἀρίστης
3368 619 3666 712 πολιτείας,

2091 709 2356 801 ἐξανύωσι
2389 731 2522 802 βίον.
2563 709 2835 789 Ὡσαύτως
2867 725 2963 778 καὶ
2991 720 3176 782 Ἠλίας
3206 719 3234 770 ὁ
3265 712 3360 768 τοῦ
3389 709 3672 802 προφήτου

2091 799 2282 880 τούτου
2311 799 2665 893 καθηγεμὼν,
2706 815 2847 888 μετὰ
2872 814 3000 876 τοὺς
3029 808 3325 880 φλογωδεις
3351 805 3550 893 ἵππους
3579 799 3677 893 καὶ

2093 917 2153 970 τὸ
2199 913 2424 986 πύρινον
2443 887 2610 982 vappa.
2654 887 2716 962 ἐν
2743 905 2879 976 ἄλλῃ
2913 899 3186 974 βιωτεύων
3213 896 3347 964 ζωῇ,
3386 887 3678 986 καὶμὰπελ-

2095 1007 2206 1061 θὼν
2247 979 2307 1070 ei:
2334 979 2636 1076 ἀνθρώπων
2678 1001 2758 1064 είς
2792 997 2884 1050 τὸν
2920 993 3098 1065 χῶρον
3143 990 3202 1042 ὃν
3246 987 3459 1076 ἔλαχεν,
3494 979 3679 1076 ίκαγὸν

2095 1100 2198 1171 τῆς
2255 1071 2449 1152 ἐαυτού
2481 1094 2762 1164 δυνάμεως
2794 1085 3062 1160 σύμϐολον
3111 1075 3462 1171 ἀφῆκεντὴν
3505 1071 3680 1171 μηλωῖ

2095 1161 2215 1263 τήν.
2261 1190 2451 1246 Καίτοι
2496 1161 2662 1240 πόσου
2698 1181 2842 1246 τινὸς
2887 1179 3013 1245 ἀξία
3059 1176 3304 1245 ὑπῆρχεν
3335 1167 3552 1263 ἐκείνη;
3602 1161 3678 1215 οὗ

2099 1261 2208 1355 γαρ
2235 1277 2302 1354 ἦν
2331 1281 2458 1337 ἄλλο
2487 1297 2563 1346 τι,
2611 1278 2646 1348 ἢ
2689 1276 2866 1347 δέρμα
2897 1270 3088 1343 νεκρὸν
3119 1268 3211 1320 καὶ
3245 1262 3448 1355 φαῦλον
3477 1261 3540 1313 ἐκ
3575 1273 3682 1355 πα·-

2099 1348 2401 1446 λαιότητος.
2435 1374 2623 1443 Ὅμως
2655 1369 2711 1422 δέ
2739 1368 2832 1420 καὶ
2859 1367 2888 1419 ό
2927 1361 3198 1435 Ἰορδάνης
3227 1355 3396 1427 αὐτὴν
3424 1348 3684 1446 ὑπεστέλ-

2101 1467 2244 1531 λετο,
2278 1441 2375 1518 καὶ
2402 1441 2523 1534 δίχα
2553 1461 2615 1514 τὸ
2644 1459 2788 1531 ὕδωρ
2840 1455 3116 1526 ἐτέμνετο,
3144 1449 3240 1504 καὶ
3265 1441 3682 1534 διακεκριμένον

2104 1527 2368 1630 εἱστήκει,
2409 1527 2600 1624 ὥσπερ
2653 1527 2882 1606 ἐπὶ-τού
2939 1545 3114 1616 Ἰησοῦ
3159 1544 3222 1596 τδ
3257 1535 3590 1630 παλαιὸν,
3616 1527 3684 1602 ἦν

2104 1627 2275 1714 τύπος
2301 1647 2394 1702 τοῦ
2429 1646 2732 1718 μέλλοντος.
2761 1642 2949 1714 Παρῆν
2970 1639 3026 1694 δὲ
3051 1639 3143 1692 καὶ
3168 1633 3322 1690 ἀπὼν
3342 1634 3372 1685 ὁ
3394 1627 3684 1718 Θεσδίτης,

2108 1742 2202 1797 καὶ
2226 1741 2287 1794 τὸ
2313 1717 2515 1809 ἔνδυμα
2552 1736 2645 1790 τοῦ
2687 1735 2976 1805 φιλοσόφου
3002 1729 3268 1793 ἐδεξιοῦτο
3292 1726 3383 1780 τὸν
3417 1717 3684 1794 μαθητὴν,

419 1856 561 1901 state
605 1811 833 1899 inutilis.
880 1811 1032 1894 Hauc
1074 1839 1425 1894 nihilominus
1455 1836 1569 1906 ipse
1610 1811 2001 1890 reformidahat

2116 1833 2324 1903 ἐσφαλῆ
2349 1831 2441 1884 τοῦ
2474 1829 2722 1900 ποταμοῦ
2747 1825 3115 1899 χαριζομένης
3143 1821 3241 1893 τὴν
3267 1816 3564 1906 περαίωσιν
3587 1811 3688 1906 τῆς

417 1938 692 2002 Jordanis,
737 1934 1022 2002 mediaque
1068 1931 1417 1988 scindebatur
1456 1943 1618 1996 aqua,
1665 1942 1731 1982 ac
1762 1927 2000 1982 discreta

419 2033 620 2096 stabat,
653 2043 756 2096 qua
792 2027 922 2082 olim
953 2025 1161 2080 ratione
1197 2023 1296 2077 sub
1327 2021 1479 2088 .lesu,
1509 2021 1602 2090 qui
1637 2020 1800 2074 futuri
1833 2019 2002 2089 ﬁgura
2045 2037 2048 2040 ·

423 2121 546 2177 fuit.
602 2121 807 2176 Aderat
850 2126 1052 2180 autem,
1106 2129 1228 2169 cum
1273 2112 1436 2168 etiam
1477 2113 1693 2167 abesset
1721 2110 2006 2165 Thesbites

423 2211 530 2277 ille,
584 2226 648 2267 ac
692 2206 996 2280 philosophi
1066 2203 1483 2270 indumentum,
1535 2201 1856 2271 discipulum
1907 2201 2004 2256 de-

423 2301 714 2365 mulcebat,
747 2308 1039 2370 pra‘staute
1073 2297 1164 2352 Dei
1201 2294 1510 2359 clementia,
1560 2303 1619 2348 ut
1661 2293 1706 2348 is
1749 2301 1865 2348 tuto
1907 2292 2006 2347 llu-

429 2409 554 2448 men
587 2395 876 2458 transiret,
913 2399 1340 2458 sanctorumque
1374 2385 1704 2443 indumentis
1746 2386 2004 2440 honorem

428 2487 684 2550 habente,
717 2495 970 2554 tanquam
1001 2482 1238 2536 animata
1278 2489 1482 2535 essent.
1511 2479 1687 2547 Atque
1716 2487 1774 2532 ut
1801 2477 2006 2546 perspi-

2108 1901 2201 1978 τού
2230 1901 2363 1978 Θεοῦ
2394 1920 2825 1994 φιλανθρωπίας,
2855 1916 2947 1971 καὶ
2977 1915 3046 1968 τὰ
3075 1911 3346 1980 ἐνδύματα
3378 1905 3486 1960 τῶν
3518 1901 3689 1994 ἁγίων

2109 2017 2377 2089 τιμώσης,
2417 2016 2492 2080 ὠς
2521 1993 2758 2085 ἔμψυχα.
2791 2009 2900 2064 Καὶ
2934 2009 3021 2062 ἵνα
3063 2002 3249 2075 δειχθῇ
3297 1995 3573 2089 καθαρῶς,
3607 1993 3689 2089 δτι

2111 2083 2326 2182 τὺῠπερί
2369 2109 2461 2162 τὸν
2513 2083 2754 2177 ποταμὸν
2817 2097 3309 2172 θαυματούργημα,
3353 2092 3416 2145 ού

2112 2176 2290 2256 αἰτίαν
2339 2199 2555 2270 ἐγένετο
2601 2176 2696 2251 τού
2746 2195 3075 2266 πλήττοντος
3121 2187 3183 2242 τὸ
3236 2185 3400 2252 ὓδωρ,
3435 2178 3570 2234 ἀλλὰ
3604 2176 3693 2230 διὰ

2111 2294 2210 2365 τὴν
2237 2293 2402 2364 τιμὴν
2446 2291 2540 2344 τοῦ
2585 2288 2866 2360 οἰχομένου
2906 2284 3001 2340 καὶ
3047 2277 3480 2351 ἀναληφθέντος·
3518 2271 3692 2326 πατάο

2114 2387 2302 2452 ξαντος
2328 2385 2389 2438 τὸ
2416 2383 2559 2455 ὕδωρ
2588 2382 2684 2435 τοῦ
2727 2377 3054 2443 Ἐλισσαίου,
3082 2375 3234 2446 [Mat
3261 2370 3323 2422 τὸ
3389 2366 3533 2437 ὕδωρ
3569 2380 3694 2416 συν-

2113 2478 2280 2550 ήθως,
2321 2477 2474 2530 οὐδὲν
2511 2473 2776 2537 πεπονθὸς
2825 2469 3026 2526 καινόν.
3073 2462 3294 2534 Ἐπειδὴ
3334 2463 3389 2516 δὲ
3409 2455 3694 2550 ἁποτυχιὶιν

424 2595 526 2634 ene
555 2578 731 2648 palam
773 2586 943 2640 esset,
986 2572 1308 2629 miraculum
1357 2571 1488 2626 illud
1521 2571 1575 2625 in
1609 2570 1850 2634 ﬂumine,
1898 2585 2004 2624 non

2116 2547 2434 2639 ἐπεϐόησεν,
2470 2566 2593 2621 Ποῦ
2616 2565 2691 2632 δή
2721 2565 2892 2618 ἐστιν
2922 2564 2955 2616 ό
2985 2558 3132 2624 Θεὸς
3179 2554 3408 2648 Ἦλίοιί,
3445 2550 3540 2603 καὶ
3570 2547 3699 2648 βοῇ·-

426 2669 782 2741 percutientis
811 2667 1008 2721 merito
1037 2673 1308 2735 patratum
1340 2678 1483 2724 esse.
1511 2663 1606 2717 sed
1635 2660 1752 2728 ejus
1785 2661 2006 2714 honoris

2118 2676 2238 2723 σας,
2267 2635 2333 2711 ἐκ
2363 2657 2614 2728 δευτέρου
2645 2653 2923 2717 καθίκετο,
2950 2650 3110 2712 εὐθὺς
3139 2653 3170 2705 ὁ
3195 2642 3436 2714 ποταμὸς
3461 2635 3696 2741 δαισχὼν

425 2776 610 2824 causa,
642 2761 732 2830 qui
757 2758 1104 2818 excessisset,
1139 2769 1203 2810 ae
1232 2753 1425 2808 luisset
1453 2762 1787 2821 assumptus.
1830 2750 2008 2806 Eliseo

2119 2750 2176 2803 τὸ
2211 2748 2443 2823 ῥεῖθρον,
2489 2747 2700 2820 γυμνὴν
2746 2747 2913 2814 ἔδειξε
2941 2746 3040 2818 τὴν
3071 2742 3262 2815 ξηρὰν,
3300 2738 3396 2794 καὶ
3426 2732 3698 2798 πεζεύσας

426 2867 622 2920 aquam
667 2850 1018 2919 pereutiente,
1073 2845 1274 2899 ﬂuebat
1323 2843 1413 2898 illa
1465 2841 1816 2896 nihilominus
1861 2856 2010 2896 more

2117 2844 2146 2896 ὁ
2180 2843 2468 2915 προφήτης
2499 2844 2578 2906 εἰς
2603 2843 2665 2896 τὸ
2696 2842 2868 2914 πέραν
2892 2841 3139 2909 ἀφίκετο.

427 2941 608 3003 solito,
650 2955 773 2994 cum
819 2938 954 2992 nihil
981 2938 1031 2991 ei
1067 2935 1190 2990 novi
1216 2934 1526 2990 accidisset.
1559 2933 1628 2987 At
1653 2932 1744 2988 ubi
1813 2931 1902 2986 ille
1967 2933 2226 2990 frustrato
2287 2949 2480 2991 conatu
2545 2936 2876 2992 clamasset:
2915 2933 3012 2989 Ubi
3045 2946 3118 2989 est
3148 2933 3285 2989 Deus
3325 2931 3456 2986 Ειιω
3477 2922 3701 2981 ⁵⁸2618⁸

431 3048 693 3103 mnusque
745 3033 939 3087 iterum
979 3045 1149 3100 aquas
1181 3027 1474 3098 attigisset,
1517 3042 1642 3082 mox
1723 3027 1924 3082 llumen
1964 3029 2141 3085 diviso
2210 3029 2434 3098 ﬂuento,
2513 3031 2706 3087 nudam
2758 3031 2966 3088 aridam
3005 3032 3259 3096 ostendit,
3328 3031 3700 3100 prophetaquo

431 3129 596 3197 pedes
622 3129 690 3183 ad
717 3127 889 3196 ripam
913 3125 1140 3205 alteram
1173 3124 1436 3194 pervenit.

507 3219 707 3288 Joseph
732 3229 936 3286 autem,
975 3209 1081 3272 non
1133 3229 1239 3272 tam
1283 3215 1543 3288 peculiari
1573 3215 1765 3272 allecto
1799 3226 2007 3286 patrem
2037 3226 2080 3283 (ε

433 3314 745 3375 defunctum
795 3327 1006 3378 amans,
1054 3327 1214 3382 quam
1265 3312 1441 3381 gentis
1491 3312 1899 3380 patriarcham,
1951 3326 2016 3367 ac

435 3407 649 3476 generis
693 3415 856 3474 caput
910 3406 1208 3470 honoraris,
1236 3405 1353 3474 ejus
1381 3419 1446 3458 ex
1487 3401 1726 3474 Egypto
1762 3402 2018 3471 reliquias

434 3498 640 3554 celebri
674 3498 812 3551 adeo
841 3495 986 3549 cultu
1023 3495 1239 3549 reduxit
1273 3495 1342 3558 ‘7,
1368 3503 1426 3547 ut
1452 3493 1661 3562 Moyses
1687 3509 1808 3548 cum
1835 3495 2016 3548 mundi
2078 3490 2091 3502 “

437 3590 609 3644 creati
643 3602 708 3641 ac
737 3587 962 3640 historia
1013 3586 1242 3654 reliqua,
1289 3585 1427 3638 hanc
1473 3599 1690 3654 quoque
1747 3585 2018 3639 narratio-

445 3694 570 3733 nem
615 3676 820 3732 mundo
851 3677 1190 3740 tradendam,
1227 3691 1290 3730 ac
1316 3675 1620 3729 litterarum
1656 3676 2022 3730 monumentis

441 3770 872 3839 eousignandam
902 3768 1195 3838 putaverit.
1225 3767 1461 3820 Rursum
1492 3781 1622 3821 vero
1645 3765 1882 3833 Pharao,
1905 3767 2019 3837 ipsa

440 3863 646 3933 vigilia,
697 3870 756 3916 ιιι
803 3862 878 3915 ita
936 3861 1059 3930 quis
1113 3859 1280 3923 dicat,
1330 3857 1600 3913 sublatum
1651 3859 1716 3913 ab
1759 3858 1930 3913 oculis
1955 3857 2024 3913 ab

443 3954 640 4010 lsraele
690 3952 1092 4020 proﬁciscente,
1150 3949 1446 4020 Josephum
1503 3949 1685 4004 amisit
1728 3950 1795 4003 ⁵⁸.
1854 3948 2024 4005 Porro

445 4047 646 4116 ubique
706 4060 904 4114 corpus
961 4057 1147 4099 comes
1200 4043 1395 4114 pupqu
1450 4043 1682 4108 aderat,
1746 4042 2024 4112 multaque

449 4155 580 4193 cura
605 4152 701 4192 ceu
725 4137 856 4206 quid
885 4137 1082 4190 bonum
1117 4150 1184 4190 ac
1217 4145 1483 4204 praestans
1508 4134 1828 4199 ducebatur,
1864 4144 2026 4204 atque

452 4243 511 4286 ut
537 4240 649 4284 tuta
693 4238 1072 4284 sexcentarum
1120 4229 1279 4282 trium
1326 4227 1556 4281 millium
1597 4242 1662 4282 ac
1699 4227 2024 4296 quingento-

453 4337 571 4376 rum
607 4320 972 4374 multitudinis
1019 4319 1262 4372 virorum
1293 4317 1361 4381 ",
1404 4334 1434 4370 a
1481 4318 1636 4372 malis
1683 4318 1928 4375 defensio
1962 4333 2027 4373 ac

449 4412 638 4477 Initio;
670 4426 842 4482 eaque
871 4411 1172 4465 reverentia
1203 4410 1289 4463 avi
1322 4425 1512 4464 urnam
1540 4411 2026 4480 prosequebantur,

451 4520 556 4575 qua
586 4519 798 4559 sacram
833 4518 1016 4558 arcam
1049 4511 1359 4571 portantem
1405 4502 1500 4557 Dei
1536 4503 1727 4571 legem.
1765 4503 2026 4569 Quocirca

2199 3222 2256 3274 '0
2284 3221 2340 3275 δέ
2382 3221 2581 3292 Ἰωσὴφ
2625 3221 2716 3275 τὸν
2773 3219 2968 3275 Ἰακὼὸ
3013 3218 3434 3291 τελευτήσαντα,
3485 3219 3582 3286 οὐχ
3624 3215 3701 3279 ὡς

2122 3311 2336 3383 πατέρα
2360 3311 2617 3365 τοσοῦτον
2655 3311 2964 3378 ίδιαζόντως
2993 3310 3360 3380 ἀγαπῶν,.....
3389 3309 3482 3363 τοῦ
3517 3309 3703 3371 ἔθνους

2122 3405 2469 3476 πατριάρχην
2505 3404 2698 3476 τιμῶν.
2745 3404 2884 3475 μετὰ
2922 3405 3022 3476 τῆς
3066 3401 3503 3472 πολυθρυλλήτου
3548 3400 3704 3472 θερα-

2123 3495 2282 3558 πείας
2323 3497 2539 3568 ἐκείνης
2581 3497 2868 3567 ἀπήγαγεν
2907 3495 2965 3562 ἐξ
3011 3494 3288 3563 Αἰγύπτου
3325 3493 3384 3547 τὸ
3431 3492 3702 3562 λείψανον,

2123 3586 2262 3644 ὥστε
2297 3588 2387 3640 τδν
2419 3589 2657 3642 Μωῦσέα
2687 3589 2823 3658 μετὰ
2849 3589 2947 3659 τῆς
2968 3588 3060 3642 τοῦ
3087 3587 3293 3658 κόσμου
3317 3585 3581 3655 γενέσεως
3611 3583 3705 3638 καὶ

2124 3679 2223 3750 τῆς
2249 3679 2440 3751 λοιπῆς
2461 3681 2718 3752 ἱστορίας,
2746 3680 3095 3751 ἀνάγραπτον
3123 3679 3308 3732 δοῦναι
3334 3679 3428 3732 καὶ
3454 3677 3610 3732 τοῦτο
3627 3677 3708 3748 τῷ

2128 3774 2227 3846 βίῳ
2241 3775 2506 3846 διήγημα.
2535 3774 2731 3843 Ἰωσὴφ
2753 3774 2810 3827 δέ
2828 3775 2988 3827 πάλιν
3011 3774 3159 3846 ὕπαρ
3179 3773 3332 3846 παρὰ
3359 3773 3455 3828 τοῦ
3491 3772 3708 3845 Ἰσραὴλ

2126 3867 2404 3931 ὸδεύοντος
2429 3870 2493 3920 ἐκ
2520 3867 2627 3920 τῶν
2655 3865 2970 3937 ὀφθαλμῶν,
3001 3866 3076 3929 ὡς
3099 3865 3164 3920 ἂν
3190 3866 3334 3919 εἴποι
3359 3883 3462 3930 τις,
3494 3865 3706 3936 ἐκλάπη

2127 3961 2156 4013 ὁ
2180 3957 2402 4030 Φαραόν
2435 3956 2709 4028 πανταχοῦ
2743 3957 2800 4010 δέ
2831 3956 3131 4029 συμπαρῆν
3175 3957 3252 4029 τῷ
3276 3957 3390 4028 λαῷ
3438 3957 3500 4010 τὸ
3524 3957 3705 4027 σῶμα,

2129 4052 2223 4105 καὶ
2263 4051 2426 4122 ἤγετο
2468 4052 2584 4120 μετ’
2613 4049 2952 4120 ἐπιμελείας,
2995 4050 3070 4113 ὼς
3100 4049 3302 4118 ἀγαθόν
3335 4067 3387 4101 τι
3422 4050 3512 4102 καὶ
3540 4047 3710 4115 ἀλεει-

2130 4155 2296 4194 κακον
2328 4140 2693 4212 φυλακτήριον
2723 4139 2960 4209 ἀσφαλὲς
2989 4141 3096 4193 τῶν
3120 4141 3382 4212 ἐξήκοντα
3413 4140 3708 4214 μυριάδων.

2130 4233 2241 4284 Καὶ
2267 4230 2530 4301 τοσαύτην
2562 4226 2706 4300 εἶχον
2732 4229 2830 4300 τὴν
2876 4229 3009 4282 αίδῶ
3041 4231 3167 4300 περὶ
3202 4231 3302 4302 τὴν
3331 4229 3574 4301 λάρνακα
3617 4230 3710 4285 τοῦ

2132 4320 2494 4392 προπάτορος,
2526 4321 2657 4390 ὅσην
2689 4320 2814 4391 περὶ
2838 4319 2934 4390 τήν
2965 4319 3125 4388 ἁγίαν
3160 4320 3409 4384 κιδωτὸν,
3439 4322 3471 4391 ἥ
3502 4320 3593 4374 τὸν
3615 4319 3710 4372 τοῦ

2132 4411 2267 4464 Θεοῦ
2315 4411 2479 4482 νόμον
2526 4410 2843 4475 ἐϐάσταζεν.
2893 4411 2984 4463 Διὸ
3022 4413 3116 4466 καὶ
3167 4411 3335 4466 Δαϐὶδ
3377 4411 3714 4485 παρακαλῶν

2136 4517 2237 4552 που
2270 4500 2361 4552 τὸν
2401 4500 2555 4563 Θεὸν,
2598 4501 2757 4553 ἵλεων
2801 4496 2941 4554 εἶναι
2971 4503 3063 4554 καὶ
3093 4502 3295 4573 εὐμενῆ
3337 4503 3416 4574 τῷ
3447 4503 3585 4574 λαῷ,
3617 4505 3712 4557 καὶ

451 4601 616 4654 etiam
660 4598 829 4652 David
861 4599 1093 4666 quodam
1140 4599 1258 4654 loco
1305 4599 1471 4652 Deum
1515 4601 1806 4652 obsecrans
1849 4598 2017 4668 propi-

2137 4593 2356 4664 μυρίαις
2386 4593 2547 4646 αὑτὸν
2583 4596 2700 4657 ταῖς
2733 4594 2959 4658 ἱκεσίαις
2987 4593 3317 4667 ἐκλιπαρῶν,
3353 4596 3440 4650 ἵνα
3469 4596 3566 4668 τὴν
3593 4613 3716 4649 συνο

456 4693 588 4745 tium
615 4689 728 4744 fore
753 4689 950 4758 populo
978 4705 1042 4743 ac
1067 4689 1407 4757 placabilem,
1437 4689 2030 4759 innumerabilibusque

454 4778 942 4846 supplicationibus
974 4779 1276 4837 obtestans.
1313 4789 1369 4831 ut
1395 4778 1551 4848 iuges
1582 4789 1881 4847 mutuoque
1913 4793 2032 4833 sue-

455 4872 722 4927 cedaneas
759 4869 1128 4923 calamitatum
1183 4867 1367 4937 plagas
1410 4870 1631 4933 sistens,
1679 4868 1853 4923 fausta
1905 4885 2029 4922 rur-

456 4979 576 5020 sum
629 4963 967 5033 providentia
1035 4959 1368 5015 Hierusalem
1403 4961 1762 5029 gubernaret,
1813 4976 1878 5015 ac
1923 4975 2028 5029 qua

459 5056 587 5110 olim
629 5055 926 5125 gubernata
977 5058 1145 5114 esset,
1179 5050 1250 5104 ita
1294 5051 1369 5104 ait
1397 5068 1410 5104 :
1441 5049 1544 5115 Qui
1575 5051 1709 5120 regis
1738 5050 1928 5115 Israel,
1953 5053 2035 5104 in-

459 5147 610 5202 tende
634 5162 652 5200 :
679 5146 769 5216 qui
797 5144 1014 5198 deducis
1035 5143 1168 5197 celat
1201 5158 1344 5196 ovem
1374 5141 1567 5208 Joseplt
1595 5141 1662 5196 “.
1689 5142 1859 5197 Deum
1889 5142 2032 5197 etiim

459 5237 676 5292 nectere
732 5236 952 5302 nititur,
997 5235 1438 5290 eharissimorum
1492 5251 1555 5289 ac
1583 5237 1881 5290 amicorum
1938 5249 2038 5288 no-

460 5329 609 5385 mina
655 5331 708 5384 lu
765 5329 1000 5384 medium
1045 5329 1341 5388 adducens.
1376 5327 1712 5398 solerterque
1745 5329 2035 5382 admodum

459 5420 906 5491 supplicationem
960 5421 1095 5486 obit,
1159 5421 1338 5488 impia:
1396 5421 1606 5475 scelera
1650 5419 2034 5484 multitudinis,

461 5522 776 5567 sanctorum
827 5510 1048 5567 Patrum
1090 5511 1540 5582 appellationibus
1577 5511 1722 5566 velut
1751 5511 1933 5564 celans
1971 5523 2034 5562 ac

461 5604 742 5675 obtegens.

547 5777 673 5840 “IV
701 5785 831 5862 Reg.
863 5803 920 5855 ιι,
957 5789 1038 5843 Η.
1088 5790 1159 5860 ._"’
1191 5788 1328 5846 Gen.
1365 5787 1616 5854 “11,29.
1677 5786 1722 5816 "
1745 5784 1914 5840 Exod.
1951 5799 2017 5839 xu

2116 5783 2186 5842 l9.
2262 5781 2304 5815 “-'
2337 5781 2491 5836 .‘Tuzu.
2531 5797 2566 5848 I,
2600 5781 2670 5835 ιο

2137 4687 2236 4757 εχῆ
2283 4688 2372 4740 καὶ
2412 4685 2711 4758 ἐπάλληλον
2742 4688 2848 4740 τῶν
2883 4688 3177 4762 συμφορῶν
3219 4690 3425 4761 στήσας
3475 4690 3712 4761 πληγὴν,

2137 4778 2298 4831 πάλιν
2331 4780 2390 4831 ἐν
2416 4777 2592 4850 ἀγαθῇ
2627 4779 2856 4850 προνοίᾳ
2885 4779 3058 4850 διοικῇ
3090 4782 3190 4851 τὴν
3228 4779 3610 4852 Ἰερουσαλήμ,
3639 4781 3716 4844 ὠς

2136 4872 2196 4925 τὸ
2224 4873 2506 4943 πρότερον,
2537 4872 2678 4926 οὓτω
2702 4871 2862 4943 φησί·
2888 4871 2942 4925 Ὁ
2970 4874 3301 4941 ποιμαίνων
3320 4875 3426 4926 τὸν
3452 4872 3715 4940 Ἰσραὴλ,

2139 4967 2463 5033 πρόσσχες’
2482 4965 2517 5018 ό
2540 4965 2771 5034 ὁδηγῶν
2801 4965 2944 5020 ὡσεί
2986 4967 3283 5034 πρόσατον
3319 4965 3424 5018 τὸν
3469 4964 3716 5034 Ἰωσήφ.

2141 5060 2390 5110 Δυσωπεί
2413 5059 2521 5128 γὰρ
2553 5057 2644 5110 τὸν
2672 5057 2804 5112 Θεὸν
2827 5061 2938 5122 τοῖς
2967 5059 3073 5112 τῶν
3104 5057 3398 5128 ἀγαπητῶν
3425 5055 3519 5109 καὶ
3547 5057 3720 5125 φίλων

2142 5149 2419 5219 ὀνόμασιν,
2455 5149 2548 5202 καὶ
2588 5149 2710 5202 λίαν
2730 5150 3064 5220 ἐὐμηχάνως
3102 5149 3200 5222 τὴν
3242 5148 3523 5222 ἱκετηρίαν
3563 5165 3722 5219 μετα-

2143 5236 2460 5309 χειρίζεται,
2487 5240 2580 5294 τοῦ
2600 5239 3030 5311 δυσσεσήσαντος
3058 5240 3293 5312 πλήθους
3319 5241 3418 5304 τὰς
3442 5239 3720 5311 ἁμαρτίας

2143 5325 2253 5382 οἷον
2279 5331 2600 5402 ἐγκρύπτων
2628 5332 2721 5385 καὶ
2751 5333 2966 5388 σκέπων
2991 5335 3111 5398 ταῖς
3131 5333 3238 5388 τῶν
3266 5333 3438 5402 ἁγίων
3461 5331 3722 5404 Πατέρων

2146 5424 2550 5494 προσηγορίαις.

2804 5782 2848 5812 ⁵⁸
2878 5779 3020 5834 Psal.
3054 5795 3240 5845 cura,
3269 5778 3325 5834 3.
