4090 6146
367 288 480 354 ﬁt}

1411 290 1696 360 'HOMILIA
1739 301 1805 359 Χ.
1839 293 1907 358 1N
1961 305 2062 361 SS.
2104 296 2503 363 MARTYRES.

3491 306 3598 366 3710

447 408 647 462 Τοῦτον
699 409 830 480 ἡμῖν
875 409 1203 482 ὑπαγορεύει
1237 415 1327 467 τὸν
1367 415 1488 467 νοῦν
1520 418 1611 469 καὶ
1653 419 1680 470 6
1708 419 1833 488 περὶ
1878 417 1946 470 τὰ

2121 419 2376 473 Ειιιιιόειη
2407 435 2621 488 quoque
2667 421 2821 476 nobis
2861 431 3080 476 sensum
3127 420 3382 488 suggerit,
3421 421 3510 486 qui
3544 423 3612 474 de

375 501 584 570 Σόδομα
633 500 936 570 σωζόμενος
983 504 1154 572 λόγος.
1224 505 1470 577 ’Δῦραὰμ
1507 508 1614 578 γὰρ
1655 509 1944 578 Σοδομίτας

374 591 840 663 παραιτούμενος,
883 594 1044 664 ἡνίκα
1083 595 1449 665 δυσμεναίνων
1493 599 1675 662 αὐτοῖς
1737 601 1766 652 6
1815 599 1948 663 Θεὸς

377 685 515 756 μετὰ
561 686 919 756 προρρήσεως
957 687 1236 756 ἐπήγαγεν
1265 689 1364 758 τὴν
1393 691 1635 751 κόλασιν,
1666 692 1731 760 τῇ
1779 691 1948 759 φειδοῖ

373 775 484 829 τῶν
527 774 751 827 δικαίων
797 775 948 845 ἠξίου
998 776 1236 847 σωθῆναι
1281 780 1372 832 τὸν
1419 780 1706 850 σύμπαντα
1753 782 1943 851 δῆμον.

388 865 716 936 Ἀρξάμενος
745 866 854 936 γὰρ
884 867 991 919 ἀπὸ
1024 868 1132 921 τῶν
1167 871 1517 940 πεντήκοντα,
1561 875 1639 934 εἰς
1665 873 1791 936 τοὺς
1815 873 1948 925 δέκα

376 957 700 1026 κατέληξενο
749 958 845 1011 καὶ
880 959 1014 1029 πρὸς
1059 960 1158 1030 τὴν
1191 961 1402 1014 ίκεσίαν
1439 962 1641 1025 εὐθέως
1680 962 1895 1017 ἔνευσεν
1920 966 1948 1016 6

377 1046 528 1111 Θεὸς,
559 1047 748 1118 ὥσπερ
797 1049 890 1100 ἐπί
922 1065 1064 1111 τινος
1107 1050 1272 1117 ζυγοῦ
1321 1052 1414 1104 καὶ
1455 1052 1802 1120 πλαστίγγων
1830 1055 1950 1114 ταῖς

320 1162 322 1164 ·
381 1138 606 1208 μυριάσι
638 1139 747 1192 τῶν
780 1140 1141 1210 ἁμαρτωλῶν,
1168 1142 1229 1194 τὸ
1255 1142 1362 1194 τῶν
1389 1143 1526 1195 δέκα
1549 1144 1775 1198 δικαίων
1798 1146 1947 1198 ἀντι-

291 1216 330 1251 “⁷
380 1231 599 1299 στήσας.
635 1230 754 1284 Ἵνα
782 1232 838 1283 δέ
868 1232 960 1284 ἐπὶ
991 1231 1152 1285 πλέον
1175 1234 1475 1304 ἐνδείξηται
1502 1237 1666 1288 πᾶσιν
1691 1237 1840 1306 ἡμῖν,
1868 1236 1949 1288 ὅτι

377 1322 472 1374 καὶ
503 1317 584 1384 εἷς
608 1321 812 1386 δίκαιος
841 1323 1019 1393 τίμιον
1041 1327 1273 1394 πρᾶγμα
1299 1328 1394 1378 καὶ
1419 1325 1536 1397 Θεῷ
1561 1327 1732 1395 φίλον,
1765 1326 1949 1398 ἐπειδὴ

376 1411 406 1462 6
439 1412 536 1481 μὲν
576 1412 798 1478 δέκατος
826 1413 1070 1479 ἐξέλιπεν
1105 1415 1357 1486 ἀριθμὸς.
1396 1419 1491 1471 καὶ
1518 1417 1714 1489 εὑρέθη
1748 1419 1950 1488 ταύτης

379 1499 479 1568 τῆς
522 1502 830 1573 ὀλιγότητος
866 1505 974 1557 τῶν
1016 1507 1176 1559 ὁσίων
1218 1507 1326 1560 τῶν
1351 1509 1686 1579 ἁμαρτωλῶν
1716 1512 1745 1562 6
1781 1511 1951 1580 δῆμος

379 1595 696 1664 πενόμενος,
736 1595 904 1666 ἐχρῆν
953 1596 1012 1648 δὲ
1062 1597 1188 1661 τοὺς
1229 1599 1726 1668 παρανομήσαντας
1770 1599 1950 1653 δοῦναι

381 1685 719 1756 θρασύτητος
758 1686 936 1758 δίκην,
982 1687 1228 1758 σφοδρῶς
1269 1689 1549 1743 ἐλαύνεται
1595 1689 1705 1742 τῶν
1741 1692 1952 1744 καταδι-

2053 508 2302 564 Sodomis
2337 519 2520 564 exstat
2561 525 2756 566 sermo.
2799 514 3070 565 Abraham
3110 526 3344 580 namque
3381 526 3479 578 pro
3513 511 3614 564 δεμ

2049 601 2268 655 domitis
2312 601 2636 670 deprecans,
2669 617 2774 670 quo
2821 602 2959 656 Deus
3011 612 3249 671 tempore
3289 601 3394 654 illis
3440 601 3616 654 inl‘eua

2051 704 2166 756 sus,
2219 706 2382 760 quam
2430 691 2770 760 praedixisset
2822 691 3003 745 intulit
3057 706 3290 762 pronam,
3348 689 3614 758 iustorum

2052 781 2160 836 illic
2210 783 2663 851 contemplatione
2724 783 2973 853 populum
3048 784 3354 838 universum
3411 781 3613 836 salvum

2053 872 2169 925 ﬁeri
2232 875 2472 942 rogabat.
2533 873 2801 943 Incipiens
2847 875 2990 928 enim
3032 890 3060 926 a
3091 874 3498 942 quinquaginta,
3561 871 3614 924 in

2052 960 2236 1014 decem
2293 961 2488 1028 desiit,
2541 959 2650 1015 Deo
2711 963 2890 1016 statim
2948 970 3216 1015 annuente
3272 958 3612 1029 supplicanti,

2056 1049 2200 1102 velut
2237 1059 2436 1103 statera
2487 1052 2718 1119 quadam
2758 1066 2820 1104 ac
2846 1051 3042 1105 bilanei
3081 1050 3210 1104 libra
3242 1040 3616 1104 innumerabili

2053 1153 2399 1209 peccatorum
2428 1143 2618 1207 turbae,
2647 1142 2912 1212 justorum
2943 1142 3221 1204 denarium
3256 1151 3443 1194 contra
3485 1153 3620 1206 pene

2051 1231 2221 1287 deret.
2269 1235 2450 1304 Atque
2501 1244 2560 1288 ut
2603 1234 2834 1304 amplius
2879 1230 3270 1297 declararetur,
3320 1231 3402 1286 vel
3453 1238 3616 1285 unum

2045 1318 2249 1387 justum
2296 1337 2408 1376 rem
2461 1339 2582 1378 esse
2612 1325 2899 1390 pretiosam
2950 1339 3014 1377 ac
3061 1324 3170 1376 Deo
3215 1323 3455 1384 charam,
3497 1337 3618 1373 cuni

2054 1414 2189 1467 dena
2216 1415 2432 1482 quidem
2477 1415 2762 1470 multitudo
2803 1417 3105 1472 desiderata
3143 1425 3308 1478 esset,
3335 1423 3621 1481 tantusque

2056 1503 2142 1556 ille
2181 1514 2520 1572 peccatorum
2567 1505 2813 1574 populus,
2865 1520 2930 1560 ne
2985 1521 3183 1575 paucos
3227 1505 3442 1574 quidem
3474 1503 3619 1572 ejus-

2056 1594 2198 1647 modi
2250 1593 2423 1660 justos
2475 1596 2674 1651 habere
2723 1598 3090 1664 deprehensus
3137 1593 3331 1650 fuisset
3381 1612 3397 1652 :
3438 1598 3620 1650 essent

2057 1698 2184 1738 vero
2226 1684 2441 1738 scelesti
2487 1687 2723 1740 audaciae
2756 1688 2928 1741 daturi
2967 1701 3172 1754 pcenas,
3206 1686 3306 1740 Lot
3337 1701 3473 1739 unus
3510 1686 3622 1739 νίθδ

380 1777 690 1832 κασθέντων
725 1756 904 1832 >τόπων
930 1780 959 1831 6
994 1756 1136 1843 Λὼτ,
1166 1781 1259 1833 καὶ
1302 1778 1529 1844 σώζεται
1562 1783 1846 1849 παγγενεὶ,
1873 1784 1953 1846 είς

2058 1774 2231 1828 lenter
2269 1775 2504 1829 trahitur
2533 1791 2562 1829 a
2597 1777 2728 1832 locis
2782 1779 3067 1832 maledicto
3116 1778 3364 1840 addictis,
3404 1794 3464 1831 ac
3496 1792 3620 1832 cum

379 1869 442 1921 τὸ
473 1869 639 1940 γέρας
673 1869 770 1938 τῆς
798 1869 1141 1942 δικαιοσύνης
1171 1872 1266 1924 καὶ¹
1293 1873 1416 1935 τοὺς
1452 1873 1680 1937 οἰκείους
1711 1874 1954 1936 ἅπαντας

381 1960 533 2030 παρὰ
557 1959 648 2012 τοῦ
673 1959 807 2011 Θεοῦ
839 1960 1178 2029 προσλαϐών.

453 2049 607 2118 Μέγα
657 2048 750 2104 οὖν
791 2052 976 2122 κτῆμα
1004 2051 1226 2116 δίκαιοςο
1270 2053 1484 2125 πρῶτον
1523 2053 1712 2121 δφελος
1755 2052 1950 2124 ἐαυτῷ,

382 2140 572 2194 ἔπειτα
597 2144 708 2204 τοῖς
728 2141 821 2195 τοῦ
836 2143 1026 2210 γένους
1040 2143 1165 2214 ἑξῆς
1187 2144 1459 2216 θησαυρὸς
1469 2146 1717 2217 διαρκήςο
1731 2144 1956 2214 ἀγνοού-

386 2248 546 2300 μενος
595 2234 662 2303 τῇ
703 2231 821 2304 θέᾳ,
867 2234 964 2287 καὶ
1002 2235 1090 2287 ἀεὶ
1137 2236 1460 2308 συμπαρὼν,
1509 2239 1602 2290 καὶ
1681 2237 1954 2291 παιδεύων

383 2324 508 2383 τοὺς
531 2323 721 2388 ἄλλους
743 2324 1050 2394 πράγμασι·
1088 2326 1253 2380 πάλαι
1282 2328 1552 2398 κείμενος,
1577 2329 1670 2383 καὶ
1698 2327 1806 2393 ζῶν
1832 2333 1954 2394 ταῖς

382 2413 814 2484 εὐδοκιμήσεων.
869 2415 1072 2487 Ἀγαθὴ
1102 2417 1210 2470 τῶν
1239 2419 1444 2472 παίδων
1481 2419 1835 2490 κληρονομία,
1863 2419 1954 2472 καὶ

383 2503 600 2566 ἄσυλος·
640 2505 708 2574 ἢν
735 2505 925 2575 χρόνος
952 2506 1013 2559 οὐ
1045 2505 1278 2578 δαπανᾷ,
1311 2507 1406 2560 καὶ
1434 2506 1634 2578 λῃστὴς
1659 2507 1758 2559 οὐκ
1788 2507 1953 2574 ἀφαι-

383 2597 578 2664 ρεῖται.
621 2595 935 2667 Ἀσώματος
987 2597 1096 2669 γάρ
1136 2600 1250 2652 ἐστι
1293 2601 1388 2652 καὶ¹
1420 2599 1602 2660 ᾶῡλος,
1643 2597 1954 2668 ἀσωμάτοις

385 2684 846 2758 ὲμπολιτευομένη
870 2686 1086 2758 ψυχαῖς.
1123 2688 1307 2760 Ὁρᾷς,
1334 2689 1409 2752 ὼς
1442 2690 1532 2742 καὶ
1561 2691 1610 2742 οἱ
1637 2688 1835 2752 ἔνδοξοι
1861 2689 1955 2742 καὶ

385 2775 616 2846 ἀοίδιμοι
657 2779 1004 2850 Ἰσραηλῖται,
1033 2781 1250 2834 πάντων
1270 2781 1630 2854 ἀφῃρημένοι,
1660 2781 1752 2834 καὶ
1784 2782 1954 2852 αὐτῆς

385 2867 484 2937 τῆς
505 2869 608 2939 γῆς
639 2870 963 2934 ἐκπεσόντες
989 2871 1087 2942 τῆς
1113 2871 1400 2942 πατρικῆς,
1432 2871 1532 2940 τῆς
1566 2870 1770 2940 σεμνῆς
1794 2886 1956 2942 προσ.

383 2959 614 3030 ηγορίας
644 2961 743 3012 οὐκ
769 2960 1143 3032 ἀφῃρέθησαν,
1173 2961 1292 3014 ούδέ
1323 2960 1717 3031 ἐγυμνώθησαν
1741 2961 1832 3014 τοῦ
1864 2978 1956 3014 κα·

385 3049 588 3147 λειίσθαι
605 3051 733 3147 *ἀπὺ
757 3051 849 3147 τοῦ
880 3051 1508 3147 φιλοθέουιπροπάτορφς
1536 3051 1672 3147 (mia
1695 3053 1788 3106 καί
1818 3053 1952 3147 βαρ·
1979 3087 2024 3147 α

387 3140 576 3210 ϐάροις
600 3141 956 3204 δουλεύοντες,
979 3141 1064 3194 διὰ
1087 3142 1183 3213 τὴν
1206 3141 1545 3213 δικαιοσύνην
1569 3143 1677 3195 τῶν
1706 3143 1954 3214 πατέρων

383 3232 854 3304 ἠλευθερώθησαν·
909 3233 1002 3286 καὶ
1051 3235 1108 3286 ἐν
1149 3235 1340 3305 ἐρήμῳ
1376 3233 1683 3298 διαζῶντες,
1730 3233 1819 3286 διὰ
1858 3234 1956 3304 τὴν

384 3322 734 3393 εὐδοκίμησιν
756 3323 863 3376 τῶν
895 3325 1270 3395 γεννησάντων
1296 3326 1627 3397 ἐτράφησαν·
1653 3325 1749 3378 καὶ
1775 3325 1954 3396 ἁμαρ-

383 3411 638 3474 τάνοντες
667 3410 928 3482 συνεχῶς,
961 3414 1056 3466 καὶ
1084 3411 1528 3484 βλασφημοῦντες
1555 3413 1834 3479 πολλάκις,
1861 3415 1956 3468 καὶ

381 3502 525 3567 ἄξιοι
571 3501 916 3573 νομισθέντες
952 3503 1052 3574 τῆς
1096 3503 1481 3576 όλοθρευούσης
1522 3505 1814 3569 κολάσεως,
1868 3505 1956 3558 διὰ

384 3594 478 3647 τὸν
518 3594 766 3666 Ἀϐραὰμ
792 3595 1004 3664 φειδοῦς
1026 3595 1355 3668 ἠξιώθησαν,
1388 3597 1478 3651 καὶ
1497 3598 1585 3652 διὰ
1609 3598 1701 3651 τὸν
1741 3597 1955 3669 Ἰσραὴλ

383 3681 576 3753 ἔτυχον
615 3684 962 3755 συγγνώμης,
998 3685 1376 3757 θρασυκάρδιοι
1397 3687 1579 3750 παῖδες
1615 3688 1692 3750 είς
1719 3688 1786 3740 τὰ
1817 3687 1955 3758 γέρα

383 3773 492 3826 τῶν
514 3774 768 3845 πατέρων
801 3775 1118 3846 σωζόμενοι.

457 4029 566 4089 Καὶ
589 4025 735 4102 οἶδάς
763 4052 848 4107 γε,
877 4033 906 4092 6
929 4039 1250 4113 φιλομαθὴς,
1285 4035 1361 4107 ώς
1399 4045 1456 4095 ἐν
1481 4043 1716 4111 πρώτοις
1740 4048 1768 4099 6
1797 4038 1954 4110 Θεὸς,

387 4128 546 4197 ἡνίκα
594 4131 659 4182 ἐκ
711 4130 813 4200 τῆς
854 4133 1214 4203 ποιμαντικῆς
1259 4134 1351 4186 ἐπὶ
1383 4134 1481 4205 τὴν
1512 4136 1806 4206 ἡγεμονίαν
1848 4136 1955 4188 τῶν

385 4218 527 4270 λαῶν
555 4219 737 4272 ἐκάλει
761 4220 850 4273 τὸν
866 4222 1125 4293 Μωῦσῆν,
1153 4223 1312 4287 εὐθὺς
1326 4224 1497 4278 ταῦτα
1509 4225 1643 4297 πρὸς
1659 4226 1748 4279 τὸν
1773 4219 1957 4278 δοῦλόν

387 4327 569 4380 φησιν·
605 4311 752 4381 Ἐγώ
771 4315 887 4382 ειμι
911 4316 944 4366 ὁ
969 4314 1109 4378 Θεὸς
1136 4315 1241 4369 τοῦ
1269 4318 1492 4383 πατρός
1544 4331 1683 4380 σου,
1736 4320 1769 4371 ό
1813 4317 1956 4383 Θεὸς

2058 1879 2165 1924 tota
2197 1869 2396 1925 familia
2423 1871 2605 1924 salvus
2635 1869 2886 1935 ellicitur,
2924 1868 3160 1936 acceptis
3187 1883 3214 1919 a
3248 1867 3428 1922 Deoin
3459 1860 3622 1936 justi-'-

2057 1957 2142 2012 tia:
2167 1959 2440 2026 pranniutn
2466 1958 2730 2012 universis
2756 1957 3076 2011 domesticis.

2129 2050 2314 2120 Magna
2353 2066 2482 2119 ergo
2510 2067 2596 2106 res
2618 2090 2633 2115 ,
2668 2051 2750 2102 vir
2772 2051 2948 2118 justus
2975 2068 2989 2115 ;
3026 2050 3116 2117 qui
3152 2062 3210 2102 se
3239 2038 3353 2114 ipse
3385 2047 3619 2116 primum

2049 2139 2240 2208 juvet;
2271 2151 2380 2194 tum
2407 2141 2669 2195 universae
2696 2140 2945 2208 deinceps
2969 2141 3110 2208 genti
3139 2140 3364 2194 essistat
3395 2137 3617 2206 amplis-

2055 2234 2224 2284 simus
2251 2231 2572 2292 thesaurus,
2606 2240 2827 2298 aspectu
2859 2229 3076 2298 quidem
3121 2228 3337 2298 ignotus
3357 2268 3372 2292 ,
3421 2228 3619 2295 quique

2057 2321 2403 2376 nihilominus
2457 2336 2670 2392 semper
2706 2321 2885 2385 adsit,
2928 2335 2992 2375 ac
3043 2313 3176 2374 alios
3231 2320 3358 2388 ipsis
3411 2319 3622 2374 erudiat

2057 2413 2217 2468 rebus
2270 2431 2284 2469 :
2318 2414 2443 2466 olim
2485 2425 2730 2468 mortuus
2755 2455 2769 2479 ,
2831 2427 3117 2482 rerumque
3161 2412 3414 2482 praclare
3447 2421 3624 2482 gesta-

2056 2519 2175 2558 rum
2203 2504 2515 2558 celebritate
2542 2505 2713 2558 vivus.
2753 2503 3011 2558 Filiorum
3042 2504 3179 2559 bona
3213 2504 3527 2566 haereditas,
3559 2511 3625 2555 sc

2056 2593 2424 2659 inviolabilis;
2456 2609 2616 2661 quam
2649 2610 2754 2648 non
2803 2594 3053 2648 absumat
3099 2603 3343 2662 tempus,
3393 2607 3491 2646 nec
3535 2591 3622 2646 fur

2056 2685 2271 2740 auferre
2333 2685 2548 2754 possit:
2599 2686 2795 2755 quippe
2838 2698 2958 2753 qua:
3008 2685 3323 2752 incorporea
3370 2697 3435 2738 ac
3493 2681 3620 2736 nulli
3658 2692 3666 2701 '

2054 2785 2305 2831 concreta
2338 2776 2577 2830 materia:
2605 2777 2707 2841 sit,
2749 2777 2802 2830 in
2828 2775 3158 2845 incorporeis
3187 2777 3372 2844 vigens
3413 2778 3623 2830 animm

2054 2866 2174 2919 bus.
2202 2865 2366 2920 Vides
2395 2873 2454 2918 ut
2483 2874 2536 2918 et
2563 2865 2782 2934 gloriosi
2817 2863 3107 2934 inclytique
3131 2857 3384 2918 Israelita:
3402 2905 3417 2932 ,
3453 2881 3624 2934 quan-

2055 2971 2214 3025 quam
2243 2957 2492 3011 omnibus
2513 2957 2723 3025 spoliati
2749 2999 2764 3023 ,
2795 2957 3014 3026 ipsoque
3042 2957 3240 3012 amisso
3266 2959 3379 3013 solo
3408 2960 3584 3028 patrio
3603 2994 3620 3023 ,

2056 3047 2198 3102 haud
2259 3058 2435 3102 tamen
2491 3047 2691 3102 claram
2754 3048 2898 3102 illaut
2951 3063 2982 3101 a
3035 3047 3130 3103 Dei
3171 3060 3384 3104 amante
3415 3066 3513 3104 avo
3559 3062 3622 3105 ae

2057 3139 2356 3206 patriarcha
2414 3138 2822 3207 appellationem
2880 3139 3221 3193 amiserint?
3273 3131 3402 3210 quin
3456 3143 3618 3196 etiam

2056 3230 2307 3284 barbaris
2356 3231 2682 3299 mancipati,
2732 3229 2960 3297 justitize
3015 3239 3224 3298 patrum
3279 3232 3506 3298 merito,
3555 3232 3612 3286 li-

2057 3323 2316 3376 bertatem
2357 3320 2531 3389 adepti
2585 3328 2751 3385 sunt;
2811 3330 2974 3390 atque
3009 3321 3060 3373 in
3108 3322 3320 3375 deserto
3361 3331 3618 3391 agentes,

2056 3413 2124 3466 ob
2154 3422 2436 3480 parentum
2470 3411 2614 3465 clara
2644 3405 2884 3465 facinora
2909 3451 2924 3474 ,
2963 3409 3099 3466 cibis
3130 3410 3308 3465 donati
3336 3430 3350 3466 :
3391 3421 3621 3482 cumque

2057 3503 2308 3556 continue
2356 3510 2676 3569 peccareut,
2713 3517 2776 3557 ac
2821 3502 3015 3572 saepius
3049 3502 3100 3554 in
3137 3499 3498 3572 blasphemias
3527 3517 3622 3558 ora

2058 3591 2362 3656 solverent,
2407 3600 2702 3661 essentque
2733 3591 2876 3658 digni
2913 3590 3137 3660 judicati
3173 3592 3266 3662 qui
3296 3592 3621 3647 exterminio

2056 3686 2396 3753 punirentur,
2464 3684 2696 3739 Abrahae
2760 3692 2938 3738 tamen
3007 3695 3173 3738 caiisa
3234 3681 3619 3755 indulgentiam

2057 3787 2404 3842 meruerunt,
2465 3791 2529 3830 ac
2586 3785 2804 3845 propter
2859 3772 3108 3829 lsraeletn
3160 3777 3434 3831 consecuti
3496 3781 3623 3830 sunt

2058 3867 2299 3930 veniam,
2343 3867 2477 3920 duro
2519 3867 2683 3920 corde
2724 3867 2853 3932 lilii,
2897 3873 3179 3936 parentum
3218 3870 3410 3923 merito
3452 3869 3624 3923 salute

2056 3957 2259 4012 donaU.

2129 4046 2247 4101 Scis
2276 4039 2424 4110 vero,
2457 4045 2701 4116 quisquis
2723 4045 2992 4103 studiosus
3019 4062 3081 4103 es
3108 4062 3173 4103 ac
3201 4049 3440 4105 discendi
3473 4047 3624 4118 cupio

2057 4139 2186 4202 dus,
2239 4147 2298 4190 ut
2343 4139 2397 4191 in
2450 4139 2639 4208 primis
2690 4153 2813 4193 cum
2857 4138 2997 4194 Deus
3037 4137 3252 4212 Moysen
3299 4157 3329 4194 a
3376 4142 3626 4210 gregibus

2055 4231 2236 4284 ovium
2273 4231 2338 4283 ad
2367 4230 2687 4298 pOpulorum
2721 4239 2932 4285 vocaret
2961 4233 3332 4298 praefecturam
3352 4269 3368 4296 ,
3402 4231 3515 4284 haec
3543 4231 3628 4285 diu

2057 4330 2144 4375 cat
2176 4321 2360 4375 statim
2395 4321 2458 4374 ad
2488 4335 2701 4375 servum
2736 4337 2892 4376 suum
2927 4340 2941 4375 :
2983 4321 3093 4390 Ego
3122 4339 3241 4376 sum
3284 4323 3420 4376 Deus
3458 4327 3624 4391 patris

399 4403 661 4472 Ἀϐραὰμ,
682 4406 777 4458 καί
799 4408 833 4458 ὀ
859 4405 1002 4471 Θεὸς
1017 4407 1244 4470 Ἰσαὰκ,
1267 4407 1366 4460 καὶ
1382 4410 1413 4460 ό
1431 4407 1574 4474 Θεὸς
1601 4409 1810 4462 Ἰακώϐ.
1841 4409 1948 4462 Καὶ

2055 4413 2160 4474 tui,
2218 4411 2355 4466 Dens
2411 4403 2717 4474 Abraham,
2768 4423 2817 4466 et
2855 4412 2995 4466 Deus
3031 4405 3218 4479 Isaac,
3251 4424 3299 4468 et
3334 4413 3475 4469 Deus
3511 4410 3614 4469 Ja-

389 4495 581 4563 μικρὸν
599 4498 785 4566 πρόσω
794 4497 887 4550 τοῦ
905 4497 1062 4566 λόγου
1081 4499 1385 4569 γενόμενος,
1398 4499 1568 4552 ταῦτα
1580 4501 1950 4572 προστίθησιν·

387 4583 694 4653 Συνὰγαγε
721 4584 836 4653 τὴν
866 4587 1191 4655 γερουσίαν
1231 4585 1348 4640 τῶν
1373 4586 1520 4641 υἱῶν
1555 4588 1821 4655 Ἰσραὴλ,
1857 4589 1957 4642 καὶ

385 4674 537 4742 ἐρεῖς
546 4675 694 4744 πρὸς
711 4679 950 4742 αὐτούς·
968 4679 1182 4746 Κύριος
1201 4679 1344 4745 Θεὸς
1367 4678 1482 4732 τῶν
1501 4680 1768 4748 πατέρων
1789 4681 1955 4749 ὑμῶν

385 4762 572 4820 ὦπταί
581 4785 703 4838 μοι,
734 4772 767 4823 ό
795 4769 940 4836 Θεὸς
976 4771 1240 4841 Ἀϐραὰμ,
1275 4772 1372 4826 καὶ
1396 4775 1428 4825 ό
1449 4773 1592 4838 Θεὸς
1609 4772 1833 4837 Ἰσαὰκ,
1855 4772 1955 4825 καί

389 4860 420 4908 ό
458 4859 604 4924 Θεὸς
633 4859 857 4914 Ἰακώϐ.
889 4862 999 4915 Καὶ
1029 4862 1201 4926 οὕτως
1234 4865 1291 4915 ἐν
1320 4863 1623 4934 προοιμίοις
1651 4864 1679 4915 6
1718 4862 1848 4926 Θεὸς
1878 4864 1954 4932 τῷ

387 4948 603 5018 ὀνόματι
653 4949 762 5002 τῶν
793 4950 1014 5004 δικαίων
1044 4953 1315 5022 πατέρων,
1355 4948 1462 5006 οἷον
1512 4955 1806 5025 σημάντρῳ
1848 4957 1952 5008 τινὶ

386 5039 834 5110 τοὺςάπογόνους
864 5043 1239 5112 σφραγίζεται·
1289 5044 1450 5098 καλὸν
1483 5045 1638 5108 εἰδὼς
1681 5047 1773 5098 καὶ
1815 5063 1950 5116 συμ-

388 5131 545 5202 φέρον
572 5133 633 5185 τὸ
667 5135 761 5186 ἀπ’
799 5134 1020 5188 ἐκείνων
1041 5136 1414 5205 γνωρίζεσθαι.
1439 5138 1643 5208 Χρόνου
1669 5137 1726 5190 δὲ
1759 5139 1947 5208 προελ-

387 5224 584 5288 θόντος,
613 5226 804 5296 ἐπειδὴ
848 5227 928 5289 είς
974 5226 1129 5297 ὓϐριν
1165 5227 1258 5280 τοῦ
1304 5229 1591 5301 εὐεργέτου
1634 5227 1894 5300 ὥρμησεν
1925 5231 1953 5282 6

385 5314 526 5381 λαὸς,
569 5319 662 5370 καὶ
706 5318 1110 5388 καταφρόνησιν
1155 5319 1247 5372 τοῦ
1287 5320 1556 5391 Σωτῆρος,
1607 5321 1946 5390 προσέκοψαν

383 5405 436 5460 δὲ
471 5412 537 5480 τῇ
584 5409 984 5480 είδωλοποιήσει
1022 5409 1116 5463 τοῦ
1170 5411 1391 5482 μόσχου,
1435 5413 1527 5465 καὶ
1577 5413 1942 5483 προσεκύνουν

386 5501 598 5566 κρανίον
649 5501 871 5571 ἄψυχον,
904 5502 1002 5573 τὴν
1035 5501 1276 5574 ἔμψυχον
1316 5505 1406 5557 καὶ
1432 5503 1652 5575 λογικὴν
1688 5505 1945 5575 φρόνητιν

452 5671 494 5708 ⁸¹
534 5675 702 5732 Exod.
739 5693 830 5742 ιιι,
860 5677 914 5730 l3.
991 5677 1037 5710 ⁸³
1079 5680 1208 5732 ibid.
1244 5680 1328 5734 lli.

693 5775 962 5837 Parnm.
1011 5776 1125 5836 Gn.
1180 5777 1308 5838 XL.

2057 4507 2147 4558 σοι)
2183 4504 2228 4535 ⁸²
2260 4521 2274 4568 ;
2310 4519 2373 4558 ac
2423 4504 2579 4573 paulo
2630 4504 2860 4558 ulterius
2907 4505 3166 4571 producto
3221 4522 3469 4560 sermone
3521 4507 3620 4561 ista

2055 4599 2255 4650 addat:
2310 4595 2579 4666 Congrega
2618 4596 2843 4649 seniores
2891 4597 3123 4666 ﬁliorum
3154 4588 3358 4662 Israel,
3399 4609 3449 4652 et
3487 4600 3622 4652 dices

2057 4687 2126 4741 ad
2152 4703 2273 4741 eos:
2309 4687 2562 4741 Dominus
2597 4687 2736 4742 Deus
2789 4704 3000 4758 patrum
3037 4699 3325 4745 vestrorum
3361 4692 3488 4744 mihi
3525 4707 3621 4759 ap-

2055 4780 2232 4848 paruit
2256 4797 2273 4841 ;
2305 4778 2446 4832 Deus
2478 4777 2744 4832 Abraham
2767 4819 2782 4845 ,
2809 4789 2857 4834 et
2883 4780 3021 4834 Deus
3050 4765 3210 4834 Isaac
3229 4820 3244 4845 ,
3273 4791 3319 4835 et
3351 4781 3490 4835 Deus
3521 4776 3623 4837 la-

2057 4879 2149 4922 coo
2179 4870 2246 4925 ⁸³.
2283 4869 2480 4939 Sicque
2520 4871 2682 4936 Deus,
2710 4870 2824 4940 ipso
2855 4872 3035 4927 statim
3069 4872 3255 4936 initio,
3277 4883 3490 4942 patrum
3535 4873 3622 4940 ju-

2057 4972 2260 5015 storum
2290 4963 2509 5016 nomine
2533 4961 2677 5016 velut
2705 4974 2832 5016 nota
2857 4965 3088 5032 quadam
3123 4973 3343 5033 nepotes
3369 4965 3626 5036 insignit,

2056 5053 2146 5122 qui
2180 5053 2375 5105 bonum
2407 5053 2543 5107 sciat
2577 5068 2642 5107 ac
2671 5053 2835 5118 utile,
2870 5065 2928 5107 ut
2960 5055 3028 5108 ab
3062 5053 3167 5108 illis
3195 5069 3260 5108 ac
3290 5070 3476 5111 eorum
3502 5071 3627 5125 spes

2059 5141 2259 5195 cimine
2282 5152 2697 5211 cognoscantur.
2713 5142 2909 5198 Verum
2929 5159 3181 5212 processu
3211 5145 3484 5215 temporis,
3501 5163 3624 5200 cum

2056 5233 2280 5299 populus
2331 5231 2383 5284 in
2421 5232 2673 5302 injuriam
2718 5236 3086 5303 prorupisset,
3115 5237 3234 5305 ejus
3255 5276 3271 5302 ,
3305 5237 3395 5305 qui
3427 5239 3628 5291 beneti-

2055 5320 2138 5372 cio
2172 5317 2443 5373 affecisset
2464 5359 2480 5385 ,
2514 5335 2577 5374 ac
2599 5321 2892 5375 Salvatorls
2921 5331 3321 5392 contemptum,
3369 5322 3630 5390 vitulique

2056 5412 2260 5466 fabrica
2286 5427 2350 5467 ac
2376 5415 2687 5470 adoratione
2713 5411 3058 5484 offendisset,
3088 5433 3153 5472 ac
3174 5418 3490 5474 adorassent
3539 5417 3626 5469 in-

2054 5503 2234 5576 anitue
2263 5504 2505 5561 craniutn
2589 5506 2779 5562 animm
2818 5508 2994 5564 omnis
3037 5525 3099 5564 ac
3137 5510 3360 5565 rationis
3406 5521 3623 5560 sensum

3149 5772 3215 5836 11
