4090 6146
369 296 384 311 .
455 250 550 310 531

1714 258 1772 313 S.
1815 258 2086 315 ASTERII
2124 258 2424 316 AMASENI

3576 264 3688 318 ass
3712 286 3717 293 ι

453 381 798 437 amittentes.
846 393 968 434 cum
1004 378 1135 433 nihil
1183 377 1271 434 hic
1315 377 1481 451 Moysi
1530 389 1878 449 suppeteret,
1910 397 2006 450 quc

2118 379 2498 443 ἀπολέσαντες
2528 380 2631 433 οὐκ
2676 378 2817 451 ἔχων
2860 380 2890 433 ό
2933 380 3172 451 Μωΰσῆς
3197 379 3497 451 τηνικαῦτα
3538 380 3686 445 ὅπως

451 469 736 526 Dominum
783 471 1056 541 discipulis
1101 471 1376 541 placaret,
1423 478 1757 528 terumnosu's
1804 474 2017 527 tandem

453 563 771 632 paedagogus
801 564 866 616 ad
898 571 1112 632 patrum
1159 564 1475 617 memoriam
1520 563 1796 635 confugit,
1843 565 2020 632 iisque

453 656 553 709 sibi
580 655 866 725 adjunctis,
893 653 1332 723 supplicationem
1361 656 1573 723 promit.
1600 657 1689 711 Sic
1714 657 1858 712 enim
1894 658 1969 711 ait
1999 674 2014 711 :

452 747 579 800 Esto
630 747 901 814 placabilis
959 763 1114 817 super
1166 747 1405 815 nequitia
1460 747 1685 816 populi:
1743 750 2018 803 recordare

450 840 750 901 Abraham,
807 837 961 891 Isaac
993 848 1041 892 et
1080 836 1248 892 Iacob
1295 853 1561 891 servorum
1601 849 1841 903 tuorum,
1897 840 2018 907 qui-

451 926 545 979 bus
568 926 765 996 jurain
807 944 898 993 per
923 929 1281 995 temetipsum,
1330 926 1802 995 multiplicaturum
1848 938 1897 982 te
1936 944 2018 982 se-

449 1035 566 1073 men
620 1035 797 1071 eorum
838 1021 968 1072 sicut
1014 1019 1190 1073 stellas
1225 1019 1337 1072 caeli
1371 1019 1440 1074 “.
1476 1019 1602 1073 Erat
1640 1021 1858 1087 grandis
1896 1023 1971 1073 ira
1997 1060 2012 1082 ,

450 1107 599 1162 furor
641 1108 1088 1177 indeprecabilis:
1138 1108 1225 1162 ubi
1285 1120 1458 1162 tamen
1504 1109 1719 1177 sapiens
1762 1125 1825 1164 ac
1853 1110 2009 1163 indu-

445 1199 611 1254 strius
661 1200 913 1267 supplex,
965 1211 1174 1267 patrum
1217 1215 1477 1268 personas
1522 1200 1894 1267 adhibuisset,
1943 1217 2006 1256 ac

444 1307 629 1344 sentum
698 1290 892 1345 multas
953 1291 1368 1345 intercessiones
1444 1305 1510 1343 ex
1573 1292 1830 1345 memoria
1895 1291 2007 1347 Deo

442 1381 753 1449 obiecisset.
783 1382 1009 1434 ﬂammae
1032 1380 1203 1434 instar
1230 1394 1441 1449 pennam
1473 1382 1765 1445 exstinxit,
1796 1390 2010 1452 patrum

440 1473 560 1528 oleo
589 1473 969 1528 insanientium
1012 1472 1244 1527 filiorum
1277 1472 1493 1527 vulnera
1527 1489 1750 1530 curans.

509 1651 721 1705 Relicto
763 1648 959 1721 Moysis
1004 1648 1176 1713 libro,
1226 1649 1290 1702 ad
1341 1648 1505 1703 libros
1537 1649 1740 1717 Regum
1794 1612 1997 1706 transi.

443 1743 650 1799 Etenim
702 1741 815 1797 illic
867 1756 1079 1810 quoque
1132 1741 1299 1795 lilium
1357 1742 1561 1794 videbis
1614 1741 2002 1811 indulgentiam
2043 1730 2084 1784 Β

440 1841 783 1888 consecutum
807 1874 821 1898 ,
853 1846 918 1885 eo
946 1831 1089 1900 quod
1120 1831 1297 1899 proles
1328 1839 1411 1886 est
1445 1834 1616 1901 patris
1649 1830 1741 1886 Dei
1776 1835 2010 1888 amantis

442 1939 503 1978 ac
533 1923 626 1994 pii.
662 1923 712 1977 Is
756 1937 918 1991 porro
965 1922 1419 1977 celebratissimus
1464 1922 1552 1977 ille
1596 1922 1848 1977 Salomon
1900 1932 2005 1977 est.

439 2017 571 2071 (tum
606 2016 748 2071 enim
792 2015 880 2068 ille
914 2029 1165 2082 processu
1200 2014 1483 2083 temporis,
1518 2015 1712 2068 nedum
1745 2014 2010 2083 passioni-

438 2108 539 2162 bus
566 2107 956 2169 dominaretur,
981 2105 1072 2160 sed
1101 2116 1154 2159 et
1179 2105 1281 2159 illis
1301 2120 1491 2159 servus
1510 2104 1762 2171 ed‘ectus,
1791 2120 1854 2159 ac
1884 2104 2010 2159 vita:

439 2199 685 2270 neglectu
713 2196 1267 2253 incontinentissimus
1295 2197 1508 2251 luxuria
1538 2200 1794 2260 evadens,
1823 2207 2005 2266 pater-

440 2308 562 2345 nam
588 2304 799 2360 quoque
827 2290 1077 2359 pietatem
1108 2303 1172 2342 ac
1202 2288 1515 2358 religionem
1544 2297 1805 2342 mutasset
1831 2327 1847 2352 ,
1876 2288 2008 2359 legis

436 2383 795 2446 oﬂ'ensiones,
856 2379 996 2434 idola
1047 2379 1356 2445 fabricatis,
1407 2380 1485 2431 ait
1531 2377 1597 2430 ad
1651 2392 1772 2431 eum
1825 2379 2002 2435 Deus:
2046 2429 2054 2438 .

436 2471 694 2526 Scindeus
723 2470 959 2523 scindant
987 2484 1199 2538 regnum
1230 2478 1375 2521 tuam
1397 2507 1412 2529 ,
1448 2478 1495 2520 et
1523 2465 1660 2520 dabo
1694 2467 1827 2518 illud
1859 2482 2007 2520 servo

436 2572 526 2614 tuo
553 2577 572 2614 :
598 2571 948 2614 verumtamen
1004 2560 1058 2612 in
1121 2557 1301 2614 diebus
1335 2559 1440 2611 tuis
1474 2574 1576 2611 non
1617 2558 1813 2625 faciam
1850 2558 1962 2611 luet:
1984 2595 2002 2622 ,

430 2665 644 2724 propter
686 2653 856 2706 David
891 2660 1092 2719 patrem
1122 2661 1269 2704 tuum
1293 2666 1312 2705 :
1344 2656 1410 2704 de
1448 2667 1605 2703 manu
1638 2650 1741 2717 ﬁiii
1792 2649 1866 2702 tui
1914 2666 2006 2702 ac-

435 2746 626 2814 cipiam
680 2743 813 2797 illud
859 2743 928 2794 ⁸⁵.
962 2743 1094 2796 llaec
1140 2757 1237 2796 nos
1287 2742 1512 2795 historia
1563 2740 1763 2804 docet;
1808 2740 1901 2793 sed
1948 2748 2005 2793 et

437 2832 776 2887 Psalmorum
808 2834 1076 2886 canticum
1110 2835 1297 2885 eodem
1328 2845 1488 2885 sensu
1519 2830 1632 2884 haec
1662 2830 1823 2884 habet
1849 2848 1862 2882 :
1895 2828 2004 2883 Ju-

436 2925 557 2977 uior
595 2925 673 2993 {ui
692 2941 713 2989 ;
759 2924 948 2978 etenim
985 2923 1134 2977 senui
1156 2939 1175 2987 ;
1223 2930 1272 2976 et
1308 2938 1410 2975 non
1443 2921 1547 2975 vidi
1571 2924 1776 2991 justum
1813 2920 2003 2975 dei-eli-

437 3026 575 3070 ctum
598 3056 614 3082 ,
645 3030 737 3069 nec
773 3030 944 3069 semen
979 3014 1092 3084 ejus
1122 3028 1361 3083 quarens
1391 3028 1577 3083 panem
1615 3012 1683 3066 ⁸⁸.

508 3214 609 3281 At,
641 3222 700 3267 ut
732 3212 961 3278 videtur,
1007 3213 1095 3267 ubi
1131 3210 1297 3267 semel
1344 3212 1522 3266 anima
1574 3222 1762 3267 contra
1806 3214 2005 3270 verita-

435 3313 541 3361 tem
571 3304 769 3358 audere
799 3303 1227 3373 przesnmpserit,
1265 3315 1425 3371 atque
1449 3317 1515 3356 eo
1542 3311 1686 3357 statu
1720 3303 1918 3370 habet,
1944 3312 2006 3358 ut

432 3398 560 3450 vitm
594 3395 740 3459 loco,
785 3410 982 3448 novum
1015 3394 1214 3464 aliquid
1246 3395 1420 3448 moliri
1456 3408 1652 3448 vesane
1687 3395 2002 3461 existimet,

428 3485 571 3541 nihil
595 3494 710 3548 est,
737 3484 875 3552 quod
905 3487 970 3537 ad
1002 3493 1204 3537 rectam
1242 3496 1305 3536 ac
1336 3497 1399 3536 ex
1431 3483 1622 3536 ordine
1648 3483 2001 3551 compositam

429 3578 576 3628 viam
611 3582 891 3628 convertat
923 3595 934 3628 :
966 3572 1095 3642 quin
1130 3574 1336 3626 frenum
1373 3574 1627 3627 mordens
1648 3613 1665 3639 ,
1703 3588 1800 3628 ceu
1831 3575 2005 3641 pullus

434 3664 651 3734 quidam
704 3672 932 3717 tractatu
975 3662 1239 3728 dillicilis,
1292 3663 1344 3716 in
1389 3662 1704 3717 barathrum
1749 3664 2000 3733 proruit;

434 3769 647 3820 sessore
670 3755 850 3807 animo
878 3770 940 3807 ac
970 3763 1181 3819 mente,
1212 3753 1594 3808 vehementiori
1625 3755 1676 3808 in
1708 3757 2003 3825 nequitiam

434 3846 723 3916 agitatione
769 3856 1062 3912 superato:
1103 3845 1243 3913 quod
1290 3845 1475 3914 utique
1517 3845 1615 3902 hos
1644 3861 1860 3916 quoque
1897 3850 2005 3902 Eu-

442 3938 726 3994 nomianos
758 3938 1006 3992 factitare
1051 3938 1275 3991 videas:
1313 3938 1391 3990 sic
1429 3938 1570 3991 enim
1604 3938 1876 3994 lubentius
1911 3954 2006 4009 ap-

431 4031 715 4099 pellantur,
747 4045 906 4099 quam
950 4029 1155 4084 Christi
1202 4030 1482 4094 homines;
1514 4031 1604 4097 qui
1649 4029 1816 4083 Deum
1856 4030 2003 4085 blas-

432 4124 720 4190 phement,
756 4122 847 4176 Dei
879 4122 1122 4175 homines
1169 4121 1366 4189 probro
1406 4120 1643 4174 alliciant
1677 4164 1691 4187 ,
1725 4123 2004 4192 magisque

432 4212 546 4265 loca
582 4222 921 4275 averseatnr,
956 4210 1150 4278 quibus
1179 4211 1349 4264 sancti
1402 4211 1743 4278 requiescunt
1770 4251 1786 4276 ,
1839 4226 2002 4280 quam

430 4302 596 4356 sobrii
630 4303 875 4357 homines
920 4302 1106 4356 altaria
1128 4344 1140 4363 ,
1176 4299 1511 4370 profanaque
1542 4309 1619 4356 ac
1664 4302 1865 4370 polluta
1896 4301 2004 4356 da!-

2123 470 2262 540 ὑπὲρ
2292 470 2399 524 τῶν
2458 469 2712 541 μαθητῶν
2763 469 3114 540 ὲξιλεώσηται
3165 470 3259 527 τὸν
3310 471 3603 545 Δεσπότην,
3656 473 3689 527 ό

2123 560 2466 628 παιδαγωγὸς
2487 563 2515 614 ὁ
2533 561 2890 632 πολύμοχθος,
2916 562 3252 631 καταφεύγει
3282 563 3418 632 πρὸς
3440 561 3535 633 τὴν
3558 563 3694 634 μνή-

2125 667 2229 721 μην
2244 650 2352 703 τῶν
2373 651 2643 722 πατέρων,
2663 653 2756 705 καὶ
2775 653 2888 723 μετ’
2907 650 3128 706 ἐκείνων
3148 653 3246 723 τὴν
3270 651 3546 723 ἱκετηρίαν
3565 667 3692 722 προ-

2120 740 2390 795 ϐάλλεταιο
2424 742 2587 812 φησὶν
2626 742 2684 795 δὲ
2711 741 2902 806 οὕτως·
2935 745 3129 809 Ἶλεως
3159 742 3337 813 γεννοῦ
3371 742 3468 795 ἐπὶ
3495 740 3568 809 τῇ
3585 758 3690 795 κα-

2118 830 2219 896 κίᾳ
2258 830 2365 884 τοῦ
2390 831 2566 897 λαοῦ,
2589 832 2876 899 μνησθεὶς
2909 834 3170 902 Ἀϐραὰμ,
3191 832 3287 886 καὶ
3324 832 3550 896 Ἰσαὰκ,
3589 832 3688 886 καί

2132 918 2340 974 Ἰακὼϐ
2351 918 2468 972 τῶν
2480 920 2597 974 σοῦ
2622 920 2865 974 οἰκετῶν
2877 922 2944 986 ’.⁷,
2968 915 3058 980 οἷς
3076 918 3315 989 ὤμοσας
3333 920 3484 972 κατὰ
3507 936 3690 973 σεαυ-

2117 1012 2241 1076 τοῦ,
2275 1013 2576 1079 πληθῦναι
2597 1013 2664 1066 τὸ
2688 1013 2926 1082 σπέρμα
2950 1012 3150 1067 αὐτῶν
3170 1014 3250 1078 ὠς
3270 1013 3343 1067 τὰ
3371 1013 3562 1080 ἄστρα
3580 1012 3689 1067 τοῦ

2116 1103 2394 1170 οὐρανοῦ.
2422 1104 2648 1173 Μεγάλη
2682 1105 2714 1173 ἡ
2739 1105 2898 1176 ὀργὴ,
2926 1105 3019 1158 καὶ
3036 1106 3071 1158 ὸ
3099 1103 3267 1175 θυμὸς
3290 1103 3687 1175 ἀπαραίτητος

2116 1193 2230 1247 ἀλλ’
2270 1197 2299 1248 ὀ
2346 1196 2509 1264 σοφὸς
2554 1197 2649 1250 καὶ
2687 1197 2991 1267 εὐμήχανος
3033 1195 3238 1264 ἱκέτης,
3267 1193 3338 1248 τὰ
3368 1196 3683 1264 προσωπεῖα

2115 1285 2469 1356 περιθέμενος
2500 1286 2611 1341 τῶν
2651 1287 2841 1356 ἁγίων,
2871 1287 2964 1341 καὶ
2997 1287 3097 1349 τὰς
3131 1285 3331 1348 πολλὰς
3357 1284 3466 1338 τῶν
3493 1284 3690 1355 γερόν-

2114 1391 2224 1428 των
2285 1375 2374 1429 διὰ
2426 1377 2527 1443 τῆς
2586 1378 2806 1448 μνήμης
2857 1376 2934 1447 τῷ
2977 1376 3096 1447 Θεῷ
3153 1375 3462 1447 ἀπορρίψας
3486 1375 3685 1430 ⁸⁸....

2112 1465 2334 1519 ἔσϐεσεν
2357 1469 2431 1530 ὡς
2456 1468 2627 1537 φλόγα
2650 1468 2747 1540 τὴν
2774 1469 3058 1540 τιμωρίαν·
3089 1469 3341 1540 πατρικῴ
3389 1468 3551 1539 ἐλαίῳ
3577 1468 3688 1524 τῶν

2118 1558 2392 1626 μανέντων
2416 1560 2548 1613 υίῶν
2573 1560 2912 1632 θεραπεύσας
2937 1561 3008 1615 τὰ
3032 1561 3341 1632 τραύματα.

2185 1649 2515 1705 Καταλιπὼν
2540 1651 2639 1721 τὴν
2657 1652 2954 1724 Μωσαῖκὴν
2984 1647 3184 1723 βίϐλον,
3221 1653 3313 1707 ἐπὶ
3348 1652 3447 1717 τὰς
3471 1652 3693 1723 βίϐλους

2111 1738 2217 1792 τῶν
2250 1740 2520 1795 Βασιλέων
2552 1742 2836 1815 μετάϐηθι.
2871 1744 3030 1813 Ὅψει
3056 1745 3165 1816 γάρ
3197 1745 3357 1799 κάκεῖ
3380 1746 3545 1800 παῖδα
3566 1763 3687 1816 φειο

2110 1830 2232 1894 δοῦς
2263 1832 2598 1903 ἀξιούμενον,
2631 1834 2763 1888 διότι
2789 1835 3034 1907 γέννημα
3068 1832 3137 1907 ἦν
3176 1836 3426 1906 φιλοθέου
3454 1839 3681 1910 πατρός.

2111 1923 2358 1993 Σολομὼν
2396 1924 2453 1978 δέ
2485 1927 2632 1980 ἐστιν
2671 1919 2825 1991 οὗτος
2853 1928 2882 1980 ό
2911 1927 3365 2000 πολυθρύλλητοςο
3390 1930 3450 1992 ὂς
3494 1928 3689 2000 ἐπειδὴ.

2111 2015 2388 2085 προϊόντος
2442 2016 2534 2070 τοῦ
2581 2018 2774 2089 χρόνου
2820 2017 2920 2072 οὐκ
2962 2014 3031 2089 ἦν
3062 2019 3172 2074 τῶν
3202 2019 3389 2074 παθῶν
3416 2019 3684 2091 αὐτοκρά-

2108 2123 2241 2178 τωρ,
2295 2106 2479 2171 δοῦλος
2534 2094 2592 2161 δὲ
2624 2108 2844 2179 μᾶλλον,
2913 2110 3008 2164 καὶ
3070 2109 3466 2181 ἀκρατέστερος
3530 2127 3684 2181 σωμ-

2108 2195 2343 2268 εραστὴς
2373 2196 2461 2250 διά
2489 2197 2588 2268 τὴν
2616 2198 3053 2270 ἀπροσεξίαντοῦ
3092 2200 3226 2270 βίου,
3264 2200 3553 2272 μετέϐαλεν
3586 2202 3684 2256 καὶ

2106 2287 2204 2358 τὴν
2232 2289 2489 2361 πατρῴαν
2515 2290 2816 2355 εὐσέϐειαν,
2842 2290 3036 2345 εἴδωλα
3068 2291 3373 2363 μορφώσας.
3389 2291 3459 2346 τά
3488 2291 3582 2345 τοῦ
3602 2293 3685 2347 νό-

2110 2394 2212 2448 μου
2244 2381 2665 2453 προσκόμματα·
2697 2384 2832 2454 φησὶ
2864 2385 3001 2456 πρὸς
3020 2386 3181 2440 αὑτὸν
3210 2388 3239 2441 ὁ
3266 2386 3419 2450 Θεός*
3444 2385 3686 2455 Διαῤῥήη

2106 2484 2237 2525 σων
2259 2470 2551 2541 διαρῤήξω
2580 2473 2695 2543 τὴν
2718 2477 3048 2541 βασιλείαν
3075 2494 3215 2543 σου,
3245 2478 3346 2533 καὶ
3377 2478 3547 2533 δώσω
3569 2480 3682 2533 αὐ-

2105 2561 2220 2630 τὴν
2248 2561 2331 2628 τῷ
2361 2563 2558 2632 δούλῳ
2587 2582 2724 2622 σουο
2754 2569 2921 2647 πλὴν
2954 2570 3025 2624 ἐν
3050 2571 3179 2638 ταῖς
3205 2571 3449 2641 ἡμέραις
3474 2585 3589 2625 σου
3606 2572 3683 2626 οὐ

2105 2653 2340 2722 ποιήσω
2399 2655 2587 2711 ταῦτα
2636 2657 2734 2714 διὰ
2786 2660 2964 2716 Δαϐὶδ
3006 2662 3115 2716 τὸν
3163 2662 3389 2731 πατέρα
3430 2678 3566 2717 σου*
3610 2663 3682 2717 ἐκ

2109 2748 2312 2817 χειρὸς
2370 2749 2480 2804 τοῦ
2535 2751 2671 2805 υἱοῦ
2732 2767 2848 2806 σου
2906 2752 3181 2823 λήψομαι
3233 2754 3442 2820 αὐτήν.
3498 2754 3684 2810 Ταῦτα

2104 2837 2254 2905 ἡμᾶς
2290 2837 2323 2908 ἠ
2358 2838 2570 2906 ἱστορία
2616 2840 2879 2893 παιδεύει*
2913 2840 3153 2896 διδάσκει
3187 2843 3245 2896 δὲ
3284 2845 3379 2897 καὶ
3415 2844 3527 2916 ᾠδὴ
3572 2844 3684 2898 τῶν

2104 2926 2352 2997 Ψαλμῶν
2379 2929 2446 2980 τὰ
2474 2930 2636 2999 ὅμοια
2681 2930 2977 2997 [νεώτερος
3022 2931 3205 3001 ἤμην’
3257 2936 3355 2988 καὶ
3390 2936 3502 3004 γὰρ
3538 2937 3683 3007 ἐτή-

2031 3061 2075 3119 c
2099 3031 2283 3119 ,σασα
2315 3019 2415 3119 καὶ
2447 3021 2559 3073 οὐκ
2583 3017 2748 3075 εἶδον
2778 3021 3012 3076 δίκαιον
3042 3023 3682 3096 ἐγκαταλελειμμένον,

2106 3107 2249 3162 οὐδὲ
2272 3108 2339 3162 τὸ
2370 3109 2608 3180 σπέρμα
2634 3111 2820 3165 αὐτοῦ
2846 3110 3062 3179 ζητοῦν
3091 3112 3328 3181 ἄρτους.

2188 3201 2348 3268 Ἀλλ’,
2390 3197 2425 3278 ᾖ
2462 3203 2659 3270 ἔοικεν,
2693 3203 2910 3259 ὲπειδάν
2949 3204 3096 3272 ἅπαξ
3120 3206 3266 3277 ψυχὴ
3293 3207 3391 3276 τῆς
3421 3206 3683 3278 ἀληθείας

2105 3294 2602 3367 καταθρασύνηται,
2659 3297 2754 3350 καὶ
2806 3298 2900 3352 τοῦ
2969 3301 3309 3371 καινοτομεῖν
3357 3299 3682 3370 ἑκπλήκτως

2110 3387 2232 3441 ἀντὶ
2254 3387 2349 3441 τοῦ
2385 3388 2485 3460 ζῇν
2511 3390 2569 3442 ὲν
2590 3389 2738 3456 τάξει
2772 3388 3157 3461 προϐέϐληται,
3180 3390 3336 3444 οὐδὲν
3362 3391 3530 3462 αὐτὴν
3560 3393 3683 3444 sm.-

2108 3479 2361 3558 στρέφειν
2384 3481 2565 3534 ἱκανὸν
2591 3483 2670 3544 είς
2690 3482 2789 3553 τὴν
2822 3482 3035 3535 εὐθεῖαν
3066 3482 3160 3536 καὶ
3182 3483 3521 3553 τεταγμένην
3539 3482 3677 3537 ὀδόνο

2107 3568 2400 3621 ὲνδακοῦσα
2438 3569 2495 3622 δὲ
2521 3570 2611 3622 τὸν
2636 3570 2868 3641 χαλινὸν,
2897 3571 3084 3643 ὥσπερ
3115 3587 3199 3634 τις
3229 3570 3407 3635 πῶλος
3434 3571 3683 3642 δυσήνιος

2107 3659 2332 3729 φέρεται
2381 3660 2518 3731 πρὸς
2572 3661 2633 3714 τὸ
2683 3661 2975 3733 βάραθρον,
3023 3664 3233 3718 νικῶσα
3266 3663 3360 3716 τὸν
3402 3662 3681 3732 ἀναϐάτην

2106 3749 2230 3802 νοῦν
2259 3752 2324 3820 τῇ
2351 3751 2487 3820 πρὸς
2517 3751 2614 3822 τὴν
2648 3752 2848 3806 κακίαν
2877 3755 3041 3824 ὁρμῇ⁸
3075 3752 3264 3820 ὥσπερ
3313 3751 3379 3824 δὴ
3425 3751 3522 3805 καὶ
3551 3752 3681 3815 τοὺς

2105 3841 2473 3911 Εὑνομιανοὺς
2510 3841 2731 3907 τούτους
2760 3843 2906 3897 ἐστιν
2941 3844 3087 3898 ἰδεῖν.
3112 3843 3297 3907 Οὕτως
3329 3841 3439 3912 γὰρ
3466 3841 3681 3911 φιλοῦσι

2104 3932 2384 3986 καλεῖσθαι
2434 3933 2654 4004 μᾶλλον,
2706 3935 2739 4007 ἢ
2793 3933 2888 3988 τοῦ
2938 3933 3172 4006 Χριστοῦ
3214 3934 3509 4004 ἄνθρωποι,
3547 3934 3680 3985 Θεὸν

2106 4024 2572 4098 βλασφημοῦντες,
2606 4028 2732 4091 τοὺς
2763 4025 3076 4098 ἀνθρώπους
3101 4025 3194 4079 τοῦ
3220 4024 3355 4078 Θεοῦ
3384 4023 3679 4095 ἀτιμάζον-

2102 4135 2213 4183 τες,
2250 4117 2450 4189 μᾶλλον
2473 4119 2531 4171 δὲ
2559 4120 2943 4189 ἐντρεπόμενοι
2972 4119 3070 4184 τὰς
3094 4119 3201 4171 τῶν
3235 4119 3405 4186 ἁγίων
3434 4116 3681 4170 ἀναπαύ-

2106 4225 2237 4272 σεις,
2273 4209 2306 4278 ἢ
2333 4210 2381 4261 οἱ
2414 4209 2815 4281 σωφρονοῦντες
2855 4213 2980 4274 τοὺς
3006 4209 3351 4281 βο›μοὺς,ἰιαὶ
3372 4211 3497 4273 τοὺς
3520 4210 3681 4280 βεϐή-

2103 4298 2228 4364 λους
2256 4302 2351 4354 καὶ
2380 4303 2504 4365 τοὺς
2545 4302 2952 4373 μεμιασμένους
2995 4303 3105 4354 τῶν
3137 4302 3338 4355 τόπων.
3392 4302 3591 4373 Ἐχρῆν
3621 4302 3680 4356 δὲ

430 4389 647 4447 ιιιόιιιιιιι
699 4393 869 4449 sacris
937 4394 1075 4446 loca.
1117 4391 1283 4447 Porro
1319 4407 1414 4461 par
1456 4401 1573 4446 erat
1599 4433 1613 4458 ,
1644 4403 1702 4447 ιιι
1730 4394 1819 4462 qui
1855 4394 2000 4462 ejus-

2107 4390 2229 4453 τοὺς
2285 4390 2380 4461 τῆς
2420 4392 2678 4455 ἀπονοίας
2723 4391 2957 4454 ἐκείνους
2996 4393 3261 4463 ἀσκητάς,
3313 4393 3409 4446 καὶ
3444 4392 3506 4444 τὸ
3538 4392 3681 4446 κατά

432 4485 573 4539 modi
630 4485 915 4539 dementia:
965 4484 1216 4548 student,
1273 4484 1474 4552 quique
1529 4486 1887 4538 temeritatem
1943 4486 1995 4538 in

415 4556 619 4628 'omnes
646 4574 860 4626 virtutis
895 4573 1011 4627 loco
1059 4574 1289 4638 habent,
1324 4573 1405 4628 vel
1450 4573 1645 4627 saltem
1688 4574 1993 4628 daemonum

435 4674 807 4716 revererentur
827 4677 986 4716 voces
1004 4701 1020 4726 ,
1047 4662 1188 4716 clara
1212 4666 1385 4732 palam
1410 4681 1542 4719 voce
1562 4665 1991 4720 contestantium

424 4753 682 4806 virtutem
739 4748 1085 4822 martyrum;
1143 4769 1206 4806 ac
1257 4769 1525 4822 quemque
1581 4755 1794 4809 illorum
1850 4756 1997 4809 velut

422 4855 748 4913 praesentem
772 4885 789 4909 ,
826 4851 986 4912 atque
1017 4857 1110 4897 eos
1149 4844 1217 4896 ab
1245 4846 1483 4898 obsessis
1530 4846 1835 4901 hominibus
1878 4847 1997 4901 abi-

431 4942 643 4998 gentem
672 4943 833 5002 atque
858 4932 1128 5003 fugautem
1148 4970 1163 4995 ,
1193 4946 1259 4986 ex
1287 4934 1501 4987 nomine
1535 4933 1992 5001 compellantium.

431 5029 558 5081 Sive
588 5035 766 5080 autem
811 5025 931 5094 quis
977 5038 1038 5077 ea
1073 5023 1199 5078 velit
1236 5025 1493 5078 adversus
1535 5024 1843 5079 immundos
1887 5025 1999 5092 spi-

432 5117 564 5170 ritus
609 5126 866 5186 praestare
917 5117 1132 5187 pietatis
1166 5116 1485 5170 athletarum
1534 5119 1845 5185 exercitus,
1885 5120 1999 5172 sive

429 5207 686 5277 angelos,
741 5206 833 5277 qui
885 5208 952 5260 ad
1001 5206 1332 5274 eorum,qui
1386 5210 1570 5275 requie
1601 5206 1782 5261 donati
1836 5216 1994 5269 sunt.

430 5302 687 5353 honorem
747 5299 917 5353 sacris
965 5314 1151 5353 eorum
1195 5298 1431 5351 delubris
1495 5299 1799 5364 assideant,
1858 5298 1991 5353 nihil

430 5392 671 5444 interest.
702 5384 833 5440 Nam
865 5386 1122 5454 quidquid
1159 5386 1388 5447 dicatur,
1431 5386 1496 5438 ad
1530 5401 1714 5441 eorum
1760 5388 1985 5457 gloriam

425 5490 541 5544 est,
572 5480 663 5549 qui
694 5477 897 5533 Christi
926 5493 1087 5533 causa
1130 5487 1303 5533 morte
1345 5488 1469 5548 sunt
1509 5479 1766 5533 defuncti.
1818 5476 1991 5533 Porro

498 5591 545 5625 “
582 5591 749 5666 Exod.
782 5606 972 5666 xxix",
999 5591 1085 5666 l2,
1117 5592 1200 5646 13.
1277 5592 1322 5626 ⁸⁸
1365 5590 1427 5645 Ill
1459 5591 1589 5663 ειυς.
1625 5607 1708 5655 χι,
1744 5595 1827 5663 ll,
1865 5595 1953 5651 12.

2112 5597 2254 5653 Psal.
2294 5616 2454 5655 xxxvi
2481 5640 2496 5666 ,
2530 5602 2617 5656 ‘25.

426 5664 739 5735 πρεσϐείας,
777 5665 857 5719 vel
887 5664 1013 5734 quid
1044 5666 1237 5719 simite.

2108 4480 2323 4533 πάντων
2342 4479 2543 4550 θράσος
2566 4481 2768 4552 ἀρετὴν
2791 4481 3129 4551 νομίζοντας,
3151 4481 3249 4544 τὰς
3272 4481 3403 4550 γοῦν
3432 4481 3540 4535 τῶν
3564 4481 3680 4535 δαι-

2109 4572 2284 4641 μόνων
2328 4572 2637 4643 αἰδεσθῆναι
2684 4575 2887 4643 φωνάς,
2946 4574 3254 4646 κραζόντων
3294 4575 3389 4627 καὶ
3434 4573 3680 4644 βοώντων

2105 4660 2371 4733 λαμπρῶς
2418 4662 2529 4717 τῶν
2574 4665 2866 4736 μαρτύρων
2897 4665 2995 4737 τὴν
3030 4665 3278 4737 δύναμιν,
3318 4667 3412 4720 καὶ
3449 4666 3681 4736 ὀνόμασι

2105 4752 2413 4807 καλούντων
2458 4754 2707 4819 ἕκαστον,
2732 4755 2810 4819 ὡς
2848 4756 3194 4828 παρεστῶτα,
3231 4756 3326 4810 καὶ
3352 4756 3683 4810 ἀπελαύνον-

2104 4861 2192 4908 τα,
2230 4846 2322 4898 καὶ
2348 4846 2717 4916 φυγαδεύοντα
2746 4848 2855 4902 τῶν
2882 4848 3326 4920 τυραννουμένων
3352 4847 3678 4917 ἀνθρώπων.

2102 4936 2225 4989 Εἴτε
2267 4937 2325 4990 δὲ
2358 4938 2428 4991 τά
2467 4938 2783 5010 συστήματα
2815 4939 2925 4995 τῶν
2967 4939 3216 5012 ἀθλητῶν
3260 4940 3361 5010 τῆς
3393 4938 3682 5002 εὐσεϐείας

2102 5027 2277 5081 ἐθέλοι
2309 5045 2394 5092 τις
2415 5030 2657 5100 ἐνεργεῖν
2678 5031 2818 5086 κατὰ
2843 5033 2951 5086 τῶν
2972 5033 3292 5104 ἀκαθάρτων
3326 5032 3677 5100 πνευμάτων,

2101 5118 2211 5170 εἴτε
2265 5119 2531 5189 ἀγγέλους
2581 5124 2662 5185 είς
2698 5122 2860 5195 τιμὴν
2886 5123 2994 5175 τῶν
3023 5122 3491 5192 ἀναπεπαυμένων
3535 5141 3680 5194 παρ-

2103 5207 2418 5280 εδρεύοντας
2448 5215 2560 5276 τοῖς
2591 5214 2764 5282 ἁγίοις
2790 5218 2995 5287 σηκοῖς,
3030 5217 3180 5270 οὐδὲν
3198 5215 3459 5286 διαφέρει·
3486 5216 3678 5269 ὁπότε-

2106 5316 2196 5370 ρον
2228 5300 2334 5372 γὰρ
2363 5302 2430 5355 ἂν
2453 5303 2697 5374 λέγηται,
2726 5305 2851 5369 δόξα
2880 5306 2987 5359 τῶν
3023 5307 3163 5375 ὑπὲρ
3196 5306 3295 5376 τῆς
3333 5307 3412 5368 είς
3441 5306 3678 5375 Χριστὸν

2102 5392 2321 5465 ἀγάπης
2362 5396 2478 5449 ἐστὶ
2507 5396 2802 5451 παθόντων.
2834 5396 3103 5469 Πρόδηλον
3138 5398 3194 5450 δὲ
3237 5398 3515 5466 φαίνονται
3544 5402 3677 5448 καυ-

2103 5486 2315 5556 ημέραν
2342 5488 2398 5540 ai.
2431 5487 2537 5541 τῶν
2566 5490 2860 5562 μαρτύρων
2889 5490 3220 5561 εὐεργεσίαι,
3247 5489 3400 5543 ἄλλαι
3426 5506 3483 5542 τε
3517 5490 3676 5543 ἄλλαι

2716 5604 2765 5663 ,⁵⁷
2813 5603 2948 5673 Lege
2979 5602 3192 5679 ἱκετῶν.
3307 5605 3352 5636 ⁸⁸
3386 5604 3473 5656 ἵσ.
3510 5606 3675 5663 λε’π.
