4070 6142
389 227 491 284 τιδό

1643 223 1700 279 S.
1740 222 2016 282 ASTERII
2054 224 2353 284 AMASENI

3507 225 3616 281 336

387 344 503 396 foro
530 337 913 410 aliquantulum
940 353 1062 394 cum
1091 337 1232 393 netis
1260 336 1623 394 ambulassem
1644 379 1660 405 ,
1693 341 1839 397 illinc
1864 357 1943 398 me

2053 345 2172 414 ρᾶς,
2202 344 2408 398 ἐκεῖθεν
2441 344 2519 408 εἰς
2549 341 2609 397 re
2637 342 2728 397 τοῦ
2758 341 2892 399 Θεοῦ
2932 343 3124 414 τέμνος
3162 340 3436 411 ἀφικόμην
3463 338 3617 408 εὐξό-

385 426 437 486 in
468 430 558 485 Dei
593 428 848 499 templum
878 429 991 484 otio
1014 436 1267 484 oraturus
1284 428 1496 498 recepi.
1522 429 1655 485 Cum
1690 447 1818 487 vero
1846 437 1947 489 hoc

383 539 597 593 quoque
633 531 990 587 consecutus,
1022 536 1187 575 unam
1219 523 1505 589 quamdam
1538 538 1605 578 ex
1650 524 1948 592 porticibus

386 615 704 679 transirem,
735 612 842 667 vidi
873 613 924 667 in
949 626 1009 664 ea
1040 612 1304 682 picturam
1335 615 1616 680 quamdam
1643 653 1658 679 ,
1685 615 1837 686 cujus
1865 633 1950 672 me

383 706 589 774 Spei-ies
632 704 851 760 omnino
890 702 1048 773 cepit.
1100 701 1338 758 Dixisses
1370 703 1734 774 Euphranoris
1780 709 1949 762 artili-

384 802 523 852 cium
554 813 705 860 esse,
737 806 827 850 aut
857 811 1045 850 eorum
1076 794 1335 862 alicujus,
1369 796 1461 864 qui
1498 796 1623 852 olim
1656 797 1945 866 plurimum

383 890 664 957 dignitatis
694 890 914 959 picturae
941 886 1298 943 conciliarunt
1327 887 1476 955 (51),
1510 903 1615 941 non
1645 889 1804 943 aliter
1832 890 1948 958 pin-

385 991 601 1051 gentes,
630 993 790 1048 quam
822 977 864 1032 si
890 978 1041 1031 vivas
1075 977 1127 1030 in
1158 975 1357 1030 tabulis
1382 976 1582 1032 formas
1602 978 1944 1034 exhiberent.

382 1070 651 1129 Adesdum
699 1084 850 1138 vero,
892 1072 935 1126 si
986 1069 1174 1127 voles:
1216 1073 1413 1142 quippe
1459 1072 1617 1126 etiam
1665 1087 1807 1128 nunc
1852 1086 1949 1142 per

386 1168 596 1237 tempus
622 1181 879 1220 enarrare
911 1163 1040 1218 licet
1074 1181 1087 1219 :
1120 1179 1326 1235 egoque
1358 1164 1616 1233 picturam
1648 1179 1941 1236 exponam.

384 1247 565 1325 Neque
593 1256 736 1311 enim
768 1270 865 1309 nos
895 1270 1167 1310 musarum
1232 1254 1433 1310 alumni
1478 1253 1688 1324 pejores
1724 1257 1944 1326 pictori-

381 1350 479 1401 bus
509 1347 715 1401 colores
745 1346 1026 1400 habemus:

453 1438 618 1492 Sacra
654 1438 897 1506 quaedam
928 1434 1125 1490 femina
1155 1476 1170 1492 .
1206 1434 1522 1492 intemerata
1561 1439 1743 1509 virgo,
1786 1453 1941 1492 suam

380 1516 492 1588 Deo
555 1528 859 1582 castitatem
934 1527 1178 1583 dicavit:
1232 1526 1591 1596 Euphemiam
1648 1529 1941 1598 appellant.

2053 453 2212 505 μενος
2236 436 2294 488 ἐν
2317 435 2498 507 σχολῇ.
2534 436 2621 500 Ὠς
2651 434 2708 489 δέ
2740 436 2834 490 καὶ
2864 435 3053 489 τούτου
3082 432 3279 504 τυχὼν,
3305 432 3401 484 ἕνα
3420 430 3485 502 δὴ
3509 431 3623 486 τῶν

2050 527 2359 595 ὑποστέγων
2391 508 2605 598 δρόμων
2626 526 2891 592 ἐϐάδιζον,
2921 521 3058 580 εἶδον
3083 526 3200 578 ἐκεῖ
3225 523 3444 594 γραφήν
3471 538 3616 585 τινα,

2049 619 2141 673 καί
2172 637 2237 691 με
2271 619 2550 692 κατάκρας
2582 616 2723 673 εἷλεν
2752 621 2797 651 ⁶²
2828 620 2860 689 ή
2894 618 3010 672 θέα.
3055 616 3404 687 Εὐφράνορος
3447 614 3514 669 ἂν
3542 610 3619 668 εἷο

2048 728 2148 774 πες
2182 705 2320 765 εἶναι
2348 710 2408 763 τὸ
2435 709 2825 781 φιλοτέχνημα,
2858 710 2891 781 ἧ
2920 725 3063 771 τινος
3101 707 3325 760 ἐκείνων
3372 704 3480 757 τῶν
3515 721 3621 758 πα-

2046 802 2233 866 λαιῶν,
2266 802 2316 855 οἳ
2362 800 2462 874 τὴν
2511 801 2786 874 γραφικὴν
2825 796 2963 872 ἦραν
3007 800 3087 862 είς
3133 797 3292 869 μέγα,
3343 794 3621 866 ἐμψύχους

2046 892 2226 961 ὀλίγου
2273 891 2482 955 δέοντος
2529 892 2895 963 ἐργασάμενοι
2941 890 3195 951 πίνακας.
3253 885 3425 959 Δεῦρο
3465 886 3533 950 δ’,
3569 885 3620 938 ει

2049 984 2225 1055 βούλει
2259 984 2374 1053 (καὶ
2404 982 2509 1054 γ’ὰρ
2540 982 2703 1056 σχολὴ
2753 983 2847 1037 νῦν
2889 982 3267 1054 διηγήματος),
3305 981 3497 1053 φράσω
3536 996 3620 1034 σοι

2044 1075 2144 1149 τὴν
2172 1075 2408 1147 γραφήν.
2447 1076 2581 1129 Οὐδὲ
2627 1075 2736 1149 γὰρ
2770 1075 3074 1147 φαυλότερα
3110 1073 3327 1137 πάντως
3372 1073 3480 1126 τῶν
3511 1071 3621 1137 ζω-

2045 1171 2270 1243 γράφων
2323 1167 2557 1245 [παῖδες]
2606 1171 2655 1223 οἱ
2715 1167 2930 1239 μουσῶν
2965 1167 3167 1231 -παῖδες
3241 1166 3435 1238 ἔχομεν
3482 1166 3623 1238 φάρ-

2049 1276 2220 1331 μακα.

2114 1441 2254 1512 Γυνή
2288 1457 2370 1503 τις
2391 1438 2537 1510 ἱερά,
2558 1435 2825 1507 παρθένος
2850 1434 3148 1506 ἀκήρατος,
3163 1431 3282 1503 Θεῷ
3308 1432 3352 1464 ⁸³
3380 1430 3478 1504 τὴν
3510 1445 3619 1485 oo)-

2044 1531 2318 1603 φροσύνην
2344 1527 2746 1600 καθιερώσασαο
2802 1524 3087 1596 Εύφημίαν
3121 1522 3372 1579 καλοῦσιν
3424 1523 3616 1595 αὐτήν.

378 1604 512 1676 Cum
546 1629 723 1673 autem
766 1619 1090 1688 quandoque
1131 1628 1392 1688 tyrannus
1433 1622 1547 1690 pios
1589 1620 1834 1675 homines
1880 1636 1943 1676 ac

2044 1624 2317 1696 Τυράννου
2345 1620 2402 1675 δέ
2433 1636 2563 1673 ποτε
2605 1619 2730 1683 τοὺς
2762 1616 3117 1680 εύσεὸοὖντας
3145 1614 3478 1679 ἐλαύνοντος,
3508 1615 3616 1681 μά-

379 1713 718 1770 Christianos
765 1721 1201 1780 persequeretur,
1259 1711 1348 1765 illa
1402 1714 1692 1766 admodum
1749 1711 1943 1768 alacris

2043 1715 2112 1789 λα
2148 1712 2442 1787 προθύμως
2475 1710 2568 1765 τὸν
2596 1710 2690 1763 ἐπὶ
2718 1707 2932 1778 θανάτῳ
2956 1708 3129 1761 εἵλετο
3160 1706 3422 1762 κίνδυνον.
3451 1707 3514 1760 Oi
3556 1705 3616 1759 δὲ

379 1806 503 1860 vita:
528 1803 699 1858 aleam
732 1814 922 1873 sponte
954 1803 1104 1857 adiit.
1133 1802 1290 1859 Cives
1319 1813 1497 1857 autem
1519 1844 1535 1871 ,
1562 1805 1784 1874 ejusque
1811 1803 1943 1859 socii

2044 1807 2110 1879 δὴ
2159 1806 2372 1859 πολῖται
2434 1802 2528 1857 καὶ
2584 1801 2832 1855 κοινωνοὶ
2883 1799 2982 1871 τῆς
3022 1798 3336 1871 θρησκείας,
3380 1799 3520 1871 ὑπὲρ
3548 1794 3619 1870 ἧς

383 1894 687 1968 religionis,
723 1910 820 1965 pro
861 1909 965 1963 qua
1012 1910 1073 1949 ea
1123 1904 1349 1949 mortem
1392 1896 1560 1962 obiit,
1594 1910 1688 1950 ceu
1730 1896 1943 1950 fortitu-

2044 1895 2411 1967 ἐτελεύτησεν,
2441 1895 2516 1960 ὡς
2544 1892 2793 1964 ἀνδρείαν
2821 1891 2954 1963 ὁμοῦ
2988 1891 3080 1943 καὶ
3105 1889 3255 1962 ἱερὰν
3283 1892 3381 1961 τὴν
3412 1890 3617 1963 παρθέ-

380 1990 522 2044 dinis
580 2005 641 2044 ac
698 1987 1007 2043 snuctitatis
1056 1985 1225 2055 gloria
1283 1986 1543 2055 insignem
1598 1989 1942 2042 admirationi

2046 2006 2135 2045 νον
2163 1988 2560 2059 θαυμάσαντες,
2594 1986 2822 2055 πλησίον
2865 1982 2959 2036 τοῦ
2999 1981 3145 2054 ἱεροῦ
3176 1980 3279 2053 τὴν
3307 1982 3481 2053 θήκην
3511 1982 3619 2035 δει-

382 2079 670 2145 habentes,
708 2078 848 2132 hami
885 2078 1070 2147 procul
1102 2076 1298 2147 templo
1330 2078 1441 2149 (52)
1477 2079 1779 2147 sepulcrum
1813 2079 1943 2131 auli—

2052 2079 2304 2151 μάμενοι,
2335 2074 2696 2146 καταθέμενοί
2732 2091 2792 2127 τε
2825 2071 2922 2145 τὴν
2951 2072 3218 2143 λάρνακα,
3241 2072 3405 2143 τιμὰς
3432 2071 3618 2125 τελοῦ-

386 2173 606 2226 licantes
673 2187 735 2225 ac
802 2170 978 2240 posito
1040 2169 1248 2237 loculo,
1316 2170 1550 2224 honores
1602 2171 1650 2224 ei
1701 2170 1942 2240 publicos

380 2262 672 2322 adhibent,
706 2276 940 2313 annuum
985 2258 1101 2327 ejus
1148 2259 1460 2313 certaminis
1490 2260 1628 2314 diem
1650 2300 1666 2326 ,
1696 2275 1939 2315 commu-

384 2367 504 2406 nem
536 2366 599 2404 ac
631 2351 795 2405 totius
824 2349 1002 2419 populi
1047 2361 1311 2404 conventu
1348 2350 1522 2402 laetam
1564 2347 1821 2404 facientes
1847 2365 1937 2404 ce-

380 2439 702 2493 lebritatem.
733 2435 884 2492 Sacri
937 2438 1152 2508 quidem
1205 2451 1667 2492 sacramentorum
1718 2438 1807 2492 Dei
1855 2440 1940 2493 in-

376 2540 670 2601 terpretes,
716 2528 830 2600 jugi
885 2543 1133 2584 sermone
1165 2528 1489 2583 memoriam
1522 2529 1808 2596 honorant,
1854 2545 1946 2600 po-

374 2622 639 2693 pulosque
668 2623 1048 2677 convenientes
1069 2660 1084 2684 ,
1106 2630 1180 2676 tut
1230 2621 1316 2675 illa
1365 2622 1636 2691 patienti-ce
1666 2632 1941 2678 certamen

378 2714 861 2779 consummaverit,
926 2714 1071 2768 omni
1120 2712 1299 2768 studio
1357 2712 1687 2781 informant;
1754 2716 1849 2770 sed
1891 2726 1945 2770 et

384 2808 559 2876 pictor
590 2805 776 2875 pietati
811 2813 867 2860 et
900 2806 1017 2875 ipse
1052 2805 1309 2866 studens,
1358 2805 1490 2858 artis
1531 2819 1726 2873 Opera,
1773 2805 1942 2860 histo-

381 2897 515 2950 riam
550 2908 713 2952 totam
759 2897 812 2950 in
861 2896 1114 2959 sindone,
1151 2909 1312 2965 quam
1353 2893 1500 2949 licuit
1560 2896 1678 2950 viva
1725 2912 1944 2965 expres-

2051 2186 2135 2223 σιν
2175 2169 2336 2239 αὐτῇ,
2371 2167 2468 2239 τὴν
2507 2168 2723 2237 ἐτήσιον
2749 2166 2961 2237 ἑορτὴν,
2998 2162 3190 2235 καινὴν
3221 2163 3267 2196 ⁸⁸
3294 2164 3387 2217 καὶ
3416 2163 3621 2233 πάνδη-

2049 2277 2147 2332 μον
2175 2260 2452 2323 ποιοῦντες
2488 2260 2816 2329 πανήγυριν.
2851 2257 2915 2309 Ol
2962 2255 3059 2328 μὲν
3097 2251 3188 2308 οὖν
3220 2255 3327 2309 τῶν
3360 2255 3454 2311 τοῦ
3483 2254 3622 2308 Θεοῦ

2049 2350 2360 2422 μυστηρίων
2385 2348 2697 2420 ἱεροφάνται
2749 2346 2842 2400 καὶ
2869 2345 3012 2416 λόγῳ
3036 2345 3235 2415 τιμῶσι
3269 2344 3366 2416 τὴν
3400 2346 3622 2416 μνήμην

2047 2441 2154 2503 ἀεὶ,
2188 2440 2282 2493 καὶ
2312 2441 2461 2503 ὅπως
2490 2439 2768 2505 ἐξετέλεσε
2813 2437 2905 2491 τὸν
2943 2439 3042 2508 τῆς
3078 2438 3371 2508 καρτερίας
3410 2437 3617 2506 ἀγῶνα,

2047 2531 2319 2601 ἐπιμελῶς
2348 2529 2476 2593 τοὺς
2507 2531 2786 2591 συνιόντας
2817 2527 2979 2591 λαοὺς
3006 2528 3428 2582 ἐκδιδάσκουσιν.
3472 2527 3531 2581 '0
3561 2529 3620 2581 δὲ

2045 2625 2109 2695 δὴ
2141 2624 2429 2696 ζωγράφος
2454 2622 2692 2676 εὐσεϐῶν
2724 2621 2818 2676 καὶ
2847 2621 3032 2684 αὐτὸς,
3066 2619 3154 2674 διὰ
3173 2621 3272 2690 τῆς
3296 2621 3491 2692 τέχνης
3518 2639 3621 2675 κα·-

2044 2716 2113 2768 τὰ
2154 2715 2403 2787 δύναμιν,
2436 2716 2613 2768 πᾶσαν
2647 2714 2743 2786 τὴν
2767 2712 3007 2784 ἱστορίαν
3038 2714 3094 2764 ἐν
3125 2713 3319 2766 σινδόνι
3349 2713 3616 2785 χαράξας,

2046 2806 2207 2860 αὐτοῦ
2262 2824 2366 2860 που
2404 2806 2531 2878 περὶ
2575 2806 2674 2877 τὴν
2726 2805 2898 2877 θήκην
2949 2803 3090 2876 ἱερὸν
3134 2803 3368 2877 ἀνέθηκε
3417 2805 3616 2877 θέαμα.

2049 2900 2200 2970 Ἔχει
2222 2899 2277 2953 δὲ
2303 2892 2406 2953 ὧδε
2430 2898 2492 2952 τὸ
2516 2896 2903 2968 φιλοτέχνημαο

381 2989 531 3045 sione
575 2988 899 3058 designans,
950 2985 1146 3041 ibidem
1178 2984 1337 3056 juxta
1380 2986 1688 3057 sepulcrum
1735 3004 1944 3044 sacram
1986 2993 2053 3046 ad
2104 2992 2472 3063 Spectaculum
2512 2993 2763 3062 appendit
2803 2989 3076 3046 tabellam.
3112 2988 3205 3046 Sic
3246 3000 3424 3045 autem
3452 2989 3618 3045 habet

381 3082 514 3136 artis
557 3082 658 3135 hoc
687 3080 1002 3149 praeclarum
1031 3094 1164 3148 opus
1184 3094 1207 3134 τ

450 3170 614 3227 Sedet
648 3170 812 3240 judex
873 3169 1065 3222 throno
1113 3168 1376 3235 sublimis,
1436 3168 1629 3226 acerbo
1680 3185 1744 3227 ac
1800 3173 1936 3227 truci
1967 3178 2009 3235 C

380 3264 524 3317 vultu
560 3272 825 3317 comuens
887 3261 1168 3329 virginem.
1222 3261 1327 3316 Ars
1381 3263 1578 3332 quippe
1611 3262 1662 3318 in
1720 3264 1940 3319 inanimi

380 3369 592 3427 quoque
625 3353 847 3407 materia
879 3352 1152 3416 irascitur,
1209 3369 1330 3407 cum
1363 3353 1525 3410 lubet.
1557 3354 1724 3410 Porro
1749 3357 1943 3412 adsunt

382 3448 727 3518 magistratus
758 3443 1034 3510 satellites,
1071 3458 1134 3499 ac
1166 3444 1364 3500 milites
1395 3460 1500 3500 non
1526 3447 1714 3514 pauci:
1746 3448 1943 3516 acqui-

383 3539 503 3592 dem
583 3535 1096 3589 commentarienses
1155 3533 1361 3588 tabulas
1415 3534 1594 3590 ferunt
1635 3551 1701 3592 ac
1739 3541 1940 3608 stytos;

384 3638 610 3696 quorum
644 3626 779 3679 alter
811 3639 1027 3678 manum
1059 3639 1089 3679 e
1124 3639 1249 3679 cera
1275 3624 1533 3692 educens,
1557 3628 1769 3683 intense
1804 3629 1947 3699 aspi-

380 3718 456 3771 cit
477 3718 528 3769 in
561 3724 823 3769 astantem
847 3712 1051 3783 judicio
1100 3713 1386 3780 virginem,
1447 3725 1610 3770 totam
1661 3716 1947 3773 deﬂectens

374 3809 603 3870 faciem,
647 3817 897 3873 tanquam
923 3805 1108 3874 jubeat
1138 3805 1279 3875 loqui
1307 3805 1525 3871 clarius,
1554 3816 1700 3863 utne
1737 3808 1947 3865 difﬁcile

381 3899 627 3961 audiens,
650 3896 909 3951 mendosa
944 3897 1166 3962 scribat,
1206 3913 1270 3953 ac
1303 3899 1459 3966 digna
1504 3903 1941 3969 reprehensione.

376 3991 732 4046 Astatautem
770 3988 921 4058 virgo
972 3988 1113 4058 pulla
1178 4000 1350 4055 veste,
1401 4006 1465 4046 ac
1495 3992 1653 4063 pallio
1704 3995 1945 4063 philoso-

382 4076 867 4152 phiamprofessa;
902 4087 961 4132 ut
990 4079 1201 4148 quidem
1222 4081 1427 4149 putavit
1453 4086 1643 4151 pictor,
1675 4083 1787 4154 ipso
1808 4100 1943 4155 quo-

383 4186 490 4242 que
523 4169 671 4225 vultu
702 4170 910 4239 lepida;
940 4180 997 4225 ut
1033 4179 1212 4225 autem
1266 4172 1379 4241 ipse
1426 4162 1699 4241 existimo,
1732 4178 1945 4247 egregie

366 4272 574 4318 ornato
596 4263 889 4318 .virtutihus
919 4263 1120 4317 animo.
1154 4263 1363 4319 Ducunt
1413 4277 1593 4321 autem
1655 4270 1720 4322 ad
1756 4270 1945 4337 praesi-

380 4358 501 4410 dem
532 4357 636 4410 duo
669 4356 903 4419 milites;
929 4355 1067 4410 alter
1092 4356 1311 4425 quidem
1342 4368 1465 4413 ante
1518 4359 1775 4429 trahens;
1808 4361 1942 4416 alter

378 4462 508 4503 vero
539 4463 568 4501 a
601 4460 749 4518 tergo
782 4463 997 4518 urgens.
1044 4445 1214 4502 Porro
1250 4448 1472 4517 virginis
1501 4451 1714 4505 habitus
1740 4451 1943 4520 pudore

2121 3170 2354 3243 Ὑψηλδς
2382 3171 2474 3223 ἐπὶ
2518 3170 2707 3242 θρόνου
2737 3170 3057 3241 καθίδρυται
3093 3169 3373 3242 δικαστὴς,
3418 3169 3621 3243 πικρὸν

2044 3262 2140 3316 καὶ
2182 3260 2444 3332 δυσμενὲς
2481 3260 2687 3330 βλέπων
2735 3261 2815 3323 εἰς
2851 3260 2950 3331 τὴν
3018 3259 3282 3331 παρθένον
3323 3260 3619 3333 (ὀργίζεται

2043 3353 2173 3424 γὰρ,
2199 3352 2274 3405 ὅτ’
2308 3352 2374 3406 ἂν
2414 3351 2592 3424 ἐθέλῃ,
2624 3352 2724 3404 κάν
2750 3353 2870 3415 ταῖς
2901 3350 3127 3422 ἀψύχοις
3159 3349 3312 3416 ὕλαις
3341 3353 3373 3423 ή
3404 3352 3611 3426 τέχνη),

2043 3444 2338 3517 Δορυφόροι
2366 3442 2421 3495 δέ
2446 3443 2543 3511 τῆς
2576 3442 2747 3512 ἀρχῆς
2795 3440 2891 3493 κα)⁸
2938 3438 3265 3507 στρατιῶται
3301 3441 3501 3495 πολλοί·
3560 3443 3613 3495 oi

2048 3536 2166 3605 μὲν,
2200 3533 2309 3587 τῶν
2358 3532 2763 3603 ὑπομνημάτων
2817 3531 3227 3603 ύπογραφείσας
3277 3530 3493 3596 δέλτους
3524 3532 3617 3601 φέ-

2047 3641 2232 3697 ροντες
2286 3622 2381 3676 καὶ
2438 3622 2727 3695 γραφίδας·
2764 3615 2840 3676 ῶν
2880 3621 3106 3695 θάτερος
3142 3622 3455 3695 ἀναρτήσας
3509 3624 3618 3678 ἀπὺ

2043 3716 2136 3770 τοῦ
2181 3714 2353 3787 κηροῦ
2400 3714 2497 3786 τὴν
2545 3717 2720 3786 χεῖρα,
2767 3713 2951 3783 βλέπει
2982 3715 3117 3786 πρὸς
3153 3715 3251 3785 τὴν
3293 3715 3617 3786 κρινομένην

2046 3807 2308 3881 σφοδρῶς,
2344 3806 2462 3860 ὅλον
2488 3806 2740 3870 ἐκκλίνας
2765 3806 2827 3859 τὸ
2851 3806 3159 3877 πρόσωπον,
3184 3805 3372 3876 ὥσπερ
3403 3804 3615 3859 κελευόο

2045 3916 2202 3971 μενος
2234 3899 2370 3970 αύτῇ
2406 3897 2767 3967 γεγωνότερον
2795 3897 2994 3962 λαλεῖν,
3029 3898 3113 3950 ἵνα
3136 3897 3209 3969 μὴ
3237 3898 3458 3970 κάμνων
3488 3900 3615 3970 περὶ

2041 3990 2138 4062 τὴν
2169 3989 2356 4060 ἀκοὴν,
2388 3988 2699 4060 ἐσφαλμένα
2726 3989 2910 4061 γράφῃ
2938 3989 3032 4043 κα⁸ι
3064 3988 3386 4060 ἐπιλήψιμα.
3410 3990 3614 4062 Ἔστη-

2043 4100 2105 4137 κε
2135 4083 2192 4136 δὲ
2247 4082 2281 4153 ή
2337 4079 2602 4152 παρθένος
2634 4081 2690 4133 ἐν
2729 4081 2873 4151 φαιῷ
2904 4082 3111 4152 χιτῶνι,
3153 4082 3245 4135 καὶ
3277 4081 3474 4152 ἱματίῳ
3515 4082 3615 4152 τὴν

2042 4172 2354 4243 φιλοσοφίαν
2383 4171 2740 4241 σημαίνουσα·
2759 4171 2833 4234 ὡς
2861 4172 2959 4243 μὲν
2998 4172 3145 4239 ἔδοξε
3179 4170 3254 4243 τῷ
3274 4175 3494 4241 γραφεῖ,
3521 4172 3617 4225 καὶ

2040 4265 2138 4336 τὴν
2159 4264 2280 4334 δᾷιν
2308 4263 2515 4316 ἀστεία·
2558 4262 2633 4327 ὡς
2657 4263 2713 4316 δέ
2756 4264 2880 4334 ἐμοὶ
2905 4264 3070 4331 δοκεῖ,
3100 4264 3197 4336 τὴν
3222 4265 3399 4336 ψυχὴν
3420 4265 3617 4320 κεκαλ-

2042 4355 2357 4426 λωπισμένη
2387 4357 2505 4419 ταῖς
2528 4357 2767 4427 ἀρεταῖς.
2812 4356 3040 4423 Ἀγουσι
3064 4355 3120 4409 δέ
3161 4356 3331 4429 αὐτὴν
3361 4358 3495 4430 πρὸς
3521 4358 3613 4411 τὸν

2044 4449 2282 4520 ᾶρχοντα
2310 4446 2403 4500 δύο
2442 4446 2787 4518 στρατιῶται,
2820 4448 2848 4500 ὁ
2876 4447 2975 4518 μὲν
2995 4447 3168 4501 ἕλκων
3199 4450 3292 4503 ἐπὶ
3324 4448 3387 4503 τὸ
3405 4449 3611 4521 πρόσω,

380 4552 444 4593 ac
470 4540 773 4594 constantia
837 4539 1031 4592 tnistus
1083 4539 1273 4619 enitet.
1324 4539 1549 4593 Inclinat
1612 4541 1846 4609 quidem,
1878 4556 1939 4595 ac

2043 4540 2068 4591 ὁ
2095 4538 2152 4590 δέ
2180 4536 2407 4590 κατόπιν
2440 4538 2692 4605 ἐπείγων.
2743 4537 3094 4609 Κεκραμένον
3130 4539 3225 4608 τῆς
3254 4539 3520 4611 παρθένου
3551 4538 3615 4592 τὸ

377 4641 574 4680 cernua
627 4625 812 4681 oculos
874 4625 1108 4681 demittit
1165 4635 1416 4696 tanquam
1472 4632 1708 4685 virorqu
1742 4631 1937 4685 erube-

443 4736 584 4819 ⁸’.5ἴ
617 4732 843 4819 βίρεριι.
875 4733 1038 4819 εἶχεν.
1065 4808 1076 4819 _
1099 4738 1161 4819 "f
1198 4738 1255 4796 S.
1289 4741 1508 4813 Niceph.
1540 4746 1818 4819 ἀκήρατον
1849 4746 1987 4819 Θεῷ.

372 4807 514 4875 quod
540 4817 592 4861 et
617 4805 674 4860 S.
708 4805 958 4876 Niceph."
991 4808 1171 4862 habet.

442 4919 554 4986 (51)
585 4918 697 4988 Qui
732 4919 853 4988 olim
882 4919 1162 4988 plurimum
1193 4920 1466 4987 dignitatis
1504 4921 1721 4985 pictura:
1758 4921 1934 4975 conci-

370 4989 590 5051 liorum,
619 4986 686 5042 Οἳ
708 4986 822 5055 τὴν
847 4986 1144 5057 γραφικὴν
1170 4986 1429 5055 ἦραν-εις
1448 4988 1602 5059 μέγα
1654 4988 1745 5043 Sic
1771 4992 1931 5044 etiam

372 5060 505 5129 aliter
541 5059 731 5129 interp.
770 5059 901 5129 Male
937 5067 1112 5111 autem
1141 5060 1475 5121 AttaStastus,
1511 5062 1693 5128 legens
1718 5060 1926 5129 Ἥραν,

364 5127 459 5195 qui
484 5128 823 5192 sculptibilem
846 5127 1127 5191 Junonem,
1150 5140 1276 5192 etc.,
1305 5130 1433 5179 nihil
1468 5143 1614 5183 certe
1645 5127 1929 5184 barbarum

370 5199 544 5264 inagis
601 5214 662 5251 ac
706 5199 957 5262 ineptum.
1011 5199 1147 5263 Quid
1197 5202 1337 5251 enim
1381 5198 1473 5252 hic
1521 5200 1587 5251 ad
1622 5197 1931 5252 Juuonent?

368 5261 575 5336 Quidve
612 5261 921 5333 sculpti’bilis
980 5261 1120 5321 Juno
1172 5269 1227 5321 in
1278 5268 1688 5336 magnitudinem
1737 5279 1928 5331 erecta,

367 5345 476 5389 etc.
504 5334 675 5401 Quam
700 5348 842 5391 esset
861 5353 974 5391 ere
1001 5338 1326 5408 Christiana,
1360 5334 1417 5408 ut
1439 5338 1724 5408 puriSsima
1747 5339 1933 5395 Graece

368 5413 551 5460 vetera
589 5409 836 5470 concilia,
872 5408 1060 5461 tierent
1084 5420 1138 5462 et
1168 5406 1393 5460 Latine?

439 5474 551 5546 (52)
588 5474 753 5539 ﬂaua
795 5478 974 5541 procul
1024 5477 1232 5544 templo,
1284 5477 1551 5543 πλησίον
1595 5476 1700 5531 τοῦ
1745 5476 1926 5544 ἱεροῦ.

372 5541 592 5617 Videtur
620 5546 936 5602 Anastasius
984 5541 1173 5615 legisSe
1219 5541 1483 5617 Ξερατείου
1509 5566 1521 5577 ·
1553 5563 1673 5617 cum
1704 5548 1773 5600 ita
1793 5541 1930 5617 ired-

371 5615 496 5671 dit‘.
524 5615 690 5671 Juxta
730 5614 1210 5672 racrariumitlteca
1254 5614 1574 5672 constructa.
1622 5614 1745 5671 Fuit
1786 5616 1928 5671 forte

2043 4622 2173 4698 ἦθος
2198 4626 2334 4680 αἰδοῖ
2386 4625 2480 4679 καὶ
2537 4625 2873 4699 στερρότητι.
2908 4626 3074 4680 Νεύει
3105 4628 3202 4700 μὲν
3234 4630 3343 4701 γὰρ
3376 4630 3453 4694 είς
3484 4628 3611 4700 γῆν,

2063 4745 2113 4778 ⁸⁵
2147 4745 2236 4801 Sic
2265 4761 2478 4816 quoque
2537 4756 2690 4801 vetus
2757 4744 3065 4813 interpres;
3133 4756 3354 4816 praestat
3384 4747 3606 4818 κοινήν,

2039 4920 2342 4996 sepulcrum
2388 4921 2494 4996 hoc
2547 4923 2606 4975 ἐν
2646 4923 2723 4994 τῷ
2756 4925 2994 4996 προνάῳ,
3024 4940 3114 4996 iac
3163 4927 3607 4996 nartheceAAlla-

2035 4992 2200 5056 tiano,
2230 4991 2312 5071 vel
2330 4994 2488 5071 etiam
2515 5003 2667 5071 extra
2689 4991 2907 5071 ontiiino
2923 4991 3231 5071 ecclesiam,
3250 4999 3394 5071 quod
3416 4994 3605 5071 Graeca

2033 5072 2244 5134 sonant,
2275 5063 2414 5115 haud
2447 5073 2621 5116 tamen
2656 5063 2817 5133 longe
2839 5067 2908 5119 ab
2934 5066 3041 5128 illa,
3078 5065 3219 5118 velut
3250 5063 3297 5119 in
3335 5069 3598 5134 peculiari

2033 5131 2249 5205 sacello,
2291 5146 2354 5205 ac
2405 5138 2682 5205 martyrio,
2722 5131 2862 5201 quod
2907 5145 3119 5189 vocant.
3178 5131 3347 5189 Alter'
3373 5137 3604 5205 interpr.

2031 5201 2250 5255 Omittit.
2284 5198 2434 5266 Quod
2466 5198 2675 5254 thecam
2695 5198 3032 5269 Anastasius,
3059 5220 3122 5260 ac
3149 5220 3330 5259 vocem
3357 5198 3605 5261 Graecam

2034 5271 2304 5344 retineat,‘
2339 5285 2435 5344 nec
2469 5270 2793 5344 Latina_ulla
2827 5274 3080 5339 explicet,
3126 5289 3223 5328 suo
3255 5290 3405 5329 more
3451 5278 3602 5344 facit,

2029 5354 2135 5406 quo
2169 5337 2538 5410 βαρϐαρίζειν,
2561 5356 2623 5394 ac
2651 5340 2839 5396 Latine
2864 5337 3102 5398 Graecari
3138 5345 3421 5398 reddendis
3450 5337 3606 5399 Grut;

2028 5411 2107 5463 cis
2143 5420 2310 5483 amat,
2343 5414 2415 5483 uti
2464 5412 2713 5483 maxime
2741 5415 2792 5465 in
2848 5412 3175 5483 Theophane
3214 5424 3379 5483 patet.
3441 5415 3605 5472 Nobis

2026 5489 2110 5530 est
2149 5478 2495 5554 conditorium
2519 5495 2539 5554 ς
2564 5480 2874 5554 sepulcrum
2928 5478 3190 5553 auiplttnt,
3214 5478 3402 5554 'lapide
3447 5496 3601 5541 Stru-

2028 5560 2195 5611 ctum,
2229 5547 2459 5619 inquor’;
2490 5547 2643 5623 κλίνη
2677 5551 2900 5607 loc-ator.
