4090 6146
400 445 509 502 337

1327 440 1614 498 BOMILIA
1658 440 1774 499 XII.
1827 441 1893 503 ΙΝ
1946 439 2228 498 LAUDEM
2276 441 2333 497 S.
2378 438 2735 496 STEPHANI.

3537 439 3651 498 33$

402 560 597 631 ὥσπερ
618 558 929 632 ἐρυθριῶσα
955 557 1054 622 τὰς
1076 557 1229 629 liti/etc
1262 558 1370 612 τῶν
1404 560 1670 631 ἀρρένων·
1700 559 1898 639 ἕστηκε
1926 558 1981 611 δὲ

2097 574 2239 615 treus
2268 560 2526 627 obtutus;
2560 567 2670 613 stat
2702 571 2830 612 vero
2858 556 3240 626 imperterrita,
3272 555 3407 611 nillil
3435 555 3490 610 iu
3513 570 3633 611 cer-

401 650 850 722 ἀκατάπληκτος,
881 649 1033 703 οὐδὲν
1063 650 1345 720 πάσχουσα
1378 651 1516 723 πρὸς
1549 651 1639 705 τὸν
1666 650 1853 720 ἀγῶνα
1878 650 1983 703 δει-

403 739 497 792 λόν
530 738 599 770 ⁶³’
629 736 705 801 ὡς
748 736 926 805 ἔγωγε
970 737 1097 801 τοὺς
1124 737 1315 802 ἄλλους
1341 737 1478 803 τέως
1511 740 1742 811 ἐπῄνουν
1769 736 1984 808 ζωγρά-

405 847 560 898 φους,
594 828 672 883 ὅτ’
728 828 796 882 ἂν
844 828 1154 899 ἐθεασάμην
1201 833 1300 901 τῆς
1330 830 1589 898 γυναικὸς
1617 829 1830 900 ἐκείνης
1883 828 1984 899 τῆς

407 919 665 989 Κολχίδος
690 919 753 972 τὸ
779 918 981 990 δρᾶμα,
1015 921 1164 984 ὅπως
1195 921 1461 991 μέλλουσα
1486 921 1599 984 τοῖς
1626 920 1835 983 τέκνοις
1861 922 1984 974 ἐπι-

410 1010 596 1081 φέρειν
643 1009 706 1063 τὸ
754 1009 928 1078 ξίφος,
974 1009 1109 1082 ἐλέῳ
1159 1010 1253 1066 καὶ
1294 1009 1451 1082 θυμῷ
1487 1010 1697 1083 μερίζει
1726 1011 1787 1065 τὸ
1815 1012 1984 1085 πρόσο

409 1120 577 1166 ωπον,
622 1102 719 1156 καὶ
766 1102 994 1174 θάτερος
1042 1104 1139 1173 μὲν
1188 1103 1297 1158 τῶν
1328 1103 1621 1175 ὀφθαλμῶν
1660 1105 1760 1176 τὴν
1815 1105 1986 1178 ὀργὴν

411 1193 718 1263 ἐμφανίζει,
743 1192 969 1266 θάτερος
991 1193 1167 1265 δὲτὴν
1190 1193 1400 1266 μητέρα
1431 1180 1642 1267 μηνύεἱ,
1666 1195 1985 1268 φειδομένην

409 1285 504 1337 καὶ
553 1283 902 1355 φρίττουσαν·
938 1283 1033 1338 νῦν
1070 1284 1126 1339 δὲ
1151 1284 1211 1338 τὸ
1244 1284 1449 1356 θαῦμα,
1484 1286 1578 1340 ἀπ’
1618 1287 1834 1358 ἐκείνης
1888 1288 1987 1358 τῆς

409 1373 619 1436 ἐννοίας
672 1372 807 1444 πρὸς
841 1371 1042 1443 ταύτην
1078 1373 1431 1444 μετατέθεικα
1463 1376 1561 1446 τὴν
1591 1377 1829 1447 γραφήν.
1877 1378 1987 1431 Καὶ

412 1462 618 1533 σφόδρα
646 1478 708 1531 γε
756 1462 964 1532 ἄγαμαι
992 1460 1089 1514 τοῦ
1136 1463 1398 1532 τεχνίτου,
1432 1464 1512 1516 ὅτι
1559 1462 1754 1533 μᾶλλον
1805 1463 1988 1534 ἔμιξεν

409 1555 518 1609 τῶν
545 1555 874 1625 χρωμάτων,
912 1554 973 1608 τὸ
1013 1550 1164 1626 ἦθος,
1194 1553 1329 1609 αίδώ
1351 1572 1411 1607 τε
1442 1555 1575 1626 όμοῦ
1607 1555 1701 1610 καὶ
1737 1555 1987 1629 ἀνδρείαν

414 1646 679 1716 κεράσας,
714 1645 862 1716 πάθη
880 1645 1019 1700 κατὰ
1038 1643 1197 1714 φύσιν
1228 1645 1531 1716 μαχόμενα.

484 1735 887 1805 Προϐαινούσης
950 1735 1006 1789 δέ
1059 1737 1139 1799 είς
1183 1735 1245 1788 τὸ
1284 1739 1471 1806 πρόσω
1528 1735 1629 1807 τῆς
1680 1737 1983 1807 μιμήσεως,

413 1825 764 1895 δήμιοίιτινες
788 1827 846 1879 ἐν
862 1826 1202 1896 χιτωνίσκοις
1236 1826 1451 1897 γυμνοὶ,
1473 1826 1574 1896 ἢδη
1603 1825 1809 1897 εἴχοντο
1833 1826 1877 1857 ⁸⁸
1893 1825 1986 1887 τοῦ

416 1916 595 1988 ἔργουο
622 1919 716 1971 καὶ
753 1920 781 1971 ὁ
804 1917 905 1989 μὲν
938 1917 1271 1990 δραξάμενος
1315 1917 1415 1988 τῆς
1445 1918 1706 1989 κεφαλῆς,
1737 1917 1833 1971 καὶ
1857 1916 1988 1970 ἀνα-

415 2009 598 2074 κλίνας
622 2011 701 2072 είς
724 2009 785 2063 τὸ
829 2009 1080 2072 κατόπιν,
1134 2012 1366 2082 παρεῖχε
1403 2010 1481 2081 τῷ
1522 2010 1695 2082 ἐτέρῳ
1733 2009 1991 2080 εὐτρεπὲς

413 2102 495 2165 είς
528 2101 799 2173 τιμωρίαν
828 2104 927 2172 τῆς
960 2100 1228 2173 παρθένου
1260 2101 1322 2154 τὸ
1337 2102 1646 2173 πρόσωπον*
1677 2104 1706 2154 ὁ
1736 2100 1790 2153 δέ
1816 2117 1992 2172 παρα-

417 2188 542 2252 στάς
605 2188 866 2254 ἐξέκοπτε
916 2189 1025 2242 τῶν
1095 2190 1343 2244 ὀδόντων.
1382 2187 1570 2260 Σφῦρα
1615 2189 1674 2243 δέ
1721 2188 1815 2243 καὶ
1840 2189 1993 2260 τέρε-

414 2297 541 2352 τρον
570 2281 820 2349 φαίνεται
861 2281 961 2352 τῆς
991 2280 1260 2353 τιμωρίας
1288 2279 1358 2334 τὰ
1396 2279 1619 2352 ὄργανα.
1656 2279 1886 2349 Δακρύω
1934 2277 1991 2332 δέ

416 2369 476 2422 τὸ
501 2368 771 2434 ἐντεῦθεν,
816 2369 912 2424 καί
945 2388 1033 2441 μοι
1070 2369 1132 2423 τὸ
1170 2369 1338 2433 πάθος
1392 2368 1677 2422 ἐπικόπτει
1712 2368 1989 2437 τὸνλόγον.

417 2456 529 2521 Τὰς
557 2458 665 2536 γὰρ
697 2457 791 2512 τοῦ⁹
820 2459 1049 2529 αἵματος
1077 2458 1340 2526 σταγόνας
1382 2455 1555 2520 οὕτως
1607 2456 1854 2528 ἐναργῶς
1882 2458 1985 2510 ἐπ-

418 2544 658 2615 έχρωσεν
688 2545 716 2598 ό
736 2545 982 2616 γραφεὺς
1010 2546 1076 2611 ⁸⁷,
1098 2545 1237 2599 ὥστε
1258 2545 1432 2608 εἴποις
1457 2545 1523 2598 ἂν
1552 2545 1868 2616 προχεῖσθαι
1886 2544 1995 2601 τῶν

417 2633 638 2703 χειλέων
666 2632 901 2705 άληθῶς,
953 2634 1047 2687 καὶ
1082 2633 1356 2707 θρηνήσας
1386 2634 1664 2700 ἀπέλθοις.
1703 2637 1995 2709 Δεσμωτή-

416 2739 531 2795 ριον
555 2724 695 2795 μετὰ
720 2724 916 2788 ταῦτα,
939 2726 1033 2778 καὶ
1055 2724 1217 2778 πάλιν
1247 2726 1287 2797 ἡ
1315 2724 1582 2795 παρθένος
1616 2726 1787 2797 σεμνὴ
1812 2728 1995 2791 ἐντοῖς

416 2818 595 2884 φαιοζς
652 2815 889 2887 ἱματίοις
934 2814 1169 2886 κάθηται
1208 2816 1364 2886 μόνη,
1402 2815 1717 2870 ἐκτείνουσα
1741 2816 1817 2870 τὼ
1851 2820 1997 2889 χεῖρε

417 2907 553 2977 πρὸς
577 2905 825 2977 οὐρανὸν,
856 2906 948 2959 καὶ
979 2905 1216 2959 καλοῦσα
1255 2905 1387 2959 Θεὸν
1434 2906 1727 2976 ἐπίκουρον
1750 2905 1858 2958 τῶν
1886 2906 1995 2959 δει-

416 2993 545 3048 νῶν.
580 2993 867 3067 Εὐχομένῃ
912 2993 969 3047 δέ
1026 2992 1195 3065 ταύτῃ
1229 2993 1275 3025 ⁸⁸
1300 2993 1548 3064 φαίνεται
1586 2994 1726 3066 ὑπὲρ
1756 2995 1998 3067 κεφαλῆς

416 3088 479 3140 τὸ
534 3089 779 3157 σημεῖον,
828 3085 857 3138 ὃ
908 3086 971 3157 δή
1011 3088 1357 3158 Χριπιανοῖς
1399 3085 1818 3157 προσκυνεῖσθαι
1862 3089 1906 3121 ⁸⁸
1939 3105 1998 3141 τε

417 3176 630 3245 πέφυκε
663 3177 755 3230 καὶ
799 3176 1219 3248 ἐπιγράφεσθαι,
1253 3177 1541 3248 σύμϐολον,
1575 3175 1751 3249 οἴμαι,
1781 3177 1873 3232 τοῦ
1896 3179 2000 3232 πά-

417 3268 563 3333 θους,
598 3269 735 3340 ὅπερ
783 3267 951 3339 αὐτὴν
1006 3265 1299 3339 ἐξεδέχετο.
1353 3267 1530 3332 Εὐθὺς
1562 3268 1691 3337 γοῦν
1739 3272 1832 3325 καὶ
1879 3272 1995 3341 μετ’

416 3359 615 3428 ὀλίγον.
670 3357 779 3430 πῦρ
812 3358 1043 3430 ἅλλαχοῦ
1104 3358 1331 3429 σφοδρὸν
1378 3361 1407 3412 ὁ
1445 3359 1731 3430 ζωγράφος
1770 3360 1993 3431 ἀνῆψεν,

418 3449 635 3522 ἐρυθρῷ
695 3448 970 3521 χρώματι,
1021 3448 1172 3503 ἐνθεν
1222 3450 1318 3502 καὶ
1372 3448 1523 3503 ἐνθεν
1580 3450 1995 3522 ἐπιλαμφθέντι,

422 3542 878 3613 σωματοποιήσας
904 3541 1004 3612 τὴν
1033 3540 1223 3609 φλόγα.
1266 3540 1478 3611 Ἴστησι
1516 3540 1573 3593 δὲ
1606 3541 1776 3613 μέσην
1805 3541 1995 3613 αὐτὴν,

417 3633 519 3695 τὰς
551 3632 652 3702 μὲν
693 3634 882 3704 χεῖρας
931 3634 1065 3704 πρὸς
1117 3631 1344 3704 οὐρανὸν
1390 3631 1789 3695 διαπλώσασαν,
1830 3632 1998 3705 ἀχθη-

419 3724 547 3779 δόνα
579 3726 624 3778 δ’
679 3725 936 3796 οὐδεμίαν
992 3724 1356 3798 ἐπιφέρουσαν
1385 3724 1463 3796 τῷ
1510 3724 1807 3796 προσιίινιιῳ⁸
1871 3725 2006 3781 ἀλλὰ

420 3817 729 3870 τούναντίον
784 3815 1099 3888 γεγηθυῖαν,
1142 3817 1224 3870 ὅτι
1275 3816 1411 3888 πρὸς
1440 3816 1539 3886 τὴν
1581 3815 1870 3886 ἀσώματον
1911 3818 2007 3871 καὶ

427 3906 705 3976 μακαρίαν
743 3904 992 3976 ἐξεδήμει
1026 3903 1192 3975 ζωήν.
1230 3905 1411 3975 Μέχρι
1445 3904 1637 3959 τούτου
1686 3906 1780 3960 καὶ
1820 3907 1849 3959 ὁ
1897 3908 2004 3972 ζω-

423 3996 636 4066 γράφος
670 3995 863 4065 ἔστησε
884 3994 982 4066 τὴν
1015 3997 1194 4066 χεῖρα.
1233 3993 1389 4064 κάγὼ
1429 3997 1521 4049 τὸν
1547 3996 1726 4064 λόγον..
1768 3997 1910 4069 Ὦρα
1946 3998 2004 4052 δέ

2088 653 2287 706 tamine
2349 652 2593 705 timidum
2643 649 2867 720 patiens.
2930 649 3289 716 Quamobrem
3342 662 3464 703 cum
3512 646 3655 701 alios

2088 742 2348 796 hactenus
2376 742 2630 810 pictores,
2664 739 2926 795 Colchicis
2953 740 3094 793 illius
3132 740 3372 794 mulieris
3413 737 3644 794 fabulam

2087 832 2386 895 contuitus,
2422 831 2720 893 laudarem,
2744 838 2801 884 ut
2830 829 3061 901 gladium
3087 830 3210 885 filiis
3232 833 3507 894 adactura,
3547 829 3646 883 mi-

2088 921 2382 976 sericordia
2408 936 2473 974 ac
2501 921 2579 975 ira
2607 920 2873 975 divideret
2914 919 3108 976 faciem
3131 937 3147 986 ;
3185 935 3248 975 ac
3273 920 3407 976 alter
3433 920 3646 989 quidem

2089 1014 2276 1070 oculus
2304 1013 2438 1066 iram
2473 1014 2814 1081 ostenderet,
2843 1012 2979 1066 alter
2998 1019 3222 1067 matrem
3251 1020 3558 1091 parcentem
3586 1025 3650 1064 ac

2088 1103 2298 1160 facinus
2353 1104 2687 1170 horrentem,
2747 1104 3052 1175 designaret
3081 1122 3096 1160 :
3132 1117 3273 1158 nunc
3299 1102 3455 1172 plane
3496 1101 3559 1157 ab
3586 1115 3650 1154 ea

2089 1196 2439 1266 cngitatione,
2476 1196 2541 1249 ad
2576 1196 2715 1250 hanc
2749 1195 3037 1264 picturam,
3082 1195 3493 1250 admirationem
3517 1207 3651 1248 eon-

2089 1287 2261 1341 verti:
2306 1286 2608 1354 mirumque
2638 1287 2691 1340 in
2748 1285 2965 1341 modum
3030 1283 3270 1354 opificem
3306 1281 3561 1345 admiror,
3595 1288 3658 1334 ut

2092 1376 2399 1431 accuratius
2425 1391 2602 1432 mores
2634 1391 2795 1446 quam
2850 1379 3063 1433 colores
3121 1376 3370 1443 miscens,
3397 1374 3663 1445 pudorem

2091 1464 2249 1519 simul
2276 1480 2338 1518 ac
2368 1465 2758 1531 fortitudinem,
2789 1466 3103 1523 affectiones
3155 1468 3339 1538 utique
3367 1480 3463 1537 per
3492 1472 3655 1519 natu-

2095 1569 2208 1608 ram
2243 1557 2577 1621 contrarias,
2603 1556 2859 1629 praclare
2898 1555 3231 1626 temperarit.

2169 1724 2407 1782 Ulterius
2444 1737 2621 1783 autem
2657 1727 2978 1798 procedente
3017 1728 3335 1791 imitatione,
3376 1722 3667 1779 carnifices
3740 1757 3744 1760 ρ

2096 1819 2310 1888 quidam
2339 1820 2390 1873 iu
2428 1820 2632 1876 levibus
2679 1821 2804 1875 nudi
2863 1821 3081 1888 tunicis,
3120 1819 3266 1889 operi
3305 1819 3412 1887 iam
3439 1817 3664 1871 insiste-

2024 1899 2062 1952 Β
2095 1909 2256 1974 bant;
2293 1923 2356 1963 ac
2382 1909 2520 1964 alter
2550 1910 2764 1980 quidem
2795 1913 3202 1981 apprehendens
3256 1922 3439 1979 caput,
3471 1923 3534 1963 ac
3573 1922 3674 1962 rea

2094 2008 2175 2052 tro
2209 1997 2512 2065 inflectens,
2537 1999 2694 2054 alteri
2717 2016 2778 2055 os
2815 2001 3036 2072 virginis
3061 2000 3327 2071 praebebat
3349 1999 3655 2070 expeditum

2093 2087 2157 2140 ad
2188 2104 2439 2158 poenam;
2468 2090 2603 2145 alter
2629 2102 2807 2146 autem
2841 2103 3045 2158 astans,
3099 2091 3290 2147 dentes
3333 2090 3655 2146 excutiebat.

2091 2179 2263 2236 Porro
2290 2181 2534 2251 supplicii
2560 2196 2785 2252 organa,
2820 2182 3044 2237 malleus
3077 2183 3349 2248 videntur,
3404 2190 3459 2235 et
3512 2188 3657 2236 tere-

2092 2271 2209 2326 bra.
2247 2271 2513 2327 Caeterum
2544 2274 2783 2327 resolvor
2831 2273 3087 2339 deinceps
3141 2274 3194 2327 in
3242 2273 3529 2344 lacrymas,
3560 2272 3661 2326 mi.-

2095 2361 2257 2432 ltique
2285 2359 2496 2416 affectio
2520 2362 2798 2417 intercidit
2829 2378 3156 2420 sermonem.
3215 2362 3307 2419 Sic
3351 2363 3494 2417 enim
3539 2377 3662 2431 per-

2093 2453 2279 2521 spicue
2319 2462 2502 2523 guttas
2529 2455 3084 2525 sanguinisappinxit
3119 2456 3426 2526 peuicillus,
3449 2465 3505 2508 ut
3533 2469 3659 2509 vere

2094 2545 2241 2599 dicas
2275 2560 2304 2598 a
2336 2544 2492 2599 labiis
2514 2544 2700 2610 fluere,
2732 2560 2796 2600 ac
2835 2546 3137 2601 lamentans
3169 2547 3437 2601 discedas.
3465 2546 3671 2599 lterum

2096 2650 2302 2701 carcer,
2336 2640 2532 2691 iterum
2566 2646 2714 2692 easta
2750 2637 2901 2707 virgo
2937 2637 2990 2691 in
3020 2636 3177 2707 pullis
3213 2637 3447 2692 vestibus
3468 2636 3665 2692 sedens

2096 2726 2227 2792 sola,
2260 2742 2453 2782 manus
2485 2728 2671 2782 ambas
2699 2728 2939 2782 extendit
2963 2727 3015 2781 in
3040 2726 3259 2794 emlum,
3304 2728 3577 2796 Deumque
3604 2726 3659 2780 in

2097 2817 2254 2871 malis
2284 2818 2584 2888 adjutorem
2616 2820 2850 2875 invocat.
2882 2818 3053 2874 Porro
3096 2820 3273 2874 oranti
3318 2821 3391 2875 illi
3418 2830 3669 2891 apparet,

2098 2922 2259 2977 super
2287 2908 2403 2975 ejus
2428 2918 2609 2978 caput,
2635 2910 2845 2979 signum
2877 2907 3005 2964 illud
3038 2910 3178 2979 quod
3213 2909 3506 2966 Cbrisﬁani
3567 2908 3669 2963 ad-

2099 3013 2256 3053 orare
2287 3015 2351 3055 ac
2378 3000 2668 3070 appingere
2698 3000 2937 3056 solemne
2994 3001 3216 3064 habent,
3240 3012 3476 3073 pntoque
3504 3015 3670 3072 appe»

2102 3090 2262 3145 tentis
2290 3091 2556 3160 passionis
2584 3092 2907 3161 symbolum.
2943 3091 3062 3147 Mos
3099 3107 3229 3162 ergo
3278 3108 3344 3148 ac
3395 3104 3515 3162 post
3547 3106 3665 3146 mo-

2102 3182 2303 3246 dicum,
2355 3182 2529 3252 ignem
2590 3181 2822 3235 validum
2883 3182 3000 3236 loco
3054 3183 3159 3235 alio
3190 3184 3435 3237 accendit
3471 3185 3667 3252 pictor,

2103 3274 2227 3327 hinc
2257 3272 2382 3327 inde
2421 3273 2677 3327 rutilanti'
2723 3273 2933 3327 rubrica
2988 3275 3328 3329 condensans
3370 3274 3664 3329 flammam.

2104 3365 2304 3420 Statuit
2350 3380 2475 3418 vero
2540 3364 2800 3434 virginem
2843 3364 3092 3430 mediam,
3151 3365 3403 3433 expansis
3449 3365 3670 3434 quidem

2103 3456 2351 3511 manibus
2381 3456 2435 3510 in
2461 3456 2679 3522 cmlum,
2713 3448 2913 3511 nullam
2968 3468 3157 3510 tamen.
3182 3455 3332 3510 vultu
3377 3455 3672 3526 praeferen-

2044 3599 2055 3609 ,
2104 3552 2211 3598 tem
2243 3545 2544 3610 tristitiam,
2569 3545 2661 3600 sed
2702 3545 2875 3615 magis
2900 3545 3244 3615 gaudentem,
3285 3546 3361 3600 uti
3394 3546 3458 3600 ad
3491 3547 3671 3602 incoe-

2103 3650 2320 3704 poream
2352 3650 2415 3690 ac
2440 3634 2649 3690 beatam
2683 3637 3126 3707 commigrantcm
3158 3638 3347 3701 vitam.
3399 3635 3672 3692 Hactenus

2103 3739 2221 3777 cum
2249 3724 2422 3794 pictor
2446 3740 2661 3778 manum
2701 3725 2909 3790 tenuit,
2971 3734 3080 3779 tum
3138 3740 3237 3795 ego
3267 3739 3569 3781 sermonem
3606 3744 3670 3781 ac

2104 3813 2355 3884 linguam.
2408 3816 2671 3871 Cancrum
2707 3827 2916 3885 tempus
2964 3817 3056 3870 tibi
3093 3828 3198 3882 est,
3223 3827 3280 3871 ut
3313 3820 3591 3887 etvipsam,
3625 3818 3671 3874 si

2102 3905 2255 3969 velis,
2283 3907 2546 3974 picturam
2576 3906 2823 3960 absolvas
2849 3905 2997 3978 (55);
3033 3922 3137 3975 quo
3169 3908 3326 3976 plene
3351 3908 3681 3978 perspicias,

2106 4012 2229 4049 num
2255 3997 2408 4067 longe
2442 3996 2673 4065 impares
2713 4000 3031 4052 enarranda:
3065 3997 3349 4054 fuerimus.

425 4105 508 4141 σοι
534 4088 629 4141 καὶ
660 4087 852 4159 αὐτὴν,
878 4091 926 4142 εἰ
961 4087 1160 4158 βούλει,
1188 4090 1405 4143 τελέσαι
1431 4090 1531 4162 τὴν
1559 4091 1778 4163 γραφὴν
1801 4093 1869 4158 ⁷⁸,
1903 4092 1988 4147 ἵνα
2027 4093 2249 4168 κατίδῃς
2276 4092 2535 4166 ἀκριϐῶς,
2574 4093 2624 4146 εί
2650 4095 2726 4165 μὴ
2756 4092 2889 4147 πολύ
2920 4093 3147 4146 κατόπιν
3197 4094 3313 4163 τῆς.
3361 4094 3687 4167 ἐξηγήσεως,

423 4178 679 4251 ήλθομεν.

1164 4276 1263 4329 lB'.

436 4361 763 4434 Ἔγκώμιον
818 4363 904 4429 είς
952 4362 1061 4417 τὸν
1118 4364 1291 4432 ἅγιον
1342 4364 1807 4435 πρωτομάρτυρα
1867 4367 2005 4421 Στέ-

1152 4451 1321 4488 ανον.

1152 4452 1321 4488 ανον.

509 4523 597 4585 Ὠς
642 4523 783 4596 ἱερὸς
825 4523 1040 4596 άληθῶς
1093 4452 1186 4578 ἔτι
1234 4514 1400 4589 καλὸς
1454 4525 1562 4579 τῶν
1608 4525 2002 4599 εὐφραινόντων

2840 4274 2955 4330 XII.

2281 4365 2557 4421 Laudatio-
2577 4368 2748 4421 sancti
2775 4366 3174 4436 protomartyris
3208 4361 3483 4431 Stephani.

2181 4524 2350 4590 Quam
2383 4537 2510 4579 vere
2532 4537 2703 4589 sacer,
2734 4521 3154 4592 praeclarasque,
3181 4536 3364 4575 rerum
3393 4535 3492 4576 nos
3515 4521 3674 4576 exbi-

437 4617 587 4686 ἡμᾶς
616 4619 955 4689 πραγμάτων
976 4622 1004 4673 ό
1024 4618 1250 4682 κύκλοςῑ
1296 4618 1488 4690 Ἐορτὴ
1516 4617 1625 4690 γὰρ
1651 4618 1749 4690 τὴν
1766 4618 1994 4689 διαδέχε-

2114 4614 2399 4669 Iarantium
2445 4615 2727 4670 circulus!
2765 4613 2956 4669 Festus
3007 4628 3242 4684 namque
3314 4614 3429 4669 dies
3477 4612 3692 4669 festum-

503 4753 563 4830 ”_
579 4754 636 4808 8.
693 4754 1139 4830 ῌξοοριικδεινόν.
1176 4759 1406 4830 “Edita
1439 4768 1491 4812 et
1520 4759 1576 4813 S.
1632 4759 1853 4827 Niceph.
1885 4760 1992 4830 ἦρχ

2097 4776 2155 4830 ο.⁸
2214 4759 2447 4830 ⁸ξΕιΙίῑ.
2489 4757 2801 4830 ζωγράφος.
2866 4757 2910 4789 ⁸⁸
2950 4758 3007 4815 8.
3042 4757 3264 4823 Niceph.
3289 4755 3684 4830 εὐχομένηςδέ

432 4822 621 4894 αὐτῆς.

498 5003 610 5069 (55)
649 5003 850 5072 Ipsam,
903 5004 949 5057 si
996 5003 1142 5066 uelis,
1188 5004 1448 5072 picturam
1498 5001 1755 5066 absolvas,
1802 5002 1998 5069 αὐτὴν

431 5072 669 5126 τελέσαι
722 5071 839 5138 τὴν
886 5072 1139 5142 γραφήν.
1198 5071 1329 5141 Reg.
1384 5072 1550 5127 codex
1575 5113 1590 5139 ,
1638 5073 1774 5143 αὐτῇ
1828 5074 1996 5128 πελάο

430 5158 520 5195 σαι
559 5145 625 5213 τῇ
670 5144 879 5214 γραφῇ,
938 5155 991 5195 ut
1041 5144 1539 5214 adcasppicgtrans,
1601 5144 1812 5214 visurus
1870 5160 1996 5214 nunt

428 5209 730 5285 sermonem
798 5209 1051 5285 siiperet._
1080 5209 1255 5285 Legit
1286 5283 1294 5285 _
1321 5210 1576 5285 Tarasius
1633 5210 1843 5285 τελέσαι
1900 5213 2000 5285 τὴν

424 5284 683 5351 ’γραφήν⁸
705 5296 824 5336 cum
853 5280 918 5335 iis
943 5283 1142 5348 verbis,
1166 5280 1243 5351 ait
1276 5282 1389 5335 fieri
1418 5280 1723 5335 faettltatent
1750 5280 1999 5350 pingendi

432 5349 730 5422 martyrum
786 5352 1106 5407 certamina.
1148 5349 1360 5422 AVerum
1406 5350 1590 5422 potius
1647 5349 2003 5421 Μαί-γραφήν

432 5420 586 5485 dicit,
632 5436 751 5490 qua:
790 5429 873 5473 est
919 5422 970 5474 in
1012 5420 1225 5484 verbis;
1280 5421 1547 5490 significat
1574 5422 1739 5481 enim,
1786 5420 1844 5475 se
1893 5437 2001 5474 rem

433 5490 609 5543 minus
634 5500 966 5553 assecutum,
1003 5505 1102 5545 nec
1140 5500 1331 5554 totum,
1368 5490 1508 5557 quod
1551 5490 1744 5543 tabella
1783 5491 2004 5544 exhibe-

432 5560 547 5624 bat,
576 5573 827 5613 sermone
858 5561 1212 5628 expressisse,
1248 5561 1322 5612 uti
1353 5560 1488 5613 bene
1513 5559 1742 5613 advertit
1772 5558 2005 5614 Joannes

433 5629 715 5698 presbyter
756 5629 988 5683 vicarius
1033 5630 1451 5698 apostolicarunr
1498 5628 2001 5698 sediumOrientis.

430 5713 555 5768 cuin
597 5695 801 5768 infert:
830 5698 992 5751 Ὥστε
1032 5697 1231 5768 μείζων
1268 5701 1301 5768 ἡ
1328 5695 1504 5768 εἰκὼν
1541 5696 1643 5768 τοῦΔ
1674 5696 1874 5768 λόγουη
1896 5700 2004 5768 καὶ

432 5765 589 5818 τοῦτο
626 5766 759 5840 Εξεοῦ
797 5765 1235 5840 προνοίᾳγέγονε
1263 5765 1351 5819 διὰ
1381 5767 1505 5831 τοὺς
1547 5765 1758 5840 ἰδιώτας
1792 5766 1999 5836 ἀνθρώ-

436 5852 607 5900 ποιος·
646 5835 1031 5907 Ιιατιιιεήισλόν
1073 5854 1140 5892 cst
1176 5839 1366 5907 imago,
1406 5853 1560 5907 quam
1605 5838 1819 5891 oratio:
1851 5835 2003 5905 atque

714 4825 758 4857 ⁶⁹
827 4826 887 4879 8.
935 4826 1157 4897 Niceph.
1193 4829 1356 4899 νόμος
1385 4829 1578 4900 Χριστ.
1609 4825 1936 4900 προσκυνεῖν
1961 4825 2029 4881 ’τε
2061 4827 2176 4882 καί.

2252 4829 2297 4860 ⁷⁰
2328 4830 2459 4899 Ileg.
2491 4829 2625 4900 αὐτῇ
2646 4830 2876 4883 πελάσαι
2910 4830 2975 4901 τῇ
3010 4830 3216 4900 γραφῇ.

2102 5007 2199 5059 hoc
2225 5005 2321 5059 Dei
2347 5004 2670 5075 providentia
2691 5004 2893 5072 factum
2923 5014 3020 5068 est,
3057 5014 3267 5073 propter
3295 5004 3488 5058 idiotas
3510 5006 3687 5058 It'omio

2106 5093 2215 5134 nes.
2256 5077 2566 5145 praesentius
2618 5089 2704 5129 res
2732 5075 3018 5128 ex-ltibente
3052 5076 3283 5145 pictura,
3311 5089 3470 5145 quam
3499 5080 3686 5129 seruio

2104 5144 2403 5213 exhibeat,
2455 5160 2518 5199 ac
2570 5158 2744 5213 monts
2795 5145 2959 5197 animi
3008 5144 3280 5199 efﬁcacius
3330 5144 3675 5212 prevocaute.

2109 5211 2395 5269 Pulchrum
2420 5214 2545 5268 illud
2570 5211 2835 5268 Theodori
2859 5214 3092 5282 episcopi
3111 5211 3405 5267 Catamein
3435 5225 3681 5282 nostrum

2108 5284 2376 5355 Asterium
2414 5303 2426 5338 :
2470 5285 2529 5355 ῗυ
2587 5285 2855 5355 μακάριος
2895 5281 2993 5355 καὶ
3044 5282 3302 5355 θεοφόρος
3362 5281 3678 5355 διδάσκαλος

2123 5353 2414 5425 Ἀστέριος,
2455 5354 2535 5425 ὡς
2572 5352 2754 5425 ἀστὴρ
2785 5354 3031 5425 φαεινὸς,
3086 5352 3303 5425 πάντων
3343 5352 3683 5425 γὴμῶνμτὰς

2110 5419 2336 5494 καρδίας
2367 5419 2741 5494 κατηύγασενῖ
2777 5419 2970 5476 Beatus
3010 5439 3071 5475 ac
3112 5424 3277 5481 deifer
3316 5419 3497 5474 doéiar
3528 5419 3679 5494 Aste-

2112 5490 2243 5555 rius,
2277 5496 2409 5547 sicut
2436 5490 2585 5547 stella
2613 5493 2928 5555 clarissima,
2962 5494 3194 5545 omnium
3238 5503 3470 5545 nostrum
3514 5490 3678 5541 corda

2110 5565 2423 5628 illustravit;
2464 5564 2685 5633 ejusque
2733 5562 2917 5633 pietati
2967 5560 3284 5633 argumento
3314 5567 3418 5621 est,
3457 5571 3584 5624 qua,
3608 5571 3680 5609 ex

2114 5637 2368 5704 martyris
2397 5628 2507 5686 illa'
2530 5628 2761 5704 pictura,
2791 5630 3046 5704 affectum
3081 5645 3139 5704 se
3178 5628 3378 5704 indicat
3417 5640 3679 5694 compun-

2107 5693 2302 5766 ctione,
2334 5705 2407 5757 uti
2439 5712 2494 5756 et
2521 5693 2755 5771 Gregor.
2788 5699 3057 5771 Nysaeuus
3086 5699 3139 5752 in
3175 5696 3261 5751 illa
3284 5693 3434 5750 lsaac
3455 5693 3676 5763 paterna

2111 5788 2267 5826 manu
2301 5769 2631 5827 immolandi.
