4090 6146
485 304 587 359 διι
1374 305 1658 363 HOMILIA
1701 305 1819 362 XII.
1867 305 1934 362 IN
1980 306 2265 366 LAUDEM
2305 307 2365 364 S.
2420 308 2779 365 STEPHANI.
3398 316 3401 319 ’
3624 310 3751 367 362'“

485 417 696 482 ϐοντος,
730 422 826 474 καὶ
878 422 1166 487 πονοῦντος
1196 422 1258 477 τδ
1294 426 1578 498 κήρυγμα,
1617 420 1774 492 οὗτος
1815 426 2069 482 εἰσελθὼν

2195 428 2421 498 :iamque
2450 444 2513 484 ac
2541 430 2814 499 regionem
2864 445 2930 486 ex
2988 431 3203 501 regione
3228 443 3290 486 ac
3315 430 3588 500 provincia
3615 447 3734 486 mua

486 512 569 575 είς
590 511 653 565 τὸ
684 513 919 577 στάδιον,
950 514 1044 567 καὶ
1087 516 1345 586 ἀρπάσας
1395 517 1507 571 τῶν
1535 519 1931 590 ἀγωνισμάτων
1971 521 2062 574 τὸν

2195 531 2340 583 ares,
2404 518 2743 588 instaresque
2791 519 2976 583 verbo,
3029 520 3303 589 ingressus
3358 516 3446 572 hic
3478 517 3753 582 stadium,

491 608 778 672 στέφανον,
819 603 1092 674 μετελθὼν
1150 607 1233 671 είς
1261 607 1355 661 τὸν
1386 608 1613 680 οὐρανὸν
1659 611 1939 682 ἐδοξάσθη·
1989 612 2068 667 ἔτι

2195 609 2640 679 :ertaminumque
2697 611 2912 678 rapiens
2964 626 3243 676 coronam,
3293 618 3343 665 te
3403 609 3616 665 interim
3679 609 3747 662 iu”

491 695 585 743 cati
622 692 753 763 περὶ
787 693 893 763 γῆν
920 696 1308 766 στρεφομένων
1327 699 1423 752 καὶ
1454 699 1516 753 τὸ
1549 700 1751 770 μεῖζον,
1784 702 1950 756 αὐτοῦ
1976 702 2069 755 τοῦ

496 780 706 853 Πατρδς
740 782 837 836 καὶ
866 784 997 838 Υίοῦ
1015 785 1303 850 καλοῦντος
1324 788 1485 842 αὐτὸν
1511 789 1601 843 διὰ
1626 791 1727 861 τῆς
1754 790 2072 870 θαυμαστῆς

492 873 777 938 ὀπτασίας.
821 876 1009 940 Οὕτως
1064 878 1161 949 μὲν
1193 879 1286 932 καὶ
1328 882 1358 933 6
1394 881 1621 952 Πέτρος·
1656 883 1749 936 xui.
1796 885 1958 955 ἀρκεῖ
2004 884 2074 939 τὰ

494 968 781 1038 είρημένα.
799 968 1082 1039 Τολμηρὸν
1110 971 1220 1042 γάρ
1257 973 1601 1028 ἐπιπλεῖστον
1627 976 1755 1045 περὶ
1791 977 2074 1046 πρωτείων

494 1058 824 1128 ἁμιλλᾶσθαι
856 1060 1151 1130 πατράσιν.
1181 1063 1408 1132 Ἴδωμεν
1435 1063 1493 1117 δὲ
1518 1064 1613 1117 καὶ⁵
1642 1064 1710 1117 τὰ
1744 1065 1832 1128 σὰ,
1850 1065 2074 1119 Ἰάκωϐε

499 1148 693 1217 ἀδελφὲ
724 1148 817 1202 τοῦ
867 1149 1132 1203 Ἰωάννου.
1165 1152 1568 1223 Εὐαγγελιστὴς
1590 1150 1644 1207 εἷ
1663 1154 1759 1208 τοῦ
1816 1155 2073 1226 Χριστοῦ,

497 1237 719 1308 θήραμα
742 1236 993 1310 δεύτερον
1038 1240 1177 1310 μετὰ
1218 1241 1441 1313 Πέτρον.
1471 1243 1582 1296 Καὶ
1604 1243 1688 1308 τίς
1719 1245 1822 1298 οὐκ
1842 1246 1908 1299 ἂν
1940 1247 2078 1315 ἁγα-

502 1326 655 1399 σθείη
690 1345 783 1381 σου
812 1329 915 1398 τῆς
943 1329 1214 1397 πίστεως;
1245 1333 1422 1387 Μόνον
1440 1334 1554 1406 γὰρ
1576 1335 1833 1407 ἐκλήθης,
1861 1338 1956 1392 καὶ
1972 1356 2079 1409 μη-

498 1420 587 1473 δὲν
620 1420 898 1491 μελλήσας
922 1423 1259 1492 ὑπήκουσας.
1288 1426 1598 1490 Κατέλιπες
1624 1427 1762 1497 μετὰ
1813 1429 1913 1499 τῆς
1943 1447 2080 1501 πορ-

500 1510 689 1581 θμίδος
718 1513 814 1565 καὶ
846 1513 940 1565 τὸν
970 1513 1180 1584 πατέρα
1210 1516 1300 1568 τὸν
1317 1516 1618 1572 Ζεϐεδαῖον·
1637 1518 2079 1590 ἡκολούθησαςδὲ

503 1605 596 1658 καὶ
628 1603 708 1675 τῷ
728 1605 948 1676 Χριστῷ
975 1606 1052 1670 ὡς
1078 1608 1301 1679 γνήσιος
1343 1609 1610 1681 μαθητής.
1656 1613 1897 1677 Ἔπαθες
1942 1615 2079 1686 ὑπὲρ

500 1700 603 1767 τῆς
634 1697 913 1761 εὐσεϐείας
943 1699 1256 1770 προθύμως,
1296 1701 1561 1772 ὁμολογῶ·
1604 1705 1846 1776 μαχαίρᾳ
1883 1706 1992 1777 γάρ
2021 1722 2081 1759 σε

2175 710 2318 755 terra
2346 710 2620 766 versante,
2651 700 2850 754 caelum
2882 715 3189 768 capessens,
3230 701 3454 770 gloriam
3510 700 3754 768 adeptus.

2172 798 2257 843 est
2286 807 2302 843 :
2339 791 2588 859 quodque
2613 789 2788 856 majus
2821 789 3090 855 videatur,
3126 806 3248 861 cum
3279 789 3450 860 ipsum
3482 787 3640 841 Pater
3673 802 3740 841 ac

2178 880 2345 936 Filius
2404 881 2610 936 visione
2658 880 2746 934 illa
2804 880 3105 937 admirabili
3160 887 3434 935 vocarent.
3490 877 3580 933 Sic
3623 877 3749 947 ipse

2179 973 2395 1037 Petrus,
2433 974 2604 1042 deque
2626 987 2692 1027 eo
2722 974 2861 1028 dit-ta
2891 971 3175 1027 subiciant.
3231 971 3466 1026 Summae
3506 983 3749 1039 natuun

2179 1065 2527 1132 impudentia:
2560 1075 2663 1130 est,
2694 1065 3086 1120 contentiosius
3117 1066 3181 1119 de
3230 1065 3462 1133 primatu
3491 1077 3609 1116 eum
3639 1074 3740 1132 pa-

2179 1156 2350 1211 tribus
2379 1165 2623 1221 certare,
2674 1158 3010 1227 honorisque
3044 1157 3447 1227 praerogativam
3496 1155 3576 1208 eis
3603 1154 3744 1207 invi-

2178 1247 2329 1301 dere.
2355 1247 2647 1304 Videamus
2681 1257 2861 1303 autem
2891 1257 2945 1303 et
2990 1260 3101 1314 tua,
3152 1246 3350 1302 Jacobe
3390 1245 3610 1301 Joannis
3635 1243 3745 1298 l'ra-

2178 1345 2263 1392 ter
2295 1336 2361 1393 ⁷³.
2389 1336 2588 1393 Christi
2621 1337 2839 1393 exsistis
2870 1354 3069 1408 praeco,
3126 1338 3352 1392 alterum
3400 1353 3428 1390 a
3461 1336 3620 1390 Petro
3652 1349 3746 1387 au-

2178 1426 2413 1496 cupium.
2442 1427 2574 1494 Quis
2603 1443 2732 1482 vero
2755 1442 2859 1481 non
2915 1436 3060 1481 tuam
3099 1428 3392 1482 admiretur
3428 1426 3583 1481 iidem
3602 1425 3626 1478 ?
3646 1422 3747 1478 So-

2182 1516 2290 1572 lum
2329 1519 2473 1573 enim
2505 1526 2748 1585 vocatus,
2783 1519 2924 1573 nulla
2950 1519 3130 1574 statim
3160 1534 3308 1573 mora
3338 1517 3745 1586 obtemperasti.

2182 1606 2298 1662 Una
2329 1622 2449 1662 cum
2481 1609 2750 1673 navicula,
2790 1610 2951 1664 etiam
3005 1609 3322 1664 Zebedaeum
3370 1616 3577 1678 patrem
3624 1605 3750 1660 reii-

2184 1699 2366 1766 quisti,
2399 1698 2674 1754 Christum
2728 1714 2981 1770 sequens,
3043 1699 3120 1753 uti
3165 1713 3325 1753 verus
3350 1710 3756 1769 germauusque

516 1788 762 1861 Ἡρώδης
800 1792 830 1844 6
869 1790 1134 1860 τύραννος
1169 1793 1513 1864 διεχρήσατο·
1553 1795 1687 1849 ἀλλὰ
1710 1796 1847 1867 μετὰ
1875 1798 2081 1866 Στέφα-

2195 1790 2495 1859 iiscipulus.
2530 1792 2709 1847 Alacri
2753 1793 2933 1847 animo
2985 1792 3173 1855 fateor,
3203 1806 3299 1860 pro
3330 1789 3590 1859 religione
3626 1802 3753 1858 pas-

506 1897 596 1934 νον
625 1880 842 1945 πολλοῖς
870 1880 1095 1953 ὕστερον
1129 1883 1361 1953 χρόνοις.
1382 1885 1493 1939 Καὶ
1519 1885 1575 1939 τί
1591 1887 1719 1949 τοὺς
1743 1887 2076 1942 καθέκαστον

505 1974 777 2044 ὀνομάζω,
828 1974 991 2028 ὁπότε
1025 1976 1164 2029 κατὰ
1208 1977 1426 2030 πάντων
1470 1977 1604 2048 ὁμοῦ
1653 1978 1762 2031 τῶν
1797 1979 1987 2048 ἁγίων,
2017 1981 2080 2034 τὸ

502 2064 601 2120 τοῦ
655 2066 952 2138 μαρτυρίου
984 2066 1233 2139 βραϐεῖον
1250 2068 1508 2135 ἀνείλετο,
1537 2070 1751 2141 πρῶτος
1779 2070 1870 2124 τὸν
1902 2071 2083 2125 διάϐο-

504 2158 596 2215 λον
625 2160 1097 2231 παραταξάμενος,
1128 2163 1222 2215 καὶ
1260 2162 1476 2234 πρῶτος
1495 2164 1742 2235 νικήσας,
1772 2164 2083 2235 μιμησάμε-

506 2268 594 2315 νος
612 2250 704 2305 τὸν
720 2250 917 2323 eam,
937 2253 986 2304 εί
1008 2251 1102 2305 καὶ
1123 2252 1189 2305 δι’
1207 2252 1561 2325 ἀντιστρόφου
1591 2253 1685 2307 τοῦ
1722 2254 2079 2326 πράγματος

509 2341 690 2407 Δίθοις
715 2344 747 2395 6
776 2341 941 2396 Δαϐὶδ
986 2342 1077 2398 τὸν
1105 2341 1296 2397 Γολιὰθ
1330 2342 1576 2414 ἐνίκησε,
1622 2344 1790 2408 λίθοις
1827 2345 1923 2398 καὶ
1954 2345 2085 2398 Στέ-

511 2449 675 2500 φανος
700 2432 791 2486 τὺν
816 2432 1084 2487 διάϐολον·
1117 2433 1232 2486 ἀλλ’
1269 2436 1298 2487 6
1326 2434 1444 2504 μὲν,
1471 2430 1555 2498 οἷς
1591 2434 1800 2490 ἔϐαλεν·
1835 2438 1864 2490 6
1900 2437 1977 2497 δὲ.
2006 2431 2090 2500 οἷς

509 2522 731 2594 ἐϐλήθη.
761 2523 953 2594 Ἡμεῖς
980 2523 1059 2585 δὲ,
1086 2524 1114 2576 6
1134 2524 1370 2597 Χριστοῦ
1397 2525 1543 2589 λαὸς,
1575 2526 1653 2599 ᾡς
1676 2526 1952 2598 ήστρατιὰ
1968 2528 2091 2580 τότε

509 2612 605 2666 τοῦ
641 2613 878 2685 Ἰσραὴλ,
914 2612 1207 2684 κράζωμεν
1239 2614 1333 2667 καὶ
1364 2614 1716 2686 εὐφημῶμεν
1737 2615 1806 2670 τὰ
1827 2617 2088 2681 ἐπινίκια,

511 2704 587 2768 ὡς
605 2704 848 2774 παρόντα
873 2705 1177 2775 βλέποντες,
1206 2704 1282 2769 ὡς
1313 2704 1525 2759 ἑστῶτα
1554 2705 1944 2778 θαυμάζοντες.

2188 1897 2282 1937 sus
2307 1885 2609 1939 occulmisti
2636 1901 2653 1939 :
2687 1886 2888 1955 quippe
2910 1900 3068 1955 quem
3098 1883 3335 1937 Herodes
3382 1891 3642 1952 tyrannus
3664 1887 3754 1933 oc-’

2189 1975 2383 2030 ciderit
2408 1975 2584 2044 gladio
2609 1975 2660 2008 ⁷⁸
2687 1993 2704 2029 :
2739 1991 2922 2029 verum
2957 1973 3139 2029 multis
3171 1973 3222 2027 id
3248 1971 3402 2026 anuis
3427 1985 3455 2023 a
3490 1965 3754 2036 Stephani

2189 2082 2344 2123 nece.
2375 2068 2438 2121 At
2473 2067 2601 2138 quid
2658 2066 2929 2138 sigillatim
2978 2078 3231 2135 quosque
3287 2061 3490 2126 refero,
3541 2057 3757 2128 quando

2187 2158 2457 2214 universis
2496 2158 2656 2213 etiam
2714 2158 2915 2213 sanctis
2968 2155 3129 2213 simul
3184 2154 3459 2224 praeripuit
3494 2150 3754 2221 palmam;

2191 2252 2395 2320 primus
2425 2250 2594 2304 aciem
2638 2252 2899 2304 adversus
2953 2246 3225 2302 diabolum
3271 2246 3568 2304 instruens,
3598 2248 3760 2309 atque

2191 2344 2258 2396 de
2286 2342 2377 2396 illo
2400 2342 2678 2398 victoriam
2706 2341 2967 2408 referens,
2997 2340 3250 2395 Davidem
3275 2339 3534 2399 imitatus,
3569 2347 3760 2403 quam-

2192 2434 2277 2487 vis
2302 2433 2379 2486 rei
2408 2432 2604 2486 ordiue
2653 2433 2891 2487 inverso.
2942 2428 3085 2485 Vicit
3124 2428 3290 2484 David
3338 2422 3762 2490 Goliathiapidi—

2192 2522 2295 2577 bus
2317 2523 2387 2588 ",
2416 2522 2548 2577 vicit
2578 2530 2632 2575 et
2657 2522 2962 2591 Stephanus
3010 2519 3076 2574 iis
3129 2532 3343 2587 quoque
3387 2515 3671 2571 diabolum
3688 2512 3759 2564 ".

2194 2612 2287 2669 Hie
2326 2613 2696 2675 nihilominus,
2718 2611 2912 2682 quibus
2944 2610 3249 2680 percussit;
3303 2608 3389 2662 hic
3424 2614 3625 2669 autem,
3650 2604 3765 2673 qui-

2195 2709 2296 2763 bus
2326 2720 2618 2778 percussus
2644 2716 2747 2760 est.
2794 2705 2902 2760 Nos
2936 2713 3113 2758 autem
3163 2700 3363 2757 Christi
3419 2697 3664 2769 populus,
3701 2705 3760 2747 ut

514 2799 637 2853 olim
672 2799 890 2853 israeiis
939 2799 1211 2852 exercitus
1273 2798 1619 2853 sustollamus
1667 2813 1873 2863 vocem,
1917 2799 2219 2870 faustisque
2271 2798 2319 2854 ei
2347 2797 2830 2853 acclamationibus
2858 2788 2963 2864 pro’
3010 2791 3233 2848 victoria
3288 2803 3583 2855 canamus,
3622 2787 3766 2843 velut

515 2901 835 2959 parcentem
868 2890 1223 2953 intueremur,
1253 2905 1317 2945 ac
1364 2904 1546 2945 coram
1583 2899 1813 2946 stantem
1840 2893 2255 2947 admiraremur.

585 2980 765 3044 Καλὸς
790 2981 888 3050 μὲν
914 2981 1023 3051 γάρ
1038 2981 1183 3045 ἄπας
1224 2983 1253 3034 6
1283 2982 1382 3049 τῆς
1426 2981 1705 3046 εὐσεϐείας
1737 2982 2091 3053 ὑπερμαχῶν,

2269 2980 2535 3049 Prgaclara
2565 2995 2695 3036 sane
2720 2979 2880 3035 laude
2925 2980 3117 3050 dignus
3162 2984 3448 3032 censeatur
3479 2973 3655 3044 quivis
3682 2987 3767 3025 reo

518 3072 619 3125 κᾶν
646 3073 915 3144 δεύτερος,
942 3071 1043 3126 κᾶν
1067 3073 1249 3144 τρίτος
1268 3076 1379 3136 τοῖς
1405 3072 1815 3144 προαθλήινασιν
1843 3075 2097 3146 ἐπιγένη-

517 3179 626 3218 ται·
643 3165 706 3217 οὐ
739 3165 845 3235 μὴν
860 3163 1101 3217 τοιούτου
1129 3162 1586 3234 θαύματοςάξιος,
1607 3158 1780 3234 οὗπερ
1804 3167 1833 3219 6
1859 3166 2091 3238 πρῶτος.

528 3252 589 3308 '0
636 3254 735 3325 μὲν
794 3252 1064 3323 δεύτερος,
1110 3253 1259 3324 ζήλῳ
1305 3253 1398 3307 τοῦ
1444 3253 1807 3325 προλαϐόντος
1850 3255 2096 3326 ὲναχθεὶς

517 3344 659 3416 πρὸς
678 3343 777 3415 τὴν
820 3343 1071 3414 μίμησιν,
1126 3343 1298 3409 οὕτως
1326 3340 1444 3398 εἶτα
1485 3344 1718 3416 ἑλκύσθη
1761 3345 1899 3416 πρὸς
1928 3363 2096 3399 σπου-

518 3435 637 3506 δήν·
664 3437 694 3488 6
713 3436 771 3489 δὲ
809 3436 993 3506 μηδενὶ
1022 3436 1358 3506 καθηγεμόνι
1385 3435 1750 3507 χρησάμενος,
1780 3436 2008 3508 εὑρετὴς
2040 3436 2098 3490 δὲ

520 3526 759 3596 γεγονὼς
782 3524 879 3579 τοῦ
918 3525 1107 3591 καλοῦ,
1140 3525 1363 3590 εἰκότως
1398 3527 1498 3598 τὴν
1531 3525 1624 3580 τοῦ
1657 3527 1923 3599 πρωτείου
1949 3528 2099 3597 δέχεο

520 3633 613 3671 ται
641 3616 840 3687 ψῆφον.
890 3614 1116 3686 Μεγάλη
1156 3612 1247 3669 οὖν
1276 3618 1308 3688 ἡ
1341 3615 1435 3670 τοῦ
1470 3617 1662 3689 ἀνδρὸς
1692 3618 1989 3691 προθυμία·
2019 3618 2098 3673 διδ

527 3707 733 3778 μεγάλη
765 3707 858 3760 καὶ
888 3708 921 3777 ή
950 3707 1103 3776 τιμή·
1154 3706 1419 3771 ἀθάνατος
1464 3706 1518 3759 δὲ
1549 3709 1581 3776 ὴ
1617 3709 1825 3779 μνήμη,
1861 3709 1928 3779 ἢν
1978 3707 2098 3761 οὐτε

523 3797 659 3868 λήθη
693 3797 985 3865 ἐκάλυψεν,
1013 3796 1137 3850 οὐτε
1171 3798 1360 3868 χρόνος
1382 3787 1735 3868 ἦμαύρωσεν·
1773 3798 1910 3851 ἀλλὰ
1937 3798 2100 3867 γενεά

525 3887 592 3940 ὲκ
622 3890 812 3955 γενεᾶς
838 3886 1184 3959 διαδεχομένη
1208 3888 1277 3941 τὰ
1296 3888 1626 3960 διηγήματα.
1648 3888 1864 3960 Ταύτην
1888 3890 2102 3963 ἀπαρα-

530 3977 705 4041 ϐάτως
732 3978 831 4049 τὴν
880 3977 1073 4049 ἑορτὴν
1103 3978 1459 4048 ἐπιτελοῦμεν
1489 3980 1673 4050 ἱερεῖς,
1704 3978 1843 4043 λαοὶ,
1890 3980 2098 4043 παῖδες,

530 4069 740 4140 ἄνδρες,
790 4072 1068 4137 γυναῖκες.
1129 4069 1438 4142 Σκοπητὲον
1475 4070 1533 4124 δὲ
1571 4072 1666 4124 καὶ
1715 4070 1813 4142 τὴν
1863 4072 2101 4143 ἱστορίαν

525 4159 715 4230 αὐτὴν,
746 4160 835 4213 ἵνα
862 4162 920 4213 ὲν
948 4160 1064 4232 χρῷ
1093 4160 1201 4215 τῶν
1236 4162 1575 4233 πραγμάτων
1623 4165 1924 4236 γενόμενοι,
1970 4166 2103 4237 μᾶλ-

528 4247 616 4303 λον
637 4250 695 4304 δὲ
736 4249 829 4304 τὸν
866 4253 1037 4323 ἄνδρα
1074 4251 1462 4324 θαυμάσωμεν.

2199 3071 2418 3143 iigiouis
2446 3066 2838 3141 propugnator,
2865 3069 3111 3138 quamvis
3158 3069 3449 3130 secundus,
3485 3064 3768 3125 tertiusve,

2200 3161 2518 3217 certaminis
2569 3162 2739 3215 aleam
2790 3160 3014 3225 subeat;
3077 3166 3384 3212 nontamen
3434 3169 3494 3210 ea
3527 3155 3766 3207 admira-

2198 3254 2368 3318 tione,
2394 3266 2564 3321 eaque
2591 3251 2776 3314 laude,
2828 3265 2930 3319 qua
2981 3249 3207 3319 primus.
3266 3247 3549 3302 Secundus
3598 3244 3768 3305 enim,

2199 3342 2399 3413 prioris
2424 3340 2765 3395 aemulatione
2786 3339 2851 3393 ad
2877 3339 3194 3393 imitandum
3225 3337 3486 3403 adactus;
3509 3343 3618 3391 tum
3645 3335 3770 3387 inde

2198 3435 2273 3488 ita
2305 3422 2565 3504 percitus,
2606 3433 2672 3486 ad
2724 3439 2996 3486 certamen
3039 3430 3245 3500 appulit
3285 3429 3524 3483 animum
3561 3443 3576 3493 ;
3632 3426 3772 3481 alter

2196 3542 2329 3582 vero
2361 3526 2511 3582 nullo
2544 3526 2744 3597 pravio
2778 3540 2907 3580 usus
2929 3523 3087 3587 duce,
3116 3523 3337 3593 ipseque
3360 3522 3627 3578 exsisteus
3644 3520 3768 3574 boni

2196 3618 2471 3683 inventor,
2505 3617 2628 3688 jure
2662 3617 2854 3672 merito
2902 3617 3197 3686 principem
3261 3616 3437 3670 locum
3469 3618 3635 3668 tenet.
3662 3610 3772 3664 Ma-

2202 3722 2305 3777 gna
2336 3708 2515 3777 itaque
2540 3707 2641 3761 viri
2707 3706 2866 3777 hujus
2917 3706 3563 3773 aiacritas;magnusque
3610 3700 3770 3755 etiam

2202 3799 2406 3854 idcirco
2449 3809 2503 3852 et
2562 3799 2757 3864 honos,
2798 3799 3228 3864 immortalisque
3278 3795 3562 3858 memoria,
3610 3806 3771 3862 quam

2206 3906 2378 3960 neque
2401 3892 2601 3947 oblivio
2626 3892 2733 3946 ulla
2767 3892 3101 3956 obscuravit,
3140 3903 3316 3959 neque
3375 3898 3592 3956 tempus
3637 3883 3775 3939 obli-

2203 3983 2400 4037 teravit
2432 4002 2448 4039 :
2472 3984 2599 4053 quin
2630 3983 2741 4039 imo
2769 3985 2870 4039 alia
2897 3986 3110 4056 aliaque
3131 3999 3228 4055 per
3256 3982 3651 4038 successionem
3679 3994 3772 4046 ge

2205 4076 2435 4140 neratio,
2460 4075 2713 4146 praeclara
2749 4079 2937 4132 merita
2959 4077 3261 4132 enarraudo
3295 4074 3546 4142 suscepit.
3570 4070 3783 4125 Idcirco

2204 4168 2345 4223 diem
2384 4168 2526 4224 hunc
2559 4168 2754 4224 festum
2780 4169 2898 4239 jure
2914 4178 3191 4238 perpetuo,
3220 4167 3548 4229 sacerdotes,
3574 4162 3777 4235 populi,

2206 4262 2381 4329 pueri,
2416 4262 2516 4316 viri
2569 4278 2633 4318 ac
2670 4262 2944 4329 mulieres,
2975 4260 3330 4314 celebramus.
3368 4255 3565 4310 Verum
3602 4255 3782 4321 ipsam

521 4343 679 4411 prius
707 4351 962 4399 accurate
992 4347 1346 4401 discutiamus
1379 4347 1684 4414 historiam,
1726 4361 1783 4403 ut
1821 4351 1889 4405 ad
1922 4366 2091 4420 usque
2129 4352 2207 4407 rei
2271 4363 2449 4409 cutem
2483 4356 2651 4420 ducti,
2716 4354 2906 4424 majori
2956 4354 3131 4406 virum
3191 4350 3550 4404 admiratione
3587 4360 3777 4417 prose—

530 4447 775 4503 quamur.

608 4526 829 4599 Πρῶτος
859 4522 930 4598 ἦν
960 4527 1069 4581 τῶν
1100 4529 1239 4583 κατὰ
1276 4530 1511 4603 Χριστὸν
1546 4533 1810 4588 διακόνων
1837 4537 1866 4588 6
1899 4536 2091 4606 Στέφα-

2241 4544 2248 4561 ¹
2280 4538 2412 4594 Erat
2440 4539 2742 4608 Stephanus
2773 4537 2976 4593 Christi
3028 4535 3377 4590 diaronorum
3415 4532 3621 4602 primus
3653 4543 3779 4584 san-

533 4634 640 4683 νος,
689 4620 1022 4690 ήγιασμένος
1063 4622 1129 4691 τῇ
1181 4622 1385 4692 χάριτι,
1433 4624 1624 4688 σκεῦος
1676 4626 2101 4698 πεπληρωμένον

528 4707 624 4761 τοῦ
655 4708 993 4779 Πνεύματος,
1024 4710 1147 4763 καθ’
1179 4711 1392 4784 ἡμέραν
1428 4712 1659 4782 βεϐαιῶν
1686 4716 1814 4779 τοὺς
1849 4716 2100 4782 οἰκείους,

536 4802 628 4854 καὶ
659 4801 784 4864 τοὺς
811 4800 1197 4872 πλανωμένους
1213 4803 1350 4874 πρὸς
1370 4802 1467 4874 τὴν
1499 4805 1713 4860 εὐθεῖαν
1747 4806 2103 4878 ὑποστρέφων

532 4892 670 4947 ὁδόν.
712 4891 931 4963 Ἐπειδὴ
956 4891 1014 4945 δὲ
1041 4892 1394 4965 σφοδρότερον
1419 4893 1595 4965 εἴχετο
1613 4896 1711 4967 τῆς
1735 4897 2100 4963 διδασκαλίας,

541 4984 735 5053 μᾶλλον
765 4984 916 5056 παρὰ
939 4985 1065 5048 τοὺς
1087 4985 1308 5049 λοιποὺς
1340 4986 1687 5050 ἀποστόλους,
1713 4988 1839 5052 τοὺς
1878 4989 2104 5060 ἐχθροὺς

541 5073 742 5127 ἐλύπει·
776 5074 873 5128 καὶ
924 5074 1031 5145 πρὸ
1058 5075 1304 5140 ἐκείνων,
1337 5076 1429 5129 τὸν
1480 5076 1694 5147 πρῶτον
1739 5077 1977 5149 δυσμενῆ
2015 5079 2106 5132 τὸν

541 5162 802 5219 διάϐολον.
852 5164 1128 5236 Πυρώδεις
1187 5166 1295 5237 γὰρ
1352 5166 1560 5231 ἐκεῖνος
1610 5168 1736 5231 τοὺς
1798 5168 2108 5239 ὀφθαλμοὺς

527 5255 815 5327 ’ἒφίστησι,
862 5256 959 5312 καὶ
987 5257 1176 5329 ἄγριον
1206 5257 1520 5327 βλέποντας,
1551 5260 1664 5321 τοῖς
1691 5259 1889 5329 μᾶλλον
1916 5262 1982 5331 τῇ
2022 5261 2111 5313 εὐ-

2210 4631 2475 4686 etiﬁcatus
2509 4631 2703 4700 gratia,
2732 4645 2826 4684 vas
2880 4627 3081 4698 Spiritu
3112 4636 3298 4681 sancto
3333 4625 3570 4695 plenum,
3602 4624 3779 4690 quoti-

2210 4721 2297 4775 die
2329 4720 2658 4775 domesticos
2679 4718 3030 4783 conﬁrmans,
3081 4710 3435 4784 errantesque
3481 4714 3547 4767 ad
3578 4721 3776 4767 rectam

2210 4812 2351 4865 viam
2388 4813 2672 4868 reducens.
2713 4809 2847 4864 Cum
2902 4820 3080 4862 autem
3131 4807 3313 4862 acrius
3364 4805 3779 4860 doctrinaeinsi-

2210 4885 2398 4970 steret,
2431 4902 2623 4972 majori
2674 4904 2882 4966 hostes,
2924 4916 3033 4970 pne
3093 4899 3353 4970 apostolis
3386 4899 3509 4951 aliis
3533 4894 3776 4951 molestia

2212 4996 2426 5052 aﬂ‘ecit:
2457 5011 2673 5068 praeque
2696 4995 2907 5060 iisdem,
2959 4993 3253 5056 diabolum,
3311 4992 3401 5060 qui
3445 4990 3652 5061 primus
3684 4988 3787 5042 ho»

2212 5086 2313 5141 stis
2331 5087 2568 5141 exsistit.
2602 5085 2651 5140 is
2685 5100 2915 5151 namque
2963 5083 3146 5152 igneos
3202 5097 3265 5136 ac
3300 5084 3508 5142 truces',
3555 5079 3621 5133 iis
3654 5092 3779 5130 cum

2220 5178 2407 5249 primis
2463 5178 2685 5233 adhibet
2736 5176 2939 5237 oculos,
3003 5175 3093 5243 qui
3147 5174 3328 5243 pietati
3384 5185 3502 5227 sese
3558 5168 3778 5223 addixe—

2217 5273 2343 5318 runt
2374 5264 2509 5335 (55).
2536 5265 2593 5319 in
2612 5279 2736 5319 eum
2783 5278 2933 5332 ergo,
2968 5263 3223 5331 stipatum
3263 5260 3532 5331 quoddam
3581 5256 3782 5312 excivit

610 5433 658 5472 ⁷³
686 5440 874 5499 Matth.
913 5456 987 5506 tv,
1011 5440 1104 5495 2i.
1179 5442 1223 5475 "
1260 5442 1381 5498 Act.
1412 5458 1513 5508 ιιι,
1537 5442 1590 5508 1,
1625 5443 1680 5496 2.
1744 5443 1801 5475 ’⁷³
1830 5443 1848 5496 i
1876 5443 2008 5512 Reg.
2045 5458 2091 5496 χε

2217 5440 2286 5496 49
2320 5455 2441 5510 sqq.
2516 5440 2564 5472 "
2593 5441 2713 5494 Act.
2740 5453 2837 5501 vtt,
2874 5437 2966 5504 58,
3004 5436 3092 5492 59.

609 5555 721 5626 (55)
750 5556 853 5620 Qui
871 5558 1058 5626 pietati
1085 5574 1193 5612 sese
1211 5559 1551 5621 addixerunt,
1588 5556 1661 5625 τῇ
1704 5557 1975 5623 εὐσεϐείᾳ
1998 5572 2141 5610 συν-
2237 5557 2429 5610 haheat
2463 5554 2528 5609 ad
2559 5553 2676 5626 pios
2708 5553 2984 5620 homines,
3018 5568 3082 5607 ac
3111 5550 3283 5618 qualis
3313 5556 3427 5626 erat
3453 5544 3779 5626 Stephanus,

546 5626 921 5696 ισταμέγοις·
953 5629 1075 5696 piis.
1109 5643 1173 5679 ac
1194 5629 1285 5695 qui
1326 5633 1542 5687 student
1574 5629 1780 5681 virtuti.
1822 5627 2138 5689 liict-ardus,

2240 5613 2573 5679 iil'ltillill‘lllli
2624 5622 2898 5676 tiauuneos
2920 5659 2936 5683 ,
2970 5613 3045 5674 'ac
3099 5613 3274 5673 truces
3318 5618 3368 5668 iu
3401 5630 3494 5668 eos
3527 5613 3784 5669 immittat

550 5684 716 5750 totum
776 5684 884 5752 hic.
908 5684 976 5751 ah
1020 5684 1235 5752 A'sterie
1272 5698 1321 5751 in
1365 5684 1631 5751 diabolum
1662 5698 1890 5761 dictum,
1931 5697 2019 5764 qui
2060 5684 2140 5751 sic
2170 5768 2175 5773 Δ
2239 5695 2443 5760 oculos,
2473 5696 2525 5747 in
2561 5692 2731 5761 ipsum
2765 5689 3091 5763 Stephanum
3116 5700 3392 5757 perperam
3427 5684 3673 5739 assumit.
