  <div class='ocr_page' id='page_1' title='image "/cluster/home/n/w/nwhite01/storage/ocr_20150623/40/mdp.39015041198055/180.png"; bbox 0 0 4076 6144; ppageno 0'>
   <div class='ocr_carea' id='block_1_1' title="bbox 328 366 439 426">
    <p class='ocr_par' dir='ltr' id='par_1_1' title="bbox 328 366 439 426">
     <span class='ocr_line' id='line_1_1' title="bbox 328 366 439 426; baseline -0.027 0"><span class='ocrx_word' id='word_1_1' title='bbox 328 366 439 426; x_wconf 63' lang='grc'><strong>345</strong></span> 
     </span>
    </p>
   </div>
   <div class='ocr_carea' id='block_1_2' title="bbox 1245 370 2601 431">
    <p class='ocr_par' dir='ltr' id='par_1_2' title="bbox 1245 370 2601 431">
     <span class='ocr_line' id='line_1_2' title="bbox 1245 370 2601 431; baseline 0.004 -6"><span class='ocrx_word' id='word_1_2' title='bbox 1245 370 1527 429; x_wconf 74' lang='lat' dir='ltr'><strong>HOMILIA</strong></span> <span class='ocrx_word' id='word_1_3' title='bbox 1574 373 1687 430; x_wconf 75' lang='lat' dir='ltr'><strong>XII.</strong></span> <span class='ocrx_word' id='word_1_4' title='bbox 1729 373 1792 427; x_wconf 82' lang='grc' dir='ltr'><strong>ΙΝ</strong></span> <span class='ocrx_word' id='word_1_5' title='bbox 1834 374 2115 430; x_wconf 74' lang='lat' dir='ltr'><strong>LAUDEH</strong></span> <span class='ocrx_word' id='word_1_6' title='bbox 2158 376 2217 430; x_wconf 85' lang='lat' dir='ltr'><strong>S.</strong></span> <span class='ocrx_word' id='word_1_7' title='bbox 2270 374 2601 431; x_wconf 71' lang='lat' dir='ltr'><strong>STEPHANI</strong></span> 
     </span>
    </p>
   </div>
   <div class='ocr_carea' id='block_1_3' title="bbox 3466 374 3570 432">
    <p class='ocr_par' dir='ltr' id='par_1_3' title="bbox 3466 374 3570 432">
     <span class='ocr_line' id='line_1_3' title="bbox 3466 374 3570 432; baseline 0.019 -2"><span class='ocrx_word' id='word_1_8' title='bbox 3466 374 3570 432; x_wconf 68' lang='grc' dir='ltr'><em>τις</em></span> 
     </span>
    </p>
   </div>
   <div class='ocr_carea' id='block_1_4' title="bbox 329 481 1904 558">
    <p class='ocr_par' dir='ltr' id='par_1_4' title="bbox 329 481 1901 558">
     <span class='ocr_line' id='line_1_4' title="bbox 329 481 1901 558; baseline 0.003 -21"><span class='ocrx_word' id='word_1_9' title='bbox 329 483 519 550; x_wconf 78' lang='grc' dir='ltr'><em>δεξιῶν</em></span> <span class='ocrx_word' id='word_1_10' title='bbox 563 483 624 536; x_wconf 74' lang='grc' dir='ltr'><em>ιν</em></span> <span class='ocrx_word' id='word_1_11' title='bbox 671 481 749 554; x_wconf 83' lang='grc' dir='ltr'><em>τῷ</em></span> <span class='ocrx_word' id='word_1_12' title='bbox 776 482 876 554; x_wconf 79' lang='grc' dir='ltr'><em>τῆς</em></span> <span class='ocrx_word' id='word_1_13' title='bbox 902 483 1307 555; x_wconf 79' lang='grc' dir='ltr'><em>ἀνθρωπήσεως</em></span> <span class='ocrx_word' id='word_1_14' title='bbox 1379 487 1635 558; x_wconf 78' lang='grc' dir='ltr'><em>σχήματι.</em></span> <span class='ocrx_word' id='word_1_15' title='bbox 1680 489 1744 540; x_wconf 85' lang='lat' dir='ltr'><strong>&quot;tt</strong></span> <span class='ocrx_word' id='word_1_16' title='bbox 1799 485 1901 557; x_wconf 83' lang='grc' dir='ltr'><em>τῆς</em></span> 
     </span>
    </p>
   </div>
   <div class='ocr_carea' id='block_1_5' title="bbox 2005 481 3574 558">
    <p class='ocr_par' dir='ltr' id='par_1_5' title="bbox 2005 486 3574 556">
     <span class='ocr_line' id='line_1_5' title="bbox 2005 486 3574 556; baseline 0.001 -13"><span class='ocrx_word' id='word_1_17' title='bbox 2005 496 2230 543; x_wconf 82' lang='lat' dir='ltr'><strong>stantem</strong></span> <span class='ocrx_word' id='word_1_18' title='bbox 2266 486 2320 541; x_wconf 89' lang='lat' dir='ltr'><strong>in</strong></span> <span class='ocrx_word' id='word_1_19' title='bbox 2346 489 2577 543; x_wconf 84' lang='lat' dir='ltr'><strong>humana</strong></span> <span class='ocrx_word' id='word_1_20' title='bbox 2612 486 2780 542; x_wconf 82' lang='lat' dir='ltr'><strong>forma</strong></span> <span class='ocrx_word' id='word_1_21' title='bbox 2818 486 3076 544; x_wconf 84' lang='lat' dir='ltr'><strong>ostendit.</strong></span> <span class='ocrx_word' id='word_1_22' title='bbox 3107 486 3435 556; x_wconf 83' lang='lat' dir='ltr'><strong>Oingeutem</strong></span> <span class='ocrx_word' id='word_1_23' title='bbox 3474 489 3574 544; x_wconf 85' lang='lat' dir='ltr'><strong>be-</strong></span> 
     </span>
    </p>
   </div>
   <div class='ocr_carea' id='block_1_6' title="bbox 328 573 1901 649">
    <p class='ocr_par' dir='ltr' id='par_1_6' title="bbox 328 573 1901 649">
     <span class='ocr_line' id='line_1_6' title="bbox 328 573 1901 649; baseline 0 -20"><span class='ocrx_word' id='word_1_24' title='bbox 328 574 772 647; x_wconf 81' lang='grc' dir='ltr'><em>φιλανθρωπίαςί</em></span> <span class='ocrx_word' id='word_1_25' title='bbox 826 573 871 628; x_wconf 86' lang='grc' dir='ltr'><strong>ὣ</strong></span> <span class='ocrx_word' id='word_1_26' title='bbox 924 575 1022 646; x_wconf 74' lang='grc' dir='ltr'><em>τῆς</em></span> <span class='ocrx_word' id='word_1_27' title='bbox 1077 574 1446 648; x_wconf 71' lang='grc' dir='ltr'><em>ἀγαθοσύνηςί</em></span> <span class='ocrx_word' id='word_1_28' title='bbox 1499 578 1771 648; x_wconf 83' lang='grc' dir='ltr'><strong>Ἐπεφάνη</strong></span> <span class='ocrx_word' id='word_1_29' title='bbox 1822 577 1901 649; x_wconf 83' lang='grc' dir='ltr'><em>τῷ</em></span> 
     </span>
    </p>
   </div>
   <div class='ocr_carea' id='block_1_7' title="bbox 326 659 1900 742">
    <p class='ocr_par' dir='ltr' id='par_1_7' title="bbox 326 659 1900 742">
     <span class='ocr_line' id='line_1_7' title="bbox 326 659 1900 742; baseline 0 -19"><span class='ocrx_word' id='word_1_30' title='bbox 326 667 535 739; x_wconf 77' lang='grc' dir='ltr'><strong>ἀθλητῇ</strong></span> <span class='ocrx_word' id='word_1_31' title='bbox 588 667 729 737; x_wconf 83' lang='grc' dir='ltr'><em>ὑπὲρ</em></span> <span class='ocrx_word' id='word_1_32' title='bbox 779 659 841 720; x_wconf 73' lang='grc' dir='ltr'>οὗ</span> <span class='ocrx_word' id='word_1_33' title='bbox 887 668 1201 737; x_wconf 73' lang='grc' dir='ltr'><em>ἠγωνίζετο·</em></span> <span class='ocrx_word' id='word_1_34' title='bbox 1243 669 1337 724; x_wconf 78' lang='grc' dir='ltr'><strong>καὶ</strong></span> <span class='ocrx_word' id='word_1_35' title='bbox 1392 672 1672 742; x_wconf 81' lang='grc' dir='ltr'><strong>μονονουχὶ</strong></span> <span class='ocrx_word' id='word_1_36' title='bbox 1722 672 1900 742; x_wconf 79' lang='grc' dir='ltr'><em>ἀφῆκε</em></span> 
     </span>
    </p>
   </div>
   <div class='ocr_carea' id='block_1_8' title="bbox 324 757 1899 829">
    <p class='ocr_par' dir='ltr' id='par_1_8' title="bbox 324 757 1899 829">
     <span class='ocr_line' id='line_1_8' title="bbox 324 757 1899 829; baseline 0.001 -15"><span class='ocrx_word' id='word_1_37' title='bbox 324 758 587 829; x_wconf 77' lang='grc' dir='ltr'><strong>τοιαύτην</strong></span> <span class='ocrx_word' id='word_1_38' title='bbox 614 757 796 829; x_wconf 79' lang='grc' dir='ltr'><em>φωνὴν</em></span> <span class='ocrx_word' id='word_1_39' title='bbox 832 759 968 829; x_wconf 84' lang='grc' dir='ltr'><em>πρὸς</em></span> <span class='ocrx_word' id='word_1_40' title='bbox 1015 759 1176 813; x_wconf 76' lang='grc' dir='ltr'><em>αὐτὸν</em></span> <span class='ocrx_word' id='word_1_41' title='bbox 1203 760 1231 812; x_wconf 84' lang='grc' dir='ltr'><strong>ὁ</strong></span> <span class='ocrx_word' id='word_1_42' title='bbox 1275 760 1385 813; x_wconf 86' lang='grc' dir='ltr'><strong>τῶν</strong></span> <span class='ocrx_word' id='word_1_43' title='bbox 1408 760 1543 814; x_wconf 81' lang='grc' dir='ltr'><em>ὅλων</em></span> <span class='ocrx_word' id='word_1_44' title='bbox 1579 761 1731 825; x_wconf 87' lang='grc' dir='ltr'><em>Θεός·</em></span> <span class='ocrx_word' id='word_1_45' title='bbox 1774 766 1899 829; x_wconf 87' lang='grc' dir='ltr'><strong>Μη-</strong></span> 
     </span>
    </p>
   </div>
   <div class='ocr_carea' id='block_1_9' title="bbox 325 844 1902 921">
    <p class='ocr_par' dir='ltr' id='par_1_9' title="bbox 325 844 1902 921">
     <span class='ocr_line' id='line_1_9' title="bbox 325 844 1902 921; baseline 0.002 -18"><span class='ocrx_word' id='word_1_46' title='bbox 325 849 438 906; x_wconf 73' lang='grc' dir='ltr'><em>δὲν</em></span> <span class='ocrx_word' id='word_1_47' title='bbox 470 848 724 920; x_wconf 75' lang='grc' dir='ltr'><em>ἀγεννὲς</em></span> <span class='ocrx_word' id='word_1_48' title='bbox 771 848 991 917; x_wconf 79' lang='grc' dir='ltr'><em>πάθῃς,</em></span> <span class='ocrx_word' id='word_1_49' title='bbox 1035 844 1082 904; x_wconf 84' lang='grc' dir='ltr'><strong>ὦ</strong></span> <span class='ocrx_word' id='word_1_50' title='bbox 1138 850 1421 921; x_wconf 68' lang='grc' dir='ltr'><em>Στέφανε.</em></span> <span class='ocrx_word' id='word_1_51' title='bbox 1481 851 1709 906; x_wconf 76' lang='grc' dir='ltr'><em>οὐδένα</em></span> <span class='ocrx_word' id='word_1_52' title='bbox 1742 850 1902 920; x_wconf 78' lang='grc' dir='ltr'><em>ἔχεις</em></span> 
     </span>
    </p>
   </div>
   <div class='ocr_carea' id='block_1_10' title="bbox 328 938 1902 1012">
    <p class='ocr_par' dir='ltr' id='par_1_10' title="bbox 328 938 1902 1012">
     <span class='ocr_line' id='line_1_10' title="bbox 328 938 1902 1012; baseline 0.004 -20"><span class='ocrx_word' id='word_1_53' title='bbox 328 938 657 1008; x_wconf 76' lang='grc' dir='ltr'><em>ἀνθρώπων</em></span> <span class='ocrx_word' id='word_1_54' title='bbox 686 939 1024 1008; x_wconf 75' lang='grc' dir='ltr'><em>σύμμαχον·</em></span> <span class='ocrx_word' id='word_1_55' title='bbox 1047 940 1246 1008; x_wconf 83' lang='grc' dir='ltr'><em>οὐδείς</em></span> <span class='ocrx_word' id='word_1_56' title='bbox 1274 957 1372 997; x_wconf 84' lang='grc' dir='ltr'><strong>σοι</strong></span> <span class='ocrx_word' id='word_1_57' title='bbox 1401 942 1740 1012; x_wconf 77' lang='grc' dir='ltr'><strong>παρέστηκε</strong></span> <span class='ocrx_word' id='word_1_58' title='bbox 1784 940 1902 998; x_wconf 86' lang='grc' dir='ltr'><strong>τῶν</strong></span> 
     </span>
    </p>
   </div>
   <div class='ocr_carea' id='block_1_11' title="bbox 328 1026 1900 1103">
    <p class='ocr_par' dir='ltr' id='par_1_11' title="bbox 328 1026 1900 1103">
     <span class='ocr_line' id='line_1_11' title="bbox 328 1026 1900 1103; baseline 0.004 -21"><span class='ocrx_word' id='word_1_59' title='bbox 328 1030 523 1103; x_wconf 66' lang='grc' dir='ltr'><em>φίλων</em></span> <span class='ocrx_word' id='word_1_60' title='bbox 542 1029 613 1083; x_wconf 82' lang='grc' dir='ltr'><em>ὲν</em></span> <span class='ocrx_word' id='word_1_61' title='bbox 643 1026 825 1097; x_wconf 81' lang='grc' dir='ltr'><em>καιρῷ</em></span> <span class='ocrx_word' id='word_1_62' title='bbox 862 1029 981 1082; x_wconf 82' lang='grc' dir='ltr'><strong>τῶν</strong></span> <span class='ocrx_word' id='word_1_63' title='bbox 1007 1030 1223 1086; x_wconf 88' lang='grc' dir='ltr'><em>δεινῶν</em></span> <span class='ocrx_word' id='word_1_64' title='bbox 1243 1048 1255 1060; x_wconf 93' lang='grc'><strong>·</strong></span> <span class='ocrx_word' id='word_1_65' title='bbox 1293 1033 1432 1087; x_wconf 78' lang='grc' dir='ltr'><em>ἀλλ’</em></span> <span class='ocrx_word' id='word_1_66' title='bbox 1461 1032 1575 1103; x_wconf 77' lang='grc' dir='ltr'><strong>ἐγὼ</strong></span> <span class='ocrx_word' id='word_1_67' title='bbox 1604 1032 1753 1102; x_wconf 82' lang='grc' dir='ltr'><em>μετὰ</em></span> <span class='ocrx_word' id='word_1_68' title='bbox 1793 1033 1900 1089; x_wconf 84' lang='grc' dir='ltr'><em>τοῦ</em></span> 
     </span>
    </p>
   </div>
   <div class='ocr_carea' id='block_1_12' title="bbox 343 1118 1899 1193">
    <p class='ocr_par' dir='ltr' id='par_1_12' title="bbox 343 1118 1899 1193">
     <span class='ocr_line' id='line_1_12' title="bbox 343 1118 1899 1193; baseline 0.001 -17"><span class='ocrx_word' id='word_1_69' title='bbox 343 1118 678 1187; x_wconf 77' lang='grc' dir='ltr'><em>Ἀγαπητοῦ</em></span> <span class='ocrx_word' id='word_1_70' title='bbox 731 1118 1040 1174; x_wconf 80' lang='grc' dir='ltr'><em>ἐποπτεύω</em></span> <span class='ocrx_word' id='word_1_71' title='bbox 1099 1121 1172 1175; x_wconf 78' lang='grc' dir='ltr'><em>τὰ</em></span> <span class='ocrx_word' id='word_1_72' title='bbox 1225 1121 1513 1191; x_wconf 85' lang='grc' dir='ltr'><em>δρώμενα.</em></span> <span class='ocrx_word' id='word_1_73' title='bbox 1576 1124 1811 1193; x_wconf 82' lang='grc' dir='ltr'><em>Ἐτοίμη</em></span> <span class='ocrx_word' id='word_1_74' title='bbox 1859 1123 1899 1191; x_wconf 79' lang='grc' dir='ltr'><strong><em>ἠ</em></strong></span> 
     </span>
    </p>
   </div>
   <div class='ocr_carea' id='block_1_13' title="bbox 329 1208 1900 1284">
    <p class='ocr_par' dir='ltr' id='par_1_13' title="bbox 329 1208 1900 1284">
     <span class='ocr_line' id='line_1_13' title="bbox 329 1208 1900 1284; baseline 0.003 -22"><span class='ocrx_word' id='word_1_75' title='bbox 329 1208 695 1277; x_wconf 75' lang='grc' dir='ltr'><em>ἀνάπαυσις,</em></span> <span class='ocrx_word' id='word_1_76' title='bbox 744 1209 1230 1282; x_wconf 77' lang='grc' dir='ltr'><strong>ἀναπεπταμέναι</strong></span> <span class='ocrx_word' id='word_1_77' title='bbox 1279 1212 1387 1268; x_wconf 83' lang='grc' dir='ltr'><em>τοῦ</em></span> <span class='ocrx_word' id='word_1_78' title='bbox 1435 1212 1803 1284; x_wconf 80' lang='grc' dir='ltr'><strong>παραδείσου</strong></span> <span class='ocrx_word' id='word_1_79' title='bbox 1840 1215 1900 1267; x_wconf 80' lang='grc' dir='ltr'><em>αἱ</em></span> 
     </span>
    </p>
   </div>
   <div class='ocr_carea' id='block_1_14' title="bbox 329 1301 1901 1372">
    <p class='ocr_par' dir='ltr' id='par_1_14' title="bbox 329 1301 1901 1372">
     <span class='ocr_line' id='line_1_14' title="bbox 329 1301 1901 1372; baseline -0.001 -15"><span class='ocrx_word' id='word_1_80' title='bbox 329 1301 537 1359; x_wconf 75' lang='grc' dir='ltr'><em>πύλαι.</em></span> <span class='ocrx_word' id='word_1_81' title='bbox 593 1301 821 1370; x_wconf 79' lang='grc' dir='ltr'><em>Μικρὸν</em></span> <span class='ocrx_word' id='word_1_82' title='bbox 862 1302 1239 1372; x_wconf 78' lang='grc' dir='ltr'><em>καρτερίσας,</em></span> <span class='ocrx_word' id='word_1_83' title='bbox 1284 1302 1574 1357; x_wconf 83' lang='grc' dir='ltr'><em>κατάλιπε</em></span> <span class='ocrx_word' id='word_1_84' title='bbox 1607 1303 1755 1368; x_wconf 76' lang='grc' dir='ltr'><em>βίον</em></span> <span class='ocrx_word' id='word_1_85' title='bbox 1793 1301 1901 1356; x_wconf 81' lang='grc' dir='ltr'><em>τὸν</em></span> 
     </span>
    </p>
   </div>
   <div class='ocr_carea' id='block_1_15' title="bbox 329 1390 1897 1463">
    <p class='ocr_par' dir='ltr' id='par_1_15' title="bbox 329 1390 1897 1463">
     <span class='ocr_line' id='line_1_15' title="bbox 329 1390 1897 1463; baseline -0.001 -15"><span class='ocrx_word' id='word_1_86' title='bbox 329 1393 719 1460; x_wconf 72' lang='grc' dir='ltr'><strong>πρόσκαιρον,</strong></span> <span class='ocrx_word' id='word_1_87' title='bbox 754 1390 850 1444; x_wconf 74' lang='grc' dir='ltr'><strong>καί</strong></span> <span class='ocrx_word' id='word_1_88' title='bbox 872 1393 1150 1447; x_wconf 79' lang='grc' dir='ltr'><strong>σπεῦσον</strong></span> <span class='ocrx_word' id='word_1_89' title='bbox 1186 1392 1334 1463; x_wconf 87' lang='grc' dir='ltr'><em>πρὸς</em></span> <span class='ocrx_word' id='word_1_90' title='bbox 1364 1391 1515 1462; x_wconf 78' lang='grc' dir='ltr'><em>ζωὴν</em></span> <span class='ocrx_word' id='word_1_91' title='bbox 1545 1392 1659 1461; x_wconf 79' lang='grc' dir='ltr'><em>τὴν</em></span> <span class='ocrx_word' id='word_1_92' title='bbox 1685 1392 1897 1456; x_wconf 82' lang='grc' dir='ltr'><em>ἀΐδιον,</em></span> 
     </span>
    </p>
   </div>
   <div class='ocr_carea' id='block_1_16' title="bbox 329 1482 1901 1571">
    <p class='ocr_par' dir='ltr' id='par_1_16' title="bbox 329 1482 1901 1571">
     <span class='ocr_line' id='line_1_16' title="bbox 329 1482 1901 1571; baseline -0.001 -33"><span class='ocrx_word' id='word_1_93' title='bbox 329 1483 426 1538; x_wconf 72' lang='grc' dir='ltr'><em>καὶ</em></span> <span class='ocrx_word' id='word_1_94' title='bbox 452 1483 807 1571; x_wconf 60' lang='grc' dir='ltr'><em>ρτέλεστον.</em></span> <span class='ocrx_word' id='word_1_95' title='bbox 849 1485 979 1537; x_wconf 85' lang='grc' dir='ltr'><em>Ἔτι</em></span> <span class='ocrx_word' id='word_1_96' title='bbox 1016 1484 1325 1555; x_wconf 77' lang='grc' dir='ltr'><strong>τυγχάνων</strong></span> <span class='ocrx_word' id='word_1_97' title='bbox 1365 1482 1522 1554; x_wconf 64' lang='grc' dir='ltr'><strong>ἐναινῂ¹</strong></span> <span class='ocrx_word' id='word_1_98' title='bbox 1552 1486 1726 1553; x_wconf 74' lang='grc' dir='ltr'><em>σαρκὶ</em></span> <span class='ocrx_word' id='word_1_99' title='bbox 1754 1482 1901 1549; x_wconf 82' lang='grc' dir='ltr'><strong>,ϐλέ-</strong></span> 
     </span>
    </p>
   </div>
   <div class='ocr_carea' id='block_1_17' title="bbox 327 1570 1900 1645">
    <p class='ocr_par' dir='ltr' id='par_1_17' title="bbox 327 1570 1900 1645">
     <span class='ocr_line' id='line_1_17' title="bbox 327 1570 1900 1645; baseline -0.001 -17"><span class='ocrx_word' id='word_1_100' title='bbox 327 1570 461 1639; x_wconf 84' lang='grc' dir='ltr'><em>πεις</em></span> <span class='ocrx_word' id='word_1_101' title='bbox 485 1574 654 1639; x_wconf 72' lang='grc' dir='ltr'><em>Θεὸν,</em></span> <span class='ocrx_word' id='word_1_102' title='bbox 683 1573 919 1645; x_wconf 64' lang='grc' dir='ltr'><em>πρᾶγμα</em></span> <span class='ocrx_word' id='word_1_103' title='bbox 936 1570 1140 1643; x_wconf 86' lang='grc' dir='ltr'><em>πάσης</em></span> <span class='ocrx_word' id='word_1_104' title='bbox 1158 1575 1483 1645; x_wconf 77' lang='grc' dir='ltr'><em>ἐγκοσμίου</em></span> <span class='ocrx_word' id='word_1_105' title='bbox 1515 1577 1752 1645; x_wconf 72' lang='grc' dir='ltr'><em>φύσεως</em></span> <span class='ocrx_word' id='word_1_106' title='bbox 1776 1576 1900 1645; x_wconf 83' lang='grc' dir='ltr'><strong>μεῖ-</strong></span> 
     </span>
    </p>
   </div>
   <div class='ocr_carea' id='block_1_18' title="bbox 328 1663 1903 1736">
    <p class='ocr_par' dir='ltr' id='par_1_18' title="bbox 328 1663 1903 1736">
     <span class='ocr_line' id='line_1_18' title="bbox 328 1663 1903 1736; baseline -0.003 -15"><span class='ocrx_word' id='word_1_107' title='bbox 328 1665 445 1728; x_wconf 75' lang='grc' dir='ltr'><em>ζον.</em></span> <span class='ocrx_word' id='word_1_108' title='bbox 512 1665 1049 1736; x_wconf 79' lang='grc' dir='ltr'><em>Ἐμυσταγωγήθης</em></span> <span class='ocrx_word' id='word_1_109' title='bbox 1096 1664 1257 1733; x_wconf 84' lang='grc' dir='ltr'><em>παρὰ</em></span> <span class='ocrx_word' id='word_1_110' title='bbox 1320 1664 1440 1719; x_wconf 83' lang='grc' dir='ltr'><strong>τῶν</strong></span> <span class='ocrx_word' id='word_1_111' title='bbox 1470 1663 1903 1735; x_wconf 40' lang='grc' dir='ltr'><em>,πρεσϐυτέρων</em></span> 
     </span>
    </p>
   </div>
   <div class='ocr_carea' id='block_1_19' title="bbox 325 1755 1900 1826">
    <p class='ocr_par' dir='ltr' id='par_1_19' title="bbox 325 1755 1900 1826">
     <span class='ocr_line' id='line_1_19' title="bbox 325 1755 1900 1826; baseline -0.001 -13"><span class='ocrx_word' id='word_1_112' title='bbox 325 1757 707 1822; x_wconf 71' lang='grc' dir='ltr'><em>ἀποστόλων,</em></span> <span class='ocrx_word' id='word_1_113' title='bbox 738 1756 828 1812; x_wconf 84' lang='grc' dir='ltr'><em>ὅτι</em></span> <span class='ocrx_word' id='word_1_114' title='bbox 859 1759 892 1812; x_wconf 84' lang='grc' dir='ltr'><strong>ό</strong></span> <span class='ocrx_word' id='word_1_115' title='bbox 918 1757 1120 1826; x_wconf 82' lang='grc' dir='ltr'><em>Πατὴρ</em></span> <span class='ocrx_word' id='word_1_116' title='bbox 1159 1756 1281 1826; x_wconf 79' lang='grc' dir='ltr'><em>ἔχει</em></span> <span class='ocrx_word' id='word_1_117' title='bbox 1308 1757 1442 1811; x_wconf 63' lang='lat' dir='ltr'><strong>my</strong></span> <span class='ocrx_word' id='word_1_118' title='bbox 1471 1755 1725 1825; x_wconf 76' lang='grc' dir='ltr'><em>γνήσιον</em></span> <span class='ocrx_word' id='word_1_119' title='bbox 1757 1757 1900 1826; x_wconf 74' lang='lat' dir='ltr'><strong>dra-</strong></span> 
     </span>
    </p>
   </div>
   <div class='ocr_carea' id='block_1_20' title="bbox 2012 578 3572 650">
    <p class='ocr_par' dir='ltr' id='par_1_20' title="bbox 2012 578 3572 650">
     <span class='ocr_line' id='line_1_20' title="bbox 2012 578 3572 650; baseline -0.001 -15"><span class='ocrx_word' id='word_1_120' title='bbox 2012 579 2358 650; x_wconf 81' lang='lat' dir='ltr'><strong>nignitatem!</strong></span> <span class='ocrx_word' id='word_1_121' title='bbox 2391 578 2435 634; x_wconf 91' lang='grc' dir='ltr'>Ο</span> <span class='ocrx_word' id='word_1_122' title='bbox 2468 580 2658 634; x_wconf 89' lang='lat' dir='ltr'><strong>miram</strong></span> <span class='ocrx_word' id='word_1_123' title='bbox 2698 581 3029 635; x_wconf 85' lang='lat' dir='ltr'><strong>bonitatem!</strong></span> <span class='ocrx_word' id='word_1_124' title='bbox 3068 579 3234 649; x_wconf 87' lang='lat' dir='ltr'><strong>Pugili</strong></span> <span class='ocrx_word' id='word_1_125' title='bbox 3266 594 3324 635; x_wconf 83' lang='lat' dir='ltr'><strong>se</strong></span> <span class='ocrx_word' id='word_1_126' title='bbox 3355 582 3572 650; x_wconf 85' lang='lat' dir='ltr'><strong>conspi-</strong></span> 
     </span>
    </p>
   </div>
   <div class='ocr_carea' id='block_1_21' title="bbox 2007 672 3575 744">
    <p class='ocr_par' dir='ltr' id='par_1_21' title="bbox 2007 672 3575 744">
     <span class='ocr_line' id='line_1_21' title="bbox 2007 672 3575 744; baseline -0.001 -15"><span class='ocrx_word' id='word_1_127' title='bbox 2007 690 2166 729; x_wconf 89' lang='lat' dir='ltr'><strong>cuum</strong></span> <span class='ocrx_word' id='word_1_128' title='bbox 2214 675 2443 744; x_wconf 72' lang='lat' dir='ltr'><strong>praebuit</strong></span> <span class='ocrx_word' id='word_1_129' title='bbox 2502 675 2549 729; x_wconf 84' lang='lat' dir='ltr'><strong>is</strong></span> <span class='ocrx_word' id='word_1_130' title='bbox 2600 690 2699 744; x_wconf 91' lang='lat' dir='ltr'><strong>pro</strong></span> <span class='ocrx_word' id='word_1_131' title='bbox 2738 690 2843 744; x_wconf 89' lang='lat' dir='ltr'><strong>quo</strong></span> <span class='ocrx_word' id='word_1_132' title='bbox 2877 675 2966 730; x_wconf 92' lang='lat' dir='ltr'><strong>ille</strong></span> <span class='ocrx_word' id='word_1_133' title='bbox 3012 674 3275 738; x_wconf 78' lang='lat' dir='ltr'><strong>certabat,</strong></span> <span class='ocrx_word' id='word_1_134' title='bbox 3304 672 3575 741; x_wconf 82' lang='lat' dir='ltr'><strong>talemque</strong></span> 
     </span>
    </p>
   </div>
   <div class='ocr_carea' id='block_1_22' title="bbox 2007 764 3570 833">
    <p class='ocr_par' dir='ltr' id='par_1_22' title="bbox 2007 764 3570 833">
     <span class='ocr_line' id='line_1_22' title="bbox 2007 764 3570 833; baseline 0.003 -17"><span class='ocrx_word' id='word_1_135' title='bbox 2007 764 2387 833; x_wconf 85' lang='lat' dir='ltr'><strong>propemodum</strong></span> <span class='ocrx_word' id='word_1_136' title='bbox 2476 765 2850 819; x_wconf 86' lang='lat' dir='ltr'><strong>universorum</strong></span> <span class='ocrx_word' id='word_1_137' title='bbox 2915 765 3054 821; x_wconf 90' lang='lat' dir='ltr'><strong>Deus</strong></span> <span class='ocrx_word' id='word_1_138' title='bbox 3105 767 3172 820; x_wconf 90' lang='lat' dir='ltr'><strong>ad</strong></span> <span class='ocrx_word' id='word_1_139' title='bbox 3214 780 3336 820; x_wconf 86' lang='lat' dir='ltr'><strong>eum</strong></span> <span class='ocrx_word' id='word_1_140' title='bbox 3381 777 3570 820; x_wconf 80' lang='lat' dir='ltr'><strong>vocent</strong></span> 
     </span>
    </p>
   </div>
   <div class='ocr_carea' id='block_1_23' title="bbox 2007 848 3572 922">
    <p class='ocr_par' dir='ltr' id='par_1_23' title="bbox 2007 848 3572 922">
     <span class='ocr_line' id='line_1_23' title="bbox 2007 848 3572 922; baseline -0.003 -15"><span class='ocrx_word' id='word_1_141' title='bbox 2007 852 2221 907; x_wconf 80' lang='lat' dir='ltr'><strong>demisit</strong></span> <span class='ocrx_word' id='word_1_142' title='bbox 2244 870 2257 907; x_wconf 93' lang='lat'>:</span> <span class='ocrx_word' id='word_1_143' title='bbox 2286 850 2386 905; x_wconf 85' lang='lat' dir='ltr'><strong>Eia</strong></span> <span class='ocrx_word' id='word_1_144' title='bbox 2409 850 2693 922; x_wconf 86' lang='lat' dir='ltr'><strong>Stephane,</strong></span> <span class='ocrx_word' id='word_1_145' title='bbox 2711 867 2775 906; x_wconf 90' lang='lat' dir='ltr'><strong>ne</strong></span> <span class='ocrx_word' id='word_1_146' title='bbox 2789 853 2913 921; x_wconf 83' lang='lat' dir='ltr'><strong>quid</strong></span> <span class='ocrx_word' id='word_1_147' title='bbox 2936 853 3157 921; x_wconf 86' lang='lat' dir='ltr'><strong>patiaris</strong></span> <span class='ocrx_word' id='word_1_148' title='bbox 3177 849 3439 919; x_wconf 81' lang='lat' dir='ltr'><strong>degeneris</strong></span> <span class='ocrx_word' id='word_1_149' title='bbox 3454 848 3572 903; x_wconf 80' lang='lat' dir='ltr'><strong>ani-</strong></span> 
     </span>
    </p>
   </div>
   <div class='ocr_carea' id='block_1_24' title="bbox 2005 938 3573 1014">
    <p class='ocr_par' dir='ltr' id='par_1_24' title="bbox 2005 938 3573 1014">
     <span class='ocr_line' id='line_1_24' title="bbox 2005 938 3573 1014; baseline -0.004 -18"><span class='ocrx_word' id='word_1_150' title='bbox 2005 943 2099 996; x_wconf 87' lang='lat' dir='ltr'><strong>mi.</strong></span> <span class='ocrx_word' id='word_1_151' title='bbox 2155 942 2468 1014; x_wconf 81' lang='lat' dir='ltr'><strong>Quanquam</strong></span> <span class='ocrx_word' id='word_1_152' title='bbox 2530 944 2668 996; x_wconf 85' lang='lat' dir='ltr'><strong>enim</strong></span> <span class='ocrx_word' id='word_1_153' title='bbox 2709 942 2910 995; x_wconf 84' lang='lat' dir='ltr'><strong>nullum</strong></span> <span class='ocrx_word' id='word_1_154' title='bbox 2958 943 3216 997; x_wconf 80' lang='lat' dir='ltr'><strong>hominem</strong></span> <span class='ocrx_word' id='word_1_155' title='bbox 3264 941 3440 1000; x_wconf 86' lang='lat' dir='ltr'><strong>habes.</strong></span> <span class='ocrx_word' id='word_1_156' title='bbox 3482 938 3573 1008; x_wconf 82' lang='lat' dir='ltr'><strong>qui</strong></span> 
     </span>
    </p>
   </div>
   <div class='ocr_carea' id='block_1_25' title="bbox 2006 1033 3571 1101">
    <p class='ocr_par' dir='ltr' id='par_1_25' title="bbox 2006 1033 3571 1101">
     <span class='ocr_line' id='line_1_25' title="bbox 2006 1033 3571 1101; baseline -0.004 -11"><span class='ocrx_word' id='word_1_157' title='bbox 2006 1035 2295 1090; x_wconf 72' lang='lat' dir='ltr'><strong>auxiliatur</strong></span> <span class='ocrx_word' id='word_1_158' title='bbox 2316 1077 2329 1098; x_wconf 88' lang='lat'><strong>,</strong></span> <span class='ocrx_word' id='word_1_159' title='bbox 2364 1033 2641 1099; x_wconf 86' lang='lat' dir='ltr'><strong>nullusque</strong></span> <span class='ocrx_word' id='word_1_160' title='bbox 2666 1034 2866 1087; x_wconf 80' lang='lat' dir='ltr'><strong>amicus</strong></span> <span class='ocrx_word' id='word_1_161' title='bbox 2892 1033 2988 1087; x_wconf 82' lang='lat' dir='ltr'><strong>tibi</strong></span> <span class='ocrx_word' id='word_1_162' title='bbox 3011 1042 3200 1101; x_wconf 78' lang='lat' dir='ltr'><strong>pra&#39;sto</strong></span> <span class='ocrx_word' id='word_1_163' title='bbox 3225 1034 3290 1087; x_wconf 84' lang='lat' dir='ltr'><strong>sit</strong></span> <span class='ocrx_word' id='word_1_164' title='bbox 3317 1047 3571 1088; x_wconf 74' lang='lat' dir='ltr'><strong>rerumnu-</strong></span> 
     </span>
    </p>
   </div>
   <div class='ocr_carea' id='block_1_26' title="bbox 2006 1123 3569 1205">
    <p class='ocr_par' dir='ltr' id='par_1_26' title="bbox 2006 1123 3569 1205">
     <span class='ocr_line' id='line_1_26' title="bbox 2006 1123 3569 1205; baseline -0.004 -25"><span class='ocrx_word' id='word_1_165' title='bbox 2006 1136 2391 1205; x_wconf 80' lang='lat' dir='ltr'><strong>rumtempore.</strong></span> <span class='ocrx_word' id='word_1_166' title='bbox 2444 1140 2536 1194; x_wconf 78' lang='lat' dir='ltr'><strong>ego</strong></span> <span class='ocrx_word' id='word_1_167' title='bbox 2585 1123 2925 1178; x_wconf 74' lang='lat' dir='ltr'><strong>nihilominus</strong></span> <span class='ocrx_word' id='word_1_168' title='bbox 2972 1140 3078 1178; x_wconf 87' lang='lat' dir='ltr'><strong>una</strong></span> <span class='ocrx_word' id='word_1_169' title='bbox 3102 1139 3219 1177; x_wconf 84' lang='lat' dir='ltr'><strong>cum</strong></span> <span class='ocrx_word' id='word_1_170' title='bbox 3246 1123 3467 1189; x_wconf 85' lang='lat' dir='ltr'><strong>Dilecto,</strong></span> <span class='ocrx_word' id='word_1_171' title='bbox 3508 1137 3569 1175; x_wconf 89' lang='lat' dir='ltr'><strong><em>ea</em></strong></span> 
     </span>
    </p>
   </div>
   <div class='ocr_carea' id='block_1_27' title="bbox 2003 1214 3570 1288">
    <p class='ocr_par' dir='ltr' id='par_1_27' title="bbox 2003 1214 3570 1288">
     <span class='ocr_line' id='line_1_27' title="bbox 2003 1214 3570 1288; baseline -0.006 -14"><span class='ocrx_word' id='word_1_172' title='bbox 2003 1235 2122 1283; x_wconf 75' lang='lat' dir='ltr'><strong>autc</strong></span> <span class='ocrx_word' id='word_1_173' title='bbox 2150 1217 2282 1288; x_wconf 80' lang='lat' dir='ltr'><strong>ﬁunt</strong></span> <span class='ocrx_word' id='word_1_174' title='bbox 2323 1217 2552 1271; x_wconf 78' lang='lat' dir='ltr'><strong>observo.</strong></span> <span class='ocrx_word' id='word_1_175' title='bbox 2605 1214 2808 1270; x_wconf 67' lang='lat' dir='ltr'><strong>Praesto</strong></span> <span class='ocrx_word' id='word_1_176' title='bbox 2856 1216 3055 1285; x_wconf 88' lang='lat' dir='ltr'><strong>requies</strong></span> <span class='ocrx_word' id='word_1_177' title='bbox 3095 1225 3204 1280; x_wconf 86' lang='lat' dir='ltr'><strong>est;</strong></span> <span class='ocrx_word' id='word_1_178' title='bbox 3235 1223 3410 1284; x_wconf 84' lang='lat' dir='ltr'><strong>patent</strong></span> <span class='ocrx_word' id='word_1_179' title='bbox 3440 1228 3570 1267; x_wconf 55' lang='lat' dir='ltr'><strong>rese.</strong></span> 
     </span>
    </p>
   </div>
   <div class='ocr_carea' id='block_1_28' title="bbox 2006 1304 3574 1380">
    <p class='ocr_par' dir='ltr' id='par_1_28' title="bbox 2006 1304 3574 1380">
     <span class='ocr_line' id='line_1_28' title="bbox 2006 1304 3574 1380; baseline -0.008 -13"><span class='ocrx_word' id='word_1_180' title='bbox 2006 1319 2137 1367; x_wconf 79' lang='lat' dir='ltr'><strong>rata:</strong></span> <span class='ocrx_word' id='word_1_181' title='bbox 2160 1309 2396 1380; x_wconf 75' lang='lat' dir='ltr'><strong>paradisi</strong></span> <span class='ocrx_word' id='word_1_182' title='bbox 2425 1316 2610 1377; x_wconf 76' lang='lat' dir='ltr'><strong>portae.</strong></span> <span class='ocrx_word' id='word_1_183' title='bbox 2664 1304 2962 1371; x_wconf 81' lang='lat' dir='ltr'><strong>Parumper</strong></span> <span class='ocrx_word' id='word_1_184' title='bbox 3006 1306 3287 1370; x_wconf 78' lang='lat' dir='ltr'><strong>sustinens,</strong></span> <span class='ocrx_word' id='word_1_185' title='bbox 3319 1316 3574 1374; x_wconf 83' lang='lat' dir='ltr'><strong>tempora-</strong></span> 
     </span>
    </p>
   </div>
   <div class='ocr_carea' id='block_1_29' title="bbox 2007 1396 3573 1462">
    <p class='ocr_par' dir='ltr' id='par_1_29' title="bbox 2007 1396 3573 1462">
     <span class='ocr_line' id='line_1_29' title="bbox 2007 1396 3573 1462; baseline -0.006 -8"><span class='ocrx_word' id='word_1_186' title='bbox 2007 1415 2153 1455; x_wconf 86' lang='lat' dir='ltr'><strong>neam</strong></span> <span class='ocrx_word' id='word_1_187' title='bbox 2189 1400 2343 1453; x_wconf 89' lang='lat' dir='ltr'><strong>istam</strong></span> <span class='ocrx_word' id='word_1_188' title='bbox 2380 1400 2535 1451; x_wconf 80' lang='lat' dir='ltr'><strong>vitam</strong></span> <span class='ocrx_word' id='word_1_189' title='bbox 2581 1398 2779 1462; x_wconf 81' lang='lat' dir='ltr'><strong>desere,</strong></span> <span class='ocrx_word' id='word_1_190' title='bbox 2823 1413 2887 1451; x_wconf 90' lang='lat' dir='ltr'><strong>ac</strong></span> <span class='ocrx_word' id='word_1_191' title='bbox 2925 1397 2993 1450; x_wconf 86' lang='lat' dir='ltr'><strong>ad</strong></span> <span class='ocrx_word' id='word_1_192' title='bbox 3011 1396 3573 1461; x_wconf 77' lang='lat' dir='ltr'><strong>teternam,immorta-</strong></span> 
     </span>
    </p>
   </div>
   <div class='ocr_carea' id='block_1_30' title="bbox 2004 1484 3570 1559">
    <p class='ocr_par' dir='ltr' id='par_1_30' title="bbox 2004 1484 3570 1559">
     <span class='ocr_line' id='line_1_30' title="bbox 2004 1484 3570 1559; baseline -0.006 -15"><span class='ocrx_word' id='word_1_193' title='bbox 2004 1491 2203 1559; x_wconf 78' lang='lat' dir='ltr'><strong>lemque</strong></span> <span class='ocrx_word' id='word_1_194' title='bbox 2224 1491 2494 1543; x_wconf 79' lang='lat' dir='ltr'><strong>contende.</strong></span> <span class='ocrx_word' id='word_1_195' title='bbox 2514 1487 2702 1542; x_wconf 81' lang='lat' dir='ltr'><strong>Adhuc</strong></span> <span class='ocrx_word' id='word_1_196' title='bbox 2733 1488 2920 1554; x_wconf 88' lang='lat' dir='ltr'><strong>degens</strong></span> <span class='ocrx_word' id='word_1_197' title='bbox 2953 1488 3009 1540; x_wconf 86' lang='lat' dir='ltr'><strong>in</strong></span> <span class='ocrx_word' id='word_1_198' title='bbox 3035 1503 3191 1541; x_wconf 87' lang='lat' dir='ltr'><strong>carne</strong></span> <span class='ocrx_word' id='word_1_199' title='bbox 3218 1484 3382 1539; x_wconf 83' lang='lat' dir='ltr'><strong>Deum</strong></span> <span class='ocrx_word' id='word_1_200' title='bbox 3399 1485 3570 1547; x_wconf 76' lang='lat' dir='ltr'><strong>vides;</strong></span> 
     </span>
    </p>
   </div>
   <div class='ocr_carea' id='block_1_31' title="bbox 2004 1573 3573 1650">
    <p class='ocr_par' dir='ltr' id='par_1_31' title="bbox 2004 1573 3573 1650">
     <span class='ocr_line' id='line_1_31' title="bbox 2004 1573 3573 1650; baseline -0.003 -16"><span class='ocrx_word' id='word_1_201' title='bbox 2004 1581 2141 1650; x_wconf 86' lang='lat' dir='ltr'><strong>quod</strong></span> <span class='ocrx_word' id='word_1_202' title='bbox 2164 1579 2317 1649; x_wconf 82' lang='lat' dir='ltr'><strong><em>plane</em></strong></span> <span class='ocrx_word' id='word_1_203' title='bbox 2342 1578 2623 1633; x_wconf 75' lang='lat' dir='ltr'><strong>mundanar</strong></span> <span class='ocrx_word' id='word_1_204' title='bbox 2649 1578 2816 1632; x_wconf 79' lang='lat' dir='ltr'><strong>omnis</strong></span> <span class='ocrx_word' id='word_1_205' title='bbox 2843 1585 3047 1631; x_wconf 74' lang='lat' dir='ltr'><strong>naturae</strong></span> <span class='ocrx_word' id='word_1_206' title='bbox 3075 1584 3281 1645; x_wconf 82' lang='lat' dir='ltr'><strong>superat</strong></span> <span class='ocrx_word' id='word_1_207' title='bbox 3303 1577 3456 1630; x_wconf 83' lang='lat' dir='ltr'><strong>vires.</strong></span> <span class='ocrx_word' id='word_1_208' title='bbox 3480 1573 3573 1629; x_wconf 84' lang='lat' dir='ltr'><strong>Sa-</strong></span> 
     </span>
    </p>
   </div>
   <div class='ocr_carea' id='block_1_32' title="bbox 2006 1663 3567 1739">
    <p class='ocr_par' dir='ltr' id='par_1_32' title="bbox 2006 1663 3567 1739">
     <span class='ocr_line' id='line_1_32' title="bbox 2006 1663 3567 1739; baseline -0.005 -15"><span class='ocrx_word' id='word_1_209' title='bbox 2006 1688 2152 1725; x_wconf 88' lang='lat' dir='ltr'><strong>crum</strong></span> <span class='ocrx_word' id='word_1_210' title='bbox 2176 1670 2316 1725; x_wconf 88' lang='lat' dir='ltr'><strong>istud</strong></span> <span class='ocrx_word' id='word_1_211' title='bbox 2342 1671 2577 1739; x_wconf 84' lang='lat' dir='ltr'><strong>mysterii</strong></span> <span class='ocrx_word' id='word_1_212' title='bbox 2601 1668 2847 1735; x_wconf 85' lang='lat' dir='ltr'><strong>accepisti</strong></span> <span class='ocrx_word' id='word_1_213' title='bbox 2876 1684 2909 1722; x_wconf 85' lang='grc' dir='ltr'><strong>α</strong></span> <span class='ocrx_word' id='word_1_214' title='bbox 2955 1666 3245 1722; x_wconf 78' lang='lat' dir='ltr'><strong>senioribus</strong></span> <span class='ocrx_word' id='word_1_215' title='bbox 3280 1663 3531 1733; x_wconf 72' lang='lat' dir='ltr'><strong>apostolis</strong></span> <span class='ocrx_word' id='word_1_216' title='bbox 3550 1702 3567 1727; x_wconf 84' lang='lat'><strong>,</strong></span> 
     </span>
    </p>
   </div>
   <div class='ocr_carea' id='block_1_33' title="bbox 2008 1756 3571 1826">
    <p class='ocr_par' dir='ltr' id='par_1_33' title="bbox 2008 1756 3571 1826">
     <span class='ocr_line' id='line_1_33' title="bbox 2008 1756 3571 1826; baseline -0.007 -10"><span class='ocrx_word' id='word_1_217' title='bbox 2008 1760 2246 1826; x_wconf 85' lang='lat' dir='ltr'><strong>Patrem,</strong></span> <span class='ocrx_word' id='word_1_218' title='bbox 2275 1776 2451 1815; x_wconf 79' lang='lat' dir='ltr'><strong>verum</strong></span> <span class='ocrx_word' id='word_1_219' title='bbox 2474 1758 2660 1814; x_wconf 88' lang='lat' dir='ltr'><strong>habere</strong></span> <span class='ocrx_word' id='word_1_220' title='bbox 2686 1757 2885 1811; x_wconf 83' lang='lat' dir='ltr'><strong>Filium</strong></span> <span class='ocrx_word' id='word_1_221' title='bbox 2912 1756 3159 1811; x_wconf 80' lang='lat' dir='ltr'><strong>dilectum</strong></span> <span class='ocrx_word' id='word_1_222' title='bbox 3185 1776 3204 1819; x_wconf 62' lang='grc' dir='ltr'><em>,ε</em></span> <span class='ocrx_word' id='word_1_223' title='bbox 3236 1770 3373 1809; x_wconf 87' lang='lat' dir='ltr'><strong>nunc</strong></span> <span class='ocrx_word' id='word_1_224' title='bbox 3396 1761 3571 1807; x_wconf 88' lang='lat' dir='ltr'><strong>autem</strong></span> 
     </span>
    </p>
   </div>
   <div class='ocr_carea' id='block_1_34' title="bbox 327 1837 1904 1919">
    <p class='ocr_par' dir='ltr' id='par_1_34' title="bbox 327 1846 1904 1919">
     <span class='ocr_line' id='line_1_34' title="bbox 327 1846 1904 1919; baseline -0.003 -15"><span class='ocrx_word' id='word_1_225' title='bbox 327 1851 541 1916; x_wconf 72' lang='grc' dir='ltr'><em>πητόν.</em></span> <span class='ocrx_word' id='word_1_226' title='bbox 583 1848 737 1903; x_wconf 89' lang='grc' dir='ltr'><em>Ἰδοὺ</em></span> <span class='ocrx_word' id='word_1_227' title='bbox 787 1847 902 1918; x_wconf 73' lang='grc' dir='ltr'><strong>ἐγὼ</strong></span> <span class='ocrx_word' id='word_1_228' title='bbox 933 1847 1049 1918; x_wconf 79' lang='grc' dir='ltr'><em>μέν</em></span> <span class='ocrx_word' id='word_1_229' title='bbox 1075 1864 1174 1903; x_wconf 90' lang='grc' dir='ltr'><strong>σοι</strong></span> <span class='ocrx_word' id='word_1_230' title='bbox 1213 1848 1432 1902; x_wconf 80' lang='grc' dir='ltr'><em>ἑαυτὸν</em></span> <span class='ocrx_word' id='word_1_231' title='bbox 1461 1846 1772 1919; x_wconf 67' lang='grc' dir='ltr'><em>ἐμφανίζῖο,</em></span> <span class='ocrx_word' id='word_1_232' title='bbox 1826 1848 1904 1914; x_wconf 86' lang='grc' dir='ltr'><em>ὡς</em></span> 
     </span>
    </p>
   </div>
   <div class='ocr_carea' id='block_1_35' title="bbox 2005 1837 3571 1919">
    <p class='ocr_par' dir='ltr' id='par_1_35' title="bbox 2009 1841 3571 1911">
     <span class='ocr_line' id='line_1_35' title="bbox 2009 1841 3571 1911; baseline -0.004 -12"><span class='ocrx_word' id='word_1_233' title='bbox 2009 1847 2101 1901; x_wconf 89' lang='lat' dir='ltr'><strong>tibi</strong></span> <span class='ocrx_word' id='word_1_234' title='bbox 2137 1862 2256 1901; x_wconf 87' lang='lat' dir='ltr'><strong>eum</strong></span> <span class='ocrx_word' id='word_1_235' title='bbox 2287 1846 2526 1910; x_wconf 81' lang='lat' dir='ltr'><strong>ostendo,</strong></span> <span class='ocrx_word' id='word_1_236' title='bbox 2554 1855 2805 1911; x_wconf 84' lang='lat' dir='ltr'><strong>quantum</strong></span> <span class='ocrx_word' id='word_1_237' title='bbox 2833 1860 2925 1911; x_wconf 79' lang='lat' dir='ltr'><strong>per</strong></span> <span class='ocrx_word' id='word_1_238' title='bbox 2960 1842 3198 1897; x_wconf 81' lang='lat' dir='ltr'><strong>mortalis</strong></span> <span class='ocrx_word' id='word_1_239' title='bbox 3219 1841 3571 1895; x_wconf 79' lang='lat' dir='ltr'><strong>conditionem</strong></span> 
     </span>
    </p>
   </div>
   <div class='ocr_carea' id='block_1_36' title="bbox 327 1934 1905 2008">
    <p class='ocr_par' dir='ltr' id='par_1_36' title="bbox 327 1934 1905 2008">
     <span class='ocr_line' id='line_1_36' title="bbox 327 1934 1905 2008; baseline 0.002 -20"><span class='ocrx_word' id='word_1_240' title='bbox 327 1935 587 1990; x_wconf 83' lang='grc' dir='ltr'><em>δύνασαι</em></span> <span class='ocrx_word' id='word_1_241' title='bbox 630 1934 855 2008; x_wconf 77' lang='grc' dir='ltr'><em>φέρειν.</em></span> <span class='ocrx_word' id='word_1_242' title='bbox 905 1937 1254 2007; x_wconf 83' lang='grc' dir='ltr'><em>Παρέστηκε</em></span> <span class='ocrx_word' id='word_1_243' title='bbox 1297 1935 1365 1991; x_wconf 80' lang='grc' dir='ltr'><em>δέ</em></span> <span class='ocrx_word' id='word_1_244' title='bbox 1410 1955 1514 2008; x_wconf 82' lang='grc' dir='ltr'><strong>μοι</strong></span> <span class='ocrx_word' id='word_1_245' title='bbox 1540 1937 1638 1993; x_wconf 72' lang='grc' dir='ltr'><em>καὶ</em></span> <span class='ocrx_word' id='word_1_246' title='bbox 1678 1941 1712 1992; x_wconf 89' lang='grc' dir='ltr'><strong>ό</strong></span> <span class='ocrx_word' id='word_1_247' title='bbox 1772 1938 1905 2003; x_wconf 77' lang='grc' dir='ltr'><strong>Υἱὸς</strong></span> 
     </span>
    </p>
   </div>
   <div class='ocr_carea' id='block_1_37' title="bbox 325 2026 1905 2099">
    <p class='ocr_par' dir='ltr' id='par_1_37' title="bbox 325 2026 1905 2099">
     <span class='ocr_line' id='line_1_37' title="bbox 325 2026 1905 2099; baseline -0.003 -13"><span class='ocrx_word' id='word_1_248' title='bbox 325 2027 395 2086; x_wconf 74' lang='grc' dir='ltr'><strong><em>ἐκ</em></strong></span> <span class='ocrx_word' id='word_1_249' title='bbox 428 2026 662 2095; x_wconf 78' lang='grc' dir='ltr'><strong>δεξιῶν,</strong></span> <span class='ocrx_word' id='word_1_250' title='bbox 690 2029 792 2084; x_wconf 76' lang='grc' dir='ltr'><em>ινα</em></span> <span class='ocrx_word' id='word_1_251' title='bbox 822 2027 898 2098; x_wconf 80' lang='grc' dir='ltr'><em>τῇ</em></span> <span class='ocrx_word' id='word_1_252' title='bbox 944 2027 1158 2099; x_wconf 84' lang='grc' dir='ltr'><em>σχέσει</em></span> <span class='ocrx_word' id='word_1_253' title='bbox 1206 2028 1314 2082; x_wconf 84' lang='grc' dir='ltr'><strong>τοῦ</strong></span> <span class='ocrx_word' id='word_1_254' title='bbox 1363 2029 1550 2083; x_wconf 85' lang='grc' dir='ltr'><em>τόπου</em></span> <span class='ocrx_word' id='word_1_255' title='bbox 1591 2027 1748 2099; x_wconf 74' lang='grc' dir='ltr'><em>γνῷς</em></span> <span class='ocrx_word' id='word_1_256' title='bbox 1790 2028 1905 2096; x_wconf 77' lang='grc' dir='ltr'><em>τὴν</em></span> 
     </span>
    </p>
   </div>
   <div class='ocr_carea' id='block_1_38' title="bbox 326 2108 1904 2187">
    <p class='ocr_par' dir='ltr' id='par_1_38' title="bbox 326 2108 1904 2187">
     <span class='ocr_line' id='line_1_38' title="bbox 326 2108 1904 2187; baseline 0 -15"><span class='ocrx_word' id='word_1_257' title='bbox 326 2118 523 2187; x_wconf 77' lang='grc' dir='ltr'><em>τιμήν.</em></span> <span class='ocrx_word' id='word_1_258' title='bbox 569 2108 998 2181; x_wconf 79' lang='grc' dir='ltr'><em>Ἐσκανδάλιζε</em></span> <span class='ocrx_word' id='word_1_259' title='bbox 1043 2121 1177 2174; x_wconf 85' lang='grc' dir='ltr'><em>τότε</em></span> <span class='ocrx_word' id='word_1_260' title='bbox 1196 2117 1339 2186; x_wconf 85' lang='grc' dir='ltr'><em>τοὺς</em></span> <span class='ocrx_word' id='word_1_261' title='bbox 1357 2118 1645 2184; x_wconf 88' lang='grc' dir='ltr'><em>πολλοὺς,</em></span> <span class='ocrx_word' id='word_1_262' title='bbox 1676 2120 1727 2173; x_wconf 83' lang='grc' dir='ltr'><em>εὶ</em></span> <span class='ocrx_word' id='word_1_263' title='bbox 1762 2119 1904 2185; x_wconf 78' lang='grc' dir='ltr'><em>Θεὸς</em></span> 
     </span>
    </p>
   </div>
   <div class='ocr_carea' id='block_1_39' title="bbox 325 2203 1905 2279">
    <p class='ocr_par' dir='ltr' id='par_1_39' title="bbox 325 2203 1905 2279">
     <span class='ocr_line' id='line_1_39' title="bbox 325 2203 1905 2279; baseline 0.001 -16"><span class='ocrx_word' id='word_1_264' title='bbox 325 2207 399 2263; x_wconf 78' lang='grc' dir='ltr'><em>ἐν</em></span> <span class='ocrx_word' id='word_1_265' title='bbox 420 2204 499 2277; x_wconf 75' lang='grc' dir='ltr'><strong>τῇ</strong></span> <span class='ocrx_word' id='word_1_266' title='bbox 526 2203 732 2276; x_wconf 72' lang='grc' dir='ltr'><em>σάρκα</em></span> <span class='ocrx_word' id='word_1_267' title='bbox 748 2206 1147 2276; x_wconf 79' lang='grc' dir='ltr'><em>περιεϐάλετο·</em></span> <span class='ocrx_word' id='word_1_268' title='bbox 1176 2209 1312 2264; x_wconf 82' lang='grc' dir='ltr'><em>ἀλλ’</em></span> <span class='ocrx_word' id='word_1_269' title='bbox 1357 2208 1466 2279; x_wconf 84' lang='grc' dir='ltr'><em>ὅρα</em></span> <span class='ocrx_word' id='word_1_270' title='bbox 1487 2208 1605 2264; x_wconf 86' lang='grc' dir='ltr'><em>νῦν</em></span> <span class='ocrx_word' id='word_1_271' title='bbox 1623 2209 1810 2264; x_wconf 82' lang='grc' dir='ltr'><em>αὐτὸν</em></span> <span class='ocrx_word' id='word_1_272' title='bbox 1834 2209 1905 2264; x_wconf 85' lang='grc' dir='ltr'><em>ἐν</em></span> 
     </span>
    </p>
   </div>
   <div class='ocr_carea' id='block_1_40' title="bbox 325 2296 1905 2370">
    <p class='ocr_par' dir='ltr' id='par_1_40' title="bbox 325 2296 1905 2370">
     <span class='ocr_line' id='line_1_40' title="bbox 325 2296 1905 2370; baseline 0.003 -20"><span class='ocrx_word' id='word_1_273' title='bbox 325 2296 408 2362; x_wconf 81' lang='grc' dir='ltr'><em>τῷ</em></span> <span class='ocrx_word' id='word_1_274' title='bbox 434 2296 576 2366; x_wconf 75' lang='grc' dir='ltr'><em>ὕψει</em></span> <span class='ocrx_word' id='word_1_275' title='bbox 604 2298 730 2368; x_wconf 83' lang='grc' dir='ltr'><em>μετ’</em></span> <span class='ocrx_word' id='word_1_276' title='bbox 759 2297 907 2368; x_wconf 77' lang='grc' dir='ltr'><strong>ἐμοῦ</strong></span> <span class='ocrx_word' id='word_1_277' title='bbox 929 2339 945 2364; x_wconf 92' lang='grc'><strong>,</strong></span> <span class='ocrx_word' id='word_1_278' title='bbox 982 2297 1286 2368; x_wconf 83' lang='grc' dir='ltr'><em>οὐράνιον,</em></span> <span class='ocrx_word' id='word_1_279' title='bbox 1345 2300 1445 2355; x_wconf 74' lang='grc' dir='ltr'><strong>καί</strong></span> <span class='ocrx_word' id='word_1_280' title='bbox 1473 2299 1905 2370; x_wconf 84' lang='grc' dir='ltr'><em>ὑπερουράνιον</em></span> 
     </span>
    </p>
   </div>
   <div class='ocr_carea' id='block_1_41' title="bbox 326 2385 1904 2463">
    <p class='ocr_par' dir='ltr' id='par_1_41' title="bbox 326 2385 1904 2463">
     <span class='ocr_line' id='line_1_41' title="bbox 326 2385 1904 2463; baseline 0.003 -24"><span class='ocrx_word' id='word_1_281' title='bbox 326 2385 584 2463; x_wconf 67' lang='grc' dir='ltr'><em>φέροντα</em></span> <span class='ocrx_word' id='word_1_282' title='bbox 613 2387 723 2443; x_wconf 84' lang='grc' dir='ltr'><em>τοῦ</em></span> <span class='ocrx_word' id='word_1_283' title='bbox 776 2388 1095 2458; x_wconf 79' lang='grc' dir='ltr'><em>ἀνθρώπου</em></span> <span class='ocrx_word' id='word_1_284' title='bbox 1147 2390 1413 2459; x_wconf 73' lang='grc' dir='ltr'><em>μορφὴν,</em></span> <span class='ocrx_word' id='word_1_285' title='bbox 1461 2392 1549 2458; x_wconf 87' lang='grc' dir='ltr'><em>εις</em></span> <span class='ocrx_word' id='word_1_286' title='bbox 1576 2391 1904 2457; x_wconf 77' lang='grc' dir='ltr'><em>βεϐαίωσιν</em></span> 
     </span>
    </p>
   </div>
   <div class='ocr_carea' id='block_1_42' title="bbox 324 2477 1904 2551">
    <p class='ocr_par' dir='ltr' id='par_1_42' title="bbox 324 2477 1904 2551">
     <span class='ocr_line' id='line_1_42' title="bbox 324 2477 1904 2551; baseline 0.003 -18"><span class='ocrx_word' id='word_1_287' title='bbox 324 2477 437 2546; x_wconf 83' lang='grc' dir='ltr'><em>τῆς</em></span> <span class='ocrx_word' id='word_1_288' title='bbox 471 2480 862 2549; x_wconf 77' lang='grc' dir='ltr'><em>τελεσθείσης</em></span> <span class='ocrx_word' id='word_1_289' title='bbox 884 2481 1243 2551; x_wconf 73' lang='grc' dir='ltr'><em>οἰκονομίας.</em></span> <span class='ocrx_word' id='word_1_290' title='bbox 1282 2481 1462 2550; x_wconf 84' lang='grc' dir='ltr'><em>’Υπὲρ</em></span> <span class='ocrx_word' id='word_1_291' title='bbox 1486 2484 1701 2537; x_wconf 84' lang='grc' dir='ltr'><em>τούτου</em></span> <span class='ocrx_word' id='word_1_292' title='bbox 1727 2498 1904 2537; x_wconf 81' lang='grc' dir='ltr'><em>κατα-</em></span> 
     </span>
    </p>
   </div>
   <div class='ocr_carea' id='block_1_43' title="bbox 324 2566 1905 2640">
    <p class='ocr_par' dir='ltr' id='par_1_43' title="bbox 324 2566 1905 2640">
     <span class='ocr_line' id='line_1_43' title="bbox 324 2566 1905 2640; baseline 0.003 -19"><span class='ocrx_word' id='word_1_293' title='bbox 324 2566 698 2636; x_wconf 79' lang='grc' dir='ltr'><em>λιθούμενος,</em></span> <span class='ocrx_word' id='word_1_294' title='bbox 737 2566 824 2637; x_wconf 82' lang='grc' dir='ltr'><em>μὴ</em></span> <span class='ocrx_word' id='word_1_295' title='bbox 850 2567 1147 2637; x_wconf 79' lang='grc' dir='ltr'><em>ὀχλάσῃς,</em></span> <span class='ocrx_word' id='word_1_296' title='bbox 1170 2568 1258 2639; x_wconf 78' lang='grc' dir='ltr'><em>μὴ</em></span> <span class='ocrx_word' id='word_1_297' title='bbox 1298 2570 1627 2640; x_wconf 79' lang='grc' dir='ltr'><em>ἀτονήσῃς.</em></span> <span class='ocrx_word' id='word_1_298' title='bbox 1654 2569 1905 2625; x_wconf 82' lang='grc' dir='ltr'><em>Βλέπων</em></span> 
     </span>
    </p>
   </div>
   <div class='ocr_carea' id='block_1_44' title="bbox 325 2654 1902 2731">
    <p class='ocr_par' dir='ltr' id='par_1_44' title="bbox 325 2654 1902 2731">
     <span class='ocr_line' id='line_1_44' title="bbox 325 2654 1902 2731; baseline 0.003 -21"><span class='ocrx_word' id='word_1_299' title='bbox 325 2654 395 2711; x_wconf 84' lang='grc' dir='ltr'><em>δὲ</em></span> <span class='ocrx_word' id='word_1_300' title='bbox 448 2658 557 2711; x_wconf 75' lang='grc' dir='ltr'><em>τὸν</em></span> <span class='ocrx_word' id='word_1_301' title='bbox 600 2657 991 2727; x_wconf 73' lang='grc' dir='ltr'><em>ἀγωνοθέτην,</em></span> <span class='ocrx_word' id='word_1_302' title='bbox 1038 2658 1122 2729; x_wconf 70' lang='grc' dir='ltr'><em>μὴ</em></span> <span class='ocrx_word' id='word_1_303' title='bbox 1181 2659 1450 2731; x_wconf 71' lang='grc' dir='ltr'><em>φοϐηθῇς</em></span> <span class='ocrx_word' id='word_1_304' title='bbox 1505 2662 1613 2714; x_wconf 84' lang='grc' dir='ltr'><strong>τὸν</strong></span> <span class='ocrx_word' id='word_1_305' title='bbox 1679 2659 1902 2729; x_wconf 74' lang='grc' dir='ltr'><em>ἀγῶνα.</em></span> 
     </span>
    </p>
   </div>
   <div class='ocr_carea' id='block_1_45' title="bbox 329 2746 1900 2822">
    <p class='ocr_par' dir='ltr' id='par_1_45' title="bbox 329 2746 1900 2822">
     <span class='ocr_line' id='line_1_45' title="bbox 329 2746 1900 2822; baseline 0.003 -22"><span class='ocrx_word' id='word_1_306' title='bbox 329 2747 517 2815; x_wconf 71' lang='grc' dir='ltr'><em>’Ἄφες</em></span> <span class='ocrx_word' id='word_1_307' title='bbox 559 2746 626 2800; x_wconf 81' lang='grc' dir='ltr'><em>τὸ</em></span> <span class='ocrx_word' id='word_1_308' title='bbox 653 2747 844 2817; x_wconf 82' lang='grc' dir='ltr'><em>σῶμα,</em></span> <span class='ocrx_word' id='word_1_309' title='bbox 869 2749 1257 2819; x_wconf 71' lang='grc' dir='ltr'><em>καταφρονῶν</em></span> <span class='ocrx_word' id='word_1_310' title='bbox 1298 2751 1379 2816; x_wconf 86' lang='grc' dir='ltr'><em>ὡς</em></span> <span class='ocrx_word' id='word_1_311' title='bbox 1415 2751 1643 2822; x_wconf 85' lang='grc' dir='ltr'><em>δεσμὸν</em></span> <span class='ocrx_word' id='word_1_312' title='bbox 1667 2752 1900 2822; x_wconf 75' lang='grc' dir='ltr'><em>γήϊνον,</em></span> 
     </span>
    </p>
   </div>
   <div class='ocr_carea' id='block_1_46' title="bbox 324 2834 1898 2913">
    <p class='ocr_par' dir='ltr' id='par_1_46' title="bbox 324 2834 1898 2913">
     <span class='ocr_line' id='line_1_46' title="bbox 324 2834 1898 2913; baseline 0.004 -23"><span class='ocrx_word' id='word_1_313' title='bbox 324 2836 408 2903; x_wconf 85' lang='grc' dir='ltr'><em>ὡς</em></span> <span class='ocrx_word' id='word_1_314' title='bbox 436 2834 607 2892; x_wconf 77' lang='grc' dir='ltr'><em>οἷκον</em></span> <span class='ocrx_word' id='word_1_315' title='bbox 627 2839 872 2906; x_wconf 83' lang='grc' dir='ltr'><em>σαθρὸν,</em></span> <span class='ocrx_word' id='word_1_316' title='bbox 888 2840 969 2904; x_wconf 87' lang='grc' dir='ltr'><em>ὡς</em></span> <span class='ocrx_word' id='word_1_317' title='bbox 986 2842 1206 2908; x_wconf 84' lang='grc' dir='ltr'><em>σκεῦος</em></span> <span class='ocrx_word' id='word_1_318' title='bbox 1238 2844 1534 2912; x_wconf 84' lang='grc' dir='ltr'><em>κεραμέως</em></span> <span class='ocrx_word' id='word_1_319' title='bbox 1547 2844 1898 2913; x_wconf 73' lang='grc' dir='ltr'><em>εὔφθαρτον.</em></span> 
     </span>
    </p>
   </div>
   <div class='ocr_carea' id='block_1_47' title="bbox 338 2926 1899 3002">
    <p class='ocr_par' dir='ltr' id='par_1_47' title="bbox 338 2926 1899 3002">
     <span class='ocr_line' id='line_1_47' title="bbox 338 2926 1899 3002; baseline 0.006 -23"><span class='ocrx_word' id='word_1_320' title='bbox 338 2926 666 2998; x_wconf 79' lang='grc' dir='ltr'><em>Ἀνάδραμε</em></span> <span class='ocrx_word' id='word_1_321' title='bbox 707 2930 858 2998; x_wconf 89' lang='grc' dir='ltr'><em>πρὸς</em></span> <span class='ocrx_word' id='word_1_322' title='bbox 911 2930 1026 2998; x_wconf 83' lang='grc' dir='ltr'><em>τὴν</em></span> <span class='ocrx_word' id='word_1_323' title='bbox 1079 2930 1292 2986; x_wconf 81' lang='grc' dir='ltr'><em>ἐνθάδε</em></span> <span class='ocrx_word' id='word_1_324' title='bbox 1341 2931 1527 3002; x_wconf 82' lang='grc' dir='ltr'><em>λῆξιν</em></span> <span class='ocrx_word' id='word_1_325' title='bbox 1562 2934 1899 3002; x_wconf 75' lang='grc' dir='ltr'><em>ἐλεύθερος·</em></span> 
     </span>
    </p>
   </div>
   <div class='ocr_carea' id='block_1_48' title="bbox 322 3016 1898 3095">
    <p class='ocr_par' dir='ltr' id='par_1_48' title="bbox 322 3016 1898 3095">
     <span class='ocr_line' id='line_1_48' title="bbox 322 3016 1898 3095; baseline 0.004 -24"><span class='ocrx_word' id='word_1_326' title='bbox 322 3016 559 3084; x_wconf 71' lang='grc' dir='ltr'><em>ἕτοιμος</em></span> <span class='ocrx_word' id='word_1_327' title='bbox 598 3019 708 3089; x_wconf 77' lang='grc' dir='ltr'><em>γάρ</em></span> <span class='ocrx_word' id='word_1_328' title='bbox 745 3037 845 3075; x_wconf 90' lang='grc' dir='ltr'><strong>σοι</strong></span> <span class='ocrx_word' id='word_1_329' title='bbox 887 3020 999 3089; x_wconf 83' lang='grc' dir='ltr'><em>τῆς</em></span> <span class='ocrx_word' id='word_1_330' title='bbox 1050 3021 1449 3092; x_wconf 79' lang='grc' dir='ltr'><em>ἀνδραγαθίας</em></span> <span class='ocrx_word' id='word_1_331' title='bbox 1493 3027 1527 3078; x_wconf 84' lang='grc' dir='ltr'><strong>ό</strong></span> <span class='ocrx_word' id='word_1_332' title='bbox 1579 3023 1898 3095; x_wconf 70' lang='grc' dir='ltr'><em>στέφανος.</em></span> 
     </span>
    </p>
   </div>
   <div class='ocr_carea' id='block_1_49' title="bbox 327 3108 1903 3185">
    <p class='ocr_par' dir='ltr' id='par_1_49' title="bbox 327 3108 1903 3185">
     <span class='ocr_line' id='line_1_49' title="bbox 327 3108 1903 3185; baseline 0.004 -22"><span class='ocrx_word' id='word_1_333' title='bbox 327 3108 670 3177; x_wconf 80' lang='grc' dir='ltr'><em>Μετάστηθι</em></span> <span class='ocrx_word' id='word_1_334' title='bbox 710 3111 859 3178; x_wconf 85' lang='grc' dir='ltr'><em>πρὸς</em></span> <span class='ocrx_word' id='word_1_335' title='bbox 903 3111 1011 3166; x_wconf 84' lang='grc' dir='ltr'><em>τὸν</em></span> <span class='ocrx_word' id='word_1_336' title='bbox 1042 3114 1301 3182; x_wconf 84' lang='grc' dir='ltr'><em>οὐρανὸν</em></span> <span class='ocrx_word' id='word_1_337' title='bbox 1328 3115 1395 3168; x_wconf 84' lang='grc' dir='ltr'><strong>ἐκ</strong></span> <span class='ocrx_word' id='word_1_338' title='bbox 1420 3114 1529 3183; x_wconf 83' lang='grc' dir='ltr'><em>τῆς</em></span> <span class='ocrx_word' id='word_1_339' title='bbox 1551 3114 1683 3185; x_wconf 78' lang='grc' dir='ltr'><strong>γῆς.</strong></span> <span class='ocrx_word' id='word_1_340' title='bbox 1718 3117 1903 3185; x_wconf 70' lang='grc' dir='ltr'><em>’Ἄφες</em></span> 
     </span>
    </p>
   </div>
   <div class='ocr_carea' id='block_1_50' title="bbox 324 3168 1971 3274">
    <p class='ocr_par' dir='ltr' id='par_1_50' title="bbox 324 3168 1971 3274">
     <span class='ocr_line' id='line_1_50' title="bbox 324 3168 1971 3274; baseline 0.002 -20"><span class='ocrx_word' id='word_1_341' title='bbox 324 3200 397 3254; x_wconf 74' lang='grc' dir='ltr'><em>τὸ</em></span> <span class='ocrx_word' id='word_1_342' title='bbox 427 3168 604 3269; x_wconf 70' lang='grc' dir='ltr'><em>σῶμα</em></span> <span class='ocrx_word' id='word_1_343' title='bbox 636 3168 766 3267; x_wconf 69' lang='grc' dir='ltr'><strong>τοῖςἷ</strong></span> <span class='ocrx_word' id='word_1_344' title='bbox 778 3168 1141 3271; x_wconf 52' lang='grc' dir='ltr'><em>μίαιφόνοιςζ,</em></span> <span class='ocrx_word' id='word_1_345' title='bbox 1179 3203 1259 3269; x_wconf 84' lang='grc' dir='ltr'><em>ὡς</em></span> <span class='ocrx_word' id='word_1_346' title='bbox 1284 3168 1681 3274; x_wconf 40' lang='grc' dir='ltr'><em>βρῶμάικίισί.</em></span> <span class='ocrx_word' id='word_1_347' title='bbox 1711 3168 1902 3258; x_wconf 49' lang='grc' dir='ltr'><em>Κατάῖ</em></span> <span class='ocrx_word' id='word_1_348' title='bbox 1929 3168 1971 3226; x_wconf 75' lang='lat' dir='ltr'><strong><em>C</em></strong></span> 
     </span>
    </p>
   </div>
   <div class='ocr_carea' id='block_1_51' title="bbox 322 3286 1903 3363">
    <p class='ocr_par' dir='ltr' id='par_1_51' title="bbox 322 3286 1903 3363">
     <span class='ocr_line' id='line_1_51' title="bbox 322 3286 1903 3363; baseline 0.004 -22"><span class='ocrx_word' id='word_1_349' title='bbox 322 3290 470 3341; x_wconf 78' lang='grc' dir='ltr'><em>λιπε</em></span> <span class='ocrx_word' id='word_1_350' title='bbox 490 3286 817 3342; x_wconf 84' lang='grc' dir='ltr'><em>λυσσῶντα</em></span> <span class='ocrx_word' id='word_1_351' title='bbox 850 3288 1066 3359; x_wconf 77' lang='grc' dir='ltr'><em>δῆμον,</em></span> <span class='ocrx_word' id='word_1_352' title='bbox 1094 3291 1193 3345; x_wconf 75' lang='grc' dir='ltr'><em>καὶ</em></span> <span class='ocrx_word' id='word_1_353' title='bbox 1233 3291 1376 3347; x_wconf 83' lang='grc' dir='ltr'><em>ἐλθὲ</em></span> <span class='ocrx_word' id='word_1_354' title='bbox 1414 3292 1563 3362; x_wconf 86' lang='grc' dir='ltr'><em>πρὸς</em></span> <span class='ocrx_word' id='word_1_355' title='bbox 1595 3292 1778 3362; x_wconf 86' lang='grc' dir='ltr'><em>χορὸν</em></span> <span class='ocrx_word' id='word_1_356' title='bbox 1798 3292 1903 3363; x_wconf 75' lang='grc' dir='ltr'><strong>ἁγ-</strong></span> 
     </span>
    </p>
   </div>
   <div class='ocr_carea' id='block_1_52' title="bbox 326 3375 540 3450">
    <p class='ocr_par' dir='ltr' id='par_1_52' title="bbox 326 3375 540 3450">
     <span class='ocr_line' id='line_1_52' title="bbox 326 3375 540 3450; baseline 0.009 -21"><span class='ocrx_word' id='word_1_357' title='bbox 326 3375 540 3450; x_wconf 73' lang='grc' dir='ltr'><em>τέλων.</em></span> 
     </span>
    </p>
   </div>
   <div class='ocr_carea' id='block_1_53' title="bbox 397 3471 1906 3549">
    <p class='ocr_par' dir='ltr' id='par_1_53' title="bbox 397 3471 1906 3549">
     <span class='ocr_line' id='line_1_53' title="bbox 397 3471 1906 3549; baseline 0.004 -24"><span class='ocrx_word' id='word_1_358' title='bbox 397 3471 554 3526; x_wconf 76' lang='grc' dir='ltr'><em>Μετὰ</em></span> <span class='ocrx_word' id='word_1_359' title='bbox 594 3471 799 3544; x_wconf 81' lang='grc' dir='ltr'><em>ταύτης</em></span> <span class='ocrx_word' id='word_1_360' title='bbox 844 3474 945 3544; x_wconf 76' lang='grc' dir='ltr'><em>τῆς</em></span> <span class='ocrx_word' id='word_1_361' title='bbox 1003 3474 1229 3547; x_wconf 81' lang='grc' dir='ltr'><em>γνώμης</em></span> <span class='ocrx_word' id='word_1_362' title='bbox 1280 3477 1309 3528; x_wconf 84' lang='grc' dir='ltr'><strong>ὁ</strong></span> <span class='ocrx_word' id='word_1_363' title='bbox 1351 3473 1484 3540; x_wconf 73' lang='grc' dir='ltr'><em>Θεὸς</em></span> <span class='ocrx_word' id='word_1_364' title='bbox 1535 3477 1778 3548; x_wconf 74' lang='grc' dir='ltr'><em>ἐπεφάνη</em></span> <span class='ocrx_word' id='word_1_365' title='bbox 1826 3476 1906 3549; x_wconf 84' lang='grc' dir='ltr'><em>τῷ</em></span> 
     </span>
    </p>
   </div>
   <div class='ocr_carea' id='block_1_54' title="bbox 326 3563 1905 3641">
    <p class='ocr_par' dir='ltr' id='par_1_54' title="bbox 326 3563 1905 3641">
     <span class='ocr_line' id='line_1_54' title="bbox 326 3563 1905 3641; baseline 0.003 -23"><span class='ocrx_word' id='word_1_366' title='bbox 326 3563 602 3637; x_wconf 83' lang='grc' dir='ltr'><em>καρτερῷ,</em></span> <span class='ocrx_word' id='word_1_367' title='bbox 647 3565 733 3618; x_wconf 84' lang='grc' dir='ltr'><em>ἴνα</em></span> <span class='ocrx_word' id='word_1_368' title='bbox 784 3567 937 3636; x_wconf 85' lang='grc' dir='ltr'><em>μήτι</em></span> <span class='ocrx_word' id='word_1_369' title='bbox 990 3566 1138 3638; x_wconf 81' lang='grc' dir='ltr'><em>πάθῃ</em></span> <span class='ocrx_word' id='word_1_370' title='bbox 1192 3566 1383 3634; x_wconf 82' lang='grc' dir='ltr'><em>δειλὸν,</em></span> <span class='ocrx_word' id='word_1_371' title='bbox 1424 3570 1518 3622; x_wconf 78' lang='grc' dir='ltr'><strong>καὶ</strong></span> <span class='ocrx_word' id='word_1_372' title='bbox 1557 3569 1657 3641; x_wconf 81' lang='grc' dir='ltr'><strong>τὴν</strong></span> <span class='ocrx_word' id='word_1_373' title='bbox 1705 3568 1905 3641; x_wconf 79' lang='grc' dir='ltr'><em>πολλὴν</em></span> 
     </span>
    </p>
   </div>
   <div class='ocr_carea' id='block_1_55' title="bbox 325 3655 1904 3731">
    <p class='ocr_par' dir='ltr' id='par_1_55' title="bbox 325 3655 1904 3731">
     <span class='ocr_line' id='line_1_55' title="bbox 325 3655 1904 3731; baseline 0.005 -24"><span class='ocrx_word' id='word_1_374' title='bbox 325 3656 533 3729; x_wconf 75' lang='grc' dir='ltr'><em>ὲνλύσῃ</em></span> <span class='ocrx_word' id='word_1_375' title='bbox 572 3655 886 3729; x_wconf 81' lang='grc' dir='ltr'><em>προθυμίαν</em></span> <span class='ocrx_word' id='word_1_376' title='bbox 916 3656 995 3730; x_wconf 84' lang='grc' dir='ltr'><em>τῷ</em></span> <span class='ocrx_word' id='word_1_377' title='bbox 1016 3658 1245 3730; x_wconf 76' lang='grc' dir='ltr'><em>μεγέθει</em></span> <span class='ocrx_word' id='word_1_378' title='bbox 1286 3661 1380 3714; x_wconf 80' lang='grc' dir='ltr'><strong>τοῦ</strong></span> <span class='ocrx_word' id='word_1_379' title='bbox 1418 3661 1609 3731; x_wconf 79' lang='grc' dir='ltr'><em>φόϐου.</em></span> <span class='ocrx_word' id='word_1_380' title='bbox 1654 3660 1742 3715; x_wconf 74' lang='grc' dir='ltr'><strong>Διὸ</strong></span> <span class='ocrx_word' id='word_1_381' title='bbox 1779 3660 1904 3715; x_wconf 73' lang='grc' dir='ltr'><em>οὔτε</em></span> 
     </span>
    </p>
   </div>
   <div class='ocr_carea' id='block_1_56' title="bbox 326 3748 1905 3831">
    <p class='ocr_par' dir='ltr' id='par_1_56' title="bbox 326 3748 1905 3831">
     <span class='ocr_line' id='line_1_56' title="bbox 326 3748 1905 3831; baseline 0.003 -28"><span class='ocrx_word' id='word_1_382' title='bbox 326 3749 559 3817; x_wconf 72' lang='grc' dir='ltr'><em>ἄγγελον</em></span> <span class='ocrx_word' id='word_1_383' title='bbox 588 3748 736 3821; x_wconf 79' lang='grc' dir='ltr'><em>αὐτῷ</em></span> <span class='ocrx_word' id='word_1_384' title='bbox 763 3750 976 3822; x_wconf 78' lang='grc' dir='ltr'><em>ἔπεμψε</em></span> <span class='ocrx_word' id='word_1_385' title='bbox 1003 3751 1315 3822; x_wconf 85' lang='grc' dir='ltr'><em>βοηθὸν,.ὠς</em></span> <span class='ocrx_word' id='word_1_386' title='bbox 1359 3756 1471 3818; x_wconf 86' lang='grc' dir='ltr'><em>τοῖς</em></span> <span class='ocrx_word' id='word_1_387' title='bbox 1502 3754 1818 3831; x_wconf 81' lang='grc' dir='ltr'><em>ἀποστόλοις</em></span> <span class='ocrx_word' id='word_1_388' title='bbox 1847 3755 1905 3808; x_wconf 84' lang='grc' dir='ltr'><strong>ὲν</strong></span> 
     </span>
    </p>
   </div>
   <div class='ocr_carea' id='block_1_57' title="bbox 322 3839 1906 3918">
    <p class='ocr_par' dir='ltr' id='par_1_57' title="bbox 322 3839 1906 3918">
     <span class='ocr_line' id='line_1_57' title="bbox 322 3839 1906 3918; baseline 0.004 -25"><span class='ocrx_word' id='word_1_389' title='bbox 322 3839 403 3910; x_wconf 72' lang='grc' dir='ltr'><em>τῷ</em></span> <span class='ocrx_word' id='word_1_390' title='bbox 426 3841 806 3913; x_wconf 75' lang='grc' dir='ltr'><em>δεσμωτηρίῳ·</em></span> <span class='ocrx_word' id='word_1_391' title='bbox 829 3842 952 3896; x_wconf 78' lang='grc' dir='ltr'><em>οὕτε</em></span> <span class='ocrx_word' id='word_1_392' title='bbox 989 3842 1110 3896; x_wconf 82' lang='grc' dir='ltr'><em>τινὰ</em></span> <span class='ocrx_word' id='word_1_393' title='bbox 1139 3843 1368 3915; x_wconf 86' lang='grc' dir='ltr'><em>δύναμιν</em></span> <span class='ocrx_word' id='word_1_394' title='bbox 1394 3844 1568 3899; x_wconf 79' lang='grc' dir='ltr'><em>λειτου</em></span> <span class='ocrx_word' id='word_1_395' title='bbox 1578 3846 1789 3918; x_wconf 77' lang='grc' dir='ltr'><em>ργικὴν,</em></span> <span class='ocrx_word' id='word_1_396' title='bbox 1811 3847 1906 3901; x_wconf 80' lang='grc' dir='ltr'><strong>καὶ</strong></span> 
     </span>
    </p>
   </div>
   <div class='ocr_carea' id='block_1_58' title="bbox 323 3931 1907 4012">
    <p class='ocr_par' dir='ltr' id='par_1_58' title="bbox 323 3931 1907 4012">
     <span class='ocr_line' id='line_1_58' title="bbox 323 3931 1907 4012; baseline 0.005 -29"><span class='ocrx_word' id='word_1_397' title='bbox 323 3931 633 4002; x_wconf 78' lang='grc' dir='ltr'><em>ὁμόδουλον·</em></span> <span class='ocrx_word' id='word_1_398' title='bbox 686 3932 802 3987; x_wconf 84' lang='grc' dir='ltr'><em>ἀλλ’</em></span> <span class='ocrx_word' id='word_1_399' title='bbox 853 3933 1015 3998; x_wconf 79' lang='grc' dir='ltr'><em>αὐτὸς</em></span> <span class='ocrx_word' id='word_1_400' title='bbox 1045 3934 1236 3991; x_wconf 75' lang='grc' dir='ltr'><em>ἑαυτὸν</em></span> <span class='ocrx_word' id='word_1_401' title='bbox 1264 3936 1599 4007; x_wconf 72' lang='grc' dir='ltr'><em>ἐνεφάνισεν.</em></span> <span class='ocrx_word' id='word_1_402' title='bbox 1659 3936 1907 4012; x_wconf 78' lang='grc' dir='ltr'><em>Ἀπαρχὴ</em></span> 
     </span>
    </p>
   </div>
   <div class='ocr_carea' id='block_1_59' title="bbox 324 4023 1905 4100">
    <p class='ocr_par' dir='ltr' id='par_1_59' title="bbox 324 4023 1905 4100">
     <span class='ocr_line' id='line_1_59' title="bbox 324 4023 1905 4100; baseline 0.004 -25"><span class='ocrx_word' id='word_1_403' title='bbox 324 4024 434 4094; x_wconf 74' lang='grc' dir='ltr'><em>γάρ</em></span> <span class='ocrx_word' id='word_1_404' title='bbox 460 4023 678 4090; x_wconf 74' lang='grc' dir='ltr'><em>ἐγένετο</em></span> <span class='ocrx_word' id='word_1_405' title='bbox 703 4024 826 4077; x_wconf 85' lang='grc' dir='ltr'><em>τότε</em></span> <span class='ocrx_word' id='word_1_406' title='bbox 848 4023 946 4078; x_wconf 81' lang='grc' dir='ltr'><strong>τοῦ</strong></span> <span class='ocrx_word' id='word_1_407' title='bbox 981 4026 1306 4099; x_wconf 80' lang='grc' dir='ltr'><em>μαρτυρίου,</em></span> <span class='ocrx_word' id='word_1_408' title='bbox 1341 4029 1436 4081; x_wconf 73' lang='grc' dir='ltr'><strong>καὶ</strong></span> <span class='ocrx_word' id='word_1_409' title='bbox 1460 4026 1566 4081; x_wconf 78' lang='grc' dir='ltr'><em>ἔδει</em></span> <span class='ocrx_word' id='word_1_410' title='bbox 1596 4028 1658 4080; x_wconf 83' lang='grc' dir='ltr'><em>τὸ</em></span> <span class='ocrx_word' id='word_1_411' title='bbox 1690 4028 1905 4100; x_wconf 88' lang='grc' dir='ltr'><em>πρῶτον</em></span> 
     </span>
    </p>
   </div>
   <div class='ocr_carea' id='block_1_60' title="bbox 325 4114 1905 4190">
    <p class='ocr_par' dir='ltr' id='par_1_60' title="bbox 325 4114 1905 4190">
     <span class='ocr_line' id='line_1_60' title="bbox 325 4114 1905 4190; baseline 0.004 -23"><span class='ocrx_word' id='word_1_412' title='bbox 325 4115 491 4187; x_wconf 75' lang='grc' dir='ltr'><em>ἔργον</em></span> <span class='ocrx_word' id='word_1_413' title='bbox 530 4114 906 4185; x_wconf 78' lang='grc' dir='ltr'><em>τελειωθῆναι·</em></span> <span class='ocrx_word' id='word_1_414' title='bbox 962 4117 1049 4171; x_wconf 76' lang='grc' dir='ltr'><strong>ἵνα</strong></span> <span class='ocrx_word' id='word_1_415' title='bbox 1100 4119 1150 4171; x_wconf 81' lang='grc' dir='ltr'>οἱ</span> <span class='ocrx_word' id='word_1_416' title='bbox 1205 4118 1334 4187; x_wconf 80' lang='grc' dir='ltr'><strong>ἑξῆς</strong></span> <span class='ocrx_word' id='word_1_417' title='bbox 1395 4119 1905 4190; x_wconf 71' lang='grc' dir='ltr'><strong>ἐποικοδομούμενοι</strong></span> 
     </span>
    </p>
   </div>
   <div class='ocr_carea' id='block_1_61' title="bbox 328 4204 1903 4281">
    <p class='ocr_par' dir='ltr' id='par_1_61' title="bbox 328 4204 1903 4281">
     <span class='ocr_line' id='line_1_61' title="bbox 328 4204 1903 4281; baseline 0.003 -24"><span class='ocrx_word' id='word_1_418' title='bbox 328 4204 631 4276; x_wconf 82' lang='grc' dir='ltr'><em>μάρτυρες,</em></span> <span class='ocrx_word' id='word_1_419' title='bbox 652 4205 878 4277; x_wconf 75' lang='grc' dir='ltr'><em>ἰσχυρὰν</em></span> <span class='ocrx_word' id='word_1_420' title='bbox 895 4205 1103 4263; x_wconf 78' lang='grc' dir='ltr'><em>λάϐωσι</em></span> <span class='ocrx_word' id='word_1_421' title='bbox 1134 4207 1228 4261; x_wconf 82' lang='grc' dir='ltr'><em>τοῦ</em></span> <span class='ocrx_word' id='word_1_422' title='bbox 1256 4209 1420 4279; x_wconf 82' lang='grc' dir='ltr'><em>ζήλου</em></span> <span class='ocrx_word' id='word_1_423' title='bbox 1453 4208 1549 4281; x_wconf 83' lang='grc' dir='ltr'><strong>τὴν</strong></span> <span class='ocrx_word' id='word_1_424' title='bbox 1572 4209 1903 4281; x_wconf 79' lang='grc' dir='ltr'><em>ύποόάθραν,</em></span> 
     </span>
    </p>
   </div>
   <div class='ocr_carea' id='block_1_62' title="bbox 322 4294 1907 4373">
    <p class='ocr_par' dir='ltr' id='par_1_62' title="bbox 322 4294 1907 4373">
     <span class='ocr_line' id='line_1_62' title="bbox 322 4294 1907 4373; baseline 0.004 -24"><span class='ocrx_word' id='word_1_425' title='bbox 322 4296 422 4349; x_wconf 75' lang='grc' dir='ltr'><strong>καὶ</strong></span> <span class='ocrx_word' id='word_1_426' title='bbox 454 4294 532 4366; x_wconf 83' lang='grc' dir='ltr'><em>μὴ</em></span> <span class='ocrx_word' id='word_1_427' title='bbox 568 4294 773 4360; x_wconf 81' lang='grc' dir='ltr'><em>δειλίας</em></span> <span class='ocrx_word' id='word_1_428' title='bbox 801 4296 1067 4366; x_wconf 81' lang='grc' dir='ltr'><em>γένωνται</em></span> <span class='ocrx_word' id='word_1_429' title='bbox 1107 4299 1365 4372; x_wconf 83' lang='grc' dir='ltr'><em>μιμηταί·</em></span> <span class='ocrx_word' id='word_1_430' title='bbox 1406 4301 1544 4372; x_wconf 84' lang='grc' dir='ltr'><em>ὅπερ</em></span> <span class='ocrx_word' id='word_1_431' title='bbox 1572 4300 1637 4373; x_wconf 82' lang='grc' dir='ltr'><em>δὴ</em></span> <span class='ocrx_word' id='word_1_432' title='bbox 1688 4302 1783 4355; x_wconf 68' lang='grc' dir='ltr'><strong>κα)⁸</strong></span> <span class='ocrx_word' id='word_1_433' title='bbox 1815 4304 1907 4356; x_wconf 73' lang='grc' dir='ltr'><strong>ἐπὶ</strong></span> 
     </span>
    </p>
   </div>
   <div class='ocr_carea' id='block_1_63' title="bbox 324 4381 1905 4461">
    <p class='ocr_par' dir='ltr' id='par_1_63' title="bbox 324 4381 1905 4461">
     <span class='ocr_line' id='line_1_63' title="bbox 324 4381 1905 4461; baseline 0.003 -24"><span class='ocrx_word' id='word_1_434' title='bbox 324 4384 436 4437; x_wconf 79' lang='grc' dir='ltr'><strong>τῶν</strong></span> <span class='ocrx_word' id='word_1_435' title='bbox 489 4382 688 4437; x_wconf 83' lang='grc' dir='ltr'><em>κοινῶν</em></span> <span class='ocrx_word' id='word_1_436' title='bbox 724 4383 996 4455; x_wconf 82' lang='grc' dir='ltr'><em>πολέμων.</em></span> <span class='ocrx_word' id='word_1_437' title='bbox 1026 4381 1122 4450; x_wconf 76' lang='grc' dir='ltr'><strong>Εἷς</strong></span> <span class='ocrx_word' id='word_1_438' title='bbox 1175 4386 1284 4458; x_wconf 84' lang='grc' dir='ltr'><strong>γὰρ</strong></span> <span class='ocrx_word' id='word_1_439' title='bbox 1325 4385 1662 4459; x_wconf 84' lang='grc' dir='ltr'><em>στρατιώτης</em></span> <span class='ocrx_word' id='word_1_440' title='bbox 1692 4388 1905 4461; x_wconf 81' lang='grc' dir='ltr'><em>πρόμα-</em></span> 
     </span>
    </p>
   </div>
   <div class='ocr_carea' id='block_1_64' title="bbox 2004 1930 3570 2007">
    <p class='ocr_par' dir='ltr' id='par_1_64' title="bbox 2004 1930 3570 2007">
     <span class='ocr_line' id='line_1_64' title="bbox 2004 1930 3570 2007; baseline -0.007 -15"><span class='ocrx_word' id='word_1_441' title='bbox 2004 1937 2141 2005; x_wconf 82' lang='lat' dir='ltr'><strong>ferre</strong></span> <span class='ocrx_word' id='word_1_442' title='bbox 2169 1945 2332 2007; x_wconf 86' lang='lat' dir='ltr'><strong>potes.</strong></span> <span class='ocrx_word' id='word_1_443' title='bbox 2365 1937 2515 1991; x_wconf 82' lang='lat' dir='ltr'><strong>Astat</strong></span> <span class='ocrx_word' id='word_1_444' title='bbox 2546 1947 2718 1990; x_wconf 86' lang='lat' dir='ltr'><strong>autem</strong></span> <span class='ocrx_word' id='word_1_445' title='bbox 2751 1937 2910 1989; x_wconf 90' lang='lat' dir='ltr'><strong>etiam</strong></span> <span class='ocrx_word' id='word_1_446' title='bbox 2939 1934 3068 1988; x_wconf 85' lang='lat' dir='ltr'><strong>mihi</strong></span> <span class='ocrx_word' id='word_1_447' title='bbox 3102 1931 3277 1987; x_wconf 81' lang='lat' dir='ltr'><strong>Filius</strong></span> <span class='ocrx_word' id='word_1_448' title='bbox 3300 1948 3332 1985; x_wconf 90' lang='lat' dir='ltr'><strong>a</strong></span> <span class='ocrx_word' id='word_1_449' title='bbox 3350 1930 3570 1992; x_wconf 77' lang='lat' dir='ltr'><strong>dextris,</strong></span> 
     </span>
    </p>
   </div>
   <div class='ocr_carea' id='block_1_65' title="bbox 2003 2016 3571 2096">
    <p class='ocr_par' dir='ltr' id='par_1_65' title="bbox 2003 2016 3571 2096">
     <span class='ocr_line' id='line_1_65' title="bbox 2003 2016 3571 2096; baseline -0.006 -16"><span class='ocrx_word' id='word_1_450' title='bbox 2003 2035 2153 2081; x_wconf 81' lang='lat' dir='ltr'><strong>utea:</strong></span> <span class='ocrx_word' id='word_1_451' title='bbox 2177 2027 2290 2096; x_wconf 83' lang='lat' dir='ltr'><strong>ipso</strong></span> <span class='ocrx_word' id='word_1_452' title='bbox 2315 2025 2441 2084; x_wconf 89' lang='lat' dir='ltr'><strong>situ.</strong></span> <span class='ocrx_word' id='word_1_453' title='bbox 2462 2026 2517 2078; x_wconf 85' lang='lat' dir='ltr'><strong>in</strong></span> <span class='ocrx_word' id='word_1_454' title='bbox 2543 2041 2646 2095; x_wconf 79' lang='lat' dir='ltr'><strong>quo</strong></span> <span class='ocrx_word' id='word_1_455' title='bbox 2697 2026 2762 2078; x_wconf 86' lang='lat' dir='ltr'><strong>sit</strong></span> <span class='ocrx_word' id='word_1_456' title='bbox 2802 2024 2996 2078; x_wconf 83' lang='lat' dir='ltr'><strong>honore</strong></span> <span class='ocrx_word' id='word_1_457' title='bbox 3042 2036 3342 2092; x_wconf 87' lang='lat' dir='ltr'><strong>cognoscas.</strong></span> <span class='ocrx_word' id='word_1_458' title='bbox 3391 2016 3571 2072; x_wconf 76' lang='lat' dir='ltr'><strong>Multis</strong></span> 
     </span>
    </p>
   </div>
   <div class='ocr_carea' id='block_1_66' title="bbox 2004 2115 3573 2188">
    <p class='ocr_par' dir='ltr' id='par_1_66' title="bbox 2004 2115 3573 2188">
     <span class='ocr_line' id='line_1_66' title="bbox 2004 2115 3573 2188; baseline -0.01 -13"><span class='ocrx_word' id='word_1_459' title='bbox 2004 2119 2126 2175; x_wconf 88' lang='lat' dir='ltr'><strong>olim</strong></span> <span class='ocrx_word' id='word_1_460' title='bbox 2150 2119 2401 2173; x_wconf 81' lang='lat' dir='ltr'><strong>seandalo</strong></span> <span class='ocrx_word' id='word_1_461' title='bbox 2428 2120 2555 2188; x_wconf 80' lang='lat' dir='ltr'><strong>fuit,</strong></span> <span class='ocrx_word' id='word_1_462' title='bbox 2586 2128 2640 2171; x_wconf 88' lang='lat' dir='ltr'><strong>ut</strong></span> <span class='ocrx_word' id='word_1_463' title='bbox 2683 2116 2821 2171; x_wconf 90' lang='lat' dir='ltr'><strong>Deus</strong></span> <span class='ocrx_word' id='word_1_464' title='bbox 2848 2131 3006 2169; x_wconf 88' lang='lat' dir='ltr'><strong>carne</strong></span> <span class='ocrx_word' id='word_1_465' title='bbox 3037 2115 3251 2167; x_wconf 88' lang='lat' dir='ltr'><strong>indutus</strong></span> <span class='ocrx_word' id='word_1_466' title='bbox 3277 2118 3573 2166; x_wconf 83' lang='lat' dir='ltr'><strong>versaretur</strong></span> 
     </span>
    </p>
   </div>
   <div class='ocr_carea' id='block_1_67' title="bbox 2002 2201 3573 2275">
    <p class='ocr_par' dir='ltr' id='par_1_67' title="bbox 2002 2201 3573 2275">
     <span class='ocr_line' id='line_1_67' title="bbox 2002 2201 3573 2275; baseline -0.009 -10"><span class='ocrx_word' id='word_1_467' title='bbox 2002 2213 2059 2266; x_wconf 91' lang='lat' dir='ltr'><strong>in</strong></span> <span class='ocrx_word' id='word_1_468' title='bbox 2096 2212 2278 2275; x_wconf 88' lang='lat' dir='ltr'><strong>terris;</strong></span> <span class='ocrx_word' id='word_1_469' title='bbox 2304 2226 2438 2264; x_wconf 89' lang='lat' dir='ltr'><strong>nunc</strong></span> <span class='ocrx_word' id='word_1_470' title='bbox 2466 2219 2663 2274; x_wconf 84' lang='lat' dir='ltr'><strong>autem,</strong></span> <span class='ocrx_word' id='word_1_471' title='bbox 2714 2208 2990 2263; x_wconf 81' lang='lat' dir='ltr'><strong>sublimem</strong></span> <span class='ocrx_word' id='word_1_472' title='bbox 3022 2220 3219 2260; x_wconf 87' lang='lat' dir='ltr'><strong>mecum</strong></span> <span class='ocrx_word' id='word_1_473' title='bbox 3250 2201 3573 2270; x_wconf 77' lang='lat' dir='ltr'><strong>conspicere,</strong></span> 
     </span>
    </p>
   </div>
   <div class='ocr_carea' id='block_1_68' title="bbox 2004 2289 3574 2370">
    <p class='ocr_par' dir='ltr' id='par_1_68' title="bbox 2004 2289 3574 2370">
     <span class='ocr_line' id='line_1_68' title="bbox 2004 2289 3574 2370; baseline -0.009 -14"><span class='ocrx_word' id='word_1_474' title='bbox 2004 2305 2253 2358; x_wconf 69' lang='lat' dir='ltr'><strong>cmlestem</strong></span> <span class='ocrx_word' id='word_1_475' title='bbox 2280 2318 2345 2355; x_wconf 88' lang='lat' dir='ltr'><strong>ac</strong></span> <span class='ocrx_word' id='word_1_476' title='bbox 2370 2301 2513 2356; x_wconf 75' lang='lat' dir='ltr'><strong>cretis</strong></span> <span class='ocrx_word' id='word_1_477' title='bbox 2551 2302 2819 2363; x_wconf 85' lang='lat' dir='ltr'><strong>altiorem,</strong></span> <span class='ocrx_word' id='word_1_478' title='bbox 2845 2307 3132 2370; x_wconf 84' lang='lat' dir='ltr'><strong>gestantem</strong></span> <span class='ocrx_word' id='word_1_479' title='bbox 3188 2292 3413 2348; x_wconf 81' lang='lat' dir='ltr'><strong>hominis</strong></span> <span class='ocrx_word' id='word_1_480' title='bbox 3463 2289 3574 2357; x_wconf 78' lang='lat' dir='ltr'><strong>for-</strong></span> 
     </span>
    </p>
   </div>
   <div class='ocr_carea' id='block_1_69' title="bbox 2002 2385 3575 2461">
    <p class='ocr_par' dir='ltr' id='par_1_69' title="bbox 2002 2385 3575 2461">
     <span class='ocr_line' id='line_1_69' title="bbox 2002 2385 3575 2461; baseline -0.008 -15"><span class='ocrx_word' id='word_1_481' title='bbox 2002 2409 2163 2452; x_wconf 82' lang='lat' dir='ltr'><strong>mant,</strong></span> <span class='ocrx_word' id='word_1_482' title='bbox 2191 2402 2248 2445; x_wconf 89' lang='lat' dir='ltr'><strong>ut</strong></span> <span class='ocrx_word' id='word_1_483' title='bbox 2277 2393 2583 2461; x_wconf 76' lang='lat' dir='ltr'><strong>perlectam,</strong></span> <span class='ocrx_word' id='word_1_484' title='bbox 2615 2390 3024 2458; x_wconf 76' lang='lat' dir='ltr'><strong>completamque</strong></span> <span class='ocrx_word' id='word_1_485' title='bbox 3066 2386 3247 2441; x_wconf 85' lang='lat' dir='ltr'><strong>carnis</strong></span> <span class='ocrx_word' id='word_1_486' title='bbox 3301 2385 3575 2451; x_wconf 87' lang='lat' dir='ltr'><strong>dispensa-</strong></span> 
     </span>
    </p>
   </div>
   <div class='ocr_carea' id='block_1_70' title="bbox 2004 2471 3575 2549">
    <p class='ocr_par' dir='ltr' id='par_1_70' title="bbox 2004 2471 3575 2549">
     <span class='ocr_line' id='line_1_70' title="bbox 2004 2471 3575 2549; baseline -0.007 -15"><span class='ocrx_word' id='word_1_487' title='bbox 2004 2483 2194 2535; x_wconf 89' lang='lat' dir='ltr'><strong>tionem</strong></span> <span class='ocrx_word' id='word_1_488' title='bbox 2223 2471 2587 2549; x_wconf 35' lang='lat' dir='ltr'><strong>probet..Eam</strong></span> <span class='ocrx_word' id='word_1_489' title='bbox 2618 2478 2681 2532; x_wconf 93' lang='lat' dir='ltr'><strong>ob</strong></span> <span class='ocrx_word' id='word_1_490' title='bbox 2734 2495 2844 2533; x_wconf 89' lang='lat' dir='ltr'><strong>rem</strong></span> <span class='ocrx_word' id='word_1_491' title='bbox 2881 2478 3144 2546; x_wconf 81' lang='lat' dir='ltr'><strong>lapidibus</strong></span> <span class='ocrx_word' id='word_1_492' title='bbox 3197 2475 3483 2543; x_wconf 86' lang='lat' dir='ltr'><strong>appetitus,</strong></span> <span class='ocrx_word' id='word_1_493' title='bbox 3512 2486 3575 2523; x_wconf 88' lang='lat' dir='ltr'><strong>ne</strong></span> 
     </span>
    </p>
   </div>
   <div class='ocr_carea' id='block_1_71' title="bbox 2002 2562 3571 2638">
    <p class='ocr_par' dir='ltr' id='par_1_71' title="bbox 2002 2562 3571 2638">
     <span class='ocr_line' id='line_1_71' title="bbox 2002 2562 3571 2638; baseline -0.007 -14"><span class='ocrx_word' id='word_1_494' title='bbox 2002 2571 2462 2636; x_wconf 82' lang='lat' dir='ltr'><strong>succumbas,neve</strong></span> <span class='ocrx_word' id='word_1_495' title='bbox 2489 2568 2751 2638; x_wconf 73' lang='lat' dir='ltr'><strong>fatigeris,</strong></span> <span class='ocrx_word' id='word_1_496' title='bbox 2779 2578 2871 2621; x_wconf 90' lang='lat' dir='ltr'><strong>aut</strong></span> <span class='ocrx_word' id='word_1_497' title='bbox 2909 2567 3240 2636; x_wconf 80' lang='lat' dir='ltr'><strong>languescas.</strong></span> <span class='ocrx_word' id='word_1_498' title='bbox 3268 2562 3373 2629; x_wconf 85' lang='lat' dir='ltr'><strong>Qui</strong></span> <span class='ocrx_word' id='word_1_499' title='bbox 3389 2576 3571 2615; x_wconf 89' lang='lat' dir='ltr'><strong>cernas</strong></span> 
     </span>
    </p>
   </div>
   <div class='ocr_carea' id='block_1_72' title="bbox 2004 2650 3574 2728">
    <p class='ocr_par' dir='ltr' id='par_1_72' title="bbox 2004 2650 3574 2728">
     <span class='ocr_line' id='line_1_72' title="bbox 2004 2650 3574 2728; baseline -0.006 -16"><span class='ocrx_word' id='word_1_500' title='bbox 2004 2659 2304 2713; x_wconf 85' lang='lat' dir='ltr'><strong>certaminis</strong></span> <span class='ocrx_word' id='word_1_501' title='bbox 2341 2658 2638 2728; x_wconf 66' lang='lat' dir='ltr'><strong>praesidem,</strong></span> <span class='ocrx_word' id='word_1_502' title='bbox 2672 2672 2735 2711; x_wconf 89' lang='lat' dir='ltr'><strong>ne</strong></span> <span class='ocrx_word' id='word_1_503' title='bbox 2787 2664 3047 2710; x_wconf 77' lang='lat' dir='ltr'><strong>certamen</strong></span> <span class='ocrx_word' id='word_1_504' title='bbox 3084 2655 3436 2720; x_wconf 82' lang='lat' dir='ltr'><strong>pertimescas.</strong></span> <span class='ocrx_word' id='word_1_505' title='bbox 3481 2650 3574 2704; x_wconf 87' lang='lat' dir='ltr'><strong>Di-</strong></span> 
     </span>
    </p>
   </div>
   <div class='ocr_carea' id='block_1_73' title="bbox 2004 2742 3571 2819">
    <p class='ocr_par' dir='ltr' id='par_1_73' title="bbox 2004 2742 3571 2819">
     <span class='ocr_line' id='line_1_73' title="bbox 2004 2742 3571 2819; baseline -0.006 -15"><span class='ocrx_word' id='word_1_506' title='bbox 2004 2751 2152 2804; x_wconf 86' lang='lat' dir='ltr'><strong>mitte</strong></span> <span class='ocrx_word' id='word_1_507' title='bbox 2180 2766 2388 2818; x_wconf 88' lang='lat' dir='ltr'><strong>corpus,</strong></span> <span class='ocrx_word' id='word_1_508' title='bbox 2423 2750 2595 2819; x_wconf 87' lang='lat' dir='ltr'><strong>ipsum</strong></span> <span class='ocrx_word' id='word_1_509' title='bbox 2621 2748 2918 2817; x_wconf 79' lang='lat' dir='ltr'><strong>despicatus</strong></span> <span class='ocrx_word' id='word_1_510' title='bbox 2939 2759 2996 2799; x_wconf 86' lang='lat' dir='ltr'><strong>ut</strong></span> <span class='ocrx_word' id='word_1_511' title='bbox 3023 2754 3265 2800; x_wconf 85' lang='lat' dir='ltr'><strong>terrestre</strong></span> <span class='ocrx_word' id='word_1_512' title='bbox 3287 2742 3571 2806; x_wconf 80' lang='lat' dir='ltr'><strong>vinculum,</strong></span> 
     </span>
    </p>
   </div>
   <div class='ocr_carea' id='block_1_74' title="bbox 2002 2831 3569 2901">
    <p class='ocr_par' dir='ltr' id='par_1_74' title="bbox 2002 2831 3569 2901">
     <span class='ocr_line' id='line_1_74' title="bbox 2002 2831 3569 2901; baseline -0.008 -8"><span class='ocrx_word' id='word_1_513' title='bbox 2002 2850 2060 2893; x_wconf 88' lang='lat' dir='ltr'><strong>ut</strong></span> <span class='ocrx_word' id='word_1_514' title='bbox 2113 2844 2381 2893; x_wconf 85' lang='lat' dir='ltr'><strong>ruinosam</strong></span> <span class='ocrx_word' id='word_1_515' title='bbox 2438 2856 2499 2893; x_wconf 88' lang='lat' dir='ltr'><strong>ac</strong></span> <span class='ocrx_word' id='word_1_516' title='bbox 2554 2837 2892 2893; x_wconf 85' lang='lat' dir='ltr'><strong>collabentem</strong></span> <span class='ocrx_word' id='word_1_517' title='bbox 2923 2836 3155 2898; x_wconf 82' lang='lat' dir='ltr'><strong>domum,</strong></span> <span class='ocrx_word' id='word_1_518' title='bbox 3192 2838 3250 2887; x_wconf 80' lang='lat' dir='ltr'><strong>ut</strong></span> <span class='ocrx_word' id='word_1_519' title='bbox 3280 2849 3368 2888; x_wconf 74' lang='lat' dir='ltr'><strong>vas</strong></span> <span class='ocrx_word' id='word_1_520' title='bbox 3395 2831 3569 2901; x_wconf 76' lang='lat' dir='ltr'><strong>ﬁguli,</strong></span> 
     </span>
    </p>
   </div>
   <div class='ocr_carea' id='block_1_75' title="bbox 2002 2925 3573 3002">
    <p class='ocr_par' dir='ltr' id='par_1_75' title="bbox 2002 2925 3573 3002">
     <span class='ocr_line' id='line_1_75' title="bbox 2002 2925 3573 3002; baseline -0.006 -17"><span class='ocrx_word' id='word_1_521' title='bbox 2002 2934 2141 3002; x_wconf 82' lang='lat' dir='ltr'><strong>quod</strong></span> <span class='ocrx_word' id='word_1_522' title='bbox 2171 2932 2325 3000; x_wconf 74' lang='lat' dir='ltr'><strong>facile</strong></span> <span class='ocrx_word' id='word_1_523' title='bbox 2353 2930 2725 3001; x_wconf 81' lang='lat' dir='ltr'><strong>confringitur.</strong></span> <span class='ocrx_word' id='word_1_524' title='bbox 2768 2930 3001 2985; x_wconf 82' lang='lat' dir='ltr'><strong>Accurre</strong></span> <span class='ocrx_word' id='word_1_525' title='bbox 3050 2927 3180 2983; x_wconf 90' lang='lat' dir='ltr'><strong>liber</strong></span> <span class='ocrx_word' id='word_1_526' title='bbox 3203 2925 3273 2979; x_wconf 90' lang='lat' dir='ltr'><strong>ad</strong></span> <span class='ocrx_word' id='word_1_527' title='bbox 3296 2939 3573 2992; x_wconf 75' lang='lat' dir='ltr'><strong>supernam</strong></span> 
     </span>
    </p>
   </div>
   <div class='ocr_carea' id='block_1_76' title="bbox 2003 3017 3576 3089">
    <p class='ocr_par' dir='ltr' id='par_1_76' title="bbox 2003 3017 3576 3089">
     <span class='ocr_line' id='line_1_76' title="bbox 2003 3017 3576 3089; baseline -0.007 -11"><span class='ocrx_word' id='word_1_528' title='bbox 2003 3024 2137 3078; x_wconf 86' lang='lat' dir='ltr'><strong>hanc</strong></span> <span class='ocrx_word' id='word_1_529' title='bbox 2160 3024 2482 3079; x_wconf 66' lang='lat' dir='ltr'><strong>haereditatis</strong></span> <span class='ocrx_word' id='word_1_530' title='bbox 2507 3033 2718 3078; x_wconf 84' lang='lat' dir='ltr'><strong>sortem.</strong></span> <span class='ocrx_word' id='word_1_531' title='bbox 2747 3018 2953 3075; x_wconf 69' lang='lat' dir='ltr'><strong>Prcsto</strong></span> <span class='ocrx_word' id='word_1_532' title='bbox 2981 3034 3202 3089; x_wconf 83' lang='lat' dir='ltr'><strong>namque</strong></span> <span class='ocrx_word' id='word_1_533' title='bbox 3226 3017 3319 3070; x_wconf 85' lang='lat' dir='ltr'><strong>tibi</strong></span> <span class='ocrx_word' id='word_1_534' title='bbox 3339 3024 3416 3070; x_wconf 89' lang='lat' dir='ltr'><strong>est</strong></span> <span class='ocrx_word' id='word_1_535' title='bbox 3440 3030 3576 3083; x_wconf 83' lang='lat' dir='ltr'><strong>pra:-</strong></span> 
     </span>
    </p>
   </div>
   <div class='ocr_carea' id='block_1_77' title="bbox 2004 3106 3573 3183">
    <p class='ocr_par' dir='ltr' id='par_1_77' title="bbox 2004 3106 3573 3183">
     <span class='ocr_line' id='line_1_77' title="bbox 2004 3106 3573 3183; baseline -0.007 -15"><span class='ocrx_word' id='word_1_536' title='bbox 2004 3115 2137 3168; x_wconf 88' lang='lat' dir='ltr'><strong>clari</strong></span> <span class='ocrx_word' id='word_1_537' title='bbox 2168 3112 2326 3182; x_wconf 82' lang='lat' dir='ltr'><strong>hujus</strong></span> <span class='ocrx_word' id='word_1_538' title='bbox 2360 3114 2658 3183; x_wconf 86' lang='lat' dir='ltr'><strong>strenuique</strong></span> <span class='ocrx_word' id='word_1_539' title='bbox 2686 3111 2944 3181; x_wconf 77' lang='lat' dir='ltr'><strong>facinoris</strong></span> <span class='ocrx_word' id='word_1_540' title='bbox 3004 3125 3216 3164; x_wconf 85' lang='lat' dir='ltr'><strong>corona.</strong></span> <span class='ocrx_word' id='word_1_541' title='bbox 3265 3108 3309 3161; x_wconf 80' lang='grc' dir='ltr'><em>Α</em></span> <span class='ocrx_word' id='word_1_542' title='bbox 3356 3116 3495 3159; x_wconf 90' lang='lat' dir='ltr'><strong>terra</strong></span> <span class='ocrx_word' id='word_1_543' title='bbox 3517 3106 3573 3158; x_wconf 89' lang='lat' dir='ltr'><strong>in</strong></span> 
     </span>
    </p>
   </div>
   <div class='ocr_carea' id='block_1_78' title="bbox 2005 3197 3574 3273">
    <p class='ocr_par' dir='ltr' id='par_1_78' title="bbox 2005 3197 3574 3273">
     <span class='ocr_line' id='line_1_78' title="bbox 2005 3197 3574 3273; baseline -0.007 -14"><span class='ocrx_word' id='word_1_544' title='bbox 2005 3205 2190 3260; x_wconf 82' lang='lat' dir='ltr'><strong>ctelum</strong></span> <span class='ocrx_word' id='word_1_545' title='bbox 2224 3205 2531 3273; x_wconf 84' lang='lat' dir='ltr'><strong>commigra.</strong></span> <span class='ocrx_word' id='word_1_546' title='bbox 2564 3203 2693 3258; x_wconf 88' lang='lat' dir='ltr'><strong>Sine</strong></span> <span class='ocrx_word' id='word_1_547' title='bbox 2717 3218 2904 3271; x_wconf 88' lang='lat' dir='ltr'><strong>corpus</strong></span> <span class='ocrx_word' id='word_1_548' title='bbox 2939 3200 3237 3261; x_wconf 79' lang='lat' dir='ltr'><strong>homicidia,</strong></span> <span class='ocrx_word' id='word_1_549' title='bbox 3266 3197 3407 3251; x_wconf 88' lang='lat' dir='ltr'><strong>haud</strong></span> <span class='ocrx_word' id='word_1_550' title='bbox 3428 3211 3574 3250; x_wconf 86' lang='lat' dir='ltr'><strong>secus</strong></span> 
     </span>
    </p>
   </div>
   <div class='ocr_carea' id='block_1_79' title="bbox 2003 3283 3578 3357">
    <p class='ocr_par' dir='ltr' id='par_1_79' title="bbox 2003 3283 3578 3357">
     <span class='ocr_line' id='line_1_79' title="bbox 2003 3283 3578 3357; baseline -0.008 -8"><span class='ocrx_word' id='word_1_551' title='bbox 2003 3312 2067 3349; x_wconf 85' lang='lat' dir='ltr'><strong>ac</strong></span> <span class='ocrx_word' id='word_1_552' title='bbox 2089 3311 2262 3349; x_wconf 90' lang='lat' dir='ltr'><strong>escam</strong></span> <span class='ocrx_word' id='word_1_553' title='bbox 2294 3292 2530 3348; x_wconf 85' lang='lat' dir='ltr'><strong>canibus.</strong></span> <span class='ocrx_word' id='word_1_554' title='bbox 2564 3290 2613 3345; x_wconf 85' lang='lat' dir='ltr'><em>F</em></span> <span class='ocrx_word' id='word_1_555' title='bbox 2619 3301 2851 3346; x_wconf 88' lang='lat' dir='ltr'><strong>urentem</strong></span> <span class='ocrx_word' id='word_1_556' title='bbox 2902 3290 3236 3357; x_wconf 87' lang='lat' dir='ltr'><strong>rabidamque</strong></span> <span class='ocrx_word' id='word_1_557' title='bbox 3284 3283 3578 3340; x_wconf 86' lang='lat' dir='ltr'><strong>multitudi-</strong></span> 
     </span>
    </p>
   </div>
   <div class='ocr_carea' id='block_1_80' title="bbox 2005 3379 3294 3455">
    <p class='ocr_par' dir='ltr' id='par_1_80' title="bbox 2005 3379 3294 3455">
     <span class='ocr_line' id='line_1_80' title="bbox 2005 3379 3294 3455; baseline -0.008 -14"><span class='ocrx_word' id='word_1_558' title='bbox 2005 3402 2119 3442; x_wconf 87' lang='lat' dir='ltr'><strong>nem</strong></span> <span class='ocrx_word' id='word_1_559' title='bbox 2147 3387 2345 3449; x_wconf 88' lang='lat' dir='ltr'><strong>desere,</strong></span> <span class='ocrx_word' id='word_1_560' title='bbox 2373 3394 2527 3455; x_wconf 85' lang='lat' dir='ltr'><strong>atque</strong></span> <span class='ocrx_word' id='word_1_561' title='bbox 2556 3381 2861 3454; x_wconf 83' lang='lat' dir='ltr'><strong>angelorum</strong></span> <span class='ocrx_word' id='word_1_562' title='bbox 2890 3380 3061 3435; x_wconf 89' lang='lat' dir='ltr'><strong>choris</strong></span> <span class='ocrx_word' id='word_1_563' title='bbox 3089 3379 3294 3433; x_wconf 87' lang='lat' dir='ltr'><strong>accede.</strong></span> 
     </span>
    </p>
   </div>
   <div class='ocr_carea' id='block_1_81' title="bbox 2087 3465 3578 3545">
    <p class='ocr_par' dir='ltr' id='par_1_81' title="bbox 2087 3465 3578 3545">
     <span class='ocr_line' id='line_1_81' title="bbox 2087 3465 3578 3545; baseline -0.009 -13"><span class='ocrx_word' id='word_1_564' title='bbox 2087 3476 2200 3532; x_wconf 86' lang='lat' dir='ltr'><strong>lioc</strong></span> <span class='ocrx_word' id='word_1_565' title='bbox 2229 3491 2360 3531; x_wconf 92' lang='lat' dir='ltr'><strong>sane</strong></span> <span class='ocrx_word' id='word_1_566' title='bbox 2385 3474 2685 3545; x_wconf 89' lang='lat' dir='ltr'><strong>proposito,</strong></span> <span class='ocrx_word' id='word_1_567' title='bbox 2715 3471 2840 3527; x_wconf 81' lang='lat' dir='ltr'><strong>forti</strong></span> <span class='ocrx_word' id='word_1_568' title='bbox 2874 3472 3017 3527; x_wconf 87' lang='lat' dir='ltr'><strong>Deus</strong></span> <span class='ocrx_word' id='word_1_569' title='bbox 3057 3467 3432 3537; x_wconf 82' lang='lat' dir='ltr'><strong>constantique</strong></span> <span class='ocrx_word' id='word_1_570' title='bbox 3458 3465 3578 3520; x_wconf 86' lang='lat' dir='ltr'><strong>viro</strong></span> 
     </span>
    </p>
   </div>
   <div class='ocr_carea' id='block_1_82' title="bbox 2006 3556 3573 3637">
    <p class='ocr_par' dir='ltr' id='par_1_82' title="bbox 2006 3556 3573 3637">
     <span class='ocr_line' id='line_1_82' title="bbox 2006 3556 3573 3637; baseline -0.009 -15"><span class='ocrx_word' id='word_1_571' title='bbox 2006 3565 2277 3637; x_wconf 87' lang='lat' dir='ltr'><strong>apparuit,</strong></span> <span class='ocrx_word' id='word_1_572' title='bbox 2336 3578 2404 3619; x_wconf 90' lang='lat' dir='ltr'><strong>ne</strong></span> <span class='ocrx_word' id='word_1_573' title='bbox 2451 3563 2498 3618; x_wconf 92' lang='lat' dir='ltr'><strong>is</strong></span> <span class='ocrx_word' id='word_1_574' title='bbox 2549 3562 2742 3617; x_wconf 91' lang='lat' dir='ltr'><strong>timore</strong></span> <span class='ocrx_word' id='word_1_575' title='bbox 2796 3559 3112 3632; x_wconf 86' lang='lat' dir='ltr'><strong>perculsus,</strong></span> <span class='ocrx_word' id='word_1_576' title='bbox 3161 3556 3573 3618; x_wconf 82' lang='lat' dir='ltr'><strong>succumberet,</strong></span> 
     </span>
    </p>
   </div>
   <div class='ocr_carea' id='block_1_83' title="bbox 2006 3646 3575 3727">
    <p class='ocr_par' dir='ltr' id='par_1_83' title="bbox 2006 3646 3575 3727">
     <span class='ocr_line' id='line_1_83' title="bbox 2006 3646 3575 3727; baseline -0.01 -14"><span class='ocrx_word' id='word_1_577' title='bbox 2006 3673 2141 3713; x_wconf 90' lang='lat' dir='ltr'><strong>neve</strong></span> <span class='ocrx_word' id='word_1_578' title='bbox 2172 3655 2551 3727; x_wconf 76' lang='lat' dir='ltr'><strong>magnanimus</strong></span> <span class='ocrx_word' id='word_1_579' title='bbox 2576 3651 2938 3724; x_wconf 82' lang='lat' dir='ltr'><strong>impendentis</strong></span> <span class='ocrx_word' id='word_1_580' title='bbox 2979 3649 3105 3704; x_wconf 89' lang='lat' dir='ltr'><strong>mali</strong></span> <span class='ocrx_word' id='word_1_581' title='bbox 3143 3647 3451 3719; x_wconf 85' lang='lat' dir='ltr'><strong>granditate</strong></span> <span class='ocrx_word' id='word_1_582' title='bbox 3492 3646 3575 3698; x_wconf 88' lang='lat' dir='ltr'><strong>vi-</strong></span> 
     </span>
    </p>
   </div>
   <div class='ocr_carea' id='block_1_84' title="bbox 2005 3737 3577 3814">
    <p class='ocr_par' dir='ltr' id='par_1_84' title="bbox 2005 3737 3577 3814">
     <span class='ocr_line' id='line_1_84' title="bbox 2005 3737 3577 3814; baseline -0.01 -10"><span class='ocrx_word' id='word_1_583' title='bbox 2005 3760 2149 3814; x_wconf 89' lang='lat' dir='ltr'><strong>ctus,</strong></span> <span class='ocrx_word' id='word_1_584' title='bbox 2186 3749 2372 3803; x_wconf 87' lang='lat' dir='ltr'><strong>animo</strong></span> <span class='ocrx_word' id='word_1_585' title='bbox 2401 3752 2866 3802; x_wconf 87' lang='lat' dir='ltr'><strong>consternaretur.</strong></span> <span class='ocrx_word' id='word_1_586' title='bbox 2908 3742 3168 3810; x_wconf 81' lang='lat' dir='ltr'><strong>Quocirca</strong></span> <span class='ocrx_word' id='word_1_587' title='bbox 3199 3753 3372 3809; x_wconf 91' lang='lat' dir='ltr'><strong>neque</strong></span> <span class='ocrx_word' id='word_1_588' title='bbox 3418 3737 3577 3791; x_wconf 77' lang='lat' dir='ltr'><strong>auxi-</strong></span> 
     </span>
    </p>
   </div>
   <div class='ocr_carea' id='block_1_85' title="bbox 2007 3829 3578 3909">
    <p class='ocr_par' dir='ltr' id='par_1_85' title="bbox 2007 3829 3578 3909">
     <span class='ocr_line' id='line_1_85' title="bbox 2007 3829 3578 3909; baseline -0.01 -12"><span class='ocrx_word' id='word_1_589' title='bbox 2007 3842 2221 3897; x_wconf 89' lang='lat' dir='ltr'><strong>liarium</strong></span> <span class='ocrx_word' id='word_1_590' title='bbox 2256 3841 2304 3895; x_wconf 91' lang='lat' dir='ltr'><strong>ei</strong></span> <span class='ocrx_word' id='word_1_591' title='bbox 2342 3840 2590 3909; x_wconf 84' lang='lat' dir='ltr'><strong>angelum</strong></span> <span class='ocrx_word' id='word_1_592' title='bbox 2636 3836 2806 3900; x_wconf 83' lang='lat' dir='ltr'><strong>misit,</strong></span> <span class='ocrx_word' id='word_1_593' title='bbox 2872 3844 2930 3889; x_wconf 89' lang='lat' dir='ltr'><strong>ut</strong></span> <span class='ocrx_word' id='word_1_594' title='bbox 2986 3844 3170 3903; x_wconf 87' lang='lat' dir='ltr'><strong>postea</strong></span> <span class='ocrx_word' id='word_1_595' title='bbox 3227 3830 3483 3902; x_wconf 85' lang='lat' dir='ltr'><strong>apostolis</strong></span> <span class='ocrx_word' id='word_1_596' title='bbox 3520 3829 3578 3883; x_wconf 87' lang='lat' dir='ltr'><strong>iu</strong></span> 
     </span>
    </p>
   </div>
   <div class='ocr_carea' id='block_1_86' title="bbox 2005 3923 3582 3999">
    <p class='ocr_par' dir='ltr' id='par_1_86' title="bbox 2005 3923 3582 3999">
     <span class='ocr_line' id='line_1_86' title="bbox 2005 3923 3582 3999; baseline -0.008 -11"><span class='ocrx_word' id='word_1_597' title='bbox 2005 3945 2226 3988; x_wconf 78' lang='lat' dir='ltr'><strong>carcere</strong></span> <span class='ocrx_word' id='word_1_598' title='bbox 2253 3932 2341 3997; x_wconf 84' lang='lat'><strong>&quot;;</strong></span> <span class='ocrx_word' id='word_1_599' title='bbox 2378 3943 2555 3999; x_wconf 88' lang='lat' dir='ltr'><strong>neque</strong></span> <span class='ocrx_word' id='word_1_600' title='bbox 2586 3928 2818 3997; x_wconf 86' lang='lat' dir='ltr'><strong>aliquam</strong></span> <span class='ocrx_word' id='word_1_601' title='bbox 2849 3941 2915 3981; x_wconf 76' lang='lat' dir='ltr'><strong>ex</strong></span> <span class='ocrx_word' id='word_1_602' title='bbox 2960 3923 3294 3979; x_wconf 82' lang='lat' dir='ltr'><strong>administris</strong></span> <span class='ocrx_word' id='word_1_603' title='bbox 3343 3937 3405 3976; x_wconf 91' lang='lat' dir='ltr'><strong>ac</strong></span> <span class='ocrx_word' id='word_1_604' title='bbox 3445 3936 3582 3976; x_wconf 83' lang='lat' dir='ltr'><strong>cou-</strong></span> 
     </span>
    </p>
   </div>
   <div class='ocr_carea' id='block_1_87' title="bbox 2006 4012 3573 4089">
    <p class='ocr_par' dir='ltr' id='par_1_87' title="bbox 2006 4012 3573 4089">
     <span class='ocr_line' id='line_1_87' title="bbox 2006 4012 3573 4089; baseline -0.009 -10"><span class='ocrx_word' id='word_1_605' title='bbox 2006 4025 2178 4080; x_wconf 88' lang='lat' dir='ltr'><strong>servis</strong></span> <span class='ocrx_word' id='word_1_606' title='bbox 2212 4023 2524 4085; x_wconf 78' lang='lat' dir='ltr'><strong>virtutibus,</strong></span> <span class='ocrx_word' id='word_1_607' title='bbox 2558 4021 2651 4075; x_wconf 85' lang='lat' dir='ltr'><strong>sed</strong></span> <span class='ocrx_word' id='word_1_608' title='bbox 2682 4020 2794 4089; x_wconf 89' lang='lat' dir='ltr'><strong>ipse</strong></span> <span class='ocrx_word' id='word_1_609' title='bbox 2818 4016 3166 4085; x_wconf 86' lang='lat' dir='ltr'><strong>semetipsum</strong></span> <span class='ocrx_word' id='word_1_610' title='bbox 3221 4015 3393 4083; x_wconf 85' lang='lat' dir='ltr'><strong>palam</strong></span> <span class='ocrx_word' id='word_1_611' title='bbox 3417 4012 3573 4069; x_wconf 78' lang='lat' dir='ltr'><strong>exbi-</strong></span> 
     </span>
    </p>
   </div>
   <div class='ocr_carea' id='block_1_88' title="bbox 2006 4101 3581 4183">
    <p class='ocr_par' dir='ltr' id='par_1_88' title="bbox 2006 4101 3581 4183">
     <span class='ocr_line' id='line_1_88' title="bbox 2006 4101 3581 4183; baseline -0.011 -13"><span class='ocrx_word' id='word_1_612' title='bbox 2006 4116 2142 4170; x_wconf 83' lang='lat' dir='ltr'><strong>butt.</strong></span> <span class='ocrx_word' id='word_1_613' title='bbox 2180 4114 2334 4168; x_wconf 90' lang='lat' dir='ltr'><strong>Tunc</strong></span> <span class='ocrx_word' id='word_1_614' title='bbox 2360 4110 2626 4183; x_wconf 88' lang='lat' dir='ltr'><strong>siquidem</strong></span> <span class='ocrx_word' id='word_1_615' title='bbox 2680 4108 2931 4179; x_wconf 57' lang='lat' dir='ltr'><strong>primitiae</strong></span> <span class='ocrx_word' id='word_1_616' title='bbox 2958 4106 3260 4176; x_wconf 82' lang='lat' dir='ltr'><strong>agebantur</strong></span> <span class='ocrx_word' id='word_1_617' title='bbox 3307 4101 3581 4173; x_wconf 74' lang='lat' dir='ltr'><strong>martyrii,</strong></span> 
     </span>
    </p>
   </div>
   <div class='ocr_carea' id='block_1_89' title="bbox 2007 4191 3583 4279">
    <p class='ocr_par' dir='ltr' id='par_1_89' title="bbox 2007 4191 3583 4279">
     <span class='ocr_line' id='line_1_89' title="bbox 2007 4191 3583 4279; baseline -0.011 -18"><span class='ocrx_word' id='word_1_618' title='bbox 2007 4218 2230 4279; x_wconf 84' lang='lat' dir='ltr'><strong>eratque</strong></span> <span class='ocrx_word' id='word_1_619' title='bbox 2252 4218 2428 4273; x_wconf 72' lang='lat' dir='ltr'><strong>operte</strong></span> <span class='ocrx_word' id='word_1_620' title='bbox 2463 4200 2695 4273; x_wconf 88' lang='lat' dir='ltr'><strong>pretium</strong></span> <span class='ocrx_word' id='word_1_621' title='bbox 2722 4210 2779 4253; x_wconf 84' lang='lat' dir='ltr'><strong>ut</strong></span> <span class='ocrx_word' id='word_1_622' title='bbox 2806 4197 3035 4267; x_wconf 87' lang='lat' dir='ltr'><strong>primum</strong></span> <span class='ocrx_word' id='word_1_623' title='bbox 3064 4210 3197 4265; x_wconf 90' lang='lat' dir='ltr'><strong>opus</strong></span> <span class='ocrx_word' id='word_1_624' title='bbox 3217 4208 3375 4263; x_wconf 81' lang='lat' dir='ltr'><strong>quam</strong></span> <span class='ocrx_word' id='word_1_625' title='bbox 3407 4191 3583 4245; x_wconf 73' lang='lat' dir='ltr'><strong>tussi-</strong></span> 
     </span>
    </p>
   </div>
   <div class='ocr_carea' id='block_1_90' title="bbox 2011 4284 3577 4362">
    <p class='ocr_par' dir='ltr' id='par_1_90' title="bbox 2011 4284 3577 4362">
     <span class='ocr_line' id='line_1_90' title="bbox 2011 4284 3577 4362; baseline -0.01 -10"><span class='ocrx_word' id='word_1_626' title='bbox 2011 4313 2097 4352; x_wconf 88' lang='lat' dir='ltr'><strong>tue</strong></span> <span class='ocrx_word' id='word_1_627' title='bbox 2134 4296 2431 4351; x_wconf 88' lang='lat' dir='ltr'><strong>absolutum</strong></span> <span class='ocrx_word' id='word_1_628' title='bbox 2454 4294 2628 4350; x_wconf 78' lang='lat' dir='ltr'><strong>foret:</strong></span> <span class='ocrx_word' id='word_1_629' title='bbox 2659 4306 2768 4362; x_wconf 91' lang='lat' dir='ltr'><strong>quo</strong></span> <span class='ocrx_word' id='word_1_630' title='bbox 2813 4287 3010 4343; x_wconf 87' lang='lat' dir='ltr'><strong>futuris</strong></span> <span class='ocrx_word' id='word_1_631' title='bbox 3040 4288 3291 4357; x_wconf 87' lang='lat' dir='ltr'><strong>deinceps</strong></span> <span class='ocrx_word' id='word_1_632' title='bbox 3325 4284 3577 4354; x_wconf 85' lang='lat' dir='ltr'><strong>tempori-</strong></span> 
     </span>
    </p>
   </div>
   <div class='ocr_carea' id='block_1_91' title="bbox 2006 4376 3580 4456">
    <p class='ocr_par' dir='ltr' id='par_1_91' title="bbox 2006 4376 3580 4456">
     <span class='ocr_line' id='line_1_91' title="bbox 2006 4376 3580 4456; baseline -0.009 -12"><span class='ocrx_word' id='word_1_633' title='bbox 2006 4390 2107 4444; x_wconf 86' lang='lat' dir='ltr'><strong>bus</strong></span> <span class='ocrx_word' id='word_1_634' title='bbox 2157 4385 2631 4456; x_wconf 78' lang='lat' dir='ltr'><strong>superexstt&#39;ueudi</strong></span> <span class='ocrx_word' id='word_1_635' title='bbox 2712 4391 2979 4451; x_wconf 86' lang='lat' dir='ltr'><strong>martyres</strong></span> <span class='ocrx_word' id='word_1_636' title='bbox 3030 4379 3238 4432; x_wconf 87' lang='lat' dir='ltr'><strong>lirmatn</strong></span> <span class='ocrx_word' id='word_1_637' title='bbox 3290 4376 3580 4431; x_wconf 62' lang='lat' dir='ltr'><strong>tumulandi</strong></span> 
     </span>
    </p>
   </div>
   <div class='ocr_carea' id='block_1_92' title="bbox 326 4467 1904 4557">
    <p class='ocr_par' dir='ltr' id='par_1_92' title="bbox 326 4475 1904 4550">
     <span class='ocr_line' id='line_1_92' title="bbox 326 4475 1904 4550; baseline 0.002 -21"><span class='ocrx_word' id='word_1_638' title='bbox 326 4495 442 4547; x_wconf 85' lang='grc' dir='ltr'><em>χος,</em></span> <span class='ocrx_word' id='word_1_639' title='bbox 494 4478 524 4530; x_wconf 83' lang='grc' dir='ltr'><strong>ὁ</strong></span> <span class='ocrx_word' id='word_1_640' title='bbox 561 4475 656 4529; x_wconf 80' lang='grc' dir='ltr'><em>τοῦ</em></span> <span class='ocrx_word' id='word_1_641' title='bbox 694 4475 855 4547; x_wconf 79' lang='grc' dir='ltr'><em>ἔργου</em></span> <span class='ocrx_word' id='word_1_642' title='bbox 889 4477 1186 4549; x_wconf 84' lang='grc' dir='ltr'><em>παρασχὼν</em></span> <span class='ocrx_word' id='word_1_643' title='bbox 1226 4478 1287 4532; x_wconf 81' lang='grc' dir='ltr'><em>τὸ</em></span> <span class='ocrx_word' id='word_1_644' title='bbox 1332 4479 1630 4550; x_wconf 76' lang='grc' dir='ltr'><em>ἐνδόσιμον·</em></span> <span class='ocrx_word' id='word_1_645' title='bbox 1676 4481 1904 4550; x_wconf 84' lang='grc' dir='ltr'><em>νικήσας</em></span> 
     </span>
    </p>
   </div>
   <div class='ocr_carea' id='block_1_93' title="bbox 2005 4467 3573 4557">
    <p class='ocr_par' dir='ltr' id='par_1_93' title="bbox 2006 4467 3573 4549">
     <span class='ocr_line' id='line_1_93' title="bbox 2006 4467 3573 4549; baseline -0.011 -14"><span class='ocrx_word' id='word_1_646' title='bbox 2006 4479 2338 4549; x_wconf 87' lang='lat' dir='ltr'><strong>crepidinem</strong></span> <span class='ocrx_word' id='word_1_647' title='bbox 2386 4477 2666 4544; x_wconf 84' lang='lat' dir='ltr'><strong>basimque</strong></span> <span class='ocrx_word' id='word_1_648' title='bbox 2725 4472 3053 4540; x_wconf 88' lang='lat' dir='ltr'><strong>acciperent,</strong></span> <span class='ocrx_word' id='word_1_649' title='bbox 3104 4482 3204 4523; x_wconf 86' lang='lat' dir='ltr'><strong>nec</strong></span> <span class='ocrx_word' id='word_1_650' title='bbox 3248 4467 3474 4538; x_wconf 68' lang='lat' dir='ltr'><strong>ignaviae</strong></span> <span class='ocrx_word' id='word_1_651' title='bbox 3506 4479 3573 4519; x_wconf 91' lang='lat' dir='ltr'><strong>ac</strong></span> 
     </span>
    </p>
   </div>
   <div class='ocr_carea' id='block_1_94' title="bbox 329 4569 1905 4647">
    <p class='ocr_par' dir='ltr' id='par_1_94' title="bbox 329 4569 1905 4647">
     <span class='ocr_line' id='line_1_94' title="bbox 329 4569 1905 4647; baseline 0.004 -26"><span class='ocrx_word' id='word_1_652' title='bbox 329 4569 430 4639; x_wconf 83' lang='grc' dir='ltr'><em>μὲν</em></span> <span class='ocrx_word' id='word_1_653' title='bbox 481 4569 577 4622; x_wconf 83' lang='grc' dir='ltr'><strong>καὶ</strong></span> <span class='ocrx_word' id='word_1_654' title='bbox 614 4569 1025 4641; x_wconf 80' lang='grc' dir='ltr'><em>ἀνδρισάμενος,</em></span> <span class='ocrx_word' id='word_1_655' title='bbox 1056 4572 1266 4634; x_wconf 81' lang='grc' dir='ltr'><em>πάντας</em></span> <span class='ocrx_word' id='word_1_656' title='bbox 1300 4572 1425 4636; x_wconf 82' lang='grc' dir='ltr'><em>τοὺς</em></span> <span class='ocrx_word' id='word_1_657' title='bbox 1460 4572 1621 4636; x_wconf 86' lang='grc' dir='ltr'><em>ίδίους</em></span> <span class='ocrx_word' id='word_1_658' title='bbox 1647 4573 1905 4647; x_wconf 80' lang='grc' dir='ltr'><em>άπέρῤω-</em></span> 
     </span>
    </p>
   </div>
   <div class='ocr_carea' id='block_1_95' title="bbox 328 4660 1904 4732">
    <p class='ocr_par' dir='ltr' id='par_1_95' title="bbox 328 4660 1904 4732">
     <span class='ocr_line' id='line_1_95' title="bbox 328 4660 1904 4732; baseline 0.004 -21"><span class='ocrx_word' id='word_1_659' title='bbox 328 4675 408 4722; x_wconf 85' lang='grc' dir='ltr'><strong>σε,</strong></span> <span class='ocrx_word' id='word_1_660' title='bbox 433 4660 533 4712; x_wconf 77' lang='grc' dir='ltr'><strong>καὶ</strong></span> <span class='ocrx_word' id='word_1_661' title='bbox 575 4660 701 4723; x_wconf 79' lang='grc' dir='ltr'><em>τοὺς</em></span> <span class='ocrx_word' id='word_1_662' title='bbox 730 4660 1082 4724; x_wconf 82' lang='grc' dir='ltr'><em>ὑπεναντίους</em></span> <span class='ocrx_word' id='word_1_663' title='bbox 1117 4660 1475 4732; x_wconf 80' lang='grc' dir='ltr'><em>κατέπληξεν·</em></span> <span class='ocrx_word' id='word_1_664' title='bbox 1509 4663 1733 4728; x_wconf 81' lang='grc' dir='ltr'><em>ἀσθενὲς</em></span> <span class='ocrx_word' id='word_1_665' title='bbox 1766 4663 1823 4717; x_wconf 78' lang='grc' dir='ltr'><em>δέ</em></span> <span class='ocrx_word' id='word_1_666' title='bbox 1852 4681 1904 4717; x_wconf 87' lang='grc' dir='ltr'><strong>τι</strong></span> 
     </span>
    </p>
   </div>
   <div class='ocr_carea' id='block_1_96' title="bbox 2013 4558 3579 4628">
    <p class='ocr_par' dir='ltr' id='par_1_96' title="bbox 2013 4558 3579 4628">
     <span class='ocr_line' id='line_1_96' title="bbox 2013 4558 3579 4628; baseline -0.011 -3"><span class='ocrx_word' id='word_1_667' title='bbox 2013 4569 2322 4625; x_wconf 88' lang='lat' dir='ltr'><strong>timiditatis</strong></span> <span class='ocrx_word' id='word_1_668' title='bbox 2358 4567 2659 4622; x_wconf 89' lang='lat' dir='ltr'><strong>imitatores</strong></span> <span class='ocrx_word' id='word_1_669' title='bbox 2705 4563 3021 4628; x_wconf 81' lang='lat' dir='ltr'><strong>evaderent,</strong></span> <span class='ocrx_word' id='word_1_670' title='bbox 3054 4560 3133 4614; x_wconf 89' lang='lat' dir='ltr'><strong>uti</strong></span> <span class='ocrx_word' id='word_1_671' title='bbox 3170 4574 3302 4614; x_wconf 86' lang='lat' dir='ltr'><strong>sane</strong></span> <span class='ocrx_word' id='word_1_672' title='bbox 3333 4558 3383 4611; x_wconf 87' lang='lat' dir='ltr'><strong>itt</strong></span> <span class='ocrx_word' id='word_1_673' title='bbox 3430 4571 3579 4609; x_wconf 84' lang='lat' dir='ltr'><strong>cont-</strong></span> 
     </span>
    </p>
   </div>
   <div class='ocr_carea' id='block_1_97' title="bbox 2013 4648 3581 4727">
    <p class='ocr_par' dir='ltr' id='par_1_97' title="bbox 2013 4648 3581 4727">
     <span class='ocr_line' id='line_1_97' title="bbox 2013 4648 3581 4727; baseline -0.008 -13"><span class='ocrx_word' id='word_1_674' title='bbox 2013 4660 2266 4714; x_wconf 86' lang='lat' dir='ltr'><strong>tuunibus</strong></span> <span class='ocrx_word' id='word_1_675' title='bbox 2294 4658 2468 4722; x_wconf 87' lang='lat' dir='ltr'><strong>bellis,</strong></span> <span class='ocrx_word' id='word_1_676' title='bbox 2497 4672 2561 4712; x_wconf 90' lang='lat' dir='ltr'><strong>ac</strong></span> <span class='ocrx_word' id='word_1_677' title='bbox 2592 4670 2712 4727; x_wconf 65' lang='lat' dir='ltr'><strong>quae</strong></span> <span class='ocrx_word' id='word_1_678' title='bbox 2735 4657 2971 4709; x_wconf 90' lang='lat' dir='ltr'><strong>humano</strong></span> <span class='ocrx_word' id='word_1_679' title='bbox 2994 4660 3254 4721; x_wconf 79' lang='lat' dir='ltr'><strong>geruntur</strong></span> <span class='ocrx_word' id='word_1_680' title='bbox 3281 4666 3401 4715; x_wconf 91' lang='lat' dir='ltr'><strong>usu,</strong></span> <span class='ocrx_word' id='word_1_681' title='bbox 3435 4648 3581 4704; x_wconf 82' lang='lat' dir='ltr'><strong>acci-</strong></span> 
     </span>
    </p>
   </div>
   <div class='ocr_carea' id='block_1_98' title="bbox 329 4742 1904 4825">
    <p class='ocr_par' dir='ltr' id='par_1_98' title="bbox 329 4749 1902 4825">
     <span class='ocr_line' id='line_1_98' title="bbox 329 4749 1902 4825; baseline 0.003 -23"><span class='ocrx_word' id='word_1_682' title='bbox 329 4749 542 4813; x_wconf 82' lang='grc' dir='ltr'><em>παθὼν,</em></span> <span class='ocrx_word' id='word_1_683' title='bbox 591 4751 753 4816; x_wconf 82' lang='grc' dir='ltr'><em>εὐθὺς</em></span> <span class='ocrx_word' id='word_1_684' title='bbox 790 4752 1061 4825; x_wconf 72' lang='grc' dir='ltr'><em>κατακλᾷ,</em></span> <span class='ocrx_word' id='word_1_685' title='bbox 1092 4753 1184 4811; x_wconf 81' lang='grc' dir='ltr'><strong>καὶ</strong></span> <span class='ocrx_word' id='word_1_686' title='bbox 1216 4753 1418 4818; x_wconf 87' lang='grc' dir='ltr'><em>δειλίας</em></span> <span class='ocrx_word' id='word_1_687' title='bbox 1447 4753 1645 4825; x_wconf 81' lang='grc' dir='ltr'><em>πληροῖ</em></span> <span class='ocrx_word' id='word_1_688' title='bbox 1671 4755 1767 4818; x_wconf 81' lang='grc' dir='ltr'><em>τὰς</em></span> <span class='ocrx_word' id='word_1_689' title='bbox 1794 4753 1902 4807; x_wconf 81' lang='grc' dir='ltr'><strong>τῶν</strong></span> 
     </span>
    </p>
   </div>
   <div class='ocr_carea' id='block_1_99' title="bbox 2005 4742 3585 4825">
    <p class='ocr_par' dir='ltr' id='par_1_99' title="bbox 2009 4742 3585 4820">
     <span class='ocr_line' id='line_1_99' title="bbox 2009 4742 3585 4820; baseline -0.008 -14"><span class='ocrx_word' id='word_1_690' title='bbox 2009 4753 2109 4807; x_wconf 92' lang='lat' dir='ltr'><strong>dit.</strong></span> <span class='ocrx_word' id='word_1_691' title='bbox 2135 4749 2288 4805; x_wconf 88' lang='lat' dir='ltr'><strong>Unus</strong></span> <span class='ocrx_word' id='word_1_692' title='bbox 2313 4749 2454 4803; x_wconf 87' lang='lat' dir='ltr'><strong>enim</strong></span> <span class='ocrx_word' id='word_1_693' title='bbox 2495 4748 2617 4820; x_wconf 88' lang='lat' dir='ltr'><strong>quis</strong></span> <span class='ocrx_word' id='word_1_694' title='bbox 2662 4747 3047 4816; x_wconf 81' lang='lat' dir='ltr'><strong>antesignanus</strong></span> <span class='ocrx_word' id='word_1_695' title='bbox 3078 4743 3233 4798; x_wconf 87' lang='lat' dir='ltr'><strong>miles</strong></span> <span class='ocrx_word' id='word_1_696' title='bbox 3265 4744 3391 4796; x_wconf 85' lang='lat' dir='ltr'><strong>tlato</strong></span> <span class='ocrx_word' id='word_1_697' title='bbox 3428 4742 3585 4809; x_wconf 71' lang='lat' dir='ltr'><strong>signa</strong></span> 
     </span>
    </p>
   </div>
   <div class='ocr_carea' id='block_1_100' title="bbox 328 4836 1904 4917">
    <p class='ocr_par' dir='ltr' id='par_1_100' title="bbox 328 4842 1902 4917">
     <span class='ocr_line' id='line_1_100' title="bbox 328 4842 1902 4917; baseline 0.004 -23"><span class='ocrx_word' id='word_1_698' title='bbox 328 4842 618 4911; x_wconf 77' lang='grc' dir='ltr'><em>ὁμοφύλων</em></span> <span class='ocrx_word' id='word_1_699' title='bbox 657 4843 857 4915; x_wconf 69' lang='grc' dir='ltr'><em>ψυχὰς,</em></span> <span class='ocrx_word' id='word_1_700' title='bbox 887 4845 981 4898; x_wconf 69' lang='grc' dir='ltr'><strong>καὶ</strong></span> <span class='ocrx_word' id='word_1_701' title='bbox 1029 4845 1205 4916; x_wconf 84' lang='grc' dir='ltr'><em>φυγῆς</em></span> <span class='ocrx_word' id='word_1_702' title='bbox 1232 4847 1440 4913; x_wconf 85' lang='grc' dir='ltr'><em>γίνεται</em></span> <span class='ocrx_word' id='word_1_703' title='bbox 1481 4845 1749 4917; x_wconf 85' lang='grc' dir='ltr'><em>σύνθημα.</em></span> <span class='ocrx_word' id='word_1_704' title='bbox 1804 4845 1902 4900; x_wconf 81' lang='grc' dir='ltr'><strong>Διὰ</strong></span> 
     </span>
    </p>
   </div>
   <div class='ocr_carea' id='block_1_101' title="bbox 2005 4836 3577 4917">
    <p class='ocr_par' dir='ltr' id='par_1_101' title="bbox 2005 4836 3577 4915">
     <span class='ocr_line' id='line_1_101' title="bbox 2005 4836 3577 4915; baseline -0.004 -21"><span class='ocrx_word' id='word_1_705' title='bbox 2005 4858 2139 4915; x_wconf 79' lang='lat' dir='ltr'><strong>opus</strong></span> <span class='ocrx_word' id='word_1_706' title='bbox 2150 4842 2489 4913; x_wconf 85' lang='lat' dir='ltr'><strong>aggreditur:</strong></span> <span class='ocrx_word' id='word_1_707' title='bbox 2512 4849 2674 4910; x_wconf 89' lang='lat' dir='ltr'><strong>utque</strong></span> <span class='ocrx_word' id='word_1_708' title='bbox 2705 4838 2752 4894; x_wconf 87' lang='lat' dir='ltr'><strong>si</strong></span> <span class='ocrx_word' id='word_1_709' title='bbox 2770 4839 2813 4893; x_wconf 88' lang='lat' dir='ltr'><strong>is</strong></span> <span class='ocrx_word' id='word_1_710' title='bbox 2828 4837 3053 4891; x_wconf 88' lang='lat' dir='ltr'><strong>viriliter</strong></span> <span class='ocrx_word' id='word_1_711' title='bbox 3068 4850 3231 4906; x_wconf 89' lang='lat' dir='ltr'><strong>agens</strong></span> <span class='ocrx_word' id='word_1_712' title='bbox 3258 4836 3429 4888; x_wconf 81' lang='lat' dir='ltr'><strong>victor</strong></span> <span class='ocrx_word' id='word_1_713' title='bbox 3450 4848 3577 4889; x_wconf 86' lang='lat' dir='ltr'><strong>eva-</strong></span> 
     </span>
    </p>
   </div>
   <div class='ocr_carea' id='block_1_102' title="bbox 329 4925 1904 5009">
    <p class='ocr_par' dir='ltr' id='par_1_102' title="bbox 329 4932 1380 5009">
     <span class='ocr_line' id='line_1_102' title="bbox 329 4932 1380 5009; baseline 0.005 -24"><span class='ocrx_word' id='word_1_714' title='bbox 329 4932 503 4985; x_wconf 74' lang='grc' dir='ltr'><em>ταῦτα</em></span> <span class='ocrx_word' id='word_1_715' title='bbox 533 4933 632 5004; x_wconf 85' lang='grc' dir='ltr'><em>μὲν</em></span> <span class='ocrx_word' id='word_1_716' title='bbox 658 4936 687 4988; x_wconf 84' lang='grc' dir='ltr'>ό</span> <span class='ocrx_word' id='word_1_717' title='bbox 713 4934 844 4998; x_wconf 82' lang='grc' dir='ltr'><em>Θεὸς</em></span> <span class='ocrx_word' id='word_1_718' title='bbox 866 4935 1155 5006; x_wconf 77' lang='grc' dir='ltr'><em>οὐρανόθεν</em></span> <span class='ocrx_word' id='word_1_719' title='bbox 1186 4937 1380 5009; x_wconf 78' lang='grc' dir='ltr'><em>ἐφάνη.</em></span> 
     </span>
    </p>
   </div>
   <div class='ocr_carea' id='block_1_103' title="bbox 2005 4925 3578 5009">
    <p class='ocr_par' dir='ltr' id='par_1_103' title="bbox 2006 4925 3578 5000">
     <span class='ocr_line' id='line_1_103' title="bbox 2006 4925 3578 5000; baseline -0.008 -11"><span class='ocrx_word' id='word_1_720' title='bbox 2006 4936 2159 4998; x_wconf 88' lang='lat' dir='ltr'><strong>serit,</strong></span> <span class='ocrx_word' id='word_1_721' title='bbox 2196 4946 2425 4988; x_wconf 87' lang='lat' dir='ltr'><strong>suorum</strong></span> <span class='ocrx_word' id='word_1_722' title='bbox 2482 4931 2723 4986; x_wconf 91' lang='lat' dir='ltr'><strong>omnium</strong></span> <span class='ocrx_word' id='word_1_723' title='bbox 2774 4929 2936 5000; x_wconf 88' lang='lat' dir='ltr'><strong>erigit</strong></span> <span class='ocrx_word' id='word_1_724' title='bbox 2995 4927 3226 4992; x_wconf 85' lang='lat' dir='ltr'><strong>animos,</strong></span> <span class='ocrx_word' id='word_1_725' title='bbox 3259 4925 3578 4992; x_wconf 81' lang='lat' dir='ltr'><strong>ﬁrmatque;</strong></span> 
     </span>
    </p>
   </div>
   <div class='ocr_carea' id='block_1_104' title="bbox 330 5014 3582 5092">
    <p class='ocr_par' dir='ltr' id='par_1_104' title="bbox 330 5014 3582 5092">
     <span class='ocr_line' id='line_1_104' title="bbox 330 5014 3582 5092; baseline -0.003 -17"><span class='ocrx_word' id='word_1_726' title='bbox 330 5022 765 5077; x_wconf 82' lang='lat' dir='ltr'><strong>adversariorum</strong></span> <span class='ocrx_word' id='word_1_727' title='bbox 795 5038 923 5077; x_wconf 85' lang='lat' dir='ltr'><strong>vero</strong></span> <span class='ocrx_word' id='word_1_728' title='bbox 951 5033 1284 5092; x_wconf 87' lang='lat' dir='ltr'><strong>consternat,</strong></span> <span class='ocrx_word' id='word_1_729' title='bbox 1319 5042 1384 5081; x_wconf 91' lang='lat' dir='ltr'><strong>ac</strong></span> <span class='ocrx_word' id='word_1_730' title='bbox 1431 5025 1650 5092; x_wconf 86' lang='lat' dir='ltr'><strong>dejicit;</strong></span> <span class='ocrx_word' id='word_1_731' title='bbox 1704 5027 1788 5080; x_wconf 86' lang='lat' dir='ltr'><strong>sin</strong></span> <span class='ocrx_word' id='word_1_732' title='bbox 1848 5035 2025 5079; x_wconf 86' lang='lat' dir='ltr'><strong>autem</strong></span> <span class='ocrx_word' id='word_1_733' title='bbox 2091 5022 2322 5077; x_wconf 86' lang='lat' dir='ltr'><strong>imbellis</strong></span> <span class='ocrx_word' id='word_1_734' title='bbox 2384 5021 2732 5092; x_wconf 87' lang='lat' dir='ltr'><strong>ignavusquc,</strong></span> <span class='ocrx_word' id='word_1_735' title='bbox 2804 5034 2993 5090; x_wconf 89' lang='lat' dir='ltr'><strong>parum</strong></span> <span class='ocrx_word' id='word_1_736' title='bbox 3048 5018 3176 5086; x_wconf 87' lang='lat' dir='ltr'><strong>qttid</strong></span> <span class='ocrx_word' id='word_1_737' title='bbox 3213 5014 3582 5074; x_wconf 80' lang='lat' dir='ltr'><strong>succubuerit,</strong></span> 
     </span>
    </p>
   </div>
   <div class='ocr_carea' id='block_1_105' title="bbox 328 5109 3582 5187">
    <p class='ocr_par' dir='ltr' id='par_1_105' title="bbox 328 5109 3582 5187">
     <span class='ocr_line' id='line_1_105' title="bbox 328 5109 3582 5187; baseline -0.001 -21"><span class='ocrx_word' id='word_1_738' title='bbox 328 5112 476 5166; x_wconf 84' lang='lat' dir='ltr'><strong>illico</strong></span> <span class='ocrx_word' id='word_1_739' title='bbox 509 5111 890 5167; x_wconf 87' lang='lat' dir='ltr'><strong>contribulium</strong></span> <span class='ocrx_word' id='word_1_740' title='bbox 921 5128 1142 5169; x_wconf 92' lang='lat' dir='ltr'><strong>suorum</strong></span> <span class='ocrx_word' id='word_1_741' title='bbox 1191 5115 1393 5187; x_wconf 76' lang='lat' dir='ltr'><strong>frangit</strong></span> <span class='ocrx_word' id='word_1_742' title='bbox 1438 5119 1670 5181; x_wconf 89' lang='lat' dir='ltr'><strong>animos,</strong></span> <span class='ocrx_word' id='word_1_743' title='bbox 1704 5132 1905 5187; x_wconf 87' lang='lat' dir='ltr'><strong>eosque</strong></span> <span class='ocrx_word' id='word_1_744' title='bbox 1945 5129 2139 5186; x_wconf 76' lang='lat' dir='ltr'><strong>segnes</strong></span> <span class='ocrx_word' id='word_1_745' title='bbox 2169 5130 2390 5186; x_wconf 89' lang='lat' dir='ltr'><strong>prorsus</strong></span> <span class='ocrx_word' id='word_1_746' title='bbox 2441 5129 2505 5169; x_wconf 88' lang='lat' dir='ltr'><strong>ac</strong></span> <span class='ocrx_word' id='word_1_747' title='bbox 2568 5115 2793 5186; x_wconf 83' lang='lat' dir='ltr'><strong>ignavos</strong></span> <span class='ocrx_word' id='word_1_748' title='bbox 2822 5111 2999 5167; x_wconf 87' lang='lat' dir='ltr'><strong>reddit</strong></span> <span class='ocrx_word' id='word_1_749' title='bbox 3027 5149 3044 5175; x_wconf 90' lang='lat'><strong>,</strong></span> <span class='ocrx_word' id='word_1_750' title='bbox 3077 5110 3322 5180; x_wconf 73' lang='lat' dir='ltr'><strong>fugaeque</strong></span> <span class='ocrx_word' id='word_1_751' title='bbox 3352 5109 3582 5165; x_wconf 81' lang='lat' dir='ltr'><strong>eﬂicitur</strong></span> 
     </span>
    </p>
   </div>
   <div class='ocr_carea' id='block_1_106' title="bbox 328 5203 2021 5278">
    <p class='ocr_par' dir='ltr' id='par_1_106' title="bbox 328 5203 2021 5278">
     <span class='ocr_line' id='line_1_106' title="bbox 328 5203 2021 5278; baseline 0.004 -21"><span class='ocrx_word' id='word_1_752' title='bbox 328 5213 560 5259; x_wconf 56' lang='lat' dir='ltr'><strong>tessera.</strong></span> <span class='ocrx_word' id='word_1_753' title='bbox 613 5203 727 5259; x_wconf 79' lang='lat' dir='ltr'><strong>[lac</strong></span> <span class='ocrx_word' id='word_1_754' title='bbox 775 5204 932 5274; x_wconf 90' lang='lat' dir='ltr'><strong>plane</strong></span> <span class='ocrx_word' id='word_1_755' title='bbox 978 5207 1047 5261; x_wconf 91' lang='lat' dir='ltr'><strong>de</strong></span> <span class='ocrx_word' id='word_1_756' title='bbox 1102 5222 1265 5263; x_wconf 86' lang='lat' dir='ltr'><strong>causa</strong></span> <span class='ocrx_word' id='word_1_757' title='bbox 1323 5209 1462 5262; x_wconf 86' lang='lat' dir='ltr'><strong>Deus</strong></span> <span class='ocrx_word' id='word_1_758' title='bbox 1516 5224 1548 5263; x_wconf 92' lang='lat' dir='ltr'><strong>e</strong></span> <span class='ocrx_word' id='word_1_759' title='bbox 1582 5210 1720 5264; x_wconf 75' lang='lat' dir='ltr'><strong>ctelo</strong></span> <span class='ocrx_word' id='word_1_760' title='bbox 1749 5208 2021 5278; x_wconf 83' lang='lat' dir='ltr'><strong>apparuit.</strong></span> 
     </span>
    </p>
   </div>
   <div class='ocr_carea' id='block_1_107' title="bbox 408 5292 1904 5371">
    <p class='ocr_par' dir='ltr' id='par_1_107' title="bbox 408 5296 1904 5371">
     <span class='ocr_line' id='line_1_107' title="bbox 408 5296 1904 5371; baseline 0.002 -20"><span class='ocrx_word' id='word_1_761' title='bbox 408 5297 467 5351; x_wconf 82' lang='grc'><strong>’0</strong></span> <span class='ocrx_word' id='word_1_762' title='bbox 488 5296 545 5350; x_wconf 77' lang='grc' dir='ltr'><em>δὲ</em></span> <span class='ocrx_word' id='word_1_763' title='bbox 569 5300 667 5369; x_wconf 79' lang='grc' dir='ltr'><em>τῆς</em></span> <span class='ocrx_word' id='word_1_764' title='bbox 696 5297 938 5371; x_wconf 83' lang='grc' dir='ltr'><em>μεγάλης</em></span> <span class='ocrx_word' id='word_1_765' title='bbox 957 5299 1218 5365; x_wconf 82' lang='grc' dir='ltr'><em>ὀπτασίας</em></span> <span class='ocrx_word' id='word_1_766' title='bbox 1250 5300 1524 5369; x_wconf 73' lang='grc' dir='ltr'><em>ἀξιωθεὶς,</em></span> <span class='ocrx_word' id='word_1_767' title='bbox 1549 5300 1668 5365; x_wconf 75' lang='grc' dir='ltr'><em>οἵας</em></span> <span class='ocrx_word' id='word_1_768' title='bbox 1691 5301 1792 5355; x_wconf 81' lang='grc' dir='ltr'><strong>οὐκ</strong></span> <span class='ocrx_word' id='word_1_769' title='bbox 1816 5300 1904 5357; x_wconf 78' lang='grc' dir='ltr'><em>άλ-</em></span> 
     </span>
    </p>
   </div>
   <div class='ocr_carea' id='block_1_108' title="bbox 2005 5292 3581 5371">
    <p class='ocr_par' dir='ltr' id='par_1_108' title="bbox 2085 5292 3581 5368">
     <span class='ocr_line' id='line_1_108' title="bbox 2085 5292 3581 5368; baseline -0.008 -15"><span class='ocrx_word' id='word_1_770' title='bbox 2085 5301 2153 5354; x_wconf 80' lang='grc' dir='ltr'><strong>Αῑ</strong></span> <span class='ocrx_word' id='word_1_771' title='bbox 2190 5297 2528 5368; x_wconf 85' lang='lat' dir='ltr'><strong>Stephanus,</strong></span> <span class='ocrx_word' id='word_1_772' title='bbox 2566 5311 2756 5365; x_wconf 88' lang='lat' dir='ltr'><strong>magna</strong></span> <span class='ocrx_word' id='word_1_773' title='bbox 2799 5309 2862 5351; x_wconf 82' lang='lat' dir='ltr'><strong>ea</strong></span> <span class='ocrx_word' id='word_1_774' title='bbox 2916 5293 3126 5362; x_wconf 61' lang='lat' dir='ltr'><strong>visione</strong></span> <span class='ocrx_word' id='word_1_775' title='bbox 3153 5292 3437 5362; x_wconf 86' lang='lat' dir='ltr'><strong>dignatus,</strong></span> <span class='ocrx_word' id='word_1_776' title='bbox 3473 5302 3581 5357; x_wconf 85' lang='lat' dir='ltr'><strong>qua</strong></span> 
     </span>
    </p>
   </div>
   <div class='ocr_carea' id='block_1_109' title="bbox 327 5381 1904 5460">
    <p class='ocr_par' dir='ltr' id='par_1_109' title="bbox 327 5381 1904 5460">
     <span class='ocr_line' id='line_1_109' title="bbox 327 5381 1904 5460; baseline 0.003 -22"><span class='ocrx_word' id='word_1_777' title='bbox 327 5381 438 5450; x_wconf 76' lang='grc' dir='ltr'><em>λος,</em></span> <span class='ocrx_word' id='word_1_778' title='bbox 492 5386 555 5439; x_wconf 80' lang='grc' dir='ltr'><strong>ού</strong></span> <span class='ocrx_word' id='word_1_779' title='bbox 604 5387 836 5457; x_wconf 79' lang='grc' dir='ltr'><em>κατέσχε</em></span> <span class='ocrx_word' id='word_1_780' title='bbox 876 5391 1078 5460; x_wconf 81' lang='grc' dir='ltr'><em>σιωπῇ,</em></span> <span class='ocrx_word' id='word_1_781' title='bbox 1114 5388 1255 5460; x_wconf 73' lang='grc' dir='ltr'><em>άπερ</em></span> <span class='ocrx_word' id='word_1_782' title='bbox 1303 5389 1430 5442; x_wconf 81' lang='grc' dir='ltr'><em>ἴδεν·</em></span> <span class='ocrx_word' id='word_1_783' title='bbox 1475 5388 1588 5442; x_wconf 82' lang='grc' dir='ltr'><em>ἀλλ’</em></span> <span class='ocrx_word' id='word_1_784' title='bbox 1612 5388 1774 5453; x_wconf 78' lang='grc' dir='ltr'><em>εὐθὺς</em></span> <span class='ocrx_word' id='word_1_785' title='bbox 1823 5390 1904 5453; x_wconf 65' lang='grc' dir='ltr'><strong>ἐξα</strong></span> 
     </span>
    </p>
   </div>
   <div class='ocr_carea' id='block_1_110' title="bbox 2005 5381 3583 5460">
    <p class='ocr_par' dir='ltr' id='par_1_110' title="bbox 2011 5383 3583 5458">
     <span class='ocr_line' id='line_1_110' title="bbox 2011 5383 3583 5458; baseline -0.01 -12"><span class='ocrx_word' id='word_1_786' title='bbox 2011 5406 2111 5446; x_wconf 89' lang='lat' dir='ltr'><strong>nec</strong></span> <span class='ocrx_word' id='word_1_787' title='bbox 2143 5389 2281 5444; x_wconf 90' lang='lat' dir='ltr'><strong>alius</strong></span> <span class='ocrx_word' id='word_1_788' title='bbox 2338 5391 2653 5458; x_wconf 86' lang='lat' dir='ltr'><strong>quisquam,</strong></span> <span class='ocrx_word' id='word_1_789' title='bbox 2681 5401 2785 5442; x_wconf 91' lang='lat' dir='ltr'><strong>non</strong></span> <span class='ocrx_word' id='word_1_790' title='bbox 2813 5387 3113 5456; x_wconf 86' lang='lat' dir='ltr'><strong>suppressit</strong></span> <span class='ocrx_word' id='word_1_791' title='bbox 3133 5383 3347 5438; x_wconf 89' lang='lat' dir='ltr'><strong>silentio</strong></span> <span class='ocrx_word' id='word_1_792' title='bbox 3369 5396 3431 5435; x_wconf 89' lang='lat' dir='ltr'><strong>ea</strong></span> <span class='ocrx_word' id='word_1_793' title='bbox 3460 5394 3583 5449; x_wconf 62' lang='lat' dir='ltr'><strong>qua</strong></span> 
     </span>
    </p>
   </div>
   <div class='ocr_carea' id='block_1_111' title="bbox 325 5473 1904 5550">
    <p class='ocr_par' dir='ltr' id='par_1_111' title="bbox 325 5476 1904 5550">
     <span class='ocr_line' id='line_1_111' title="bbox 325 5476 1904 5550; baseline 0.003 -21"><span class='ocrx_word' id='word_1_794' title='bbox 325 5476 573 5547; x_wconf 74' lang='grc' dir='ltr'><em>εΰὸησεν·</em></span> <span class='ocrx_word' id='word_1_795' title='bbox 637 5477 796 5531; x_wconf 82' lang='grc' dir='ltr'><em>Ἰδοὺ</em></span> <span class='ocrx_word' id='word_1_796' title='bbox 841 5479 1036 5546; x_wconf 86' lang='grc' dir='ltr'><em>θεωρῶ</em></span> <span class='ocrx_word' id='word_1_797' title='bbox 1076 5478 1218 5547; x_wconf 87' lang='grc' dir='ltr'><em>τοὺς</em></span> <span class='ocrx_word' id='word_1_798' title='bbox 1282 5481 1578 5547; x_wconf 68' lang='grc' dir='ltr'><em>οἰφανοὺς</em></span> <span class='ocrx_word' id='word_1_799' title='bbox 1623 5479 1904 5550; x_wconf 80' lang='grc' dir='ltr'><strong>ἀνεῳγμέ-</strong></span> 
     </span>
    </p>
   </div>
   <div class='ocr_carea' id='block_1_112' title="bbox 2005 5473 3580 5550">
    <p class='ocr_par' dir='ltr' id='par_1_112' title="bbox 2015 5473 3580 5547">
     <span class='ocr_line' id='line_1_112' title="bbox 2015 5473 3580 5547; baseline -0.008 -12"><span class='ocrx_word' id='word_1_800' title='bbox 2015 5482 2248 5547; x_wconf 82' lang='lat' dir='ltr'><strong>vitleral,</strong></span> <span class='ocrx_word' id='word_1_801' title='bbox 2278 5481 2371 5536; x_wconf 82' lang='lat' dir='ltr'><strong>sed</strong></span> <span class='ocrx_word' id='word_1_802' title='bbox 2402 5481 2586 5535; x_wconf 86' lang='lat' dir='ltr'><strong>statim</strong></span> <span class='ocrx_word' id='word_1_803' title='bbox 2620 5480 2949 5541; x_wconf 78' lang='lat' dir='ltr'><strong>exclamans,</strong></span> <span class='ocrx_word' id='word_1_804' title='bbox 2980 5478 3101 5531; x_wconf 62' lang='lat' dir='ltr'><strong>ait&#39;:</strong></span> <span class='ocrx_word' id='word_1_805' title='bbox 3139 5475 3273 5529; x_wconf 85' lang='lat' dir='ltr'><strong>Ecce</strong></span> <span class='ocrx_word' id='word_1_806' title='bbox 3304 5473 3450 5526; x_wconf 67' lang='lat' dir='ltr'><strong>ritteo</strong></span> <span class='ocrx_word' id='word_1_807' title='bbox 3486 5483 3580 5522; x_wconf 74' lang='lat' dir='ltr'><strong>ca-</strong></span> 
     </span>
    </p>
   </div>
   <div class='ocr_carea' id='block_1_113' title="bbox 326 5557 1904 5642">
    <p class='ocr_par' dir='ltr' id='par_1_113' title="bbox 326 5567 1904 5638">
     <span class='ocr_line' id='line_1_113' title="bbox 326 5567 1904 5638; baseline -0.001 -11"><span class='ocrx_word' id='word_1_808' title='bbox 326 5584 495 5634; x_wconf 70' lang='lat' dir='ltr'><strong>I&#39;ovc,</strong></span> <span class='ocrx_word' id='word_1_809' title='bbox 546 5569 643 5624; x_wconf 79' lang='grc' dir='ltr'><em>καὶ</em></span> <span class='ocrx_word' id='word_1_810' title='bbox 706 5567 817 5624; x_wconf 83' lang='grc' dir='ltr'><em>τὸν</em></span> <span class='ocrx_word' id='word_1_811' title='bbox 887 5570 1025 5625; x_wconf 80' lang='grc' dir='ltr'><em>Υὶὸν</em></span> <span class='ocrx_word' id='word_1_812' title='bbox 1077 5571 1180 5625; x_wconf 86' lang='grc' dir='ltr'><em>τοῦ</em></span> <span class='ocrx_word' id='word_1_813' title='bbox 1232 5570 1540 5638; x_wconf 75' lang='grc' dir='ltr'><em>ἀνθρώπου</em></span> <span class='ocrx_word' id='word_1_814' title='bbox 1585 5570 1653 5624; x_wconf 77' lang='grc' dir='ltr'><strong>ἐκ</strong></span> <span class='ocrx_word' id='word_1_815' title='bbox 1701 5570 1904 5637; x_wconf 72' lang='grc' dir='ltr'><em>δεξιῶν</em></span> 
     </span>
    </p>
   </div>
   <div class='ocr_carea' id='block_1_114' title="bbox 2005 5557 3578 5642">
    <p class='ocr_par' dir='ltr' id='par_1_114' title="bbox 2010 5557 3578 5642">
     <span class='ocr_line' id='line_1_114' title="bbox 2010 5557 3578 5642; baseline -0.01 -15"><span class='ocrx_word' id='word_1_816' title='bbox 2010 5574 2085 5627; x_wconf 84' lang='lat' dir='ltr'><strong>los</strong></span> <span class='ocrx_word' id='word_1_817' title='bbox 2112 5586 2339 5642; x_wconf 80' lang='lat' dir='ltr'><strong>apertos,</strong></span> <span class='ocrx_word' id='word_1_818' title='bbox 2369 5581 2417 5627; x_wconf 86' lang='lat' dir='ltr'><strong>et</strong></span> <span class='ocrx_word' id='word_1_819' title='bbox 2444 5568 2642 5627; x_wconf 78' lang='lat' dir='ltr'><strong>Filium</strong></span> <span class='ocrx_word' id='word_1_820' title='bbox 2673 5570 2896 5625; x_wconf 84' lang='lat' dir='ltr'><strong>hominis</strong></span> <span class='ocrx_word' id='word_1_821' title='bbox 2923 5580 3142 5625; x_wconf 87' lang='lat' dir='ltr'><strong>stantem</strong></span> <span class='ocrx_word' id='word_1_822' title='bbox 3170 5584 3201 5621; x_wconf 91' lang='lat' dir='ltr'><strong>a</strong></span> <span class='ocrx_word' id='word_1_823' title='bbox 3230 5562 3425 5620; x_wconf 71' lang='lat' dir='ltr'><strong>dextris</strong></span> <span class='ocrx_word' id='word_1_824' title='bbox 3458 5557 3578 5617; x_wconf 74' lang='lat' dir='ltr'><strong>Dei.</strong></span> 
     </span>
    </p>
   </div>
   <div class='ocr_carea' id='block_1_115' title="bbox 398 5771 1191 5844">
    <p class='ocr_par' dir='ltr' id='par_1_115' title="bbox 398 5771 1191 5844">
     <span class='ocr_line' id='line_1_115' title="bbox 398 5771 1191 5844; baseline -0.01 -11"><span class='ocrx_word' id='word_1_825' title='bbox 398 5771 443 5808; x_wconf 59' lang='grc' dir='ltr'><strong>τ’</strong></span> <span class='ocrx_word' id='word_1_826' title='bbox 482 5772 606 5833; x_wconf 63' lang='lat' dir='ltr'><strong>Art.</strong></span> <span class='ocrx_word' id='word_1_827' title='bbox 639 5790 697 5840; x_wconf 64' lang='grc' dir='ltr'><em>τ’,</em></span> <span class='ocrx_word' id='word_1_828' title='bbox 732 5775 830 5837; x_wconf 79' lang='lat' dir='ltr'><strong>l9;</strong></span> <span class='ocrx_word' id='word_1_829' title='bbox 874 5790 970 5839; x_wconf 73' lang='grc' dir='ltr'><em>ιιι,</em></span> <span class='ocrx_word' id='word_1_830' title='bbox 1005 5776 1035 5831; x_wconf 87' lang='grc'>6</span> <span class='ocrx_word' id='word_1_831' title='bbox 1064 5791 1191 5844; x_wconf 63' lang='lat' dir='ltr'><strong>sqq,</strong></span> 
     </span>
    </p>
   </div>
  </div>
