  <div class='ocr_page' id='page_1' title='image "/cluster/home/n/w/nwhite01/storage/ocr_20150623/40/mdp.39015041198055/181.png"; bbox 0 0 4076 6144; ppageno 0'>
   <div class='ocr_carea' id='block_1_1' title="bbox 508 395 606 451">
    <p class='ocr_par' dir='ltr' id='par_1_1' title="bbox 508 395 606 451">
     <span class='ocr_line' id='line_1_1' title="bbox 508 395 606 451; baseline -0.031 0"><span class='ocrx_word' id='word_1_1' title='bbox 508 395 606 451; x_wconf 69' lang='grc' dir='ltr'>διτ</span> 
     </span>
    </p>
   </div>
   <div class='ocr_carea' id='block_1_2' title="bbox 1774 396 2491 456">
    <p class='ocr_par' dir='ltr' id='par_1_2' title="bbox 1774 396 2491 456">
     <span class='ocr_line' id='line_1_2' title="bbox 1774 396 2491 456; baseline -0.007 -1"><span class='ocrx_word' id='word_1_2' title='bbox 1774 401 1832 455; x_wconf 86' lang='lat' dir='ltr'><strong>S.</strong></span> <span class='ocrx_word' id='word_1_3' title='bbox 1876 399 2147 456; x_wconf 81' lang='lat' dir='ltr'><strong>ASTERII</strong></span> <span class='ocrx_word' id='word_1_4' title='bbox 2188 396 2491 454; x_wconf 76' lang='lat' dir='ltr'><strong>AMASENI</strong></span> 
     </span>
    </p>
   </div>
   <div class='ocr_carea' id='block_1_3' title="bbox 3630 388 3740 447">
    <p class='ocr_par' dir='ltr' id='par_1_3' title="bbox 3630 388 3740 447">
     <span class='ocr_line' id='line_1_3' title="bbox 3630 388 3740 447; baseline 0.018 -2"><span class='ocrx_word' id='word_1_5' title='bbox 3630 388 3740 447; x_wconf 63' lang='lat'><strong>348</strong></span> 
     </span>
    </p>
   </div>
   <div class='ocr_carea' id='block_1_4' title="bbox 509 504 2080 582">
    <p class='ocr_par' dir='ltr' id='par_1_4' title="bbox 509 512 2073 582">
     <span class='ocr_line' id='line_1_4' title="bbox 509 512 2073 582; baseline 0.001 -12"><span class='ocrx_word' id='word_1_6' title='bbox 509 514 753 571; x_wconf 81' lang='lat' dir='ltr'><strong>Rebatnr</strong></span> <span class='ocrx_word' id='word_1_7' title='bbox 797 514 939 569; x_wconf 82' lang='lat' dir='ltr'><strong>enim</strong></span> <span class='ocrx_word' id='word_1_8' title='bbox 974 512 1154 568; x_wconf 77' lang='lat' dir='ltr'><strong>statim</strong></span> <span class='ocrx_word' id='word_1_9' title='bbox 1202 529 1265 568; x_wconf 88' lang='lat' dir='ltr'><strong>ac</strong></span> <span class='ocrx_word' id='word_1_10' title='bbox 1301 515 1559 570; x_wconf 72' lang='lat' dir='ltr'><strong>visionem</strong></span> <span class='ocrx_word' id='word_1_11' title='bbox 1611 519 1983 582; x_wconf 87' lang='lat' dir='ltr'><strong>enuntiasset,</strong></span> <span class='ocrx_word' id='word_1_12' title='bbox 2013 532 2073 571; x_wconf 79' lang='lat' dir='ltr'><strong>se</strong></span> 
     </span>
    </p>
   </div>
   <div class='ocr_carea' id='block_1_5' title="bbox 2181 504 3742 582">
    <p class='ocr_par' dir='ltr' id='par_1_5' title="bbox 2181 504 3742 579">
     <span class='ocr_line' id='line_1_5' title="bbox 2181 504 3742 579; baseline -0.011 -9"><span class='ocrx_word' id='word_1_13' title='bbox 2181 516 2402 570; x_wconf 72' lang='grc' dir='ltr'>ἑστῶτα</span> <span class='ocrx_word' id='word_1_14' title='bbox 2427 514 2534 569; x_wconf 83' lang='grc' dir='ltr'>τοῦ</span> <span class='ocrx_word' id='word_1_15' title='bbox 2559 510 2729 568; x_wconf 84' lang='grc' dir='ltr'>Θεοῦ.</span> <span class='ocrx_word' id='word_1_16' title='bbox 2775 507 3021 579; x_wconf 82' lang='grc' dir='ltr'>Ἐνόμισε</span> <span class='ocrx_word' id='word_1_17' title='bbox 3052 504 3162 576; x_wconf 75' lang='grc' dir='ltr'><strong>γὰρ</strong></span> <span class='ocrx_word' id='word_1_18' title='bbox 3184 504 3300 577; x_wconf 66' lang='grc' dir='ltr'>ἅμα</span> <span class='ocrx_word' id='word_1_19' title='bbox 3326 506 3414 561; x_wconf 76' lang='grc' dir='ltr'>τοῦ</span> <span class='ocrx_word' id='word_1_20' title='bbox 3452 504 3742 576; x_wconf 74' lang='grc' dir='ltr'>ἑξαγοριῦ.</span> 
     </span>
    </p>
   </div>
   <div class='ocr_carea' id='block_1_6' title="bbox 515 606 2071 677">
    <p class='ocr_par' dir='ltr' id='par_1_6' title="bbox 515 606 2071 677">
     <span class='ocr_line' id='line_1_6' title="bbox 515 606 2071 677; baseline 0.001 -16"><span class='ocrx_word' id='word_1_21' title='bbox 515 606 818 663; x_wconf 85' lang='lat' dir='ltr'><strong>incredulos</strong></span> <span class='ocrx_word' id='word_1_22' title='bbox 863 611 927 660; x_wconf 88' lang='lat' dir='ltr'><strong>ad</strong></span> <span class='ocrx_word' id='word_1_23' title='bbox 958 623 1235 677; x_wconf 66' lang='lat' dir='ltr'><strong>asSensum</strong></span> <span class='ocrx_word' id='word_1_24' title='bbox 1290 609 1662 675; x_wconf 82' lang='lat' dir='ltr'><strong>pellecturum.</strong></span> <span class='ocrx_word' id='word_1_25' title='bbox 1705 611 1775 665; x_wconf 81' lang='lat' dir='ltr'><strong>At</strong></span> <span class='ocrx_word' id='word_1_26' title='bbox 1809 611 1903 677; x_wconf 88' lang='lat' dir='ltr'><strong>illi,</strong></span> <span class='ocrx_word' id='word_1_27' title='bbox 1932 612 2071 665; x_wconf 88' lang='lat' dir='ltr'><strong>dicta</strong></span> 
     </span>
    </p>
   </div>
   <div class='ocr_carea' id='block_1_7' title="bbox 412 698 2074 771">
    <p class='ocr_par' dir='ltr' id='par_1_7' title="bbox 412 698 2074 771">
     <span class='ocr_line' id='line_1_7' title="bbox 412 698 2074 771; baseline 0.002 -23"><span class='ocrx_word' id='word_1_28' title='bbox 412 762 417 771; x_wconf 33' lang='grc' dir='ltr'><strong>ε</strong></span> <span class='ocrx_word' id='word_1_29' title='bbox 514 707 766 765; x_wconf 84' lang='lat' dir='ltr'><strong>tanquam</strong></span> <span class='ocrx_word' id='word_1_30' title='bbox 800 700 928 764; x_wconf 66' lang='grc' dir='ltr'>ὅντε,</span> <span class='ocrx_word' id='word_1_31' title='bbox 969 698 1294 767; x_wconf 79' lang='lat' dir='ltr'><strong>uiajorisque</strong></span> <span class='ocrx_word' id='word_1_32' title='bbox 1331 698 1527 754; x_wconf 75' lang='lat' dir='ltr'><strong>Furoris</strong></span> <span class='ocrx_word' id='word_1_33' title='bbox 1564 702 1895 754; x_wconf 84' lang='lat' dir='ltr'><strong>irritamenta</strong></span> <span class='ocrx_word' id='word_1_34' title='bbox 1926 704 2074 754; x_wconf 83' lang='lat' dir='ltr'><strong>exci-</strong></span> 
     </span>
    </p>
   </div>
   <div class='ocr_carea' id='block_1_8' title="bbox 410 787 2074 861">
    <p class='ocr_par' dir='ltr' id='par_1_8' title="bbox 410 787 2074 861">
     <span class='ocr_line' id='line_1_8' title="bbox 410 787 2074 861; baseline 0.004 -24"><span class='ocrx_word' id='word_1_35' title='bbox 410 828 417 861; x_wconf 37' lang='grc' dir='ltr'>ς</span> <span class='ocrx_word' id='word_1_36' title='bbox 513 787 759 853; x_wconf 88' lang='lat' dir='ltr'><strong>pientes,</strong></span> <span class='ocrx_word' id='word_1_37' title='bbox 794 803 858 842; x_wconf 87' lang='lat' dir='ltr'><strong>ac</strong></span> <span class='ocrx_word' id='word_1_38' title='bbox 891 789 1043 856; x_wconf 78' lang='lat' dir='ltr'><strong>quasi</strong></span> <span class='ocrx_word' id='word_1_39' title='bbox 1100 790 1163 842; x_wconf 85' lang='lat' dir='ltr'><strong>ad</strong></span> <span class='ocrx_word' id='word_1_40' title='bbox 1194 789 1351 841; x_wconf 78' lang='lat' dir='ltr'><strong>verba</strong></span> <span class='ocrx_word' id='word_1_41' title='bbox 1392 790 1733 857; x_wconf 65' lang='lat' dir='ltr'><strong>blasphemia-</strong></span> <span class='ocrx_word' id='word_1_42' title='bbox 1773 804 1932 843; x_wconf 85' lang='lat' dir='ltr'><strong>aures</strong></span> <span class='ocrx_word' id='word_1_43' title='bbox 1979 791 2074 843; x_wconf 91' lang='lat' dir='ltr'><strong>ob-</strong></span> 
     </span>
    </p>
   </div>
   <div class='ocr_carea' id='block_1_9' title="bbox 512 878 2075 945">
    <p class='ocr_par' dir='ltr' id='par_1_9' title="bbox 512 878 2075 945">
     <span class='ocr_line' id='line_1_9' title="bbox 512 878 2075 945; baseline 0.003 -18"><span class='ocrx_word' id='word_1_44' title='bbox 512 884 803 939; x_wconf 85' lang='lat' dir='ltr'><strong>struentes,</strong></span> <span class='ocrx_word' id='word_1_45' title='bbox 830 891 890 931; x_wconf 87' lang='lat' dir='ltr'><strong>se</strong></span> <span class='ocrx_word' id='word_1_46' title='bbox 914 879 1153 945; x_wconf 87' lang='lat' dir='ltr'><strong>protinus</strong></span> <span class='ocrx_word' id='word_1_47' title='bbox 1178 878 1242 931; x_wconf 82' lang='lat' dir='ltr'><strong>ad</strong></span> <span class='ocrx_word' id='word_1_48' title='bbox 1266 879 1466 931; x_wconf 68' lang='lat' dir='ltr'><strong>caedem</strong></span> <span class='ocrx_word' id='word_1_49' title='bbox 1491 878 1862 933; x_wconf 67' lang='lat' dir='ltr'><strong>aer-mserum.</strong></span> <span class='ocrx_word' id='word_1_50' title='bbox 1884 880 2075 933; x_wconf 78' lang='lat' dir='ltr'><strong>Estra-</strong></span> 
     </span>
    </p>
   </div>
   <div class='ocr_carea' id='block_1_10' title="bbox 511 963 2071 1030">
    <p class='ocr_par' dir='ltr' id='par_1_10' title="bbox 511 963 2071 1030">
     <span class='ocr_line' id='line_1_10' title="bbox 511 963 2071 1030; baseline 0.002 -15"><span class='ocrx_word' id='word_1_51' title='bbox 511 963 704 1018; x_wconf 85' lang='lat' dir='ltr'><strong>heutes</strong></span> <span class='ocrx_word' id='word_1_52' title='bbox 735 978 860 1017; x_wconf 74' lang='lat' dir='ltr'><strong>vero</strong></span> <span class='ocrx_word' id='word_1_53' title='bbox 884 974 1033 1019; x_wconf 75' lang='lat' dir='ltr'><strong>extra</strong></span> <span class='ocrx_word' id='word_1_54' title='bbox 1069 966 1338 1021; x_wconf 80' lang='lat' dir='ltr'><strong>civitatem</strong></span> <span class='ocrx_word' id='word_1_55' title='bbox 1372 965 1750 1020; x_wconf 74' lang='lat' dir='ltr'><strong>Christiferum</strong></span> <span class='ocrx_word' id='word_1_56' title='bbox 1768 968 2071 1030; x_wconf 79' lang='lat' dir='ltr'><strong>hominem,</strong></span> 
     </span>
    </p>
   </div>
   <div class='ocr_carea' id='block_1_11' title="bbox 511 1046 2071 1125">
    <p class='ocr_par' dir='ltr' id='par_1_11' title="bbox 511 1046 2071 1125">
     <span class='ocr_line' id='line_1_11' title="bbox 511 1046 2071 1125; baseline 0.004 -22"><span class='ocrx_word' id='word_1_57' title='bbox 511 1053 604 1121; x_wconf 85' lang='lat' dir='ltr'><strong>qui</strong></span> <span class='ocrx_word' id='word_1_58' title='bbox 634 1054 946 1123; x_wconf 78' lang='lat' dir='ltr'><strong>patientiam</strong></span> <span class='ocrx_word' id='word_1_59' title='bbox 1004 1066 1239 1125; x_wconf 80' lang='lat' dir='ltr'><strong>gestaret</strong></span> <span class='ocrx_word' id='word_1_60' title='bbox 1295 1058 1367 1111; x_wconf 77' lang='lat' dir='ltr'><strong>uti</strong></span> <span class='ocrx_word' id='word_1_61' title='bbox 1407 1046 1662 1111; x_wconf 78' lang='lat' dir='ltr'><strong>Dominus</strong></span> <span class='ocrx_word' id='word_1_62' title='bbox 1693 1072 1929 1121; x_wconf 87' lang='lat' dir='ltr'><strong>crucem,</strong></span> <span class='ocrx_word' id='word_1_63' title='bbox 1957 1072 2071 1111; x_wconf 83' lang='lat' dir='ltr'><strong>ma-</strong></span> 
     </span>
    </p>
   </div>
   <div class='ocr_carea' id='block_1_12' title="bbox 513 1130 2072 1216">
    <p class='ocr_par' dir='ltr' id='par_1_12' title="bbox 513 1130 2072 1216">
     <span class='ocr_line' id='line_1_12' title="bbox 513 1130 2072 1216; baseline 0.004 -21"><span class='ocrx_word' id='word_1_64' title='bbox 513 1143 623 1197; x_wconf 90' lang='lat' dir='ltr'><strong>lum</strong></span> <span class='ocrx_word' id='word_1_65' title='bbox 668 1146 809 1199; x_wconf 88' lang='lat' dir='ltr'><strong>malo</strong></span> <span class='ocrx_word' id='word_1_66' title='bbox 838 1157 1068 1215; x_wconf 83' lang='lat' dir='ltr'><strong>curant;</strong></span> <span class='ocrx_word' id='word_1_67' title='bbox 1101 1130 1354 1216; x_wconf 80' lang='lat' dir='ltr'><strong>necisque</strong></span> <span class='ocrx_word' id='word_1_68' title='bbox 1382 1164 1513 1203; x_wconf 70' lang='lat' dir='ltr'><strong>nece</strong></span> <span class='ocrx_word' id='word_1_69' title='bbox 1555 1148 1825 1216; x_wconf 87' lang='lat' dir='ltr'><strong>depellunt</strong></span> <span class='ocrx_word' id='word_1_70' title='bbox 1847 1150 2072 1216; x_wconf 87' lang='lat' dir='ltr'><strong>crimen,</strong></span> 
     </span>
    </p>
   </div>
   <div class='ocr_carea' id='block_1_13' title="bbox 512 1236 2070 1306">
    <p class='ocr_par' dir='ltr' id='par_1_13' title="bbox 512 1236 2070 1306">
     <span class='ocr_line' id='line_1_13' title="bbox 512 1236 2070 1306; baseline 0.004 -20"><span class='ocrx_word' id='word_1_71' title='bbox 512 1249 575 1287; x_wconf 87' lang='lat' dir='ltr'><strong>ac</strong></span> <span class='ocrx_word' id='word_1_72' title='bbox 609 1236 753 1289; x_wconf 89' lang='lat' dir='ltr'><strong>cruci</strong></span> <span class='ocrx_word' id='word_1_73' title='bbox 784 1237 989 1306; x_wconf 75' lang='lat' dir='ltr'><strong>lapides</strong></span> <span class='ocrx_word' id='word_1_74' title='bbox 1021 1239 1245 1294; x_wconf 79' lang='lat' dir='ltr'><strong>addunt.</strong></span> <span class='ocrx_word' id='word_1_75' title='bbox 1270 1240 1402 1294; x_wconf 82' lang='lat' dir='ltr'><strong>Cum</strong></span> <span class='ocrx_word' id='word_1_76' title='bbox 1433 1251 1608 1293; x_wconf 87' lang='lat' dir='ltr'><strong>autem</strong></span> <span class='ocrx_word' id='word_1_77' title='bbox 1637 1247 1723 1293; x_wconf 86' lang='lat' dir='ltr'><strong>ter</strong></span> <span class='ocrx_word' id='word_1_78' title='bbox 1751 1240 1960 1294; x_wconf 85' lang='lat' dir='ltr'><strong>beatum</strong></span> <span class='ocrx_word' id='word_1_79' title='bbox 1993 1239 2070 1293; x_wconf 85' lang='lat' dir='ltr'><strong>vi-</strong></span> 
     </span>
    </p>
   </div>
   <div class='ocr_carea' id='block_1_14' title="bbox 515 1326 2072 1398">
    <p class='ocr_par' dir='ltr' id='par_1_14' title="bbox 515 1326 2072 1398">
     <span class='ocr_line' id='line_1_14' title="bbox 515 1326 2072 1398; baseline 0.005 -22"><span class='ocrx_word' id='word_1_80' title='bbox 515 1337 635 1377; x_wconf 86' lang='lat' dir='ltr'><strong>rum</strong></span> <span class='ocrx_word' id='word_1_81' title='bbox 691 1326 742 1379; x_wconf 92' lang='lat' dir='ltr'><strong>in</strong></span> <span class='ocrx_word' id='word_1_82' title='bbox 780 1329 1010 1395; x_wconf 79' lang='lat' dir='ltr'><strong>quadam</strong></span> <span class='ocrx_word' id='word_1_83' title='bbox 1046 1338 1203 1383; x_wconf 74' lang='lat' dir='ltr'><strong>term</strong></span> <span class='ocrx_word' id='word_1_84' title='bbox 1241 1329 1463 1397; x_wconf 83' lang='lat' dir='ltr'><strong>planitie</strong></span> <span class='ocrx_word' id='word_1_85' title='bbox 1496 1330 1845 1395; x_wconf 83' lang='lat' dir='ltr'><strong>statuissent,</strong></span> <span class='ocrx_word' id='word_1_86' title='bbox 1881 1344 2072 1398; x_wconf 85' lang='lat' dir='ltr'><strong>proce-</strong></span> 
     </span>
    </p>
   </div>
   <div class='ocr_carea' id='block_1_15' title="bbox 514 1416 2070 1491">
    <p class='ocr_par' dir='ltr' id='par_1_15' title="bbox 514 1416 2070 1491">
     <span class='ocr_line' id='line_1_15' title="bbox 514 1416 2070 1491; baseline 0.004 -25"><span class='ocrx_word' id='word_1_87' title='bbox 514 1428 657 1480; x_wconf 86' lang='lat' dir='ltr'><strong>rum,</strong></span> <span class='ocrx_word' id='word_1_88' title='bbox 690 1416 933 1485; x_wconf 85' lang='lat' dir='ltr'><strong>inqnam,</strong></span> <span class='ocrx_word' id='word_1_89' title='bbox 961 1418 1087 1473; x_wconf 70' lang='lat' dir='ltr'><strong>illud</strong></span> <span class='ocrx_word' id='word_1_90' title='bbox 1107 1434 1328 1488; x_wconf 82' lang='lat' dir='ltr'><strong>corpus,</strong></span> <span class='ocrx_word' id='word_1_91' title='bbox 1350 1420 1621 1474; x_wconf 78' lang='lat' dir='ltr'><strong>excelsum</strong></span> <span class='ocrx_word' id='word_1_92' title='bbox 1646 1433 1751 1489; x_wconf 88' lang='lat' dir='ltr'><strong>que</strong></span> <span class='ocrx_word' id='word_1_93' title='bbox 1778 1432 2070 1491; x_wconf 79' lang='lat' dir='ltr'><strong>martyrum</strong></span> 
     </span>
    </p>
   </div>
   <div class='ocr_carea' id='block_1_16' title="bbox 514 1511 2077 1578">
    <p class='ocr_par' dir='ltr' id='par_1_16' title="bbox 514 1511 2077 1578">
     <span class='ocr_line' id='line_1_16' title="bbox 514 1511 2077 1578; baseline 0.004 -19"><span class='ocrx_word' id='word_1_94' title='bbox 514 1518 803 1575; x_wconf 71' lang='lat' dir='ltr'><strong>troptrum;</strong></span> <span class='ocrx_word' id='word_1_95' title='bbox 847 1523 1078 1578; x_wconf 80' lang='lat' dir='ltr'><strong>eumque</strong></span> <span class='ocrx_word' id='word_1_96' title='bbox 1107 1511 1342 1578; x_wconf 83' lang='lat' dir='ltr'><strong>undique</strong></span> <span class='ocrx_word' id='word_1_97' title='bbox 1371 1512 1422 1564; x_wconf 92' lang='lat' dir='ltr'><strong>in</strong></span> <span class='ocrx_word' id='word_1_98' title='bbox 1476 1511 1658 1565; x_wconf 87' lang='lat' dir='ltr'><strong>orbem</strong></span> <span class='ocrx_word' id='word_1_99' title='bbox 1693 1512 2077 1567; x_wconf 76' lang='lat' dir='ltr'><strong>conclusissem</strong></span> 
     </span>
    </p>
   </div>
   <div class='ocr_carea' id='block_1_17' title="bbox 514 1598 2072 1673">
    <p class='ocr_par' dir='ltr' id='par_1_17' title="bbox 514 1598 2072 1673">
     <span class='ocr_line' id='line_1_17' title="bbox 514 1598 2072 1673; baseline 0.005 -24"><span class='ocrx_word' id='word_1_100' title='bbox 514 1598 891 1667; x_wconf 78' lang='lat' dir='ltr'><strong>sanguinarius</strong></span> <span class='ocrx_word' id='word_1_101' title='bbox 940 1601 1031 1655; x_wconf 76' lang='lat' dir='ltr'><strong>iHe</strong></span> <span class='ocrx_word' id='word_1_102' title='bbox 1101 1617 1166 1656; x_wconf 88' lang='lat' dir='ltr'><strong>ac</strong></span> <span class='ocrx_word' id='word_1_103' title='bbox 1209 1603 1498 1657; x_wconf 88' lang='lat' dir='ltr'><strong>iracundus</strong></span> <span class='ocrx_word' id='word_1_104' title='bbox 1544 1605 1801 1673; x_wconf 87' lang='lat' dir='ltr'><strong>populus;</strong></span> <span class='ocrx_word' id='word_1_105' title='bbox 1852 1618 1915 1659; x_wconf 82' lang='lat' dir='ltr'><strong>ac</strong></span> <span class='ocrx_word' id='word_1_106' title='bbox 1956 1619 2072 1657; x_wconf 88' lang='lat' dir='ltr'><strong>eam</strong></span> 
     </span>
    </p>
   </div>
   <div class='ocr_carea' id='block_1_18' title="bbox 513 1688 2075 1765">
    <p class='ocr_par' dir='ltr' id='par_1_18' title="bbox 513 1688 2075 1765">
     <span class='ocr_line' id='line_1_18' title="bbox 513 1688 2075 1765; baseline 0.006 -25"><span class='ocrx_word' id='word_1_107' title='bbox 513 1688 743 1754; x_wconf 87' lang='lat' dir='ltr'><strong>imitati,</strong></span> <span class='ocrx_word' id='word_1_108' title='bbox 780 1706 942 1760; x_wconf 77' lang='lat' dir='ltr'><strong>quam</strong></span> <span class='ocrx_word' id='word_1_109' title='bbox 967 1693 1023 1747; x_wconf 68' lang='lat' dir='ltr'><strong>in</strong></span> <span class='ocrx_word' id='word_1_110' title='bbox 1064 1692 1216 1748; x_wconf 85' lang='lat' dir='ltr'><strong>bellis</strong></span> <span class='ocrx_word' id='word_1_111' title='bbox 1242 1695 1500 1765; x_wconf 85' lang='grc' dir='ltr'>ἀγηνίαν,</span> <span class='ocrx_word' id='word_1_112' title='bbox 1531 1710 1593 1748; x_wconf 89' lang='lat' dir='ltr'><strong>ac</strong></span> <span class='ocrx_word' id='word_1_113' title='bbox 1625 1709 1817 1763; x_wconf 79' lang='lat' dir='ltr'><strong>pugna:</strong></span> <span class='ocrx_word' id='word_1_114' title='bbox 1850 1695 2075 1763; x_wconf 85' lang='lat' dir='ltr'><strong>impres-</strong></span> 
     </span>
    </p>
   </div>
   <div class='ocr_carea' id='block_1_19' title="bbox 511 1778 2074 1852">
    <p class='ocr_par' dir='ltr' id='par_1_19' title="bbox 511 1778 2074 1852">
     <span class='ocr_line' id='line_1_19' title="bbox 511 1778 2074 1852; baseline 0.005 -22"><span class='ocrx_word' id='word_1_115' title='bbox 511 1778 717 1833; x_wconf 88' lang='lat' dir='ltr'><strong>sionem</strong></span> <span class='ocrx_word' id='word_1_116' title='bbox 757 1790 982 1846; x_wconf 78' lang='lat' dir='ltr'><strong>vocsnt,</strong></span> <span class='ocrx_word' id='word_1_117' title='bbox 1030 1782 1295 1852; x_wconf 82' lang='lat' dir='ltr'><strong>lapidibus</strong></span> <span class='ocrx_word' id='word_1_118' title='bbox 1332 1793 1588 1852; x_wconf 78' lang='lat' dir='ltr'><strong>appetunt</strong></span> <span class='ocrx_word' id='word_1_119' title='bbox 1626 1785 2074 1851; x_wconf 81' lang='lat' dir='ltr'><strong>summangularis</strong></span> 
     </span>
    </p>
   </div>
   <div class='ocr_carea' id='block_1_20' title="bbox 2178 598 3753 679">
    <p class='ocr_par' dir='ltr' id='par_1_20' title="bbox 2178 598 3753 679">
     <span class='ocr_line' id='line_1_20' title="bbox 2178 598 3753 679; baseline -0.007 -17"><span class='ocrx_word' id='word_1_120' title='bbox 2178 627 2267 662; x_wconf 89' lang='grc' dir='ltr'><strong>σαι</strong></span> <span class='ocrx_word' id='word_1_121' title='bbox 2298 609 2397 679; x_wconf 80' lang='grc' dir='ltr'><strong>τὴν</strong></span> <span class='ocrx_word' id='word_1_122' title='bbox 2419 605 2702 666; x_wconf 78' lang='grc' dir='ltr'><strong>ὀπτασίαν,</strong></span> <span class='ocrx_word' id='word_1_123' title='bbox 2731 603 2855 664; x_wconf 79' lang='grc' dir='ltr'>τοὺς</span> <span class='ocrx_word' id='word_1_124' title='bbox 2878 600 3138 662; x_wconf 80' lang='grc' dir='ltr'><strong>ἀπίστους</strong></span> <span class='ocrx_word' id='word_1_125' title='bbox 3172 598 3394 652; x_wconf 77' lang='grc' dir='ltr'>ἑλκῦσαι</span> <span class='ocrx_word' id='word_1_126' title='bbox 3424 598 3505 662; x_wconf 74' lang='grc' dir='ltr'><strong>είς</strong></span> <span class='ocrx_word' id='word_1_127' title='bbox 3531 614 3753 667; x_wconf 73' lang='grc' dir='ltr'>συγκαο.</span> 
     </span>
    </p>
   </div>
   <div class='ocr_carea' id='block_1_21' title="bbox 2174 686 3738 761">
    <p class='ocr_par' dir='ltr' id='par_1_21' title="bbox 2174 686 3738 761">
     <span class='ocr_line' id='line_1_21' title="bbox 2174 686 3738 761; baseline -0.008 -10"><span class='ocrx_word' id='word_1_128' title='bbox 2174 698 2406 751; x_wconf 87' lang='grc' dir='ltr'>τάθεσιν.</span> <span class='ocrx_word' id='word_1_129' title='bbox 2440 699 2501 749; x_wconf 80' lang='grc' dir='ltr'><strong>υἱ</strong></span> <span class='ocrx_word' id='word_1_130' title='bbox 2534 695 2611 759; x_wconf 79' lang='grc' dir='ltr'>δὲ,</span> <span class='ocrx_word' id='word_1_131' title='bbox 2647 694 2709 746; x_wconf 84' lang='grc' dir='ltr'><strong>τὸ</strong></span> <span class='ocrx_word' id='word_1_132' title='bbox 2750 689 2937 761; x_wconf 77' lang='grc' dir='ltr'>λεχθὲν</span> <span class='ocrx_word' id='word_1_133' title='bbox 2983 687 3227 750; x_wconf 83' lang='grc' dir='ltr'>πλείονος</span> <span class='ocrx_word' id='word_1_134' title='bbox 3265 686 3435 756; x_wconf 81' lang='grc' dir='ltr'>ὀργῆς</span> <span class='ocrx_word' id='word_1_135' title='bbox 3488 687 3583 739; x_wconf 73' lang='grc' dir='ltr'><strong>καὶ</strong></span> <span class='ocrx_word' id='word_1_136' title='bbox 3632 703 3738 755; x_wconf 82' lang='grc' dir='ltr'>μα-</span> 
     </span>
    </p>
   </div>
   <div class='ocr_carea' id='block_1_22' title="bbox 2174 775 3741 857">
    <p class='ocr_par' dir='ltr' id='par_1_22' title="bbox 2174 775 3741 857">
     <span class='ocr_line' id='line_1_22' title="bbox 2174 775 3741 857; baseline -0.009 -16"><span class='ocrx_word' id='word_1_137' title='bbox 2174 787 2291 849; x_wconf 87' lang='grc' dir='ltr'>νίας</span> <span class='ocrx_word' id='word_1_138' title='bbox 2337 786 2589 857; x_wconf 79' lang='grc' dir='ltr'>ἀφορμὴν</span> <span class='ocrx_word' id='word_1_139' title='bbox 2637 782 3008 852; x_wconf 84' lang='grc' dir='ltr'>ποιησάμενοι,</span> <span class='ocrx_word' id='word_1_140' title='bbox 3063 776 3492 848; x_wconf 82' lang='grc' dir='ltr'>ὲπιφραξάμενοί</span> <span class='ocrx_word' id='word_1_141' title='bbox 3535 792 3596 828; x_wconf 88' lang='grc' dir='ltr'><strong>τε</strong></span> <span class='ocrx_word' id='word_1_142' title='bbox 3636 775 3741 839; x_wconf 73' lang='grc' dir='ltr'>τὰς</span> 
     </span>
    </p>
   </div>
   <div class='ocr_carea' id='block_1_23' title="bbox 2176 867 3738 947">
    <p class='ocr_par' dir='ltr' id='par_1_23' title="bbox 2176 867 3738 947">
     <span class='ocr_line' id='line_1_23' title="bbox 2176 867 3738 947; baseline -0.008 -16"><span class='ocrx_word' id='word_1_143' title='bbox 2176 877 2345 940; x_wconf 84' lang='grc' dir='ltr'>ἀκοὰς</span> <span class='ocrx_word' id='word_1_144' title='bbox 2373 877 2507 947; x_wconf 78' lang='grc' dir='ltr'>πρὸς</span> <span class='ocrx_word' id='word_1_145' title='bbox 2534 875 2624 928; x_wconf 75' lang='grc' dir='ltr'><strong>τὸν</strong></span> <span class='ocrx_word' id='word_1_146' title='bbox 2654 873 2831 942; x_wconf 85' lang='grc' dir='ltr'>λόγον,</span> <span class='ocrx_word' id='word_1_147' title='bbox 2862 871 2938 934; x_wconf 83' lang='grc' dir='ltr'>ὡς</span> <span class='ocrx_word' id='word_1_148' title='bbox 2963 867 3295 939; x_wconf 80' lang='grc' dir='ltr'><strong>βλάσφημον,</strong></span> <span class='ocrx_word' id='word_1_149' title='bbox 3327 868 3532 937; x_wconf 70' lang='grc' dir='ltr'>εἴχοντο</span> <span class='ocrx_word' id='word_1_150' title='bbox 3558 883 3738 936; x_wconf 84' lang='grc' dir='ltr'>παρα-</span> 
     </span>
    </p>
   </div>
   <div class='ocr_carea' id='block_1_24' title="bbox 2175 952 3741 1039">
    <p class='ocr_par' dir='ltr' id='par_1_24' title="bbox 2175 952 3741 1039">
     <span class='ocr_line' id='line_1_24' title="bbox 2175 952 3741 1039; baseline -0.011 -17"><span class='ocrx_word' id='word_1_151' title='bbox 2175 968 2364 1039; x_wconf 77' lang='grc' dir='ltr'>χρῆμα</span> <span class='ocrx_word' id='word_1_152' title='bbox 2398 966 2490 1020; x_wconf 79' lang='grc' dir='ltr'>τοῦ</span> <span class='ocrx_word' id='word_1_153' title='bbox 2537 964 2715 1034; x_wconf 83' lang='grc' dir='ltr'>φόνου.</span> <span class='ocrx_word' id='word_1_154' title='bbox 2764 961 3117 1021; x_wconf 86' lang='grc' dir='ltr'>Ἑλκύσαντες</span> <span class='ocrx_word' id='word_1_155' title='bbox 3159 958 3216 1010; x_wconf 87' lang='grc' dir='ltr'>δὲ</span> <span class='ocrx_word' id='word_1_156' title='bbox 3258 956 3361 1023; x_wconf 80' lang='grc' dir='ltr'>ἔξω</span> <span class='ocrx_word' id='word_1_157' title='bbox 3393 957 3490 1024; x_wconf 76' lang='grc' dir='ltr'>τῆς</span> <span class='ocrx_word' id='word_1_158' title='bbox 3531 952 3741 1039; x_wconf 86' lang='grc' dir='ltr'>πόλεως</span> 
     </span>
    </p>
   </div>
   <div class='ocr_carea' id='block_1_25' title="bbox 2172 1038 3742 1131">
    <p class='ocr_par' dir='ltr' id='par_1_25' title="bbox 2172 1038 3742 1131">
     <span class='ocr_line' id='line_1_25' title="bbox 2172 1038 3742 1131; baseline -0.011 -16"><span class='ocrx_word' id='word_1_159' title='bbox 2172 1038 2263 1115; x_wconf 83' lang='grc' dir='ltr'><strong>τὸν</strong></span> <span class='ocrx_word' id='word_1_160' title='bbox 2298 1058 2669 1131; x_wconf 75' lang='grc' dir='ltr'>Χριστοφδρον</span> <span class='ocrx_word' id='word_1_161' title='bbox 2697 1054 2998 1126; x_wconf 82' lang='grc' dir='ltr'>ἄνθρωπον,</span> <span class='ocrx_word' id='word_1_162' title='bbox 3034 1048 3368 1121; x_wconf 82' lang='grc' dir='ltr'>βαστάζοντα</span> <span class='ocrx_word' id='word_1_163' title='bbox 3409 1046 3506 1118; x_wconf 80' lang='grc' dir='ltr'><strong>τὴν</strong></span> <span class='ocrx_word' id='word_1_164' title='bbox 3534 1038 3742 1116; x_wconf 76' lang='grc' dir='ltr'>ὑπομο-</span> 
     </span>
    </p>
   </div>
   <div class='ocr_carea' id='block_1_26' title="bbox 2174 1142 3748 1222">
    <p class='ocr_par' dir='ltr' id='par_1_26' title="bbox 2174 1142 3748 1222">
     <span class='ocr_line' id='line_1_26' title="bbox 2174 1142 3748 1222; baseline -0.003 -21"><span class='ocrx_word' id='word_1_165' title='bbox 2174 1150 2291 1222; x_wconf 80' lang='grc' dir='ltr'>νὴν,</span> <span class='ocrx_word' id='word_1_166' title='bbox 2326 1150 2402 1213; x_wconf 79' lang='grc' dir='ltr'>ὡς</span> <span class='ocrx_word' id='word_1_167' title='bbox 2434 1151 2462 1202; x_wconf 76' lang='grc' dir='ltr'><strong><em>ὁ</em></strong></span> <span class='ocrx_word' id='word_1_168' title='bbox 2492 1150 2696 1221; x_wconf 78' lang='grc' dir='ltr'>Κῦριος</span> <span class='ocrx_word' id='word_1_169' title='bbox 2726 1150 2816 1203; x_wconf 75' lang='grc' dir='ltr'>τὸν</span> <span class='ocrx_word' id='word_1_170' title='bbox 2859 1149 3111 1220; x_wconf 78' lang='grc' dir='ltr'>σταυρὸν,</span> <span class='ocrx_word' id='word_1_171' title='bbox 3137 1145 3292 1218; x_wconf 81' lang='grc' dir='ltr'>κακῷ</span> <span class='ocrx_word' id='word_1_172' title='bbox 3330 1146 3390 1199; x_wconf 82' lang='grc' dir='ltr'><strong>τὸ</strong></span> <span class='ocrx_word' id='word_1_173' title='bbox 3422 1144 3587 1198; x_wconf 82' lang='grc' dir='ltr'>κακὸν</span> <span class='ocrx_word' id='word_1_174' title='bbox 3618 1142 3748 1197; x_wconf 77' lang='grc' dir='ltr'>ἰῶν-</span> 
     </span>
    </p>
   </div>
   <div class='ocr_carea' id='block_1_27' title="bbox 2174 1234 3740 1312">
    <p class='ocr_par' dir='ltr' id='par_1_27' title="bbox 2174 1234 3740 1312">
     <span class='ocr_line' id='line_1_27' title="bbox 2174 1234 3740 1312; baseline -0.006 -17"><span class='ocrx_word' id='word_1_175' title='bbox 2174 1260 2284 1301; x_wconf 83' lang='grc' dir='ltr'>ται.</span> <span class='ocrx_word' id='word_1_176' title='bbox 2345 1241 2438 1294; x_wconf 72' lang='grc' dir='ltr'><strong>καὶ</strong></span> <span class='ocrx_word' id='word_1_177' title='bbox 2522 1241 2667 1311; x_wconf 82' lang='grc' dir='ltr'>φόνῳ</span> <span class='ocrx_word' id='word_1_178' title='bbox 2739 1240 2878 1312; x_wconf 77' lang='grc' dir='ltr'>ὑπὲρ</span> <span class='ocrx_word' id='word_1_179' title='bbox 2929 1237 3025 1293; x_wconf 74' lang='grc' dir='ltr'>τοῦ</span> <span class='ocrx_word' id='word_1_180' title='bbox 3090 1240 3256 1307; x_wconf 88' lang='grc' dir='ltr'>φόνου</span> <span class='ocrx_word' id='word_1_181' title='bbox 3319 1234 3740 1304; x_wconf 80' lang='grc' dir='ltr'><strong>ἀπολογοῦνται,</strong></span> 
     </span>
    </p>
   </div>
   <div class='ocr_carea' id='block_1_28' title="bbox 2176 1325 3745 1402">
    <p class='ocr_par' dir='ltr' id='par_1_28' title="bbox 2176 1325 3745 1402">
     <span class='ocr_line' id='line_1_28' title="bbox 2176 1325 3745 1402; baseline -0.007 -17"><span class='ocrx_word' id='word_1_182' title='bbox 2176 1332 2266 1386; x_wconf 76' lang='grc' dir='ltr'><strong>καὶ</strong></span> <span class='ocrx_word' id='word_1_183' title='bbox 2307 1330 2384 1401; x_wconf 83' lang='grc' dir='ltr'>τῷ</span> <span class='ocrx_word' id='word_1_184' title='bbox 2420 1330 2634 1402; x_wconf 87' lang='grc' dir='ltr'>σταυρῷ</span> <span class='ocrx_word' id='word_1_185' title='bbox 2675 1332 2799 1395; x_wconf 81' lang='grc' dir='ltr'>τοὺς</span> <span class='ocrx_word' id='word_1_186' title='bbox 2841 1329 3021 1393; x_wconf 78' lang='grc' dir='ltr'>λίθους</span> <span class='ocrx_word' id='word_1_187' title='bbox 3053 1328 3397 1382; x_wconf 86' lang='grc' dir='ltr'>συνάπτουσι.</span> <span class='ocrx_word' id='word_1_188' title='bbox 3437 1325 3745 1396; x_wconf 83' lang='grc' dir='ltr'>Στήσαντες</span> 
     </span>
    </p>
   </div>
   <div class='ocr_carea' id='block_1_29' title="bbox 2172 1414 3743 1494">
    <p class='ocr_par' dir='ltr' id='par_1_29' title="bbox 2172 1414 3743 1494">
     <span class='ocr_line' id='line_1_29' title="bbox 2172 1414 3743 1494; baseline -0.006 -18"><span class='ocrx_word' id='word_1_189' title='bbox 2172 1422 2229 1476; x_wconf 85' lang='grc' dir='ltr'>δὲ</span> <span class='ocrx_word' id='word_1_190' title='bbox 2270 1422 2360 1476; x_wconf 80' lang='grc' dir='ltr'><strong>τὸν</strong></span> <span class='ocrx_word' id='word_1_191' title='bbox 2425 1421 2826 1494; x_wconf 78' lang='grc' dir='ltr'><strong>τρισμακάριον</strong></span> <span class='ocrx_word' id='word_1_192' title='bbox 2884 1420 2980 1473; x_wconf 78' lang='grc' dir='ltr'><strong>ἐπί</strong></span> <span class='ocrx_word' id='word_1_193' title='bbox 3020 1437 3165 1484; x_wconf 88' lang='grc' dir='ltr'>τινος</span> <span class='ocrx_word' id='word_1_194' title='bbox 3208 1417 3450 1471; x_wconf 76' lang='grc' dir='ltr'>ἰσοπέδου</span> <span class='ocrx_word' id='word_1_195' title='bbox 3515 1414 3743 1486; x_wconf 87' lang='grc' dir='ltr'>χωρίου,</span> 
     </span>
    </p>
   </div>
   <div class='ocr_carea' id='block_1_30' title="bbox 2172 1508 3745 1591">
    <p class='ocr_par' dir='ltr' id='par_1_30' title="bbox 2172 1508 3745 1591">
     <span class='ocr_line' id='line_1_30' title="bbox 2172 1508 3745 1591; baseline -0.004 -26"><span class='ocrx_word' id='word_1_196' title='bbox 2172 1514 2233 1567; x_wconf 81' lang='grc' dir='ltr'><strong>τὸ</strong></span> <span class='ocrx_word' id='word_1_197' title='bbox 2298 1514 2507 1584; x_wconf 75' lang='grc' dir='ltr'>μακρὸν</span> <span class='ocrx_word' id='word_1_198' title='bbox 2573 1515 2747 1566; x_wconf 79' lang='grc' dir='ltr'>ἐκεῖνο</span> <span class='ocrx_word' id='word_1_199' title='bbox 2796 1513 2972 1583; x_wconf 75' lang='grc' dir='ltr'>σῶμα,</span> <span class='ocrx_word' id='word_1_200' title='bbox 3038 1513 3132 1566; x_wconf 73' lang='grc' dir='ltr'><strong>καὶ</strong></span> <span class='ocrx_word' id='word_1_201' title='bbox 3198 1510 3400 1582; x_wconf 74' lang='grc' dir='ltr'>ὑψηλὸν</span> <span class='ocrx_word' id='word_1_202' title='bbox 3444 1508 3745 1591; x_wconf 18' lang='grc' dir='ltr'>ετῶνμαρν</span> 
     </span>
    </p>
   </div>
   <div class='ocr_carea' id='block_1_31' title="bbox 2173 1597 3744 1676">
    <p class='ocr_par' dir='ltr' id='par_1_31' title="bbox 2173 1597 3744 1676">
     <span class='ocr_line' id='line_1_31' title="bbox 2173 1597 3744 1676; baseline -0.003 -20"><span class='ocrx_word' id='word_1_203' title='bbox 2173 1604 2350 1676; x_wconf 84' lang='grc' dir='ltr'>τύρων</span> <span class='ocrx_word' id='word_1_204' title='bbox 2387 1606 2662 1676; x_wconf 80' lang='grc' dir='ltr'>τρόπαιον·</span> <span class='ocrx_word' id='word_1_205' title='bbox 2689 1605 2782 1658; x_wconf 65' lang='grc' dir='ltr'>καὶ</span> <span class='ocrx_word' id='word_1_206' title='bbox 2806 1604 2991 1675; x_wconf 81' lang='grc' dir='ltr'><strong>κύκλῳ</strong></span> <span class='ocrx_word' id='word_1_207' title='bbox 3020 1603 3365 1676; x_wconf 75' lang='grc' dir='ltr'><strong>περισχόντες</strong></span> <span class='ocrx_word' id='word_1_208' title='bbox 3391 1600 3551 1654; x_wconf 78' lang='grc' dir='ltr'>αὑτὸν</span> <span class='ocrx_word' id='word_1_209' title='bbox 3575 1601 3603 1651; x_wconf 89' lang='grc' dir='ltr'>ὁ</span> <span class='ocrx_word' id='word_1_210' title='bbox 3629 1597 3744 1652; x_wconf 84' lang='grc' dir='ltr'><strong>τῶν</strong></span> 
     </span>
    </p>
   </div>
   <div class='ocr_carea' id='block_1_32' title="bbox 2173 1689 3745 1767">
    <p class='ocr_par' dir='ltr' id='par_1_32' title="bbox 2173 1689 3745 1767">
     <span class='ocr_line' id='line_1_32' title="bbox 2173 1689 3745 1767; baseline -0.005 -18"><span class='ocrx_word' id='word_1_211' title='bbox 2173 1694 2419 1765; x_wconf 80' lang='grc' dir='ltr'><strong>αἱμάτων</strong></span> <span class='ocrx_word' id='word_1_212' title='bbox 2442 1696 2534 1748; x_wconf 77' lang='grc' dir='ltr'><strong>καὶ</strong></span> <span class='ocrx_word' id='word_1_213' title='bbox 2555 1696 2653 1765; x_wconf 82' lang='grc' dir='ltr'>τῆς</span> <span class='ocrx_word' id='word_1_214' title='bbox 2677 1695 2843 1767; x_wconf 82' lang='grc' dir='ltr'>ὀργῆς</span> <span class='ocrx_word' id='word_1_215' title='bbox 2868 1696 3057 1767; x_wconf 80' lang='grc' dir='ltr'>δῆμος,</span> <span class='ocrx_word' id='word_1_216' title='bbox 3083 1696 3177 1748; x_wconf 80' lang='grc' dir='ltr'>καὶ</span> <span class='ocrx_word' id='word_1_217' title='bbox 3197 1694 3293 1762; x_wconf 85' lang='grc' dir='ltr'>τὴν</span> <span class='ocrx_word' id='word_1_218' title='bbox 3324 1691 3659 1761; x_wconf 82' lang='grc' dir='ltr'><strong>καλουμένην</strong></span> <span class='ocrx_word' id='word_1_219' title='bbox 3682 1689 3745 1741; x_wconf 83' lang='grc' dir='ltr'>ὲν</span> 
     </span>
    </p>
   </div>
   <div class='ocr_carea' id='block_1_33' title="bbox 2173 1779 3744 1858">
    <p class='ocr_par' dir='ltr' id='par_1_33' title="bbox 2173 1779 3744 1858">
     <span class='ocr_line' id='line_1_33' title="bbox 2173 1779 3744 1858; baseline -0.005 -19"><span class='ocrx_word' id='word_1_220' title='bbox 2173 1789 2285 1850; x_wconf 78' lang='grc' dir='ltr'>τοῖς</span> <span class='ocrx_word' id='word_1_221' title='bbox 2305 1786 2560 1857; x_wconf 83' lang='grc' dir='ltr'>πολέμοις</span> <span class='ocrx_word' id='word_1_222' title='bbox 2582 1787 2953 1858; x_wconf 83' lang='grc' dir='ltr'>μιμησάμενοι</span> <span class='ocrx_word' id='word_1_223' title='bbox 2981 1785 3213 1856; x_wconf 85' lang='grc' dir='ltr'>ἀγηνίαν</span> <span class='ocrx_word' id='word_1_224' title='bbox 3236 1785 3326 1847; x_wconf 67' lang='lat'><strong>7&quot;,</strong></span> <span class='ocrx_word' id='word_1_225' title='bbox 3352 1781 3541 1835; x_wconf 74' lang='grc' dir='ltr'>ἔϐαλον</span> <span class='ocrx_word' id='word_1_226' title='bbox 3573 1779 3744 1842; x_wconf 83' lang='grc' dir='ltr'>λίθοις</span> 
     </span>
    </p>
   </div>
   <div class='ocr_carea' id='block_1_34' title="bbox 511 1866 2080 1949">
    <p class='ocr_par' dir='ltr' id='par_1_34' title="bbox 511 1867 2074 1945">
     <span class='ocr_line' id='line_1_34' title="bbox 511 1867 2074 1945; baseline 0.008 -25"><span class='ocrx_word' id='word_1_227' title='bbox 511 1867 656 1923; x_wconf 89' lang='lat' dir='ltr'><strong>illius</strong></span> <span class='ocrx_word' id='word_1_228' title='bbox 683 1869 881 1940; x_wconf 83' lang='lat' dir='ltr'><strong>lapidis</strong></span> <span class='ocrx_word' id='word_1_229' title='bbox 905 1873 1186 1927; x_wconf 73' lang='lat' dir='ltr'><strong>diaconum</strong></span> <span class='ocrx_word' id='word_1_230' title='bbox 1216 1889 1314 1929; x_wconf 87' lang='lat' dir='ltr'><strong>:ac</strong></span> <span class='ocrx_word' id='word_1_231' title='bbox 1330 1890 1555 1945; x_wconf 66' lang='lat' dir='ltr'><strong>quaeque</strong></span> <span class='ocrx_word' id='word_1_232' title='bbox 1579 1876 1794 1945; x_wconf 83' lang='lat' dir='ltr'><strong>quidem</strong></span> <span class='ocrx_word' id='word_1_233' title='bbox 1820 1875 2074 1932; x_wconf 65' lang='lat' dir='ltr'><strong>Hebraeo-</strong></span> 
     </span>
    </p>
   </div>
   <div class='ocr_carea' id='block_1_35' title="bbox 2181 1866 3750 1949">
    <p class='ocr_par' dir='ltr' id='par_1_35' title="bbox 2181 1870 3750 1949">
     <span class='ocr_line' id='line_1_35' title="bbox 2181 1870 3750 1949; baseline -0.004 -20"><span class='ocrx_word' id='word_1_234' title='bbox 2181 1877 2263 1930; x_wconf 76' lang='grc' dir='ltr'>τὸν</span> <span class='ocrx_word' id='word_1_235' title='bbox 2292 1876 2387 1931; x_wconf 78' lang='grc' dir='ltr'>τοῦ</span> <span class='ocrx_word' id='word_1_236' title='bbox 2420 1878 2811 1949; x_wconf 80' lang='grc' dir='ltr'>ἀκρογωνιαίου</span> <span class='ocrx_word' id='word_1_237' title='bbox 2836 1877 2981 1932; x_wconf 81' lang='grc' dir='ltr'>λίθου</span> <span class='ocrx_word' id='word_1_238' title='bbox 3014 1877 3277 1931; x_wconf 84' lang='grc' dir='ltr'>διάκονον·</span> <span class='ocrx_word' id='word_1_239' title='bbox 3313 1873 3408 1927; x_wconf 79' lang='grc' dir='ltr'>καὶ</span> <span class='ocrx_word' id='word_1_240' title='bbox 3436 1874 3586 1926; x_wconf 79' lang='grc' dir='ltr'>πᾶσα</span> <span class='ocrx_word' id='word_1_241' title='bbox 3619 1870 3750 1941; x_wconf 68' lang='grc' dir='ltr'>χεὶρ</span> 
     </span>
    </p>
   </div>
   <div class='ocr_carea' id='block_1_36' title="bbox 508 1966 2076 2036">
    <p class='ocr_par' dir='ltr' id='par_1_36' title="bbox 508 1966 2076 2036">
     <span class='ocr_line' id='line_1_36' title="bbox 508 1966 2076 2036; baseline 0.006 -24"><span class='ocrx_word' id='word_1_242' title='bbox 508 1973 628 2014; x_wconf 87' lang='lat' dir='ltr'><strong>rum</strong></span> <span class='ocrx_word' id='word_1_243' title='bbox 662 1976 850 2017; x_wconf 85' lang='lat' dir='ltr'><strong>manus</strong></span> <span class='ocrx_word' id='word_1_244' title='bbox 895 1978 1080 2019; x_wconf 84' lang='lat' dir='ltr'><strong>necem</strong></span> <span class='ocrx_word' id='word_1_245' title='bbox 1121 1966 1488 2034; x_wconf 80' lang='lat' dir='ltr'><strong>operabatur;</strong></span> <span class='ocrx_word' id='word_1_246' title='bbox 1526 1967 1636 2036; x_wconf 89' lang='lat' dir='ltr'><strong>ipse</strong></span> <span class='ocrx_word' id='word_1_247' title='bbox 1688 1980 1816 2019; x_wconf 76' lang='lat' dir='ltr'><strong>vero</strong></span> <span class='ocrx_word' id='word_1_248' title='bbox 1871 1977 2076 2036; x_wconf 84' lang='lat' dir='ltr'><strong>martyr</strong></span> 
     </span>
    </p>
   </div>
   <div class='ocr_carea' id='block_1_37' title="bbox 512 2050 2077 2126">
    <p class='ocr_par' dir='ltr' id='par_1_37' title="bbox 512 2050 2077 2126">
     <span class='ocr_line' id='line_1_37' title="bbox 512 2050 2077 2126; baseline 0.006 -22"><span class='ocrx_word' id='word_1_249' title='bbox 512 2050 866 2120; x_wconf 77' lang='lat' dir='ltr'><strong>iaculantium</strong></span> <span class='ocrx_word' id='word_1_250' title='bbox 903 2070 1096 2126; x_wconf 79' lang='lat' dir='ltr'><strong>scapus</strong></span> <span class='ocrx_word' id='word_1_251' title='bbox 1133 2066 1281 2122; x_wconf 86' lang='lat' dir='ltr'><strong>erat,</strong></span> <span class='ocrx_word' id='word_1_252' title='bbox 1312 2057 1367 2110; x_wconf 88' lang='lat' dir='ltr'><strong>in</strong></span> <span class='ocrx_word' id='word_1_253' title='bbox 1410 2059 1585 2112; x_wconf 87' lang='lat' dir='ltr'><strong>medio</strong></span> <span class='ocrx_word' id='word_1_254' title='bbox 1610 2066 1760 2113; x_wconf 85' lang='lat' dir='ltr'><strong>stans</strong></span> <span class='ocrx_word' id='word_1_255' title='bbox 1781 2097 1796 2124; x_wconf 94' lang='lat'><strong>,</strong></span> <span class='ocrx_word' id='word_1_256' title='bbox 1823 2058 1969 2113; x_wconf 79' lang='lat' dir='ltr'><strong>velut</strong></span> <span class='ocrx_word' id='word_1_257' title='bbox 1988 2075 2077 2113; x_wconf 84' lang='lat' dir='ltr'><strong>sa-</strong></span> 
     </span>
    </p>
   </div>
   <div class='ocr_carea' id='block_1_38' title="bbox 510 2145 981 2215">
    <p class='ocr_par' dir='ltr' id='par_1_38' title="bbox 510 2145 981 2215">
     <span class='ocr_line' id='line_1_38' title="bbox 510 2145 981 2215; baseline 0.004 -18"><span class='ocrx_word' id='word_1_258' title='bbox 510 2145 711 2213; x_wconf 74' lang='lat' dir='ltr'><strong>gittarii</strong></span> <span class='ocrx_word' id='word_1_259' title='bbox 748 2146 981 2215; x_wconf 80' lang='lat' dir='ltr'><strong>signum.</strong></span> 
     </span>
    </p>
   </div>
   <div class='ocr_carea' id='block_1_39' title="bbox 587 2234 2076 2308">
    <p class='ocr_par' dir='ltr' id='par_1_39' title="bbox 587 2234 2076 2308">
     <span class='ocr_line' id='line_1_39' title="bbox 587 2234 2076 2308; baseline 0.002 -18"><span class='ocrx_word' id='word_1_260' title='bbox 587 2234 686 2290; x_wconf 85' lang='lat' dir='ltr'><strong>Ubi</strong></span> <span class='ocrx_word' id='word_1_261' title='bbox 716 2251 878 2305; x_wconf 91' lang='lat' dir='ltr'><strong>porro</strong></span> <span class='ocrx_word' id='word_1_262' title='bbox 903 2252 1101 2307; x_wconf 70' lang='lat' dir='ltr'><strong>corpus</strong></span> <span class='ocrx_word' id='word_1_263' title='bbox 1130 2237 1276 2294; x_wconf 88' lang='lat' dir='ltr'><strong>omni</strong></span> <span class='ocrx_word' id='word_1_264' title='bbox 1309 2246 1465 2308; x_wconf 83' lang='lat' dir='ltr'><strong>parte</strong></span> <span class='ocrx_word' id='word_1_265' title='bbox 1485 2246 1766 2294; x_wconf 78' lang='lat' dir='ltr'><strong>contusum</strong></span> <span class='ocrx_word' id='word_1_266' title='bbox 1804 2239 2076 2295; x_wconf 79' lang='lat' dir='ltr'><strong>collisum-</strong></span> 
     </span>
    </p>
   </div>
   <div class='ocr_carea' id='block_1_40' title="bbox 511 2329 2078 2399">
    <p class='ocr_par' dir='ltr' id='par_1_40' title="bbox 511 2329 2078 2399">
     <span class='ocr_line' id='line_1_40' title="bbox 511 2329 2078 2399; baseline 0.006 -23"><span class='ocrx_word' id='word_1_267' title='bbox 511 2341 635 2396; x_wconf 85' lang='lat' dir='ltr'><strong>qne,</strong></span> <span class='ocrx_word' id='word_1_268' title='bbox 664 2341 728 2382; x_wconf 86' lang='lat' dir='ltr'><strong>ac</strong></span> <span class='ocrx_word' id='word_1_269' title='bbox 753 2330 1013 2398; x_wconf 70' lang='lat' dir='ltr'><strong>sanguine</strong></span> <span class='ocrx_word' id='word_1_270' title='bbox 1049 2338 1385 2385; x_wconf 77' lang='lat' dir='ltr'><strong>cruentatum</strong></span> <span class='ocrx_word' id='word_1_271' title='bbox 1415 2370 1433 2396; x_wconf 91' lang='lat'><strong>,</strong></span> <span class='ocrx_word' id='word_1_272' title='bbox 1459 2331 1569 2399; x_wconf 84' lang='lat' dir='ltr'><strong>jam</strong></span> <span class='ocrx_word' id='word_1_273' title='bbox 1595 2329 1896 2397; x_wconf 73' lang='lat' dir='ltr'><strong>fatiseehat,</strong></span> <span class='ocrx_word' id='word_1_274' title='bbox 1924 2338 1978 2382; x_wconf 91' lang='grc' dir='ltr'>ιιι</span> <span class='ocrx_word' id='word_1_275' title='bbox 2010 2343 2078 2385; x_wconf 80' lang='lat' dir='ltr'><strong>ne</strong></span> 
     </span>
    </p>
   </div>
   <div class='ocr_carea' id='block_1_41' title="bbox 515 2418 2078 2491">
    <p class='ocr_par' dir='ltr' id='par_1_41' title="bbox 515 2418 2078 2491">
     <span class='ocr_line' id='line_1_41' title="bbox 515 2418 2078 2491; baseline 0.003 -22"><span class='ocrx_word' id='word_1_276' title='bbox 515 2426 717 2472; x_wconf 90' lang='lat' dir='ltr'><strong>rectum</strong></span> <span class='ocrx_word' id='word_1_277' title='bbox 738 2418 788 2472; x_wconf 89' lang='lat' dir='ltr'><strong>in</strong></span> <span class='ocrx_word' id='word_1_278' title='bbox 812 2419 973 2487; x_wconf 78' lang='lat' dir='ltr'><strong>pedes</strong></span> <span class='ocrx_word' id='word_1_279' title='bbox 1003 2426 1169 2473; x_wconf 78' lang='lat' dir='ltr'><strong>staret</strong></span> <span class='ocrx_word' id='word_1_280' title='bbox 1208 2420 1357 2491; x_wconf 83' lang='lat'><strong>(57);</strong></span> <span class='ocrx_word' id='word_1_281' title='bbox 1389 2418 1898 2489; x_wconf 84' lang='lat' dir='ltr'><strong>concutiebatnrque</strong></span> <span class='ocrx_word' id='word_1_282' title='bbox 1935 2420 2078 2474; x_wconf 85' lang='lat' dir='ltr'><strong>decl-</strong></span> 
     </span>
    </p>
   </div>
   <div class='ocr_carea' id='block_1_42' title="bbox 511 2509 2074 2579">
    <p class='ocr_par' dir='ltr' id='par_1_42' title="bbox 511 2509 2074 2579">
     <span class='ocr_line' id='line_1_42' title="bbox 511 2509 2074 2579; baseline 0.003 -18"><span class='ocrx_word' id='word_1_283' title='bbox 511 2509 709 2571; x_wconf 86' lang='lat' dir='ltr'><strong>duum,</strong></span> <span class='ocrx_word' id='word_1_284' title='bbox 745 2524 809 2563; x_wconf 88' lang='lat' dir='ltr'><strong>ac</strong></span> <span class='ocrx_word' id='word_1_285' title='bbox 860 2522 1046 2564; x_wconf 77' lang='lat' dir='ltr'><strong>casum</strong></span> <span class='ocrx_word' id='word_1_286' title='bbox 1088 2511 1414 2574; x_wconf 83' lang='lat' dir='ltr'><strong>minabatur,</strong></span> <span class='ocrx_word' id='word_1_287' title='bbox 1460 2510 1599 2565; x_wconf 84' lang='lat' dir='ltr'><strong>haud</strong></span> <span class='ocrx_word' id='word_1_288' title='bbox 1641 2525 1796 2564; x_wconf 85' lang='lat' dir='ltr'><strong>secus</strong></span> <span class='ocrx_word' id='word_1_289' title='bbox 1840 2524 1904 2564; x_wconf 88' lang='lat' dir='ltr'><strong>ac</strong></span> <span class='ocrx_word' id='word_1_290' title='bbox 1948 2525 2074 2579; x_wconf 77' lang='lat' dir='ltr'><strong>pro-</strong></span> 
     </span>
    </p>
   </div>
   <div class='ocr_carea' id='block_1_43' title="bbox 512 2600 2075 2672">
    <p class='ocr_par' dir='ltr' id='par_1_43' title="bbox 512 2600 2075 2672">
     <span class='ocr_line' id='line_1_43' title="bbox 512 2600 2075 2672; baseline 0.001 -18"><span class='ocrx_word' id='word_1_291' title='bbox 512 2616 637 2654; x_wconf 79' lang='lat' dir='ltr'><strong>cera</strong></span> <span class='ocrx_word' id='word_1_292' title='bbox 689 2602 970 2670; x_wconf 77' lang='lat' dir='ltr'><strong>platanus,</strong></span> <span class='ocrx_word' id='word_1_293' title='bbox 1013 2616 1174 2672; x_wconf 80' lang='lat' dir='ltr'><strong>quam</strong></span> <span class='ocrx_word' id='word_1_294' title='bbox 1222 2601 1358 2656; x_wconf 82' lang='lat' dir='ltr'><strong>fabri</strong></span> <span class='ocrx_word' id='word_1_295' title='bbox 1395 2600 1576 2672; x_wconf 86' lang='lat' dir='ltr'><strong>plures</strong></span> <span class='ocrx_word' id='word_1_296' title='bbox 1606 2603 1852 2657; x_wconf 81' lang='lat' dir='ltr'><strong>accidant</strong></span> <span class='ocrx_word' id='word_1_297' title='bbox 1890 2620 1903 2655; x_wconf 91' lang='lat'><strong>:</strong></span> <span class='ocrx_word' id='word_1_298' title='bbox 1943 2602 2075 2656; x_wconf 89' lang='lat' dir='ltr'><strong>nihil</strong></span> 
     </span>
    </p>
   </div>
   <div class='ocr_carea' id='block_1_44' title="bbox 514 2694 2080 2764">
    <p class='ocr_par' dir='ltr' id='par_1_44' title="bbox 514 2694 2080 2764">
     <span class='ocr_line' id='line_1_44' title="bbox 514 2694 2080 2764; baseline 0.001 -18"><span class='ocrx_word' id='word_1_299' title='bbox 514 2702 711 2758; x_wconf 87' lang='lat' dir='ltr'><strong>tamen,</strong></span> <span class='ocrx_word' id='word_1_300' title='bbox 732 2694 962 2762; x_wconf 74' lang='lat' dir='ltr'><strong>plurium</strong></span> <span class='ocrx_word' id='word_1_301' title='bbox 994 2709 1166 2760; x_wconf 87' lang='lat' dir='ltr'><strong>more,</strong></span> <span class='ocrx_word' id='word_1_302' title='bbox 1190 2696 1327 2764; x_wconf 91' lang='lat' dir='ltr'><strong>turpi</strong></span> <span class='ocrx_word' id='word_1_303' title='bbox 1365 2695 1477 2761; x_wconf 81' lang='lat' dir='ltr'><strong>ipse</strong></span> <span class='ocrx_word' id='word_1_304' title='bbox 1498 2709 1624 2748; x_wconf 85' lang='lat' dir='ltr'><strong>casu</strong></span> <span class='ocrx_word' id='word_1_305' title='bbox 1649 2705 1946 2763; x_wconf 85' lang='lat' dir='ltr'><strong>prostratus</strong></span> <span class='ocrx_word' id='word_1_306' title='bbox 1973 2705 2080 2750; x_wconf 80' lang='lat' dir='ltr'><strong>est.</strong></span> 
     </span>
    </p>
   </div>
   <div class='ocr_carea' id='block_1_45' title="bbox 513 2780 2077 2853">
    <p class='ocr_par' dir='ltr' id='par_1_45' title="bbox 513 2780 2077 2853">
     <span class='ocr_line' id='line_1_45' title="bbox 513 2780 2077 2853; baseline 0.003 -16"><span class='ocrx_word' id='word_1_307' title='bbox 513 2780 700 2852; x_wconf 82' lang='lat' dir='ltr'><strong>Neque</strong></span> <span class='ocrx_word' id='word_1_308' title='bbox 747 2786 889 2839; x_wconf 89' lang='lat' dir='ltr'><strong>enim</strong></span> <span class='ocrx_word' id='word_1_309' title='bbox 952 2793 1065 2841; x_wconf 75' lang='lat' dir='ltr'><strong>toto</strong></span> <span class='ocrx_word' id='word_1_310' title='bbox 1114 2785 1258 2839; x_wconf 89' lang='lat' dir='ltr'><strong>humi</strong></span> <span class='ocrx_word' id='word_1_311' title='bbox 1314 2800 1536 2853; x_wconf 84' lang='lat' dir='ltr'><strong>corpore</strong></span> <span class='ocrx_word' id='word_1_312' title='bbox 1571 2800 1770 2853; x_wconf 83' lang='lat' dir='ltr'><strong>pronus</strong></span> <span class='ocrx_word' id='word_1_313' title='bbox 1814 2787 2077 2841; x_wconf 89' lang='lat' dir='ltr'><strong>distentus</strong></span> 
     </span>
    </p>
   </div>
   <div class='ocr_carea' id='block_1_46' title="bbox 516 2875 2078 2946">
    <p class='ocr_par' dir='ltr' id='par_1_46' title="bbox 516 2875 2078 2946">
     <span class='ocr_line' id='line_1_46' title="bbox 516 2875 2078 2946; baseline 0.003 -19"><span class='ocrx_word' id='word_1_314' title='bbox 516 2884 630 2937; x_wconf 84' lang='lat' dir='ltr'><strong>est,</strong></span> <span class='ocrx_word' id='word_1_315' title='bbox 661 2889 833 2943; x_wconf 75' lang='lat' dir='ltr'><strong>neque</strong></span> <span class='ocrx_word' id='word_1_316' title='bbox 855 2876 1050 2930; x_wconf 80' lang='lat' dir='ltr'><strong>decidit</strong></span> <span class='ocrx_word' id='word_1_317' title='bbox 1081 2875 1134 2929; x_wconf 91' lang='lat' dir='ltr'><strong>in</strong></span> <span class='ocrx_word' id='word_1_318' title='bbox 1176 2876 1316 2929; x_wconf 87' lang='lat' dir='ltr'><strong>latus</strong></span> <span class='ocrx_word' id='word_1_319' title='bbox 1340 2913 1358 2939; x_wconf 91' lang='lat'><strong>,</strong></span> <span class='ocrx_word' id='word_1_320' title='bbox 1384 2890 1557 2945; x_wconf 83' lang='lat' dir='ltr'><strong>neque</strong></span> <span class='ocrx_word' id='word_1_321' title='bbox 1587 2891 1646 2929; x_wconf 83' lang='lat' dir='ltr'><strong>se</strong></span> <span class='ocrx_word' id='word_1_322' title='bbox 1674 2878 1955 2946; x_wconf 86' lang='lat' dir='ltr'><strong>resupinus</strong></span> <span class='ocrx_word' id='word_1_323' title='bbox 1992 2879 2078 2931; x_wconf 88' lang='lat' dir='ltr'><strong>iu-</strong></span> 
     </span>
    </p>
   </div>
   <div class='ocr_carea' id='block_1_47' title="bbox 515 2964 2077 3037">
    <p class='ocr_par' dir='ltr' id='par_1_47' title="bbox 515 2964 2077 3037">
     <span class='ocr_line' id='line_1_47' title="bbox 515 2964 2077 3037; baseline 0.004 -19"><span class='ocrx_word' id='word_1_324' title='bbox 515 2964 693 3033; x_wconf 82' lang='lat' dir='ltr'><strong>llexit;</strong></span> <span class='ocrx_word' id='word_1_325' title='bbox 726 2971 818 3019; x_wconf 80' lang='lat' dir='ltr'><strong>sed</strong></span> <span class='ocrx_word' id='word_1_326' title='bbox 850 2969 1044 3021; x_wconf 88' lang='lat' dir='ltr'><strong>decoro</strong></span> <span class='ocrx_word' id='word_1_327' title='bbox 1076 2969 1349 3037; x_wconf 79' lang='lat' dir='ltr'><strong>precantis</strong></span> <span class='ocrx_word' id='word_1_328' title='bbox 1377 2968 1557 3021; x_wconf 86' lang='lat' dir='ltr'><strong>habitu</strong></span> <span class='ocrx_word' id='word_1_329' title='bbox 1589 2983 1792 3037; x_wconf 85' lang='lat' dir='ltr'><strong>ponens</strong></span> <span class='ocrx_word' id='word_1_330' title='bbox 1818 2984 2010 3037; x_wconf 80' lang='lat' dir='ltr'><strong>genua,</strong></span> <span class='ocrx_word' id='word_1_331' title='bbox 2047 2986 2077 3026; x_wconf 89' lang='lat' dir='ltr'><strong>e</strong></span> 
     </span>
    </p>
   </div>
   <div class='ocr_carea' id='block_1_48' title="bbox 514 3059 2079 3130">
    <p class='ocr_par' dir='ltr' id='par_1_48' title="bbox 514 3059 2079 3130">
     <span class='ocr_line' id='line_1_48' title="bbox 514 3059 2079 3130; baseline 0.003 -20"><span class='ocrx_word' id='word_1_332' title='bbox 514 3059 623 3111; x_wconf 81' lang='lat' dir='ltr'><strong>vita</strong></span> <span class='ocrx_word' id='word_1_333' title='bbox 657 3060 929 3123; x_wconf 76' lang='lat' dir='ltr'><strong>excessit;</strong></span> <span class='ocrx_word' id='word_1_334' title='bbox 956 3074 1150 3127; x_wconf 76' lang='lat' dir='ltr'><strong>urgens</strong></span> <span class='ocrx_word' id='word_1_335' title='bbox 1174 3061 1438 3124; x_wconf 86' lang='lat' dir='ltr'><strong>oratione,</strong></span> <span class='ocrx_word' id='word_1_336' title='bbox 1467 3060 1779 3129; x_wconf 84' lang='lat' dir='ltr'><strong>instansque</strong></span> <span class='ocrx_word' id='word_1_337' title='bbox 1812 3075 1971 3130; x_wconf 87' lang='lat' dir='ltr'><strong>quam</strong></span> <span class='ocrx_word' id='word_1_338' title='bbox 2000 3061 2079 3115; x_wconf 79' lang='lat' dir='ltr'><strong>ei-</strong></span> 
     </span>
    </p>
   </div>
   <div class='ocr_carea' id='block_1_49' title="bbox 2186 1958 3749 2041">
    <p class='ocr_par' dir='ltr' id='par_1_49' title="bbox 2186 1958 3749 2041">
     <span class='ocr_line' id='line_1_49' title="bbox 2186 1958 3749 2041; baseline -0.005 -19"><span class='ocrx_word' id='word_1_339' title='bbox 2186 1968 2445 2041; x_wconf 79' lang='grc' dir='ltr'>Ἐϐραῖκὴ</span> <span class='ocrx_word' id='word_1_340' title='bbox 2508 1970 2598 2023; x_wconf 87' lang='grc' dir='ltr'><strong>τὸν</strong></span> <span class='ocrx_word' id='word_1_341' title='bbox 2647 1969 2802 2039; x_wconf 86' lang='grc' dir='ltr'>φόνον</span> <span class='ocrx_word' id='word_1_342' title='bbox 2859 1969 3096 2040; x_wconf 75' lang='grc' dir='ltr'>ἐνήργει·</span> <span class='ocrx_word' id='word_1_343' title='bbox 3162 1965 3359 2028; x_wconf 77' lang='grc' dir='ltr'>σκοπὸς</span> <span class='ocrx_word' id='word_1_344' title='bbox 3418 1963 3476 2017; x_wconf 83' lang='grc' dir='ltr'>δὲ</span> <span class='ocrx_word' id='word_1_345' title='bbox 3523 1958 3590 2034; x_wconf 79' lang='grc' dir='ltr'>ἦν</span> <span class='ocrx_word' id='word_1_346' title='bbox 3632 1961 3749 2029; x_wconf 80' lang='grc' dir='ltr'>τῷν</span> 
     </span>
    </p>
   </div>
   <div class='ocr_carea' id='block_1_50' title="bbox 2175 2054 3747 2134">
    <p class='ocr_par' dir='ltr' id='par_1_50' title="bbox 2175 2054 3747 2134">
     <span class='ocr_line' id='line_1_50' title="bbox 2175 2054 3747 2134; baseline -0.006 -24"><span class='ocrx_word' id='word_1_347' title='bbox 2175 2057 2440 2127; x_wconf 80' lang='grc' dir='ltr'>ἀφιέντων</span> <span class='ocrx_word' id='word_1_348' title='bbox 2458 2059 2491 2110; x_wconf 82' lang='grc' dir='ltr'>ὁ</span> <span class='ocrx_word' id='word_1_349' title='bbox 2507 2059 2738 2130; x_wconf 82' lang='grc' dir='ltr'>μάρτυς,</span> <span class='ocrx_word' id='word_1_350' title='bbox 2767 2056 2936 2134; x_wconf 76' lang='grc' dir='ltr'>ἑστὼς</span> <span class='ocrx_word' id='word_1_351' title='bbox 2960 2056 3102 2110; x_wconf 79' lang='grc' dir='ltr'><strong>κατά</strong></span> <span class='ocrx_word' id='word_1_352' title='bbox 3126 2056 3285 2127; x_wconf 85' lang='grc' dir='ltr'>μέσον</span> <span class='ocrx_word' id='word_1_353' title='bbox 3313 2055 3387 2118; x_wconf 80' lang='grc' dir='ltr'>ὡς</span> <span class='ocrx_word' id='word_1_354' title='bbox 3414 2054 3636 2124; x_wconf 86' lang='grc' dir='ltr'>σημεῖον</span> <span class='ocrx_word' id='word_1_355' title='bbox 3653 2065 3747 2102; x_wconf 83' lang='grc' dir='ltr'>το-</span> 
     </span>
    </p>
   </div>
   <div class='ocr_carea' id='block_1_51' title="bbox 2176 2147 2346 2212">
    <p class='ocr_par' dir='ltr' id='par_1_51' title="bbox 2176 2147 2346 2212">
     <span class='ocr_line' id='line_1_51' title="bbox 2176 2147 2346 2212; baseline 0.006 -12"><span class='ocrx_word' id='word_1_356' title='bbox 2176 2147 2346 2212; x_wconf 78' lang='grc' dir='ltr'>ξότου.</span> 
     </span>
    </p>
   </div>
   <div class='ocr_carea' id='block_1_52' title="bbox 2257 2230 3751 2309">
    <p class='ocr_par' dir='ltr' id='par_1_52' title="bbox 2257 2230 3751 2309">
     <span class='ocr_line' id='line_1_52' title="bbox 2257 2230 3751 2309; baseline -0.009 -14"><span class='ocrx_word' id='word_1_357' title='bbox 2257 2239 2342 2301; x_wconf 83' lang='grc' dir='ltr'>Ὠς</span> <span class='ocrx_word' id='word_1_358' title='bbox 2362 2238 2418 2293; x_wconf 79' lang='grc' dir='ltr'>δὲ</span> <span class='ocrx_word' id='word_1_359' title='bbox 2441 2239 2704 2294; x_wconf 77' lang='grc' dir='ltr'>πάντοθεν</span> <span class='ocrx_word' id='word_1_360' title='bbox 2725 2239 2784 2292; x_wconf 80' lang='grc' dir='ltr'><strong>τὸ</strong></span> <span class='ocrx_word' id='word_1_361' title='bbox 2810 2238 2975 2309; x_wconf 84' lang='grc' dir='ltr'>σῶμα</span> <span class='ocrx_word' id='word_1_362' title='bbox 2997 2235 3410 2309; x_wconf 80' lang='grc' dir='ltr'>περιθραυσθὲν,</span> <span class='ocrx_word' id='word_1_363' title='bbox 3436 2233 3528 2286; x_wconf 72' lang='grc' dir='ltr'><strong>καὶ</strong></span> <span class='ocrx_word' id='word_1_364' title='bbox 3558 2230 3751 2285; x_wconf 80' lang='grc' dir='ltr'>λελου-</span> 
     </span>
    </p>
   </div>
   <div class='ocr_carea' id='block_1_53' title="bbox 2179 2321 3749 2402">
    <p class='ocr_par' dir='ltr' id='par_1_53' title="bbox 2179 2321 3749 2402">
     <span class='ocr_line' id='line_1_53' title="bbox 2179 2321 3749 2402; baseline -0.006 -19"><span class='ocrx_word' id='word_1_365' title='bbox 2179 2329 2335 2400; x_wconf 80' lang='grc' dir='ltr'>μὲνον</span> <span class='ocrx_word' id='word_1_366' title='bbox 2388 2330 2465 2402; x_wconf 82' lang='grc' dir='ltr'>τῷ</span> <span class='ocrx_word' id='word_1_367' title='bbox 2526 2331 2736 2402; x_wconf 81' lang='grc' dir='ltr'>αἵματι,</span> <span class='ocrx_word' id='word_1_368' title='bbox 2805 2328 3019 2393; x_wconf 74' lang='grc' dir='ltr'>ὤκλαζε</span> <span class='ocrx_word' id='word_1_369' title='bbox 3071 2328 3256 2382; x_wconf 77' lang='grc' dir='ltr'>λοιπὸν</span> <span class='ocrx_word' id='word_1_370' title='bbox 3307 2325 3441 2398; x_wconf 70' lang='grc' dir='ltr'>πρὸς</span> <span class='ocrx_word' id='word_1_371' title='bbox 3479 2323 3574 2396; x_wconf 81' lang='grc' dir='ltr'>τὴν</span> <span class='ocrx_word' id='word_1_372' title='bbox 3625 2321 3749 2376; x_wconf 80' lang='grc' dir='ltr'>ὀλέ-</span> 
     </span>
    </p>
   </div>
   <div class='ocr_carea' id='block_1_54' title="bbox 2176 2412 3751 2492">
    <p class='ocr_par' dir='ltr' id='par_1_54' title="bbox 2176 2412 3751 2492">
     <span class='ocr_line' id='line_1_54' title="bbox 2176 2412 3751 2492; baseline -0.007 -17"><span class='ocrx_word' id='word_1_373' title='bbox 2176 2422 2326 2492; x_wconf 85' lang='grc' dir='ltr'>θριον</span> <span class='ocrx_word' id='word_1_374' title='bbox 2372 2423 2420 2455; x_wconf 76' lang='grc' dir='ltr'><strong><em>⁸ο</em></strong></span> <span class='ocrx_word' id='word_1_375' title='bbox 2487 2423 2695 2477; x_wconf 84' lang='grc' dir='ltr'>στάσιν·</span> <span class='ocrx_word' id='word_1_376' title='bbox 2757 2421 3067 2476; x_wconf 82' lang='grc' dir='ltr'>κατεσείετο</span> <span class='ocrx_word' id='word_1_377' title='bbox 3113 2419 3171 2472; x_wconf 81' lang='grc' dir='ltr'>δὲ</span> <span class='ocrx_word' id='word_1_378' title='bbox 3232 2419 3326 2473; x_wconf 76' lang='grc' dir='ltr'><strong>καὶ</strong></span> <span class='ocrx_word' id='word_1_379' title='bbox 3379 2415 3588 2487; x_wconf 77' lang='grc' dir='ltr'>ἠπείλει</span> <span class='ocrx_word' id='word_1_380' title='bbox 3642 2412 3751 2483; x_wconf 80' lang='grc' dir='ltr'>τὴν</span> 
     </span>
    </p>
   </div>
   <div class='ocr_carea' id='block_1_55' title="bbox 2176 2505 3750 2586">
    <p class='ocr_par' dir='ltr' id='par_1_55' title="bbox 2176 2505 3750 2586">
     <span class='ocr_line' id='line_1_55' title="bbox 2176 2505 3750 2586; baseline -0.006 -18"><span class='ocrx_word' id='word_1_381' title='bbox 2176 2514 2406 2580; x_wconf 78' lang='grc' dir='ltr'>πτῶσιν,</span> <span class='ocrx_word' id='word_1_382' title='bbox 2446 2514 2636 2586; x_wconf 85' lang='grc' dir='ltr'>ὥσπερ</span> <span class='ocrx_word' id='word_1_383' title='bbox 2675 2531 2759 2577; x_wconf 90' lang='grc' dir='ltr'><strong>τις</strong></span> <span class='ocrx_word' id='word_1_384' title='bbox 2795 2512 2970 2585; x_wconf 74' lang='grc' dir='ltr'>ὑψηλὴ</span> <span class='ocrx_word' id='word_1_385' title='bbox 3013 2511 3299 2574; x_wconf 82' lang='grc' dir='ltr'>πλάτανος,</span> <span class='ocrx_word' id='word_1_386' title='bbox 3334 2507 3487 2576; x_wconf 87' lang='grc' dir='ltr'><strong>παρά</strong></span> <span class='ocrx_word' id='word_1_387' title='bbox 3535 2505 3750 2559; x_wconf 79' lang='grc' dir='ltr'>πολλῶν</span> 
     </span>
    </p>
   </div>
   <div class='ocr_carea' id='block_1_56' title="bbox 2177 2595 3748 2678">
    <p class='ocr_par' dir='ltr' id='par_1_56' title="bbox 2177 2595 3748 2678">
     <span class='ocr_line' id='line_1_56' title="bbox 2177 2595 3748 2678; baseline -0.006 -19"><span class='ocrx_word' id='word_1_388' title='bbox 2177 2605 2610 2678; x_wconf 82' lang='grc' dir='ltr'>κατεργασθεῖσα</span> <span class='ocrx_word' id='word_1_389' title='bbox 2655 2605 2954 2659; x_wconf 84' lang='grc' dir='ltr'>τεκτόνων·</span> <span class='ocrx_word' id='word_1_390' title='bbox 3005 2604 3064 2656; x_wconf 79' lang='grc' dir='ltr'><strong>οὐ</strong></span> <span class='ocrx_word' id='word_1_391' title='bbox 3097 2601 3152 2654; x_wconf 79' lang='grc' dir='ltr'>δὲ</span> <span class='ocrx_word' id='word_1_392' title='bbox 3195 2601 3292 2670; x_wconf 78' lang='grc' dir='ltr'>τὴν</span> <span class='ocrx_word' id='word_1_393' title='bbox 3326 2598 3532 2653; x_wconf 77' lang='grc' dir='ltr'>πτῶσιν</span> <span class='ocrx_word' id='word_1_394' title='bbox 3572 2595 3748 2650; x_wconf 71' lang='grc' dir='ltr'>ἔπαθε</span> 
     </span>
    </p>
   </div>
   <div class='ocr_carea' id='block_1_57' title="bbox 2177 2688 3745 2769">
    <p class='ocr_par' dir='ltr' id='par_1_57' title="bbox 2177 2688 3745 2769">
     <span class='ocr_line' id='line_1_57' title="bbox 2177 2688 3745 2769; baseline -0.008 -17"><span class='ocrx_word' id='word_1_395' title='bbox 2177 2698 2316 2752; x_wconf 82' lang='grc' dir='ltr'>κατὰ</span> <span class='ocrx_word' id='word_1_396' title='bbox 2342 2701 2468 2761; x_wconf 81' lang='grc' dir='ltr'>τοὺς</span> <span class='ocrx_word' id='word_1_397' title='bbox 2499 2697 2726 2761; x_wconf 78' lang='grc' dir='ltr'>πολλοὺς</span> <span class='ocrx_word' id='word_1_398' title='bbox 2753 2695 3033 2769; x_wconf 78' lang='grc' dir='ltr'>ἀπρεπῶς.</span> <span class='ocrx_word' id='word_1_399' title='bbox 3070 2696 3145 2749; x_wconf 78' lang='grc' dir='ltr'><strong>Οὐ</strong></span> <span class='ocrx_word' id='word_1_400' title='bbox 3177 2695 3286 2766; x_wconf 78' lang='grc' dir='ltr'><strong>γὰρ</strong></span> <span class='ocrx_word' id='word_1_401' title='bbox 3317 2693 3526 2766; x_wconf 82' lang='grc' dir='ltr'>πρηνὴς</span> <span class='ocrx_word' id='word_1_402' title='bbox 3549 2688 3745 2754; x_wconf 78' lang='grc' dir='ltr'>ἐξετά-</span> 
     </span>
    </p>
   </div>
   <div class='ocr_carea' id='block_1_58' title="bbox 2177 2781 3757 2861">
    <p class='ocr_par' dir='ltr' id='par_1_58' title="bbox 2177 2781 3757 2861">
     <span class='ocr_line' id='line_1_58' title="bbox 2177 2781 3757 2861; baseline -0.008 -18"><span class='ocrx_word' id='word_1_403' title='bbox 2177 2789 2270 2861; x_wconf 81' lang='grc' dir='ltr'><strong>θη,</strong></span> <span class='ocrx_word' id='word_1_404' title='bbox 2297 2789 2418 2842; x_wconf 79' lang='grc' dir='ltr'>οὐδὲ</span> <span class='ocrx_word' id='word_1_405' title='bbox 2450 2790 2544 2841; x_wconf 73' lang='grc' dir='ltr'><strong>ἐπὶ</strong></span> <span class='ocrx_word' id='word_1_406' title='bbox 2572 2788 2802 2858; x_wconf 75' lang='grc' dir='ltr'>πλάγιον</span> <span class='ocrx_word' id='word_1_407' title='bbox 2832 2786 3160 2859; x_wconf 81' lang='grc' dir='ltr'>κατηνέχθη,</span> <span class='ocrx_word' id='word_1_408' title='bbox 3191 2786 3311 2838; x_wconf 78' lang='grc' dir='ltr'>οὐδὲ</span> <span class='ocrx_word' id='word_1_409' title='bbox 3346 2787 3426 2849; x_wconf 82' lang='grc' dir='ltr'>εἰς</span> <span class='ocrx_word' id='word_1_410' title='bbox 3452 2783 3512 2835; x_wconf 78' lang='grc' dir='ltr'>τὸ</span> <span class='ocrx_word' id='word_1_411' title='bbox 3556 2781 3757 2834; x_wconf 78' lang='grc' dir='ltr'>ὕπτιον</span> 
     </span>
    </p>
   </div>
   <div class='ocr_carea' id='block_1_59' title="bbox 2178 2872 3750 2951">
    <p class='ocr_par' dir='ltr' id='par_1_59' title="bbox 2178 2872 3750 2951">
     <span class='ocr_line' id='line_1_59' title="bbox 2178 2872 3750 2951; baseline -0.006 -18"><span class='ocrx_word' id='word_1_412' title='bbox 2178 2879 2429 2951; x_wconf 83' lang='grc' dir='ltr'>ἀνεκλίθη</span> <span class='ocrx_word' id='word_1_413' title='bbox 2469 2879 2673 2950; x_wconf 84' lang='grc' dir='ltr'>σχῆμα·</span> <span class='ocrx_word' id='word_1_414' title='bbox 2711 2878 2851 2932; x_wconf 88' lang='grc' dir='ltr'><strong>ἀλλά</strong></span> <span class='ocrx_word' id='word_1_415' title='bbox 2883 2878 2994 2942; x_wconf 70' lang='grc' dir='ltr'>θεὶς</span> <span class='ocrx_word' id='word_1_416' title='bbox 3026 2877 3095 2931; x_wconf 79' lang='grc' dir='ltr'>τὰ</span> <span class='ocrx_word' id='word_1_417' title='bbox 3125 2877 3326 2945; x_wconf 84' lang='grc' dir='ltr'>γόνατα</span> <span class='ocrx_word' id='word_1_418' title='bbox 3356 2876 3413 2928; x_wconf 80' lang='grc' dir='ltr'>ὲν</span> <span class='ocrx_word' id='word_1_419' title='bbox 3439 2873 3518 2944; x_wconf 85' lang='grc' dir='ltr'>τῷ</span> <span class='ocrx_word' id='word_1_420' title='bbox 3546 2872 3750 2944; x_wconf 79' lang='grc' dir='ltr'>εὐπρε-</span> 
     </span>
    </p>
   </div>
   <div class='ocr_carea' id='block_1_60' title="bbox 2180 2967 3759 3043">
    <p class='ocr_par' dir='ltr' id='par_1_60' title="bbox 2180 2967 3759 3043">
     <span class='ocr_line' id='line_1_60' title="bbox 2180 2967 3759 3043; baseline -0.004 -18"><span class='ocrx_word' id='word_1_421' title='bbox 2180 2975 2272 3025; x_wconf 81' lang='grc' dir='ltr'><strong>πεῖ</strong></span> <span class='ocrx_word' id='word_1_422' title='bbox 2303 2970 2393 3024; x_wconf 79' lang='grc' dir='ltr'>τοῦ</span> <span class='ocrx_word' id='word_1_423' title='bbox 2428 2972 2720 3043; x_wconf 76' lang='grc' dir='ltr'>εὐχομένου</span> <span class='ocrx_word' id='word_1_424' title='bbox 2762 2971 3020 3041; x_wconf 85' lang='grc' dir='ltr'>σχήματι,</span> <span class='ocrx_word' id='word_1_425' title='bbox 3055 2969 3365 3033; x_wconf 81' lang='grc' dir='ltr'>κατέλυσεν,</span> <span class='ocrx_word' id='word_1_426' title='bbox 3406 2967 3759 3036; x_wconf 69' lang='grc' dir='ltr'>ἐπιταχύνων</span> 
     </span>
    </p>
   </div>
   <div class='ocr_carea' id='block_1_61' title="bbox 2177 3057 3754 3136">
    <p class='ocr_par' dir='ltr' id='par_1_61' title="bbox 2177 3057 3754 3136">
     <span class='ocr_line' id='line_1_61' title="bbox 2177 3057 3754 3136; baseline -0.003 -21"><span class='ocrx_word' id='word_1_427' title='bbox 2177 3067 2247 3136; x_wconf 68' lang='grc' dir='ltr'>τῇ</span> <span class='ocrx_word' id='word_1_428' title='bbox 2273 3064 2416 3134; x_wconf 74' lang='grc' dir='ltr'>ψυχῇ</span> <span class='ocrx_word' id='word_1_429' title='bbox 2450 3065 2540 3117; x_wconf 80' lang='grc' dir='ltr'><strong>διὰ</strong></span> <span class='ocrx_word' id='word_1_430' title='bbox 2578 3064 2675 3132; x_wconf 81' lang='grc' dir='ltr'>τῆς</span> <span class='ocrx_word' id='word_1_431' title='bbox 2722 3062 3025 3134; x_wconf 78' lang='grc' dir='ltr'>προσευχῆς</span> <span class='ocrx_word' id='word_1_432' title='bbox 3066 3061 3156 3114; x_wconf 75' lang='grc' dir='ltr'><strong>τὸν</strong></span> <span class='ocrx_word' id='word_1_433' title='bbox 3212 3059 3311 3130; x_wconf 67' lang='grc' dir='ltr'>τῆς</span> <span class='ocrx_word' id='word_1_434' title='bbox 3354 3057 3548 3130; x_wconf 73' lang='grc' dir='ltr'>σαρκὸς</span> <span class='ocrx_word' id='word_1_435' title='bbox 3584 3076 3754 3129; x_wconf 85' lang='grc' dir='ltr'>χωρι-</span> 
     </span>
    </p>
   </div>
   <div class='ocr_carea' id='block_1_62' title="bbox 514 3148 2080 3251">
    <p class='ocr_par' dir='ltr' id='par_1_62' title="bbox 514 3149 2076 3220">
     <span class='ocr_line' id='line_1_62' title="bbox 514 3149 2076 3220; baseline 0.003 -19"><span class='ocrx_word' id='word_1_436' title='bbox 514 3149 724 3204; x_wconf 86' lang='lat' dir='ltr'><strong>tissime</strong></span> <span class='ocrx_word' id='word_1_437' title='bbox 770 3150 1001 3204; x_wconf 81' lang='lat' dir='ltr'><strong>animam</strong></span> <span class='ocrx_word' id='word_1_438' title='bbox 1052 3165 1083 3203; x_wconf 82' lang='lat' dir='ltr'><strong>a</strong></span> <span class='ocrx_word' id='word_1_439' title='bbox 1127 3165 1290 3204; x_wconf 85' lang='lat' dir='ltr'><strong>carne</strong></span> <span class='ocrx_word' id='word_1_440' title='bbox 1320 3149 1590 3219; x_wconf 86' lang='lat' dir='ltr'><strong>separari,</strong></span> <span class='ocrx_word' id='word_1_441' title='bbox 1631 3161 1790 3220; x_wconf 85' lang='lat' dir='ltr'><strong>atque</strong></span> <span class='ocrx_word' id='word_1_442' title='bbox 1817 3150 1882 3204; x_wconf 89' lang='lat' dir='ltr'><strong>ad</strong></span> <span class='ocrx_word' id='word_1_443' title='bbox 1916 3166 2076 3215; x_wconf 82' lang='lat' dir='ltr'><strong>eum,</strong></span> 
     </span>
    </p>
   </div>
   <div class='ocr_carea' id='block_1_63' title="bbox 2181 3148 3757 3251">
    <p class='ocr_par' dir='ltr' id='par_1_63' title="bbox 2182 3148 3757 3223">
     <span class='ocr_line' id='line_1_63' title="bbox 2182 3148 3757 3223; baseline -0.003 -18"><span class='ocrx_word' id='word_1_444' title='bbox 2182 3151 2336 3222; x_wconf 76' lang='grc' dir='ltr'>σμδν,</span> <span class='ocrx_word' id='word_1_445' title='bbox 2371 3152 2464 3205; x_wconf 74' lang='grc' dir='ltr'><strong>καὶ</strong></span> <span class='ocrx_word' id='word_1_446' title='bbox 2497 3151 2713 3223; x_wconf 79' lang='grc' dir='ltr'>κράζων</span> <span class='ocrx_word' id='word_1_447' title='bbox 2749 3150 2885 3221; x_wconf 76' lang='grc' dir='ltr'>πρὸς</span> <span class='ocrx_word' id='word_1_448' title='bbox 2910 3150 3002 3203; x_wconf 79' lang='grc' dir='ltr'><strong>τὸν</strong></span> <span class='ocrx_word' id='word_1_449' title='bbox 3028 3150 3299 3220; x_wconf 78' lang='grc' dir='ltr'>ὁρώμενον</span> <span class='ocrx_word' id='word_1_450' title='bbox 3324 3148 3545 3218; x_wconf 84' lang='grc' dir='ltr'>Κύριον·</span> <span class='ocrx_word' id='word_1_451' title='bbox 3574 3148 3757 3215; x_wconf 71' lang='grc' dir='ltr'>Κύριε</span> 
     </span>
    </p>
   </div>
   <div class='ocr_carea' id='block_1_64' title="bbox 515 3239 2075 3308">
    <p class='ocr_par' dir='ltr' id='par_1_64' title="bbox 515 3239 2075 3308">
     <span class='ocr_line' id='line_1_64' title="bbox 515 3239 2075 3308; baseline 0.003 -18"><span class='ocrx_word' id='word_1_452' title='bbox 515 3255 675 3308; x_wconf 84' lang='lat' dir='ltr'><strong>quem</strong></span> <span class='ocrx_word' id='word_1_453' title='bbox 708 3241 1082 3302; x_wconf 85' lang='lat' dir='ltr'><strong>contuebatur,</strong></span> <span class='ocrx_word' id='word_1_454' title='bbox 1114 3241 1354 3295; x_wconf 82' lang='lat' dir='ltr'><strong>clamans</strong></span> <span class='ocrx_word' id='word_1_455' title='bbox 1389 3258 1403 3294; x_wconf 91' lang='lat'><strong>:</strong></span> <span class='ocrx_word' id='word_1_456' title='bbox 1443 3239 1659 3295; x_wconf 81' lang='lat' dir='ltr'><strong>Domine</strong></span> <span class='ocrx_word' id='word_1_457' title='bbox 1694 3241 1820 3294; x_wconf 82' lang='lat' dir='ltr'><strong>Jesu</strong></span> <span class='ocrx_word' id='word_1_458' title='bbox 1851 3239 2075 3307; x_wconf 72' lang='lat' dir='ltr'><strong>Christe,</strong></span> 
     </span>
    </p>
   </div>
   <div class='ocr_carea' id='block_1_65' title="bbox 496 3332 2076 3402">
    <p class='ocr_par' dir='ltr' id='par_1_65' title="bbox 496 3332 2076 3402">
     <span class='ocr_line' id='line_1_65' title="bbox 496 3332 2076 3402; baseline -0.001 -16"><span class='ocrx_word' id='word_1_459' title='bbox 496 3333 720 3402; x_wconf 71' lang='lat' dir='ltr'><strong>suscipe</strong></span> <span class='ocrx_word' id='word_1_460' title='bbox 769 3333 1008 3397; x_wconf 78' lang='lat' dir='ltr'><strong>spiritum</strong></span> <span class='ocrx_word' id='word_1_461' title='bbox 1046 3349 1239 3385; x_wconf 65' lang='lat' dir='ltr'><strong>meum.</strong></span> <span class='ocrx_word' id='word_1_462' title='bbox 1277 3332 1522 3387; x_wconf 73' lang='lat' dir='ltr'><strong>Festinus</strong></span> <span class='ocrx_word' id='word_1_463' title='bbox 1556 3347 1785 3400; x_wconf 88' lang='lat' dir='ltr'><strong>namque</strong></span> <span class='ocrx_word' id='word_1_464' title='bbox 1822 3333 1886 3385; x_wconf 90' lang='lat' dir='ltr'><strong>ad</strong></span> <span class='ocrx_word' id='word_1_465' title='bbox 1918 3349 2076 3386; x_wconf 88' lang='lat' dir='ltr'><strong>unam</strong></span> 
     </span>
    </p>
   </div>
   <div class='ocr_carea' id='block_1_66' title="bbox 514 3423 2082 3495">
    <p class='ocr_par' dir='ltr' id='par_1_66' title="bbox 514 3423 2082 3495">
     <span class='ocr_line' id='line_1_66' title="bbox 514 3423 2082 3495; baseline 0.002 -19"><span class='ocrx_word' id='word_1_466' title='bbox 514 3424 660 3477; x_wconf 74' lang='lat' dir='ltr'><strong>velut</strong></span> <span class='ocrx_word' id='word_1_467' title='bbox 700 3424 965 3477; x_wconf 80' lang='lat' dir='ltr'><strong>coloniam</strong></span> <span class='ocrx_word' id='word_1_468' title='bbox 994 3423 1071 3477; x_wconf 90' lang='lat' dir='ltr'><strong>ire</strong></span> <span class='ocrx_word' id='word_1_469' title='bbox 1125 3425 1477 3493; x_wconf 83' lang='lat' dir='ltr'><strong>properabat,</strong></span> <span class='ocrx_word' id='word_1_470' title='bbox 1520 3434 1577 3476; x_wconf 92' lang='lat' dir='ltr'><strong>ut</strong></span> <span class='ocrx_word' id='word_1_471' title='bbox 1621 3439 1651 3477; x_wconf 90' lang='lat' dir='ltr'><strong>e</strong></span> <span class='ocrx_word' id='word_1_472' title='bbox 1688 3426 1970 3495; x_wconf 71' lang='lat' dir='ltr'><strong>peregrino</strong></span> <span class='ocrx_word' id='word_1_473' title='bbox 2013 3426 2082 3479; x_wconf 85' lang='lat' dir='ltr'><strong>ad</strong></span> 
     </span>
    </p>
   </div>
   <div class='ocr_carea' id='block_1_67' title="bbox 516 3512 2080 3583">
    <p class='ocr_par' dir='ltr' id='par_1_67' title="bbox 516 3512 2080 3583">
     <span class='ocr_line' id='line_1_67' title="bbox 516 3512 2080 3583; baseline 0.002 -19"><span class='ocrx_word' id='word_1_474' title='bbox 516 3514 747 3582; x_wconf 87' lang='lat' dir='ltr'><strong>patrium</strong></span> <span class='ocrx_word' id='word_1_475' title='bbox 779 3512 987 3577; x_wconf 82' lang='lat' dir='ltr'><strong>solum,</strong></span> <span class='ocrx_word' id='word_1_476' title='bbox 1031 3516 1095 3564; x_wconf 91' lang='lat' dir='ltr'><strong>ad</strong></span> <span class='ocrx_word' id='word_1_477' title='bbox 1128 3513 1385 3566; x_wconf 85' lang='lat' dir='ltr'><strong>illustrem</strong></span> <span class='ocrx_word' id='word_1_478' title='bbox 1429 3515 1845 3583; x_wconf 58' lang='lat' dir='ltr'><strong>praeclaramque</strong></span> <span class='ocrx_word' id='word_1_479' title='bbox 1887 3515 2080 3568; x_wconf 79' lang='lat' dir='ltr'><strong>civita-</strong></span> 
     </span>
    </p>
   </div>
   <div class='ocr_carea' id='block_1_68' title="bbox 518 3601 2079 3670">
    <p class='ocr_par' dir='ltr' id='par_1_68' title="bbox 518 3601 2079 3670">
     <span class='ocr_line' id='line_1_68' title="bbox 518 3601 2079 3670; baseline 0.003 -17"><span class='ocrx_word' id='word_1_480' title='bbox 518 3611 626 3654; x_wconf 80' lang='lat' dir='ltr'><strong>tem</strong></span> <span class='ocrx_word' id='word_1_481' title='bbox 665 3615 697 3653; x_wconf 88' lang='lat' dir='ltr'><strong>e</strong></span> <span class='ocrx_word' id='word_1_482' title='bbox 751 3612 889 3653; x_wconf 86' lang='lat' dir='ltr'><strong>terra</strong></span> <span class='ocrx_word' id='word_1_483' title='bbox 920 3601 1176 3666; x_wconf 80' lang='lat' dir='ltr'><strong>deserta,</strong></span> <span class='ocrx_word' id='word_1_484' title='bbox 1216 3611 1457 3670; x_wconf 62' lang='lat' dir='ltr'><strong>aestuque</strong></span> <span class='ocrx_word' id='word_1_485' title='bbox 1506 3603 1674 3666; x_wconf 87' lang='lat' dir='ltr'><strong>arida,</strong></span> <span class='ocrx_word' id='word_1_486' title='bbox 1726 3620 1789 3655; x_wconf 84' lang='lat' dir='ltr'><strong>ac</strong></span> <span class='ocrx_word' id='word_1_487' title='bbox 1838 3603 2079 3658; x_wconf 76' lang='lat' dir='ltr'><strong>horribili</strong></span> 
     </span>
    </p>
   </div>
   <div class='ocr_carea' id='block_1_69' title="bbox 524 3688 2081 3757">
    <p class='ocr_par' dir='ltr' id='par_1_69' title="bbox 524 3688 2081 3757">
     <span class='ocr_line' id='line_1_69' title="bbox 524 3688 2081 3757; baseline 0.002 -14"><span class='ocrx_word' id='word_1_488' title='bbox 524 3689 774 3757; x_wconf 87' lang='lat' dir='ltr'><strong>squalore</strong></span> <span class='ocrx_word' id='word_1_489' title='bbox 834 3688 1005 3743; x_wconf 83' lang='lat' dir='ltr'><strong>obsita</strong></span> <span class='ocrx_word' id='word_1_490' title='bbox 1058 3690 1435 3743; x_wconf 79' lang='lat' dir='ltr'><strong>contendebat.</strong></span> <span class='ocrx_word' id='word_1_491' title='bbox 1484 3690 1855 3746; x_wconf 83' lang='lat' dir='ltr'><strong>Obsecrationi</strong></span> <span class='ocrx_word' id='word_1_492' title='bbox 1905 3704 2081 3746; x_wconf 87' lang='lat' dir='ltr'><strong>autem</strong></span> 
     </span>
    </p>
   </div>
   <div class='ocr_carea' id='block_1_70' title="bbox 517 3780 2086 3850">
    <p class='ocr_par' dir='ltr' id='par_1_70' title="bbox 517 3780 2086 3850">
     <span class='ocr_line' id='line_1_70' title="bbox 517 3780 2086 3850; baseline 0.001 -15"><span class='ocrx_word' id='word_1_493' title='bbox 517 3783 682 3836; x_wconf 85' lang='lat' dir='ltr'><strong>etiam</strong></span> <span class='ocrx_word' id='word_1_494' title='bbox 714 3780 1011 3834; x_wconf 83' lang='lat' dir='ltr'><strong>orationem</strong></span> <span class='ocrx_word' id='word_1_495' title='bbox 1047 3797 1142 3849; x_wconf 91' lang='lat' dir='ltr'><strong>pro</strong></span> <span class='ocrx_word' id='word_1_496' title='bbox 1178 3781 1610 3849; x_wconf 81' lang='lat' dir='ltr'><strong>persecutoribus</strong></span> <span class='ocrx_word' id='word_1_497' title='bbox 1643 3782 1869 3837; x_wconf 87' lang='lat' dir='ltr'><strong>addidit.</strong></span> <span class='ocrx_word' id='word_1_498' title='bbox 1902 3784 2086 3850; x_wconf 87' lang='lat' dir='ltr'><strong>Quan-</strong></span> 
     </span>
    </p>
   </div>
   <div class='ocr_carea' id='block_1_71' title="bbox 518 3871 2083 3944">
    <p class='ocr_par' dir='ltr' id='par_1_71' title="bbox 518 3871 2083 3944">
     <span class='ocr_line' id='line_1_71' title="bbox 518 3871 2083 3944; baseline 0.006 -24"><span class='ocrx_word' id='word_1_499' title='bbox 518 3886 678 3941; x_wconf 85' lang='lat' dir='ltr'><strong>quam</strong></span> <span class='ocrx_word' id='word_1_500' title='bbox 722 3871 864 3925; x_wconf 80' lang='lat' dir='ltr'><strong>enim</strong></span> <span class='ocrx_word' id='word_1_501' title='bbox 911 3871 1094 3936; x_wconf 82' lang='lat' dir='ltr'><strong>inviti,</strong></span> <span class='ocrx_word' id='word_1_502' title='bbox 1136 3872 1360 3942; x_wconf 75' lang='lat' dir='ltr'><strong>gratiam</strong></span> <span class='ocrx_word' id='word_1_503' title='bbox 1402 3874 1762 3940; x_wconf 60' lang='lat' dir='ltr'><strong>priestabant;</strong></span> <span class='ocrx_word' id='word_1_504' title='bbox 1793 3873 2083 3944; x_wconf 88' lang='lat' dir='ltr'><strong>lapidibus-</strong></span> 
     </span>
    </p>
   </div>
   <div class='ocr_carea' id='block_1_72' title="bbox 520 3965 2860 4041">
    <p class='ocr_par' dir='ltr' id='par_1_72' title="bbox 520 3965 2860 4041">
     <span class='ocr_line' id='line_1_72' title="bbox 520 3965 2860 4041; baseline 0.002 -19"><span class='ocrx_word' id='word_1_505' title='bbox 520 3983 630 4035; x_wconf 86' lang='lat' dir='ltr'><strong>que</strong></span> <span class='ocrx_word' id='word_1_506' title='bbox 658 3967 984 4033; x_wconf 82' lang='lat' dir='ltr'><strong>obrueutes,</strong></span> <span class='ocrx_word' id='word_1_507' title='bbox 1025 3965 1215 4020; x_wconf 84' lang='lat' dir='ltr'><strong>salutis</strong></span> <span class='ocrx_word' id='word_1_508' title='bbox 1248 3976 1499 4022; x_wconf 85' lang='lat' dir='ltr'><strong>auctores</strong></span> <span class='ocrx_word' id='word_1_509' title='bbox 1533 3977 1724 4035; x_wconf 87' lang='lat' dir='ltr'><strong>erant;</strong></span> <span class='ocrx_word' id='word_1_510' title='bbox 1753 3983 1816 4024; x_wconf 88' lang='lat' dir='ltr'><strong>ac</strong></span> <span class='ocrx_word' id='word_1_511' title='bbox 1875 3969 2238 4041; x_wconf 82' lang='lat' dir='ltr'><strong>perimentes,</strong></span> <span class='ocrx_word' id='word_1_512' title='bbox 2277 3977 2440 4029; x_wconf 83' lang='lat' dir='ltr'><strong>vitam</strong></span> <span class='ocrx_word' id='word_1_513' title='bbox 2499 3974 2860 4028; x_wconf 79' lang='lat' dir='ltr'><strong>conciliabant</strong></span> 
     </span>
    </p>
   </div>
   <div class='ocr_carea' id='block_1_73' title="bbox 521 4061 1310 4132">
    <p class='ocr_par' dir='ltr' id='par_1_73' title="bbox 521 4061 1310 4132">
     <span class='ocr_line' id='line_1_73' title="bbox 521 4061 1310 4132; baseline 0 -16"><span class='ocrx_word' id='word_1_514' title='bbox 521 4064 588 4116; x_wconf 83' lang='lat' dir='ltr'><strong>ad</strong></span> <span class='ocrx_word' id='word_1_515' title='bbox 612 4077 830 4132; x_wconf 82' lang='lat' dir='ltr'><strong>regnum</strong></span> <span class='ocrx_word' id='word_1_516' title='bbox 857 4061 1310 4116; x_wconf 85' lang='lat' dir='ltr'><strong>transmittebant.</strong></span> 
     </span>
    </p>
   </div>
   <div class='ocr_carea' id='block_1_74' title="bbox 591 4154 2085 4226">
    <p class='ocr_par' dir='ltr' id='par_1_74' title="bbox 591 4154 2085 4226">
     <span class='ocr_line' id='line_1_74' title="bbox 591 4154 2085 4226; baseline 0.003 -17"><span class='ocrx_word' id='word_1_517' title='bbox 591 4154 740 4210; x_wconf 81' lang='lat' dir='ltr'><strong>lianc</strong></span> <span class='ocrx_word' id='word_1_518' title='bbox 784 4169 1000 4225; x_wconf 88' lang='lat' dir='ltr'><strong>quoque</strong></span> <span class='ocrx_word' id='word_1_519' title='bbox 1042 4168 1171 4226; x_wconf 78' lang='lat' dir='ltr'><strong>ergo</strong></span> <span class='ocrx_word' id='word_1_520' title='bbox 1209 4154 1472 4210; x_wconf 83' lang='lat' dir='ltr'><strong>orationis</strong></span> <span class='ocrx_word' id='word_1_521' title='bbox 1512 4154 1798 4211; x_wconf 86' lang='lat' dir='ltr'><strong>dictionem</strong></span> <span class='ocrx_word' id='word_1_522' title='bbox 1850 4169 2085 4214; x_wconf 87' lang='lat' dir='ltr'><strong>contem-</strong></span> 
     </span>
    </p>
   </div>
   <div class='ocr_carea' id='block_1_75' title="bbox 517 4245 2078 4319">
    <p class='ocr_par' dir='ltr' id='par_1_75' title="bbox 517 4245 2078 4319">
     <span class='ocr_line' id='line_1_75' title="bbox 517 4245 2078 4319; baseline 0.003 -20"><span class='ocrx_word' id='word_1_523' title='bbox 517 4248 745 4319; x_wconf 84' lang='lat' dir='ltr'><strong>plemur,</strong></span> <span class='ocrx_word' id='word_1_524' title='bbox 772 4245 824 4299; x_wconf 90' lang='lat' dir='ltr'><strong>in</strong></span> <span class='ocrx_word' id='word_1_525' title='bbox 848 4260 1006 4314; x_wconf 90' lang='lat' dir='ltr'><strong>quem</strong></span> <span class='ocrx_word' id='word_1_526' title='bbox 1032 4246 1282 4300; x_wconf 88' lang='lat' dir='ltr'><strong>nimirum</strong></span> <span class='ocrx_word' id='word_1_527' title='bbox 1304 4246 1537 4301; x_wconf 90' lang='lat' dir='ltr'><strong>collimet</strong></span> <span class='ocrx_word' id='word_1_528' title='bbox 1558 4261 1776 4317; x_wconf 86' lang='lat' dir='ltr'><strong>scopum</strong></span> <span class='ocrx_word' id='word_1_529' title='bbox 1799 4266 1813 4302; x_wconf 89' lang='lat'><strong>:</strong></span> <span class='ocrx_word' id='word_1_530' title='bbox 1839 4248 2078 4319; x_wconf 80' lang='lat' dir='ltr'><strong>Domine,</strong></span> 
     </span>
    </p>
   </div>
   <div class='ocr_carea' id='block_1_76' title="bbox 519 4338 2081 4411">
    <p class='ocr_par' dir='ltr' id='par_1_76' title="bbox 519 4338 2081 4411">
     <span class='ocr_line' id='line_1_76' title="bbox 519 4338 2081 4411; baseline 0.003 -20"><span class='ocrx_word' id='word_1_531' title='bbox 519 4356 580 4393; x_wconf 85' lang='lat' dir='ltr'><strong>ne</strong></span> <span class='ocrx_word' id='word_1_532' title='bbox 604 4349 810 4394; x_wconf 82' lang='lat' dir='ltr'><strong>statuas</strong></span> <span class='ocrx_word' id='word_1_533' title='bbox 849 4340 956 4393; x_wconf 86' lang='lat' dir='ltr'><strong>illis</strong></span> <span class='ocrx_word' id='word_1_534' title='bbox 995 4339 1091 4394; x_wconf 84' lang='lat' dir='ltr'><strong>hoc</strong></span> <span class='ocrx_word' id='word_1_535' title='bbox 1114 4350 1409 4410; x_wconf 77' lang='lat' dir='ltr'><strong>peccatum.</strong></span> <span class='ocrx_word' id='word_1_536' title='bbox 1453 4338 1569 4395; x_wconf 84' lang='lat' dir='ltr'><strong>Non</strong></span> <span class='ocrx_word' id='word_1_537' title='bbox 1596 4351 1749 4407; x_wconf 86' lang='lat' dir='ltr'><strong>orat,</strong></span> <span class='ocrx_word' id='word_1_538' title='bbox 1780 4352 1837 4395; x_wconf 89' lang='grc' dir='ltr'><strong>ιιι</strong></span> <span class='ocrx_word' id='word_1_539' title='bbox 1865 4343 2081 4411; x_wconf 79' lang='lat' dir='ltr'><strong>quidam</strong></span> 
     </span>
    </p>
   </div>
   <div class='ocr_carea' id='block_1_77' title="bbox 521 4432 2084 4502">
    <p class='ocr_par' dir='ltr' id='par_1_77' title="bbox 521 4432 2084 4502">
     <span class='ocr_line' id='line_1_77' title="bbox 521 4432 2084 4502; baseline -0.001 -17"><span class='ocrx_word' id='word_1_540' title='bbox 521 4446 802 4502; x_wconf 80' lang='lat' dir='ltr'><strong>perperam</strong></span> <span class='ocrx_word' id='word_1_541' title='bbox 841 4434 1228 4486; x_wconf 83' lang='lat' dir='ltr'><strong>ratiocinantes</strong></span> <span class='ocrx_word' id='word_1_542' title='bbox 1256 4441 1558 4494; x_wconf 84' lang='lat' dir='ltr'><strong>autumant,</strong></span> <span class='ocrx_word' id='word_1_543' title='bbox 1594 4442 1875 4499; x_wconf 81' lang='lat' dir='ltr'><strong>peceatum</strong></span> <span class='ocrx_word' id='word_1_544' title='bbox 1905 4432 2084 4485; x_wconf 83' lang='lat' dir='ltr'><strong>inimi-</strong></span> 
     </span>
    </p>
   </div>
   <div class='ocr_carea' id='block_1_78' title="bbox 517 4521 2075 4591">
    <p class='ocr_par' dir='ltr' id='par_1_78' title="bbox 517 4521 2075 4591">
     <span class='ocr_line' id='line_1_78' title="bbox 517 4521 2075 4591; baseline 0 -16"><span class='ocrx_word' id='word_1_545' title='bbox 517 4539 704 4577; x_wconf 65' lang='lat' dir='ltr'><strong>eorum</strong></span> <span class='ocrx_word' id='word_1_546' title='bbox 732 4523 964 4576; x_wconf 88' lang='lat' dir='ltr'><strong>inultum</strong></span> <span class='ocrx_word' id='word_1_547' title='bbox 1008 4538 1073 4576; x_wconf 87' lang='lat' dir='ltr'><strong>ac</strong></span> <span class='ocrx_word' id='word_1_548' title='bbox 1115 4523 1432 4588; x_wconf 89' lang='lat' dir='ltr'><strong>impunitum</strong></span> <span class='ocrx_word' id='word_1_549' title='bbox 1471 4522 1564 4587; x_wconf 90' lang='lat' dir='ltr'><strong>iri,</strong></span> <span class='ocrx_word' id='word_1_550' title='bbox 1613 4521 1851 4591; x_wconf 85' lang='lat' dir='ltr'><strong>nullique</strong></span> <span class='ocrx_word' id='word_1_551' title='bbox 1881 4521 2075 4575; x_wconf 85' lang='lat' dir='ltr'><strong>rationi</strong></span> 
     </span>
    </p>
   </div>
   <div class='ocr_carea' id='block_1_79' title="bbox 2195 3236 3757 3311">
    <p class='ocr_par' dir='ltr' id='par_1_79' title="bbox 2195 3236 3757 3311">
     <span class='ocr_line' id='line_1_79' title="bbox 2195 3236 3757 3311; baseline -0.006 -13"><span class='ocrx_word' id='word_1_552' title='bbox 2195 3241 2387 3311; x_wconf 84' lang='grc' dir='ltr'>Ἰησοῦ</span> <span class='ocrx_word' id='word_1_553' title='bbox 2431 3240 2665 3310; x_wconf 82' lang='grc' dir='ltr'>Χριστὲ,</span> <span class='ocrx_word' id='word_1_554' title='bbox 2708 3239 2873 3304; x_wconf 79' lang='grc' dir='ltr'>δέξαι</span> <span class='ocrx_word' id='word_1_555' title='bbox 2918 3239 2984 3292; x_wconf 78' lang='grc' dir='ltr'>τὸ</span> <span class='ocrx_word' id='word_1_556' title='bbox 3034 3236 3268 3306; x_wconf 79' lang='grc' dir='ltr'>πνεῦμά</span> <span class='ocrx_word' id='word_1_557' title='bbox 3307 3254 3446 3307; x_wconf 80' lang='grc' dir='ltr'>μου.</span> <span class='ocrx_word' id='word_1_558' title='bbox 3477 3237 3757 3289; x_wconf 80' lang='grc' dir='ltr'>Ἔσπευσε</span> 
     </span>
    </p>
   </div>
   <div class='ocr_carea' id='block_1_80' title="bbox 2174 3328 3759 3406">
    <p class='ocr_par' dir='ltr' id='par_1_80' title="bbox 2174 3328 3759 3406">
     <span class='ocr_line' id='line_1_80' title="bbox 2174 3328 3759 3406; baseline -0.006 -17"><span class='ocrx_word' id='word_1_559' title='bbox 2174 3336 2282 3406; x_wconf 79' lang='grc' dir='ltr'>γὰρ</span> <span class='ocrx_word' id='word_1_560' title='bbox 2309 3333 2384 3398; x_wconf 86' lang='grc' dir='ltr'>ὡς</span> <span class='ocrx_word' id='word_1_561' title='bbox 2412 3332 2501 3385; x_wconf 78' lang='grc' dir='ltr'><strong>ἐπί</strong></span> <span class='ocrx_word' id='word_1_562' title='bbox 2523 3349 2644 3386; x_wconf 89' lang='grc' dir='ltr'>τινα</span> <span class='ocrx_word' id='word_1_563' title='bbox 2672 3333 2970 3402; x_wconf 69' lang='grc' dir='ltr'><strong>μετοικίαν⁴</strong></span> <span class='ocrx_word' id='word_1_564' title='bbox 2998 3329 3073 3393; x_wconf 82' lang='grc' dir='ltr'>ὡς</span> <span class='ocrx_word' id='word_1_565' title='bbox 3102 3329 3160 3396; x_wconf 77' lang='grc' dir='ltr'>ἐξ</span> <span class='ocrx_word' id='word_1_566' title='bbox 3188 3328 3489 3398; x_wconf 77' lang='grc' dir='ltr'>ἀλλοδαπῆς</span> <span class='ocrx_word' id='word_1_567' title='bbox 3532 3328 3623 3379; x_wconf 79' lang='grc' dir='ltr'><strong>ἐπὶ</strong></span> <span class='ocrx_word' id='word_1_568' title='bbox 3646 3344 3759 3380; x_wconf 66' lang='grc' dir='ltr'>παι-</span> 
     </span>
    </p>
   </div>
   <div class='ocr_carea' id='block_1_81' title="bbox 2174 3417 3755 3499">
    <p class='ocr_par' dir='ltr' id='par_1_81' title="bbox 2174 3417 3755 3499">
     <span class='ocr_line' id='line_1_81' title="bbox 2174 3417 3755 3499; baseline -0.006 -20"><span class='ocrx_word' id='word_1_569' title='bbox 2174 3427 2349 3499; x_wconf 86' lang='grc' dir='ltr'>τρίδα·</span> <span class='ocrx_word' id='word_1_570' title='bbox 2397 3424 2473 3488; x_wconf 86' lang='grc' dir='ltr'><strong>ὡς</strong></span> <span class='ocrx_word' id='word_1_571' title='bbox 2506 3426 2586 3487; x_wconf 83' lang='grc' dir='ltr'><strong>είς</strong></span> <span class='ocrx_word' id='word_1_572' title='bbox 2619 3423 2771 3477; x_wconf 75' lang='grc' dir='ltr'>πόλιν</span> <span class='ocrx_word' id='word_1_573' title='bbox 2809 3421 3064 3495; x_wconf 67' lang='grc' dir='ltr'>λαμπρὰν</span> <span class='ocrx_word' id='word_1_574' title='bbox 3115 3420 3223 3475; x_wconf 87' lang='grc' dir='ltr'><strong>ἀπὺ</strong></span> <span class='ocrx_word' id='word_1_575' title='bbox 3264 3419 3366 3491; x_wconf 80' lang='grc' dir='ltr'>γῆς</span> <span class='ocrx_word' id='word_1_576' title='bbox 3409 3420 3613 3490; x_wconf 81' lang='grc' dir='ltr'>ἐρήμου</span> <span class='ocrx_word' id='word_1_577' title='bbox 3655 3417 3755 3470; x_wconf 77' lang='grc' dir='ltr'><strong>καὶ</strong></span> 
     </span>
    </p>
   </div>
   <div class='ocr_carea' id='block_1_82' title="bbox 2178 3507 3752 3588">
    <p class='ocr_par' dir='ltr' id='par_1_82' title="bbox 2178 3507 3752 3588">
     <span class='ocr_line' id='line_1_82' title="bbox 2178 3507 3752 3588; baseline -0.008 -18"><span class='ocrx_word' id='word_1_578' title='bbox 2178 3517 2485 3588; x_wconf 78' lang='grc' dir='ltr'>αὐχμηρᾶς.</span> <span class='ocrx_word' id='word_1_579' title='bbox 2523 3514 2836 3587; x_wconf 82' lang='grc' dir='ltr'>Προσετίθει</span> <span class='ocrx_word' id='word_1_580' title='bbox 2875 3513 2931 3567; x_wconf 84' lang='grc' dir='ltr'><strong>δὲ</strong></span> <span class='ocrx_word' id='word_1_581' title='bbox 2971 3516 3036 3584; x_wconf 81' lang='grc' dir='ltr'>τῇ</span> <span class='ocrx_word' id='word_1_582' title='bbox 3079 3513 3260 3585; x_wconf 84' lang='grc' dir='ltr'>δεήσει</span> <span class='ocrx_word' id='word_1_583' title='bbox 3315 3512 3406 3564; x_wconf 74' lang='grc' dir='ltr'>καὶ</span> <span class='ocrx_word' id='word_1_584' title='bbox 3450 3510 3549 3578; x_wconf 86' lang='grc' dir='ltr'>τὴν</span> <span class='ocrx_word' id='word_1_585' title='bbox 3609 3507 3752 3578; x_wconf 83' lang='grc' dir='ltr'>ὑπὲρ</span> 
     </span>
    </p>
   </div>
   <div class='ocr_carea' id='block_1_83' title="bbox 2179 3594 3753 3676">
    <p class='ocr_par' dir='ltr' id='par_1_83' title="bbox 2179 3594 3753 3676">
     <span class='ocr_line' id='line_1_83' title="bbox 2179 3594 3753 3676; baseline -0.006 -16"><span class='ocrx_word' id='word_1_586' title='bbox 2179 3607 2285 3660; x_wconf 87' lang='grc' dir='ltr'><strong>τῶν</strong></span> <span class='ocrx_word' id='word_1_587' title='bbox 2316 3604 2644 3669; x_wconf 81' lang='grc' dir='ltr'>λιθαζόντων</span> <span class='ocrx_word' id='word_1_588' title='bbox 2688 3605 2857 3676; x_wconf 82' lang='grc' dir='ltr'>εὐχήν</span> <span class='ocrx_word' id='word_1_589' title='bbox 2882 3604 3015 3674; x_wconf 82' lang='lat'><strong>(58).</strong></span> <span class='ocrx_word' id='word_1_590' title='bbox 3063 3603 3398 3675; x_wconf 84' lang='grc' dir='ltr'>Εὐεργέτουν</span> <span class='ocrx_word' id='word_1_591' title='bbox 3435 3594 3543 3669; x_wconf 79' lang='grc' dir='ltr'>γὰρ</span> <span class='ocrx_word' id='word_1_592' title='bbox 3591 3599 3753 3652; x_wconf 85' lang='grc' dir='ltr'>ἀκον-</span> 
     </span>
    </p>
   </div>
   <div class='ocr_carea' id='block_1_84' title="bbox 2178 3691 3757 3764">
    <p class='ocr_par' dir='ltr' id='par_1_84' title="bbox 2178 3691 3757 3764">
     <span class='ocr_line' id='line_1_84' title="bbox 2178 3691 3757 3764; baseline -0.006 -13"><span class='ocrx_word' id='word_1_593' title='bbox 2178 3714 2292 3764; x_wconf 88' lang='grc' dir='ltr'>τες,</span> <span class='ocrx_word' id='word_1_594' title='bbox 2340 3697 2433 3750; x_wconf 84' lang='grc' dir='ltr'><strong>καί</strong></span> <span class='ocrx_word' id='word_1_595' title='bbox 2473 3694 2782 3759; x_wconf 77' lang='grc' dir='ltr'>λιθάζοντες</span> <span class='ocrx_word' id='word_1_596' title='bbox 2832 3694 3054 3760; x_wconf 75' lang='grc' dir='ltr'>ἔσωζον,</span> <span class='ocrx_word' id='word_1_597' title='bbox 3097 3694 3192 3748; x_wconf 68' lang='grc' dir='ltr'>καὶ</span> <span class='ocrx_word' id='word_1_598' title='bbox 3233 3694 3544 3762; x_wconf 82' lang='grc' dir='ltr'>φονεύοντες</span> <span class='ocrx_word' id='word_1_599' title='bbox 3588 3691 3757 3755; x_wconf 73' lang='grc' dir='ltr'>ἐζωο-</span> 
     </span>
    </p>
   </div>
   <div class='ocr_carea' id='block_1_85' title="bbox 2183 3782 3759 3858">
    <p class='ocr_par' dir='ltr' id='par_1_85' title="bbox 2183 3782 3759 3858">
     <span class='ocr_line' id='line_1_85' title="bbox 2183 3782 3759 3858; baseline -0.004 -17"><span class='ocrx_word' id='word_1_600' title='bbox 2183 3787 2390 3841; x_wconf 86' lang='grc' dir='ltr'>ποίουν·</span> <span class='ocrx_word' id='word_1_601' title='bbox 2428 3789 2521 3840; x_wconf 76' lang='grc' dir='ltr'><strong>καὶ</strong></span> <span class='ocrx_word' id='word_1_602' title='bbox 2564 3785 2657 3839; x_wconf 76' lang='grc' dir='ltr'>τοῦ</span> <span class='ocrx_word' id='word_1_603' title='bbox 2688 3785 2857 3858; x_wconf 78' lang='grc' dir='ltr'>πηλοῦ</span> <span class='ocrx_word' id='word_1_604' title='bbox 2889 3787 3207 3858; x_wconf 76' lang='grc' dir='ltr'>χωρίζοντες</span> <span class='ocrx_word' id='word_1_605' title='bbox 3231 3788 3296 3855; x_wconf 82' lang='grc' dir='ltr'><strong>τῇ</strong></span> <span class='ocrx_word' id='word_1_606' title='bbox 3328 3782 3571 3855; x_wconf 74' lang='grc' dir='ltr'>βασιλεία</span> <span class='ocrx_word' id='word_1_607' title='bbox 3615 3799 3759 3853; x_wconf 84' lang='grc' dir='ltr'>παρ-</span> 
     </span>
    </p>
   </div>
   <div class='ocr_carea' id='block_1_86' title="bbox 2186 3878 2455 3950">
    <p class='ocr_par' dir='ltr' id='par_1_86' title="bbox 2186 3878 2455 3950">
     <span class='ocr_line' id='line_1_86' title="bbox 2186 3878 2455 3950; baseline -0.004 -17"><span class='ocrx_word' id='word_1_608' title='bbox 2186 3878 2283 3933; x_wconf 75' lang='grc' dir='ltr'><strong>έπε</strong></span> <span class='ocrx_word' id='word_1_609' title='bbox 2293 3897 2455 3950; x_wconf 87' lang='grc' dir='ltr'>μπον.</span> 
     </span>
    </p>
   </div>
   <div class='ocr_carea' id='block_1_87' title="bbox 2919 3955 3754 4040">
    <p class='ocr_par' dir='ltr' id='par_1_87' title="bbox 2919 3955 3754 4040">
     <span class='ocr_line' id='line_1_87' title="bbox 2919 3955 3754 4040; baseline -0.011 -13"><span class='ocrx_word' id='word_1_610' title='bbox 2919 3989 2935 4027; x_wconf 89' lang='lat'><strong>:</strong></span> <span class='ocrx_word' id='word_1_611' title='bbox 2986 3982 3149 4040; x_wconf 86' lang='lat' dir='ltr'><strong>atque</strong></span> <span class='ocrx_word' id='word_1_612' title='bbox 3189 3955 3222 4026; x_wconf 73' lang='lat' dir='ltr'><strong>a</strong></span> <span class='ocrx_word' id='word_1_613' title='bbox 3263 3977 3378 4027; x_wconf 77' lang='lat' dir='ltr'><strong>luto</strong></span> <span class='ocrx_word' id='word_1_614' title='bbox 3418 3977 3754 4039; x_wconf 75' lang='lat' dir='ltr'><strong>separantvs,</strong></span> 
     </span>
    </p>
   </div>
   <div class='ocr_carea' id='block_1_88' title="bbox 2254 4147 3761 4227">
    <p class='ocr_par' dir='ltr' id='par_1_88' title="bbox 2254 4147 3761 4227">
     <span class='ocr_line' id='line_1_88' title="bbox 2254 4147 3761 4227; baseline 0.002 -18"><span class='ocrx_word' id='word_1_615' title='bbox 2254 4156 2632 4227; x_wconf 61' lang='grc' dir='ltr'>Θεοῳήσωμεν</span> <span class='ocrx_word' id='word_1_616' title='bbox 2685 4148 2778 4207; x_wconf 78' lang='grc' dir='ltr'><strong>οὖν</strong></span> <span class='ocrx_word' id='word_1_617' title='bbox 2831 4153 2924 4206; x_wconf 74' lang='grc' dir='ltr'><strong>καὶ</strong></span> <span class='ocrx_word' id='word_1_618' title='bbox 2963 4152 3024 4205; x_wconf 81' lang='grc' dir='ltr'><strong>τὸ</strong></span> <span class='ocrx_word' id='word_1_619' title='bbox 3070 4151 3221 4223; x_wconf 78' lang='grc' dir='ltr'>ῥῆμα</span> <span class='ocrx_word' id='word_1_620' title='bbox 3268 4150 3369 4220; x_wconf 81' lang='grc' dir='ltr'>τῆς</span> <span class='ocrx_word' id='word_1_621' title='bbox 3428 4147 3761 4219; x_wconf 61' lang='grc' dir='ltr'>προσευχῆς.</span> 
     </span>
    </p>
   </div>
   <div class='ocr_carea' id='block_1_89' title="bbox 2188 4240 3761 4321">
    <p class='ocr_par' dir='ltr' id='par_1_89' title="bbox 2188 4240 3761 4321">
     <span class='ocr_line' id='line_1_89' title="bbox 2188 4240 3761 4321; baseline -0.006 -19"><span class='ocrx_word' id='word_1_622' title='bbox 2188 4250 2324 4321; x_wconf 83' lang='grc' dir='ltr'>πρὸς</span> <span class='ocrx_word' id='word_1_623' title='bbox 2356 4242 2467 4301; x_wconf 71' lang='grc' dir='ltr'>οἷον</span> <span class='ocrx_word' id='word_1_624' title='bbox 2497 4246 2651 4319; x_wconf 87' lang='grc' dir='ltr'>φέρει</span> <span class='ocrx_word' id='word_1_625' title='bbox 2672 4246 2908 4319; x_wconf 75' lang='grc' dir='ltr'>σκοπὸν,</span> <span class='ocrx_word' id='word_1_626' title='bbox 2937 4243 3018 4308; x_wconf 80' lang='grc' dir='ltr'><strong>τὸ,</strong></span> <span class='ocrx_word' id='word_1_627' title='bbox 3050 4245 3244 4311; x_wconf 72' lang='grc' dir='ltr'>Κύριε.</span> <span class='ocrx_word' id='word_1_628' title='bbox 3263 4241 3350 4310; x_wconf 83' lang='grc' dir='ltr'>μὴ</span> <span class='ocrx_word' id='word_1_629' title='bbox 3383 4240 3622 4307; x_wconf 77' lang='grc' dir='ltr'>στήσῃς</span> <span class='ocrx_word' id='word_1_630' title='bbox 3650 4242 3761 4293; x_wconf 83' lang='grc' dir='ltr'><strong>αὺ-</strong></span> 
     </span>
    </p>
   </div>
   <div class='ocr_carea' id='block_1_90' title="bbox 2187 4321 3761 4407">
    <p class='ocr_par' dir='ltr' id='par_1_90' title="bbox 2187 4321 3761 4407">
     <span class='ocr_line' id='line_1_90' title="bbox 2187 4321 3761 4407; baseline -0.008 -13"><span class='ocrx_word' id='word_1_631' title='bbox 2187 4340 2311 4406; x_wconf 80' lang='grc' dir='ltr'>τοῖς</span> <span class='ocrx_word' id='word_1_632' title='bbox 2344 4338 2459 4406; x_wconf 77' lang='grc' dir='ltr'>τὴν</span> <span class='ocrx_word' id='word_1_633' title='bbox 2484 4321 2776 4407; x_wconf 60' lang='grc' dir='ltr'>ἁμαρτίαν</span> <span class='ocrx_word' id='word_1_634' title='bbox 2799 4337 3042 4402; x_wconf 74' lang='grc' dir='ltr'>ταύτην.</span> <span class='ocrx_word' id='word_1_635' title='bbox 3075 4335 3148 4387; x_wconf 84' lang='grc' dir='ltr'><strong>Οὐ</strong></span> <span class='ocrx_word' id='word_1_636' title='bbox 3178 4334 3305 4403; x_wconf 78' lang='grc' dir='ltr'>γὰρ,</span> <span class='ocrx_word' id='word_1_637' title='bbox 3336 4333 3411 4397; x_wconf 87' lang='grc' dir='ltr'>ὡς</span> <span class='ocrx_word' id='word_1_638' title='bbox 3446 4329 3641 4384; x_wconf 77' lang='grc' dir='ltr'>οἴονταί</span> <span class='ocrx_word' id='word_1_639' title='bbox 3669 4347 3761 4382; x_wconf 86' lang='grc' dir='ltr'>τι-</span> 
     </span>
    </p>
   </div>
   <div class='ocr_carea' id='block_1_91' title="bbox 2188 4421 3767 4498">
    <p class='ocr_par' dir='ltr' id='par_1_91' title="bbox 2188 4421 3767 4498">
     <span class='ocr_line' id='line_1_91' title="bbox 2188 4421 3767 4498; baseline -0.008 -13"><span class='ocrx_word' id='word_1_640' title='bbox 2188 4449 2298 4494; x_wconf 85' lang='grc' dir='ltr'>νες,</span> <span class='ocrx_word' id='word_1_641' title='bbox 2333 4431 2518 4495; x_wconf 83' lang='grc' dir='ltr'>κακῶς</span> <span class='ocrx_word' id='word_1_642' title='bbox 2560 4426 2915 4498; x_wconf 80' lang='grc' dir='ltr'>λογιζόμενοι,</span> <span class='ocrx_word' id='word_1_643' title='bbox 2950 4423 3293 4496; x_wconf 85' lang='grc' dir='ltr'>ἀτιμώρητον</span> <span class='ocrx_word' id='word_1_644' title='bbox 3335 4423 3431 4476; x_wconf 76' lang='grc' dir='ltr'>καὶ</span> <span class='ocrx_word' id='word_1_645' title='bbox 3468 4421 3767 4476; x_wconf 64' lang='grc' dir='ltr'>ἀνεύθυνον</span> 
     </span>
    </p>
   </div>
   <div class='ocr_carea' id='block_1_92' title="bbox 2188 4510 3765 4593">
    <p class='ocr_par' dir='ltr' id='par_1_92' title="bbox 2188 4510 3765 4593">
     <span class='ocr_line' id='line_1_92' title="bbox 2188 4510 3765 4593; baseline -0.007 -18"><span class='ocrx_word' id='word_1_646' title='bbox 2188 4520 2406 4593; x_wconf 77' lang='grc' dir='ltr'>εὔχεται</span> <span class='ocrx_word' id='word_1_647' title='bbox 2454 4520 2707 4590; x_wconf 83' lang='grc' dir='ltr'>γενέσθαι</span> <span class='ocrx_word' id='word_1_648' title='bbox 2746 4518 2852 4572; x_wconf 86' lang='grc' dir='ltr'><strong>τῶν</strong></span> <span class='ocrx_word' id='word_1_649' title='bbox 2884 4517 3090 4588; x_wconf 81' lang='grc' dir='ltr'>ἐχθρῶν</span> <span class='ocrx_word' id='word_1_650' title='bbox 3129 4517 3188 4569; x_wconf 77' lang='grc' dir='ltr'>τὸ</span> <span class='ocrx_word' id='word_1_651' title='bbox 3229 4515 3548 4586; x_wconf 82' lang='grc' dir='ltr'>ἁμάρτημα.</span> <span class='ocrx_word' id='word_1_652' title='bbox 3584 4510 3765 4564; x_wconf 82' lang='grc' dir='ltr'>Τοῦτο</span> 
     </span>
    </p>
   </div>
   <div class='ocr_carea' id='block_1_93' title="bbox 521 4601 2080 4682">
    <p class='ocr_par' dir='ltr' id='par_1_93' title="bbox 521 4609 2080 4679">
     <span class='ocr_line' id='line_1_93' title="bbox 521 4609 2080 4679; baseline -0.001 -13"><span class='ocrx_word' id='word_1_653' title='bbox 521 4628 585 4668; x_wconf 86' lang='lat' dir='ltr'><strong>ac</strong></span> <span class='ocrx_word' id='word_1_654' title='bbox 614 4628 787 4679; x_wconf 68' lang='lat' dir='ltr'><strong>pceute</strong></span> <span class='ocrx_word' id='word_1_655' title='bbox 820 4612 1133 4665; x_wconf 82' lang='lat' dir='ltr'><strong>obnoxium.</strong></span> <span class='ocrx_word' id='word_1_656' title='bbox 1159 4609 1324 4665; x_wconf 89' lang='lat' dir='ltr'><strong>Plane</strong></span> <span class='ocrx_word' id='word_1_657' title='bbox 1353 4611 1496 4664; x_wconf 89' lang='lat' dir='ltr'><strong>enim</strong></span> <span class='ocrx_word' id='word_1_658' title='bbox 1533 4610 1584 4664; x_wconf 88' lang='lat' dir='ltr'><strong>id</strong></span> <span class='ocrx_word' id='word_1_659' title='bbox 1615 4620 1759 4665; x_wconf 84' lang='lat' dir='ltr'><strong>esset</strong></span> <span class='ocrx_word' id='word_1_660' title='bbox 1787 4626 2080 4679; x_wconf 80' lang='lat' dir='ltr'><strong>repugnare</strong></span> 
     </span>
    </p>
   </div>
   <div class='ocr_carea' id='block_1_94' title="bbox 2181 4601 3767 4682">
    <p class='ocr_par' dir='ltr' id='par_1_94' title="bbox 2187 4601 3767 4682">
     <span class='ocr_line' id='line_1_94' title="bbox 2187 4601 3767 4682; baseline -0.006 -18"><span class='ocrx_word' id='word_1_661' title='bbox 2187 4612 2297 4682; x_wconf 74' lang='grc' dir='ltr'>γὰρ</span> <span class='ocrx_word' id='word_1_662' title='bbox 2352 4606 2419 4680; x_wconf 80' lang='grc' dir='ltr'>ἦν</span> <span class='ocrx_word' id='word_1_663' title='bbox 2478 4609 2726 4681; x_wconf 84' lang='grc' dir='ltr'>φανερῶς</span> <span class='ocrx_word' id='word_1_664' title='bbox 2779 4610 2844 4677; x_wconf 83' lang='grc' dir='ltr'>τῇ</span> <span class='ocrx_word' id='word_1_665' title='bbox 2902 4607 2994 4659; x_wconf 85' lang='grc' dir='ltr'><strong>τοῦ</strong></span> <span class='ocrx_word' id='word_1_666' title='bbox 3050 4605 3184 4658; x_wconf 74' lang='grc' dir='ltr'>Θεοῦ</span> <span class='ocrx_word' id='word_1_667' title='bbox 3243 4603 3566 4658; x_wconf 86' lang='grc' dir='ltr'>διατυπώσει</span> <span class='ocrx_word' id='word_1_668' title='bbox 3628 4601 3767 4655; x_wconf 78' lang='grc' dir='ltr'>ἀνθ-</span> 
     </span>
    </p>
   </div>
   <div class='ocr_carea' id='block_1_95' title="bbox 520 4700 2084 4771">
    <p class='ocr_par' dir='ltr' id='par_1_95' title="bbox 520 4700 2084 4771">
     <span class='ocr_line' id='line_1_95' title="bbox 520 4700 2084 4771; baseline -0.001 -16"><span class='ocrx_word' id='word_1_669' title='bbox 520 4704 718 4756; x_wconf 70' lang='grc' dir='ltr'><strong>ιΙὶιὶιιιιι</strong></span> <span class='ocrx_word' id='word_1_670' title='bbox 780 4701 1191 4766; x_wconf 86' lang='lat' dir='ltr'><strong>constitutioni,</strong></span> <span class='ocrx_word' id='word_1_671' title='bbox 1233 4701 1474 4771; x_wconf 86' lang='lat' dir='ltr'><strong>justique</strong></span> <span class='ocrx_word' id='word_1_672' title='bbox 1518 4701 1776 4771; x_wconf 74' lang='lat' dir='ltr'><strong>judicium</strong></span> <span class='ocrx_word' id='word_1_673' title='bbox 1819 4716 1881 4753; x_wconf 82' lang='lat' dir='ltr'><strong>ac</strong></span> <span class='ocrx_word' id='word_1_674' title='bbox 1916 4700 2084 4770; x_wconf 82' lang='lat' dir='ltr'><strong>legem</strong></span> 
     </span>
    </p>
   </div>
   <div class='ocr_carea' id='block_1_96' title="bbox 520 4791 2086 4860">
    <p class='ocr_par' dir='ltr' id='par_1_96' title="bbox 520 4791 2086 4860">
     <span class='ocr_line' id='line_1_96' title="bbox 520 4791 2086 4860; baseline -0.001 -15"><span class='ocrx_word' id='word_1_675' title='bbox 520 4795 832 4854; x_wconf 83' lang='lat' dir='ltr'><strong>emendare,</strong></span> <span class='ocrx_word' id='word_1_676' title='bbox 857 4802 977 4857; x_wconf 66' lang='lat' dir='ltr'><strong>qua:</strong></span> <span class='ocrx_word' id='word_1_677' title='bbox 1008 4791 1289 4845; x_wconf 82' lang='lat' dir='ltr'><strong>homicidis</strong></span> <span class='ocrx_word' id='word_1_678' title='bbox 1316 4791 1538 4844; x_wconf 85' lang='lat' dir='ltr'><strong>meritas</strong></span> <span class='ocrx_word' id='word_1_679' title='bbox 1561 4806 1746 4859; x_wconf 69' lang='lat' dir='ltr'><strong>pinnas</strong></span> <span class='ocrx_word' id='word_1_680' title='bbox 1766 4792 2086 4860; x_wconf 64' lang='lat' dir='ltr'><strong>praescribit.</strong></span> 
     </span>
    </p>
   </div>
   <div class='ocr_carea' id='block_1_97' title="bbox 524 4880 2089 4951">
    <p class='ocr_par' dir='ltr' id='par_1_97' title="bbox 524 4880 2089 4951">
     <span class='ocr_line' id='line_1_97' title="bbox 524 4880 2089 4951; baseline -0.003 -14"><span class='ocrx_word' id='word_1_681' title='bbox 524 4884 628 4937; x_wconf 75' lang='lat' dir='ltr'><strong>Sed</strong></span> <span class='ocrx_word' id='word_1_682' title='bbox 658 4884 785 4951; x_wconf 89' lang='lat' dir='ltr'><strong>quid</strong></span> <span class='ocrx_word' id='word_1_683' title='bbox 817 4880 927 4935; x_wconf 86' lang='lat' dir='ltr'><strong>ait?</strong></span> <span class='ocrx_word' id='word_1_684' title='bbox 956 4880 1196 4943; x_wconf 83' lang='lat' dir='ltr'><strong>Domine,</strong></span> <span class='ocrx_word' id='word_1_685' title='bbox 1223 4897 1284 4933; x_wconf 86' lang='lat' dir='ltr'><strong>ne</strong></span> <span class='ocrx_word' id='word_1_686' title='bbox 1309 4891 1508 4933; x_wconf 79' lang='lat' dir='ltr'><strong>statuas</strong></span> <span class='ocrx_word' id='word_1_687' title='bbox 1532 4881 1638 4934; x_wconf 83' lang='lat' dir='ltr'><strong>illis</strong></span> <span class='ocrx_word' id='word_1_688' title='bbox 1663 4883 1758 4933; x_wconf 84' lang='lat' dir='ltr'><strong>hoc</strong></span> <span class='ocrx_word' id='word_1_689' title='bbox 1783 4892 2045 4948; x_wconf 76' lang='lat' dir='ltr'><strong>peccatum</strong></span> <span class='ocrx_word' id='word_1_690' title='bbox 2069 4892 2089 4933; x_wconf 89' lang='lat'><strong><em>:</em></strong></span> 
     </span>
    </p>
   </div>
   <div class='ocr_carea' id='block_1_98' title="bbox 528 4972 2092 5039">
    <p class='ocr_par' dir='ltr' id='par_1_98' title="bbox 528 4972 2092 5039">
     <span class='ocr_line' id='line_1_98' title="bbox 528 4972 2092 5039; baseline -0.004 -9"><span class='ocrx_word' id='word_1_691' title='bbox 528 4979 630 5030; x_wconf 87' lang='lat' dir='ltr'><strong>hoc</strong></span> <span class='ocrx_word' id='word_1_692' title='bbox 652 4988 753 5038; x_wconf 84' lang='lat' dir='ltr'><strong>est,</strong></span> <span class='ocrx_word' id='word_1_693' title='bbox 783 4974 1058 5027; x_wconf 67' lang='lat' dir='ltr'><strong>Timorem</strong></span> <span class='ocrx_word' id='word_1_694' title='bbox 1097 4973 1530 5039; x_wconf 87' lang='lat' dir='ltr'><strong>compunctiunis</strong></span> <span class='ocrx_word' id='word_1_695' title='bbox 1551 4974 1629 5026; x_wconf 85' lang='lat' dir='ltr'><strong>eis</strong></span> <span class='ocrx_word' id='word_1_696' title='bbox 1668 4973 1875 5037; x_wconf 89' lang='lat' dir='ltr'><strong>incute;</strong></span> <span class='ocrx_word' id='word_1_697' title='bbox 1912 4972 1963 5025; x_wconf 89' lang='lat' dir='ltr'><strong>in</strong></span> <span class='ocrx_word' id='word_1_698' title='bbox 1998 4987 2092 5025; x_wconf 85' lang='lat' dir='ltr'><strong>eo-</strong></span> 
     </span>
    </p>
   </div>
   <div class='ocr_carea' id='block_1_99' title="bbox 525 5062 2092 5133">
    <p class='ocr_par' dir='ltr' id='par_1_99' title="bbox 525 5062 2092 5133">
     <span class='ocr_line' id='line_1_99' title="bbox 525 5062 2092 5133; baseline -0.004 -14"><span class='ocrx_word' id='word_1_699' title='bbox 525 5081 664 5128; x_wconf 87' lang='lat' dir='ltr'><strong>rum,</strong></span> <span class='ocrx_word' id='word_1_700' title='bbox 695 5079 813 5133; x_wconf 81' lang='lat' dir='ltr'><strong>qua:</strong></span> <span class='ocrx_word' id='word_1_701' title='bbox 843 5078 981 5116; x_wconf 80' lang='lat' dir='ltr'><strong>nime</strong></span> <span class='ocrx_word' id='word_1_702' title='bbox 1033 5062 1317 5115; x_wconf 81' lang='lat' dir='ltr'><strong>temerario</strong></span> <span class='ocrx_word' id='word_1_703' title='bbox 1354 5077 1486 5114; x_wconf 87' lang='lat' dir='ltr'><strong>ausu</strong></span> <span class='ocrx_word' id='word_1_704' title='bbox 1522 5069 1903 5129; x_wconf 87' lang='lat' dir='ltr'><strong>perpetrarunt</strong></span> <span class='ocrx_word' id='word_1_705' title='bbox 1928 5099 1942 5124; x_wconf 89' lang='lat'><strong>,</strong></span> <span class='ocrx_word' id='word_1_706' title='bbox 1979 5074 2092 5128; x_wconf 64' lang='lat' dir='ltr'><strong>po:-</strong></span> 
     </span>
    </p>
   </div>
   <div class='ocr_carea' id='block_1_100' title="bbox 526 5151 2091 5220">
    <p class='ocr_par' dir='ltr' id='par_1_100' title="bbox 526 5151 2091 5220">
     <span class='ocr_line' id='line_1_100' title="bbox 526 5151 2091 5220; baseline -0.005 -9"><span class='ocrx_word' id='word_1_707' title='bbox 526 5156 805 5211; x_wconf 81' lang='lat' dir='ltr'><strong>nin-ntiam</strong></span> <span class='ocrx_word' id='word_1_708' title='bbox 838 5153 1129 5220; x_wconf 74' lang='lat' dir='ltr'><strong>t-oiupelle;</strong></span> <span class='ocrx_word' id='word_1_709' title='bbox 1171 5168 1255 5217; x_wconf 82' lang='lat' dir='ltr'><strong>ne,</strong></span> <span class='ocrx_word' id='word_1_710' title='bbox 1308 5167 1514 5220; x_wconf 73' lang='lat' dir='ltr'><strong>quaeso,</strong></span> <span class='ocrx_word' id='word_1_711' title='bbox 1574 5151 1625 5204; x_wconf 89' lang='lat' dir='ltr'><strong>in</strong></span> <span class='ocrx_word' id='word_1_712' title='bbox 1683 5151 2091 5204; x_wconf 87' lang='lat' dir='ltr'><strong>circumcisione</strong></span> 
     </span>
    </p>
   </div>
   <div class='ocr_carea' id='block_1_101' title="bbox 523 5240 2090 5320">
    <p class='ocr_par' dir='ltr' id='par_1_101' title="bbox 523 5240 2090 5320">
     <span class='ocr_line' id='line_1_101' title="bbox 523 5240 2090 5320; baseline -0.003 -22"><span class='ocrx_word' id='word_1_713' title='bbox 523 5249 809 5320; x_wconf 70' lang='lat' dir='ltr'><strong>perluittus</strong></span> <span class='ocrx_word' id='word_1_714' title='bbox 848 5258 1074 5301; x_wconf 81' lang='lat' dir='ltr'><strong>mortem</strong></span> <span class='ocrx_word' id='word_1_715' title='bbox 1106 5246 1295 5312; x_wconf 84' lang='lat' dir='ltr'><strong>obire;</strong></span> <span class='ocrx_word' id='word_1_716' title='bbox 1330 5245 1394 5297; x_wconf 86' lang='lat' dir='ltr'><strong>ad</strong></span> <span class='ocrx_word' id='word_1_717' title='bbox 1434 5245 1505 5297; x_wconf 92' lang='lat' dir='ltr'><strong>tui</strong></span> <span class='ocrx_word' id='word_1_718' title='bbox 1535 5245 1885 5313; x_wconf 80' lang='lat' dir='ltr'><strong>agnitionem,</strong></span> <span class='ocrx_word' id='word_1_719' title='bbox 1920 5240 2090 5312; x_wconf 78' lang='lat' dir='ltr'><strong>pmni-</strong></span> 
     </span>
    </p>
   </div>
   <div class='ocr_carea' id='block_1_102' title="bbox 2194 4690 3763 4767">
    <p class='ocr_par' dir='ltr' id='par_1_102' title="bbox 2194 4690 3763 4767">
     <span class='ocr_line' id='line_1_102' title="bbox 2194 4690 3763 4767; baseline -0.008 -14"><span class='ocrx_word' id='word_1_720' title='bbox 2194 4698 2457 4761; x_wconf 83' lang='grc' dir='ltr'>ίστασθαι,</span> <span class='ocrx_word' id='word_1_721' title='bbox 2487 4698 2582 4750; x_wconf 76' lang='grc' dir='ltr'>καὶ</span> <span class='ocrx_word' id='word_1_722' title='bbox 2614 4697 2713 4767; x_wconf 79' lang='grc' dir='ltr'>τὴν</span> <span class='ocrx_word' id='word_1_723' title='bbox 2742 4695 2834 4749; x_wconf 72' lang='grc' dir='ltr'><strong>τοῦ</strong></span> <span class='ocrx_word' id='word_1_724' title='bbox 2861 4694 3064 4748; x_wconf 78' lang='grc' dir='ltr'>δικαίου</span> <span class='ocrx_word' id='word_1_725' title='bbox 3102 4693 3281 4764; x_wconf 83' lang='grc' dir='ltr'>κρίσιν</span> <span class='ocrx_word' id='word_1_726' title='bbox 3324 4691 3418 4745; x_wconf 74' lang='grc' dir='ltr'><strong>καὶ</strong></span> <span class='ocrx_word' id='word_1_727' title='bbox 3444 4690 3763 4759; x_wconf 78' lang='grc' dir='ltr'>νομοθεσίαν</span> 
     </span>
    </p>
   </div>
   <div class='ocr_carea' id='block_1_103' title="bbox 2189 4781 3764 4860">
    <p class='ocr_par' dir='ltr' id='par_1_103' title="bbox 2189 4781 3764 4860">
     <span class='ocr_line' id='line_1_103' title="bbox 2189 4781 3764 4860; baseline -0.006 -18"><span class='ocrx_word' id='word_1_728' title='bbox 2189 4788 2541 4860; x_wconf 69' lang='grc' dir='ltr'>ἐπανορθοῦν»,</span> <span class='ocrx_word' id='word_1_729' title='bbox 2604 4788 2701 4860; x_wconf 78' lang='grc' dir='ltr'>τὴν</span> <span class='ocrx_word' id='word_1_730' title='bbox 2755 4789 2865 4852; x_wconf 83' lang='grc' dir='ltr'>τοῖς</span> <span class='ocrx_word' id='word_1_731' title='bbox 2918 4786 3259 4855; x_wconf 69' lang='grc' dir='ltr'>ἀνδροφόνοις</span> <span class='ocrx_word' id='word_1_732' title='bbox 3313 4783 3380 4837; x_wconf 79' lang='grc' dir='ltr'>τὰ</span> <span class='ocrx_word' id='word_1_733' title='bbox 3423 4783 3560 4854; x_wconf 79' lang='grc' dir='ltr'>πρὸς</span> <span class='ocrx_word' id='word_1_734' title='bbox 3603 4781 3764 4846; x_wconf 80' lang='grc' dir='ltr'>ἀξίαν</span> 
     </span>
    </p>
   </div>
   <div class='ocr_carea' id='block_1_104' title="bbox 2193 4873 3767 4952">
    <p class='ocr_par' dir='ltr' id='par_1_104' title="bbox 2193 4873 3767 4952">
     <span class='ocr_line' id='line_1_104' title="bbox 2193 4873 3767 4952; baseline -0.007 -17"><span class='ocrx_word' id='word_1_735' title='bbox 2193 4881 2680 4952; x_wconf 75' lang='grc' dir='ltr'>ἀποκληρώσασαν.</span> <span class='ocrx_word' id='word_1_736' title='bbox 2727 4880 2883 4948; x_wconf 77' lang='grc' dir='ltr'>Ἀλλὰ</span> <span class='ocrx_word' id='word_1_737' title='bbox 2904 4881 2956 4933; x_wconf 87' lang='grc' dir='ltr'><strong>τί</strong></span> <span class='ocrx_word' id='word_1_738' title='bbox 2982 4896 3111 4950; x_wconf 79' lang='grc' dir='ltr'>φησι</span> <span class='ocrx_word' id='word_1_739' title='bbox 3136 4895 3151 4944; x_wconf 88' lang='grc'><strong>;</strong></span> <span class='ocrx_word' id='word_1_740' title='bbox 3186 4880 3381 4944; x_wconf 76' lang='grc' dir='ltr'>Κύριε,</span> <span class='ocrx_word' id='word_1_741' title='bbox 3401 4876 3487 4945; x_wconf 80' lang='grc' dir='ltr'>μὴ</span> <span class='ocrx_word' id='word_1_742' title='bbox 3521 4873 3767 4940; x_wconf 75' lang='grc' dir='ltr'>στήσῃς</span> 
     </span>
    </p>
   </div>
   <div class='ocr_carea' id='block_1_105' title="bbox 2193 4966 3766 5042">
    <p class='ocr_par' dir='ltr' id='par_1_105' title="bbox 2193 4966 3766 5042">
     <span class='ocr_line' id='line_1_105' title="bbox 2193 4966 3766 5042; baseline -0.006 -16"><span class='ocrx_word' id='word_1_743' title='bbox 2193 4973 2398 5038; x_wconf 73' lang='grc' dir='ltr'>αὐτοῖς</span> <span class='ocrx_word' id='word_1_744' title='bbox 2424 4973 2537 5040; x_wconf 76' lang='grc' dir='ltr'><strong>τὴν</strong></span> <span class='ocrx_word' id='word_1_745' title='bbox 2568 4973 2860 5042; x_wconf 76' lang='grc' dir='ltr'>ἁμαρτίαν</span> <span class='ocrx_word' id='word_1_746' title='bbox 2901 4972 3140 5038; x_wconf 80' lang='grc' dir='ltr'>ταύτην·</span> <span class='ocrx_word' id='word_1_747' title='bbox 3177 4968 3438 5021; x_wconf 82' lang='grc' dir='ltr'>τουτέστι·</span> <span class='ocrx_word' id='word_1_748' title='bbox 3470 4966 3566 5027; x_wconf 78' lang='grc' dir='ltr'><strong>Δὸς</strong></span> <span class='ocrx_word' id='word_1_749' title='bbox 3599 4966 3766 5034; x_wconf 70' lang='grc' dir='ltr'>φόϐον</span> 
     </span>
    </p>
   </div>
   <div class='ocr_carea' id='block_1_106' title="bbox 2195 5052 3768 5131">
    <p class='ocr_par' dir='ltr' id='par_1_106' title="bbox 2195 5052 3768 5131">
     <span class='ocr_line' id='line_1_106' title="bbox 2195 5052 3768 5131; baseline -0.01 -14"><span class='ocrx_word' id='word_1_750' title='bbox 2195 5061 2555 5128; x_wconf 74' lang='grc' dir='ltr'>κατανύξεως·</span> <span class='ocrx_word' id='word_1_751' title='bbox 2590 5063 2762 5130; x_wconf 83' lang='grc' dir='ltr'>ἄγαγε</span> <span class='ocrx_word' id='word_1_752' title='bbox 2792 5061 2927 5131; x_wconf 79' lang='grc' dir='ltr'>πρὸς</span> <span class='ocrx_word' id='word_1_753' title='bbox 2968 5058 3325 5129; x_wconf 79' lang='grc' dir='ltr'>μεταμέλειαν</span> <span class='ocrx_word' id='word_1_754' title='bbox 3364 5054 3471 5106; x_wconf 88' lang='grc' dir='ltr'><strong>τῶν</strong></span> <span class='ocrx_word' id='word_1_755' title='bbox 3500 5052 3768 5122; x_wconf 75' lang='grc' dir='ltr'>τετολμη-</span> 
     </span>
    </p>
   </div>
   <div class='ocr_carea' id='block_1_107' title="bbox 2195 5146 3762 5225">
    <p class='ocr_par' dir='ltr' id='par_1_107' title="bbox 2195 5146 3762 5225">
     <span class='ocr_line' id='line_1_107' title="bbox 2195 5146 3762 5225; baseline -0.008 -18"><span class='ocrx_word' id='word_1_756' title='bbox 2195 5154 2391 5224; x_wconf 80' lang='grc' dir='ltr'>μένων·</span> <span class='ocrx_word' id='word_1_757' title='bbox 2441 5153 2515 5224; x_wconf 82' lang='grc' dir='ltr'>μὴ</span> <span class='ocrx_word' id='word_1_758' title='bbox 2561 5153 2918 5225; x_wconf 84' lang='grc' dir='ltr'>συγχωρήσῃς</span> <span class='ocrx_word' id='word_1_759' title='bbox 2962 5148 3307 5203; x_wconf 79' lang='grc' dir='ltr'>ἐναποθανεῖν</span> <span class='ocrx_word' id='word_1_760' title='bbox 3355 5148 3422 5216; x_wconf 82' lang='grc' dir='ltr'>τῇ</span> <span class='ocrx_word' id='word_1_761' title='bbox 3467 5146 3762 5215; x_wconf 79' lang='grc' dir='ltr'>περιτομῇ·</span> 
     </span>
    </p>
   </div>
   <div class='ocr_carea' id='block_1_108' title="bbox 2192 5237 3763 5314">
    <p class='ocr_par' dir='ltr' id='par_1_108' title="bbox 2192 5237 3763 5314">
     <span class='ocr_line' id='line_1_108' title="bbox 2192 5237 3763 5314; baseline -0.006 -18"><span class='ocrx_word' id='word_1_762' title='bbox 2192 5244 2419 5297; x_wconf 77' lang='grc' dir='ltr'>ἕλκυσον</span> <span class='ocrx_word' id='word_1_763' title='bbox 2475 5243 2563 5297; x_wconf 82' lang='grc' dir='ltr'>διὰ</span> <span class='ocrx_word' id='word_1_764' title='bbox 2616 5243 2900 5314; x_wconf 87' lang='grc' dir='ltr'>μετανοίας</span> <span class='ocrx_word' id='word_1_765' title='bbox 2949 5239 3085 5312; x_wconf 82' lang='grc' dir='ltr'>πρὸς</span> <span class='ocrx_word' id='word_1_766' title='bbox 3136 5237 3232 5311; x_wconf 85' lang='grc' dir='ltr'><strong>τὴν</strong></span> <span class='ocrx_word' id='word_1_767' title='bbox 3294 5237 3391 5308; x_wconf 80' lang='grc' dir='ltr'>σὴν</span> <span class='ocrx_word' id='word_1_768' title='bbox 3448 5238 3763 5305; x_wconf 66' lang='grc' dir='ltr'>ἐπίγνωσιν·</span> 
     </span>
    </p>
   </div>
   <div class='ocr_carea' id='block_1_109' title="bbox 586 5378 2080 5452">
    <p class='ocr_par' dir='ltr' id='par_1_109' title="bbox 586 5378 2074 5452">
     <span class='ocr_line' id='line_1_109' title="bbox 586 5378 2074 5452; baseline -0.004 -14"><span class='ocrx_word' id='word_1_769' title='bbox 586 5384 655 5416; x_wconf 80' lang='grc'>⁷⁹⁶</span> <span class='ocrx_word' id='word_1_770' title='bbox 687 5384 774 5439; x_wconf 84' lang='grc' dir='ltr'><strong>ῖσ.</strong></span> <span class='ocrx_word' id='word_1_771' title='bbox 800 5382 1056 5451; x_wconf 87' lang='grc' dir='ltr'>ἀγωνίαν.</span> <span class='ocrx_word' id='word_1_772' title='bbox 1085 5382 1329 5438; x_wconf 79' lang='lat' dir='ltr'><strong>Riccard.</strong></span> <span class='ocrx_word' id='word_1_773' title='bbox 1355 5391 1503 5451; x_wconf 85' lang='lat' dir='ltr'><strong>putat</strong></span> <span class='ocrx_word' id='word_1_774' title='bbox 1525 5379 1836 5452; x_wconf 73' lang='grc' dir='ltr'>ἀγηνορίαν.</span> <span class='ocrx_word' id='word_1_775' title='bbox 1907 5379 1952 5411; x_wconf 78' lang='grc' dir='ltr'><strong>⁸ο</strong></span> <span class='ocrx_word' id='word_1_776' title='bbox 1976 5378 2074 5433; x_wconf 77' lang='grc' dir='ltr'><strong>ἄλ.</strong></span> 
     </span>
    </p>
   </div>
   <div class='ocr_carea' id='block_1_110' title="bbox 2181 5378 2708 5452">
    <p class='ocr_par' dir='ltr' id='par_1_110' title="bbox 2181 5379 2708 5449">
     <span class='ocr_line' id='line_1_110' title="bbox 2181 5379 2708 5449; baseline 0 -16"><span class='ocrx_word' id='word_1_777' title='bbox 2181 5379 2303 5445; x_wconf 70' lang='grc' dir='ltr'>διον,</span> <span class='ocrx_word' id='word_1_778' title='bbox 2324 5379 2465 5449; x_wconf 87' lang='lat' dir='ltr'><strong>quod</strong></span> <span class='ocrx_word' id='word_1_779' title='bbox 2498 5389 2550 5433; x_wconf 91' lang='lat' dir='ltr'><strong>et</strong></span> <span class='ocrx_word' id='word_1_780' title='bbox 2571 5379 2708 5447; x_wconf 79' lang='lat' dir='ltr'><strong>lego.</strong></span> 
     </span>
    </p>
   </div>
   <div class='ocr_carea' id='block_1_111' title="bbox 595 5516 2100 5593">
    <p class='ocr_par' dir='ltr' id='par_1_111' title="bbox 595 5516 2100 5593">
     <span class='ocr_line' id='line_1_111' title="bbox 595 5516 2100 5593; baseline 0 -22"><span class='ocrx_word' id='word_1_781' title='bbox 595 5521 707 5593; x_wconf 69' lang='lat'><strong>(57)</strong></span> <span class='ocrx_word' id='word_1_782' title='bbox 735 5520 800 5575; x_wconf 75' lang='lat' dir='ltr'><strong>L&#39;t</strong></span> <span class='ocrx_word' id='word_1_783' title='bbox 829 5538 889 5574; x_wconf 76' lang='lat' dir='ltr'><strong>nr</strong></span> <span class='ocrx_word' id='word_1_784' title='bbox 908 5532 1068 5574; x_wconf 77' lang='lat' dir='ltr'><strong>rectus</strong></span> <span class='ocrx_word' id='word_1_785' title='bbox 1094 5522 1143 5572; x_wconf 88' lang='lat' dir='ltr'><strong>in</strong></span> <span class='ocrx_word' id='word_1_786' title='bbox 1166 5522 1314 5589; x_wconf 73' lang='lat' dir='ltr'><strong>pedes</strong></span> <span class='ocrx_word' id='word_1_787' title='bbox 1333 5529 1514 5593; x_wconf 66' lang='lat' dir='ltr'><strong>staret,</strong></span> <span class='ocrx_word' id='word_1_788' title='bbox 1531 5519 1678 5593; x_wconf 76' lang='grc' dir='ltr'>πρὸς</span> <span class='ocrx_word' id='word_1_789' title='bbox 1695 5516 1807 5585; x_wconf 74' lang='grc' dir='ltr'><strong>τὴν</strong></span> <span class='ocrx_word' id='word_1_790' title='bbox 1826 5517 2100 5585; x_wconf 70' lang='grc' dir='ltr'>ἀῖἐθριον</span> 
     </span>
    </p>
   </div>
   <div class='ocr_carea' id='block_1_112' title="bbox 524 5590 2095 5654">
    <p class='ocr_par' dir='ltr' id='par_1_112' title="bbox 524 5590 2095 5654">
     <span class='ocr_line' id='line_1_112' title="bbox 524 5590 2095 5654; baseline -0.005 -9"><span class='ocrx_word' id='word_1_791' title='bbox 524 5590 771 5647; x_wconf 72' lang='grc' dir='ltr'>στάσιν.</span> <span class='ocrx_word' id='word_1_792' title='bbox 821 5593 949 5644; x_wconf 70' lang='lat' dir='ltr'><strong>Eam</strong></span> <span class='ocrx_word' id='word_1_793' title='bbox 982 5593 1037 5644; x_wconf 77' lang='lat' dir='ltr'><strong>S.</strong></span> <span class='ocrx_word' id='word_1_794' title='bbox 1082 5593 1247 5643; x_wconf 78' lang='lat' dir='ltr'><strong>Andr.</strong></span> <span class='ocrx_word' id='word_1_795' title='bbox 1306 5590 1509 5644; x_wconf 74' lang='lat' dir='ltr'><strong>t&#39;ndii-is</strong></span> <span class='ocrx_word' id='word_1_796' title='bbox 1559 5592 1838 5639; x_wconf 67' lang='lat' dir='ltr'><strong>tet-tinuum</strong></span> <span class='ocrx_word' id='word_1_797' title='bbox 1887 5594 2095 5654; x_wconf 81' lang='lat' dir='ltr'><strong>pudm:</strong></span> 
     </span>
    </p>
   </div>
   <div class='ocr_carea' id='block_1_113' title="bbox 529 5655 2095 5730">
    <p class='ocr_par' dir='ltr' id='par_1_113' title="bbox 529 5655 2095 5730">
     <span class='ocr_line' id='line_1_113' title="bbox 529 5655 2095 5730; baseline -0.003 -16"><span class='ocrx_word' id='word_1_798' title='bbox 529 5663 789 5730; x_wconf 76' lang='lat' dir='ltr'><strong>quidquid</strong></span> <span class='ocrx_word' id='word_1_799' title='bbox 841 5663 1136 5714; x_wconf 75' lang='lat' dir='ltr'><strong>[liccat-dus</strong></span> <span class='ocrx_word' id='word_1_800' title='bbox 1181 5671 1406 5727; x_wconf 78' lang='lat' dir='ltr'><strong>Carpat,</strong></span> <span class='ocrx_word' id='word_1_801' title='bbox 1445 5669 1835 5730; x_wconf 64' lang='lat' dir='ltr'><strong>tauquanrmx</strong></span> <span class='ocrx_word' id='word_1_802' title='bbox 1883 5655 2095 5730; x_wconf 70' lang='grc' dir='ltr'>ῶκλαζε</span> 
     </span>
    </p>
   </div>
   <div class='ocr_carea' id='block_1_114' title="bbox 533 5726 2104 5800">
    <p class='ocr_par' dir='ltr' id='par_1_114' title="bbox 533 5726 2104 5800">
     <span class='ocr_line' id='line_1_114' title="bbox 533 5726 2104 5800; baseline -0.003 -19"><span class='ocrx_word' id='word_1_803' title='bbox 533 5726 814 5800; x_wconf 54' lang='lat' dir='ltr'><strong>repugnet.</strong></span> <span class='ocrx_word' id='word_1_804' title='bbox 882 5731 991 5783; x_wconf 87' lang='grc' dir='ltr'><strong>Ιιιιο</strong></span> <span class='ocrx_word' id='word_1_805' title='bbox 1039 5731 1192 5800; x_wconf 83' lang='lat' dir='ltr'><strong>plane</strong></span> <span class='ocrx_word' id='word_1_806' title='bbox 1249 5731 1531 5798; x_wconf 72' lang='lat' dir='ltr'><strong>congruit;</strong></span> <span class='ocrx_word' id='word_1_807' title='bbox 1583 5728 1836 5800; x_wconf 68' lang='lat' dir='ltr'><strong>nihilque</strong></span> <span class='ocrx_word' id='word_1_808' title='bbox 1883 5726 1944 5800; x_wconf 58' lang='grc' dir='ltr'>τὸ</span> <span class='ocrx_word' id='word_1_809' title='bbox 1987 5727 2104 5778; x_wconf 78' lang='grc' dir='ltr'>ὀλέο</span> 
     </span>
    </p>
   </div>
   <div class='ocr_carea' id='block_1_115' title="bbox 531 5797 2097 5871">
    <p class='ocr_par' dir='ltr' id='par_1_115' title="bbox 531 5797 2097 5871">
     <span class='ocr_line' id='line_1_115' title="bbox 531 5797 2097 5871; baseline -0.005 -15"><span class='ocrx_word' id='word_1_810' title='bbox 531 5797 716 5869; x_wconf 46' lang='grc' dir='ltr'>θρίων,</span> <span class='ocrx_word' id='word_1_811' title='bbox 744 5802 884 5870; x_wconf 70' lang='lat' dir='ltr'><strong>quod</strong></span> <span class='ocrx_word' id='word_1_812' title='bbox 911 5797 1052 5871; x_wconf 71' lang='lat' dir='ltr'><strong>legit,</strong></span> <span class='ocrx_word' id='word_1_813' title='bbox 1081 5797 1419 5856; x_wconf 86' lang='lat' dir='ltr'><strong>commodum</strong></span> <span class='ocrx_word' id='word_1_814' title='bbox 1446 5810 1544 5856; x_wconf 72' lang='lat' dir='ltr'><strong>est.</strong></span> <span class='ocrx_word' id='word_1_815' title='bbox 1580 5797 1718 5852; x_wconf 79' lang='lat' dir='ltr'><strong>Nihil</strong></span> <span class='ocrx_word' id='word_1_816' title='bbox 1751 5798 1893 5851; x_wconf 81' lang='lat' dir='ltr'><strong>enim</strong></span> <span class='ocrx_word' id='word_1_817' title='bbox 1923 5798 2097 5866; x_wconf 78' lang='lat' dir='ltr'><strong>ipsum</strong></span> 
     </span>
    </p>
   </div>
   <div class='ocr_carea' id='block_1_116' title="bbox 2203 5507 3769 5584">
    <p class='ocr_par' dir='ltr' id='par_1_116' title="bbox 2203 5507 3769 5584">
     <span class='ocr_line' id='line_1_116' title="bbox 2203 5507 3769 5584; baseline -0.006 -15"><span class='ocrx_word' id='word_1_818' title='bbox 2203 5527 2347 5570; x_wconf 81' lang='lat' dir='ltr'><strong>stare</strong></span> <span class='ocrx_word' id='word_1_819' title='bbox 2397 5515 2721 5584; x_wconf 80' lang='lat' dir='ltr'><strong>peculiarius</strong></span> <span class='ocrx_word' id='word_1_820' title='bbox 2774 5511 3048 5566; x_wconf 60' lang='lat' dir='ltr'><strong>exitiabile</strong></span> <span class='ocrx_word' id='word_1_821' title='bbox 3085 5511 3285 5584; x_wconf 79' lang='lat' dir='ltr'><strong>habet,</strong></span> <span class='ocrx_word' id='word_1_822' title='bbox 3316 5518 3369 5562; x_wconf 93' lang='lat' dir='ltr'><strong>ut</strong></span> <span class='ocrx_word' id='word_1_823' title='bbox 3416 5523 3480 5562; x_wconf 81' lang='lat' dir='ltr'><strong>eo</strong></span> <span class='ocrx_word' id='word_1_824' title='bbox 3526 5507 3769 5573; x_wconf 73' lang='lat' dir='ltr'><strong>epitheto</strong></span> 
     </span>
    </p>
   </div>
   <div class='ocr_carea' id='block_1_117' title="bbox 2202 5582 3770 5650">
    <p class='ocr_par' dir='ltr' id='par_1_117' title="bbox 2202 5582 3770 5650">
     <span class='ocr_line' id='line_1_117' title="bbox 2202 5582 3770 5650; baseline -0.008 -10"><span class='ocrx_word' id='word_1_825' title='bbox 2202 5582 2447 5640; x_wconf 75' lang='lat' dir='ltr'><strong>Asterius</strong></span> <span class='ocrx_word' id='word_1_826' title='bbox 2482 5596 2667 5638; x_wconf 83' lang='lat' dir='ltr'><strong>nutare</strong></span> <span class='ocrx_word' id='word_1_827' title='bbox 2696 5585 2956 5635; x_wconf 71' lang='lat' dir='ltr'><strong>debuerit.</strong></span> <span class='ocrx_word' id='word_1_828' title='bbox 2997 5587 3098 5634; x_wconf 63' lang='lat' dir='ltr'><strong>Sed</strong></span> <span class='ocrx_word' id='word_1_829' title='bbox 3133 5582 3189 5633; x_wconf 68' lang='grc' dir='ltr'>ὃ.</span> <span class='ocrx_word' id='word_1_830' title='bbox 3239 5590 3443 5650; x_wconf 76' lang='lat' dir='ltr'><strong>martyr</strong></span> <span class='ocrx_word' id='word_1_831' title='bbox 3483 5593 3545 5650; x_wconf 69' lang='lat' dir='ltr'><strong>eo</strong></span> <span class='ocrx_word' id='word_1_832' title='bbox 3568 5594 3770 5650; x_wconf 60' lang='lat' dir='ltr'><strong>forpu-</strong></span> 
     </span>
    </p>
   </div>
   <div class='ocr_carea' id='block_1_118' title="bbox 2207 5647 3770 5718">
    <p class='ocr_par' dir='ltr' id='par_1_118' title="bbox 2207 5647 3770 5718">
     <span class='ocr_line' id='line_1_118' title="bbox 2207 5647 3770 5718; baseline -0.004 -10"><span class='ocrx_word' id='word_1_833' title='bbox 2207 5657 2279 5708; x_wconf 86' lang='lat' dir='ltr'><strong>tis</strong></span> <span class='ocrx_word' id='word_1_834' title='bbox 2310 5658 2488 5708; x_wconf 83' lang='lat' dir='ltr'><strong>habitu</strong></span> <span class='ocrx_word' id='word_1_835' title='bbox 2532 5657 2783 5718; x_wconf 67' lang='lat' dir='ltr'><strong>deinceps</strong></span> <span class='ocrx_word' id='word_1_836' title='bbox 2812 5654 3006 5704; x_wconf 83' lang='lat' dir='ltr'><strong>durare</strong></span> <span class='ocrx_word' id='word_1_837' title='bbox 3053 5668 3154 5702; x_wconf 79' lang='grc' dir='ltr'>ιιιιιι</span> <span class='ocrx_word' id='word_1_838' title='bbox 3199 5647 3442 5718; x_wconf 76' lang='lat' dir='ltr'><strong>poterat,</strong></span> <span class='ocrx_word' id='word_1_839' title='bbox 3493 5647 3708 5701; x_wconf 70' lang='lat' dir='ltr'><strong>tlei&#39;ecw</strong></span> <span class='ocrx_word' id='word_1_840' title='bbox 3738 5665 3770 5702; x_wconf 82' lang='lat' dir='ltr'><strong>a</strong></span> 
     </span>
    </p>
   </div>
   <div class='ocr_carea' id='block_1_119' title="bbox 2209 5724 3159 5791">
    <p class='ocr_par' dir='ltr' id='par_1_119' title="bbox 2209 5724 3159 5791">
     <span class='ocr_line' id='line_1_119' title="bbox 2209 5724 3159 5791; baseline -0.013 -14"><span class='ocrx_word' id='word_1_841' title='bbox 2209 5726 2446 5791; x_wconf 84' lang='lat' dir='ltr'><strong>lapidum</strong></span> <span class='ocrx_word' id='word_1_842' title='bbox 2476 5735 2789 5775; x_wconf 70' lang='lat' dir='ltr'><strong>t-outuslouu</strong></span> <span class='ocrx_word' id='word_1_843' title='bbox 2825 5724 3159 5788; x_wconf 71' lang='lat' dir='ltr'><strong>corpusculo,</strong></span> 
     </span>
    </p>
   </div>
   <div class='ocr_carea' id='block_1_120' title="bbox 2283 5782 3695 5863">
    <p class='ocr_par' dir='ltr' id='par_1_120' title="bbox 2283 5782 3695 5863">
     <span class='ocr_line' id='line_1_120' title="bbox 2283 5782 3695 5863; baseline -0.005 -17"><span class='ocrx_word' id='word_1_844' title='bbox 2283 5794 2393 5863; x_wconf 77' lang='grc'><strong>(58)</strong></span> <span class='ocrx_word' id='word_1_845' title='bbox 2437 5792 2561 5848; x_wconf 64' lang='lat' dir='ltr'><strong>llaec</strong></span> <span class='ocrx_word' id='word_1_846' title='bbox 2590 5793 2747 5845; x_wconf 74' lang='lat' dir='ltr'><strong>etiam</strong></span> <span class='ocrx_word' id='word_1_847' title='bbox 2788 5782 3006 5844; x_wconf 84' lang='lat' dir='ltr'><strong>l’hutius</strong></span> <span class='ocrx_word' id='word_1_848' title='bbox 3047 5805 3110 5842; x_wconf 87' lang='lat' dir='ltr'><strong>ac</strong></span> <span class='ocrx_word' id='word_1_849' title='bbox 3139 5788 3413 5860; x_wconf 83' lang='lat' dir='ltr'><strong>sequentia</strong></span> <span class='ocrx_word' id='word_1_850' title='bbox 3447 5782 3695 5839; x_wconf 76' lang='lat' dir='ltr'><strong>iltﬂorat.</strong></span> 
     </span>
    </p>
   </div>
  </div>
