4076 6144
407 423 515 481 349

1345 429 1631 485 ιᾳυιιιιιει
1683 431 1794 488 xu.
1835 433 1900 488 IN
1949 404 2231 494 unum
2273 441 2330 496 s.
2373 441 2729 499 STEPHANI.

3549 447 3654 504 550

405 539 614 609 ἄναψον
644 539 704 592 ἐν
735 542 855 604 ταῖς
893 540 1141 612 καρδίαις
1168 541 1265 612 τὴν
1291 542 1464 611 φλόγα
1506 543 1599 596 τοῦ
1644 545 1979 617 Πνεύματος.

2087 554 2251 608 tentia
2283 555 2569 610 redeuntes
2620 557 2806 623 trahe,
2831 557 3002 612 sancti
3039 558 3271 627 Spiritus
3299 556 3566 612 ﬂammam
3603 563 3654 614 in

410 633 510 684 Ἂν
549 631 658 702 γὰρ
693 630 866 696 οὕτως
901 631 1247 702 βελτιωθῶσι,
1281 635 1545 707 πρόδηλον
1579 636 1633 688 δὲ
1667 636 1741 700 ὡς
1773 638 1892 690 τότε
1921 640 1982 691 οὑ

407 725 616 794 στήσῃς
646 724 747 796 τὴν
787 723 1078 794 ἁμαρτίαν·
1114 725 1247 779 ἀλλὰ
1276 725 1336 778 τὸ
1361 726 1582 798 λουτρὸν
1614 727 1710 798 τῆς
1742 728 1982 800 χάριτος,

409 819 504 870 καὶ
534 817 597 867 τὸ
633 816 746 879 σὸν,
771 817 862 870 καὶ
884 817 942 870 τὸ
961 817 1090 886 ἐμὸν
1117 812 1256 888 αἷμα
1275 819 1574 888 νιψόμενοι,
1591 819 1860 891 ἐλεύθεροι
1879 821 1985 874 τῶν

408 906 772 977 ἐγκλημάτων
810 909 1148 977 γενήσονται.
1182 909 1366 965 Ταῦτα
1405 910 1639 978 ἐγένετο,
1683 911 1776 964 καὶ
1809 911 1984 964 ἐτελέ-

413 998 512 1069 σθη
549 999 609 1052 τὸ
643 1000 846 1070 δρᾶμα.
878 1000 988 1053 Καὶ
1030 1001 1277 1072 στρατιαὶ
1322 1001 1421 1072 μὲν
1461 1001 1570 1054 τῶν
1617 1001 1862 1070 ἀγγέλων
1905 1003 1987 1055 εὑ-

409 1091 720 1160 φραίνοντο,
745 1091 836 1145 τὸν
858 1092 1043 1160 ἀγῶνα
1073 1092 1462 1163 Θαυμάζουσαι,
1489 1095 1582 1147 καλ⁵
1613 1095 1752 1164 μετά
1783 1095 1986 1166 πολλῆς

409 1183 507 1250 τῆς
536 1181 858 1251 δορυφορίας
891 1183 982 1235 τὸν
1007 1183 1274 1252 Στέφανον
1305 1186 1385 1248 είς
1418 1185 1506 1238 τὸν
1543 1185 1669 1239 ῐδιον
1691 1185 1986 1254 ἀνάγουσαι

411 1274 636 1344 κλῆρον·
661 1276 690 1326 ὁ
717 1274 775 1326 δὲ
807 1274 1048 1338 διάϐολος
1076 1277 1398 1348 ἀπεστράφη
1433 1278 1607 1342 κενὸς,
1637 1278 1986 1349 ἠπορημένος

407 1363 615 1426 δεινῶς·
669 1363 905 1418 ἀλλ’ἵνα
945 1383 995 1418 τι
1043 1367 1136 1419 καὶ
1182 1366 1630 1439 σωματικώτερον
1680 1370 1818 1422 είπω
1857 1370 1986 1440 περὶ

407 1451 501 1507 τοῦ
546 1455 790 1524 ἐναερίου
821 1457 1150 1527 πνεύματος,
1177 1458 1332 1527 λόγον
1365 1461 1700 1532 προφητικὸν
1738 1461 1982 1531 μιμησάο

411 1557 589 1614 μενος,
623 1547 706 1611 ὡς
733 1549 1091 1618 πρόσκαυμα
1136 1553 1360 1619 χύτρας
1391 1553 1570 1624 φέρων
1591 1554 1650 1606 τὸ
1673 1554 1982 1623 πρόσωπον,

408 1637 502 1689 καὶ
538 1637 841 1690 τούναντίον
878 1640 910 1709 ἢ
948 1641 1250 1711 προσεδόκα
1281 1642 1654 1713 κατορθώσας,
1702 1645 1795 1698 καὶ
1821 1645 1885 1697 δι’
1911 1639 1984 1698 ὧν

406 1728 652 1798 ἐνόμιζεν
696 1731 1058 1800 Χριστιανοὺς
1093 1733 1370 1799 ἐλαττοῦν,
1409 1734 1476 1788 δι’
1507 1736 1731 1789 ἐκείνων
1781 1734 1986 1804 πληθῦ-

407 1836 506 1882 νας
532 1820 622 1873 τὸν
648 1821 754 1874 τῶν
779 1823 1071 1895 μαρτύρων
1101 1825 1420 1894 κατάλογον.

405 1925 563 1967 suam
613 1928 700 1968 res
743 1929 998 1983 prospere
1028 1921 1281 1974 cessisset
1325 1923 1378 1975 in
1412 1921 1637 1986 melius;
1689 1931 1802 1978 tum
1831 1923 1976 1993 quod
2021 1921 2207 1976 iisdem
2255 1923 2460 1977 artibus
2487 1960 2503 1985 ,

411 2006 657 2074 putabat,
695 2019 991 2078 martyrum
1021 2027 1302 2067 numerum
1333 2015 1662 2070 adauxisset.

2089 661 2273 703 eorum
2330 649 2642 715 pectoribus
2676 652 2928 705 accende.
2981 651 3036 706 Si
3078 652 3222 706 enim
3274 654 3344 705 ita
3383 665 3444 706 se
3472 667 3656 705 emen-

2092 739 2358 803 daverint,
2392 748 2555 808 atque
2613 741 2678 793 ad
2713 741 2985 796 meliorem
3021 757 3080 796 se
3111 743 3314 812 frugem
3340 743 3658 808 receperint,

2099 831 2288 899 utique
2316 845 2446 885 sane
2466 841 2593 886 tunc
2620 847 2724 888 non
2747 841 2949 888 statues
2976 834 3079 889 illis
3103 845 3398 904 peccatum,
3421 838 3515 887 sed
3537 849 3658 902 gra-

2064 923 2179 1000 νιὶαι
2216 921 2432 977 lavacro
2479 933 2569 977 tuo
2591 963 2604 987 ,
2639 939 2863 992 meoque
2894 927 3156 991 sanguine
3185 925 3348 977 abluti
3371 965 3386 988 ,
3422 941 3450 976 η
3483 924 3657 976 crimi-

2093 1013 2252 1068 nibus
2277 1013 2543 1068 immunes
2595 1014 2855 1082 liberique
2883 1024 3063 1070 erunt.
3086 1013 3356 1068 Hactenus
3381 1024 3654 1083 peractum

2087 1111 2172 1155 est
2201 1102 2386 1156 drama
2408 1143 2424 1168 ,
2453 1117 2516 1157 ac
2562 1103 2674 1157 lusa
2712 1100 2910 1156 fabula.
2943 1103 3021 1157 Ac
3077 1104 3389 1172 angelorum
3442 1103 3656 1170 quidem

2087 1192 2360 1247 exercitus
2405 1207 2628 1263 agonem
2669 1194 3030 1257 detnirantes,
3074 1193 3526 1262 Stephanumque
3577 1195 3658 1246 itt-

2093 1282 2239 1351 genti
2275 1281 2532 1348 stipatum
2575 1281 2829 1344 satellitio
2862 1280 2914 1334 in
2949 1281 3278 1334 haereditatis
3313 1297 3423 1336 sine
3453 1292 3655 1349 partem

2087 1371 2414 1435 evehentes,
2477 1371 2772 1438 impensius
2824 1369 3174 1438 gaudebant;
3231 1370 3478 1424 diabolus
3527 1383 3658 1421 vero
3757 1443 3765 1449 _

2088 1461 2295 1527 inanis,
2330 1462 2671 1532 graviterque
2701 1462 2941 1516 defectus
2964 1501 2980 1523 ,
3019 1475 3083 1515 ac
3105 1463 3310 1516 consilii
3341 1463 3494 1530 inops
3529 1463 3659 1516 abs-

2091 1553 2277 1608 cessit.
2312 1553 2515 1621 Atque,
2551 1562 2608 1605 ut
2633 1553 2907 1622 quidpiam
2947 1567 3263 1621 corporemn
3305 1552 3475 1618 magis
3507 1565 3659 1603 cras-

2092 1658 2322 1711 sumque
2379 1645 2446 1700 de
2483 1658 2642 1699 aereo
2686 1644 2878 1712 spiritu
2914 1643 3007 1696 illo
3037 1642 3306 1712 proferam
3329 1683 3344 1706 ,
3386 1643 3658 1711 propheti-

2089 1749 2211 1789 cum
2238 1734 2489 1803 loqnendi
2539 1735 2754 1788 modum
2805 1735 3065 1798 imitatus,
3103 1743 3277 1787 atrato
3306 1734 3476 1797 vultu,
3507 1733 3656 1801 quasi

2091 1828 2300 1880 adustio
2329 1825 2448 1880 olla:
2477 1826 2567 1892 ⁸⁰⁶,
2592 1824 2806 1880 deﬂexit
2825 1825 2925 1879 iter
2955 1841 2969 1877 :
2997 1833 3108 1878 tum
3132 1825 3256 1891 quia
3285 1834 3479 1892 printer
3505 1837 3656 1890 Spem

2581 1924 2778 1990 quibus
2847 1935 2907 1974 se
2950 1919 3287 1974 Christianos
3326 1917 3656 1970 ﬂliltttlllt‘llttl

477 2095 542 2148 Τί
585 2096 642 2150 δὲ
679 2097 771 2150 καὶ
805 2099 942 2169 πρὸς
970 2101 1182 2156 Παῦλον
1212 2105 1302 2157 τὸν
1331 2106 1512 2177 ἱερὸν;
1539 2102 1620 2169 εἷς
1653 2107 1761 2180 γὰρ
1795 2104 1863 2180 ἦν
1891 2109 1979 2161 καὶ

2168 2103 2366 2156 Verum
2394 2099 2522 2169 quid
2545 2098 2628 2166 Ide
2660 2098 2827 2152 Paulo
2860 2097 2985 2151 item
3023 2111 3180 2150 sacro
3204 2096 3415 2151 dicam?
3452 2093 3580 2147 Nam
3606 2103 3662 2148 et

402 2179 556 2249 οὗτος
585 2187 694 2240 τῶν
708 2190 997 2258 φονευτῶν,
1021 2192 1225 2265 ἀληθὴς
1242 2197 1522 2266 Βενιαμὶν
1538 2179 1739 2265 λύκος(
1758 2179 1956 2268 ἅρπαξ
1965 2241 1978 2254 .

404 2277 469 2332 Ei
509 2277 620 2351 γάρ
649 2279 743 2332 καὶ
769 2281 932 2344 αὐτὸς
967 2282 1041 2354 μὴ
1087 2283 1354 2352 ἐλίθαζεν,
1378 2287 1494 2342 ἀλλ’
1529 2289 1713 2360 ἐτήρει
1742 2290 1842 2362 τὴν
1872 2290 1983 2342 τῶν

404 2368 728 2434 λιθαζόντων
755 2371 977 2443 ἐσθῆτα,
999 2374 1093 2427 καὶ
1115 2375 1379 2448 ὑπηρέτει
1404 2379 1584 2450 δημίῳ
1610 2380 1806 2451 δήμου.
1838 2378 1982 2450 Πλὴν

400 2461 604 2532 ὅψομαί
639 2479 698 2516 σε
737 2464 875 2534 μετά
922 2465 1114 2536 μικρὸν
1140 2467 1233 2521 τὸν
1263 2471 1582 2540 σφριγῶντα
1622 2469 1738 2534 νῦν,
1775 2472 1867 2524 καὶ
1892 2471 1983 2524 Θυ-

407 2552 507 2620 μὺν
526 2551 716 2622 ἄγριον
744 2553 996 2620 πνέοντα,
1022 2555 1210 2627 ὥσπερ
1239 2559 1361 2612 τινά
1387 2559 1560 2629 γραῦν
1590 2560 1792 2630 ἀσθενῆ
1837 2577 1985 2632 χειρ-

403 2643 807 2713 αγωγούμενον.
829 2643 964 2698 ’ὅταν
1003 2646 1216 2716 μέλλεις
1263 2639 1491 2717 ἀγεᾶθαι
1535 2651 1670 2722 πρὸς
1695 2652 1787 2703 τὸν
1830 2653 1985 2704 Ἀνα-

401 2735 542 2800 νίαν,
571 2737 668 2806 τῆς
698 2737 956 2808 ἀληθείας
999 2740 1355 2810 γευσάμενος.
1401 2742 1527 2796 Ἡδὺ
1563 2743 1620 2796 δὲ
1653 2744 1856 2815 σφόδρα
1890 2762 1983 2812 γε-

401 2825 656 2898 λάσομαι,
680 2830 809 2882 ὃταν
837 2831 1054 2884 ἀκούσω
1078 2849 1171 2885 σου
1193 2833 1294 2897 τὰς
1327 2835 1467 2906 ὑπὲρ
1503 2835 1837 2904 Εὐαγγελίου
1867 2836 1980 2889 ολί-

400 2917 525 2986 ψεις
563 2917 992 2991 ἐξηγησαμένου,
1020 2923 1113 2976 καὶ
1140 2925 1343 2993 μεταξὺ
1387 2927 1495 2978 τῶν
1516 2927 1690 2980 ἄλλων
1721 2927 1982 2981 κινδύνων

402 3007 667 3077 λέγοντος·
705 3011 902 3076 Ἀπαξ
929 3013 1276 3082 ἐλιθάσθην.
1316 3017 1433 3088 Χρὴ
1468 3017 1576 3089 γάρ
1607 3036 1667 3071 σε
1697 3018 1784 3073 διὰ
1818 3018 1981 3072 λίθων

403 3101 544 3173 ὑπὲρ
575 3102 680 3156 τῶν
713 3103 877 3158 λίθων
905 3105 1366 3178 ἀπολογήσασθαι,
1403 3110 1496 3164 καὶ
1545 3113 1613 3183 τῇ
1664 3112 1982 3181 ταυτέμπα-

404 3192 526 3265 θείᾳ
557 3193 714 3249 λῦσαι
752 3197 850 3266 τῆς
879 3197 1158 3269 ἁμαρτίας
1184 3198 1249 3252 τὸ
1281 3199 1550 3271 ἔγκλημα.

2091 2195 2178 2249 ille
2205 2210 2345 2248 unus
2367 2202 2487 2248 erat
2510 2192 2808 2246 occisorum
2835 2231 2850 2254 ,
2877 2206 3036 2246 verus
3069 2190 3348 2256 Beujamin
3386 2191 3539 2258 lupus
3570 2205 3662 2243 ra-

2086 2302 2192 2354 pax
2218 2286 2286 2339 ⁸¹.
2315 2285 2634 2354 Quanquam
2663 2286 2806 2340 enim
2843 2286 2957 2354 ipse
2995 2303 3098 2339 non
3128 2286 3420 2354 impetehat
3471 2285 3662 2353 lapidi-

2089 2379 2208 2440 lms,
2243 2387 2298 2430 at
2331 2377 2580 2432 servabat
2620 2385 2798 2430 tamen
2832 2375 3180 2444 lapidantinm
3213 2387 3409 2440 vestes,
3444 2392 3508 2430 ac
3541 2393 3662 2431 car-

2090 2469 2262 2521 nilicis
2286 2467 2464 2539 populi
2519 2467 2825 2520 tninistrnm
2859 2467 3071 2536 agebat.
3106 2467 3393 2520 Enimvero
3433 2469 3661 2536 posthac

2089 2556 2236 2609 brevi
2265 2596 2280 2620 ,
2315 2570 2456 2609 nunc
2490 2566 2780 2608 tumentem
2816 2565 2886 2617 te,
2927 2555 3256 2623 elferamqnc
3295 2557 3428 2609 iram
3460 2573 3522 2610 ac
3575 2557 3660 2609 fn-

2089 2662 2263 2700 rorem
2295 2648 2594 2716 spirantcm
2626 2647 2838 2700 visurus
2863 2661 3003 2708 sum,
3026 2648 3116 2715 qui
3141 2647 3280 2699 velut
3305 2648 3661 2716 languescens

2089 2760 2223 2800 anus
2255 2760 2317 2800 ac
2357 2743 2643 2808 imbecilla,
2676 2744 2740 2795 ad
2768 2758 2958 2797 manus
2991 2745 3224 2796 traharis
3252 2742 3329 2804 ⁸²ς
3358 2758 3476 2795 cum
3510 2744 3655 2794 veri-

2091 2837 2219 2890 tatis
2247 2845 2405 2906 gustu
2442 2833 2583 2889 facto
2617 2833 2685 2888 ad
2722 2834 2983 2888 Auaniam
3021 2835 3256 2888 duceris.
3305 2833 3473 2887 Porro
3513 2834 3650 2887 dulci

2086 2927 2373 2982 admodum
2404 2927 2513 2980 risu
2536 2925 2826 2989 difl'undar,
2847 2941 2968 2979 cum
2999 2926 3282 2994 temetipso
3314 2927 3656 2989 denarrante,

2088 3029 2206 3072 tuas
2243 3017 2516 3087 Evangelii
2553 3032 2719 3071 causa
2759 3017 3137 3073 alﬂictationes
3177 3018 3388 3071 audiam
3431 3036 3443 3072 :
3497 3028 3659 3086 utque

2087 3109 2230 3162 inter
2267 3118 2458 3163 caetera
2501 3109 2614 3162 haec
2643 3108 2951 3164 discrimina
2996 3109 3222 3170 referas,
3250 3107 3417 3163 Semel
3454 3108 3662 3177 lapida-

2085 3208 2170 3254 tus
2209 3216 2325 3253 uim
2367 3201 2435 3254 ⁸³.
2485 3200 2588 3254 Par
2633 3214 2865 3268 namque
2893 3209 3013 3264 est,
3057 3209 3116 3255 ut
3156 3200 3420 3269 lapidibus
3467 3201 3658 3254 mediis

2087 3290 2324 3351 lapidum
2352 3289 2462 3358 ipse
2484 3290 2718 3360 depellas
2741 3291 2967 3353 crimen,
2995 3305 3207 3360 unaque
3229 3305 3293 3344 ac
3319 3291 3506 3345 eadem
3529 3307 3656 3360 pas-

2087 3382 2236 3436 sione
2288 3389 2570 3447 pcccatum
2602 3379 2772 3434 elnas.

472 3455 660 3520 Ἀξιον
692 3458 748 3511 δὲ
778 3461 912 3530 μηδὲ
944 3459 1041 3531 τὴν
1073 3461 1336 3518 ὀπτασίαν
1368 3467 1686 3522 καταλιπεῖν
1723 3469 1817 3523 τοῦ
1851 3471 1975 3525 Στε-

2147 3471 2336 3541 Operte
2384 3475 2611 3542 pretium
2657 3483 2834 3543 autem
2887 3487 3210 3541 aequumque
3253 3471 3520 3533 videatur,
3600 3481 3656 3525 ut

399 3549 571 3615 φάνου
604 3551 974 3614 ἀνεξέταστον.
1013 3555 1124 3608 Ἀεὶ
1175 3555 1284 3627 γὰρ
1325 3558 1355 3609 ὁ
1396 3558 1505 3612 τῶν
1535 3560 1671 3614 ὅλων
1700 3561 1850 3626 Θεὸς,
1886 3565 1978 3618 τοῦ

397 3637 526 3707 ἑξῆς
575 3641 1047 3712 προμηθούμενος,
1118 3644 1229 3698 τῶν
1289 3647 1588 3718 μελλόντων
1637 3653 1978 3718 ἐπιγίνεσθαι

395 3729 507 3782 τῶν
534 3731 892 3802 ἀνθρωπίνων
922 3735 1332 3806 ἁμαρτημάτων
1355 3741 1809 3810 προφυλακτικῶς
1849 3763 1981 3816 προ-

397 3820 798 3886 κατασκευάζει
838 3823 937 3894 τὴν
977 3825 1294 3896 θεραπείαν·
1325 3829 1354 3880 ὃ
1391 3830 1455 3900 δὴ
1488 3831 1720 3887 ἐνταῦθα
1753 3836 1980 3905 πεποίη-

398 3928 514 3966 κεν.
545 3913 607 3966 Ei
647 3913 756 3984 γάρ
797 3917 932 3986 πρὸς
958 3917 1017 3969 τὸ
1048 3923 1316 3989 χρήσιμον
1353 3921 1448 3974 τοῦ
1479 3923 1780 3990 άγωνιστοῦ
1819 3926 1978 3994 μόνον

403 4005 639 4059 ἐτελεῖτο
669 4007 739 4060 τὰ
773 4008 1084 4077 θεοφάνεια,
1115 4011 1274 4082 ἤρκει
1309 4014 1402 4066 καὶ
1435 4017 1620 4088 φωνὴν
1646 4019 1896 4086 γενέσθαι
1919 4021 1979 4087 ἐξ

397 4098 665 4169 οὐρανῶν,
694 4100 881 4172 ὥσπερ
911 4104 1005 4156 καὶ
1040 4104 1133 4156 ἐπὶ
1160 4104 1254 4156 τοῦ
1287 4105 1662 4177 βαπτίσματος
1691 4111 1975 4183 πρότερον,

396 4190 431 4262 ἢ
457 4193 670 4262 χρόνοις
699 4192 924 4264 ὕστερον
946 4195 1038 4247 ἐπλ⁴
1063 4198 1162 4266 τῆς
1195 4198 1686 4268 μεταμορφώσεως,
1715 4201 1747 4272 ἢ
1782 4204 1874 4256 καὶ
1903 4204 1978 4266 ὡς

397 4283 491 4335 ἐπὶ
519 4283 729 4340 Παύλου
741 4285 952 4350 τούτου,
981 4285 1142 4356 ἡνίκα
1174 4286 1270 4356 τὴν
1291 4287 1384 4341 ἐπὶ
1413 4292 1700 4360 Δαμασκὸν
1729 4293 1980 4364 ἐπορεύε-

395 4391 459 4429 το
485 4375 623 4427 ὁδόν.

467 4467 605 4520 Νυνὶ
629 4468 706 4530 δὲ,
735 4469 822 4527 διά
847 4489 906 4524 τε
939 4467 1031 4526 οῦν
1060 4473 1213 4539 ἄλλα,
1241 4475 1334 4530 καὶ
1361 4475 1449 4529 διὰ
1479 4477 1540 4530 τὸ
1580 4477 1792 4548 μέλλειν
1820 4478 1882 4532 τὸ
1911 4480 1976 4533 ἐκ

397 4559 604 4632 Λιϐύης
660 4563 826 4615 κακὸν
865 4564 954 4616 τὸν
983 4566 1268 4620 Σαϐἐλλιον
1306 4571 1424 4632 ταῖς
1462 4569 1805 4639 Ἐκκλησίαις
1856 4571 1976 4623 ἐπι-

396 4649 627 4718 φύεσοαι
665 4650 759 4703 τοῦ
789 4652 946 4718 Θεοῦ,
999 4655 1094 4710 καὶ
1139 4656 1237 4727 τὴν
1274 4657 1566 4723 κακόδοξον
1594 4657 1702 4709 τῶν
1740 4657 1976 4711 ὑποστά-

398 4759 536 4794 σεων
568 4743 831 4813 σύγχυσιν
871 4747 950 4808 εἰς
977 4746 1067 4798 τὸν
1103 4747 1216 4817 βίον
1254 4749 1515 4816 εἰσάγειν·
1541 4749 1728 4803 τούτου
1756 4751 1914 4822 χάριν
1946 4751 1976 4802 ὁ

2086 3579 2260 3634 neque
2313 3565 2575 3635 Stephani
2622 3564 2882 3618 visionem
2938 3564 3325 3633 inexploratani
3385 3563 3655 3631 relinqua-

2082 3661 2221 3710 mus‘.
2257 3655 2485 3724 Semper
2510 3670 2640 3710 sane
2674 3655 3049 3710 universorum
3095 3655 3234 3709 Deus
3254 3695 3268 3719 ,
3296 3654 3471 3708 futura
3495 3696 3510 3720 ,
3539 3670 3656 3721 quae

2081 3747 2245 3801 vitam
2295 3748 2490 3801 exinde
2543 3748 2898 3816 insequuntur
2957 3748 3268 3809 humanam,
3325 3747 3656 3815 prosilit-iens

2079 3845 2284 3900 errata,
2327 3851 2434 3905 quo
2459 3838 2751 3904 prudenter
2775 3837 2856 3891 eis
2881 3846 3162 3899 occurrat,
3211 3836 3468 3889 medelam
3504 3835 3654 3902 longe

2084 3938 2210 3982 ante
2236 3939 2482 3996 apparat,
2526 3928 2684 3996 idque
2715 3944 2858 3982 nunc
2891 3929 3086 3984 elfecit.
3128 3927 3258 3981 Nam
3289 3929 3332 3981 si
3365 3929 3429 3980 ad
3463 3928 3653 3997 pttgilis

2083 4016 2346 4070 duntaxat
2373 4017 2655 4072 utilitatem
2682 4017 2863 4071 divina
2898 4019 3165 4087 apparitio
3191 4015 3328 4070 facta
3360 4026 3534 4081 esset,
3575 4030 3654 4068 sa-

2082 4108 2150 4160 tis
2183 4107 2368 4176 utique
2399 4108 2565 4162 etiam
2599 4122 2698 4161 vox
2737 4125 2767 4161 e
2797 4109 2954 4163 caelis
2993 4107 3132 4162 facta
3170 4108 3471 4170 habuisset,
3505 4117 3562 4159 ut
3596 4105 3648 4156 in

2079 4197 2344 4264 baptismo
2372 4198 2600 4266 primum
2635 4197 2717 4260 “,
2752 4199 2834 4252 vel
2873 4207 2932 4252 ut
2965 4198 3160 4252 deinde
3193 4197 3243 4249 in
3276 4195 3653 4263 Transtignra-

2081 4289 2224 4344 tione
2247 4289 2323 4353 ⁸³⁵,
2380 4289 2460 4343 vel
2503 4291 2761 4343 utetiam
2819 4291 2871 4342 in
2914 4289 3026 4358 jam
3079 4298 3374 4342 memorato
3447 4287 3650 4351 l’aulo,

2077 4397 2200 4436 cum
2237 4383 2553 4436 Damascum
2592 4383 2696 4435 iter
2723 4381 2928 4436 faceret
2961 4381 3029 4435 ⁸⁸.

2149 4471 2219 4525 At
2247 4474 2338 4540 qui
2378 4487 2541 4537 nunc,
2585 4482 2696 4526 tum
2727 4473 2811 4526 vel
2839 4473 3076 4525 maxime
3105 4470 3230 4540 quia
3265 4469 3498 4523 futurum
3530 4485 3652 4537 pro-

2077 4559 2220 4614 fecto
2251 4571 2408 4625 erat,
2443 4569 2500 4614 ut
2524 4577 2588 4614 ex
2625 4560 2806 4615 Africa
2841 4560 3141 4630 profectum
3194 4559 3428 4621 malum,
3465 4559 3651 4611 Sabel-

2078 4653 2200 4715 lius,
2235 4654 2448 4720 inquam
2482 4691 2499 4714 ,
2533 4653 2625 4707 Dei
2663 4651 2933 4707 Ecclesiae
2965 4653 3281 4715 invaderet,
3315 4667 3652 4720 perversam-

2078 4760 2182 4813 qne
2222 4745 2528 4812 opinionem
2559 4747 2626 4799 de
2657 4759 3012 4812 personarum
3044 4745 3359 4798 confusione
3407 4743 3460 4797 in
3494 4759 3650 4796 ιιιιιιι-

397 4831 529 4897 Θεὸς
559 4834 748 4906 ὥσπερ
782 4839 1210 4906 προανακόπτων
1242 4839 1302 4894 τὸ
1343 4840 1554 4908 μέλλον,
1593 4841 1688 4895 καὶ
1871 4843 1973 4912 ψυ-

2082 4837 2201 4890 dum
2243 4836 2564 4890 induceret:
2616 4835 2716 4890 hac
2762 4838 2827 4890 de
2853 4852 3015 4890 causa
3055 4837 3194 4890 Deus
3240 4837 3418 4889 futura
3451 4849 3650 4904 pra-en-

398 4923 498 4995 κάς
521 4924 632 4978 τῶν
665 4928 744 4988 είς
775 4926 1000 4998 ὕστερον
1025 4929 1579 5002 προασφαλιζόμενος,
1605 4933 1843 4986 δείκνυσι
1875 4935 1972 5003 μὲν

398 5014 586 5068 ἐαυτὸν
622 5016 703 5084 τῷ
729 5018 986 5088 Στεφάνῳ
1013 5020 1070 5070 ἐν
1099 5021 1204 5093 ἰδίᾳ
1239 5021 1346 5074 τινὶ
1383 5022 1477 5075 καὶ
1514 5023 1795 5077 αὐτοτελεῖ
1824 5024 1970 5096 δόξῃ,

393 5104 633 5162 δείκνυσι
672 5109 728 5162 δὲ
761 5111 968 5164 καὶτὸν
997 5111 1124 5164 Υἱὸν
1157 5115 1212 5166 ἐν
1239 5114 1632 5186 ἀπηρτισμένῳ
1669 5117 1968 5188 προσώπῳ,

398 5197 578 5270 ἵστησι
605 5200 664 5253 δὲ
693 5201 855 5254 αὐτὸν
888 5203 952 5254 ἐκ
976 5201 1163 5267 δεξιῶν
1195 5205 1410 5270 ἐαυτοῦ,
1448 5207 1533 5258 ἵνα
1578 5209 1642 5277 τῇ
1669 5207 1972 5280 διευκρινή-

405 5299 488 5340 σει
511 5283 616 5342 τῶν
652 5289 959 5361 προσώπων
984 5292 1298 5365 ἐρμηνεύσῃ
1331 5293 1429 5358 τὰς
1457 5296 1798 5361 ὑποστάσεις.

465 5463 576 5516 Καὶ
597 5465 757 5534 τυχὸν
785 5467 898 5538 ἐρεῖ
917 5485 1021 5532 τις·
1057 5469 1136 5522 Τά
1171 5471 1268 5542 μὲν
1284 5473 1524 5544 περὶτοῦ
1545 5475 1758 5547 Πατρὸς
1773 5478 1864 5530 καὶ
1877 5477 1972 5530 τοῦ

395 5553 530 5608 Υίοῦ
565 5556 708 5610 οὕτω
738 5575 819 5612 σοι
857 5561 1303 5643 πεφιλοσόφηται·
1356 5563 1456 5616 ποῦ
1485 5565 1541 5618 δὲ
1571 5566 1630 5618 τὸ
1659 5567 1881 5637 Πνεῦμα
1912 5567 1972 5622 τὸ

395 5647 584 5716 ἃγιονς
620 5650 683 5702 Εἰ
711 5650 820 5720 γάρ
850 5652 952 5721 τῆς
989 5653 1130 5706 κατά
1163 5659 1262 5726 τὴν
1301 5656 1480 5710 πίστιν
1521 5657 1820 5726 ἀσφαλείας
1852 5659 1968 5713 ἕνε-

395 5847 444 5880 ..
468 5779 922 5880 εἶ.ἕξ¹’·,’.ῐτ.¹⁰ει
948 5784 1160 5880 ³Ἶι⁴ἰ¹ἐῖι
1191 5787 1267 5880 6:.
1336 5790 1386 5880 .“
1418 5792 1552 5880 αξη·
1777 5797 1865 5852 ‘-’7-

470 5849 668 5908 Mattb.
699 5868 827 5914 xvn.
868 5849 922 5909 5;
998 5857 1182 5913 "Act.
1217 5875 1290 5925 tx,
1325 5860 1359 5914 4
1391 5877 1511 5932 sqq.

2081 4943 2234 4990 vens,
2258 4943 2322 4981 ac
2348 4938 2684 4995 posterorum
2709 4929 3070 4995 pmnmniens
3091 4930 3320 4990 animas,
3347 4943 3406 4981 se
3432 4928 3648 4995 quidem

2079 5018 2192 5086 ipse
2219 5018 2495 5087 Stephano
2521 5019 2759 5073 ostendit
2800 5021 2851 5072 in
2892 5035 2985 5074 sua
3019 5019 3207 5088 plane,
3248 5034 3424 5088 eaque
3472 5018 3651 5087 perfe-

2077 5109 2315 5164 ctissima
2391 5109 2593 5178 gloria;
2643 5110 2836 5164 Filium
2886 5125 3014 5165 vero
3070 5111 3234 5164 etiam
3281 5113 3648 5172 demOnstrat,

2077 5201 2132 5254 in
2164 5216 2391 5271 persona
2424 5204 2662 5257 numeris
2689 5203 2938 5259 omnibus
2967 5204 3246 5270 absoluta;
3281 5205 3560 5273 ipsumque
3581 5202 3646 5254 ad

2077 5296 2353 5348 dexteram
2409 5309 2561 5349 suam
2601 5297 2821 5359 statuit,
2858 5306 2914 5349 ut
2957 5296 3098 5350 clara
3147 5311 3500 5366 personarum
3565 5295 3647 5348 di-

2078 5387 2368 5441 stinctione
2401 5387 2776 5442 subsistentias
2805 5388 3116 5456 explicaret.

2148 5478 2345 5533 Verum
2391 5479 2530 5535 dicet
2579 5480 2807 5534 fortasse
2862 5481 3158 5548 quiSpiam:
3214 5480 3376 5533 Recte
3428 5475 3643 5543 quidt‘m

2079 5571 2195 5626 haec
2248 5573 2314 5626 de
2352 5572 2509 5626 Patre
2549 5581 2603 5625 et
2644 5571 2782 5626 Filio
2826 5587 2854 5624 a
2905 5581 2956 5626 te
3002 5571 3368 5639 pliilosOpbata
3401 5577 3544 5620 sunt.
3577 5567 3644 5616 At

2079 5663 2166 5716 ubi
2211 5673 2290 5718 est
2331 5662 2565 5733 Spiritus
2613 5663 2877 5718 Sanctus?
2923 5662 2978 5716 Si
3003 5662 3145 5714 enim
3187 5659 3252 5711 ad
3285 5657 3494 5724 plenam
3521 5654 3640 5707 fidei

1974 5799 2161 5854 "Aet.
2213 5786 2387 5865 ix,'s.
2464 5801 2508 5832 οδ
2540 5799 2580 5854 ιι
2617 5802 2743 5856 Cor.
2784 5818 2864 5865 xl,
2924 5799 3011 5852 εδ.
3089 5797 3132 5826 υ
3168 5793 3354 5847 Matth.
3421 5807 3498 5856 m.
3560 5789 3641 5844 ιι.
