4076 6144
500 424 645 495 5351,

1757 441 1814 499 S.
1859 441 2133 502 ASTERII
2169 441 2469 501 AMASENI

3611 445 3720 502 533

496 546 966 610 conﬁrmationem
1019 556 1178 613 Pater
1222 574 1253 615 e
1282 560 1418 617 caelo
1444 577 1565 619 cum
1609 564 1746 623 Filio
1778 571 2046 641 apparuit,

2161 538 2276 635 κέν,
2314 568 2602 643 οὐρανόθεν
2631 569 2661 621 ὁ
2692 566 2881 638 Πατὴρ
2914 565 3050 635 μετά
3088 565 3182 620 τοῦ
3226 562 3355 619 Υῑοῦ
3384 564 3721 633 ἐπεφαίνετο,

495 651 631 704 opus
654 639 817 696 etiam
847 643 1147 713 videbatur,
1193 665 1316 705 cum
1360 653 1439 707 eis
1470 655 1633 710 etiam
1664 639 1907 713 sanctum
1939 659 2058 730 Spi-

499 726 661 782 ritum
684 731 873 789 adesse
891 775 907 801 ,
934 745 991 792 ut
1022 740 1259 794 exercita
1294 745 1539 811 quaedam
1569 748 1743 817 reipsa
1770 726 2059 822 mysterio-

496 833 614 873 rum
639 823 875 892 cognitio
894 867 910 891 ,
943 829 1147 886 visione
1191 831 1305 901 ipsa
1333 834 1642 894 hominibus
1668 840 2053 899 innotesceret.

494 907 724 968 Necesse
757 915 938 985 itaque
964 931 1051 975 est
1072 923 1138 976 ad
1183 924 1341 978 istam
1370 926 1725 997 objectionem
1752 969 1768 995 ,
1815 942 2054 988 nostram

497 1003 814 1058 sententiam
845 1007 897 1061 in
933 1011 1164 1065 medium
1191 1014 1453 1082 proferre.
1482 1015 1746 1087 Oportere
1774 1021 2052 1088 nimirum,

495 1104 530 1144 o
553 1091 777 1148 nimium
801 1098 1034 1166 sapiens,
1067 1117 1189 1157 eum
1213 1105 1302 1173 qui
1337 1107 1557 1161 recitata
1594 1109 1796 1179 aliqua,
1840 1114 1950 1167 acri
2003 1123 2058 1168 et

495 1193 689 1238 exacto
739 1184 942 1252 judicio
987 1195 1273 1262 expendit,
1329 1206 1384 1252 et
1441 1199 1686 1265 rimatur,
1736 1212 1843 1256 tum
1897 1213 2056 1260 rectae

496 1274 692 1329 mentis
731 1290 884 1345 esse,
918 1289 1027 1335 tum
1071 1288 1327 1340 memoria
1376 1288 1586 1344 ﬁrmum
1611 1332 1627 1356 ,
1661 1301 1718 1345 ut
1750 1294 1821 1347 ita
1861 1307 2054 1351 cuncta

496 1362 718 1428 pariter,
750 1381 870 1434 quae
912 1372 1111 1441 scripta
1152 1385 1278 1430 sunt
1305 1416 1319 1440 ,
1353 1380 1814 1447 comprehendere
1856 1384 2050 1439 valeat.

497 1445 553 1498 Si
595 1448 736 1502 enim
773 1452 1004 1522 Spiritus
1027 1461 1201 1515 sancti
1239 1445 1578 1531 prmsentiam
1608 1472 1837 1537 quaeris,
1875 1474 2054 1528 recole

490 1549 609 1598 qua:
643 1540 799 1605 paulo
839 1548 1088 1613 superius
1119 1551 1262 1605 dicta
1310 1565 1472 1622 sunt,
1501 1569 1787 1623 antequam
1816 1562 1882 1616 de
1923 1562 2052 1632 lapi-

489 1625 645 1681 dibus
670 1644 920 1700 ageretur
950 1645 1005 1691 et
1048 1656 1211 1710 nece,
1242 1654 1296 1699 et
1333 1646 1576 1704 invenies
1619 1661 1743 1706 ante
1772 1652 1936 1721 ipsam
1967 1656 2052 1710 vi-

488 1715 694 1773 sionem
734 1721 995 1792 Spiritum
1027 1743 1273 1788 sanctum
1323 1735 1653 1807 loquentem,
1690 1752 1744 1797 et
1777 1715 2053 1817 Stephano

487 1820 774 1881 astantem,
806 1817 1170 1892 athletamque
1203 1839 1592 1896 prteparantem
1623 1848 1686 1888 ac
1714 1851 2053 1906 componen-

2159 662 2323 734 ἐχρῆν
2353 663 2716 733 συμπαρεῖναι
2739 658 2832 712 καὶ
2863 657 2923 710 τδ
2945 656 3168 728 Πνεῦμα
3195 656 3254 709 τὸ
3277 656 3453 723 ἀγιον,
3475 653 3560 708 ῐνα
3578 674 3726 726 πρα-

2159 753 2318 821 κτική
2352 769 2434 815 τις
2470 749 2823 821 μυσταγωγία
2843 750 2951 811 τοῖς
2975 745 3277 817 ἀνθρώποις
3310 743 3560 829 ἐτελέσθη
3587 744 3725 816 (58')

2156 842 2245 896 διά
2271 842 2371 911 τῆς
2402 840 2686 904 ὀπτασίας.
2728 840 2916 892 Εἰπεῖν
2946 838 3121 891 τοίνυν
3146 836 3440 905 ἀναγκαῖον
3471 835 3610 906 πρὸς
3633 835 3729 891 τὸν

2155 932 2356 1003 ταύτην
2378 934 2509 1003 ἡμῖν
2533 929 2969 1008 ἀνθυποφέροντα
2996 928 3094 999 τὴν
3124 928 3379 991 διάνοιαν,
3403 926 3506 993 ὅτι,
3537 920 3608 979 Ὦ
3636 942 3730 979 σο-

2158 1023 2388 1093 φώτατε,
2419 1021 2524 1093 χρὴ
2552 1021 2645 1075 τὸν
2667 1020 2776 1074 τῶν
2800 1018 3239 1090 ἀναγνωσμάτων
3265 1019 3610 1090 βασανιστὴν,
3638 1020 3730 1093 ὀρ-

2157 1115 2255 1186 Θήν
2278 1131 2338 1167 τε
2369 1112 2503 1185 ὁμοῦ
2528 1113 2626 1184 τὴν
2649 1112 2888 1166 διάνοιαν
2906 1112 3047 1183 ἔχειν
3079 1111 3170 1164 καὶ
3195 1111 3257 1165 τὸ
3282 1110 3614 1182 μνημονικὸν
3638 1113 3729 1183 ὲῤ-

2157 1205 2421 1276 ῥωμένον,
2455 1204 2521 1256 ἵν’
2558 1203 2700 1257 οὕτω
2725 1201 2924 1273 δυνηθῇ
2952 1201 3170 1302 πάντων
3365 1200 3726 1302 περιδράσσεὶ-

2156 1294 2277 1348 σθαι
2308 1294 2416 1348 τῶν
2448 1294 2866 1365 γεγραμμένων.
2902 1293 2965 1345 Εἰ
2991 1290 3101 1363 γὰρ
3134 1291 3229 1345 καὶ
3265 1291 3446 1363 ζητεῖς
3483 1292 3583 1362 τὴν
3624 1290 3722 1344 τοῦ

2153 1385 2467 1455 Πνεύματος
2505 1385 2824 1457 παρουσίαν,
2876 1383 3070 1454 μικρὸν
3121 1383 3377 1453 ἀνωτέρω
3411 1381 3520 1435 τῶν
3557 1381 3726 1436 λίθων

2152 1474 2245 1527 καὶ
2301 1475 2403 1547 τῆς
2452 1475 2761 1545 μιαιφονίας
2811 1472 2990 1543 γενοῦ,
3043 1472 3137 1526 καὶ
3183 1473 3433 1544 εὑρήσεις
3477 1472 3586 1543 πρὸ
3622 1473 3727 1543 τῆς

2151 1565 2411 1629 ὀπτασίας
2435 1565 2494 1618 τὸ
2531 1565 2758 1637 Πνεῦμα
2785 1563 3132 1634 λαλούμενον,
3160 1565 3257 1618 καὶ
3283 1564 3564 1635 συμπαρὸν
3594 1564 3725 1617 Στε-
3824 1560 3833 1567 ’

2154 1657 2327 1727 φάνῳ,
2365 1658 2459 1710 καὶ
2489 1655 2920 1729 προκαταρτίζον
2946 1656 3039 1710 τὸν
3064 1656 3323 1726 ἀθλητήν.
3359 1654 3571 1719 Εὐθέως
3609 1655 3724 1725 γάρ

2152 1750 2210 1801 ὲν
2241 1750 2382 1819 ἀρχῇ
2410 1748 2504 1819 τοῦ
2536 1749 2868 1820 διηγήματος
2893 1786 2908 1812 ,
2944 1746 3145 1820 ταύτην
3178 1749 3310 1819 ήμῖν
3337 1747 3723 1819 προανεφῶνη-

2155 1856 2214 1893 σε
2259 1839 2353 1910 τὴν
2404 1824 2603 1910 φωνήν·
2663 1839 2964 1908 Στέφανος
3014 1838 3254 1908 πλήρης
3306 1838 3570 1906 χάριτος,
3620 1839 3722 1895 και

488 1909 596 1954 tem
631 1919 646 1956 :
681 1904 828 1961 clare
874 1923 1108 1980 namque
1152 1914 1203 1969 in
1256 1917 1520 1988 principio
1560 1904 1886 1981 narrationis
1914 1927 2046 1981 hanc

2150 1904 2449 1999 ἀληθείας,
2487 1904 2587 1985 καί
2613 1904 3153 2000 δυνάμεως-,ἐποίει
3425 1931 3520 1983 καὶ
3542 1929 3717 1998 τέρα-

486 1991 715 2061 primam
759 1998 911 2053 nobis
973 2004 1195 2069 protulit
1241 2022 1425 2063 vocem
1476 2028 1491 2065 :
1537 2010 1827 2080 Stephanus
1871 2016 2049 2084 plenus

484 2083 689 2151 gratio,
717 2097 762 2140 et
795 2092 1010 2144 veritate
1029 2129 1045 2156 ,
1081 2109 1143 2145 ac
1173 2094 1486 2163 fortitudine
1515 2100 1739 2165 faciebat
1769 2083 2007 2175 prodigia
2032 2151 2046 2171 ,

484 2175 715 2247 etsigna
758 2194 948 2251 magna
977 2183 1031 2237 in
1071 2186 1282 2253 populo.
1321 2186 1677 2247 Surrexerunt
1720 2206 1894 2250 autem
1933 2200 2050 2267 qui-

486 2267 607 2319 dam
641 2269 706 2323 de
732 2267 1011 2343 Synagoga
1031 2315 1046 2340 ,
1077 2293 1194 2344 quia
1225 2280 1595 2348 appellabatur
1627 2283 2007 2341 Libertinorum
2028 2328 2045 2355 ,

480 2365 530 2408 et
561 2354 933 2426 Cyrenensium
955 2403 969 2427 ,
993 2373 1040 2417 et
1077 2365 1546 2424 Alexandrinorum
1571 2411 1588 2437 ,
1625 2383 1673 2426 et
1717 2391 1932 2441 eorum,
1956 2354 2047 2447 qui

481 2454 629 2498 erant
657 2462 690 2499 a
733 2446 915 2503 Cilicia
935 2490 950 2515 ,
979 2462 1031 2507 et
1061 2456 1214 2523 Asia,
1239 2459 1564 2528 disputantes
1589 2479 1708 2517 cum
1734 2446 2001 2531 Stephano
2025 2485 2045 2524 :

478 2546 530 2590 et
573 2554 674 2592 uou
708 2550 944 2604 poterant
985 2546 1221 2604 resistere
1255 2553 1526 2619 sapientiae
1579 2565 1628 2610 et
1681 2557 1931 2624 spiritui,
1956 2576 2057 2630 quo

481 2624 785 2689 loquebatur
805 2631 874 2688 ⁸⁷.
914 2633 1070 2689 Vides
1110 2636 1290 2708 itaque
1338 2655 1551 2697 sacram
1596 2642 1934 2715 Scripturam

483 2718 682 2773 stincte
708 2736 772 2775 ac
814 2722 1048 2778 dilucide
1072 2726 1305 2797 Spiritus
1331 2734 1500 2787 sancti
1528 2734 1685 2789 nobis
1706 2741 2046 2807 proposuisse

482 2812 804 2876 personam?
829 2812 1087 2880 Quamvis
1110 2829 1287 2873 autem
1324 2821 1582 2891 Spiritum
1616 2836 1862 2883 sanctum
1894 2833 2043 2899 prius

481 2899 867 2969 descripserit,
899 2906 1089 2960 deinde
1127 2922 1253 2963 vero
1293 2910 1504 2967 Patrem
1546 2929 1610 2969 ac
1644 2916 1840 2971 Filium
1862 2961 1878 2985 ,
1911 2923 2043 2976 nihil

484 2989 605 3044 ﬁdei
645 2991 807 3048 oﬂieit
844 2998 1048 3053 ordinis
1100 3000 1358 3059 inversio.
1411 3006 1461 3061 Is
1507 3008 1651 3062 enim
1697 3025 1866 3066 sacra:
1897 3013 2043 3068 Scri-

479 3094 649 3153 ptura.-
677 3103 794 3143 unos
817 3100 919 3145 est.
948 3091 1248 3162 Aliquando
1271 3098 1415 3152 enim
1444 3100 1617 3155 solum
1653 3100 1844 3158 Filium
1879 3107 2043 3160 nomi-

479 3190 608 3229 nare
634 3179 851 3245 assolet,
884 3182 1171 3253 aliquando
1203 3202 1333 3243 vero
1357 3188 1615 3260 Spiritum
1643 3205 1888 3252 sanctum
1918 3213 2040 3253 cum

476 3265 644 3335 Filio;
674 3270 810 3326 alias
841 3288 968 3329 vero
989 3292 1017 3330 a
1041 3275 1201 3333 Patre
1225 3279 1439 3336 initium
1481 3300 1716 3353 sumere,
1743 3302 1806 3344 ac
1831 3288 1884 3344 iu
1915 3289 2038 3360 Spi-

479 3358 633 3411 ritum
661 3371 903 3417 sanctum
931 3367 1213 3425 desinere:
1245 3381 1300 3426 et
1329 3389 1486 3431 versa
1518 3373 1634 3433 vide
1666 3417 1682 3443 ,
1716 3380 1869 3435 initio
1896 3381 2039 3438 facto

475 3463 505 3501 a
535 3448 739 3519 Spiritu
773 3464 992 3521 sancto,
1034 3474 1131 3528 per
1158 3459 1351 3516 Filium
1379 3481 1684 3524 sermonem
1721 3474 1786 3526 ad
1818 3472 2036 3530 Patrem

474 3539 693 3598 ducere.
747 3544 1004 3617 llancque
1055 3551 1265 3607 dicendi
1322 3558 1745 3626 proprietatem,
1797 3567 2037 3619 omnium

474 3631 713 3687 maxime
748 3639 889 3704 apud
909 3637 1134 3694 Paulum
1160 3642 1367 3712 absque
1398 3646 1505 3721 ullo
1530 3651 1845 3710 discrimine
1880 3656 2040 3713 liceat

475 3720 817 3778 observatam
862 3728 1065 3785 videre.
1116 3731 1358 3788 Oﬁlcium
1393 3720 1555 3804 porro
1583 3753 1823 3798 nosnuut
1845 3788 1862 3812 ,
1896 3748 2039 3818 quod

477 3813 750 3881 Stephano
783 3818 1114 3879 debebamus
1145 3826 1515 3895 explevimus,
1571 3848 1675 3888 non
1723 3850 1787 3890 ex
1848 3842 2040 3895 merito

475 3904 711 3972 quidem,
743 3909 788 3963 si
826 3911 900 3965 rei
942 3916 1254 3985 magnitudo
1283 3931 1590 3990 spectetur;
1631 3934 1688 3980 at
1731 3928 1775 3982 si
1825 3930 2037 3987 dicendi

473 3997 700 4055 facultas
721 4040 738 4068 ,
779 4004 1011 4062 abunde.
1046 4010 1154 4065 Deo
1182 4022 1365 4070 nostro
1396 4015 1565 4086 gloria
1588 4059 1603 4085 ,
1632 4037 1775 4078 nunc
1811 4035 1864 4079 et
1894 4041 2037 4083 sem-

472 4102 586 4158 per,
619 4104 670 4146 et
701 4093 754 4148 iu
789 4097 985 4152 saecula
1015 4101 1359 4159 saeculorum.
1389 4108 1581 4164 Amen.

1195 4193 1324 4250 XIII.

758 4279 1070 4335 Adhortatio
1109 4285 1179 4337 ad
1214 4289 1568 4352 paenitentiam
1623 4292 1757 4366 (59).

545 4371 715 4425 llomo
751 4371 1074 4440 l’ltarisaeus,
1106 4384 1163 4429 ut
1192 4390 1256 4431 ex
1288 4377 1577 4450 Evangelio
1616 4383 1775 4440 Lucae
1800 4388 1909 4454 jam
1942 4403 2037 4445 ao-

469 4463 708 4529 cepimus
731 4460 777 4492 ⁸⁸
797 4501 812 4525 ,
839 4460 1117 4517 Dominum
1143 4466 1208 4519 ad
1227 4468 1529 4524 convivium
1557 4471 1767 4538 invitat,
1792 4477 2039 4531 domum-

2151 2037 2223 2073 ta
2259 2019 2494 2090 μεγάλα
2540 2020 2610 2074 ἐν
2652 2018 2733 2085 τῷ
2758 2019 2903 2085 λαῷ.
2949 2020 3323 2088 Ἀνέστησαν
3353 2018 3421 2073 δέ
3461 2034 3620 2084 τινες
3646 2020 3721 2073 ἐκ

2149 2109 2258 2177 τῆς
2289 2108 2647 2180 συναγωγῆς
2695 2107 2805 2177 τῆς
2835 2108 3165 2178 λεγομένης
3212 2107 3581 2175 Λιϐερτίνων,
3615 2107 3719 2161 καὶ

2147 2201 2516 2270 Κυρηναίων,
2549 2198 2648 2253 καὶ
2684 2197 3135 2267 Ἀλεξανδρέων,
3174 2196 3273 2251 καί
3316 2194 3436 2249 τῶν
3476 2194 3593 2251 ἀπὸ
3617 2199 3720 2249 Κι-

2145 2293 2364 2360 λικίας,
2390 2293 2488 2347 καὶ
2523 2291 2746 2357 Ἀσίας.
2768 2286 3164 2357 συζητοῦντες
3186 2287 3271 2354 τῷ
3283 2286 3584 2356 Στεφάνῳ
3615 2288 3718 2341 καὶ

2146 2384 2257 2437 οὐκ
2285 2382 2509 2453 ἴσχυον
2530 2379 2883 2448 ἀντιστῆναι
2906 2378 2980 2447 τῇ
3007 2380 3193 2448 σοφίᾳ
3218 2378 3315 2431 καί
3343 2376 3424 2443 τῷ
3455 2379 3719 2447 πνεύμα-

2146 2488 2220 2530 τι,
2253 2465 2302 2538 ᾧ
2331 2471 2556 2527 ἐλάλει.
2599 2471 2728 2525 Ἰδοὺ
2777 2470 2975 2532 τοίνυν,
3028 2469 3120 2522 καὶ
3165 2470 3227 2523 τὸ
3260 2468 3355 2522 τοῦ
3401 2467 3721 2537 Πνεῦματος

2145 2564 2273 2633 ἡμῖν
2313 2563 2611 2635 πρόσωπον
2655 2561 2920 2633 εὐκρινῶς
2966 2560 3176 2629 ὁλόγος
3218 2560 3541 2630 ὑπέστησεν.
3575 2558 3719 2612 Είδὲ

2143 2652 2300 2707 τοῦτο
2343 2655 2606 2727 πρότερον
2646 2652 2975 2724 γέγραπται,
3021 2651 3327 2704 τελευταῖον
3361 2650 3419 2703 δὲ
3455 2652 3484 2704 ὁ
3526 2648 3721 2722 Πατὴρ

2145 2746 2240 2801 καὶ
2269 2747 2299 2800 ὁ
2322 2747 2469 2812 Υἱὸς,
2503 2746 2656 2799 οὐδὲν
2684 2748 2718 2817 ἡ
2743 2746 2842 2816 τῆς
2868 2743 3073 2810 τάξεως
3109 2741 3394 2812 ἀπαλλαγὴ
3439 2744 3504 2813 τῇ
3534 2742 3720 2795 πίστει

2143 2837 2476 2906 λυμαίνεται.
2535 2836 2767 2907 Σῦνηθες
2812 2836 2924 2908 γὰρ
2968 2837 3127 2890 τοῦτο
3173 2837 3347 2888 ποιεῖν
3396 2836 3462 2905 τῇ
3498 2834 3714 2906 Γραφῇ·

2144 2929 2239 2983 καὶ
2273 2928 2403 2982 ποτὲ
2438 2928 2534 2999 μὲν
2567 2927 2853 2999 ὀνομάζειν
2887 2929 2977 2981 τὸν
3016 2927 3142 2980 Υίδν
3185 2926 3361 2997 μόνον’
3393 2925 3523 2978 ποτὲ
3561 2925 3620 2978 δὲ
3652 2926 3718 2979 eo

2143 3018 2367 3089 Πνεῦμα
2394 3019 2489 3071 σὺν
2519 3017 2595 3088 τῷ
2623 3017 2757 3089 Υίῷο
2791 3020 2885 3073 καὶ
2911 3018 3098 3072 ἄλλοτε
3125 3017 3181 3071 δὲ
3212 3015 3470 3087 ἄρχεσθαι
3508 3015 3609 3085 μὲν
3648 3017 3718 3070 ἐκ

2142 3105 2236 3160 τοῦ
2264 3106 2496 3177 Πατρὸς,
2526 3106 2854 3177 καταλήγειν
2902 3106 2960 3160 δὲ
3003 3108 3083 3170 εἰς
3129 3105 3190 3160 τὺ
3230 3102 3475 3175 Πνεῦμα.⁸
3517 3105 3615 3157 καὶ
3650 3104 3716 3158 τὺ

2144 3198 2431 3259 ἀνάπαλιν,
2468 3196 2568 3267 τῆς
2607 3197 2783 3267 ἀρχῆς
2825 3198 2890 3250 ὲκ
2925 3196 3020 3250 τοῦ
3054 3194 3364 3264 Πνεῦματος
3395 3194 3712 3265 γενομένης,

2142 3290 2228 3343 διὰ
2256 3289 2347 3343 τοῦ
2378 3288 2508 3342 Υἱοῦ
2548 3288 2623 3360 τῷ
2662 3289 2802 3359 λόγῳ
2844 3289 2937 3342 ἐπὶ
2972 3289 3063 3340 τὸν
3104 3286 3322 3357 Πατέρα
3348 3285 3572 3340 ὁδεύειν*
3617 3284 3715 3339 καὶ

2137 3378 2293 3433 τοῦτο
2346 3379 2405 3432 τὸ
2457 3380 2557 3451 τῆς
2600 3379 2884 3451 συνηθείας
2927 3378 3120 3450 ἰδίωμα
3182 3377 3411 3449 μάλιστα
3452 3377 3601 3449 παρά
3632 3377 3714 3449 τῷ

2141 3470 2359 3541 μεγάλῳ
2403 3470 2599 3540 Παύλῳ
2641 3469 3119 3541 ἀπαραφυ>.άκτως
3148 3466 3528 3539 συντηρεῖσθαι
3568 3468 3715 3537 γινό-

2141 3578 2299 3631 μενον
2326 3561 2469 3615 ἐστιν
2497 3562 2642 3619 ἰδεῖν.
2669 3562 3027 3632 Πεπλήρωται
3070 3561 3125 3614 δὲ
3158 3561 3289 3630 παρ’
3333 3560 3466 3631 ἡμῖν
3512 3559 3606 3613 καὶ
3631 3559 3713 3631 τῷ

2138 3653 2393 3724 Στεφάνῳ
2417 3654 2478 3706 τὸ
2497 3653 2673 3725 χρέοςο
2693 3654 2741 3706 εί
2768 3653 2873 3724 μὲν·
2888 3653 3023 3724 πρὸς
3046 3652 3104 3705 τὸ
3124 3651 3349 3722 μέγεοος
3374 3649 3585 3720 βλέπων
3603 3667 3713 3716 τις.

2137 3743 2236 3814 οὐχ
2273 3743 2490 3807 ἱκανῶς·
2521 3746 2571 3797 εἰ
2601 3745 2657 3798 δὲ
2690 3744 2831 3813 πρὸς
2863 3743 2955 3796 τοῦ
2983 3743 3231 3811 λέγοντος
3269 3741 3521 3812 δύναμιν,
3567 3741 3712 3794 αὐτ-

2139 3834 2341 3907 ἀρκως·
2366 3836 2446 3888 ὅτι
2468 3835 2546 3906 τῷ
2568 3834 2687 3904 Θεῷ
2715 3833 2925 3905 ήμῶνή
2950 3832 3096 3897 δόξα,
3130 3833 3224 3887 νῦν
3252 3831 3477 3898 utdel,
3511 3830 3604 3885 καὶ
3628 3832 3714 3896 τίς

2139 3926 2265 3989 τοὺς
2297 3924 2499 3989 αἰῶνας
2529 3924 2637 3979 τῶν
2669 3923 2911 3978 αἰώνων,
2944 3924 3134 3995 Ἀμήν.

2871 4234 2970 4288 II".

2443 4324 2873 4395 Προτρεπτικὸς
2905 4325 3031 4395 περὶ
3060 4325 3397 4395 μετανοίας.

2219 4416 2387 4487 Ἀνὴρ
2403 4418 2707 4489 Φαρισαῖος,
2729 4417 2803 4481 ὡς
2829 4417 3028 4488 ἀρτίως
3059 4416 3371 4487 ἠκούσαμεν
3398 4414 3494 4468 τοῦ
3522 4415 3711 4470 Δουκᾶ

2136 4500 2410 4570 λέγοντος,
2455 4505 2751 4575 προτρέπει
2796 4505 2887 4558 τὸν
2938 4504 3141 4577 Κύριον
3187 4505 3265 4568 εἰς
3311 4504 3575 4567 ἑστίασιν,
3611 4504 3709 4558 καὶ

466 4564 572 4616 que
600 4553 766 4617 dtu-it,
800 4560 855 4606 et
898 4568 1136 4608 mensam
1188 4571 1525 4614 communem
1569 4566 1808 4633 apponit.
1852 4568 2029 4622 Domi-

2462 4553 2748 4575 -τν-τ---ν-
2939 4553 3132 4577 --Ὗνη
3190 4553 3263 4568 ν.
3313 4553 3575 4567 "ww".

2147 4590 2446 4661 ὑπωρόφιον
2477 4591 2618 4661 ἀγει,
2658 4592 2758 4647 καὶ
2802 4593 2984 4664 κοινὴν
3016 4592 3370 4663 παρατίθεται
3410 4591 3705 4665 τράπεζαν.

469 4655 576 4693 nus
599 4653 777 4706 autem
829 4644 1084 4701 invitatus
1142 4662 1253 4702 non
1294 4663 1547 4721 gravatur
1592 4659 1888 4728 accedere,
1940 4677 2039 4718 nec

471 4727 784 4785 invitantem
824 4736 1048 4802 respuit,
1081 4740 1327 4803 quamvis
1366 4741 1452 4796 ille
1483 4758 1582 4799 nec
1610 4748 1906 4817 discipulus
1939 4753 2029 4817 sit,

2157 4681 2215 4735 '0
2246 4681 2303 4736 δὲ
2334 4680 2457 4735 οὕτε
2483 4682 2581 4753 τήν
2610 4684 2799 4755 κλῆσιν
2841 4685 3214 4749 ἀπαναίνεται,
3244 4682 3366 4737 οὔτε
3400 4682 3589 4752 φεύγει
3617 4683 3711 4737 τὸν

2142 4767 2446 4841 ἄνθρωπον,
2474 4773 2610 4843 μήτε
2630 4770 2875 4845 μαθητὴν
2895 4773 3042 4838 ὄντα,
3066 4774 3199 4844 μήτε
3222 4772 3607 4832 πιστεύσαντα.
3631 4772 3708 4842 τῷ

468 4832 569 4872 nec
602 4819 654 4872 in
683 4834 741 4875 se
767 4823 971 4888 credat,
1005 4827 1098 4878 sed
1129 4826 1263 4897 legis
1307 4832 1508 4900 scripto
1549 4836 1833 4895 devinctus
1870 4841 2037 4898 inlue-

3002 4819 3104 4915 τόξ
3128 4819 3323 4933 νόμου·
3354 4862 3447 4915 καὶ
3491 4826 3713 4914 οὐδέπω

470 4917 605 4974 real,
634 4926 732 4965 nec
774 4914 839 4965 ad
885 4915 1125 4970 veritatis
1157 4920 1517 4987 cognitionem
1565 4930 1750 4985 oculos
1795 4948 2029 5002 unquam

2147 4914 2405 5018 ’τὴν
2445 4914 2738 5018 ἐπίγνωσιν
2781 4914 3348 5022 τιῆςήάληοεὶαςποὺς
3395 4948 3709 5019 ὀφθαλμοὺς

466 5003 761 5069 aperuerit,
788 5005 916 5058 etin
948 5007 1326 5074 prophetarum
1368 5015 1811 5081 promissionibus
1851 5027 2028 5093 gravi.

466 5098 550 5114 ιλ..
598 5088 953 5114 I...ll....:_._.--_
1024 5095 1079 5114 ne
1110 5113 1127 5114 η
1184 5113 1187 5114 ,
1250 5108 1260 5114 .
1480 5106 1526 5114 ..
1604 5106 1620 5114 -

2147 5003 2438 5105 t‘ioiéavaa,
2475 5003 2729 5110 χαλεπῶς
2776 5003 3023 5114 δι”πρδέ
3067 5003 3173 5106 τάξ
3215 5003 3541 5110 ἐπαγγελίας
3573 5003 3709 5112 ⁵ἀμ·-

465 5098 550 5144 ter
598 5088 979 5149 hallurinetur.
1022 5095 1133 5150 Cur
1172 5108 1353 5155 autem
1406 5106 1559 5160 nobis
1602 5106 1774 5166 Lucas
1814 5088 2029 5186 scripsit

466 5182 566 5204 LM
606 5185 793 5204 nu...
944 5202 955 5204 _
1065 5189 1076 5202 .
1139 5190 1152 5204 .
1335 5194 1347 5204 .

2171 5088 2438 5105 ’νίν-ε--ννν
2476 5088 2725 5110 Λνττ--ηνντ
2779 5088 2835 5095 ν*
2891 5088 3016 5114 ’νδ-*ν
3079 5088 3164 5106 *νυν
3216 5088 3537 5110 -’““ιο“’”’”ι
3597 5088 3676 5112 *Ἱ-

2147 5127 2480 5184 ῑλυωποῦντα
2514 5130 2625 5185 τῶν
2677 5134 2989 5204 προφητῶν.
3031 5134 3096 5186 Τί
3136 5128 3227 5187 οὖν
3271 5133 3402 5203 ἡμῖν
3442 5128 3602 5184 τοῦτο
3646 5129 3717 5183 τὸ

466 5182 567 5235 hoc
601 5185 793 5252 caput?
820 5186 902 5240 An
932 5202 995 5242 ea
1024 5189 1277 5246 nimirum
1316 5194 1382 5250 de
1422 5211 1605 5264 causa,
1642 5210 1700 5256 ut
1737 5219 1796 5256 ea
1827 5182 2028 5276 cogno-

2147 5219 2419 5288 ιεφάλαιον
2450 5182 3119 5293 ἀνέγραφενδιΛουκᾶςς
3168 5182 3427 5294 Πότερον,
3473 5220 3564 5275 ἵνα
3608 5220 3714 5292 τὴν

461 5285 701 5338 scamus,
733 5290 852 5343 quae
894 5277 1141 5335 Christus
1169 5282 1299 5351 egit.
1346 5284 1472 5339 dum
1508 5287 1558 5342 in
1592 5305 1818 5362 corpore
1844 5310 2028 5351 versa-

2147 5277 2328 5374 γνῶσιν
2389 5277 2601 5382 ἔχωμεν
2651 5277 2725 5366 ῶν
2771 5317 2800 5366 ὁ
2848 5315 3053 5386 Ἰησοῦς
3101 5312 3504 5384 κατειργάσατο
3554 5311 3709 5365 πολιο

462 5370 642 5429 retur;
678 5376 733 5417 et
767 5381 831 5421 ex
865 5368 1105 5425 historia
1131 5375 1436 5443 cognitione
1467 5380 1693 5436 utilitate
1724 5383 2020 5442 documen-

462 5460 620 5477 ..._..-
670 5456 858 5477 --ι-ψ.-
906 5461 919 5477 .
1006 5476 1009 5477 ν
1137 5466 1148 5477 .
1197 5475 1205 5477 _
1480 5470 1492 5477 .
1560 5471 1572 5477 -

2147 5368 2611 5475 Eudpzvoéi-Etu}:
2646 5404 2878 5476 σώματι,
2908 5368 3010 5460 ⁸καὶ
3066 5407 3276 5476 γνῶσιν
3330 5404 3569 5477 ἱστορίας
3611 5405 3710 5456 ἑπ-

462 5460 623 5524 toque
668 5456 865 5513 referta
906 5461 1018 5516 haec
1044 5466 1242 5535 scripta
1286 5484 1382 5523 nos
1425 5470 1492 5524 ad
1532 5471 1686 5527 vitam
1717 5485 1859 5531 recte
1891 5493 2022 5533 con-

2147 5488 2367 5557 υφελοῦς
2398 5493 2802 5565 παραλάϐωμεν
2839 5515 2853 5562 ;
2880 5497 2914 5568 ἢ
2967 5496 3055 5550 νοῦ
3088 5513 3234 5561 τινος
3252 5494 3566 5564 ὲπωφελοῦς
3614 5494 3710 5545 καὶ

458 5555 772 5619 Stanterque
814 5551 1189 5611 instituendam
1233 5560 1512 5616 erudiant?
1547 5565 1636 5618 Sic
1675 5580 1775 5635 ego
1803 5569 2017 5637 quidem

2147 5551 2671 5654 ταιδευτικοῦγέμει
2698 5551 2767 5639 τὰ
2799 5551 3122 5659 γράμματα,
3168 5551 3260 5642 Iov
3294 5551 3560 5657 ἡμέτερον
3593 5581 3719 5652 βίωι

531 5749 664 5856 ἓξὲξ)
696 5750 1422 5856 Εεῑίεῖ.ἐξξξει¹ξῒξξ¹1τξέξξῖἱῇ
1433 5763 1952 5856 ·ρ¹⁵ἑῐ’1τ,-,εέἰῑῐι.ο,ιτε
2024 5853 2040 5856 _

2147 5839 2269 5856 ιη·μή
2334 5850 2345 5856 -
2498 5840 2540 5856 Il
2730 5845 2743 5856 ι
2760 5845 2822 5856 ιιι-

532 5820 643 5889 μιν)
694 5821 805 5877 lluc
841 5820 1009 5896 usque
1044 5828 1183 5885 inter
1228 5820 1680 5907 Upon-auﬂrcgnrii
1730 5820 1982 5908 Nysseui,
2018 5835 2100 5893 ed.
2137 5839 2291 5906 1638,
2333 5850 2461 5900 tom.
2498 5840 2540 5896 Il
2562 5884 2577 5913 ,
2620 5858 2670 5913 p.
2728 5845 2843 5902 ωδ.
2879 5845 2955 5901 lo.
