4076 6144
331 229 444 285 555

1172 225 1456 282 HOMILIA
1491 228 1638 284 Xlll.
1685 225 2133 284 ADIIORTATIO
2169 227 2260 282 AD
2303 227 2825 284 PCBNITEN'I‘IAM.

3477 234 3584 288 534

331 342 473 414 πρὸς
507 341 567 393 τὸ
594 340 750 411 ὀρθὸν
783 341 876 393 καὶ
914 339 1271 412 ἀδιάστροφον
1311 342 1691 407 κανονίζοντας
1723 341 1910 404 Οὕτως

2015 344 2285 408 existimo,
2342 359 2542 412 vosque
2593 341 2732 398 idem
2786 343 2989 399 sentire
3037 361 3134 416 par
3182 355 3283 402 est.
3340 348 3585 418 Plerique

329 433 390 487 δὲ
431 431 578 501 ἔχειν
615 430 791 500 ἔγωγε
824 431 1083 501 ἡγοῦμαι,
1113 431 1205 484 καὶ
1237 433 1379 502 ὑμᾶς
1407 431 1684 502 προσῆκον
1725 432 1910 485 πείθε-

329 524 477 578 σθαι.
517 523 710 576 Πολλοὶ
741 524 846 594 γάρ
878 525 983 576 εἰσι
1016 523 1124 576 τῶν
1165 525 1390 588 ἑαυτοὺς
1428 526 1776 580 δικαιούντων
1797 527 1915 596 φίλ-

331 631 491 668 αυτοι
557 615 652 668 καὶ
690 615 1038 686 αύτάρεσκοι,
1075 618 1132 668 ἐν
1161 615 1425 686 ὑπολήψει
1456 617 1541 669 διὰ
1585 618 1744 672 κενοῦ
1783 633 1914 690 φρο-

331 707 572 775 νήματος
627 705 991 776 ὡγκωμένοι,
1045 708 1400 778 ἁμαρτωλοὺς
1449 709 1738 773 καλοῦντες
1787 711 1913 773 τοὺς

334 792 674 863 ἐγγίζοντας,
724 797 817 848 κα)⁸
849 797 976 867 πρὶν
1008 797 1182 851 ἐλθεῖν
1218 799 1279 850 τὸ
1326 798 1577 869 ἀληθινὸν
1609 803 1908 872 κριτήριον,

330 885 577 950 ἑαυτοὺς,
605 886 679 949 ὡς
709 886 877 954 ἄρνας
902 888 1010 941 ἀπὸ
1047 887 1154 940 τῶν
1181 889 1402 959 ἐρίφων,
1433 889 1783 961 χωρίζοντες,
1821 891 1913 944 καί⁵

338 977 470 1046 πρὸς
512 976 607 1045 τὴν
652 976 822 1046 θύραν
872 979 970 1049 τῆς
1011 977 1289 1048 βασιλείας
1325 980 1611 1050 βλέποντες
1654 982 1729 1046 ὡς
1782 983 1911 1034 ἀνα⁶

341 1067 689 1137 πεπταμένην
763 1069 973 1131 αὐτοῖς·
1030 1071 1091 1122 οὐ
1154 1071 1384 1142 στέγης,
1434 1073 1533 1126 οὑκ
1595 1074 1910 1145 ἐδεσμάτων

338 1157 610 1222 ἀξιοῦντες
657 1160 769 1220 τοῖς
815 1159 1029 1223 πολλοῖς
1076 1165 1378 1214 κοινωνεῖν·
1419 1162 1826 1233 βδελυσσόμενοι
1855 1164 1911 1216 δὲ

337 1251 543 1312 πάντας
564 1251 690 1312 τοὺς
720 1251 796 1320 μὴ
828 1250 927 1320 τὴν
959 1250 1156 1320 ἄκραν,
1183 1252 1317 1305 ἀλλὰ
1351 1253 1449 1323 τὴν
1487 1254 1657 1326 μέσην
1691 1258 1782 1308 ἐπὶ
1815 1255 1909 1309 τοῦ

337 1341 454 1410 βίου
483 1341 868 1411 πορευομένοις
893 1340 1029 1393 ὀδόν.

417 1433 474 1484 ὐ
507 1433 683 1484 τοίνυν
717 1433 950 1497 Λουκᾶς,
995 1433 1022 1483 ό
1049 1432 1208 1486 πλέον
1235 1433 1342 1486 τῶν
1370 1435 1556 1505 ψυχῶν
1591 1435 1620 1506 ἢ
1657 1436 1763 1489 τῶν
1800 1453 1909 1488 σω-

327 1525 524 1595 μάτων
563 1525 766 1594 ἰατρὸς,
805 1523 1010 1593 ἔγραψε
1045 1523 1106 1576 τὸ
1145 1526 1201 1576 ἐν
1248 1527 1404 1596 χερσὶ
1431 1527 1707 1596 διήγημα·
1739 1529 1798 1578 ού
1826 1528 1910 1581 λόο

334 1633 430 1683 γον
470 1615 689 1679 ἁπλῶς,
732 1614 868 1668 ἀλλά
906 1615 1195 1684 φάρμακον
1236 1616 1345 1670 τῶν
1393 1618 1692 1671 νοσούντων
1741 1619 1911 1673 αὐθά-

335 1705 504 1765 δειαν,
548 1703 708 1756 αὑτὸν
758 1701 912 1772 ἡμῶν
960 1703 1050 1756 τὸν
1085 1703 1216 1756 Θεὸν
1251 1705 1344 1758 καὶ
1391 1705 1616 1775 Σωτῆρα
1662 1705 1906 1771 δεικνὺς,

335 1797 426 1849 τὸν
471 1795 812 1866 ἀσυγκρίτως
861 1793 1098 1866 καθαρὸν
1157 1796 1250 1848 καὶ
1304 1797 1462 1866 μόνον
1505 1796 1730 1862 δίκαιον,
1782 1815 1913 1867 συγ-

335 1886 690 1960 γνωμονικῶς
727 1885 846 1938 λίαν
876 1888 988 1949 τοῖς
1031 1887 1501 1957 κατεγνωσμένοις
1548 1904 1912 1958 συναναστρε-

337 1980 591 2048 φόμενον,
623 1979 852 2040 καὶτοῖς
887 1978 1098 2030 οὐδέπω
1134 1977 1570 2048 κεκαθαρμένοις
1605 1979 1913 2032 συνδιαιτώ-

339 2086 530 2138 μενον·
580 2071 678 2139 οὐχ
732 2069 820 2122 ῖνα
859 2086 911 2121 τι
952 2069 1230 2142 προσλάϐῃ
1279 2069 1379 2140 τῆς
1427 2072 1647 2124 ἐκείνων
1681 2070 1908 2137 κακίας,

335 2161 564 2216 ἀλλ’ἵνα
602 2160 814 2231 μεταδῴ
842 2161 940 2230 τῆς
989 2162 1194 2225 οἰκείας
1240 2162 1605 2234 δικαιοσύνης,
1637 2163 1777 2216 κατά
1813 2163 1910 2234 τὴν

338 2253 569 2323 ἡλιακὴν
605 2252 806 2322 ταύτην
837 2253 936 2323 τὴν
969 2253 1296 2323 φαινομένην
1329 2254 1604 2323 ἐνέργειαν
1635 2255 1777 2325 (ὅσον
1803 2255 1911 2308 ἀπὸ

338 2344 432 2398 τοῦ
485 2343 779 2414 κτίσματος
829 2344 1177 2414 παραστῆσαι
1222 2343 1317 2398 τοῦ
1370 2345 1585 2399 κτίστου
1637 2345 1731 2418 τὴν
1775 2349 1909 2418 πρό-

340 2435 532 2505 νοιαν).
555 2437 739 2506 Ἴσμεν
777 2436 874 2506 μὲν
906 2435 1034 2506 γὰρ,
1061 2437 1142 2489 ὅτι
1174 2437 1268 2489 καὶ
1292 2439 1320 2489 ὁ
1347 2437 1495 2507 ἥλιος
1526 2440 1584 2491 ού
1612 2439 1708 2502 τὰς
1733 2440 1908 2509 ήπλω-

343 2529 511 2597 μένας
550 2527 707 2597 μόνον
735 2526 1031 2597 ἐπιλάμπει
1062 2526 1265 2597 χώρας,
1293 2528 1428 2582 ἀλλὰ
1459 2531 1552 2583 καὶ
1579 2530 1701 2582 ὅσαι
1740 2530 1908 2584 κοιλό-

336 2637 491 2690 τεραι
525 2620 617 2672 καὶ
643 2619 742 2690 τῆς
761 2618 1060 2689 ἀντρώδους
1087 2618 1277 2689 ἔλαχον
1308 2619 1529 2683 θέσεως.
1559 2619 1908 2690 Παυσὼμεθα

335 2710 538 2775 τοίνυν,
576 2711 628 2762 si
647 2727 789 2774 τινες
823 2710 992 2772 οὕτως
1021 2709 1345 2782 φρονοῦμεν,
1373 2710 1447 2774 ὼς
1475 2713 1503 2764 ὁ
1528 2711 1681 2779 λόγος
1715 2711 1907 2782 φησίν·

337 2799 710 2872 μιμησὼμεθα
740 2801 796 2854 δὲ
836 2799 928 2854 τοῦ
961 2801 1226 2854 Δεσπότου
1260 2802 1320 2854 τὸ
1366 2803 1544 2864 ἵλεων,
1594 2803 1687 2856 καὶ
1724 2801 1912 2871 φιλάν-

340 2892 575 2965 θρωπον,
606 2895 717 2956 τοῖς
744 2894 1018 2954 ταπεινοῖς
1051 2891 1139 2944 διὰ
1168 2889 1326 2945 τοῦτο
1353 2893 1872 2962 συγκαταδαίνοντες
1890 2909 1904 2923 ·

338 2982 436 3051 οὐχ
467 2982 556 3036 ἵνα
583 2982 765 3044 αὐτοῖς
805 2983 1074 3052 κειμένοις
1103 2982 1637 3055 συνταπεινωθῶμεν,
1677 2984 1790 3038 ἀλλ’
1821 2985 1909 3038 ἵνα.
1934 3011 1976 3068 c

331 3071 632 3136 ,κάκείνους
663 3071 970 3144 ύψώσωμεν
989 3090 1001 3102 ·
1031 3067 1139 3127 οἷον
1169 3073 1502 3145 κολυμϐηταί
1527 3093 1670 3140 τινες
1691 3075 1908 3146 έφυδροι

337 3163 467 3225 τοὺς
526 3163 862 3232 παγομένους
916 3163 1051 3234 πρὸς
1099 3164 1189 3216 τὸν
1241 3163 1466 3228 ζωτικὸν
1528 3167 1664 3236 ἀέρα
1722 3166 1908 3220 τοῦτον

337 3253 590 3306 ἀνέλκοντ
599 3271 672 3317 ες.

421 3431 638 3503 Ἐπειδὴ
685 3433 742 3486 δέ
781 3432 915 3504 πρὸς
967 3434 1194 3506 ἀρίστην
1237 3435 1420 3504 νόησιν
1453 3433 1514 3486 τὸ
1562 3433 1908 3502 εύαγγελικὺν

335 3523 575 3594 γράμμα
605 3527 1007 3595 ’χειραγωγεῇ
1074 3525 1204 3597 φέρε
1264 3526 1399 3596 πρὸς
1449 3525 1539 3578 τὸν
1601 3527 1908 3596 ἐμπεσόντα

340 3617 539 3669 σκοπὸν
569 3617 793 3680 ἐαυτοὺς
822 3617 1213 3688 ἀποτείνωμεν.
1248 3615 1526 3688 Θαυμάζω
1554 3617 1756 3687 σφόδρα
1785 3618 1909 3680 τοὺς

337 3707 436 3778 τὴν
481 3707 702 3778 ἐμπαθῆ
761 3707 962 3774 ταύτην
1013 3708 1106 3761 καὶ
1160 3706 1439 3779 φιλήδονον
1495 3709 1908 3778 περικειμένους

337 3798 538 3867 σάρκα,
584 3796 930 3868 ἡττωμένους
978 3799 1034 3852 δὲ
1077 3801 1394 3871 καθημὲραν
1443 3796 1612 3850 ὕπνου
1663 3798 1758 3850 καὶ
1801 3812 1906 3864 γα-

341 3889 527 3960 στρός·
557 3889 618 3942 ού
663 3890 768 3960 μὴν
803 3889 924 3942 ούδέ
955 3889 1064 3944 τῶν
1111 3889 1286 3944 ἀλλων
1329 3886 1635 3960 ἐρεθισμῶν
1667 3887 1905 3958 ἀπείρως

332 3979 581 4050 ἔχοντας,
609 3980 716 4032 τῶν
733 3982 848 4034 ὅσοι
878 3981 1142 4052 γνώριμοι
1168 3982 1331 4034 πᾶσιν
1356 3981 1486 4050 ἡμῖν
1508 3981 1619 4041 τοῖς
1645 3977 1743 4047 τῆς
1778 3979 1907 4047 μιᾶς

338 4071 431 4123 καὶ
463 4074 562 4142 τῆς
593 4071 762 4142 αὐτῆς
797 4071 1108 4125 κοινωνοῦσι
1149 4071 1384 4142 φύσεως,
1413 4071 1561 4132 ὅπως
1598 4068 1706 4121 είσὶ
1740 4067 1906 4138 σκλη-

333 4162 425 4232 ροὶ
459 4160 708 4214 δικασταὶ
747 4162 855 4215 τῶν
905 4163 1342 4233 ἁμαρτανόντων,
1383 4160 1477 4214 καὶ
1510 4157 1721 4213 ἐαυτῶν
1771 4175 1906 4227 συγ-

338 4249 639 4319 γνώμονες·
673 4251 918 4315 ἀσθενεῖς
951 4237 1268 4321 ἀγωνισταὶ,
1310 4252 1400 4305 καὶ
1420 4251 1783 4320 ἀπαραίτητοι
1820 4266 1902 4302 νο-

2014 436 2157 488 enim
2206 451 2418 498 eorum,
2468 435 2557 502 qui
2604 436 2761 504 seipsi
2788 434 3050 503 jutlicaul,
3085 436 3186 490 sibi
3217 448 3584 504 assentautur,

2015 540 2073 578 se
2105 524 2349 594 diligunt,
2398 525 2498 579 sibi
2539 523 2772 594 placent,
2807 527 3064 595 inanique
3111 525 3366 594 Opinione
3397 531 3583 585 tumidi

2015 623 2178 680 atque
2213 611 2398 677 inﬂati,
2435 627 2550 675 eos,
2585 613 2674 682 qui
2725 614 2791 667 ad
2837 629 2896 667 se
2949 615 3228 678 accedunt,
3276 627 3587 683 peccatores

2015 686 2284 771 appellant
2320 712 2374 757 et
2411 713 2697 772 antequam
2749 704 2861 758 veri
2908 701 3092 770 iudicii
3136 715 3344 774 tempus
3380 707 3581 770 veniat,

2012 811 2070 850 se
2095 804 2348 864 tauquam
2379 809 2544 864 agnos
2575 795 2642 848 ab
2674 795 2840 849 haedis
2870 806 3144 864 separant,
3178 797 3410 866 coelique
3438 797 3582 852 fores

2011 887 2110 942 sibi
2156 897 2372 955 apertas
2418 887 2712 952 intuentes,
2775 901 2872 941 nec
2930 890 3142 942 domum
3200 904 3320 943 cum
3380 890 3584 959 reliqua

2012 978 2371 1042 multitudine,
2412 992 2511 1030 nec
2549 977 2727 1030 cibum
2777 978 3066 1046 dignantur
3117 979 3314 1035 habere
3353 996 3584 1035 commu-

2013 1083 2157 1129 nem,
2206 1075 2368 1135 atque
2396 1082 2602 1131 onmes,
2648 1067 2737 1134 qui
2772 1082 2876 1120 non
2915 1082 3010 1136 per
3041 1083 3328 1133 summam,
3369 1071 3462 1125 sed
3487 1085 3584 1141 per

2013 1157 2242 1211 mediam
2277 1167 2394 1212 vita:
2419 1159 2664 1212 semitam
2700 1157 2975 1223 incedunt,
3017 1160 3369 1214 detestantur.

2082 1421 2257 1475 Lucas
2305 1421 2488 1491 igitur,
2522 1423 2824 1478 animorum
2869 1426 3057 1495 magis,
3107 1442 3264 1496 quam
3296 1441 3580 1498 corporum

2013 1517 2268 1578 medicus,
2311 1526 2626 1583 prtesentem
2655 1516 2792 1570 hanc
2832 1517 2987 1572 nobis
3030 1533 3134 1572 non
3167 1527 3274 1572 tam
3310 1520 3576 1573 narratio.

2013 1624 2152 1671 nem,
2178 1623 2335 1676 quam
2363 1608 2514 1675 plane
2543 1611 2838 1677 appositam
2866 1609 3253 1676 aegrotantibus
3284 1611 3425 1664 fastu
3459 1627 3573 1664 meo

2011 1699 2238 1752 dicinam
2267 1697 2529 1762 exhibuit,
2563 1701 2870 1764 Ostendens,
2906 1702 3076 1768 ipsum
3119 1699 3282 1753 Deum
3321 1699 3581 1754 Servato-

2013 1806 2121 1842 rem
2168 1798 2428 1852 nostrum,
2477 1791 2567 1859 qui
2614 1792 2729 1844 sine
2780 1792 3180 1860 comparatione
3219 1807 3384 1861 purus
3419 1803 3582 1860 atque

2011 1880 2221 1950 integer
2252 1891 2352 1946 est,
2400 1883 2655 1952 solusque
2689 1883 2892 1952 justus,
2933 1883 3226 1938 clementer
3270 1883 3579 1948 admodum,

2012 1973 2340 2041 benigneque
2376 1989 2497 2027 cum
2553 1975 2775 2042 perditis
2833 1984 2996 2043 atque
3040 1974 3307 2028 damnatis
3350 1975 3578 2038 versari,

2009 2075 2064 2118 et
2109 2079 2227 2116 cum
2271 2065 2358 2127 iis,
2395 2066 2486 2132 qui
2542 2064 2776 2118 nondum
2813 2066 2932 2134 puri
2972 2065 3264 2133 mundique
3301 2074 3450 2132 sunt,
3501 2066 3580 2119 vi-

2010 2170 2153 2218 vere,
2187 2172 2291 2210 non
2326 2165 2382 2209 ut
2419 2171 2605 2210 eorum
2642 2157 2882 2210 maculas
2932 2157 3184 2225 accipiat,
3221 2157 3314 2210 sed
3363 2166 3422 2210 ut
3470 2155 3578 2212 illis

2004 2245 2270 2313 justitiam
2305 2264 2456 2302 suam
2508 2249 2891 2318 impertiatur:
2941 2249 3113 2304 instar
3163 2249 3386 2320 hujusce
3423 2250 3578 2312 solis,

2009 2353 2166 2406 quem
2197 2339 2488 2403 cernimus,
2527 2340 2617 2408 qui
2648 2340 2959 2409 (licetenim
2989 2355 3054 2394 ex
3075 2355 3132 2394 re
3155 2350 3434 2409 procreata
3455 2357 3581 2411 pro-

2011 2430 2269 2482 creatoris
2318 2432 2711 2498 providentiam
2770 2432 3092 2501 intelligere)
3140 2448 3244 2487 non
3281 2433 3467 2500 planas
3495 2449 3582 2488 so-

2011 2519 2118 2572 lum
2153 2521 2398 2589 regiones
2447 2521 2701 2586 illustrat,
2739 2523 2831 2575 sed
2875 2523 2995 2577 illas
3048 2525 3234 2588 etiam,
3291 2539 3411 2593 quae
3453 2534 3580 2579 sunt

2009 2612 2178 2666 antris
2235 2613 2592 2682 cavernisque
2664 2622 2938 2668 tortuosae.
3020 2616 3358 2684 Depouamus
3417 2616 3581 2685 igitur

2010 2705 2399 2773 arrogantiam,
2428 2705 2472 2759 si
2515 2705 2605 2773 qui
2655 2704 2789 2760 tales
2827 2720 3035 2768 sumus,
3067 2706 3239 2774 qualis
3277 2716 3359 2761 est
3390 2708 3456 2772 is,
3485 2708 3576 2776 qui

2011 2793 2113 2847 hac
2141 2793 2386 2849 oratione
2431 2795 2736 2864 descriptus
2780 2803 2862 2849 est
2891 2835 2908 2862 ,
2941 2794 3323 2866 imitemurque
3368 2798 3580 2852 Domini

2011 2884 2434 2939 misericordiam
2466 2895 2521 2939 et
2550 2885 2961 2951 humanitatem,
3001 2887 3231 2944 humiles
3268 2899 3322 2944 et
3353 2889 3584 2945 aﬂlictos

2011 2978 2083 3030 ita
2116 2978 2556 3046 complectentes,
2602 2991 2707 3030 non
2745 2987 2802 3030 ut
2837 2993 2962 3032 cum
2999 2978 3106 3034 illis
3122 2979 3427 3048 jacentibus
3450 2996 3582 3037 cou-

2011 3076 2337 3132 sternantur,
2396 3068 2489 3122 sed
2523 3076 2581 3121 ut
2633 3081 2726 3121 eos
2765 3069 2944 3137 potius
2992 3070 3315 3136 excitemus,
3359 3081 3414 3126 et
3458 3080 3579 3126 tan-

2011 3175 2168 3228 quam
2203 3159 2404 3227 egregii
2451 3157 2669 3225 quidam
2724 3160 3028 3214 urinatores
3074 3161 3126 3213 in
3169 3163 3324 3228 aquis
3362 3166 3577 3218 demer-

2011 3265 2123 3313 sos,
2154 3263 2217 3300 ac
2245 3247 2616 3309 moribundos,
2643 3245 2710 3299 ad
2739 3246 2954 3300 vitalem
2997 3246 3139 3302 hunc
3183 3262 3364 3302 aerem
3393 3259 3578 3305 extra~

2009 3341 2220 3394 hamus.

2079 3429 2341 3496 Quoniam
2379 3439 2556 3484 autem
2602 3429 3048 3498 pulcherrimum,
3078 3445 3396 3502 summeque
3420 3433 3579 3488 nobis

2009 3524 2138 3576 utile
2165 3523 2375 3592 signqu
2409 3531 2716 3591 proponunt
2763 3522 2876 3576 hate
2905 3521 3179 3592 Evangelii
3220 3523 3446 3591 scripta,
3476 3539 3577 3594 age

2011 3613 2137 3668 illuc
2168 3615 2362 3670 mentis
2405 3615 2573 3668 aciem
2615 3614 2980 3668 intendamus.
3019 3611 3378 3668 Vehementer
3413 3615 3578 3670 admi—

2013 3722 2124 3770 ror,
2155 3722 2261 3776 quo
2295 3709 2450 3762 modo
2475 3709 2582 3774 isti,
2614 3707 2704 3776 qui
2737 3718 2928 3761 natura
2957 3708 3454 3776 perturbationibus
3475 3709 3575 3764 ob-

2012 3799 2192 3860 noxia,
2239 3797 2680 3867 voluptatumque
2731 3799 2973 3852 studiosa
3037 3799 3358 3854 circumdati
3418 3811 3574 3864 sunt,

2010 3887 2208 3954 quique
2233 3895 2344 3940 tum
2374 3888 2696 3952 dormiendi,
2726 3897 2837 3942 tum
2866 3890 3082 3955 edendi,
3115 3901 3170 3945 et
3203 3893 3418 3948 caeteris
3444 3909 3576 3948 ven-

2011 3977 2078 4030 tri
2135 3979 2455 4032 necessariis
2500 3979 2684 4033 usibus
2734 3981 2975 4049 quotidie
3023 3993 3238 4051 parent,
3278 3994 3443 4055 atque
3482 3989 3578 4042 iis-

2009 4068 2128 4122 dem
2163 4069 2542 4138 cupiditatibus
2586 4070 2799 4124 incitari
2851 4087 2910 4126 se
2957 4075 3215 4139 sentiunt,
3265 4090 3402 4143 quas
3455 4093 3574 4140 nos.

2007 4160 2100 4228 qui
2128 4176 2234 4216 una
2259 4161 2554 4231 eademque
2588 4177 2708 4216 cum
2751 4162 2858 4218 illis
2891 4174 3082 4219 natura
3120 4167 3329 4234 praediti
3363 4183 3572 4233 sumus,

2009 4253 2336 4321 experimur,
2388 4253 2680 4321 iniquiores
2718 4268 2798 4317 se,
2843 4270 2910 4308 ac
2955 4255 3200 4311 duriores
3229 4258 3280 4310 iu
3329 4273 3446 4322 eos,
3485 4261 3576 4328 qui

339 4339 593 4408 μοθέται·
625 4340 699 4403 ὡς
741 4343 833 4394 καὶ
875 4343 972 4413 τῆς
1009 4342 1102 4396 τοῦ
1135 4341 1269 4396 θεοῦ
1317 4339 1722 4411 φιλανθρωπίας
1756 4341 1904 4392 ἀναι-

2011 4352 2254 4412 peccant,
2280 4343 2485 4411 judices
2527 4345 2818 4413 praebeant,
2867 4345 3078 4414 sibique
3123 4357 3452 4417 pugnatores
3491 4351 3577 4405 iu-

334 4434 453 4501 ρεῖν
477 4431 572 4501 τὴν
601 4432 809 4497 ἐλπίδα,
863 4435 956 4486 καὶ
982 4435 1364 4504 ἀποφράττειν,
1384 4433 1458 4496 ὠς
1485 4431 1780 4502 νομίζουσι,
1811 4431 1910 4500 τὴν

336 4521 568 4590 ἄφθονον
596 4521 689 4574 τοῦ
726 4523 908 4586 ἐλέους
940 4525 1142 4595 πηγὴν,
1179 4525 1271 4577 καὶ
1306 4524 1442 4594 μετὰ
1482 4523 1680 4591 πολλῆς
1711 4523 1767 4576 δὲ
1813 4523 1909 4593 τῆς

339 4608 623 4674 αὑθεντίας
650 4611 958 4665 ἀποκλείειν
986 4617 1098 4675 τοῖς
1134 4612 1479 4682 πλανηθείσιν
1507 4612 1604 4682 τῆς
1636 4610 1910 4680 βασιλείας

338 4702 434 4772 τὴν
466 4701 688 4755 εἴσοδον.
718 4703 887 4757 Τοῦτο
916 4704 971 4756 δέ
1005 4705 1156 4758 οὐδὲν
1194 4703 1321 4757 ἄλλο
1351 4705 1384 4775 ἢ
1421 4704 1512 4756 καὶ
1537 4703 1754 4773 νομικὸν
1798 4701 1914 4772 (60)

338 4796 646 4864 ἀπόγνωσιν
691 4797 935 4867 ἐμποιεῖν
976 4797 1173 4867 ψυχαῖς
1223 4796 1460 4866 ἰατρείαν
1506 4797 1814 4865 ζητούσαις.
1854 4797 1910 4848 '0

339 4886 444 4954 γὰρ
490 4886 589 4954 τῆς
631 4885 925 4955 θεραπείας
963 4886 1288 4952 ἀπελπίσας,
1323 4884 1506 4949 δοῦλος
1530 4887 1740 4954 γίνεται
1789 4885 1914 4938 καθ-

339 4977 490 5042 άπαξ
531 4977 632 5046 τῆς
662 4978 854 5030 νόσου·
890 4980 985 5032 καὶ
1028 4979 1133 5050 πρό
1160 4995 1222 5046 γε
1257 4979 1438 5045 πάσης
1489 4979 1588 5048 τῆς
1619 4977 1726 5029 τῶν
1777 4978 1913 5046 ἠμε-

337 5066 506 5135 τέρων
537 5067 764 5138 Γραφῶν
796 5070 1131 5137 ἐπαγγελίας
1159 5071 1437 5140 ἀλλότριος
1463 5087 1475 5100 ·
1509 5069 1629 5122 οὐδὲ
1661 5067 1768 5140 γὰρ
1799 5069 1914 5120 ἐκεῖ

336 5155 412 5225 τῷ
451 5159 683 5222 συνετῶς
712 5159 1019 5226 ἐξετάζοντι
1050 5161 1307 5222 τοιοῦτον,
1339 5162 1368 5214 ὃ
1411 5161 1485 5232 μὴ
1526 5162 1685 5231 χάρις
1721 5160 1908 5232 δωρεῖ-

334 5263 444 5310 ται,
489 5251 582 5302 καὶ
617 5249 909 5322 θεραπεύει
941 5253 1256 5325 συγγνώμη.
1288 5255 1397 5308 Καὶ
1430 5253 1512 5314 τίς
1560 5252 1731 5315 οὕτως
1778 5253 1908 5305 ὑπό-

336 5355 516 5408 κωφος
556 5341 650 5394 καὶ
684 5343 916 5414 ἀνήκοος
957 5343 1064 5396 τῶν
1093 5344 1267 5413 λόγων
1311 5344 1402 5397 τοῦ
1438 5343 1577 5410 Ἰὼϐ,
1613 5343 1908 5416 διαρρήδην

403 5595 518 5665 (60)
558 5609 650 5663 π).
691 5593 898 5659 ἄλλως
918 5594 1276 5664 οἰκονομικόν.

2015 4434 2155 4488 ﬁrmi
2182 4443 2288 4487 tam
2324 4435 2482 4488 facile
2511 4435 2839 4504 indulgeant,
2863 4431 2940 4490 ’in
2986 4437 3120 4493 alios
3167 4449 3346 4492 autem
3389 4440 3578 4495 arbitri

2013 4541 2134 4581 esse
2170 4527 2335 4581 velint
2383 4527 2764 4589 inexorabiles.
2810 4529 2945 4582 adeo
2991 4539 3050 4583 ut
3099 4529 3190 4584 Dei
3231 4532 3578 4601 benignitatis

2011 4631 2159 4686 spem
2189 4617 2457 4682 auferant,
2489 4617 2815 4687 uberemque
2842 4619 3225 4675 misericordiae
3251 4621 3452 4676 fontem
3478 4625 3578 4676 ob-

2011 4717 2243 4774 struant,
2283 4720 2340 4763 ut
2375 4709 2473 4776 ipsi
2506 4717 2712 4778 putant,
2747 4709 3020 4778 multaque
3059 4712 3378 4766 auctoritate
3423 4714 3575 4783 regni

2011 4801 2214 4855 aditum
2270 4800 2577 4855 errantibus
2639 4799 2968 4870 patefaciant
3027 4801 3376 4876 [occludunt].
3425 4805 3578 4870 Quod

2012 4904 2132 4943 cum
2167 4889 2297 4944 nihil
2327 4889 2473 4944 aliud
2506 4890 2596 4956 sit,
2629 4905 2792 4959 quam
2835 4892 3031 4946 animis
3069 4893 3403 4948 curationem
3431 4911 3580 4964 qua:-

2016 4982 2257 5036 rentibus
2286 4980 2720 5050 desperationem
2764 4981 3003 5050 objicere
3034 4999 3051 5034 ε
3095 4985 3182 5036 cui
3237 4984 3380 5038 enim
3423 5003 3580 5039 cura-

2017 5070 2178 5125 tionis
2205 5070 2452 5137 adempta
2478 5085 2602 5138 spes
2629 5081 2730 5135 est,
2773 5071 2816 5124 is
2857 5071 3012 5138 plane
3035 5073 3207 5126 morbi
3243 5088 3433 5130 servus
3461 5078 3578 5130 elli-

2017 5160 2182 5223 citur,
2229 5170 2338 5213 tum
2377 5160 2446 5214 ab
2483 5161 2630 5214 omni
2667 5161 2876 5215 alienus
2910 5172 2990 5214 est
3035 5162 3438 5230 Scripturarum
3482 5183 3580 5219 un-

2012 5260 2245 5305 strarum
2281 5252 2675 5318 promissione:
2723 5252 2778 5306 in
2817 5253 3036 5322 quibus,
3069 5255 3112 5307 si
3157 5254 3444 5324 diligenter
3481 5271 3578 5310 ex-

2015 5342 2215 5413 plores,
2271 5340 2406 5396 nihil
2453 5352 2560 5397 tam
2622 5358 2784 5414 grave
2842 5345 3132 5416 reperitur,
3177 5348 3320 5416 quod
3371 5363 3475 5403 nuit
3525 5357 3579 5401 et
