  <div class='ocr_page' id='page_1' title='image "/cluster/home/n/w/nwhite01/storage/ocr_20150623/40/mdp.39015041198055/185.png"; bbox 0 0 4062 6150; ppageno 0'>
   <div class='ocr_carea' id='block_1_1' title="bbox 487 214 3750 292">
    <p class='ocr_par' dir='ltr' id='par_1_1' title="bbox 487 214 3750 292">
     <span class='ocr_line' id='line_1_1' title="bbox 487 214 3750 292; baseline -0.004 -8"><span class='ocrx_word' id='word_1_1' title='bbox 487 232 598 292; x_wconf 74' lang='lat'><strong>355</strong></span> <span class='ocrx_word' id='word_1_2' title='bbox 1764 223 1820 278; x_wconf 85' lang='lat' dir='ltr'><strong>S.</strong></span> <span class='ocrx_word' id='word_1_3' title='bbox 1867 214 2139 277; x_wconf 79' lang='lat' dir='ltr'><strong>ASTERll</strong></span> <span class='ocrx_word' id='word_1_4' title='bbox 2189 217 2490 277; x_wconf 77' lang='lat' dir='ltr'><strong>AMASENI</strong></span> <span class='ocrx_word' id='word_1_5' title='bbox 3642 221 3750 282; x_wconf 74' lang='lat'><strong>356</strong></span> 
     </span>
    </p>
   </div>
   <div class='ocr_carea' id='block_1_2' title="bbox 487 327 2080 417">
    <p class='ocr_par' dir='ltr' id='par_1_2' title="bbox 487 338 2052 417">
     <span class='ocr_line' id='line_1_2' title="bbox 487 338 2052 417; baseline -0.008 -13"><span class='ocrx_word' id='word_1_6' title='bbox 487 363 660 417; x_wconf 72' lang='lat' dir='ltr'><strong>gratia</strong></span> <span class='ocrx_word' id='word_1_7' title='bbox 701 343 1008 405; x_wconf 81' lang='lat' dir='ltr'><strong>condonet,</strong></span> <span class='ocrx_word' id='word_1_8' title='bbox 1062 351 1116 395; x_wconf 89' lang='lat' dir='ltr'><strong>ct</strong></span> <span class='ocrx_word' id='word_1_9' title='bbox 1158 338 1526 394; x_wconf 83' lang='lat' dir='ltr'><strong>misericordia</strong></span> <span class='ocrx_word' id='word_1_10' title='bbox 1570 350 1721 392; x_wconf 85' lang='lat' dir='ltr'><strong>curet</strong></span> <span class='ocrx_word' id='word_1_11' title='bbox 1765 348 1924 406; x_wconf 89' lang='lat' dir='ltr'><strong>atque</strong></span> <span class='ocrx_word' id='word_1_12' title='bbox 1957 353 2052 392; x_wconf 82' lang='lat' dir='ltr'><strong>ex-</strong></span> 
     </span>
    </p>
   </div>
   <div class='ocr_carea' id='block_1_3' title="bbox 2184 327 3750 417">
    <p class='ocr_par' dir='ltr' id='par_1_3' title="bbox 2184 327 3750 409">
     <span class='ocr_line' id='line_1_3' title="bbox 2184 327 3750 409; baseline 0.004 -19"><span class='ocrx_word' id='word_1_13' title='bbox 2184 338 2294 409; x_wconf 74' lang='grc' dir='ltr'>ιρδς</span> <span class='ocrx_word' id='word_1_14' title='bbox 2354 337 2562 400; x_wconf 86' lang='grc' dir='ltr'>πάντας</span> <span class='ocrx_word' id='word_1_15' title='bbox 2620 336 2920 400; x_wconf 79' lang='grc' dir='ltr'>ἐκὸοῶντος</span> <span class='ocrx_word' id='word_1_16' title='bbox 2961 338 3064 402; x_wconf 81' lang='grc' dir='ltr'>ὅτι,</span> <span class='ocrx_word' id='word_1_17' title='bbox 3100 327 3310 404; x_wconf 72' lang='grc' dir='ltr'>Οὐδεὶς</span> <span class='ocrx_word' id='word_1_18' title='bbox 3346 339 3602 406; x_wconf 76' lang='grc' dir='ltr'>καθαρὸς</span> <span class='ocrx_word' id='word_1_19' title='bbox 3627 341 3750 398; x_wconf 69' lang='grc' dir='ltr'>ἀπὸ</span> 
     </span>
    </p>
   </div>
   <div class='ocr_carea' id='block_1_4' title="bbox 486 427 2080 510">
    <p class='ocr_par' dir='ltr' id='par_1_4' title="bbox 486 427 2060 510">
     <span class='ocr_line' id='line_1_4' title="bbox 486 427 2060 510; baseline -0.007 -17"><span class='ocrx_word' id='word_1_20' title='bbox 486 444 616 510; x_wconf 82' lang='lat' dir='ltr'><strong>piet.</strong></span> <span class='ocrx_word' id='word_1_21' title='bbox 654 437 786 506; x_wconf 82' lang='lat' dir='ltr'><strong>Quis</strong></span> <span class='ocrx_word' id='word_1_22' title='bbox 821 446 1001 489; x_wconf 86' lang='lat' dir='ltr'><strong>autem</strong></span> <span class='ocrx_word' id='word_1_23' title='bbox 1039 433 1176 487; x_wconf 87' lang='lat' dir='ltr'><strong>adeo</strong></span> <span class='ocrx_word' id='word_1_24' title='bbox 1220 433 1436 494; x_wconf 83' lang='lat' dir='ltr'><strong>surdus,</strong></span> <span class='ocrx_word' id='word_1_25' title='bbox 1467 430 1556 498; x_wconf 85' lang='lat' dir='ltr'><strong>qui</strong></span> <span class='ocrx_word' id='word_1_26' title='bbox 1593 431 1753 483; x_wconf 90' lang='lat' dir='ltr'><strong>verba</strong></span> <span class='ocrx_word' id='word_1_27' title='bbox 1802 427 1902 483; x_wconf 86' lang='lat' dir='ltr'><strong>Job</strong></span> <span class='ocrx_word' id='word_1_28' title='bbox 1956 445 2060 482; x_wconf 90' lang='lat' dir='ltr'><strong>non</strong></span> 
     </span>
    </p>
   </div>
   <div class='ocr_carea' id='block_1_5' title="bbox 2184 427 3750 510">
    <p class='ocr_par' dir='ltr' id='par_1_5' title="bbox 2184 430 3750 501">
     <span class='ocr_line' id='line_1_5' title="bbox 2184 430 3750 501; baseline 0.001 -15"><span class='ocrx_word' id='word_1_29' title='bbox 2184 435 2386 497; x_wconf 65' lang='grc' dir='ltr'>δύπου,</span> <span class='ocrx_word' id='word_1_30' title='bbox 2407 431 2594 501; x_wconf 75' lang='grc' dir='ltr'>ἡμέρα</span> <span class='ocrx_word' id='word_1_31' title='bbox 2615 432 2739 486; x_wconf 84' lang='grc' dir='ltr'>οὐδ’</span> <span class='ocrx_word' id='word_1_32' title='bbox 2768 431 2964 500; x_wconf 79' lang='grc' dir='ltr'>ἂνμία</span> <span class='ocrx_word' id='word_1_33' title='bbox 2981 431 3018 498; x_wconf 74' lang='grc' dir='ltr'>ἢ</span> <span class='ocrx_word' id='word_1_34' title='bbox 3045 430 3155 499; x_wconf 77' lang='grc' dir='ltr'><strong>ζωὴ</strong></span> <span class='ocrx_word' id='word_1_35' title='bbox 3177 432 3361 487; x_wconf 82' lang='grc' dir='ltr'>αὑτοῦ</span> <span class='ocrx_word' id='word_1_36' title='bbox 3386 431 3553 500; x_wconf 78' lang='lat'><strong>(60‘);</strong></span> <span class='ocrx_word' id='word_1_37' title='bbox 3581 435 3678 499; x_wconf 90' lang='grc' dir='ltr'><strong>Τίς</strong></span> <span class='ocrx_word' id='word_1_38' title='bbox 3701 435 3750 490; x_wconf 76' lang='grc' dir='ltr'>δ’</span> 
     </span>
    </p>
   </div>
   <div class='ocr_carea' id='block_1_6' title="bbox 487 521 2080 596">
    <p class='ocr_par' dir='ltr' id='par_1_6' title="bbox 487 521 2063 592">
     <span class='ocr_line' id='line_1_6' title="bbox 487 521 2063 592; baseline -0.007 -5"><span class='ocrx_word' id='word_1_39' title='bbox 487 529 844 592; x_wconf 75' lang='lat' dir='ltr'><strong>exaudiverit,</strong></span> <span class='ocrx_word' id='word_1_40' title='bbox 901 527 1046 581; x_wconf 89' lang='lat' dir='ltr'><strong>clara</strong></span> <span class='ocrx_word' id='word_1_41' title='bbox 1102 540 1236 578; x_wconf 82' lang='lat' dir='ltr'><strong>voce</strong></span> <span class='ocrx_word' id='word_1_42' title='bbox 1303 524 1383 578; x_wconf 89' lang='lat' dir='ltr'><strong>sic</strong></span> <span class='ocrx_word' id='word_1_43' title='bbox 1445 537 1634 576; x_wconf 88' lang='lat' dir='ltr'><strong>omnes</strong></span> <span class='ocrx_word' id='word_1_44' title='bbox 1695 521 2063 590; x_wconf 83' lang='lat' dir='ltr'><strong>alloquentis:</strong></span> 
     </span>
    </p>
   </div>
   <div class='ocr_carea' id='block_1_7' title="bbox 2184 521 3754 596">
    <p class='ocr_par' dir='ltr' id='par_1_7' title="bbox 2184 521 3754 596">
     <span class='ocr_line' id='line_1_7' title="bbox 2184 521 3754 596; baseline -0.001 -19"><span class='ocrx_word' id='word_1_45' title='bbox 2184 524 2236 577; x_wconf 75' lang='grc' dir='ltr'>ὶν</span> <span class='ocrx_word' id='word_1_46' title='bbox 2267 523 2560 595; x_wconf 80' lang='grc' dir='ltr'>σωφρονῶν</span> <span class='ocrx_word' id='word_1_47' title='bbox 2601 522 2853 577; x_wconf 88' lang='grc' dir='ltr'>τοσοῦτον</span> <span class='ocrx_word' id='word_1_48' title='bbox 2892 523 3231 593; x_wconf 83' lang='grc' dir='ltr'>φρονήσειεν,</span> <span class='ocrx_word' id='word_1_49' title='bbox 3275 521 3351 585; x_wconf 82' lang='grc' dir='ltr'>ὡς</span> <span class='ocrx_word' id='word_1_50' title='bbox 3395 524 3754 596; x_wconf 77' lang='grc' dir='ltr'><strong>ὑποκείμενος</strong></span> 
     </span>
    </p>
   </div>
   <div class='ocr_carea' id='block_1_8' title="bbox 491 614 2080 687">
    <p class='ocr_par' dir='ltr' id='par_1_8' title="bbox 491 614 2066 684">
     <span class='ocr_line' id='line_1_8' title="bbox 491 614 2066 684; baseline -0.007 -6"><span class='ocrx_word' id='word_1_51' title='bbox 491 625 662 678; x_wconf 82' lang='lat' dir='ltr'><strong><em>Nemo</em></strong></span> <span class='ocrx_word' id='word_1_52' title='bbox 696 623 921 675; x_wconf 80' lang='lat' dir='ltr'><strong>utuudus</strong></span> <span class='ocrx_word' id='word_1_53' title='bbox 955 637 988 672; x_wconf 89' lang='lat' dir='ltr'><strong>a</strong></span> <span class='ocrx_word' id='word_1_54' title='bbox 1017 619 1190 680; x_wconf 65' lang='lat' dir='ltr'><strong>sor-4e,</strong></span> <span class='ocrx_word' id='word_1_55' title='bbox 1240 634 1302 669; x_wconf 85' lang='lat' dir='ltr'><strong>ue</strong></span> <span class='ocrx_word' id='word_1_56' title='bbox 1334 615 1511 684; x_wconf 79' lang='lat' dir='ltr'><strong>infans</strong></span> <span class='ocrx_word' id='word_1_57' title='bbox 1543 615 1774 682; x_wconf 82' lang='lat' dir='ltr'><strong>quidem,</strong></span> <span class='ocrx_word' id='word_1_58' title='bbox 1811 614 1960 683; x_wconf 80' lang='lat' dir='ltr'><strong>cujus</strong></span> <span class='ocrx_word' id='word_1_59' title='bbox 1990 623 2066 668; x_wconf 78' lang='lat' dir='ltr'><strong>est</strong></span> 
     </span>
    </p>
   </div>
   <div class='ocr_carea' id='block_1_9' title="bbox 2184 614 3754 687">
    <p class='ocr_par' dir='ltr' id='par_1_9' title="bbox 2184 615 3754 687">
     <span class='ocr_line' id='line_1_9' title="bbox 2184 615 3754 687; baseline 0.003 -18"><span class='ocrx_word' id='word_1_60' title='bbox 2184 616 2444 680; x_wconf 76' lang='grc' dir='ltr'><strong>εὐθύναις,</strong></span> <span class='ocrx_word' id='word_1_61' title='bbox 2475 616 2569 670; x_wconf 74' lang='grc' dir='ltr'><strong>καὶ</strong></span> <span class='ocrx_word' id='word_1_62' title='bbox 2609 615 2808 679; x_wconf 85' lang='grc' dir='ltr'>ταύτας</span> <span class='ocrx_word' id='word_1_63' title='bbox 2848 617 2906 670; x_wconf 86' lang='grc' dir='ltr'><strong>ἐν</strong></span> <span class='ocrx_word' id='word_1_64' title='bbox 2927 615 3263 686; x_wconf 81' lang='grc' dir='ltr'><strong>δικαστηρίῳ</strong></span> <span class='ocrx_word' id='word_1_65' title='bbox 3299 615 3457 679; x_wconf 89' lang='grc' dir='ltr'>Θεοῦ,</span> <span class='ocrx_word' id='word_1_66' title='bbox 3500 619 3754 687; x_wconf 86' lang='grc' dir='ltr'>περιττὸν</span> 
     </span>
    </p>
   </div>
   <div class='ocr_carea' id='block_1_10' title="bbox 488 706 2080 779">
    <p class='ocr_par' dir='ltr' id='par_1_10' title="bbox 488 706 2068 778">
     <span class='ocr_line' id='line_1_10' title="bbox 488 706 2068 778; baseline -0.004 -10"><span class='ocrx_word' id='word_1_67' title='bbox 488 716 644 768; x_wconf 84' lang='lat' dir='ltr'><strong>unius</strong></span> <span class='ocrx_word' id='word_1_68' title='bbox 671 715 773 766; x_wconf 88' lang='lat' dir='ltr'><strong>diei</strong></span> <span class='ocrx_word' id='word_1_69' title='bbox 803 713 908 766; x_wconf 70' lang='lat' dir='ltr'><strong>vita</strong></span> <span class='ocrx_word' id='word_1_70' title='bbox 931 726 1084 778; x_wconf 83' lang='lat' dir='ltr'><strong>super</strong></span> <span class='ocrx_word' id='word_1_71' title='bbox 1107 718 1300 761; x_wconf 82' lang='lat' dir='ltr'><strong>terram</strong></span> <span class='ocrx_word' id='word_1_72' title='bbox 1338 707 1382 739; x_wconf 73' lang='grc' dir='ltr'>θ’</span> <span class='ocrx_word' id='word_1_73' title='bbox 1403 708 1426 760; x_wconf 88' lang='lat'><strong>?</strong></span> <span class='ocrx_word' id='word_1_74' title='bbox 1447 706 1768 775; x_wconf 82' lang='lat' dir='ltr'><strong>Quanquam</strong></span> <span class='ocrx_word' id='word_1_75' title='bbox 1823 709 1943 777; x_wconf 87' lang='lat' dir='ltr'><strong>quis</strong></span> <span class='ocrx_word' id='word_1_76' title='bbox 1985 715 2068 762; x_wconf 73' lang='lat' dir='ltr'><strong>est</strong></span> 
     </span>
    </p>
   </div>
   <div class='ocr_carea' id='block_1_11' title="bbox 2184 706 3486 779">
    <p class='ocr_par' dir='ltr' id='par_1_11' title="bbox 2184 706 3486 779">
     <span class='ocr_line' id='line_1_11' title="bbox 2184 706 3486 779; baseline 0 -17"><span class='ocrx_word' id='word_1_77' title='bbox 2184 707 2380 762; x_wconf 71' lang='grc' dir='ltr'>οἴεσθαι</span> <span class='ocrx_word' id='word_1_78' title='bbox 2402 706 2754 779; x_wconf 80' lang='grc' dir='ltr'><strong>συγγνώμην,</strong></span> <span class='ocrx_word' id='word_1_79' title='bbox 2795 708 2890 760; x_wconf 75' lang='grc' dir='ltr'>καὶ</span> <span class='ocrx_word' id='word_1_80' title='bbox 2928 708 3146 777; x_wconf 78' lang='grc' dir='ltr'>ἀχρεῖον</span> <span class='ocrx_word' id='word_1_81' title='bbox 3186 707 3278 759; x_wconf 83' lang='grc' dir='ltr'><strong>τὸν</strong></span> <span class='ocrx_word' id='word_1_82' title='bbox 3306 707 3486 776; x_wconf 72' lang='grc' dir='ltr'>ἔλεονς</span> 
     </span>
    </p>
   </div>
   <div class='ocr_carea' id='block_1_12' title="bbox 491 797 3751 876">
    <p class='ocr_par' dir='ltr' id='par_1_12' title="bbox 491 797 3751 876">
     <span class='ocr_line' id='line_1_12' title="bbox 491 797 3751 876; baseline -0.002 -18"><span class='ocrx_word' id='word_1_83' title='bbox 491 817 598 858; x_wconf 89' lang='lat' dir='ltr'><strong>tam</strong></span> <span class='ocrx_word' id='word_1_84' title='bbox 625 803 785 870; x_wconf 77' lang='lat' dir='ltr'><strong>frugi,</strong></span> <span class='ocrx_word' id='word_1_85' title='bbox 820 803 946 871; x_wconf 81' lang='lat' dir='ltr'><strong>quis</strong></span> <span class='ocrx_word' id='word_1_86' title='bbox 975 814 1082 854; x_wconf 87' lang='lat' dir='ltr'><strong>tam</strong></span> <span class='ocrx_word' id='word_1_87' title='bbox 1133 799 1378 853; x_wconf 84' lang='lat' dir='ltr'><strong>modeste</strong></span> <span class='ocrx_word' id='word_1_88' title='bbox 1425 812 1483 852; x_wconf 92' lang='lat' dir='ltr'><strong>se</strong></span> <span class='ocrx_word' id='word_1_89' title='bbox 1515 797 1671 865; x_wconf 85' lang='lat' dir='ltr'><strong>gerit,</strong></span> <span class='ocrx_word' id='word_1_90' title='bbox 1705 799 1796 866; x_wconf 86' lang='lat' dir='ltr'><strong>qui</strong></span> <span class='ocrx_word' id='word_1_91' title='bbox 1833 798 1878 852; x_wconf 89' lang='lat' dir='ltr'><strong>si</strong></span> <span class='ocrx_word' id='word_1_92' title='bbox 1910 799 2067 853; x_wconf 84' lang='lat' dir='ltr'><strong>modo</strong></span> <span class='ocrx_word' id='word_1_93' title='bbox 2105 801 2300 870; x_wconf 81' lang='lat' dir='ltr'><strong>sapiat,</strong></span> <span class='ocrx_word' id='word_1_94' title='bbox 2329 815 2450 854; x_wconf 90' lang='lat' dir='ltr'><strong>cum</strong></span> <span class='ocrx_word' id='word_1_95' title='bbox 2484 799 2743 853; x_wconf 87' lang='lat' dir='ltr'><strong>rationem</strong></span> <span class='ocrx_word' id='word_1_96' title='bbox 2787 799 2953 852; x_wconf 89' lang='lat' dir='ltr'><strong>totius</strong></span> <span class='ocrx_word' id='word_1_97' title='bbox 2982 799 3107 852; x_wconf 70' lang='lat' dir='ltr'><strong>vitae</strong></span> <span class='ocrx_word' id='word_1_98' title='bbox 3140 812 3251 851; x_wconf 73' lang='lat' dir='ltr'><strong>suae</strong></span> <span class='ocrx_word' id='word_1_99' title='bbox 3312 798 3620 854; x_wconf 75' lang='lat' dir='ltr'><strong>redditurus</strong></span> <span class='ocrx_word' id='word_1_100' title='bbox 3657 800 3751 876; x_wconf 61' lang='lat' dir='ltr'><strong>sit,</strong></span> 
     </span>
    </p>
   </div>
   <div class='ocr_carea' id='block_1_13' title="bbox 490 889 3754 966">
    <p class='ocr_par' dir='ltr' id='par_1_13' title="bbox 490 889 3754 966">
     <span class='ocr_line' id='line_1_13' title="bbox 490 889 3754 966; baseline -0.002 -14"><span class='ocrx_word' id='word_1_101' title='bbox 490 899 650 966; x_wconf 85' lang='lat' dir='ltr'><strong>idque</strong></span> <span class='ocrx_word' id='word_1_102' title='bbox 696 897 748 949; x_wconf 85' lang='lat' dir='ltr'><strong>in</strong></span> <span class='ocrx_word' id='word_1_103' title='bbox 803 894 895 947; x_wconf 87' lang='lat' dir='ltr'><strong>Dei</strong></span> <span class='ocrx_word' id='word_1_104' title='bbox 949 892 1154 961; x_wconf 91' lang='lat' dir='ltr'><strong>judicio</strong></span> <span class='ocrx_word' id='word_1_105' title='bbox 1199 891 1556 952; x_wconf 85' lang='lat' dir='ltr'><strong>constitutus,</strong></span> <span class='ocrx_word' id='word_1_106' title='bbox 1610 905 2073 958; x_wconf 87' lang='lat' dir='ltr'><strong>supervacaneum</strong></span> <span class='ocrx_word' id='word_1_107' title='bbox 2099 903 2269 964; x_wconf 87' lang='lat' dir='ltr'><strong>putet,</strong></span> <span class='ocrx_word' id='word_1_108' title='bbox 2303 892 2454 946; x_wconf 84' lang='lat' dir='ltr'><strong>alteri</strong></span> <span class='ocrx_word' id='word_1_109' title='bbox 2510 893 2824 961; x_wconf 86' lang='lat' dir='ltr'><strong>ignoscere,</strong></span> <span class='ocrx_word' id='word_1_110' title='bbox 2870 899 2926 946; x_wconf 88' lang='lat' dir='ltr'><strong>et</strong></span> <span class='ocrx_word' id='word_1_111' title='bbox 2971 889 3399 945; x_wconf 83' lang='lat' dir='ltr'><strong>misericordiam</strong></span> <span class='ocrx_word' id='word_1_112' title='bbox 3437 889 3754 960; x_wconf 75' lang='lat' dir='ltr'><strong>impertiri?</strong></span> 
     </span>
    </p>
   </div>
   <div class='ocr_carea' id='block_1_14' title="bbox 516 983 2080 1058">
    <p class='ocr_par' dir='ltr' id='par_1_14' title="bbox 516 983 2066 1054">
     <span class='ocr_line' id='line_1_14' title="bbox 516 983 2066 1054; baseline -0.001 -14"><span class='ocrx_word' id='word_1_113' title='bbox 516 1020 521 1026; x_wconf 98' lang='lat'><strong><em>-</em></strong></span> <span class='ocrx_word' id='word_1_114' title='bbox 559 988 711 1054; x_wconf 83' lang='lat' dir='ltr'><strong>Quod</strong></span> <span class='ocrx_word' id='word_1_115' title='bbox 747 987 790 1042; x_wconf 88' lang='lat' dir='ltr'><strong>si</strong></span> <span class='ocrx_word' id='word_1_116' title='bbox 824 988 889 1040; x_wconf 88' lang='lat' dir='ltr'><strong>ad</strong></span> <span class='ocrx_word' id='word_1_117' title='bbox 917 1002 1189 1040; x_wconf 85' lang='lat' dir='ltr'><strong>summum</strong></span> <span class='ocrx_word' id='word_1_118' title='bbox 1213 984 1437 1052; x_wconf 70' lang='lat' dir='ltr'><strong>iustitia:</strong></span> <span class='ocrx_word' id='word_1_119' title='bbox 1467 983 1864 1052; x_wconf 83' lang='lat' dir='ltr'><strong>probitatisque</strong></span> <span class='ocrx_word' id='word_1_120' title='bbox 1907 984 2066 1038; x_wconf 76' lang='lat' dir='ltr'><strong>fasti-</strong></span> 
     </span>
    </p>
   </div>
   <div class='ocr_carea' id='block_1_15' title="bbox 2184 983 3755 1058">
    <p class='ocr_par' dir='ltr' id='par_1_15' title="bbox 2237 984 3755 1058">
     <span class='ocr_line' id='line_1_15' title="bbox 2237 984 3755 1058; baseline 0 -19"><span class='ocrx_word' id='word_1_121' title='bbox 2237 987 2300 1040; x_wconf 89' lang='grc' dir='ltr'>Εί</span> <span class='ocrx_word' id='word_1_122' title='bbox 2344 986 2401 1040; x_wconf 85' lang='grc' dir='ltr'>δὲ</span> <span class='ocrx_word' id='word_1_123' title='bbox 2455 987 2550 1040; x_wconf 73' lang='grc' dir='ltr'><strong>καὶ</strong></span> <span class='ocrx_word' id='word_1_124' title='bbox 2597 985 2734 1058; x_wconf 74' lang='grc' dir='ltr'>πρὸς</span> <span class='ocrx_word' id='word_1_125' title='bbox 2776 985 2838 1037; x_wconf 78' lang='grc' dir='ltr'>τὸ</span> <span class='ocrx_word' id='word_1_126' title='bbox 2903 984 3200 1056; x_wconf 77' lang='grc' dir='ltr'><strong>ἀκρότατον</strong></span> <span class='ocrx_word' id='word_1_127' title='bbox 3253 984 3601 1055; x_wconf 83' lang='grc' dir='ltr'><strong>δικαιοσύνης</strong></span> <span class='ocrx_word' id='word_1_128' title='bbox 3655 985 3755 1039; x_wconf 81' lang='grc' dir='ltr'>καὶ</span> 
     </span>
    </p>
   </div>
   <div class='ocr_carea' id='block_1_16' title="bbox 489 1071 2080 1151">
    <p class='ocr_par' dir='ltr' id='par_1_16' title="bbox 489 1074 2071 1151">
     <span class='ocr_line' id='line_1_16' title="bbox 489 1074 2071 1151; baseline 0 -21"><span class='ocrx_word' id='word_1_129' title='bbox 489 1082 632 1151; x_wconf 82' lang='lat' dir='ltr'><strong>gium</strong></span> <span class='ocrx_word' id='word_1_130' title='bbox 673 1078 1066 1147; x_wconf 76' lang='lat' dir='ltr'><strong>pervenissent,</strong></span> <span class='ocrx_word' id='word_1_131' title='bbox 1126 1079 1263 1130; x_wconf 86' lang='lat' dir='ltr'><strong>adeo</strong></span> <span class='ocrx_word' id='word_1_132' title='bbox 1283 1085 1366 1141; x_wconf 92' lang='lat' dir='ltr'><strong>ut,</strong></span> <span class='ocrx_word' id='word_1_133' title='bbox 1425 1074 1882 1144; x_wconf 78' lang='lat' dir='ltr'><strong>quemadmodum</strong></span> <span class='ocrx_word' id='word_1_134' title='bbox 1934 1077 2071 1131; x_wconf 87' lang='lat' dir='ltr'><strong>scri-</strong></span> 
     </span>
    </p>
   </div>
   <div class='ocr_carea' id='block_1_17' title="bbox 2184 1071 3754 1151">
    <p class='ocr_par' dir='ltr' id='par_1_17' title="bbox 2184 1071 3754 1149">
     <span class='ocr_line' id='line_1_17' title="bbox 2184 1071 3754 1149; baseline -0.001 -19"><span class='ocrx_word' id='word_1_135' title='bbox 2184 1077 2454 1149; x_wconf 69' lang='lat' dir='ltr'><strong>ixpt6ciag</strong></span> <span class='ocrx_word' id='word_1_136' title='bbox 2481 1073 2622 1148; x_wconf 80' lang='grc' dir='ltr'>ἦσαν</span> <span class='ocrx_word' id='word_1_137' title='bbox 2669 1071 3017 1146; x_wconf 78' lang='grc' dir='ltr'><strong>ἐληλακότες,</strong></span> <span class='ocrx_word' id='word_1_138' title='bbox 3049 1076 3391 1146; x_wconf 81' lang='grc' dir='ltr'>πατήσαντες</span> <span class='ocrx_word' id='word_1_139' title='bbox 3432 1076 3489 1129; x_wconf 86' lang='grc' dir='ltr'>δὲ</span> <span class='ocrx_word' id='word_1_140' title='bbox 3517 1076 3754 1146; x_wconf 85' lang='grc' dir='ltr'>ἀληθῶς,</span> 
     </span>
    </p>
   </div>
   <div class='ocr_carea' id='block_1_18' title="bbox 488 1167 2080 1242">
    <p class='ocr_par' dir='ltr' id='par_1_18' title="bbox 488 1169 2070 1242">
     <span class='ocr_line' id='line_1_18' title="bbox 488 1169 2070 1242; baseline -0.002 -18"><span class='ocrx_word' id='word_1_141' title='bbox 488 1184 638 1242; x_wconf 85' lang='lat' dir='ltr'><strong>ptum</strong></span> <span class='ocrx_word' id='word_1_142' title='bbox 685 1180 768 1224; x_wconf 91' lang='lat' dir='ltr'><strong>est</strong></span> <span class='ocrx_word' id='word_1_143' title='bbox 811 1169 895 1234; x_wconf 82' lang='lat'><strong>&#39;°,</strong></span> <span class='ocrx_word' id='word_1_144' title='bbox 970 1184 1132 1237; x_wconf 89' lang='lat' dir='ltr'><strong>super</strong></span> <span class='ocrx_word' id='word_1_145' title='bbox 1187 1169 1502 1238; x_wconf 84' lang='lat' dir='ltr'><strong>scorpiones</strong></span> <span class='ocrx_word' id='word_1_146' title='bbox 1575 1176 1737 1234; x_wconf 84' lang='lat' dir='ltr'><strong>atque</strong></span> <span class='ocrx_word' id='word_1_147' title='bbox 1790 1180 2070 1237; x_wconf 87' lang='lat' dir='ltr'><strong>serpentes</strong></span> 
     </span>
    </p>
   </div>
   <div class='ocr_carea' id='block_1_19' title="bbox 2184 1167 3752 1242">
    <p class='ocr_par' dir='ltr' id='par_1_19' title="bbox 2184 1167 3752 1239">
     <span class='ocr_line' id='line_1_19' title="bbox 2184 1167 3752 1239; baseline 0 -17"><span class='ocrx_word' id='word_1_148' title='bbox 2184 1169 2306 1223; x_wconf 82' lang='grc' dir='ltr'><strong>ιατά</strong></span> <span class='ocrx_word' id='word_1_149' title='bbox 2335 1170 2395 1222; x_wconf 84' lang='grc' dir='ltr'>τὸ</span> <span class='ocrx_word' id='word_1_150' title='bbox 2425 1169 2833 1238; x_wconf 80' lang='grc' dir='ltr'>γεγραμμένον,</span> <span class='ocrx_word' id='word_1_151' title='bbox 2876 1167 3060 1220; x_wconf 88' lang='grc' dir='ltr'>ἐπάνω</span> <span class='ocrx_word' id='word_1_152' title='bbox 3091 1167 3266 1235; x_wconf 76' lang='grc' dir='ltr'>ὄφεων</span> <span class='ocrx_word' id='word_1_153' title='bbox 3312 1167 3406 1220; x_wconf 74' lang='grc' dir='ltr'><strong>καὶ</strong></span> <span class='ocrx_word' id='word_1_154' title='bbox 3453 1170 3752 1239; x_wconf 87' lang='grc' dir='ltr'>σκορπίων,</span> 
     </span>
    </p>
   </div>
   <div class='ocr_carea' id='block_1_20' title="bbox 488 1259 2080 1332">
    <p class='ocr_par' dir='ltr' id='par_1_20' title="bbox 488 1260 2071 1332">
     <span class='ocr_line' id='line_1_20' title="bbox 488 1260 2071 1332; baseline -0.001 -15"><span class='ocrx_word' id='word_1_155' title='bbox 488 1264 777 1327; x_wconf 85' lang='lat' dir='ltr'><strong>calcarent,</strong></span> <span class='ocrx_word' id='word_1_156' title='bbox 832 1262 1272 1332; x_wconf 88' lang='lat' dir='ltr'><strong>pronuntiatiqne</strong></span> <span class='ocrx_word' id='word_1_157' title='bbox 1324 1268 1506 1315; x_wconf 90' lang='lat' dir='ltr'><strong>essent</strong></span> <span class='ocrx_word' id='word_1_158' title='bbox 1568 1260 1846 1325; x_wconf 90' lang='lat' dir='ltr'><strong>victores,</strong></span> <span class='ocrx_word' id='word_1_159' title='bbox 1895 1269 1949 1313; x_wconf 90' lang='lat' dir='ltr'><strong>ct</strong></span> <span class='ocrx_word' id='word_1_160' title='bbox 2004 1261 2071 1315; x_wconf 92' lang='lat' dir='ltr'><strong>de</strong></span> 
     </span>
    </p>
   </div>
   <div class='ocr_carea' id='block_1_21' title="bbox 2184 1259 3757 1332">
    <p class='ocr_par' dir='ltr' id='par_1_21' title="bbox 2184 1259 3757 1329">
     <span class='ocr_line' id='line_1_21' title="bbox 2184 1259 3757 1329; baseline 0.001 -18"><span class='ocrx_word' id='word_1_161' title='bbox 2184 1260 2385 1329; x_wconf 70' lang='grc' dir='ltr'>νικηταὶ</span> <span class='ocrx_word' id='word_1_162' title='bbox 2420 1259 2478 1312; x_wconf 78' lang='grc' dir='ltr'><strong>δὲ</strong></span> <span class='ocrx_word' id='word_1_163' title='bbox 2511 1259 2604 1312; x_wconf 75' lang='grc' dir='ltr'><strong>καὶ</strong></span> <span class='ocrx_word' id='word_1_164' title='bbox 2644 1261 2958 1326; x_wconf 82' lang='grc' dir='ltr'>στεφανίται</span> <span class='ocrx_word' id='word_1_165' title='bbox 2991 1260 3136 1310; x_wconf 87' lang='grc' dir='ltr'><strong>κατά</strong></span> <span class='ocrx_word' id='word_1_166' title='bbox 3204 1259 3305 1328; x_wconf 79' lang='grc' dir='ltr'>τῆς</span> <span class='ocrx_word' id='word_1_167' title='bbox 3350 1259 3624 1328; x_wconf 83' lang='grc' dir='ltr'>ἁμαρτίας</span> <span class='ocrx_word' id='word_1_168' title='bbox 3663 1260 3757 1313; x_wconf 86' lang='grc' dir='ltr'>ἀν-</span> 
     </span>
    </p>
   </div>
   <div class='ocr_carea' id='block_1_22' title="bbox 491 1348 2080 1424">
    <p class='ocr_par' dir='ltr' id='par_1_22' title="bbox 491 1352 2064 1424">
     <span class='ocr_line' id='line_1_22' title="bbox 491 1352 2064 1424; baseline -0.004 -14"><span class='ocrx_word' id='word_1_169' title='bbox 491 1364 712 1424; x_wconf 85' lang='lat' dir='ltr'><strong>peccato</strong></span> <span class='ocrx_word' id='word_1_170' title='bbox 749 1355 1076 1422; x_wconf 91' lang='lat' dir='ltr'><strong>triumphum</strong></span> <span class='ocrx_word' id='word_1_171' title='bbox 1126 1361 1532 1420; x_wconf 84' lang='lat' dir='ltr'><strong>reportassent,</strong></span> <span class='ocrx_word' id='word_1_172' title='bbox 1587 1367 1691 1405; x_wconf 91' lang='lat' dir='ltr'><strong>non</strong></span> <span class='ocrx_word' id='word_1_173' title='bbox 1743 1361 1921 1404; x_wconf 76' lang='lat' dir='ltr'><strong>tanien</strong></span> <span class='ocrx_word' id='word_1_174' title='bbox 1967 1352 2064 1405; x_wconf 89' lang='lat' dir='ltr'><strong>de-</strong></span> 
     </span>
    </p>
   </div>
   <div class='ocr_carea' id='block_1_23' title="bbox 2184 1348 3756 1424">
    <p class='ocr_par' dir='ltr' id='par_1_23' title="bbox 2184 1348 3756 1422">
     <span class='ocr_line' id='line_1_23' title="bbox 2184 1348 3756 1422; baseline 0.001 -18"><span class='ocrx_word' id='word_1_175' title='bbox 2184 1350 2544 1422; x_wconf 75' lang='grc' dir='ltr'>ηγορεύθησαν</span> <span class='ocrx_word' id='word_1_176' title='bbox 2567 1370 2577 1381; x_wconf 94' lang='grc'><strong>·</strong></span> <span class='ocrx_word' id='word_1_177' title='bbox 2605 1350 2710 1403; x_wconf 87' lang='grc' dir='ltr'>οὐδ’</span> <span class='ocrx_word' id='word_1_178' title='bbox 2735 1349 2904 1414; x_wconf 72' lang='grc' dir='ltr'>οὕτως</span> <span class='ocrx_word' id='word_1_179' title='bbox 2945 1351 3112 1422; x_wconf 80' lang='grc' dir='ltr'>ἐχρῆν</span> <span class='ocrx_word' id='word_1_180' title='bbox 3147 1348 3284 1420; x_wconf 84' lang='grc' dir='ltr'>πρὸς</span> <span class='ocrx_word' id='word_1_181' title='bbox 3312 1351 3410 1421; x_wconf 84' lang='grc' dir='ltr'>τὴν</span> <span class='ocrx_word' id='word_1_182' title='bbox 3437 1352 3639 1404; x_wconf 77' lang='grc' dir='ltr'>οἰκείαν</span> <span class='ocrx_word' id='word_1_183' title='bbox 3668 1353 3756 1406; x_wconf 82' lang='grc' dir='ltr'>ἀνο</span> 
     </span>
    </p>
   </div>
   <div class='ocr_carea' id='block_1_24' title="bbox 490 1441 2080 1514">
    <p class='ocr_par' dir='ltr' id='par_1_24' title="bbox 490 1443 2068 1500">
     <span class='ocr_line' id='line_1_24' title="bbox 490 1443 2068 1500; baseline -0.003 -1"><span class='ocrx_word' id='word_1_184' title='bbox 490 1449 674 1500; x_wconf 88' lang='lat' dir='ltr'><strong>herent</strong></span> <span class='ocrx_word' id='word_1_185' title='bbox 719 1445 945 1500; x_wconf 88' lang='lat' dir='ltr'><strong>aliorum</strong></span> <span class='ocrx_word' id='word_1_186' title='bbox 978 1444 1222 1497; x_wconf 90' lang='lat' dir='ltr'><strong>omnium</strong></span> <span class='ocrx_word' id='word_1_187' title='bbox 1272 1444 1437 1496; x_wconf 87' lang='lat' dir='ltr'><strong>vitam</strong></span> <span class='ocrx_word' id='word_1_188' title='bbox 1474 1443 1540 1495; x_wconf 86' lang='lat' dir='ltr'><strong>ad</strong></span> <span class='ocrx_word' id='word_1_189' title='bbox 1589 1443 1916 1496; x_wconf 89' lang='lat' dir='ltr'><strong>fortitudinis</strong></span> <span class='ocrx_word' id='word_1_190' title='bbox 1959 1458 2068 1496; x_wconf 72' lang='lat' dir='ltr'><strong>sum</strong></span> 
     </span>
    </p>
   </div>
   <div class='ocr_carea' id='block_1_25' title="bbox 2184 1441 3751 1514">
    <p class='ocr_par' dir='ltr' id='par_1_25' title="bbox 2184 1441 3751 1514">
     <span class='ocr_line' id='line_1_25' title="bbox 2184 1441 3751 1514; baseline 0 -18"><span class='ocrx_word' id='word_1_191' title='bbox 2184 1443 2356 1514; x_wconf 71' lang='grc' dir='ltr'>Βρείαν</span> <span class='ocrx_word' id='word_1_192' title='bbox 2387 1443 2482 1496; x_wconf 77' lang='grc' dir='ltr'>καὶ</span> <span class='ocrx_word' id='word_1_193' title='bbox 2513 1441 2622 1494; x_wconf 82' lang='grc' dir='ltr'><strong>τῶν</strong></span> <span class='ocrx_word' id='word_1_194' title='bbox 2645 1441 2820 1496; x_wconf 82' lang='grc' dir='ltr'>ἀλλων</span> <span class='ocrx_word' id='word_1_195' title='bbox 2853 1443 3108 1495; x_wconf 84' lang='grc' dir='ltr'>ἀπάντων</span> <span class='ocrx_word' id='word_1_196' title='bbox 3149 1441 3448 1504; x_wconf 77' lang='grc' dir='ltr'>κανονίζειν</span> <span class='ocrx_word' id='word_1_197' title='bbox 3475 1443 3567 1495; x_wconf 82' lang='grc' dir='ltr'><strong>τὸν</strong></span> <span class='ocrx_word' id='word_1_198' title='bbox 3607 1443 3751 1514; x_wconf 86' lang='grc' dir='ltr'>βίον·</span> 
     </span>
    </p>
   </div>
   <div class='ocr_carea' id='block_1_26' title="bbox 489 1532 2080 1606">
    <p class='ocr_par' dir='ltr' id='par_1_26' title="bbox 489 1532 2069 1604">
     <span class='ocr_line' id='line_1_26' title="bbox 489 1532 2069 1604; baseline -0.006 -12"><span class='ocrx_word' id='word_1_199' title='bbox 489 1539 727 1604; x_wconf 70' lang='lat' dir='ltr'><strong>regulam</strong></span> <span class='ocrx_word' id='word_1_200' title='bbox 764 1535 996 1604; x_wconf 80' lang='lat' dir='ltr'><strong>dirigere</strong></span> <span class='ocrx_word' id='word_1_201' title='bbox 1033 1543 1088 1588; x_wconf 91' lang='lat' dir='ltr'><strong>et</strong></span> <span class='ocrx_word' id='word_1_202' title='bbox 1129 1532 1448 1601; x_wconf 78' lang='lat' dir='ltr'><strong>explorare,</strong></span> <span class='ocrx_word' id='word_1_203' title='bbox 1511 1534 1602 1587; x_wconf 90' lang='lat' dir='ltr'><strong>sed</strong></span> <span class='ocrx_word' id='word_1_204' title='bbox 1645 1532 1898 1586; x_wconf 86' lang='lat' dir='ltr'><strong>virtutem</strong></span> <span class='ocrx_word' id='word_1_205' title='bbox 1945 1548 2069 1601; x_wconf 87' lang='lat' dir='ltr'><strong>pro-</strong></span> 
     </span>
    </p>
   </div>
   <div class='ocr_carea' id='block_1_27' title="bbox 2184 1532 3754 1606">
    <p class='ocr_par' dir='ltr' id='par_1_27' title="bbox 2184 1533 3754 1606">
     <span class='ocr_line' id='line_1_27' title="bbox 2184 1533 3754 1606; baseline 0 -18"><span class='ocrx_word' id='word_1_206' title='bbox 2184 1534 2306 1589; x_wconf 72' lang='grc' dir='ltr'>ὶλλά</span> <span class='ocrx_word' id='word_1_207' title='bbox 2337 1536 2438 1605; x_wconf 82' lang='grc' dir='ltr'>τῆς</span> <span class='ocrx_word' id='word_1_208' title='bbox 2478 1535 2576 1604; x_wconf 77' lang='grc' dir='ltr'><strong>μὲν</strong></span> <span class='ocrx_word' id='word_1_209' title='bbox 2614 1533 2752 1597; x_wconf 86' lang='grc' dir='ltr'>ίδίας</span> <span class='ocrx_word' id='word_1_210' title='bbox 2784 1533 3187 1604; x_wconf 75' lang='grc' dir='ltr'>εὐδοκιμήσεως</span> <span class='ocrx_word' id='word_1_211' title='bbox 3239 1533 3317 1602; x_wconf 80' lang='grc' dir='ltr'>τῷ</span> <span class='ocrx_word' id='word_1_212' title='bbox 3348 1533 3605 1587; x_wconf 86' lang='grc' dir='ltr'>δεδωκότι</span> <span class='ocrx_word' id='word_1_213' title='bbox 3633 1534 3754 1606; x_wconf 88' lang='grc' dir='ltr'><strong>Θεῷ</strong></span> 
     </span>
    </p>
   </div>
   <div class='ocr_carea' id='block_1_28' title="bbox 489 1623 2074 1698">
    <p class='ocr_par' dir='ltr' id='par_1_28' title="bbox 489 1623 2074 1698">
     <span class='ocr_line' id='line_1_28' title="bbox 489 1623 2074 1698; baseline -0.005 -16"><span class='ocrx_word' id='word_1_214' title='bbox 489 1631 660 1698; x_wconf 82' lang='lat' dir='ltr'><strong>priam</strong></span> <span class='ocrx_word' id='word_1_215' title='bbox 711 1639 986 1695; x_wconf 75' lang='lat' dir='ltr'><strong>acceptam</strong></span> <span class='ocrx_word' id='word_1_216' title='bbox 1035 1623 1331 1678; x_wconf 88' lang='lat' dir='ltr'><strong>referentes</strong></span> <span class='ocrx_word' id='word_1_217' title='bbox 1363 1624 1448 1690; x_wconf 91' lang='lat' dir='ltr'><strong>ei,</strong></span> <span class='ocrx_word' id='word_1_218' title='bbox 1505 1625 1658 1692; x_wconf 86' lang='lat' dir='ltr'><strong>cujus</strong></span> <span class='ocrx_word' id='word_1_219' title='bbox 1714 1623 1975 1678; x_wconf 84' lang='lat' dir='ltr'><strong>beneficio</strong></span> <span class='ocrx_word' id='word_1_220' title='bbox 2019 1630 2074 1676; x_wconf 90' lang='lat' dir='ltr'><strong>et</strong></span> 
     </span>
    </p>
   </div>
   <div class='ocr_carea' id='block_1_29' title="bbox 491 1712 2077 1784">
    <p class='ocr_par' dir='ltr' id='par_1_29' title="bbox 491 1712 2077 1784">
     <span class='ocr_line' id='line_1_29' title="bbox 491 1712 2077 1784; baseline -0.005 -11"><span class='ocrx_word' id='word_1_221' title='bbox 491 1731 715 1774; x_wconf 82' lang='lat' dir='ltr'><strong>munere</strong></span> <span class='ocrx_word' id='word_1_222' title='bbox 748 1717 936 1784; x_wconf 90' lang='lat' dir='ltr'><strong>adjuti,</strong></span> <span class='ocrx_word' id='word_1_223' title='bbox 971 1717 1135 1769; x_wconf 87' lang='lat' dir='ltr'><strong>vitam</strong></span> <span class='ocrx_word' id='word_1_224' title='bbox 1167 1716 1439 1783; x_wconf 87' lang='lat' dir='ltr'><strong>sapienter</strong></span> <span class='ocrx_word' id='word_1_225' title='bbox 1480 1714 1846 1777; x_wconf 88' lang='lat' dir='ltr'><strong>instituentcs,</strong></span> <span class='ocrx_word' id='word_1_226' title='bbox 1871 1712 2077 1766; x_wconf 84' lang='lat' dir='ltr'><strong>Adver-</strong></span> 
     </span>
    </p>
   </div>
   <div class='ocr_carea' id='block_1_30' title="bbox 494 1803 2074 1865">
    <p class='ocr_par' dir='ltr' id='par_1_30' title="bbox 494 1803 2074 1865">
     <span class='ocr_line' id='line_1_30' title="bbox 494 1803 2074 1865; baseline -0.002 -4"><span class='ocrx_word' id='word_1_227' title='bbox 494 1803 622 1861; x_wconf 87' lang='lat' dir='ltr'><strong>sarii</strong></span> <span class='ocrx_word' id='word_1_228' title='bbox 661 1804 1053 1859; x_wconf 86' lang='lat' dir='ltr'><strong>tentationihus</strong></span> <span class='ocrx_word' id='word_1_229' title='bbox 1088 1819 1192 1858; x_wconf 92' lang='lat' dir='ltr'><strong>non</strong></span> <span class='ocrx_word' id='word_1_230' title='bbox 1226 1803 1664 1865; x_wconf 81' lang='lat' dir='ltr'><strong>succubuissent,</strong></span> <span class='ocrx_word' id='word_1_231' title='bbox 1696 1803 2074 1859; x_wconf 88' lang='lat' dir='ltr'><strong>imbecilliori-</strong></span> 
     </span>
    </p>
   </div>
   <div class='ocr_carea' id='block_1_31' title="bbox 497 1895 2072 1968">
    <p class='ocr_par' dir='ltr' id='par_1_31' title="bbox 497 1895 2072 1968">
     <span class='ocr_line' id='line_1_31' title="bbox 497 1895 2072 1968; baseline -0.004 -13"><span class='ocrx_word' id='word_1_232' title='bbox 497 1903 594 1955; x_wconf 89' lang='lat' dir='ltr'><strong>hus</strong></span> <span class='ocrx_word' id='word_1_233' title='bbox 624 1899 944 1968; x_wconf 79' lang='lat' dir='ltr'><strong>aﬂlictisque</strong></span> <span class='ocrx_word' id='word_1_234' title='bbox 973 1897 1225 1952; x_wconf 73' lang='lat' dir='ltr'><strong>fraterna:</strong></span> <span class='ocrx_word' id='word_1_235' title='bbox 1249 1895 1597 1964; x_wconf 79' lang='lat' dir='ltr'><strong>benignitatis</strong></span> <span class='ocrx_word' id='word_1_236' title='bbox 1624 1895 1904 1950; x_wconf 78' lang='lat' dir='ltr'><strong>dexteram</strong></span> <span class='ocrx_word' id='word_1_237' title='bbox 1945 1911 2072 1966; x_wconf 91' lang='lat' dir='ltr'><strong>por-</strong></span> 
     </span>
    </p>
   </div>
   <div class='ocr_carea' id='block_1_32' title="bbox 492 1985 2075 2059">
    <p class='ocr_par' dir='ltr' id='par_1_32' title="bbox 492 1985 2075 2059">
     <span class='ocr_line' id='line_1_32' title="bbox 492 1985 2075 2059; baseline -0.004 -14"><span class='ocrx_word' id='word_1_238' title='bbox 492 1991 690 2059; x_wconf 78' lang='lat' dir='ltr'><strong>rigere,</strong></span> <span class='ocrx_word' id='word_1_239' title='bbox 737 2003 939 2057; x_wconf 86' lang='lat' dir='ltr'><strong>cosque</strong></span> <span class='ocrx_word' id='word_1_240' title='bbox 997 2001 1027 2040; x_wconf 92' lang='lat' dir='ltr'><strong>a</strong></span> <span class='ocrx_word' id='word_1_241' title='bbox 1084 1987 1288 2056; x_wconf 83' lang='lat' dir='ltr'><strong>peccati</strong></span> <span class='ocrx_word' id='word_1_242' title='bbox 1347 1986 1460 2040; x_wconf 90' lang='lat' dir='ltr'><strong>luto</strong></span> <span class='ocrx_word' id='word_1_243' title='bbox 1503 1995 1556 2040; x_wconf 90' lang='lat' dir='ltr'><strong>ct</strong></span> <span class='ocrx_word' id='word_1_244' title='bbox 1618 1985 2075 2053; x_wconf 88' lang='lat' dir='ltr'><strong>iuquinatiouibus</strong></span> 
     </span>
    </p>
   </div>
   <div class='ocr_carea' id='block_1_33' title="bbox 491 2076 2073 2151">
    <p class='ocr_par' dir='ltr' id='par_1_33' title="bbox 491 2076 2073 2151">
     <span class='ocr_line' id='line_1_33' title="bbox 491 2076 2073 2151; baseline -0.006 -14"><span class='ocrx_word' id='word_1_245' title='bbox 491 2087 704 2151; x_wconf 84' lang='lat' dir='ltr'><strong>eripere</strong></span> <span class='ocrx_word' id='word_1_246' title='bbox 759 2091 921 2148; x_wconf 86' lang='lat' dir='ltr'><strong>atque</strong></span> <span class='ocrx_word' id='word_1_247' title='bbox 952 2079 1214 2132; x_wconf 83' lang='lat' dir='ltr'><strong>excitare.</strong></span> <span class='ocrx_word' id='word_1_248' title='bbox 1268 2077 1380 2130; x_wconf 90' lang='lat' dir='ltr'><strong>lloc</strong></span> <span class='ocrx_word' id='word_1_249' title='bbox 1427 2077 1572 2131; x_wconf 89' lang='lat' dir='ltr'><strong>enim</strong></span> <span class='ocrx_word' id='word_1_250' title='bbox 1617 2087 1772 2144; x_wconf 88' lang='lat' dir='ltr'><strong>pacto</strong></span> <span class='ocrx_word' id='word_1_251' title='bbox 1812 2076 2073 2143; x_wconf 84' lang='lat' dir='ltr'><strong>duplicem</strong></span> 
     </span>
    </p>
   </div>
   <div class='ocr_carea' id='block_1_34' title="bbox 493 2169 2073 2238">
    <p class='ocr_par' dir='ltr' id='par_1_34' title="bbox 493 2169 2073 2238">
     <span class='ocr_line' id='line_1_34' title="bbox 493 2169 2073 2238; baseline -0.006 -10"><span class='ocrx_word' id='word_1_252' title='bbox 493 2176 707 2229; x_wconf 88' lang='lat' dir='ltr'><strong>laudem</strong></span> <span class='ocrx_word' id='word_1_253' title='bbox 767 2173 1022 2235; x_wconf 82' lang='lat' dir='ltr'><strong>assecuti,</strong></span> <span class='ocrx_word' id='word_1_254' title='bbox 1085 2181 1196 2224; x_wconf 91' lang='lat' dir='ltr'><strong>tum</strong></span> <span class='ocrx_word' id='word_1_255' title='bbox 1268 2170 1502 2238; x_wconf 78' lang='lat' dir='ltr'><strong>propria:</strong></span> <span class='ocrx_word' id='word_1_256' title='bbox 1552 2169 1903 2232; x_wconf 85' lang='lat' dir='ltr'><strong>fortitudinis.</strong></span> <span class='ocrx_word' id='word_1_257' title='bbox 1961 2178 2073 2222; x_wconf 89' lang='lat' dir='ltr'><strong>tum</strong></span> 
     </span>
    </p>
   </div>
   <div class='ocr_carea' id='block_1_35' title="bbox 492 2259 2077 2329">
    <p class='ocr_par' dir='ltr' id='par_1_35' title="bbox 492 2259 2077 2329">
     <span class='ocr_line' id='line_1_35' title="bbox 492 2259 2077 2329; baseline -0.006 -8"><span class='ocrx_word' id='word_1_258' title='bbox 492 2268 748 2321; x_wconf 72' lang='lat' dir='ltr'><strong>fraterna:</strong></span> <span class='ocrx_word' id='word_1_259' title='bbox 796 2263 1174 2328; x_wconf 77' lang='lat' dir='ltr'><strong>humanitatis,</strong></span> <span class='ocrx_word' id='word_1_260' title='bbox 1225 2261 1612 2315; x_wconf 67' lang='lat' dir='ltr'><strong>misericordia:</strong></span> <span class='ocrx_word' id='word_1_261' title='bbox 1663 2261 1884 2329; x_wconf 78' lang='lat' dir='ltr'><strong>pra-mia</strong></span> <span class='ocrx_word' id='word_1_262' title='bbox 1939 2259 2077 2314; x_wconf 86' lang='lat' dir='ltr'><strong>reci-</strong></span> 
     </span>
    </p>
   </div>
   <div class='ocr_carea' id='block_1_36' title="bbox 492 2352 2075 2424">
    <p class='ocr_par' dir='ltr' id='par_1_36' title="bbox 492 2352 2075 2424">
     <span class='ocr_line' id='line_1_36' title="bbox 492 2352 2075 2424; baseline -0.004 -14"><span class='ocrx_word' id='word_1_263' title='bbox 492 2366 702 2424; x_wconf 87' lang='lat' dir='ltr'><strong>p‘ereut.</strong></span> <span class='ocrx_word' id='word_1_264' title='bbox 757 2353 908 2409; x_wconf 77' lang='lat' dir='ltr'><strong>Nunc</strong></span> <span class='ocrx_word' id='word_1_265' title='bbox 938 2364 1152 2418; x_wconf 89' lang='lat' dir='ltr'><strong>autem,</strong></span> <span class='ocrx_word' id='word_1_266' title='bbox 1185 2368 1307 2407; x_wconf 91' lang='lat' dir='ltr'><strong>cum</strong></span> <span class='ocrx_word' id='word_1_267' title='bbox 1349 2352 1598 2406; x_wconf 84' lang='lat' dir='ltr'><strong>homines</strong></span> <span class='ocrx_word' id='word_1_268' title='bbox 1647 2353 1752 2404; x_wconf 89' lang='lat' dir='ltr'><strong>sint</strong></span> <span class='ocrx_word' id='word_1_269' title='bbox 1789 2365 1852 2404; x_wconf 76' lang='lat' dir='ltr'><strong>ex</strong></span> <span class='ocrx_word' id='word_1_270' title='bbox 1887 2365 2075 2404; x_wconf 88' lang='lat' dir='ltr'><strong>eorum</strong></span> 
     </span>
    </p>
   </div>
   <div class='ocr_carea' id='block_1_37' title="bbox 495 2441 2075 2512">
    <p class='ocr_par' dir='ltr' id='par_1_37' title="bbox 495 2441 2075 2512">
     <span class='ocr_line' id='line_1_37' title="bbox 495 2441 2075 2512; baseline -0.003 -13"><span class='ocrx_word' id='word_1_271' title='bbox 495 2460 740 2508; x_wconf 89' lang='lat' dir='ltr'><strong>numero,</strong></span> <span class='ocrx_word' id='word_1_272' title='bbox 794 2445 885 2512; x_wconf 89' lang='lat' dir='ltr'><strong>qui</strong></span> <span class='ocrx_word' id='word_1_273' title='bbox 939 2443 1089 2496; x_wconf 92' lang='lat' dir='ltr'><strong>humi</strong></span> <span class='ocrx_word' id='word_1_274' title='bbox 1143 2453 1356 2511; x_wconf 88' lang='lat' dir='ltr'><strong>repunt.</strong></span> <span class='ocrx_word' id='word_1_275' title='bbox 1407 2443 1690 2509; x_wconf 86' lang='lat' dir='ltr'><strong>vitamque</strong></span> <span class='ocrx_word' id='word_1_276' title='bbox 1735 2441 1933 2511; x_wconf 85' lang='lat' dir='ltr'><strong>degant</strong></span> <span class='ocrx_word' id='word_1_277' title='bbox 1971 2457 2075 2494; x_wconf 90' lang='lat' dir='ltr'><strong>non</strong></span> 
     </span>
    </p>
   </div>
   <div class='ocr_carea' id='block_1_38' title="bbox 495 2532 2080 2606">
    <p class='ocr_par' dir='ltr' id='par_1_38' title="bbox 495 2532 2080 2606">
     <span class='ocr_line' id='line_1_38' title="bbox 495 2532 2080 2606; baseline -0.004 -16"><span class='ocrx_word' id='word_1_278' title='bbox 495 2537 806 2606; x_wconf 86' lang='lat' dir='ltr'><strong>angelorqu</strong></span> <span class='ocrx_word' id='word_1_279' title='bbox 833 2544 887 2587; x_wconf 91' lang='lat' dir='ltr'><strong>et</strong></span> <span class='ocrx_word' id='word_1_280' title='bbox 913 2532 1217 2588; x_wconf 66' lang='lat' dir='ltr'><strong>caelestium</strong></span> <span class='ocrx_word' id='word_1_281' title='bbox 1250 2532 1463 2585; x_wconf 87' lang='lat' dir='ltr'><strong>illarum</strong></span> <span class='ocrx_word' id='word_1_282' title='bbox 1495 2533 1784 2596; x_wconf 86' lang='lat' dir='ltr'><strong>tuentium,</strong></span> <span class='ocrx_word' id='word_1_283' title='bbox 1811 2548 1932 2599; x_wconf 75' lang='lat' dir='ltr'><strong>quae</strong></span> <span class='ocrx_word' id='word_1_284' title='bbox 1957 2547 2080 2586; x_wconf 84' lang='lat' dir='ltr'><strong>cor-</strong></span> 
     </span>
    </p>
   </div>
   <div class='ocr_carea' id='block_1_39' title="bbox 492 2622 2080 2696">
    <p class='ocr_par' dir='ltr' id='par_1_39' title="bbox 492 2622 2080 2696">
     <span class='ocr_line' id='line_1_39' title="bbox 492 2622 2080 2696; baseline -0.004 -15"><span class='ocrx_word' id='word_1_285' title='bbox 492 2633 626 2696; x_wconf 79' lang='lat' dir='ltr'><strong>pore</strong></span> <span class='ocrx_word' id='word_1_286' title='bbox 647 2634 855 2688; x_wconf 86' lang='lat' dir='ltr'><strong>carent,</strong></span> <span class='ocrx_word' id='word_1_287' title='bbox 885 2625 1011 2678; x_wconf 59' lang='lat' dir='ltr'><strong>vita;</strong></span> <span class='ocrx_word' id='word_1_288' title='bbox 1041 2623 1297 2683; x_wconf 87' lang='lat' dir='ltr'><strong>similem,</strong></span> <span class='ocrx_word' id='word_1_289' title='bbox 1327 2623 1419 2676; x_wconf 89' lang='lat' dir='ltr'><strong>sed</strong></span> <span class='ocrx_word' id='word_1_290' title='bbox 1457 2623 1642 2686; x_wconf 90' lang='lat' dir='ltr'><strong>talem,</strong></span> <span class='ocrx_word' id='word_1_291' title='bbox 1683 2638 1802 2692; x_wconf 66' lang='lat' dir='ltr'><strong>quae</strong></span> <span class='ocrx_word' id='word_1_292' title='bbox 1839 2624 1890 2676; x_wconf 89' lang='lat' dir='ltr'><strong>in</strong></span> <span class='ocrx_word' id='word_1_293' title='bbox 1937 2622 2080 2691; x_wconf 86' lang='lat' dir='ltr'><strong>judi-</strong></span> 
     </span>
    </p>
   </div>
   <div class='ocr_carea' id='block_1_40' title="bbox 2173 1623 3754 1699">
    <p class='ocr_par' dir='ltr' id='par_1_40' title="bbox 2173 1623 3754 1699">
     <span class='ocr_line' id='line_1_40' title="bbox 2173 1623 3754 1699; baseline -0.002 -18"><span class='ocrx_word' id='word_1_294' title='bbox 2173 1628 2272 1699; x_wconf 80' lang='grc' dir='ltr'>τὴν</span> <span class='ocrx_word' id='word_1_295' title='bbox 2325 1627 2482 1699; x_wconf 86' lang='grc' dir='ltr'>χάριν</span> <span class='ocrx_word' id='word_1_296' title='bbox 2544 1626 2844 1697; x_wconf 83' lang='grc' dir='ltr'>ὁμολογεῖν,</span> <span class='ocrx_word' id='word_1_297' title='bbox 2895 1626 2977 1678; x_wconf 78' lang='grc' dir='ltr'>ὅτι</span> <span class='ocrx_word' id='word_1_298' title='bbox 3031 1626 3125 1677; x_wconf 82' lang='grc' dir='ltr'><strong>καὶ</strong></span> <span class='ocrx_word' id='word_1_299' title='bbox 3187 1623 3349 1692; x_wconf 87' lang='grc' dir='ltr'>φύσιν</span> <span class='ocrx_word' id='word_1_300' title='bbox 3407 1624 3754 1695; x_wconf 83' lang='grc' dir='ltr'>ἡγεμονικῶς</span> 
     </span>
    </p>
   </div>
   <div class='ocr_carea' id='block_1_41' title="bbox 2173 1716 3755 1788">
    <p class='ocr_par' dir='ltr' id='par_1_41' title="bbox 2173 1716 3755 1788">
     <span class='ocr_line' id='line_1_41' title="bbox 2173 1716 3755 1788; baseline 0.001 -19"><span class='ocrx_word' id='word_1_301' title='bbox 2173 1716 2497 1788; x_wconf 66' lang='grc' dir='ltr'>ἡνιόχησαν,</span> <span class='ocrx_word' id='word_1_302' title='bbox 2533 1718 2624 1768; x_wconf 73' lang='grc' dir='ltr'><strong>καὶ</strong></span> <span class='ocrx_word' id='word_1_303' title='bbox 2659 1717 2980 1788; x_wconf 84' lang='grc' dir='ltr'>πειρασμῶν</span> <span class='ocrx_word' id='word_1_304' title='bbox 3021 1717 3324 1770; x_wconf 85' lang='grc' dir='ltr'>σατανικῶν</span> <span class='ocrx_word' id='word_1_305' title='bbox 3363 1718 3464 1770; x_wconf 91' lang='grc' dir='ltr'><strong>οὐκ</strong></span> <span class='ocrx_word' id='word_1_306' title='bbox 3508 1718 3755 1785; x_wconf 84' lang='grc' dir='ltr'>ἐγένοντο</span> 
     </span>
    </p>
   </div>
   <div class='ocr_carea' id='block_1_42' title="bbox 2173 1803 3755 1880">
    <p class='ocr_par' dir='ltr' id='par_1_42' title="bbox 2173 1803 3755 1880">
     <span class='ocr_line' id='line_1_42' title="bbox 2173 1803 3755 1880; baseline 0.001 -19"><span class='ocrx_word' id='word_1_307' title='bbox 2173 1810 2420 1880; x_wconf 84' lang='grc' dir='ltr'>χείρους·</span> <span class='ocrx_word' id='word_1_308' title='bbox 2455 1803 2569 1872; x_wconf 56' lang='grc' dir='ltr'>τοῖς</span> <span class='ocrx_word' id='word_1_309' title='bbox 2608 1809 2665 1860; x_wconf 84' lang='grc' dir='ltr'>δὲ</span> <span class='ocrx_word' id='word_1_310' title='bbox 2698 1808 3058 1879; x_wconf 82' lang='grc' dir='ltr'>ἀσθενήσασιν</span> <span class='ocrx_word' id='word_1_311' title='bbox 3086 1808 3299 1879; x_wconf 81' lang='grc' dir='ltr'>ὀρέγειν</span> <span class='ocrx_word' id='word_1_312' title='bbox 3347 1808 3755 1880; x_wconf 79' lang='grc' dir='ltr'>φιλανθρωπίας</span> 
     </span>
    </p>
   </div>
   <div class='ocr_carea' id='block_1_43' title="bbox 2173 1899 3753 1974">
    <p class='ocr_par' dir='ltr' id='par_1_43' title="bbox 2173 1899 3753 1974">
     <span class='ocr_line' id='line_1_43' title="bbox 2173 1899 3753 1974; baseline 0.001 -21"><span class='ocrx_word' id='word_1_313' title='bbox 2173 1899 2371 1965; x_wconf 81' lang='grc' dir='ltr'>δεξιὰν,</span> <span class='ocrx_word' id='word_1_314' title='bbox 2408 1901 2500 1953; x_wconf 72' lang='grc' dir='ltr'><strong>καὶ</strong></span> <span class='ocrx_word' id='word_1_315' title='bbox 2549 1899 2853 1969; x_wconf 83' lang='grc' dir='ltr'>ἀνεγείρειν</span> <span class='ocrx_word' id='word_1_316' title='bbox 2884 1901 2946 1952; x_wconf 81' lang='grc' dir='ltr'><strong>ἐκ</strong></span> <span class='ocrx_word' id='word_1_317' title='bbox 2991 1899 3081 1953; x_wconf 90' lang='grc' dir='ltr'><strong>τοῦ</strong></span> <span class='ocrx_word' id='word_1_318' title='bbox 3114 1899 3310 1969; x_wconf 88' lang='grc' dir='ltr'>πηλοῦ,</span> <span class='ocrx_word' id='word_1_319' title='bbox 3349 1902 3441 1954; x_wconf 80' lang='grc' dir='ltr'><strong>καὶ</strong></span> <span class='ocrx_word' id='word_1_320' title='bbox 3472 1901 3753 1974; x_wconf 86' lang='grc' dir='ltr'>καθαίρειν</span> 
     </span>
    </p>
   </div>
   <div class='ocr_carea' id='block_1_44' title="bbox 2177 1993 3754 2064">
    <p class='ocr_par' dir='ltr' id='par_1_44' title="bbox 2177 1993 3754 2064">
     <span class='ocr_line' id='line_1_44' title="bbox 2177 1993 3754 2064; baseline 0.001 -17"><span class='ocrx_word' id='word_1_321' title='bbox 2177 1996 2241 2047; x_wconf 80' lang='grc' dir='ltr'><strong>ἐκ</strong></span> <span class='ocrx_word' id='word_1_322' title='bbox 2294 1993 2399 2046; x_wconf 83' lang='grc' dir='ltr'>τῶν</span> <span class='ocrx_word' id='word_1_323' title='bbox 2455 1993 2837 2063; x_wconf 90' lang='grc' dir='ltr'>μολυσμάτων.</span> <span class='ocrx_word' id='word_1_324' title='bbox 2887 1993 3117 2046; x_wconf 87' lang='grc' dir='ltr'>Διπλοῦν</span> <span class='ocrx_word' id='word_1_325' title='bbox 3174 1994 3284 2064; x_wconf 77' lang='grc' dir='ltr'>γὰρ</span> <span class='ocrx_word' id='word_1_326' title='bbox 3331 1993 3396 2047; x_wconf 86' lang='grc' dir='ltr'><strong>ἂν</strong></span> <span class='ocrx_word' id='word_1_327' title='bbox 3445 1993 3618 2057; x_wconf 74' lang='grc' dir='ltr'>οὕτως</span> <span class='ocrx_word' id='word_1_328' title='bbox 3660 1995 3754 2049; x_wconf 73' lang='grc' dir='ltr'><strong>τὸν</strong></span> 
     </span>
    </p>
   </div>
   <div class='ocr_carea' id='block_1_45' title="bbox 2177 2085 3756 2157">
    <p class='ocr_par' dir='ltr' id='par_1_45' title="bbox 2177 2085 3756 2157">
     <span class='ocr_line' id='line_1_45' title="bbox 2177 2085 3756 2157; baseline 0 -19"><span class='ocrx_word' id='word_1_329' title='bbox 2177 2085 2396 2138; x_wconf 82' lang='grc' dir='ltr'>επαινον</span> <span class='ocrx_word' id='word_1_330' title='bbox 2441 2085 2660 2155; x_wconf 70' lang='grc' dir='ltr'>ᾕραντο,</span> <span class='ocrx_word' id='word_1_331' title='bbox 2689 2085 2791 2154; x_wconf 85' lang='grc' dir='ltr'><strong>τῆς</strong></span> <span class='ocrx_word' id='word_1_332' title='bbox 2821 2101 2882 2137; x_wconf 82' lang='grc' dir='ltr'><strong>τε</strong></span> <span class='ocrx_word' id='word_1_333' title='bbox 2917 2085 3050 2148; x_wconf 82' lang='grc' dir='ltr'>ιδίας</span> <span class='ocrx_word' id='word_1_334' title='bbox 3080 2085 3448 2157; x_wconf 76' lang='grc' dir='ltr'>ἀνδραγαθίας</span> <span class='ocrx_word' id='word_1_335' title='bbox 3476 2086 3610 2156; x_wconf 81' lang='grc' dir='ltr'>ὁμοῦ</span> <span class='ocrx_word' id='word_1_336' title='bbox 3657 2087 3756 2140; x_wconf 72' lang='grc' dir='ltr'>καὶ</span> 
     </span>
    </p>
   </div>
   <div class='ocr_carea' id='block_1_46' title="bbox 2175 2176 3758 2248">
    <p class='ocr_par' dir='ltr' id='par_1_46' title="bbox 2175 2176 3758 2248">
     <span class='ocr_line' id='line_1_46' title="bbox 2175 2176 3758 2248; baseline 0.002 -20"><span class='ocrx_word' id='word_1_337' title='bbox 2175 2177 2279 2246; x_wconf 82' lang='grc' dir='ltr'>τῆς</span> <span class='ocrx_word' id='word_1_338' title='bbox 2313 2177 2637 2245; x_wconf 85' lang='grc' dir='ltr'>φιλαδέλφου</span> <span class='ocrx_word' id='word_1_339' title='bbox 2684 2179 2778 2230; x_wconf 79' lang='grc' dir='ltr'><strong>καὶ</strong></span> <span class='ocrx_word' id='word_1_340' title='bbox 2827 2180 3066 2248; x_wconf 83' lang='grc' dir='ltr'>χρηστῆς</span> <span class='ocrx_word' id='word_1_341' title='bbox 3117 2176 3460 2246; x_wconf 81' lang='grc' dir='ltr'>συμπαθείας</span> <span class='ocrx_word' id='word_1_342' title='bbox 3507 2177 3574 2230; x_wconf 84' lang='grc' dir='ltr'><strong>τά</strong></span> <span class='ocrx_word' id='word_1_343' title='bbox 3619 2178 3758 2248; x_wconf 82' lang='grc' dir='ltr'>γέρα</span> 
     </span>
    </p>
   </div>
   <div class='ocr_carea' id='block_1_47' title="bbox 2175 2266 3758 2338">
    <p class='ocr_par' dir='ltr' id='par_1_47' title="bbox 2175 2266 3758 2338">
     <span class='ocr_line' id='line_1_47' title="bbox 2175 2266 3758 2338; baseline 0.001 -19"><span class='ocrx_word' id='word_1_344' title='bbox 2175 2266 2564 2336; x_wconf 82' lang='grc' dir='ltr'>λαμϐάνοντες.</span> <span class='ocrx_word' id='word_1_345' title='bbox 2598 2268 2733 2321; x_wconf 76' lang='grc' dir='ltr'>Νυνὶ</span> <span class='ocrx_word' id='word_1_346' title='bbox 2765 2268 2820 2320; x_wconf 87' lang='grc' dir='ltr'><strong>δέ</strong></span> <span class='ocrx_word' id='word_1_347' title='bbox 2853 2267 3130 2338; x_wconf 79' lang='grc' dir='ltr'>ἄνθρωποί</span> <span class='ocrx_word' id='word_1_348' title='bbox 3159 2284 3218 2319; x_wconf 89' lang='grc' dir='ltr'><strong>τε</strong></span> <span class='ocrx_word' id='word_1_349' title='bbox 3255 2267 3406 2330; x_wconf 76' lang='grc' dir='ltr'>ὄντες</span> <span class='ocrx_word' id='word_1_350' title='bbox 3441 2268 3550 2320; x_wconf 84' lang='grc' dir='ltr'><strong>τῶν</strong></span> <span class='ocrx_word' id='word_1_351' title='bbox 3583 2269 3758 2338; x_wconf 75' lang='grc' dir='ltr'>χαμαὶ</span> 
     </span>
    </p>
   </div>
   <div class='ocr_carea' id='block_1_48' title="bbox 2177 2359 3758 2430">
    <p class='ocr_par' dir='ltr' id='par_1_48' title="bbox 2177 2359 3758 2430">
     <span class='ocr_line' id='line_1_48' title="bbox 2177 2359 3758 2430; baseline 0.001 -19"><span class='ocrx_word' id='word_1_352' title='bbox 2177 2361 2507 2430; x_wconf 73' lang='grc' dir='ltr'>ἐρχομένων,</span> <span class='ocrx_word' id='word_1_353' title='bbox 2547 2360 2644 2414; x_wconf 77' lang='grc' dir='ltr'><strong>καὶ</strong></span> <span class='ocrx_word' id='word_1_354' title='bbox 2681 2360 2880 2422; x_wconf 80' lang='grc' dir='ltr'>ζῶντες</span> <span class='ocrx_word' id='word_1_355' title='bbox 2909 2359 3020 2428; x_wconf 82' lang='grc' dir='ltr'>βίον</span> <span class='ocrx_word' id='word_1_356' title='bbox 3047 2359 3108 2412; x_wconf 93' lang='grc' dir='ltr'><strong>οὐ</strong></span> <span class='ocrx_word' id='word_1_357' title='bbox 3140 2359 3231 2412; x_wconf 80' lang='grc' dir='ltr'><strong>τὸν</strong></span> <span class='ocrx_word' id='word_1_358' title='bbox 3268 2359 3555 2428; x_wconf 87' lang='grc' dir='ltr'>ἀγγελικδν</span> <span class='ocrx_word' id='word_1_359' title='bbox 3588 2361 3758 2428; x_wconf 78' lang='grc' dir='ltr'>ἐγγὺς</span> 
     </span>
    </p>
   </div>
   <div class='ocr_carea' id='block_1_49' title="bbox 2177 2445 3759 2521">
    <p class='ocr_par' dir='ltr' id='par_1_49' title="bbox 2177 2445 3759 2521">
     <span class='ocr_line' id='line_1_49' title="bbox 2177 2445 3759 2521; baseline 0.001 -19"><span class='ocrx_word' id='word_1_360' title='bbox 2177 2451 2285 2504; x_wconf 84' lang='grc' dir='ltr'><strong>τῶν</strong></span> <span class='ocrx_word' id='word_1_361' title='bbox 2327 2453 2655 2521; x_wconf 80' lang='grc' dir='ltr'>ἀσωμάτων,</span> <span class='ocrx_word' id='word_1_362' title='bbox 2696 2451 2830 2504; x_wconf 84' lang='grc' dir='ltr'>ἀλλὰ</span> <span class='ocrx_word' id='word_1_363' title='bbox 2863 2450 3121 2510; x_wconf 86' lang='grc' dir='ltr'>τοιοῦτον.</span> <span class='ocrx_word' id='word_1_364' title='bbox 3147 2445 3257 2504; x_wconf 77' lang='grc' dir='ltr'>οἷον</span> <span class='ocrx_word' id='word_1_365' title='bbox 3300 2452 3366 2505; x_wconf 82' lang='grc' dir='ltr'>ἄν</span> <span class='ocrx_word' id='word_1_366' title='bbox 3399 2469 3485 2514; x_wconf 91' lang='grc' dir='ltr'><strong>τις</strong></span> <span class='ocrx_word' id='word_1_367' title='bbox 3527 2452 3620 2505; x_wconf 82' lang='grc' dir='ltr'>καὶ</span> <span class='ocrx_word' id='word_1_368' title='bbox 3664 2447 3759 2504; x_wconf 77' lang='grc' dir='ltr'>ὑπ’</span> 
     </span>
    </p>
   </div>
   <div class='ocr_carea' id='block_1_50' title="bbox 2179 2541 3758 2613">
    <p class='ocr_par' dir='ltr' id='par_1_50' title="bbox 2179 2541 3758 2613">
     <span class='ocr_line' id='line_1_50' title="bbox 2179 2541 3758 2613; baseline 0 -19"><span class='ocrx_word' id='word_1_369' title='bbox 2179 2541 2408 2605; x_wconf 78' lang='grc' dir='ltr'>εὐθύνας</span> <span class='ocrx_word' id='word_1_370' title='bbox 2431 2543 2629 2610; x_wconf 87' lang='grc' dir='ltr'>ἀγάγοι</span> <span class='ocrx_word' id='word_1_371' title='bbox 2659 2544 2754 2595; x_wconf 74' lang='grc' dir='ltr'><strong>καὶ</strong></span> <span class='ocrx_word' id='word_1_372' title='bbox 2779 2542 3044 2611; x_wconf 70' lang='grc' dir='ltr'>σκῶψειεν</span> <span class='ocrx_word' id='word_1_373' title='bbox 3061 2559 3074 2571; x_wconf 72' lang='grc'><strong><em>⁸</em></strong></span> <span class='ocrx_word' id='word_1_374' title='bbox 3102 2541 3413 2604; x_wconf 77' lang='grc' dir='ltr'>δικάζουσιν</span> <span class='ocrx_word' id='word_1_375' title='bbox 3447 2541 3758 2613; x_wconf 85' lang='grc' dir='ltr'>αὐστηρῶς,</span> 
     </span>
    </p>
   </div>
   <div class='ocr_carea' id='block_1_51' title="bbox 2179 2629 3760 2702">
    <p class='ocr_par' dir='ltr' id='par_1_51' title="bbox 2179 2629 3760 2702">
     <span class='ocr_line' id='line_1_51' title="bbox 2179 2629 3760 2702; baseline -0.002 -17"><span class='ocrx_word' id='word_1_376' title='bbox 2179 2634 2272 2685; x_wconf 78' lang='grc' dir='ltr'><strong>καὶ</strong></span> <span class='ocrx_word' id='word_1_377' title='bbox 2305 2632 2442 2702; x_wconf 86' lang='grc' dir='ltr'><strong>μετά</strong></span> <span class='ocrx_word' id='word_1_378' title='bbox 2489 2632 2686 2701; x_wconf 78' lang='grc' dir='ltr'>πολλῆς</span> <span class='ocrx_word' id='word_1_379' title='bbox 2731 2631 2829 2700; x_wconf 81' lang='grc' dir='ltr'>τῆς</span> <span class='ocrx_word' id='word_1_380' title='bbox 2872 2630 3155 2692; x_wconf 88' lang='grc' dir='ltr'>αὐθεντίας</span> <span class='ocrx_word' id='word_1_381' title='bbox 3186 2631 3284 2699; x_wconf 79' lang='grc' dir='ltr'>τὴν</span> <span class='ocrx_word' id='word_1_382' title='bbox 3331 2629 3760 2699; x_wconf 80' lang='grc' dir='ltr'>κατακρίνουσαν</span> 
     </span>
    </p>
   </div>
   <div class='ocr_carea' id='block_1_52' title="bbox 496 2715 2080 2793">
    <p class='ocr_par' dir='ltr' id='par_1_52' title="bbox 496 2715 2078 2785">
     <span class='ocr_line' id='line_1_52' title="bbox 496 2715 2078 2785; baseline 0.001 -17"><span class='ocrx_word' id='word_1_383' title='bbox 496 2722 642 2773; x_wconf 70' lang='lat' dir='ltr'><strong>rium</strong></span> <span class='ocrx_word' id='word_1_384' title='bbox 673 2719 853 2773; x_wconf 80' lang='lat' dir='ltr'><strong>vocari</strong></span> <span class='ocrx_word' id='word_1_385' title='bbox 889 2727 1052 2785; x_wconf 88' lang='lat' dir='ltr'><strong>atque</strong></span> <span class='ocrx_word' id='word_1_386' title='bbox 1081 2715 1332 2784; x_wconf 80' lang='lat' dir='ltr'><strong>redargui</strong></span> <span class='ocrx_word' id='word_1_387' title='bbox 1369 2715 1561 2782; x_wconf 89' lang='lat' dir='ltr'><strong>possit,</strong></span> <span class='ocrx_word' id='word_1_388' title='bbox 1599 2730 1816 2769; x_wconf 85' lang='lat' dir='ltr'><strong>severos</strong></span> <span class='ocrx_word' id='word_1_389' title='bbox 1844 2726 1896 2769; x_wconf 89' lang='lat' dir='ltr'><strong>et</strong></span> <span class='ocrx_word' id='word_1_390' title='bbox 1931 2732 2078 2770; x_wconf 92' lang='lat' dir='ltr'><strong>acer-</strong></span> 
     </span>
    </p>
   </div>
   <div class='ocr_carea' id='block_1_53' title="bbox 2184 2715 3760 2793">
    <p class='ocr_par' dir='ltr' id='par_1_53' title="bbox 2184 2719 3760 2793">
     <span class='ocr_line' id='line_1_53' title="bbox 2184 2719 3760 2793; baseline -0.002 -18"><span class='ocrx_word' id='word_1_391' title='bbox 2184 2721 2408 2793; x_wconf 77' lang='grc' dir='ltr'>ἱρὲρουσι</span> <span class='ocrx_word' id='word_1_392' title='bbox 2435 2721 2616 2790; x_wconf 72' lang='grc' dir='ltr'>ψῆφον</span> <span class='ocrx_word' id='word_1_393' title='bbox 2637 2738 2650 2751; x_wconf 89' lang='grc'><strong>·</strong></span> <span class='ocrx_word' id='word_1_394' title='bbox 2683 2719 2758 2784; x_wconf 86' lang='grc' dir='ltr'>ὡς</span> <span class='ocrx_word' id='word_1_395' title='bbox 2797 2721 2895 2790; x_wconf 74' lang='grc' dir='ltr'><strong>ἐμὲ</strong></span> <span class='ocrx_word' id='word_1_396' title='bbox 2925 2719 3181 2782; x_wconf 85' lang='grc' dir='ltr'>πολλάκις</span> <span class='ocrx_word' id='word_1_397' title='bbox 3209 2719 3314 2772; x_wconf 84' lang='grc' dir='ltr'><strong>ὐπὸ</strong></span> <span class='ocrx_word' id='word_1_398' title='bbox 3344 2719 3438 2772; x_wconf 89' lang='grc' dir='ltr'><strong>τοῦ</strong></span> <span class='ocrx_word' id='word_1_399' title='bbox 3468 2719 3634 2787; x_wconf 77' lang='grc' dir='ltr'>τύφου</span> <span class='ocrx_word' id='word_1_400' title='bbox 3662 2720 3760 2773; x_wconf 70' lang='grc' dir='ltr'><strong>καὶΙ</strong></span> 
     </span>
    </p>
   </div>
   <div class='ocr_carea' id='block_1_54' title="bbox 498 2806 2080 2883">
    <p class='ocr_par' dir='ltr' id='par_1_54' title="bbox 498 2806 2080 2875">
     <span class='ocr_line' id='line_1_54' title="bbox 498 2806 2080 2875; baseline -0.002 -12"><span class='ocrx_word' id='word_1_401' title='bbox 498 2812 596 2863; x_wconf 88' lang='lat' dir='ltr'><strong>hos</strong></span> <span class='ocrx_word' id='word_1_402' title='bbox 653 2824 713 2862; x_wconf 84' lang='lat' dir='ltr'><strong>se</strong></span> <span class='ocrx_word' id='word_1_403' title='bbox 769 2807 980 2875; x_wconf 87' lang='lat' dir='ltr'><strong>jndices</strong></span> <span class='ocrx_word' id='word_1_404' title='bbox 1026 2806 1288 2874; x_wconf 74' lang='lat' dir='ltr'><strong>przrbeut,</strong></span> <span class='ocrx_word' id='word_1_405' title='bbox 1345 2814 1736 2873; x_wconf 90' lang='lat' dir='ltr'><strong>contractoque</strong></span> <span class='ocrx_word' id='word_1_406' title='bbox 1791 2807 2080 2874; x_wconf 82' lang='lat' dir='ltr'><strong>supercilio</strong></span> 
     </span>
    </p>
   </div>
   <div class='ocr_carea' id='block_1_55' title="bbox 2184 2806 3760 2883">
    <p class='ocr_par' dir='ltr' id='par_1_55' title="bbox 2184 2810 3760 2883">
     <span class='ocr_line' id='line_1_55' title="bbox 2184 2810 3760 2883; baseline -0.001 -17"><span class='ocrx_word' id='word_1_407' title='bbox 2184 2813 2279 2883; x_wconf 83' lang='grc' dir='ltr'>τῆς</span> <span class='ocrx_word' id='word_1_408' title='bbox 2308 2813 2626 2878; x_wconf 77' lang='grc' dir='ltr'>ἀλαζονείας</span> <span class='ocrx_word' id='word_1_409' title='bbox 2651 2813 3084 2882; x_wconf 86' lang='grc' dir='ltr'>ἀποπνιγόμενον</span> <span class='ocrx_word' id='word_1_410' title='bbox 3116 2813 3288 2864; x_wconf 80' lang='grc' dir='ltr'>εἰπεῖν</span> <span class='ocrx_word' id='word_1_411' title='bbox 3327 2812 3410 2864; x_wconf 78' lang='grc' dir='ltr'>ἐπ’</span> <span class='ocrx_word' id='word_1_412' title='bbox 3435 2813 3618 2874; x_wconf 87' lang='grc' dir='ltr'>αὐτοῖς</span> <span class='ocrx_word' id='word_1_413' title='bbox 3658 2810 3760 2874; x_wconf 89' lang='grc' dir='ltr'><strong>τάς</strong></span> 
     </span>
    </p>
   </div>
   <div class='ocr_carea' id='block_1_56' title="bbox 498 2892 2080 2976">
    <p class='ocr_par' dir='ltr' id='par_1_56' title="bbox 498 2896 2078 2962">
     <span class='ocr_line' id='line_1_56' title="bbox 498 2896 2078 2962; baseline -0.003 -10"><span class='ocrx_word' id='word_1_414' title='bbox 498 2899 821 2954; x_wconf 76' lang='lat' dir='ltr'><strong>sententiam</strong></span> <span class='ocrx_word' id='word_1_415' title='bbox 855 2897 1054 2958; x_wconf 85' lang='lat' dir='ltr'><strong>ferunt,</strong></span> <span class='ocrx_word' id='word_1_416' title='bbox 1086 2903 1140 2948; x_wconf 89' lang='lat' dir='ltr'><strong>et</strong></span> <span class='ocrx_word' id='word_1_417' title='bbox 1171 2897 1450 2959; x_wconf 86' lang='lat' dir='ltr'><strong>damnant,</strong></span> <span class='ocrx_word' id='word_1_418' title='bbox 1495 2903 1554 2948; x_wconf 91' lang='lat' dir='ltr'><strong>ut</strong></span> <span class='ocrx_word' id='word_1_419' title='bbox 1597 2910 1784 2948; x_wconf 87' lang='lat' dir='ltr'><strong>eorum</strong></span> <span class='ocrx_word' id='word_1_420' title='bbox 1825 2896 2078 2962; x_wconf 81' lang='lat' dir='ltr'><strong>superbia</strong></span> 
     </span>
    </p>
   </div>
   <div class='ocr_carea' id='block_1_57' title="bbox 2184 2892 3761 2976">
    <p class='ocr_par' dir='ltr' id='par_1_57' title="bbox 2184 2903 3761 2976">
     <span class='ocr_line' id='line_1_57' title="bbox 2184 2903 3761 2976; baseline -0.002 -17"><span class='ocrx_word' id='word_1_421' title='bbox 2184 2906 2546 2976; x_wconf 80' lang='grc' dir='ltr'>εὐαγγελικάς</span> <span class='ocrx_word' id='word_1_422' title='bbox 2592 2907 2817 2976; x_wconf 81' lang='grc' dir='ltr'>ῥήσεις,</span> <span class='ocrx_word' id='word_1_423' title='bbox 2863 2905 2944 2958; x_wconf 81' lang='grc' dir='ltr'>ὅτι</span> <span class='ocrx_word' id='word_1_424' title='bbox 2980 2905 3080 2968; x_wconf 84' lang='grc' dir='ltr'>τὰς</span> <span class='ocrx_word' id='word_1_425' title='bbox 3111 2905 3299 2968; x_wconf 71' lang='grc' dir='ltr'>δοκοὺς</span> <span class='ocrx_word' id='word_1_426' title='bbox 3341 2906 3398 2957; x_wconf 84' lang='grc' dir='ltr'><strong>ἐν</strong></span> <span class='ocrx_word' id='word_1_427' title='bbox 3439 2907 3552 2968; x_wconf 87' lang='grc' dir='ltr'>τοῖς</span> <span class='ocrx_word' id='word_1_428' title='bbox 3608 2903 3761 2967; x_wconf 84' lang='grc' dir='ltr'>ίδίοις</span> 
     </span>
    </p>
   </div>
   <div class='ocr_carea' id='block_1_58' title="bbox 499 2984 2080 3068">
    <p class='ocr_par' dir='ltr' id='par_1_58' title="bbox 499 2984 2078 3058">
     <span class='ocr_line' id='line_1_58' title="bbox 499 2984 2078 3058; baseline -0.004 -14"><span class='ocrx_word' id='word_1_429' title='bbox 499 2989 922 3058; x_wconf 78' lang='lat' dir='ltr'><strong>arrogantiaque</strong></span> <span class='ocrx_word' id='word_1_430' title='bbox 951 2993 1256 3041; x_wconf 90' lang='lat' dir='ltr'><strong>commotus</strong></span> <span class='ocrx_word' id='word_1_431' title='bbox 1279 2999 1445 3053; x_wconf 86' lang='lat' dir='ltr'><strong>cogar</strong></span> <span class='ocrx_word' id='word_1_432' title='bbox 1475 2999 1569 3038; x_wconf 89' lang='lat' dir='ltr'><strong>eos</strong></span> <span class='ocrx_word' id='word_1_433' title='bbox 1597 2984 1870 3052; x_wconf 75' lang='lat' dir='ltr'><strong>Evangelii</strong></span> <span class='ocrx_word' id='word_1_434' title='bbox 1898 2984 2078 3038; x_wconf 84' lang='lat' dir='ltr'><strong>verbis</strong></span> 
     </span>
    </p>
   </div>
   <div class='ocr_carea' id='block_1_59' title="bbox 2184 2984 3761 3068">
    <p class='ocr_par' dir='ltr' id='par_1_59' title="bbox 2184 2995 3761 3068">
     <span class='ocr_line' id='line_1_59' title="bbox 2184 2995 3761 3068; baseline -0.001 -19"><span class='ocrx_word' id='word_1_435' title='bbox 2184 2999 2478 3068; x_wconf 74' lang='grc' dir='ltr'>ὀφθαλμοῖς</span> <span class='ocrx_word' id='word_1_436' title='bbox 2507 2997 2580 3068; x_wconf 86' lang='grc' dir='ltr'>μὴ</span> <span class='ocrx_word' id='word_1_437' title='bbox 2623 2997 2930 3067; x_wconf 84' lang='grc' dir='ltr'>βλέποντες,</span> <span class='ocrx_word' id='word_1_438' title='bbox 2959 2995 3069 3050; x_wconf 78' lang='grc' dir='ltr'>τῶν</span> <span class='ocrx_word' id='word_1_439' title='bbox 3105 2996 3397 3068; x_wconf 84' lang='grc' dir='ltr'>ἀλλοτρίων</span> <span class='ocrx_word' id='word_1_440' title='bbox 3424 2995 3598 3063; x_wconf 68' lang='grc' dir='ltr'>ὄψεων</span> <span class='ocrx_word' id='word_1_441' title='bbox 3625 2997 3761 3048; x_wconf 84' lang='grc' dir='ltr'>ἀπο·</span> 
     </span>
    </p>
   </div>
   <div class='ocr_carea' id='block_1_60' title="bbox 501 3075 2080 3160">
    <p class='ocr_par' dir='ltr' id='par_1_60' title="bbox 501 3075 2078 3150">
     <span class='ocr_line' id='line_1_60' title="bbox 501 3075 2078 3150; baseline -0.004 -15"><span class='ocrx_word' id='word_1_442' title='bbox 501 3081 868 3150; x_wconf 80' lang='lat' dir='ltr'><strong>rompellare:</strong></span> <span class='ocrx_word' id='word_1_443' title='bbox 903 3078 992 3144; x_wconf 90' lang='lat' dir='ltr'><strong>qui</strong></span> <span class='ocrx_word' id='word_1_444' title='bbox 1037 3091 1160 3130; x_wconf 90' lang='lat' dir='ltr'><strong>cum</strong></span> <span class='ocrx_word' id='word_1_445' title='bbox 1199 3078 1376 3129; x_wconf 85' lang='lat' dir='ltr'><strong>trabes</strong></span> <span class='ocrx_word' id='word_1_446' title='bbox 1411 3075 1647 3145; x_wconf 85' lang='lat' dir='ltr'><strong>propriis</strong></span> <span class='ocrx_word' id='word_1_447' title='bbox 1682 3075 1736 3128; x_wconf 91' lang='lat' dir='ltr'><strong>in</strong></span> <span class='ocrx_word' id='word_1_448' title='bbox 1777 3076 1952 3129; x_wconf 90' lang='lat' dir='ltr'><strong>oculis</strong></span> <span class='ocrx_word' id='word_1_449' title='bbox 1979 3090 2078 3130; x_wconf 76' lang='lat' dir='ltr'><strong>ex-</strong></span> 
     </span>
    </p>
   </div>
   <div class='ocr_carea' id='block_1_61' title="bbox 2184 3075 3761 3160">
    <p class='ocr_par' dir='ltr' id='par_1_61' title="bbox 2184 3087 3761 3160">
     <span class='ocr_line' id='line_1_61' title="bbox 2184 3087 3761 3160; baseline -0.003 -18"><span class='ocrx_word' id='word_1_450' title='bbox 2184 3092 2388 3160; x_wconf 76' lang='grc' dir='ltr'>φυσᾶτε</span> <span class='ocrx_word' id='word_1_451' title='bbox 2426 3090 2493 3143; x_wconf 87' lang='grc' dir='ltr'><strong>τά</strong></span> <span class='ocrx_word' id='word_1_452' title='bbox 2541 3089 2762 3159; x_wconf 88' lang='grc' dir='ltr'>κάρφη·</span> <span class='ocrx_word' id='word_1_453' title='bbox 2815 3088 2909 3141; x_wconf 72' lang='grc' dir='ltr'>καὶ</span> <span class='ocrx_word' id='word_1_454' title='bbox 2958 3087 3026 3141; x_wconf 84' lang='grc' dir='ltr'>τὰ</span> <span class='ocrx_word' id='word_1_455' title='bbox 3074 3087 3352 3158; x_wconf 86' lang='grc' dir='ltr'>βαρύτατα</span> <span class='ocrx_word' id='word_1_456' title='bbox 3405 3087 3600 3160; x_wconf 79' lang='grc' dir='ltr'>φορτία</span> <span class='ocrx_word' id='word_1_457' title='bbox 3646 3089 3761 3149; x_wconf 83' lang='grc' dir='ltr'>τοϊς</span> 
     </span>
    </p>
   </div>
   <div class='ocr_carea' id='block_1_62' title="bbox 502 3162 2080 3252">
    <p class='ocr_par' dir='ltr' id='par_1_62' title="bbox 502 3167 2078 3233">
     <span class='ocr_line' id='line_1_62' title="bbox 502 3167 2078 3233; baseline -0.004 -5"><span class='ocrx_word' id='word_1_458' title='bbox 502 3176 757 3228; x_wconf 77' lang='lat' dir='ltr'><strong>sistentes</strong></span> <span class='ocrx_word' id='word_1_459' title='bbox 782 3187 888 3225; x_wconf 90' lang='lat' dir='ltr'><strong>non</strong></span> <span class='ocrx_word' id='word_1_460' title='bbox 925 3178 1174 3233; x_wconf 89' lang='lat' dir='ltr'><strong>cernant,</strong></span> <span class='ocrx_word' id='word_1_461' title='bbox 1210 3183 1276 3222; x_wconf 82' lang='lat' dir='ltr'><strong>ex</strong></span> <span class='ocrx_word' id='word_1_462' title='bbox 1313 3168 1543 3222; x_wconf 88' lang='lat' dir='ltr'><strong>aliorum</strong></span> <span class='ocrx_word' id='word_1_463' title='bbox 1576 3168 1749 3222; x_wconf 90' lang='lat' dir='ltr'><strong>oculis</strong></span> <span class='ocrx_word' id='word_1_464' title='bbox 1795 3169 1962 3222; x_wconf 88' lang='lat' dir='ltr'><strong>velint</strong></span> <span class='ocrx_word' id='word_1_465' title='bbox 2000 3167 2078 3222; x_wconf 84' lang='lat' dir='ltr'><strong>fe-</strong></span> 
     </span>
    </p>
   </div>
   <div class='ocr_carea' id='block_1_63' title="bbox 2184 3162 3761 3252">
    <p class='ocr_par' dir='ltr' id='par_1_63' title="bbox 2184 3175 3761 3252">
     <span class='ocr_line' id='line_1_63' title="bbox 2184 3175 3761 3252; baseline -0.003 -16"><span class='ocrx_word' id='word_1_466' title='bbox 2184 3183 2362 3246; x_wconf 83' lang='grc' dir='ltr'>ἀλλοις</span> <span class='ocrx_word' id='word_1_467' title='bbox 2403 3182 2777 3252; x_wconf 85' lang='grc' dir='ltr'>δεσμεύοντες,</span> <span class='ocrx_word' id='word_1_468' title='bbox 2817 3183 3184 3252; x_wconf 90' lang='grc' dir='ltr'>περινοστείτε</span> <span class='ocrx_word' id='word_1_469' title='bbox 3225 3180 3409 3250; x_wconf 82' lang='grc' dir='ltr'>βαρεῖς</span> <span class='ocrx_word' id='word_1_470' title='bbox 3451 3179 3634 3250; x_wconf 86' lang='grc' dir='ltr'>κριταὶ</span> <span class='ocrx_word' id='word_1_471' title='bbox 3664 3175 3761 3231; x_wconf 71' lang='grc' dir='ltr'>καὶ</span> 
     </span>
    </p>
   </div>
   <div class='ocr_carea' id='block_1_64' title="bbox 502 3259 2082 3331">
    <p class='ocr_par' dir='ltr' id='par_1_64' title="bbox 502 3259 2082 3331">
     <span class='ocr_line' id='line_1_64' title="bbox 502 3259 2082 3331; baseline -0.005 -11"><span class='ocrx_word' id='word_1_472' title='bbox 502 3277 688 3320; x_wconf 81' lang='lat' dir='ltr'><strong>stucas</strong></span> <span class='ocrx_word' id='word_1_473' title='bbox 718 3262 916 3331; x_wconf 84' lang='lat' dir='ltr'><strong>ejicere</strong></span> <span class='ocrx_word' id='word_1_474' title='bbox 962 3261 1008 3292; x_wconf 80' lang='lat'>“</span> <span class='ocrx_word' id='word_1_475' title='bbox 1045 3277 1062 3315; x_wconf 90' lang='lat'><strong>:</strong></span> <span class='ocrx_word' id='word_1_476' title='bbox 1102 3273 1332 3327; x_wconf 87' lang='lat' dir='ltr'><strong>cumque</strong></span> <span class='ocrx_word' id='word_1_477' title='bbox 1365 3259 1684 3327; x_wconf 87' lang='lat' dir='ltr'><strong>gravissima</strong></span> <span class='ocrx_word' id='word_1_478' title='bbox 1715 3273 1879 3312; x_wconf 91' lang='lat' dir='ltr'><strong>onera</strong></span> <span class='ocrx_word' id='word_1_479' title='bbox 1920 3267 2082 3312; x_wconf 67' lang='lat' dir='ltr'><strong>caete-</strong></span> 
     </span>
    </p>
   </div>
   <div class='ocr_carea' id='block_1_65' title="bbox 505 3347 2080 3420">
    <p class='ocr_par' dir='ltr' id='par_1_65' title="bbox 505 3347 2080 3420">
     <span class='ocr_line' id='line_1_65' title="bbox 505 3347 2080 3420; baseline -0.004 -11"><span class='ocrx_word' id='word_1_480' title='bbox 505 3371 692 3408; x_wconf 90' lang='lat' dir='ltr'><strong>rorum</strong></span> <span class='ocrx_word' id='word_1_481' title='bbox 723 3352 966 3408; x_wconf 87' lang='lat' dir='ltr'><strong>humeris</strong></span> <span class='ocrx_word' id='word_1_482' title='bbox 995 3352 1295 3420; x_wconf 87' lang='lat' dir='ltr'><strong>imponant,</strong></span> <span class='ocrx_word' id='word_1_483' title='bbox 1341 3349 1515 3403; x_wconf 83' lang='lat' dir='ltr'><strong>severi</strong></span> <span class='ocrx_word' id='word_1_484' title='bbox 1547 3347 1756 3415; x_wconf 76' lang='lat' dir='ltr'><strong>iudices</strong></span> <span class='ocrx_word' id='word_1_485' title='bbox 1804 3349 2080 3413; x_wconf 88' lang='lat' dir='ltr'><strong>incedunt,</strong></span> 
     </span>
    </p>
   </div>
   <div class='ocr_carea' id='block_1_66' title="bbox 504 3439 2079 3512">
    <p class='ocr_par' dir='ltr' id='par_1_66' title="bbox 504 3439 2079 3512">
     <span class='ocr_line' id='line_1_66' title="bbox 504 3439 2079 3512; baseline -0.004 -12"><span class='ocrx_word' id='word_1_486' title='bbox 504 3461 559 3501; x_wconf 70' lang='lat' dir='ltr'><strong>et</strong></span> <span class='ocrx_word' id='word_1_487' title='bbox 581 3463 704 3502; x_wconf 89' lang='lat' dir='ltr'><strong>cum</strong></span> <span class='ocrx_word' id='word_1_488' title='bbox 732 3445 1026 3500; x_wconf 85' lang='lat' dir='ltr'><strong>imbecilles</strong></span> <span class='ocrx_word' id='word_1_489' title='bbox 1051 3442 1150 3512; x_wconf 90' lang='lat' dir='ltr'><strong>ipsi</strong></span> <span class='ocrx_word' id='word_1_490' title='bbox 1173 3455 1311 3496; x_wconf 88' lang='lat' dir='ltr'><strong>onus</strong></span> <span class='ocrx_word' id='word_1_491' title='bbox 1349 3455 1506 3494; x_wconf 90' lang='lat' dir='ltr'><strong>suum</strong></span> <span class='ocrx_word' id='word_1_492' title='bbox 1538 3439 1681 3493; x_wconf 83' lang='lat' dir='ltr'><strong>ferre</strong></span> <span class='ocrx_word' id='word_1_493' title='bbox 1713 3454 1818 3494; x_wconf 91' lang='lat' dir='ltr'><strong>non</strong></span> <span class='ocrx_word' id='word_1_494' title='bbox 1851 3442 2079 3508; x_wconf 87' lang='lat' dir='ltr'><strong>possint,</strong></span> 
     </span>
    </p>
   </div>
   <div class='ocr_carea' id='block_1_67' title="bbox 501 3531 2079 3602">
    <p class='ocr_par' dir='ltr' id='par_1_67' title="bbox 501 3531 2079 3602">
     <span class='ocr_line' id='line_1_67' title="bbox 501 3531 2079 3602; baseline -0.006 -8"><span class='ocrx_word' id='word_1_495' title='bbox 501 3539 702 3594; x_wconf 85' lang='lat' dir='ltr'><strong>Christi</strong></span> <span class='ocrx_word' id='word_1_496' title='bbox 732 3535 968 3590; x_wconf 89' lang='lat' dir='ltr'><strong>tribunal</strong></span> <span class='ocrx_word' id='word_1_497' title='bbox 1011 3540 1410 3602; x_wconf 68' lang='lat' dir='ltr'><strong>praeoccupant,</strong></span> <span class='ocrx_word' id='word_1_498' title='bbox 1441 3540 1496 3585; x_wconf 92' lang='lat' dir='ltr'><strong>et</strong></span> <span class='ocrx_word' id='word_1_499' title='bbox 1521 3531 1721 3600; x_wconf 88' lang='lat' dir='ltr'><strong>judicis</strong></span> <span class='ocrx_word' id='word_1_500' title='bbox 1759 3533 2079 3586; x_wconf 86' lang='lat' dir='ltr'><strong>sententiam</strong></span> 
     </span>
    </p>
   </div>
   <div class='ocr_carea' id='block_1_68' title="bbox 505 3621 2080 3701">
    <p class='ocr_par' dir='ltr' id='par_1_68' title="bbox 505 3621 2080 3701">
     <span class='ocr_line' id='line_1_68' title="bbox 505 3621 2080 3701; baseline -0.004 -17"><span class='ocrx_word' id='word_1_501' title='bbox 505 3629 841 3701; x_wconf 76' lang='lat' dir='ltr'><strong>praeripiunt.</strong></span> <span class='ocrx_word' id='word_1_502' title='bbox 879 3625 1033 3680; x_wconf 87' lang='lat' dir='ltr'><strong>Servi</strong></span> <span class='ocrx_word' id='word_1_503' title='bbox 1059 3634 1436 3686; x_wconf 89' lang='lat' dir='ltr'><strong>contumaces,</strong></span> <span class='ocrx_word' id='word_1_504' title='bbox 1467 3621 1559 3690; x_wconf 84' lang='lat' dir='ltr'><strong>qui</strong></span> <span class='ocrx_word' id='word_1_505' title='bbox 1592 3621 1870 3676; x_wconf 90' lang='lat' dir='ltr'><strong>conservis</strong></span> <span class='ocrx_word' id='word_1_506' title='bbox 1901 3622 2080 3678; x_wconf 83' lang='lat' dir='ltr'><strong>inuui-</strong></span> 
     </span>
    </p>
   </div>
   <div class='ocr_carea' id='block_1_69' title="bbox 505 3715 1556 3789">
    <p class='ocr_par' dir='ltr' id='par_1_69' title="bbox 505 3715 1556 3789">
     <span class='ocr_line' id='line_1_69' title="bbox 505 3715 1556 3789; baseline -0.01 -11"><span class='ocrx_word' id='word_1_507' title='bbox 505 3732 588 3778; x_wconf 88' lang='lat' dir='ltr'><strong>tes</strong></span> <span class='ocrx_word' id='word_1_508' title='bbox 619 3736 679 3775; x_wconf 90' lang='lat' dir='ltr'><strong>se</strong></span> <span class='ocrx_word' id='word_1_509' title='bbox 711 3729 871 3789; x_wconf 83' lang='lat' dir='ltr'><strong>atque</strong></span> <span class='ocrx_word' id='word_1_510' title='bbox 897 3715 1259 3772; x_wconf 77' lang='lat' dir='ltr'><strong>inexorabiles</strong></span> <span class='ocrx_word' id='word_1_511' title='bbox 1292 3715 1556 3784; x_wconf 71' lang='lat' dir='ltr'><strong>prrehent.</strong></span> 
     </span>
    </p>
   </div>
   <div class='ocr_carea' id='block_1_70' title="bbox 576 3802 2084 3878">
    <p class='ocr_par' dir='ltr' id='par_1_70' title="bbox 576 3802 2084 3878">
     <span class='ocr_line' id='line_1_70' title="bbox 576 3802 2084 3878; baseline -0.006 -13"><span class='ocrx_word' id='word_1_512' title='bbox 576 3813 634 3866; x_wconf 83' lang='lat' dir='ltr'><strong>Si</strong></span> <span class='ocrx_word' id='word_1_513' title='bbox 669 3812 834 3865; x_wconf 87' lang='lat' dir='ltr'><strong>Deum</strong></span> <span class='ocrx_word' id='word_1_514' title='bbox 886 3808 1083 3878; x_wconf 91' lang='lat' dir='ltr'><strong>cupitis</strong></span> <span class='ocrx_word' id='word_1_515' title='bbox 1133 3806 1399 3868; x_wconf 73' lang='lat' dir='ltr'><strong>:emulari,</strong></span> <span class='ocrx_word' id='word_1_516' title='bbox 1439 3803 1583 3873; x_wconf 87' lang='lat' dir='ltr'><strong>quod</strong></span> <span class='ocrx_word' id='word_1_517' title='bbox 1636 3805 1702 3858; x_wconf 86' lang='lat' dir='ltr'><strong>ad</strong></span> <span class='ocrx_word' id='word_1_518' title='bbox 1735 3802 1851 3872; x_wconf 80' lang='lat' dir='ltr'><strong>ejus</strong></span> <span class='ocrx_word' id='word_1_519' title='bbox 1892 3803 2084 3874; x_wconf 80' lang='lat' dir='ltr'><strong>imagi-</strong></span> 
     </span>
    </p>
   </div>
   <div class='ocr_carea' id='block_1_71' title="bbox 507 3896 2081 3966">
    <p class='ocr_par' dir='ltr' id='par_1_71' title="bbox 507 3896 2081 3966">
     <span class='ocr_line' id='line_1_71' title="bbox 507 3896 2081 3966; baseline -0.004 -8"><span class='ocrx_word' id='word_1_520' title='bbox 507 3919 628 3958; x_wconf 87' lang='lat' dir='ltr'><strong>nem</strong></span> <span class='ocrx_word' id='word_1_521' title='bbox 667 3903 793 3956; x_wconf 85' lang='lat' dir='ltr'><strong>facti</strong></span> <span class='ocrx_word' id='word_1_522' title='bbox 842 3901 980 3964; x_wconf 84' lang='lat' dir='ltr'><strong>sitis,</strong></span> <span class='ocrx_word' id='word_1_523' title='bbox 1038 3898 1348 3966; x_wconf 85' lang='lat' dir='ltr'><strong>exemplum</strong></span> <span class='ocrx_word' id='word_1_524' title='bbox 1415 3896 1582 3966; x_wconf 89' lang='lat' dir='ltr'><strong>ipsius</strong></span> <span class='ocrx_word' id='word_1_525' title='bbox 1613 3896 1920 3950; x_wconf 90' lang='lat' dir='ltr'><strong>imitamini.</strong></span> <span class='ocrx_word' id='word_1_526' title='bbox 1952 3897 2081 3962; x_wconf 78' lang='lat' dir='ltr'><strong>Vos,</strong></span> 
     </span>
    </p>
   </div>
   <div class='ocr_carea' id='block_1_72' title="bbox 507 3986 2082 4062">
    <p class='ocr_par' dir='ltr' id='par_1_72' title="bbox 507 3986 2082 4062">
     <span class='ocr_line' id='line_1_72' title="bbox 507 3986 2082 4062; baseline -0.005 -15"><span class='ocrx_word' id='word_1_527' title='bbox 507 3993 602 4062; x_wconf 89' lang='lat' dir='ltr'><strong>qui</strong></span> <span class='ocrx_word' id='word_1_528' title='bbox 638 3990 928 4045; x_wconf 74' lang='lat' dir='ltr'><strong>Christiani</strong></span> <span class='ocrx_word' id='word_1_529' title='bbox 956 3987 1109 4053; x_wconf 89' lang='lat' dir='ltr'><strong>estis,</strong></span> <span class='ocrx_word' id='word_1_530' title='bbox 1145 3987 1236 4055; x_wconf 90' lang='lat' dir='ltr'><strong>qui</strong></span> <span class='ocrx_word' id='word_1_531' title='bbox 1281 3986 1500 4040; x_wconf 87' lang='lat' dir='ltr'><strong>nomine</strong></span> <span class='ocrx_word' id='word_1_532' title='bbox 1530 3986 1645 4053; x_wconf 88' lang='lat' dir='ltr'><strong>ipso</strong></span> <span class='ocrx_word' id='word_1_533' title='bbox 1691 3987 2082 4041; x_wconf 87' lang='lat' dir='ltr'><strong>humanitatem</strong></span> 
     </span>
    </p>
   </div>
   <div class='ocr_carea' id='block_1_73' title="bbox 509 4077 2086 4154">
    <p class='ocr_par' dir='ltr' id='par_1_73' title="bbox 509 4077 2086 4154">
     <span class='ocr_line' id='line_1_73' title="bbox 509 4077 2086 4154; baseline -0.005 -15"><span class='ocrx_word' id='word_1_534' title='bbox 509 4081 854 4154; x_wconf 75' lang='lat' dir='ltr'><strong>profitemini,</strong></span> <span class='ocrx_word' id='word_1_535' title='bbox 885 4079 1170 4134; x_wconf 84' lang='lat' dir='ltr'><strong>imitamini</strong></span> <span class='ocrx_word' id='word_1_536' title='bbox 1199 4077 1402 4132; x_wconf 83' lang='lat' dir='ltr'><strong>Christi</strong></span> <span class='ocrx_word' id='word_1_537' title='bbox 1445 4078 1789 4131; x_wconf 82' lang='lat' dir='ltr'><strong>charitatent.</strong></span> <span class='ocrx_word' id='word_1_538' title='bbox 1828 4077 2086 4146; x_wconf 81' lang='lat' dir='ltr'><strong>Benigni-</strong></span> 
     </span>
    </p>
   </div>
   <div class='ocr_carea' id='block_1_74' title="bbox 510 4168 2083 4242">
    <p class='ocr_par' dir='ltr' id='par_1_74' title="bbox 510 4168 2083 4242">
     <span class='ocr_line' id='line_1_74' title="bbox 510 4168 2083 4242; baseline -0.004 -13"><span class='ocrx_word' id='word_1_539' title='bbox 510 4177 638 4230; x_wconf 87' lang='lat' dir='ltr'><strong>tatis</strong></span> <span class='ocrx_word' id='word_1_540' title='bbox 664 4173 782 4242; x_wconf 87' lang='lat' dir='ltr'><strong>ejus</strong></span> <span class='ocrx_word' id='word_1_541' title='bbox 823 4172 1042 4226; x_wconf 81' lang='lat' dir='ltr'><strong>divitias</strong></span> <span class='ocrx_word' id='word_1_542' title='bbox 1080 4169 1443 4230; x_wconf 87' lang='lat' dir='ltr'><strong>considerate,</strong></span> <span class='ocrx_word' id='word_1_543' title='bbox 1486 4170 1578 4238; x_wconf 91' lang='lat' dir='ltr'><strong>qui</strong></span> <span class='ocrx_word' id='word_1_544' title='bbox 1615 4184 1736 4221; x_wconf 86' lang='lat' dir='ltr'><strong>cum</strong></span> <span class='ocrx_word' id='word_1_545' title='bbox 1785 4184 1880 4236; x_wconf 89' lang='lat' dir='ltr'><strong>per</strong></span> <span class='ocrx_word' id='word_1_546' title='bbox 1906 4168 2083 4222; x_wconf 86' lang='lat' dir='ltr'><strong>homi-</strong></span> 
     </span>
    </p>
   </div>
   <div class='ocr_carea' id='block_1_75' title="bbox 510 4259 2081 4330">
    <p class='ocr_par' dir='ltr' id='par_1_75' title="bbox 510 4259 2081 4330">
     <span class='ocr_line' id='line_1_75' title="bbox 510 4259 2081 4330; baseline -0.004 -8"><span class='ocrx_word' id='word_1_547' title='bbox 510 4283 633 4322; x_wconf 90' lang='lat' dir='ltr'><strong>nem</strong></span> <span class='ocrx_word' id='word_1_548' title='bbox 661 4269 726 4320; x_wconf 87' lang='lat' dir='ltr'><strong>ad</strong></span> <span class='ocrx_word' id='word_1_549' title='bbox 761 4266 1004 4320; x_wconf 90' lang='lat' dir='ltr'><strong>homines</strong></span> <span class='ocrx_word' id='word_1_550' title='bbox 1041 4275 1302 4318; x_wconf 73' lang='lat' dir='ltr'><strong>venturus</strong></span> <span class='ocrx_word' id='word_1_551' title='bbox 1333 4271 1504 4324; x_wconf 91' lang='lat' dir='ltr'><strong>esset,</strong></span> <span class='ocrx_word' id='word_1_552' title='bbox 1538 4262 1796 4330; x_wconf 69' lang='lat' dir='ltr'><strong>praemisit</strong></span> <span class='ocrx_word' id='word_1_553' title='bbox 1820 4259 2081 4316; x_wconf 83' lang='lat' dir='ltr'><strong>Joannem</strong></span> 
     </span>
    </p>
   </div>
   <div class='ocr_carea' id='block_1_76' title="bbox 510 4349 2082 4428">
    <p class='ocr_par' dir='ltr' id='par_1_76' title="bbox 510 4349 2082 4428">
     <span class='ocr_line' id='line_1_76' title="bbox 510 4349 2082 4428; baseline -0.004 -17"><span class='ocrx_word' id='word_1_554' title='bbox 510 4358 844 4428; x_wconf 63' lang='lat' dir='ltr'><strong>poenitentiae</strong></span> <span class='ocrx_word' id='word_1_555' title='bbox 888 4370 1192 4425; x_wconf 64' lang='lat' dir='ltr'><strong>praeconem</strong></span> <span class='ocrx_word' id='word_1_556' title='bbox 1217 4363 1272 4408; x_wconf 92' lang='lat' dir='ltr'><strong>et</strong></span> <span class='ocrx_word' id='word_1_557' title='bbox 1311 4354 1526 4415; x_wconf 89' lang='lat' dir='ltr'><strong>ducem,</strong></span> <span class='ocrx_word' id='word_1_558' title='bbox 1561 4360 1616 4405; x_wconf 89' lang='lat' dir='ltr'><strong>et</strong></span> <span class='ocrx_word' id='word_1_559' title='bbox 1647 4362 1772 4404; x_wconf 84' lang='lat' dir='ltr'><strong>ante</strong></span> <span class='ocrx_word' id='word_1_560' title='bbox 1820 4349 2082 4407; x_wconf 79' lang='lat' dir='ltr'><strong>Joannem</strong></span> 
     </span>
    </p>
   </div>
   <div class='ocr_carea' id='block_1_77' title="bbox 512 4439 2085 4512">
    <p class='ocr_par' dir='ltr' id='par_1_77' title="bbox 512 4439 2085 4512">
     <span class='ocr_line' id='line_1_77' title="bbox 512 4439 2085 4512; baseline -0.001 -16"><span class='ocrx_word' id='word_1_561' title='bbox 512 4445 802 4512; x_wconf 85' lang='lat' dir='ltr'><strong>prophetas</strong></span> <span class='ocrx_word' id='word_1_562' title='bbox 848 4456 1060 4505; x_wconf 74' lang='lat' dir='ltr'><strong>outnes,</strong></span> <span class='ocrx_word' id='word_1_563' title='bbox 1111 4440 1202 4510; x_wconf 93' lang='lat' dir='ltr'><strong>qui</strong></span> <span class='ocrx_word' id='word_1_564' title='bbox 1240 4440 1500 4494; x_wconf 80' lang='lat' dir='ltr'><strong>docerent</strong></span> <span class='ocrx_word' id='word_1_565' title='bbox 1548 4439 1814 4503; x_wconf 87' lang='lat' dir='ltr'><strong>homines,</strong></span> <span class='ocrx_word' id='word_1_566' title='bbox 1863 4449 1920 4492; x_wconf 94' lang='lat' dir='ltr'><strong>ut</strong></span> <span class='ocrx_word' id='word_1_567' title='bbox 1951 4443 2085 4495; x_wconf 88' lang='lat' dir='ltr'><strong>resi-</strong></span> 
     </span>
    </p>
   </div>
   <div class='ocr_carea' id='block_1_78' title="bbox 508 4531 2084 4605">
    <p class='ocr_par' dir='ltr' id='par_1_78' title="bbox 508 4531 2084 4605">
     <span class='ocr_line' id='line_1_78' title="bbox 508 4531 2084 4605; baseline -0.001 -17"><span class='ocrx_word' id='word_1_568' title='bbox 508 4536 800 4605; x_wconf 85' lang='lat' dir='ltr'><strong>piscerent,</strong></span> <span class='ocrx_word' id='word_1_569' title='bbox 843 4545 903 4585; x_wconf 91' lang='lat' dir='ltr'><strong>ut</strong></span> <span class='ocrx_word' id='word_1_570' title='bbox 940 4533 1180 4586; x_wconf 74' lang='lat' dir='ltr'><strong>redirent</strong></span> <span class='ocrx_word' id='word_1_571' title='bbox 1215 4531 1268 4584; x_wconf 91' lang='lat' dir='ltr'><strong>in</strong></span> <span class='ocrx_word' id='word_1_572' title='bbox 1295 4531 1460 4594; x_wconf 89' lang='lat' dir='ltr'><strong>viam,</strong></span> <span class='ocrx_word' id='word_1_573' title='bbox 1489 4541 1544 4584; x_wconf 88' lang='lat' dir='ltr'><strong>et</strong></span> <span class='ocrx_word' id='word_1_574' title='bbox 1569 4533 1636 4585; x_wconf 91' lang='lat' dir='ltr'><strong>ad</strong></span> <span class='ocrx_word' id='word_1_575' title='bbox 1662 4532 1940 4586; x_wconf 89' lang='lat' dir='ltr'><strong>meliorem</strong></span> <span class='ocrx_word' id='word_1_576' title='bbox 1973 4532 2084 4586; x_wconf 84' lang='lat' dir='ltr'><strong>fru-</strong></span> 
     </span>
    </p>
   </div>
   <div class='ocr_carea' id='block_1_79' title="bbox 511 4621 2085 4697">
    <p class='ocr_par' dir='ltr' id='par_1_79' title="bbox 511 4621 2085 4697">
     <span class='ocr_line' id='line_1_79' title="bbox 511 4621 2085 4697; baseline -0.002 -19"><span class='ocrx_word' id='word_1_577' title='bbox 511 4645 630 4697; x_wconf 72' lang='lat' dir='ltr'><strong>gem</strong></span> <span class='ocrx_word' id='word_1_578' title='bbox 666 4640 787 4680; x_wconf 87' lang='lat' dir='ltr'><strong>sese</strong></span> <span class='ocrx_word' id='word_1_579' title='bbox 818 4631 1219 4678; x_wconf 87' lang='lat' dir='ltr'><strong>converterent.</strong></span> <span class='ocrx_word' id='word_1_580' title='bbox 1252 4621 1374 4678; x_wconf 72' lang='lat' dir='ltr'><strong>Mox</strong></span> <span class='ocrx_word' id='word_1_581' title='bbox 1421 4624 1538 4692; x_wconf 90' lang='lat' dir='ltr'><strong>ipse</strong></span> <span class='ocrx_word' id='word_1_582' title='bbox 1567 4624 1789 4678; x_wconf 85' lang='lat' dir='ltr'><strong>veniens</strong></span> <span class='ocrx_word' id='word_1_583' title='bbox 1821 4639 1916 4678; x_wconf 86' lang='lat' dir='ltr'><strong>ore</strong></span> <span class='ocrx_word' id='word_1_584' title='bbox 1959 4638 2085 4693; x_wconf 87' lang='lat' dir='ltr'><strong>pro-</strong></span> 
     </span>
    </p>
   </div>
   <div class='ocr_carea' id='block_1_80' title="bbox 512 4711 2084 4782">
    <p class='ocr_par' dir='ltr' id='par_1_80' title="bbox 512 4711 2084 4782">
     <span class='ocr_line' id='line_1_80' title="bbox 512 4711 2084 4782; baseline -0.001 -14"><span class='ocrx_word' id='word_1_585' title='bbox 512 4719 630 4782; x_wconf 81' lang='lat' dir='ltr'><strong>prio</strong></span> <span class='ocrx_word' id='word_1_586' title='bbox 661 4715 929 4768; x_wconf 80' lang='lat' dir='ltr'><strong>clamabat</strong></span> <span class='ocrx_word' id='word_1_587' title='bbox 967 4727 1035 4767; x_wconf 76' lang='lat' dir='ltr'><strong>ex</strong></span> <span class='ocrx_word' id='word_1_588' title='bbox 1065 4728 1293 4782; x_wconf 84' lang='lat' dir='ltr'><strong>persona</strong></span> <span class='ocrx_word' id='word_1_589' title='bbox 1323 4727 1459 4766; x_wconf 88' lang='lat' dir='ltr'><strong>sua:</strong></span> <span class='ocrx_word' id='word_1_590' title='bbox 1513 4711 1688 4766; x_wconf 82' lang='lat' dir='ltr'><strong>Venite</strong></span> <span class='ocrx_word' id='word_1_591' title='bbox 1715 4713 1784 4766; x_wconf 81' lang='lat' dir='ltr'><strong>ad</strong></span> <span class='ocrx_word' id='word_1_592' title='bbox 1823 4729 1937 4779; x_wconf 82' lang='lat' dir='ltr'><strong>me,</strong></span> <span class='ocrx_word' id='word_1_593' title='bbox 1969 4729 2084 4766; x_wconf 88' lang='lat' dir='ltr'><strong>om-</strong></span> 
     </span>
    </p>
   </div>
   <div class='ocr_carea' id='block_1_81' title="bbox 513 4802 2085 4873">
    <p class='ocr_par' dir='ltr' id='par_1_81' title="bbox 513 4802 2085 4873">
     <span class='ocr_line' id='line_1_81' title="bbox 513 4802 2085 4873; baseline -0.002 -15"><span class='ocrx_word' id='word_1_594' title='bbox 513 4823 623 4868; x_wconf 78' lang='lat' dir='ltr'><strong>nes,</strong></span> <span class='ocrx_word' id='word_1_595' title='bbox 675 4807 763 4873; x_wconf 84' lang='lat' dir='ltr'><strong>qui</strong></span> <span class='ocrx_word' id='word_1_596' title='bbox 816 4803 1068 4856; x_wconf 73' lang='lat' dir='ltr'><strong>laboratis</strong></span> <span class='ocrx_word' id='word_1_597' title='bbox 1110 4811 1158 4856; x_wconf 72' lang='lat' dir='ltr'><strong>et</strong></span> <span class='ocrx_word' id='word_1_598' title='bbox 1196 4803 1399 4854; x_wconf 80' lang='lat' dir='ltr'><strong>onerati</strong></span> <span class='ocrx_word' id='word_1_599' title='bbox 1444 4802 1599 4864; x_wconf 74' lang='lat' dir='ltr'><strong>estis,</strong></span> <span class='ocrx_word' id='word_1_600' title='bbox 1635 4815 1681 4856; x_wconf 86' lang='lat' dir='ltr'><strong>et</strong></span> <span class='ocrx_word' id='word_1_601' title='bbox 1729 4818 1822 4872; x_wconf 84' lang='lat' dir='ltr'><strong>ego</strong></span> <span class='ocrx_word' id='word_1_602' title='bbox 1853 4803 2085 4870; x_wconf 77' lang='lat' dir='ltr'><strong>reﬁciam</strong></span> 
     </span>
    </p>
   </div>
   <div class='ocr_carea' id='block_1_82' title="bbox 512 4896 2086 4962">
    <p class='ocr_par' dir='ltr' id='par_1_82' title="bbox 512 4896 2086 4962">
     <span class='ocr_line' id='line_1_82' title="bbox 512 4896 2086 4962; baseline -0.002 -10"><span class='ocrx_word' id='word_1_603' title='bbox 512 4915 602 4952; x_wconf 76' lang='lat' dir='ltr'><strong>vos</strong></span> <span class='ocrx_word' id='word_1_604' title='bbox 664 4898 731 4948; x_wconf 74' lang='grc' dir='ltr'><strong>θ’.</strong></span> <span class='ocrx_word' id='word_1_605' title='bbox 769 4896 1053 4962; x_wconf 77' lang='lat' dir='ltr'><strong>Quomodo</strong></span> <span class='ocrx_word' id='word_1_606' title='bbox 1099 4904 1280 4947; x_wconf 90' lang='lat' dir='ltr'><strong>autem</strong></span> <span class='ocrx_word' id='word_1_607' title='bbox 1368 4908 1554 4946; x_wconf 88' lang='lat' dir='ltr'><strong>vocem</strong></span> <span class='ocrx_word' id='word_1_608' title='bbox 1607 4910 1759 4946; x_wconf 87' lang='lat' dir='ltr'><strong>suam</strong></span> <span class='ocrx_word' id='word_1_609' title='bbox 1810 4898 2086 4949; x_wconf 77' lang='lat' dir='ltr'><strong>audientes</strong></span> 
     </span>
    </p>
   </div>
   <div class='ocr_carea' id='block_1_83' title="bbox 513 4984 2088 5055">
    <p class='ocr_par' dir='ltr' id='par_1_83' title="bbox 513 4984 2088 5055">
     <span class='ocr_line' id='line_1_83' title="bbox 513 4984 2088 5055; baseline 0 -14"><span class='ocrx_word' id='word_1_610' title='bbox 513 4987 766 5055; x_wconf 78' lang='lat' dir='ltr'><strong>excepit?</strong></span> <span class='ocrx_word' id='word_1_611' title='bbox 821 4984 1032 5039; x_wconf 82' lang='lat' dir='ltr'><strong>facilem</strong></span> <span class='ocrx_word' id='word_1_612' title='bbox 1082 4985 1164 5038; x_wconf 84' lang='lat' dir='ltr'><strong>eis</strong></span> <span class='ocrx_word' id='word_1_613' title='bbox 1212 4994 1557 5053; x_wconf 89' lang='lat' dir='ltr'><strong>peccatorum</strong></span> <span class='ocrx_word' id='word_1_614' title='bbox 1603 4985 1808 5038; x_wconf 73' lang='lat' dir='ltr'><strong>cernam</strong></span> <span class='ocrx_word' id='word_1_615' title='bbox 1865 4986 2088 5055; x_wconf 87' lang='lat' dir='ltr'><strong>largitus</strong></span> 
     </span>
    </p>
   </div>
   <div class='ocr_carea' id='block_1_84' title="bbox 515 5077 2090 5145">
    <p class='ocr_par' dir='ltr' id='par_1_84' title="bbox 515 5077 2090 5145">
     <span class='ocr_line' id='line_1_84' title="bbox 515 5077 2090 5145; baseline 0.001 -13"><span class='ocrx_word' id='word_1_616' title='bbox 515 5089 620 5143; x_wconf 88' lang='lat' dir='ltr'><strong>cst,</strong></span> <span class='ocrx_word' id='word_1_617' title='bbox 654 5077 904 5131; x_wconf 88' lang='lat' dir='ltr'><strong>celeriter</strong></span> <span class='ocrx_word' id='word_1_618' title='bbox 943 5077 1089 5144; x_wconf 89' lang='lat' dir='ltr'><strong>ipsos</strong></span> <span class='ocrx_word' id='word_1_619' title='bbox 1128 5085 1182 5129; x_wconf 87' lang='lat' dir='ltr'><strong>et</strong></span> <span class='ocrx_word' id='word_1_620' title='bbox 1219 5085 1492 5128; x_wconf 88' lang='lat' dir='ltr'><strong>momento</strong></span> <span class='ocrx_word' id='word_1_621' title='bbox 1524 5078 1784 5145; x_wconf 87' lang='lat' dir='ltr'><strong>temporis</strong></span> <span class='ocrx_word' id='word_1_622' title='bbox 1835 5080 1901 5132; x_wconf 87' lang='lat' dir='ltr'><strong>ah</strong></span> <span class='ocrx_word' id='word_1_623' title='bbox 1932 5080 2019 5144; x_wconf 85' lang='lat' dir='ltr'><strong>iis,</strong></span> <span class='ocrx_word' id='word_1_624' title='bbox 2059 5095 2090 5134; x_wconf 87' lang='lat' dir='ltr'><strong>a</strong></span> 
     </span>
    </p>
   </div>
   <div class='ocr_carea' id='block_1_85' title="bbox 513 5165 2088 5238">
    <p class='ocr_par' dir='ltr' id='par_1_85' title="bbox 513 5165 2088 5238">
     <span class='ocr_line' id='line_1_85' title="bbox 513 5165 2088 5238; baseline 0.001 -16"><span class='ocrx_word' id='word_1_625' title='bbox 513 5170 711 5238; x_wconf 85' lang='lat' dir='ltr'><strong>quibus</strong></span> <span class='ocrx_word' id='word_1_626' title='bbox 741 5169 1093 5235; x_wconf 83' lang='lat' dir='ltr'><strong>augehantur,</strong></span> <span class='ocrx_word' id='word_1_627' title='bbox 1129 5167 1415 5221; x_wconf 82' lang='lat' dir='ltr'><strong>liberavit:</strong></span> <span class='ocrx_word' id='word_1_628' title='bbox 1459 5165 1691 5221; x_wconf 82' lang='lat' dir='ltr'><strong>Verbum</strong></span> <span class='ocrx_word' id='word_1_629' title='bbox 1716 5180 1934 5224; x_wconf 85' lang='lat' dir='ltr'><strong>sanctos</strong></span> <span class='ocrx_word' id='word_1_630' title='bbox 1969 5172 2088 5224; x_wconf 90' lang='lat' dir='ltr'><strong>red-</strong></span> 
     </span>
    </p>
   </div>
   <div class='ocr_carea' id='block_1_86' title="bbox 516 5258 2084 5329">
    <p class='ocr_par' dir='ltr' id='par_1_86' title="bbox 516 5258 2084 5329">
     <span class='ocr_line' id='line_1_86' title="bbox 516 5258 2084 5329; baseline -0.001 -14"><span class='ocrx_word' id='word_1_631' title='bbox 516 5259 675 5322; x_wconf 77' lang='lat' dir='ltr'><strong>didit,</strong></span> <span class='ocrx_word' id='word_1_632' title='bbox 727 5259 963 5328; x_wconf 87' lang='lat' dir='ltr'><strong>Spiritus</strong></span> <span class='ocrx_word' id='word_1_633' title='bbox 1009 5258 1384 5323; x_wconf 80' lang='lat' dir='ltr'><strong>conﬁrmavit,</strong></span> <span class='ocrx_word' id='word_1_634' title='bbox 1430 5269 1582 5312; x_wconf 75' lang='lat' dir='ltr'><strong>vetus</strong></span> <span class='ocrx_word' id='word_1_635' title='bbox 1629 5259 1800 5314; x_wconf 73' lang='lat' dir='ltr'><strong>homo</strong></span> <span class='ocrx_word' id='word_1_636' title='bbox 1847 5260 1899 5312; x_wconf 91' lang='lat' dir='ltr'><strong>in</strong></span> <span class='ocrx_word' id='word_1_637' title='bbox 1944 5276 2084 5329; x_wconf 86' lang='lat' dir='ltr'><strong>aqua</strong></span> 
     </span>
    </p>
   </div>
   <div class='ocr_carea' id='block_1_87' title="bbox 515 5351 2085 5422">
    <p class='ocr_par' dir='ltr' id='par_1_87' title="bbox 515 5351 2085 5422">
     <span class='ocr_line' id='line_1_87' title="bbox 515 5351 2085 5422; baseline -0.001 -14"><span class='ocrx_word' id='word_1_638' title='bbox 515 5353 760 5422; x_wconf 71' lang='lat' dir='ltr'><strong>sepultus</strong></span> <span class='ocrx_word' id='word_1_639' title='bbox 781 5365 886 5415; x_wconf 89' lang='lat' dir='ltr'><strong>est,</strong></span> <span class='ocrx_word' id='word_1_640' title='bbox 916 5368 1087 5406; x_wconf 69' lang='lat' dir='ltr'><strong>novus</strong></span> <span class='ocrx_word' id='word_1_641' title='bbox 1133 5361 1440 5422; x_wconf 80' lang='lat' dir='ltr'><strong>generatus,</strong></span> <span class='ocrx_word' id='word_1_642' title='bbox 1471 5353 1640 5422; x_wconf 79' lang='lat' dir='ltr'><strong>gratia</strong></span> <span class='ocrx_word' id='word_1_643' title='bbox 1689 5351 1887 5407; x_wconf 80' lang='lat' dir='ltr'><strong>ﬂoruit.</strong></span> <span class='ocrx_word' id='word_1_644' title='bbox 1942 5354 2085 5420; x_wconf 84' lang='lat' dir='ltr'><strong>Quid</strong></span> 
     </span>
    </p>
   </div>
   <div class='ocr_carea' id='block_1_88' title="bbox 2182 3267 3758 3341">
    <p class='ocr_par' dir='ltr' id='par_1_88' title="bbox 2182 3267 3758 3341">
     <span class='ocr_line' id='line_1_88' title="bbox 2182 3267 3758 3341; baseline -0.004 -16"><span class='ocrx_word' id='word_1_645' title='bbox 2182 3272 2426 3334; x_wconf 82' lang='grc' dir='ltr'>ἀσθενεῖς</span> <span class='ocrx_word' id='word_1_646' title='bbox 2471 3271 2786 3341; x_wconf 86' lang='grc' dir='ltr'>ἀχθοφόροι,</span> <span class='ocrx_word' id='word_1_647' title='bbox 2818 3269 2878 3322; x_wconf 82' lang='grc' dir='ltr'><strong>τὸ</strong></span> <span class='ocrx_word' id='word_1_648' title='bbox 2922 3269 3073 3340; x_wconf 78' lang='grc' dir='ltr'>βῆμα</span> <span class='ocrx_word' id='word_1_649' title='bbox 3109 3268 3204 3322; x_wconf 90' lang='grc' dir='ltr'><strong>τοῦ</strong></span> <span class='ocrx_word' id='word_1_650' title='bbox 3233 3267 3467 3339; x_wconf 78' lang='grc' dir='ltr'>Χριστοῦ</span> <span class='ocrx_word' id='word_1_651' title='bbox 3509 3267 3758 3337; x_wconf 73' lang='grc' dir='ltr'>προλαμο</span> 
     </span>
    </p>
   </div>
   <div class='ocr_carea' id='block_1_89' title="bbox 2183 3358 3762 3431">
    <p class='ocr_par' dir='ltr' id='par_1_89' title="bbox 2183 3358 3762 3431">
     <span class='ocr_line' id='line_1_89' title="bbox 2183 3358 3762 3431; baseline -0.002 -18"><span class='ocrx_word' id='word_1_652' title='bbox 2183 3362 2454 3425; x_wconf 76' lang='grc' dir='ltr'>ϐάνοντες,</span> <span class='ocrx_word' id='word_1_653' title='bbox 2500 3359 2593 3412; x_wconf 61' lang='grc' dir='ltr'><strong>καλ⁹</strong></span> <span class='ocrx_word' id='word_1_654' title='bbox 2641 3358 2736 3412; x_wconf 82' lang='grc' dir='ltr'><strong>τοῦ</strong></span> <span class='ocrx_word' id='word_1_655' title='bbox 2771 3358 2958 3431; x_wconf 87' lang='grc' dir='ltr'>κριτοῦ</span> <span class='ocrx_word' id='word_1_656' title='bbox 3009 3358 3105 3430; x_wconf 84' lang='grc' dir='ltr'>τὴν</span> <span class='ocrx_word' id='word_1_657' title='bbox 3153 3358 3426 3426; x_wconf 83' lang='grc' dir='ltr'>ἀπόφασιν</span> <span class='ocrx_word' id='word_1_658' title='bbox 3478 3358 3762 3430; x_wconf 85' lang='grc' dir='ltr'>προαρπά-</span> 
     </span>
    </p>
   </div>
   <div class='ocr_carea' id='block_1_90' title="bbox 2185 3447 3760 3524">
    <p class='ocr_par' dir='ltr' id='par_1_90' title="bbox 2185 3447 3760 3524">
     <span class='ocr_line' id='line_1_90' title="bbox 2185 3447 3760 3524; baseline -0.003 -18"><span class='ocrx_word' id='word_1_659' title='bbox 2185 3453 2399 3518; x_wconf 78' lang='grc' dir='ltr'>ζοντες·</span> <span class='ocrx_word' id='word_1_660' title='bbox 2442 3451 2616 3504; x_wconf 86' lang='grc' dir='ltr'>δοῦλοι</span> <span class='ocrx_word' id='word_1_661' title='bbox 2653 3451 3091 3524; x_wconf 76' lang='grc' dir='ltr'>καταφρονηταὶ,</span> <span class='ocrx_word' id='word_1_662' title='bbox 3135 3447 3231 3502; x_wconf 71' lang='grc' dir='ltr'><strong>καὶ</strong></span> <span class='ocrx_word' id='word_1_663' title='bbox 3263 3449 3623 3519; x_wconf 85' lang='grc' dir='ltr'>ἀπαραίτητοι</span> <span class='ocrx_word' id='word_1_664' title='bbox 3651 3447 3760 3502; x_wconf 83' lang='grc' dir='ltr'>τῶν</span> 
     </span>
    </p>
   </div>
   <div class='ocr_carea' id='block_1_91' title="bbox 2183 3542 2718 3614">
    <p class='ocr_par' dir='ltr' id='par_1_91' title="bbox 2183 3542 2718 3614">
     <span class='ocr_line' id='line_1_91' title="bbox 2183 3542 2718 3614; baseline -0.007 -16"><span class='ocrx_word' id='word_1_665' title='bbox 2183 3543 2486 3614; x_wconf 83' lang='grc' dir='ltr'>ὁμοδούλων</span> <span class='ocrx_word' id='word_1_666' title='bbox 2515 3542 2718 3614; x_wconf 87' lang='grc' dir='ltr'>κριταί.</span> 
     </span>
    </p>
   </div>
   <div class='ocr_carea' id='block_1_92' title="bbox 2254 3802 3762 3877">
    <p class='ocr_par' dir='ltr' id='par_1_92' title="bbox 2254 3802 3762 3877">
     <span class='ocr_line' id='line_1_92' title="bbox 2254 3802 3762 3877; baseline -0.003 -17"><span class='ocrx_word' id='word_1_667' title='bbox 2254 3806 2318 3860; x_wconf 88' lang='grc' dir='ltr'>Εἰ</span> <span class='ocrx_word' id='word_1_668' title='bbox 2365 3806 2586 3877; x_wconf 85' lang='grc' dir='ltr'>ζηλοῦτε</span> <span class='ocrx_word' id='word_1_669' title='bbox 2626 3807 2778 3871; x_wconf 78' lang='grc' dir='ltr'>Θεὸν,</span> <span class='ocrx_word' id='word_1_670' title='bbox 2817 3805 2894 3870; x_wconf 81' lang='grc' dir='ltr'>ὡς</span> <span class='ocrx_word' id='word_1_671' title='bbox 2927 3805 3047 3859; x_wconf 86' lang='grc' dir='ltr'>κατ’</span> <span class='ocrx_word' id='word_1_672' title='bbox 3089 3805 3273 3859; x_wconf 88' lang='grc' dir='ltr'>είκόνα</span> <span class='ocrx_word' id='word_1_673' title='bbox 3310 3802 3642 3868; x_wconf 79' lang='grc' dir='ltr'>κτισθέντες,</span> <span class='ocrx_word' id='word_1_674' title='bbox 3675 3819 3762 3874; x_wconf 70' lang='grc' dir='ltr'>μιι</span> 
     </span>
    </p>
   </div>
   <div class='ocr_carea' id='block_1_93' title="bbox 2189 3891 3760 3971">
    <p class='ocr_par' dir='ltr' id='par_1_93' title="bbox 2189 3891 3760 3971">
     <span class='ocr_line' id='line_1_93' title="bbox 2189 3891 3760 3971; baseline -0.004 -18"><span class='ocrx_word' id='word_1_675' title='bbox 2189 3900 2436 3971; x_wconf 86' lang='grc' dir='ltr'>μήσασθε</span> <span class='ocrx_word' id='word_1_676' title='bbox 2504 3899 2657 3968; x_wconf 82' lang='grc' dir='ltr'>ὑμῶν</span> <span class='ocrx_word' id='word_1_677' title='bbox 2708 3899 2800 3951; x_wconf 80' lang='grc' dir='ltr'><strong>τὸν</strong></span> <span class='ocrx_word' id='word_1_678' title='bbox 2851 3897 3191 3968; x_wconf 83' lang='grc' dir='ltr'>ἀρχέτυπον·</span> <span class='ocrx_word' id='word_1_679' title='bbox 3245 3891 3291 3950; x_wconf 82' lang='grc' dir='ltr'><strong>ὧ</strong></span> <span class='ocrx_word' id='word_1_680' title='bbox 3341 3896 3674 3966; x_wconf 72' lang='grc' dir='ltr'>Χριστιανοὶ,</span> <span class='ocrx_word' id='word_1_681' title='bbox 3700 3894 3760 3946; x_wconf 84' lang='grc' dir='ltr'>τὸ</span> 
     </span>
    </p>
   </div>
   <div class='ocr_carea' id='block_1_94' title="bbox 2188 3983 3760 4060">
    <p class='ocr_par' dir='ltr' id='par_1_94' title="bbox 2188 3983 3760 4060">
     <span class='ocr_line' id='line_1_94' title="bbox 2188 3983 3760 4060; baseline -0.006 -16"><span class='ocrx_word' id='word_1_682' title='bbox 2188 3991 2565 4060; x_wconf 87' lang='grc' dir='ltr'>φιλάνθρωπον</span> <span class='ocrx_word' id='word_1_683' title='bbox 2626 3990 2794 4059; x_wconf 79' lang='grc' dir='ltr'>όνομα</span> <span class='ocrx_word' id='word_1_684' title='bbox 2819 4030 2834 4053; x_wconf 95' lang='grc'><strong>,</strong></span> <span class='ocrx_word' id='word_1_685' title='bbox 2888 3987 3165 4059; x_wconf 75' lang='grc' dir='ltr'>ζηλώσατε</span> <span class='ocrx_word' id='word_1_686' title='bbox 3209 3985 3304 4038; x_wconf 85' lang='grc' dir='ltr'><strong>τοῦ</strong></span> <span class='ocrx_word' id='word_1_687' title='bbox 3363 3983 3598 4055; x_wconf 86' lang='grc' dir='ltr'>Χριστοῦ</span> <span class='ocrx_word' id='word_1_688' title='bbox 3661 3983 3760 4052; x_wconf 79' lang='grc' dir='ltr'><strong>τὴν</strong></span> 
     </span>
    </p>
   </div>
   <div class='ocr_carea' id='block_1_95' title="bbox 2187 4073 3759 4153">
    <p class='ocr_par' dir='ltr' id='par_1_95' title="bbox 2187 4073 3759 4153">
     <span class='ocr_line' id='line_1_95' title="bbox 2187 4073 3759 4153; baseline -0.009 -16"><span class='ocrx_word' id='word_1_689' title='bbox 2187 4085 2406 4153; x_wconf 83' lang='grc' dir='ltr'>ἀγάπην</span> <span class='ocrx_word' id='word_1_690' title='bbox 2427 4100 2441 4114; x_wconf 75' lang='grc' dir='ltr'><strong>ο</strong></span> <span class='ocrx_word' id='word_1_691' title='bbox 2477 4081 2820 4150; x_wconf 71' lang='grc' dir='ltr'>ἀποϐλέψατε</span> <span class='ocrx_word' id='word_1_692' title='bbox 2852 4081 2990 4151; x_wconf 74' lang='grc' dir='ltr'>πρὸς</span> <span class='ocrx_word' id='word_1_693' title='bbox 3027 4080 3118 4132; x_wconf 83' lang='grc' dir='ltr'><strong>τὸν</strong></span> <span class='ocrx_word' id='word_1_694' title='bbox 3154 4077 3383 4131; x_wconf 87' lang='grc' dir='ltr'>πλοῦτον</span> <span class='ocrx_word' id='word_1_695' title='bbox 3421 4075 3520 4145; x_wconf 81' lang='grc' dir='ltr'><strong>τῆς</strong></span> <span class='ocrx_word' id='word_1_696' title='bbox 3552 4073 3759 4125; x_wconf 88' lang='grc' dir='ltr'>ἐκείνου</span> 
     </span>
    </p>
   </div>
   <div class='ocr_carea' id='block_1_96' title="bbox 2191 4163 3762 4247">
    <p class='ocr_par' dir='ltr' id='par_1_96' title="bbox 2191 4163 3762 4247">
     <span class='ocr_line' id='line_1_96' title="bbox 2191 4163 3762 4247; baseline -0.008 -18"><span class='ocrx_word' id='word_1_697' title='bbox 2191 4176 2616 4247; x_wconf 86' lang='grc' dir='ltr'>φιλανθρωπίας.</span> <span class='ocrx_word' id='word_1_698' title='bbox 2653 4175 2878 4229; x_wconf 74' lang='grc' dir='ltr'>Μέλλων</span> <span class='ocrx_word' id='word_1_699' title='bbox 2907 4175 3015 4245; x_wconf 88' lang='grc' dir='ltr'><strong>γάρ</strong></span> <span class='ocrx_word' id='word_1_700' title='bbox 3049 4170 3352 4242; x_wconf 83' lang='grc' dir='ltr'>ἀνθρώποις</span> <span class='ocrx_word' id='word_1_701' title='bbox 3382 4163 3762 4234; x_wconf 83' lang='grc' dir='ltr'>ἐπιφαίνεσθαι</span> 
     </span>
    </p>
   </div>
   <div class='ocr_carea' id='block_1_97' title="bbox 2189 4250 3762 4339">
    <p class='ocr_par' dir='ltr' id='par_1_97' title="bbox 2189 4250 3762 4339">
     <span class='ocr_line' id='line_1_97' title="bbox 2189 4250 3762 4339; baseline -0.011 -18"><span class='ocrx_word' id='word_1_702' title='bbox 2189 4266 2253 4320; x_wconf 77' lang='grc' dir='ltr'>δι’</span> <span class='ocrx_word' id='word_1_703' title='bbox 2289 4266 2598 4339; x_wconf 85' lang='grc' dir='ltr'>ἀνθρώπου,</span> <span class='ocrx_word' id='word_1_704' title='bbox 2645 4265 2962 4338; x_wconf 83' lang='grc' dir='ltr'>προκαθῆκε</span> <span class='ocrx_word' id='word_1_705' title='bbox 3005 4250 3104 4334; x_wconf 76' lang='grc' dir='ltr'>μὲν</span> <span class='ocrx_word' id='word_1_706' title='bbox 3143 4260 3234 4313; x_wconf 81' lang='grc' dir='ltr'>τὸν</span> <span class='ocrx_word' id='word_1_707' title='bbox 3272 4259 3546 4327; x_wconf 82' lang='grc' dir='ltr'>Ἰωάννην,</span> <span class='ocrx_word' id='word_1_708' title='bbox 3595 4271 3762 4324; x_wconf 66' lang='grc' dir='ltr'><strong>μετα⁸</strong></span> 
     </span>
    </p>
   </div>
   <div class='ocr_carea' id='block_1_98' title="bbox 2189 4348 3761 4430">
    <p class='ocr_par' dir='ltr' id='par_1_98' title="bbox 2189 4348 3761 4430">
     <span class='ocr_line' id='line_1_98' title="bbox 2189 4348 3761 4430; baseline -0.009 -18"><span class='ocrx_word' id='word_1_709' title='bbox 2189 4359 2337 4422; x_wconf 88' lang='grc' dir='ltr'>νοίας</span> <span class='ocrx_word' id='word_1_710' title='bbox 2384 4360 2633 4430; x_wconf 77' lang='grc' dir='ltr'>κήρυκα,</span> <span class='ocrx_word' id='word_1_711' title='bbox 2685 4356 3042 4429; x_wconf 86' lang='grc' dir='ltr'>μεταμελείας</span> <span class='ocrx_word' id='word_1_712' title='bbox 3075 4351 3392 4422; x_wconf 76' lang='grc' dir='ltr'>εἰσηγητὴν,</span> <span class='ocrx_word' id='word_1_713' title='bbox 3431 4351 3525 4402; x_wconf 77' lang='grc' dir='ltr'>καὶ</span> <span class='ocrx_word' id='word_1_714' title='bbox 3557 4348 3761 4409; x_wconf 86' lang='grc' dir='ltr'>πάντας</span> 
     </span>
    </p>
   </div>
   <div class='ocr_carea' id='block_1_99' title="bbox 2190 4437 3757 4519">
    <p class='ocr_par' dir='ltr' id='par_1_99' title="bbox 2190 4437 3757 4519">
     <span class='ocr_line' id='line_1_99' title="bbox 2190 4437 3757 4519; baseline -0.006 -19"><span class='ocrx_word' id='word_1_715' title='bbox 2190 4449 2296 4519; x_wconf 73' lang='grc' dir='ltr'><strong>πρὸ</strong></span> <span class='ocrx_word' id='word_1_716' title='bbox 2347 4449 2593 4503; x_wconf 79' lang='grc' dir='ltr'>Ἰωάννου</span> <span class='ocrx_word' id='word_1_717' title='bbox 2647 4449 2936 4519; x_wconf 82' lang='grc' dir='ltr'>προφήτας</span> <span class='ocrx_word' id='word_1_718' title='bbox 3000 4443 3336 4513; x_wconf 73' lang='grc' dir='ltr'>ἐπιστροφῆς</span> <span class='ocrx_word' id='word_1_719' title='bbox 3389 4437 3757 4498; x_wconf 80' lang='grc' dir='ltr'>διδασκάλους.</span> 
     </span>
    </p>
   </div>
   <div class='ocr_carea' id='block_1_100' title="bbox 2190 4529 3760 4609">
    <p class='ocr_par' dir='ltr' id='par_1_100' title="bbox 2190 4529 3760 4609">
     <span class='ocr_line' id='line_1_100' title="bbox 2190 4529 3760 4609; baseline -0.009 -16"><span class='ocrx_word' id='word_1_720' title='bbox 2190 4536 2323 4593; x_wconf 78' lang='grc' dir='ltr'>Εἶτα</span> <span class='ocrx_word' id='word_1_721' title='bbox 2357 4541 2450 4592; x_wconf 72' lang='grc' dir='ltr'><strong>καὶ</strong></span> <span class='ocrx_word' id='word_1_722' title='bbox 2491 4540 2649 4605; x_wconf 69' lang='grc' dir='ltr'>αὐτὸς</span> <span class='ocrx_word' id='word_1_723' title='bbox 2693 4539 2808 4609; x_wconf 89' lang='grc' dir='ltr'>μετ’</span> <span class='ocrx_word' id='word_1_724' title='bbox 2840 4538 3016 4606; x_wconf 85' lang='grc' dir='ltr'>ὀλίγον</span> <span class='ocrx_word' id='word_1_725' title='bbox 3057 4535 3365 4605; x_wconf 75' lang='grc' dir='ltr'>ἐπιφανεὶς,</span> <span class='ocrx_word' id='word_1_726' title='bbox 3394 4531 3571 4600; x_wconf 75' lang='grc' dir='ltr'>οἰκείᾳ</span> <span class='ocrx_word' id='word_1_727' title='bbox 3610 4529 3760 4597; x_wconf 77' lang='grc' dir='ltr'>φωνῇ</span> 
     </span>
    </p>
   </div>
   <div class='ocr_carea' id='block_1_101' title="bbox 2193 4623 3766 4700">
    <p class='ocr_par' dir='ltr' id='par_1_101' title="bbox 2193 4623 3766 4700">
     <span class='ocr_line' id='line_1_101' title="bbox 2193 4623 3766 4700; baseline -0.005 -19"><span class='ocrx_word' id='word_1_728' title='bbox 2193 4629 2291 4700; x_wconf 74' lang='grc' dir='ltr'><strong>βοᾷ</strong></span> <span class='ocrx_word' id='word_1_729' title='bbox 2321 4629 2786 4700; x_wconf 85' lang='grc' dir='ltr'>αὐτοπροσὼπως·</span> <span class='ocrx_word' id='word_1_730' title='bbox 2820 4629 2997 4682; x_wconf 77' lang='grc' dir='ltr'>Δεῦτε</span> <span class='ocrx_word' id='word_1_731' title='bbox 3023 4627 3172 4696; x_wconf 79' lang='grc' dir='ltr'>πρὸς</span> <span class='ocrx_word' id='word_1_732' title='bbox 3203 4627 3299 4695; x_wconf 81' lang='grc' dir='ltr'>μὲ,</span> <span class='ocrx_word' id='word_1_733' title='bbox 3338 4623 3559 4687; x_wconf 77' lang='grc' dir='ltr'>πάντες</span> <span class='ocrx_word' id='word_1_734' title='bbox 3590 4625 3643 4674; x_wconf 79' lang='grc' dir='ltr'>οἱ</span> <span class='ocrx_word' id='word_1_735' title='bbox 3667 4637 3766 4673; x_wconf 76' lang='grc' dir='ltr'>κο-</span> 
     </span>
    </p>
   </div>
   <div class='ocr_carea' id='block_1_102' title="bbox 2191 4713 3764 4790">
    <p class='ocr_par' dir='ltr' id='par_1_102' title="bbox 2191 4713 3764 4790">
     <span class='ocr_line' id='line_1_102' title="bbox 2191 4713 3764 4790; baseline -0.008 -15"><span class='ocrx_word' id='word_1_736' title='bbox 2191 4722 2443 4787; x_wconf 81' lang='grc' dir='ltr'>πιῶντες</span> <span class='ocrx_word' id='word_1_737' title='bbox 2502 4722 2602 4775; x_wconf 76' lang='grc' dir='ltr'>καὶ</span> <span class='ocrx_word' id='word_1_738' title='bbox 2661 4719 3157 4790; x_wconf 56' lang='grc' dir='ltr'>πεφορτισμένοι,</span> <span class='ocrx_word' id='word_1_739' title='bbox 3212 4717 3373 4786; x_wconf 75' lang='grc' dir='ltr'><strong>κάγὼ</strong></span> <span class='ocrx_word' id='word_1_740' title='bbox 3431 4713 3764 4769; x_wconf 74' lang='grc' dir='ltr'>ἀναπαύσω</span> 
     </span>
    </p>
   </div>
   <div class='ocr_carea' id='block_1_103' title="bbox 2191 4803 3762 4883">
    <p class='ocr_par' dir='ltr' id='par_1_103' title="bbox 2191 4803 3762 4883">
     <span class='ocr_line' id='line_1_103' title="bbox 2191 4803 3762 4883; baseline -0.008 -17"><span class='ocrx_word' id='word_1_741' title='bbox 2191 4811 2366 4880; x_wconf 82' lang='grc' dir='ltr'>ὑμᾶς.</span> <span class='ocrx_word' id='word_1_742' title='bbox 2394 4813 2436 4864; x_wconf 90' lang='grc' dir='ltr'>Τ</span> <span class='ocrx_word' id='word_1_743' title='bbox 2439 4813 2531 4875; x_wconf 88' lang='grc' dir='ltr'><strong>οὐς</strong></span> <span class='ocrx_word' id='word_1_744' title='bbox 2560 4812 2615 4865; x_wconf 84' lang='grc' dir='ltr'><strong>δέ</strong></span> <span class='ocrx_word' id='word_1_745' title='bbox 2640 4815 2705 4883; x_wconf 79' lang='grc' dir='ltr'>τῇ</span> <span class='ocrx_word' id='word_1_746' title='bbox 2736 4811 2923 4881; x_wconf 86' lang='grc' dir='ltr'>κλήσει</span> <span class='ocrx_word' id='word_1_747' title='bbox 2949 4809 3270 4872; x_wconf 78' lang='grc' dir='ltr'>πεισθέντας</span> <span class='ocrx_word' id='word_1_748' title='bbox 3296 4807 3410 4868; x_wconf 84' lang='grc' dir='ltr'>πῶς</span> <span class='ocrx_word' id='word_1_749' title='bbox 3435 4803 3762 4866; x_wconf 83' lang='grc' dir='ltr'>ὐπεδέξατο;</span> 
     </span>
    </p>
   </div>
   <div class='ocr_carea' id='block_1_104' title="bbox 2196 4895 3766 4974">
    <p class='ocr_par' dir='ltr' id='par_1_104' title="bbox 2196 4895 3766 4974">
     <span class='ocr_line' id='line_1_104' title="bbox 2196 4895 3766 4974; baseline -0.005 -20"><span class='ocrx_word' id='word_1_750' title='bbox 2196 4905 2425 4955; x_wconf 77' lang='grc' dir='ltr'>Ἀπονον</span> <span class='ocrx_word' id='word_1_751' title='bbox 2463 4903 2659 4956; x_wconf 78' lang='grc' dir='ltr'>ἔδωκεν</span> <span class='ocrx_word' id='word_1_752' title='bbox 2687 4903 2794 4956; x_wconf 84' lang='grc' dir='ltr'><strong>τῶν</strong></span> <span class='ocrx_word' id='word_1_753' title='bbox 2819 4902 3230 4974; x_wconf 84' lang='grc' dir='ltr'>ἁμαρτημάτων</span> <span class='ocrx_word' id='word_1_754' title='bbox 3257 4899 3354 4964; x_wconf 79' lang='grc' dir='ltr'>τὴν</span> <span class='ocrx_word' id='word_1_755' title='bbox 3379 4897 3588 4964; x_wconf 78' lang='grc' dir='ltr'>ἄφεσιν,</span> <span class='ocrx_word' id='word_1_756' title='bbox 3624 4895 3766 4946; x_wconf 86' lang='grc' dir='ltr'>ἀκα-</span> 
     </span>
    </p>
   </div>
   <div class='ocr_carea' id='block_1_105' title="bbox 2199 4981 3760 5064">
    <p class='ocr_par' dir='ltr' id='par_1_105' title="bbox 2199 4981 3760 5064">
     <span class='ocr_line' id='line_1_105' title="bbox 2199 4981 3760 5064; baseline -0.01 -18"><span class='ocrx_word' id='word_1_757' title='bbox 2199 4993 2374 5064; x_wconf 85' lang='grc' dir='ltr'>ριαίαν</span> <span class='ocrx_word' id='word_1_758' title='bbox 2407 4995 2494 5046; x_wconf 70' lang='grc' dir='ltr'>καὶ</span> <span class='ocrx_word' id='word_1_759' title='bbox 2528 4994 2786 5062; x_wconf 87' lang='grc' dir='ltr'>σύντομον</span> <span class='ocrx_word' id='word_1_760' title='bbox 2815 4992 2912 5062; x_wconf 76' lang='grc' dir='ltr'>τὴν</span> <span class='ocrx_word' id='word_1_761' title='bbox 2947 4992 3054 5044; x_wconf 84' lang='grc' dir='ltr'>τῶν</span> <span class='ocrx_word' id='word_1_762' title='bbox 3082 4988 3387 5042; x_wconf 80' lang='grc' dir='ltr'>λυπούντων</span> <span class='ocrx_word' id='word_1_763' title='bbox 3408 4981 3760 5053; x_wconf 73' lang='grc' dir='ltr'><strong>ἀπαλλαγήν⁸</strong></span> 
     </span>
    </p>
   </div>
   <div class='ocr_carea' id='block_1_106' title="bbox 2197 5075 3768 5156">
    <p class='ocr_par' dir='ltr' id='par_1_106' title="bbox 2197 5075 3768 5156">
     <span class='ocr_line' id='line_1_106' title="bbox 2197 5075 3768 5156; baseline -0.007 -19"><span class='ocrx_word' id='word_1_764' title='bbox 2197 5083 2367 5152; x_wconf 86' lang='grc' dir='ltr'>Λόγος</span> <span class='ocrx_word' id='word_1_765' title='bbox 2395 5085 2642 5154; x_wconf 79' lang='grc' dir='ltr'>ἡγίασεν,</span> <span class='ocrx_word' id='word_1_766' title='bbox 2662 5085 2885 5156; x_wconf 87' lang='grc' dir='ltr'>Πνεῦμα</span> <span class='ocrx_word' id='word_1_767' title='bbox 2927 5084 3289 5154; x_wconf 80' lang='grc' dir='ltr'>ἐσφράγισεν·</span> <span class='ocrx_word' id='word_1_768' title='bbox 3329 5079 3356 5129; x_wconf 78' lang='grc' dir='ltr'><strong>ὁ</strong></span> <span class='ocrx_word' id='word_1_769' title='bbox 3401 5075 3630 5138; x_wconf 77' lang='grc' dir='ltr'>παλαιὸς</span> <span class='ocrx_word' id='word_1_770' title='bbox 3673 5075 3768 5128; x_wconf 80' lang='grc' dir='ltr'>ἀν-</span> 
     </span>
    </p>
   </div>
   <div class='ocr_carea' id='block_1_107' title="bbox 2198 5163 3762 5244">
    <p class='ocr_par' dir='ltr' id='par_1_107' title="bbox 2198 5163 3762 5244">
     <span class='ocr_line' id='line_1_107' title="bbox 2198 5163 3762 5244; baseline -0.006 -20"><span class='ocrx_word' id='word_1_771' title='bbox 2198 5172 2411 5244; x_wconf 90' lang='grc' dir='ltr'>θρωπος</span> <span class='ocrx_word' id='word_1_772' title='bbox 2446 5175 2700 5244; x_wconf 84' lang='grc' dir='ltr'>ἐνετάφη,</span> <span class='ocrx_word' id='word_1_773' title='bbox 2726 5177 2754 5226; x_wconf 85' lang='grc' dir='ltr'><strong>ό</strong></span> <span class='ocrx_word' id='word_1_774' title='bbox 2784 5175 2901 5236; x_wconf 85' lang='grc' dir='ltr'>νέος</span> <span class='ocrx_word' id='word_1_775' title='bbox 2926 5172 3141 5243; x_wconf 80' lang='grc' dir='ltr'>ἐτέχθη,</span> <span class='ocrx_word' id='word_1_776' title='bbox 3167 5168 3441 5239; x_wconf 77' lang='grc' dir='ltr'>ἀνηδήσας</span> <span class='ocrx_word' id='word_1_777' title='bbox 3465 5167 3532 5235; x_wconf 81' lang='grc' dir='ltr'>τῇ</span> <span class='ocrx_word' id='word_1_778' title='bbox 3559 5163 3762 5234; x_wconf 84' lang='grc' dir='ltr'>χάριτι.</span> 
     </span>
    </p>
   </div>
   <div class='ocr_carea' id='block_1_108' title="bbox 2193 5257 3763 5336">
    <p class='ocr_par' dir='ltr' id='par_1_108' title="bbox 2193 5257 3763 5336">
     <span class='ocr_line' id='line_1_108' title="bbox 2193 5257 3763 5336; baseline -0.007 -20"><span class='ocrx_word' id='word_1_779' title='bbox 2193 5264 2259 5316; x_wconf 83' lang='grc' dir='ltr'><strong>Τί</strong></span> <span class='ocrx_word' id='word_1_780' title='bbox 2299 5264 2367 5316; x_wconf 82' lang='grc' dir='ltr'><strong>τά</strong></span> <span class='ocrx_word' id='word_1_781' title='bbox 2410 5264 2568 5335; x_wconf 58' lang='grc' dir='ltr'>ἑξῆς</span> <span class='ocrx_word' id='word_1_782' title='bbox 2609 5263 2667 5316; x_wconf 87' lang='lat'><strong>&#39;0</strong></span> <span class='ocrx_word' id='word_1_783' title='bbox 2705 5263 2990 5336; x_wconf 84' lang='grc' dir='ltr'>ἄνθρωπος</span> <span class='ocrx_word' id='word_1_784' title='bbox 3021 5264 3252 5325; x_wconf 79' lang='grc' dir='ltr'>οἰκεῖος,</span> <span class='ocrx_word' id='word_1_785' title='bbox 3301 5260 3415 5311; x_wconf 82' lang='grc' dir='ltr'>ἀντ’</span> <span class='ocrx_word' id='word_1_786' title='bbox 3461 5257 3763 5327; x_wconf 84' lang='grc' dir='ltr'>ἀλλοτρίου,</span> 
     </span>
    </p>
   </div>
   <div class='ocr_carea' id='block_1_109' title="bbox 2186 5348 3765 5428">
    <p class='ocr_par' dir='ltr' id='par_1_109' title="bbox 2186 5348 3765 5428">
     <span class='ocr_line' id='line_1_109' title="bbox 2186 5348 3765 5428; baseline -0.006 -19"><span class='ocrx_word' id='word_1_787' title='bbox 2186 5356 2309 5420; x_wconf 80' lang='grc' dir='ltr'>ὐἱὸς</span> <span class='ocrx_word' id='word_1_788' title='bbox 2349 5359 2470 5410; x_wconf 79' lang='grc' dir='ltr'>ἀντὶ</span> <span class='ocrx_word' id='word_1_789' title='bbox 2516 5357 2688 5422; x_wconf 78' lang='grc' dir='ltr'>ξένου,</span> <span class='ocrx_word' id='word_1_790' title='bbox 2725 5357 2931 5428; x_wconf 88' lang='grc' dir='ltr'>μύστης</span> <span class='ocrx_word' id='word_1_791' title='bbox 2962 5360 3024 5410; x_wconf 86' lang='grc' dir='ltr'><strong>ἐκ</strong></span> <span class='ocrx_word' id='word_1_792' title='bbox 3057 5355 3317 5426; x_wconf 79' lang='grc' dir='ltr'>βεϐήλου,</span> <span class='ocrx_word' id='word_1_793' title='bbox 3348 5353 3502 5421; x_wconf 80' lang='grc' dir='ltr'>ἆγιος</span> <span class='ocrx_word' id='word_1_794' title='bbox 3547 5350 3606 5416; x_wconf 78' lang='grc' dir='ltr'>ἐξ</span> <span class='ocrx_word' id='word_1_795' title='bbox 3637 5348 3765 5400; x_wconf 77' lang='grc' dir='ltr'>ἀσε-</span> 
     </span>
    </p>
   </div>
   <div class='ocr_carea' id='block_1_110' title="bbox 459 5463 3000 5559">
    <p class='ocr_par' dir='ltr' id='par_1_110' title="bbox 459 5463 3000 5559">
     <span class='ocr_line' id='line_1_110' title="bbox 459 5463 3000 5559; baseline 0.004 -42"><span class='ocrx_word' id='word_1_796' title='bbox 459 5485 480 5559; x_wconf 58' lang='lat'><em>)</em></span> <span class='ocrx_word' id='word_1_797' title='bbox 591 5465 639 5498; x_wconf 80' lang='lat'>“</span> <span class='ocrx_word' id='word_1_798' title='bbox 668 5463 768 5520; x_wconf 81' lang='lat' dir='ltr'><strong>Job</strong></span> <span class='ocrx_word' id='word_1_799' title='bbox 796 5479 906 5530; x_wconf 79' lang='lat' dir='ltr'><strong>xw,</strong></span> <span class='ocrx_word' id='word_1_800' title='bbox 936 5465 970 5519; x_wconf 68' lang='grc'><strong>4</strong></span> <span class='ocrx_word' id='word_1_801' title='bbox 998 5481 1108 5520; x_wconf 91' lang='lat' dir='ltr'><strong>scc.</strong></span> <span class='ocrx_word' id='word_1_802' title='bbox 1144 5463 1315 5520; x_wconf 80' lang='lat' dir='ltr'><strong>LXX.</strong></span> <span class='ocrx_word' id='word_1_803' title='bbox 1390 5467 1435 5498; x_wconf 85' lang='lat'><strong>’°</strong></span> <span class='ocrx_word' id='word_1_804' title='bbox 1469 5465 1600 5520; x_wconf 88' lang='lat' dir='ltr'><strong>Luc.</strong></span> <span class='ocrx_word' id='word_1_805' title='bbox 1629 5482 1684 5530; x_wconf 71' lang='grc' dir='ltr'>ι,</span> <span class='ocrx_word' id='word_1_806' title='bbox 1713 5465 1799 5519; x_wconf 81' lang='lat' dir='ltr'><strong>l9.</strong></span> <span class='ocrx_word' id='word_1_807' title='bbox 1842 5467 1886 5497; x_wconf 80' lang='lat'><strong>&quot;</strong></span> <span class='ocrx_word' id='word_1_808' title='bbox 1926 5466 2118 5523; x_wconf 81' lang='lat' dir='ltr'><strong>Matth.</strong></span> <span class='ocrx_word' id='word_1_809' title='bbox 2147 5487 2244 5534; x_wconf 81' lang='lat' dir='ltr'><strong>vn,</strong></span> <span class='ocrx_word' id='word_1_810' title='bbox 2285 5473 2338 5537; x_wconf 85' lang='lat'><strong>5,</strong></span> <span class='ocrx_word' id='word_1_811' title='bbox 2369 5474 2415 5526; x_wconf 74' lang='grc' dir='ltr'>ί.</span> <span class='ocrx_word' id='word_1_812' title='bbox 2491 5473 2536 5504; x_wconf 78' lang='grc'><strong>⁹¹</strong></span> <span class='ocrx_word' id='word_1_813' title='bbox 2576 5473 2869 5536; x_wconf 74' lang='lat' dir='ltr'><strong>Mattlt.:t,</strong></span> <span class='ocrx_word' id='word_1_814' title='bbox 2909 5473 3000 5527; x_wconf 72' lang='grc'><strong>28.</strong></span> 
     </span>
    </p>
   </div>
   <div class='ocr_carea' id='block_1_111' title="bbox 592 5570 2080 5654">
    <p class='ocr_par' dir='ltr' id='par_1_111' title="bbox 592 5575 2080 5654">
     <span class='ocr_line' id='line_1_111' title="bbox 592 5575 2080 5654; baseline 0.003 -24"><span class='ocrx_word' id='word_1_815' title='bbox 592 5575 724 5654; x_wconf 69' lang='grc' dir='ltr'><strong>(δυ’)</strong></span> <span class='ocrx_word' id='word_1_816' title='bbox 763 5575 1060 5654; x_wconf 48' lang='grc' dir='ltr'>Οὐδείς-ε</span> <span class='ocrx_word' id='word_1_817' title='bbox 1084 5577 1290 5654; x_wconf 63' lang='grc' dir='ltr'>αὐτοῦ.</span> <span class='ocrx_word' id='word_1_818' title='bbox 1325 5576 1498 5654; x_wconf 67' lang='lat' dir='ltr'><strong>Locus</strong></span> <span class='ocrx_word' id='word_1_819' title='bbox 1533 5578 1850 5654; x_wconf 56' lang='lat' dir='ltr'><strong>trierttoritcr</strong></span> <span class='ocrx_word' id='word_1_820' title='bbox 1889 5581 2080 5636; x_wconf 79' lang='lat' dir='ltr'><strong>citatus</strong></span> 
     </span>
    </p>
   </div>
   <div class='ocr_carea' id='block_1_112' title="bbox 2184 5570 3770 5654">
    <p class='ocr_par' dir='ltr' id='par_1_112' title="bbox 2190 5570 3770 5654">
     <span class='ocr_line' id='line_1_112' title="bbox 2190 5570 3770 5654; baseline -0.006 -19"><span class='ocrx_word' id='word_1_821' title='bbox 2190 5584 2317 5637; x_wconf 83' lang='lat' dir='ltr'><strong>erba</strong></span> <span class='ocrx_word' id='word_1_822' title='bbox 2369 5581 2550 5653; x_wconf 68' lang='grc' dir='ltr'>ἡμέρα</span> <span class='ocrx_word' id='word_1_823' title='bbox 2583 5583 2693 5636; x_wconf 83' lang='grc' dir='ltr'>οὐδ’</span> <span class='ocrx_word' id='word_1_824' title='bbox 2729 5582 2798 5636; x_wconf 83' lang='grc' dir='ltr'>ἂν</span> <span class='ocrx_word' id='word_1_825' title='bbox 2829 5583 2928 5654; x_wconf 87' lang='grc' dir='ltr'><strong>μία</strong></span> <span class='ocrx_word' id='word_1_826' title='bbox 2967 5583 3094 5654; x_wconf 63' lang='lat' dir='ltr'><strong>leti</strong></span> <span class='ocrx_word' id='word_1_827' title='bbox 3119 5578 3426 5638; x_wconf 79' lang='lat' dir='ltr'><strong>inversione</strong></span> <span class='ocrx_word' id='word_1_828' title='bbox 3469 5575 3548 5632; x_wconf 84' lang='lat' dir='ltr'><strong>sic</strong></span> <span class='ocrx_word' id='word_1_829' title='bbox 3607 5570 3770 5628; x_wconf 70' lang='lat' dir='ltr'><strong>mtto-</strong></span> 
     </span>
    </p>
   </div>
   <div class='ocr_carea' id='block_1_113' title="bbox 519 5646 2080 5718">
    <p class='ocr_par' dir='ltr' id='par_1_113' title="bbox 519 5646 1801 5718">
     <span class='ocr_line' id='line_1_113' title="bbox 519 5646 1801 5718; baseline 0 -17"><span class='ocrx_word' id='word_1_830' title='bbox 519 5649 726 5702; x_wconf 77' lang='lat' dir='ltr'><strong>canda:</strong></span> <span class='ocrx_word' id='word_1_831' title='bbox 763 5648 869 5700; x_wconf 78' lang='grc' dir='ltr'>οὐδ’</span> <span class='ocrx_word' id='word_1_832' title='bbox 908 5649 973 5702; x_wconf 84' lang='grc' dir='ltr'><strong>ἂν</strong></span> <span class='ocrx_word' id='word_1_833' title='bbox 1003 5647 1100 5718; x_wconf 89' lang='grc' dir='ltr'><strong>μία</strong></span> <span class='ocrx_word' id='word_1_834' title='bbox 1131 5648 1332 5718; x_wconf 81' lang='grc' dir='ltr'>ἡμέρα.</span> <span class='ocrx_word' id='word_1_835' title='bbox 1365 5649 1522 5702; x_wconf 68' lang='lat' dir='ltr'><strong>Eutr.</strong></span> <span class='ocrx_word' id='word_1_836' title='bbox 1556 5646 1801 5701; x_wconf 73' lang='grc' dir='ltr'>Ρηιιοι..</span> 
     </span>
    </p>
   </div>
  </div>
