4076 6144
356 202 475 261 357

1215 200 1498 258 HOMILIA
1538 201 1676 257 χιιι.
1711 198 2159 258 ADBOBTATIO
2204 199 2295 255 AD
2344 197 2870 257 PGINITENTIAM.

3500 196 3621 267 358.

357 319 516 377 ιοῦς.
575 315 635 369 '0
697 314 875 369 τοίνυν
932 316 1053 378 ταῖς
1120 312 1291 379 οὓτως
1352 314 1797 387 μεγαλοπρεπέσι
1850 315 1946 370 καὶ

2054 314 2239 370 deinde
2282 321 2628 369 consecutum
2682 313 2810 369 est?
2842 313 2934 383 qui
2978 314 3228 372 inimicus
3251 314 3447 384 fuerat,
3479 317 3613 374 ami-

364 405 793 479 ἀνυπερϐλήτοις
848 407 1078 478 δωρεαῖς
1127 405 1469 471 πλουτισθεὶς
1492 445 1508 471 ,
1566 406 1827 479 ἁμαρτὼν
1864 409 1944 472 εἰς

368 496 455 549 τὸν
488 494 772 564 φιλότιμον
800 494 895 548 καὶ
918 494 1122 562 ἀγαθὸν
1153 495 1241 546 εύε
1253 494 1473 566 ργέτην,
1508 497 1659 568 παρὰ
1690 497 1787 567 μὲν
1816 497 1944 565 ὑμῖν

370 590 477 650 τοῖς
506 584 789 647 δυσκόλοις
815 586 908 638 καὶ
931 584 1268 655 ἀμαλάκτοις
1295 584 1574 647 δικασταῖς
1611 585 1772 649 εὐθὺς
1807 586 1944 654 μήτε

366 676 529 744 λόγου
557 672 900 745 μεταλαϐὼν,
932 674 1147 736 πάντως
1180 673 1245 727 ἂν
1275 675 1369 726 ἐπὶ
1404 673 1496 727 τὸν
1525 673 1741 745 ὀλεθρον
1780 674 1943 747 ἤχθη,

371 769 465 819 καὶ
503 766 604 836 τῆς
641 764 829 818 ἐνθάδε
859 763 1006 833 ζωῆς
1056 765 1392 827 ἀποκοπεὶς,
1439 765 1532 817 καὶ¹
1569 763 1667 835 τὴν
1696 767 1811 818 ἐκεῖ
1851 780 1945 818 κο-

370 855 686 926 λαζόμενος.
724 853 878 907 Ἐπεὶ
913 854 972 906 δὲ
1016 853 1174 918 ἄλλος
1212 855 1358 908 ἐστὶν
1382 857 1412 908 ὁ
1452 855 1552 925 τῆς
1597 854 1780 925 ψήφου
1830 854 1946 909 Κύ-

374 961 511 1014 ριος,
549 943 578 994 ὀ
606 941 773 994 ποιῶν
803 942 865 995 τὸ
910 941 1057 1003 ἔλεος
1107 943 1186 1005 εἰς
1235 942 1478 1012 χιλιάδας
1510 943 1603 995 καὶ
1645 943 1944 1015 μυριάδας,

375 1037 469 1089 καὶ
513 1035 590 1105 μὴ
632 1034 800 1087 Θέλων
831 1034 923 1086 τὸν
970 1034 1199 1089 θάνατον
1233 1035 1326 1088 τοῦ
1359 1035 1703 1107 ἁμαρτωλοῦ,
1740 1037 1945 1107 ἀναμέ-

374 1145 480 1182 νων
509 1127 568 1179 δὲ
605 1127 702 1196 τὴν
741 1128 1078 1197 ἐπιστροφήν
1101 1126 1291 1179 ὀὐδὲν
1333 1126 1503 1189 οὕτως
1540 1128 1590 1179 οἱ
1624 1129 1723 1197 τὴν
1756 1127 1947 1199 πρώην

375 1219 535 1290 χάριν
590 1215 911 1288 ὑϐρίσαντες
952 1216 1399 1287 ὲτιμωρήθησανο
1435 1215 1571 1270 ἀλλὰ
1617 1216 1778 1271 πάλιν
1824 1217 1947 1270 δεύ-

374 1327 531 1381 rapo;
567 1308 715 1370 ἔλεος
754 1308 849 1360 καὶ
884 1306 1169 1361 ἀκολουθεῖ
1209 1306 1291 1377 τῷ
1327 1308 1600 1378 προτέρῳ,
1640 1310 1733 1362 καὶ
1774 1310 1950 1380 ἀμνη-

376 1400 531 1470 στείᾳ
585 1398 881 1474 συγγνώμη
933 1399 1284 1462 συνάπτεται,
1325 1399 1421 1451 καὶ
1467 1398 1698 1471 δάκρυον
1747 1400 1946 1464 στάξαν

375 1491 688 1561 ίσοδυναμεί
742 1488 821 1559 τῷ
871 1487 1110 1560 λουτρῷ,
1154 1488 1249 1542 καὶ
1296 1491 1597 1560 στεναγμὸς
1654 1490 1948 1561 ἐπίμοχθος

377 1581 640 1648 ἐπανάγει
675 1579 774 1650 τὴν
808 1579 970 1650 χάριν
1030 1580 1169 1650 πρὸς
1198 1579 1374 1648 ὀλίγον
1404 1581 1855 1653 ἀναχωρήσασαν.
1884 1583 1948 1635 Εἰ

2045 419 2141 459 cus
2171 405 2377 466 evasit;
2416 404 2509 473 qui
2555 403 2783 469 alienus,
2813 404 2989 460 illius:
3020 406 3112 475 qui
3149 406 3425 477 profanus,
3457 422 3614 464 sacer

2045 509 2109 553 ac
2145 496 2282 563 pius.
2324 492 2372 548 Is
2412 509 2564 564 ergo,
2597 495 2689 562 qui
2720 503 2827 548 tam
2880 494 3176 566 magniﬁcis
3207 507 3261 550 et
3290 495 3615 552 incredibili-

2044 590 2144 643 bus
2200 584 2422 647 alIectus
2487 585 2830 648 muneribus,
2883 588 3172 656 benignum
3226 601 3291 641 at.
3339 572 3614 640 liberalem

2045 677 2356 748 largitorem
2393 676 2633 743 ingratus
2667 673 2908 739 olTendit,
2951 692 2982 730 a
3011 678 3163 732 nobis
3193 679 3406 746 quidem
3432 678 3618 731 docto-

2045 769 2194 822 ribus
2233 767 2541 834 severisque
2572 763 2844 833 judicibus
2884 768 3069 821 statim
3117 767 3316 823 indicta
3350 783 3516 824 causa
3547 767 3617 824 ad

2046 858 2343 913 cruciatum
2380 868 2676 926 raperetur,
2723 858 3084 927 praesentique
3130 863 3369 935 privatus
3419 860 3521 916 vita
3557 861 3610 916 in

2046 950 2214 1003 altera
2241 948 2561 1018 supplicium
2614 949 2900 1003 inveniret.
2945 947 3436 1036 Verum-quOniam
3481 951 3620 1006 alius

2041 1038 2226 1109 judicii
2254 1038 2534 1100 Dominus,
2561 1038 2650 1107 qui
2682 1039 2733 1092 in
2763 1039 2969 1093 inﬁnita
3002 1038 3166 1093 millia
3197 1040 3423 1094 millium
3458 1040 3619 1096 mise-

2049 1129 2336 1184 rieordiam
2382 1129 2591 1193 tribuit,
2628 1145 2726 1184 nec
2770 1131 2883 1184 vult
2920 1141 3147 1185 mortem
3178 1132 3498 1201 peccatoris,
3523 1132 3621 1188 sed

2046 1230 2341 1288 exspectat,
2371 1231 2429 1274 ut
2463 1221 2741 1290 resipiscat
2772 1223 2817 1253 ”
2843 1238 2859 1286 ;
2884 1236 2948 1277 eo
2981 1222 3061 1288 lit,
3087 1230 3144 1275 ut
3173 1236 3240 1276 ne
3279 1221 3353 1276 illi
3379 1222 3619 1291 quidem,

2047 1314 2135 1380 qui
2163 1311 2392 1379 priorem
2422 1313 2648 1379 gratiam
2680 1315 3123 1369 contumeliosius
3150 1312 3479 1383 abjecerunl,
3506 1328 3621 1367 me-

2050 1403 2152 1456 rito
2180 1403 2483 1457 adiciantur
2523 1405 2823 1473 sultplicio:
2877 1407 2971 1461 sed
3000 1421 3030 1461 a
3072 1406 3370 1476 posteriore
3413 1406 3624 1461 miseri-

2049 1494 2230 1547 cordia
2271 1493 2422 1564 prior
2460 1497 2781 1566 excipiatur,
2825 1507 2881 1552 et
2913 1498 3107 1553 oblivio
3145 1514 3266 1553 cum
3306 1501 3461 1553 venia
3491 1513 3626 1554 cou-

2043 1580 2312 1653 jungatur,
2365 1595 2425 1640 ut
2457 1585 2814 1658 lacrymarum
2859 1586 3048 1644 eifusio
3109 1588 3305 1643 lavacri
3358 1589 3464 1643 vim
3520 1589 3623 1644 hac

374 1673 629 1733 ἀπιστεῖς
682 1669 761 1740 τῷ
804 1669 967 1742 λόγῳ,
1029 1670 1233 1740 Πέτρον
1266 1668 1561 1740 ἐρώτησον,
1593 1672 1651 1725 ὲν
1692 1673 1758 1741 τῇ
1801 1670 1948 1741 οἰκίᾳ

2054 1672 2193 1739 beat,
2245 1677 2585 1745 gemitusque
2637 1678 2857 1732 reducat
2905 1680 3156 1745 gratiam,
3181 1694 3300 1749 qua:
3356 1679 3624 1750 paulisper

374 1762 471 1817 τοῦ
504 1762 804 1834 ἀρχιερέως
837 1761 1168 1833 καθήμενον,
1217 1760 1310 1813 καὶ
1350 1760 1493 1825 λέξει
1538 1778 1654 1825 σοι,
1699 1762 1845 1825 ὃπως
1890 1762 1951 1815 τὸ

376 1853 737 1924 παράπτωμα
771 1854 871 1924 τῆς
897 1852 1178 1923 ἀρνήσεως
1218 1851 1431 1922 πικρῶς
1469 1852 1799 1924 ὀδυράμενος
1831 1853 1955 1906 ἐκα-

375 1944 552 2016 θάρθη
572 1961 586 1974 ·
616 1944 710 1997 καὶ
741 1943 841 1997 οὐκ
869 1942 1126 1996 ἀνέλυσεν
1155 1943 1236 2006 είς
1267 1943 1365 1998 τὸν
1403 1945 1643 2017 Σίμωνα,
1670 1943 1807 1998 ἀλλὰ
1847 1944 1954 1999 Πέ-

373 2055 505 2110 τρος
537 2039 804 2108 διέμεινεν
831 2039 860 2091 ὁ
885 2036 1201 2101 ἀπόστολος.

462 2230 604 2300 ἐγὼ
647 2231 704 2286 δὲ
735 2230 963 2302 νομίζω,
1017 2230 1100 2284 δτι
1135 2231 1229 2285 καὶ
1263 2231 1463 2294 Ἰούδας
1514 2230 1544 2282 ὁ
1580 2229 1952 2300 Ἰσκαριώτηςν

379 2326 430 2378 εί
466 2323 542 2393 μὴ
581 2323 793 2393 ταχέως
820 2323 984 2385 αὐτὸς
1031 2322 1225 2375 ἑαυτοῦ
1265 2323 1481 2390 ἐγένετο
1527 2323 1742 2394 δήμιος,
1781 2321 1952 2391 ἀσύγ-

380 2431 624 2485 γνωστον
666 2414 856 2485 κρίνας
905 2413 1004 2485 τὴν
1050 2413 1346 2485 ἁμαρτίαν,
1399 2412 1726 2485 προσπεσὼν
1766 2412 1823 2466 δὲ
1865 2413 1955 2465 τὸν

383 2507 536 2559 ἐλεον
586 2505 805 2576 ᾔτησεν,
852 2506 953 2558 οὐκ
999 2505 1066 2560 ἂν
1111 2504 1222 2559 τῶν
1270 2502 1573 2574 οἰκτιρμῶν
1618 2503 1728 2556 τῶν
1777 2503 1955 2572 πάσης

380 2596 801 2668 ὑπερχεομένων
849 2598 948 2668 τῆς
994 2596 1319 2667 οἰκουμένης
1364 2595 1685 2665 ὴστόχησεν.
1738 2594 1957 2663 Τεκμήο

383 2708 500 2763 ριον
522 2691 585 2744 δὲ
615 2690 712 2743 τοῦ
744 2690 902 2758 λόγου
928 2690 1128 2752 πάντες
1160 2686 1396 2756 Ἑϐραῖοι
1423 2687 1470 2738 οἱ
1508 2684 1649 2755 μετὰ
1674 2683 1766 2738 τὸν
1797 2694 1958 2736 σταυι

382 2783 478 2854 ρὸν
520 2781 930 2846 πιστεύσαντες,
975 2782 1068 2834 καὶ
1109 2777 1187 2849 τῷ
1222 2776 1437 2848 λουτρῷ
1469 2776 1569 2839 τὰς
1599 2774 1777 2846 ψυχὰς
1818 2772 1954 2845 ὁμοῦ

381 2874 478 2927 καὶ
524 2873 624 2936 τὰς
674 2876 863 2943 χεῖρας
908 2869 1216 2940 νιψάμενοι.
1258 2870 1321 2922 Ei
1365 2867 1422 2925 δὲ
1452 2868 1502 2920 oi
1544 2865 1956 2935 σταυρώσαντες

379 2966 709 3036 ὴλεήθησαν,
749 2963 868 3026 πῶς
906 2964 1005 3017 οὐκ
1041 2961 1106 3016 ἂν
1134 2963 1163 3015 ὁ
1203 2960 1434 3032 προδοὺς
1472 2961 1572 3031 τῆς
1617 2957 1953 3055 ἀμνηστείας
1981 2998 2024 3055 C

380 3056 732 3128 ἀπήλαυσεν;
772 3054 1019 3126 Ἐδέσμει
1054 3055 1184 3107 ποτὲ
1211 3052 1305 3106 καὶ
1333 3052 1546 3116 Παῦλος
1571 3050 1950 3122 Χριστιανοὺς,

378 3147 521 3203 ἀλλὰ
565 3147 842 3217 βαστάσας
888 3144 1113 3217 ὕστερον
1159 3142 1378 3205 ἁλύσεις
1412 3141 1554 3213 ὑπὲρ
1589 3140 1847 3214 Χριστοῦ,
1889 3142 1954 3194 ὲκ

380 3240 482 3309 τῆς
518 3237 916 3300 ταυτοπαθείας
956 3235 1115 3288 ἔλυσε
1142 3234 1211 3288 τὰ
1249 3234 1596 3304 ἐγκλήματα·
1628 3235 1845 3305 ἥμαρτε
1877 3231 1957 3285 λι·-

380 3331 565 3397 θάζων
594 3331 866 3400 Στέφανον
911 3328 1007 3382 καὶ
1057 3326 1395 3381 συνευδοκῶν
1441 3329 1559 3389 τοῖς
1608 3327 1951 3393 φονεύουσιν,

379 3423 520 3476 ἀλλὰ
569 3420 844 3484 λιθασθεὶς
892 3418 1138 3490 ὲξήλευψε
1194 3420 1257 3472 τὸ
1291 3418 1691 3489 πλημμέλημα.
1733 3415 1956 3469 Ἐτελώ-

378 3533 507 3571 νουν
550 3513 682 3567 ποτὲ
720 3512 997 3575 Ματθαίος
1042 3511 1138 3565 καὶ
1171 3511 1467 3581 Ζακχαῖος,
1502 3508 1640 3563 ἀλλὰ
1680 3510 1745 3578 τῇ
1787 3522 1956 3560 κατα-

378 3609 644 3681 φρονήσει
676 3605 786 3660 τῶν
815 3604 1115 3677 χρημάτων
1137 3604 1236 3675 τὴν
1267 3602 1558 3656 τελωνείαν
1586 3602 1952 3670 πατήσαντες,

378 3702 413 3753 ὁ
454 3700 552 3769 μὲν
596 3700 664 3767 τῇ
707 3696 854 3768 οἰκία
901 3696 994 3749 τὸν
1037 3694 1243 3766 Ἰησοῦν
1284 3693 1517 3759 ἐδέξατο,
1563 3694 1659 3746 καὶ⁵
1692 3693 1758 3762 τῇ
1808 3691 1954 3761 ψυχῇ

385 3791 588 3844 πλέον’
620 3792 650 3842 ὁ
679 3788 737 3842 δὲ
771 3785 1100 3858 θαυμαστῶν
1145 3785 1396 3855 πράξεων
1430 3781 1823 3853 εύαγγελιστὴς
1860 3782 1957 3834 καὶ

389 3879 740 3949 συγγραφεὺς
752 3875 1143 3947 ἀπεδείχθη.’0
1167 3873 1424 3945 τελώνης,
1457 3874 1485 3925 ὸ
1509 3872 1646 3944 μετὰ
1674 3871 1769 3925 τοῦ
1797 3872 1959 3941 Φαρι-

390 3973 546 4026 σαίου
573 3971 870 4038 ἀναγκαῖον
891 3970 974 4031 είς
1002 3967 1241 4038 μνήμην,
1277 3968 1310 4036 ἡ
1344 3964 1481 4035 γυνὴ
1511 3966 1546 4034 ή
1574 3962 1672 4034 τὴν
1704 3960 1955 4033 δραχμὴν

382 4060 701 4119 ἀπολέσασα
740 4059 837 4112 καὶ
868 4056 1122 4127 εὑροῦσα.

2053 1776 2374 1821 recesserat.
2423 1767 2479 1821 Si
2538 1769 2771 1823 orationi
2827 1779 3026 1825 nostra:
3076 1771 3233 1824 ﬁdem
3282 1786 3390 1826 non
3434 1772 3622 1837 habes,

2054 1852 2270 1908 Petrum
2303 1855 2355 1909 in
2402 1857 2611 1912 aedibus
2639 1859 2902 1928 principis
2934 1861 3275 1920 sacerdotum
3329 1861 3625 1933 interroga,

2053 1953 2108 1999 et
2182 1946 2347 2001 dicet.
2384 1948 2505 2016 tibi,
2578 1954 2847 2019 qnmnodo
2921 1952 3296 2022 abnegationis
3348 1965 3624 2023 peccatum

2055 2050 2238 2093 amare
2274 2037 2463 2108 lugens
2491 2041 2791 2110 expiavcrit
2835 2040 2882 2074 ”
2905 2081 2921 2107 ,
2965 2057 3064 2098 nec
3096 2044 3147 2097 in
3186 2039 3458 2098 Simonem
3503 2058 3624 2099 mu-

2054 2136 2198 2183 tatus
2229 2130 2318 2196 sit,
2358 2131 2452 2186 sed
2488 2130 2678 2187 Petrus
2714 2136 3066 2201 permanserit
3098 2136 3394 2205 apostolus.
3573 2121 3584 2131 ’

2129 2217 2241 2289 Ego
2279 2231 2459 2275 autem
2493 2231 2545 2276 et
2578 2221 2771 2277 ludam
2831 2223 3144 2281 lscariotam
3198 2225 3469 2292 existimo,
3523 2226 3627 2281 nisi

2056 2307 2137 2360 sui
2188 2308 2354 2375 ipsius
2391 2311 2629 2366 carnifex
2675 2325 2795 2366 esse
2832 2322 3192 2382 properasset,
3240 2312 3449 2369 facinus
3471 2330 3628 2370 suum

2055 2399 2272 2464 gravius
2330 2413 2569 2468 putans,
2627 2417 2789 2471 quam
2868 2412 2928 2458 ut
2982 2404 3083 2459 sibi
3138 2415 3321 2474 posset
3379 2408 3627 2478 ignosci,

2057 2491 2149 2543 sed
2200 2492 2422 2560 supplex
2477 2494 2690 2548 veniam
2744 2496 3010 2563 petiisset,
3066 2496 3183 2565 eius
3227 2500 3627 2565 misericordiae,

2056 2594 2176 2648 qtne
2204 2595 2300 2648 per
2334 2581 2521 2637 orbem
2558 2595 2676 2638 erat
2720 2584 2939 2651 diﬂ‘usa,
2984 2603 3092 2644 non
3144 2588 3313 2645 fuisse
3353 2601 3628 2661 expertem

2061 2672 2297 2727 futurum
2347 2691 2360 2726 :
2414 2675 2502 2729 cui
2521 2677 2740 2744 quidem
2790 2679 2866 2732 rei
2932 2680 3236 2737 testimonio
3283 2692 3411 2738 sunt
3458 2682 3629 2740 Juda'i

2060 2764 2170 2827 illi,
2202 2766 2292 2833 qui
2338 2782 2461 2821 cum
2495 2766 2768 2823 Christum
2811 2771 2961 2826 cruci
3010 2770 3357 2838 sumsissent,
3403 2776 3629 2831 creden-

2059 2867 2159 2922 tes,
2188 2856 2461 2926 ‘baptismo
2510 2868 2714 2916 mentes
2745 2861 2907 2916 simul
2960 2872 3018 2918 et
3070 2880 3261 2922 manus
3316 2868 3626 2926 abluernnt.

2058 2946 2211 3012 Quod
2249 2949 2297 3003 si
2323 2950 2420 3013 illi,
2454 2953 2546 3019 qui
2578 2951 2850 3008 Christum
2896 2956 2947 3010 in
2983 2971 3199 3012 crucem
3245 2969 3489 3027 egerant.
3526 2961 3630 3015 nti-

2062 3039 2413 3121 sﬁericordiant
2455 3051 2581 3095 sunt
2629 3046 2928 3111 consecuti,
2982 3057 3039 3103 et
3075 3049 3187 3117 ipse
3234 3051 3494 3119 profecto,
3535 3052 3628 3121 qui

2064 3120 2209 3174 illum
2250 3124 2577 3191 prodiderat,
2630 3132 2839 3183 veniam
2901 3134 3267 3202 impetrasset.
3320 3138 3382 3193 Et
3430 3120 3631 3198 Paulus

2062 3210 2348 3278 aliquando
2392 3213 2733 3271 Christianos
2768 3218 2959 3280 vinxit,
3000 3220 3093 3274 sed
3127 3221 3265 3275 idem
3304 3225 3417 3293 ipse
3440 3236 3630 3293 postea

2061 3317 2159 3372 pro
2200 3302 2416 3357 Christo
2466 3315 2684 3362 catenas
2726 3310 2976 3377 gestavit,
3023 3313 3322 3382 eodemque
3353 3315 3626 3372 cruciatus

2061 3410 2258 3464 genere
2286 3399 2490 3453 crimen
2520 3397 2793 3465 dissolvit;
2826 3401 3091 3467 pacavit,
3123 3416 3249 3456 cum
3290 3402 3625 3473 Stephanum

2062 3486 2326 3555 lapidibus
2351 3498 2579 3556 peteret,
2603 3498 2658 3544 et
2695 3488 2813 3557 ejus
2839 3489 3276 3547 interfectmibus
3314 3494 3625 3559 assentiret,

2058 3586 2183 3644 post
2224 3586 2402 3632 autem
2437 3579 2549 3649 ipse
2580 3578 3094 3649 quoque-lapidibus
3132 3596 3303 3638 caesus
3348 3592 3625 3651 peccatum

2062 3666 2315 3723 abolevit.
2348 3667 2632 3725 Matthqu
2671 3671 2714 3702 "
2755 3681 2812 3726 et
2845 3668 3137 3737 Zacchteus
3165 3672 3212 3704 ”
3242 3673 3371 3727 olim
3405 3674 3628 3731 fuerunt

2061 3759 2367 3829 publicani,
2397 3759 2492 3819 sed
2523 3775 2649 3816 mox
2698 3776 2885 3818 mensa
2925 3762 3331 3833 publicanorum
3373 3778 3623 3821 contem-

2060 3859 2171 3917 pta,
2217 3848 2352 3903 alter
2381 3863 2566 3905 eorum
2596 3851 2755 3907 domo
2780 3863 2944 3921 atque
2980 3854 3161 3908 animo
3188 3869 3287 3910 suo
3303 3851 3483 3911 Jesum
3507 3869 3628 3912 sul-

2061 3942 2246 4010 cepit,
2309 3938 2447 3994 alter
2519 3956 2699 3997 rerum
2767 3943 3166 4003 admirabilium
3263 3947 3626 4017 promulgatur

2062 4042 2113 4087 et
2143 4032 2372 4103 scriptor
2413 4031 2638 4089 ell‘ectns
2665 4042 2768 4089 est.
2809 4034 3033 4104 Oportet
3066 4048 3123 4092 ut
3160 4037 3499 4107 publicanum
3529 4054 3626 4107 pa-

2062 4127 2193 4181 riter
2223 4136 2278 4180 et
2300 4125 2631 4182 Pharisaanm
2653 4131 2913 4187 meritoria
2938 4140 3239 4196 teneamus,
3262 4142 3318 4187 et
3348 4133 3624 4190 mulierem

2059 4216 2232 4279 illam,
2269 4233 2388 4285 qua:
2418 4218 2728 4275 drachmam
2759 4222 3013 4277 amissam
3046 4222 3249 4276 invenit
3275 4221 3341 4276 ".

458 4321 551 4387 Ἐξ
574 4320 748 4391 ἀρχῆς
785 4319 843 4372 δὲ
871 4321 951 4381 είς
979 4318 1129 4381 τέλος
1158 4317 1212 4372 ετ
1243 4334 1326 4380 τις
1356 4316 1483 4379 τοὺς
1515 4312 1837 4386 ἀνθρώπους
1856 4309 1952 4366 τοῦ

2134 4308 2191 4363 Si
2219 4308 2340 4378 quis
2368 4309 2631 4376 homines,
2657 4311 2751 4381 qni
2773 4313 2985 4367 smcnlis
3009 4314 3259 4369 otnnihus
3283 4316 3349 4368 ad
3384 4317 3486 4370 hnc
3518 4332 3611 4371 us-

380 4412 501 4485 βίου
529 4411 731 4474 παντὸς
766 4412 825 4466 ὲν
851 4413 966 4474 τοῖς
991 4408 1226 4479 καθεξῆς
1259 4408 1469 4479 χρόνοις
1497 4405 1790 4474 λογίσαιτο,
1825 4402 1952 4464 τοὺς

380 4501 611 4564 πολλοὺς
634 4500 858 4571 εὑρήσει
893 4499 1157 4570 πρότερον
1199 4497 1297 4568 μὲν
1325 4495 1672 4567 ἐνσχεθέντας
1707 4492 1954 4564 ἁμαρτήο

384 4609 573 4664 μασιν,
609 4589 727 4646 εἶτα
786 4594 852 4663 τῇ
892 4592 1029 4664 πρὸς
1077 4590 1139 4643 τὸ
1175 4592 1420 4662 κρεῖττον
1473 4589 1611 4658 ῥοπῇ
1650 4583 1953 4657 μεταθεμέ-

306 4702 309 4703 '
380 4701 505 4747 νους
523 4683 622 4753 τῆς
675 4683 919 4753 γνώμης.
968 4680 1105 4736 Θεοῦ
1135 4682 1241 4752 γὰρ
1272 4682 1469 4736 οἰκεῖον
1499 4681 1594 4733 καὶ
1628 4678 1786 4748 μόνον
1813 4674 1959 4738 ἐξαί-

380 4791 536 4844 ρετον
571 4774 950 4844 πλημμελείας
1004 4772 1173 4843 χωρὶς
1228 4773 1404 4825 πάντα
1447 4768 1760 4841 κατορθοῦν.
1832 4768 1959 4820 Ἀν-

342 4890 350 4897 σ
381 4863 601 4935 θρωπος
625 4864 681 4919 δὲ
718 4865 824 4919 ὑπὸ
848 4865 1062 4935 γένεσιν
1089 4864 1185 4919 καὶ
1216 4863 1422 4934 φθορὰν
1453 4863 1714 4933 ἠγμένος,
1743 4859 1837 4913 καὶ¹
1867 4874 1959 4912 το-

385 4954 588 5009 σούτων
624 4956 886 5027 ὑπάρχων
936 4955 1182 5019 δεκτικὸς
1222 4955 1432 5019 παθών,
1480 4953 1661 5007 οὔποτ’
1693 4951 1759 5006 ἂν
1791 4952 1959 5006 ἀκατ-

386 5047 648 5117 ηγόρητος
705 5048 942 5118 δειχθείη
973 5047 1364 5118 περικοπείσης
1400 5045 1747 5116 συγγνώμης.
1791 5043 1952 5097 ’Λπό-

383 5138 576 5208 σλεψον
608 5140 746 5211 πρὸς
772 5140 864 5194 τὸν
892 5139 1055 5194 Δασὶδ
1084 5140 1176 5193 τὸν
1227 5139 1448 5211 βασιλέα
1480 5138 1574 5192 τοῦ
1613 5135 1849 5208 Ἰσραὴλ,
1896 5133 1955 5187 ὃν

381 5233 504 5286 κατ’
531 5232 763 5304 ἐκλογὴν
796 5233 1201 5304 ἐχειροτόνησεν
1244 5234 1272 5286 ὁ
1305 5232 1457 5296 Θεὸς,
1487 5228 1728 5292 ἐπαίνοις
1757 5227 1815 5281 δὲ
1845 5227 1956 5288 τοῖς

379 5323 483 5392 τῆς
549 5325 855 5396 μαρτυρίας
902 5324 1207 5396 ἐκόσμησε,
1259 5324 1464 5391 λέγων’
1522 5317 1717 5390 Εὗρον
1766 5317 1958 5386 ἄνδρα

378 5411 533 5469 κατὰ
584 5413 701 5482 τὴν
751 5413 1005 5483 καρδίαν
1043 5433 1164 5484 μου
1209 5413 1387 5469 Δαῦὶδ
1426 5414 1532 5467 τὸν
1576 5411 1683 5467 τοῦ
1718 5409 1953 5465 Ἰεσσαί.

2058 4413 2162 4468 qne
2194 4408 2403 4468 tempus
2430 4402 2777 4468 exstiterunt,
2813 4402 3064 4458 universo
3086 4404 3268 4459 animo
3299 4406 3624 4475 complecta-

2061 4495 2167 4551 tur,
2198 4487 2365 4544 fulsse
2396 4489 2597 4545 multos
2636 4491 3046 4559 animadvertet,
3074 4495 3167 4563 qui
3204 4509 3328 4549 cum
3366 4511 3426 4551 se
3476 4498 3625 4566 prius

2060 4578 2275 4649 ﬂagitiis
2297 4582 2688 4652 inquinassent,
2703 4583 2768 4637 ad
2791 4582 2993 4653 [rugem
3009 4583 3205 4638 bonam
3225 4585 3420 4640 deinde
3446 4586 3624 4643 redie-

2058 4679 2201 4725 runt.
2235 4671 2363 4726 Illud
2387 4674 2528 4728 enim
2555 4674 2648 4730 Dei
2678 4675 2846 4731 solius
2873 4677 3147 4746 proprium
3171 4686 3275 4742 est,
3309 4687 3369 4733 ιιι
3392 4679 3625 4735 abomni

2058 4771 2280 4833 peccato
2315 4775 2549 4822 remotus
2590 4768 2770 4823 omnia
2815 4778 2960 4823 recte
3001 4778 3172 4839 gerat.
3203 4768 3376 4827 llotno
3417 4778 3619 4837 autem,

2056 4857 2145 4924 qni
2185 4866 2367 4911 ortum
2386 4869 2546 4928 atque
2570 4859 2845 4915 interitum
2875 4862 3043 4925 subit,
3090 4863 3291 4931 quique
3341 4868 3450 4915 tant
3481 4863 3622 4917 mul-

2058 4948 2127 4999 tis
2149 4949 2642 5017 perturbationibus
2657 4960 2740 5007 est
2764 4954 3053 5017 obnoxius,
3086 4969 3358 5025 nunquam
3384 4954 3620 5026 eli‘ugere

2054 5041 2273 5106 poterit,
2291 5041 2420 5110 quin
2444 5054 2728 5099 accusetur
2746 5053 2798 5099 et
2820 5047 3230 5109 condemnetur,
3248 5044 3294 5101 si
3310 5047 3477 5102 veniae
3495 5062 3624 5117 spes

2054 5130 2350 5186 auferatur.
2374 5133 2668 5190 Considera
2683 5136 2812 5191 mihi
2837 5136 3090 5191 Davidem
3108 5138 3281 5206 ipsum
3298 5139 3511 5195 lsraelis
3536 5155 3622 5195 re.
3700 5163 3707 5169 ·

2054 5238 2198 5291 gent,
2224 5238 2386 5292 quem
2411 5227 2549 5282 Deus
2575 5227 2684 5281 sibi
2727 5228 3054 5297 singularem
3082 5230 3351 5300 elegerat,
3376 5230 3618 5286 testimo-

2054 5315 2252 5384 nioque
2266 5331 2363 5371 suo
2372 5317 2700 5374 collaudarat
2713 5360 2727 5381 ,
2747 5319 2948 5384 Inveni,
2968 5320 3237 5391 inquiens,
3253 5324 3424 5377 virum
3436 5337 3621 5376 secun—

2052 5405 2179 5458 dum
2195 5423 2287 5461 cor
2310 5425 2480 5464 meum
2497 5410 2666 5469 David
2705 5409 2751 5463 F
2755 5410 2904 5466 ilium
2925 5410 3074 5467 Ioue
3101 5413 3167 5466 ”.
3196 5412 3292 5468 Hic
3325 5419 3447 5482 ροϐε
3484 5424 3623 5477 [πῖθ’

452 5524 501 5559 ³³
541 5523 738 5595 Ezech.
786 5541 958 5590 xvm,
996 5526 1089 5580 25.
1165 5527 1212 5559 ’δ
1262 5527 1594 5583 ﬂatth.xxn
1622 5525 1732 5593 ,75.
1807 5522 2057 5576 "Matth.
2099 5539 2174 5589 ιι,
2201 5527 2253 5582 9.
2331 5528 2378 5560 ”
2412 5528 2543 5585 Luc.
2578 5544 2693 5595 x-tx,
2716 5527 2771 5582 2.
2848 5528 2892 5562 ⁸⁷
2925 5528 3054 5584 Luc.
3081 5543 3170 5593 xv,
3201 5527 3255 5583 8.
3330 5524 3375 5557 "
3408 5522 3452 5578 ll
3480 5520 3614 5592 Reg.

380 5608 502 5659 xm,
528 5594 621 5662 ll;
673 5596 937 5667 _Act.xnt,
972 5596 1058 5649 22.
