4076 6144
475 251 577 310 5339

1687 324 1692 328 ε
1733 243 1794 304 s.
1834 245 2110 308 ssrenn
2150 244 2454 308 AMASENI

3597 255 3706 321 560

469 369 674 426 clarum
701 365 829 420 illud
859 364 1051 420 divina:
1069 357 1242 417 laudis
1280 360 1624 432 praeconium,
1649 363 1890 418 mulieris
1918 364 2026 433 pul-

2145 360 2313 428 οὗτος
2364 365 2499 434 μετὰ
2555 365 2650 434 τὴν
2686 359 2941 436 λαμπράν
2976 361 3295 437 μαρτυρίαν,
3330 362 3480 432 οὗτος
3517 374 3706 450 ἐπειδὴ

473 457 782 514 chritudiue
815 465 1021 524 captus,
1061 455 1258 524 quibus
1300 469 1358 508 se
1393 454 1625 524 peccatis
1649 455 2030 521 obstrinxerit,

471 565 664 604 omnes
723 549 948 603 scimus.
1007 549 1254 601 Attamen
1300 545 1439 599 idem
1479 559 1508 598 a
1554 547 1807 614 propheta
1853 561 2035 619 repre-

475 643 671 696 hensus
697 639 991 693 admissum
1014 637 1188 691 scelus
1209 635 1445 704 agnovit,
1477 642 1530 689 et
1555 635 1883 703 paenitentia:
1920 653 2032 693 mo-

473 733 598 786 dum
629 731 860 800 posteris
911 728 1168 797 scriptum
1218 726 1450 794 reliquit.
1493 726 1851 792 Quamobrem
1880 728 2029 782 dolo-

475 837 584 875 rem
617 821 731 888 ejus
779 821 831 874 in
865 820 1003 874 libro
1051 817 1386 872 Psalmorum
1438 825 1688 886 tanquam
1725 817 1777 871 in
1817 820 2034 885 speculo

475 907 713 961 videmus
740 922 1071 974 expressum,
1105 905 1190 958 ubi
1225 919 1365 958 nunc
1383 904 1548 969 luctu,
1575 913 1628 958 et
1650 906 1897 975 squalore
1915 924 2034 963 cor-

472 1013 572 1065 pus
604 997 878 1051 excruciat
909 1015 922 1050 :
962 1011 1101 1050 nunc
1123 995 1221 1050 sibi
1256 1003 1440 1048 noctes
1471 996 1536 1048 ad
1577 993 1860 1064 lugendum
1895 1011 2033 1062 pras-

473 1087 681 1151 scribit,
707 1088 847 1156 quod
883 1087 1097 1156 quidem
1137 1095 1345 1154 tempus
1376 1086 1647 1139 communi
1678 1085 2031 1141 laborantium

470 1177 635 1245 quieti
684 1179 863 1230 datum
904 1184 1016 1241 est;
1056 1193 1196 1231 nunc
1233 1177 1498 1246 lacrymas
1535 1192 1565 1230 e
1605 1178 1876 1245 palpebris
1921 1179 2032 1233 suis

470 1279 722 1335 tanquam
769 1281 799 1320 e
844 1267 1079 1321 fontibus
1149 1265 1497 1336 profundens,
1530 1267 1779 1320 lectulum
1813 1267 2030 1338 irrigat,

465 1366 519 1409 et
553 1357 1059 1426 quinquagesiumm
1094 1357 1357 1426 psalmum
1383 1358 1536 1411 nobis
1559 1357 1820 1419 elaborat,
1851 1359 1902 1411 in
1922 1374 2028 1426 quo

472 1447 635 1499 Deum
663 1449 973 1514 pcenitentia
1007 1447 1252 1515 placandi
1279 1447 1582 1515 exemplum
1604 1447 1894 1518 effingitur.
1918 1447 2025 1502 Ne-

462 1552 567 1606 que
593 1553 721 1592 vero
748 1539 924 1592 luctus
958 1537 1127 1607 ipsius
1165 1537 1344 1591 inanis
1384 1537 1503 1593 fuit.
1537 1537 1642 1592 Sed
1673 1552 1862 1607 graves
1912 1538 2030 1608 ejus

461 1627 692 1692 gemitus
722 1625 1149 1680 misericordiam
1178 1624 1518 1689 invenerunt,
1547 1631 1605 1676 ut
1627 1631 1681 1678 et
1704 1623 1909 1692 imperii
1946 1625 2030 1677 di-

2133 455 2210 526 τῷ
2257 455 2417 510 πάθει
2478 458 2577 526 τῆς
2607 458 2986 528 σωμεραστίας
3032 459 3192 520 ἐάλω,
3251 461 3341 514 καὶ
3383 464 3707 533 περιέπεσεν

2133 546 2362 608 ἐκείνοις
2385 540 2466 609 οἷς
2493 547 2830 617 γινώσκομεν
2864 549 3118 612 ἅπαντες,
3153 545 3314 620 ἦλθεν
3353 551 3408 604 δέ
3441 555 3577 623 μετά
3610 558 3706 611 τὸν

2131 637 2350 707 ἔλεγχον
2405 637 2497 690 τοῦ
2543 641 2820 710 προφήτου
2857 643 2936 704 είς
2982 642 3344 712 ἀναλογισμὸν
3386 644 3479 698 τοῦ
3506 650 3702 713 κακοῦ,

2132 729 2477 799 ἀνάγραπτον
2513 730 2721 801 ἀφῆκεν
2775 735 2888 796 τοῖς
2926 734 3005 796 είς
3035 733 3256 805 ὕστερον
3295 736 3570 806 ἐσομένοις
3605 741 3706 811 τῆς

2135 820 2424 890 μετανοίας
2453 821 2543 875 τὸν
2581 822 2777 893 μόχθον
2797 839 2811 853 ⁸
2838 824 2933 876 καὶ
2963 824 3292 896 θεωροῦμεν,
3331 827 3405 892 ὡς
3427 831 3484 882 ἐν
3514 831 3703 896 εἰκόνι,

2131 909 2208 980 τῷ
2231 910 2533 982 ψαλτηρίῳ,
2575 913 2664 965 τὸν
2693 913 2918 984 μόχθονο
2950 914 3043 967 νῦν
3103 916 3200 985 μὲν
3232 918 3595 990 ἐκτηκόμενον
3633 925 3702 992 τῇ

2131 1000 2274 1073 λύπῃ
2313 1001 2374 1054 τὸ
2408 1003 2564 1073 σῶμα
2585 1019 2599 1034 ·
2628 1001 2782 1066 αὖθις
2825 1004 2880 1056 δὲ
2926 1006 3024 1076 τὴν
3053 1006 3223 1060 νύκτα
3277 1013 3465 1080 καιρὸν
3493 1011 3706 1083 θρήνων

2133 1092 2476 1162 ποιούμενον,
2523 1095 2621 1165 τήν
2644 1096 2826 1167 κοινὴν
2850 1095 2957 1148 τῶν
3005 1097 3182 1151 πόνων
3239 1101 3567 1155 ἀνάπαυσιν
3611 1101 3708 1158 καὶ

2131 1182 2196 1253 τῇ
2227 1182 2381 1258 κλίνῃ
2436 1184 2495 1238 τὸ
2525 1185 2756 1255 δάκρυον
2800 1185 3122 1260 ἐπιρρέοντα
3153 1190 3229 1254 ὼς
3277 1193 3341 1245 ἐκ
3370 1194 3564 1265 πηγῶν
3595 1195 3707 1247 τῶν

2134 1274 2442 1346 βλεφάρων,
2506 1281 2601 1332 καὶ
2632 1280 2793 1333 πάλιν
2828 1281 2959 1352 ἡμῖν
2988 1279 3078 1334 τὸν
3107 1289 3465 1354 πεντηκοστὸν
3493 1287 3708 1359 ψαλμὸν

2135 1367 2532 1436 ἐκπονήσαντα,
2564 1368 2729 1421 τύπον
2761 1368 2850 1423 τὸν
2881 1367 3231 1444 ’ἱλασκόμενον
3267 1375 3417 1430 Θεόν.
3441 1372 3514 1430 Ού
3553 1379 3650 1449 μὲν
3677 1381 3707 1430 ὀ

2133 1453 2329 1525 θρῆνος
2357 1457 2504 1526 αύτῷ
2540 1458 2714 1528 μάτην
2736 1458 3029 1533 ἐξεπονήθη
3051 1480 3064 1492 ο
3089 1457 3202 1516 ἀλλ’
3227 1460 3273 1516 οί
3301 1463 3483 1537 βαρεῖς
3516 1479 3707 1521 στενα-

2130 1545 2262 1615 γμοὶ
2306 1547 2397 1598 τὸν
2432 1547 2578 1599 ἔλεον
2617 1549 3032 1617 ἐφειλκύσαντο·
3090 1555 3329 1608 ἀπέλαϐε
3380 1558 3438 1610 δέ
3482 1561 3574 1611 καὶ
3604 1561 3708 1629 τῆς

2132 1633 2412 1706 βασιλικῆς
2437 1636 2721 1702 αύθεντίας
2753 1641 2850 1711 τὴν
2869 1641 3136 1710 ἐξουσίαν,
3169 1647 3262 1698 καὶ
3287 1646 3386 1716 τῆς
3406 1648 3541 1718 πρὸς
3572 1649 3708 1702 Θεὸν

461 1719 686 1785 gnitate,
712 1727 763 1770 et
798 1715 1034 1769 amicitia
1079 1715 1167 1769 Dei
1210 1715 1380 1768 libere
1426 1715 1714 1768 frueretur.
1747 1712 1864 1768 Rex
1900 1714 2026 1767 item

2134 1701 2340 1790 ίκεσίας
2365 1701 2464 1798 τὴν
2500 1701 2830 1801 παρρησίαν..
2883 1701 3398 1803 ’ὀμοίωςικάκεῖνὸς
3473 1701 3570 1809 της

462 1807 548 1860 ille
579 1805 931 1860 Ninivitarum
963 1803 1301 1858 multitudine
1335 1812 1678 1871 peceatorum
1705 1804 1768 1856 ad
1803 1801 2026 1857 exilium

463 1896 841 1959 contendebat,
889 1908 992 1947 una
1030 1909 1149 1947 cum
1191 1894 1422 1962 populis,
1469 1894 1667 1961 quibus
1708 1891 2025 1961 imperabat.

464 1985 527 2039 Et
555 1987 620 2050 is,
665 1986 752 2053 qui
787 1993 1002 2052 peccata
1031 1985 1268 2053 ipsorum
1305 1986 1677 2052 redarguebat,
1718 1983 1858 2036 diem
1902 1997 2030 2051 sup-

467 2077 631 2146 plicio
655 2075 972 2145 praefinitam
998 2074 1350 2128 denuntiabat
1384 2074 1831 2142 appropinquare.
1860 2071 2024 2125 Cum-

459 2182 564 2236 que
611 2165 901 2232 prudenter
944 2164 1019 2218 illi
1083 2173 1252 2218 semet
1313 2162 1606 2233 allligentes
1661 2163 2024 2216 calamitatem

458 2255 770 2324 effugissent
799 2256 872 2318 ”,
914 2255 1130 2310 dolebat
1181 2253 1439 2323 prapheta
1494 2253 1635 2322 quod
1675 2252 1852 2318 mala,
1904 2267 2024 2321 quae

459 2346 800 2414 praedixerat,
833 2360 938 2400 non
968 2343 1293 2406 evenissent,
1345 2341 1545 2410 Deique
1587 2341 2024 2395 commiseratio-

423 2505 426 2508 Ι
459 2453 583 2493 nem
627 2438 809 2507 iniquo
841 2437 1022 2490 animo
1051 2435 1275 2490 ferebat.
1307 2433 1376 2486 At
1412 2432 1522 2497 ille,
1555 2433 1643 2500 qui
1683 2432 1879 2500 ubique
1911 2441 2022 2485 tum

458 2527 665 2589 verbis,
713 2537 822 2580 tum
861 2525 1016 2579 factis
1070 2525 1305 2588 indicat,
1349 2532 1551 2594 quanta
1591 2524 1838 2579 homines
1863 2524 2025 2577 bene-

456 2617 686 2674 volentia
731 2614 1152 2684 complectatur,
1192 2613 1339 2680 fecit,
1370 2622 1428 2666 ut
1455 2613 1734 2668 cucurbita
1775 2625 2026 2666 nascere-

457 2719 562 2775 tur,
581 2723 701 2778 ουκ
727 2718 887 2776 caput
919 2707 1034 2776 ejus
1052 2706 1119 2759 ab
1142 2705 1334 2774 injuria
1365 2704 1495 2760 solis
1521 2703 1870 2768 defenderet;
1921 2706 2022 2757 sub

456 2803 645 2855 utnbra
669 2808 847 2853 autem
893 2799 1060 2867 ipsius
1097 2812 1162 2852 eo
1204 2798 1506 2852 dormiente
1559 2797 1740 2850 statim
1791 2796 2020 2850 exaruit.

455 2893 556 2959 Qui
607 2906 728 2945 cmn
779 2897 1128 2958 experrectus
1181 2903 1292 2942 rem
1321 2903 1462 2956 agre
1501 2887 1685 2952 ferret,
1726 2886 2021 2954 reprehen-

455 2984 621 3044 ditur,
651 2980 816 3049 quod,
850 2994 972 3034 cum
1004 2980 1118 3056 ipse
1141 2977 1433 3048 virgultum
1472 2978 1751 3032 exaruisse
1778 2976 2023 3043 indigne—

456 3085 564 3139 tur,
615 3048 746 3127 nolit
790 3074 954 3126 Deum
999 3053 1298 3140 propinquo
1329 3079 1493 3125 tantae
1525 3069 1761 3124 civitatis
1797 3067 2018 3121 interitu
2049 3048 2090 3104 C

453 3163 776 3218 commoveri
800 3161 853 3214 ‘?

529 3339 634 3397 Vos
663 3342 847 3410 igitur,
883 3340 973 3408 qui
1007 3338 1125 3392 duri
1157 3339 1289 3393 estis
1313 3347 1476 3408 atque
1510 3340 1766 3404 immites,
1799 3344 1915 3413 ejus
1932 3346 2026 3414 qui

455 3447 552 3490 nos
591 3433 914 3502 procreavit,
952 3431 1337 3499 benignitatem
1384 3439 1438 3485 et
1467 3433 1809 3487 clementiam
1848 3435 2026 3490 imita-

457 3526 611 3578 mini.
643 3522 817 3576 Nolite
841 3537 934 3576 vos
971 3521 1023 3574 in
1051 3535 1346 3576 conservos
1377 3529 1586 3574 vestros
1618 3523 1860 3590 prmbere
1879 3525 2025 3592 judi-

455 3630 546 3670 ces
571 3613 796 3668 acerbos
823 3619 877 3665 et
910 3625 1119 3680 graves,
1158 3613 1329 3663 donec
1357 3611 1540 3664 veniat
1574 3612 1664 3665 ille
1692 3615 1782 3682 qui
1820 3630 2022 3670 arcana

455 3705 698 3759 cordium
727 3701 1038 3772 patefaciet,
1082 3711 1134 3754 et
1164 3709 1430 3768 potestate
1469 3715 1564 3754 sua
1609 3704 1805 3772 cuique
1828 3721 2025 3762 conve-

456 3796 692 3850 nientem
715 3799 910 3848 statum
942 3793 1143 3846 tribuet
1183 3792 1237 3846 in
1269 3791 1379 3845 vita
1407 3807 1568 3861 quam
1617 3805 2017 3864 exspectamus.

457 3885 631 3940 Nolite
686 3883 955 3938 tristiores
994 3882 1048 3936 iu
1104 3883 1238 3937 alios
1274 3897 1338 3937 ac
1379 3883 1679 3939 severiores
1725 3892 2022 3944 sententias

458 3981 617 4037 terre,
651 3988 719 4028 ne
758 3974 944 4027 iisdem
987 3986 1082 4027 vos
1133 3974 1416 4027 sententiis
1466 3977 1933 4044 condemnemini,
1967 3989 2023 4034 et

461 4063 690 4131 propriis
720 4061 899 4116 verbis
933 4070 1184 4129 tanquam
1211 4063 1460 4118 dentibus
1503 4066 1828 4122 acutissimis
1852 4070 2015 4123 confi-

455 4152 680 4222 gamini.
734 4151 780 4206 A
809 4167 916 4222 quo
945 4154 1165 4223 quidem
1215 4155 1443 4210 crimine
1483 4156 1732 4212 videntur
1781 4160 1913 4216 mihi
1956 4177 2019 4220 ea

455 4246 727 4314 Evangelii
774 4247 934 4299 verba
983 4261 1081 4301 nos
1122 4247 1439 4301 deterrere:
1472 4245 1650 4303 Nolite
1670 4252 1932 4318 judicare,
1964 4265 2020 4308 ut

2131 1817 2260 1887 νευὴ
2301 1817 2604 1886 βασιλεύειν
2655 1820 2853 1890 λαχὼν,
2887 1822 2962 1892 τῷ
3021 1824 3118 1894 μὲν
3166 1826 3358 1897 πλήθει
3383 1827 3491 1881 τῶν
3519 1829 3704 1901 ἀμαρ-

2128 1905 2258 1958 τιῶν
2295 1907 2655 1976 συνηλαύνετο
2677 1911 2811 1980 πρὸς
2847 1911 2938 1964 τὸν
2969 1911 3209 1982 ὀλεθρον,
3240 1914 3376 1984 ὁμοῦ
3400 1919 3508 1980 τοῖς
3537 1918 3705 1988 ἀρχο-

2132 1995 2309 2065 μένοις
2335 1995 2503 2059 λαοῖς,
2561 1997 2657 2050 καὶ
2707 1999 2736 2050 ὀ
2767 1999 2864 2070 τῆς
2909 2000 3185 2071 ἁμαρτίας
3215 2001 3434 2072 ἔλεγχος
3461 2003 3704 2072 ἐγγίζειν

2131 2088 2248 2156 μετ’
2278 2088 2454 2156 ὀλίγον
2486 2088 2584 2159 τὴν
2614 2090 2947 2161 προθεσμίαν
2971 2091 3070 2161 τῆς
3096 2093 3362 2163 τιμωρίας
3384 2095 3702 2166 ἐκήρυττεν.

2140 2177 2356 2246 Ἐπειδὴ
2385 2177 2442 2230 δὲ
2473 2179 2707 2242 συνετῶς
2733 2181 2958 2244 ἑαυτοὺς
2974 2181 3339 2247 κακώσαντες,
3377 2185 3572 2253 ἔφυγον
3603 2186 3704 2256 τὴν

2128 2271 2324 2339 πεῖραν
2377 2269 2478 2337 τῆς
2521 2273 2823 2343 συμφορᾶς,
2861 2272 3101 2345 ἐλυπήθη
3134 2275 3231 2344 μὲν
3264 2277 3344 2330 ὅτι
3381 2276 3454 2347 μὴ
3477 2276 3705 2348 ἠλήθευ-

2129 2374 2221 2410 σεν
2263 2359 2291 2410 ὀ
2347 2358 2456 2412 τῶν
2491 2362 2678 2414 κακῶν
2709 2366 3013 2437 προφήτης,
3047 2367 3299 2438 καὶπρὸς
3321 2368 3410 2420 τὸν
3435 2367 3581 2420 ἔλεον
3605 2367 3703 2421 τοῦ

2126 2449 2262 2502 Θεοῦ
2287 2451 2538 2520 χαλεπῶς
2581 2454 2948 2524 ήγροικίσατο.
2991 2457 3049 2509 '0
3093 2456 3149 2509 δέ
3180 2458 3452 2528 πανταχοῦ
3483 2459 3576 2511 καὶ
3613 2459 3702 2513 διὰ

2125 2542 2296 2610 λόγων
2330 2545 2426 2596 καὶ
2467 2544 2717 2614 πράξεων
2750 2546 3033 2618 γνωρίζων
3071 2551 3238 2618 ἡμῖν,
3282 2551 3410 2620 ὅσην
3445 2550 3555 2620 ἔχει
3601 2550 3703 2620 τὴν

2125 2636 2262 2705 πρὸς
2295 2637 2420 2699 τοὺς
2445 2636 2766 2708 ἀνθρώπους
2800 2639 3106 2710 εὐμένειαν,
3148 2641 3273 2708 φύει
3306 2643 3404 2712 μὲν
3424 2643 3522 2713 τὴν
3551 2643 3704 2696 κολόι

2125 2726 2325 2780 κυνοαν
2361 2728 2501 2798 ὑπὲρ
2543 2729 2804 2801 κεφαλῆς,
2837 2729 2914 2801 τῷ
2959 2733 3209 2805 προφήτῃ
3239 2737 3446 2806 σκέπην
3477 2735 3576 2804 τῆς
3609 2735 3701 2787 λυ.

2124 2817 2331 2886 πούσης
2367 2819 2607 2884 ἀκτῖνος,
2667 2819 3119 2883 ὑποκαθεύδοντος
3157 2823 3214 2874 δὲ
3247 2826 3311 2892 τῇ
3350 2826 3477 2894 σκιᾷ
3504 2824 3701 2896 ἀθρόον

2125 2904 2476 2977 ἁποξηράνας
2509 2910 2698 2979 αὐτήν.
2732 2907 2864 2963 Εἶτα
2886 2909 2961 2970 ὡς
2984 2909 3254 2974 δυσκόλως
3270 2909 3412 2982 εἶχεν
3442 2916 3703 2982 ἀφυπνώά

2126 3012 2225 3058 σας
2261 2997 2396 3068 πρὸς
2422 2997 2482 3050 τὸ
2513 2991 2744 3067 σῦμσάν,
2777 2997 3021 3062 ὀνειδίζει
3056 2999 3150 3052 καὶ
3186 3001 3474 3070 μέμφεται.
3511 3004 3575 3058 Εί
3602 3007 3701 3074 μὲν

2128 3085 2298 3149 οὕτως
2326 3087 2584 3157 ἐμπαθῶς
2635 3088 3017 3155 ἐπιστυγνάζοι
3048 3088 3126 3160 τῷ
3157 3091 3484 3161 μαρανθέντι
3532 3095 3700 3166 λαχά-

2129 3195 2222 3247 νῳ,
2250 3179 2279 3230 ὀ
2323 3177 2380 3230 δὲ
2421 3178 2554 3241 Θεὸς
2582 3178 2681 3230 οὐκ
2710 3177 2777 3230 ἂν
2809 3179 3116 3251 ἐπεκλάσθη
3172 3182 3472 3254 τηλικαύτῃ
3531 3187 3699 3255 ἐγγὺς

2127 3267 2354 3341 ἐλθούσῃ
2387 3267 2632 3320 κινδύνου
2653 3285 2668 3333 ς

2156 3361 2158 3364 ’
2197 3356 2412 3410 Μάθετε
2438 3352 2552 3417 οὖν,
2583 3359 2630 3410 οἱ
2663 3357 2888 3428 σκληροὶ
2939 3359 3033 3412 καὶ
3056 3359 3444 3431 δυσμείλικτοι,
3475 3363 3573 3434 τὴν
3598 3363 3697 3416 τοῦ

2126 3447 2409 3510 κτίσαντος
2462 3449 2608 3516 ἡμᾶς
2651 3450 3014 3520 χρηστότητα,
3077 3453 3172 3505 καὶ
3211 3453 3285 3522 μὴ
3337 3454 3549 3520 γίνεσθε
3587 3457 3697 3510 τῶν

2123 3537 2428 3607 ὁμοδούλων
2479 3541 2668 3609 πικροὶ
2732 3541 2825 3592 καί
2879 3540 3063 3612 βαρεῖς
3112 3543 3380 3610 δικασταὶ,
3431 3547 3590 3618 ἄχρις
3627 3549 3696 3601 ἂν

2123 3627 2387 3698 ἀφίκηται
2439 3631 2467 3682 ὀ
2505 3628 2573 3682 τὰ
2605 3629 2825 3700 κρυπτά
2869 3632 2978 3684 τῶν
3006 3633 3238 3703 καρδιῶν
3275 3637 3696 3705 ἀποκαλύπτων,

2124 3717 2218 3770 xal.
2274 3718 2393 3769 κατ’
2417 3717 2660 3783 ἐξουσίαν
2694 3719 3016 3792 δεσποτικήν
3051 3725 3263 3795 ἑκάστῳ
3315 3728 3417 3798 τῆς
3463 3733 3695 3801 προσδο-

2123 3808 2376 3878 κωμένης
2419 3807 2564 3878 ζωῆς
2596 3809 2920 3881 ἀποκληρῶν
2948 3813 3044 3882 τήν
3073 3818 3417 3878 κατάστασιν.
3443 3822 3531 3892 Μὴ
3567 3840 3696 3877 σκυ-

2123 3896 2350 3967 θρωπάς
2405 3901 2666 3970 ἐκφέρετε
2753 3903 2852 3967 τὰς
2915 3904 3232 3974 ἀποφάσεις·
3297 3910 3382 3963 ἵνα
3444 3912 3521 3984 μὴ
3572 3919 3694 3978 ταῖς

2121 3987 2338 4056 ὁμοίαις
2366 3989 2730 4061 ὑποϐληθῆτε,
2763 3996 2856 4048 καὶ
2902 3995 3011 4048 τῶν
3036 3998 3249 4053 οἰκείων
3278 4004 3556 4073 στομάτων
3578 4008 3694 4069 τοῖς

2120 4079 2300 4148 λόγοις
2331 4082 2406 4145 ὡς
2455 4081 2662 4137 ὀδοῦσιν
2693 4085 2968 4151 ὀξυτάτοις
2998 4090 3357 4160 περιπαρῆτε.
3397 4095 3554 4148 Δοκεῖ
3582 4096 3692 4166 γάρ

2125 4189 2215 4242 μοι
2261 4175 2354 4226 καὶ
2411 4175 2801 4248 ήεύαγγελική
2849 4181 3148 4252 πρόρρησις
3192 4183 3380 4237 τούτου
3414 4189 3690 4258 προφυλα-

2123 4263 2284 4333 κτικὴ
2313 4264 2602 4334 τυγχάνειν
2644 4265 2738 4319 τοῦ
2775 4267 3261 4341 πλημμελήματος,
3292 4273 3553 4343 λέγουσα⁶
3590 4279 3690 4350 Μὴ

455 4353 518 4389 ne
551 4339 859 4406 judicemim’
890 4338 931 4391 ³.
963 4336 1167 4404 Quibus
1211 4354 1342 4392 sane
1395 4339 1574 4393 verbis
1628 4356 1732 4394 non
1781 4345 2020 4398 aufertur

2126 4353 2377 4420 κρίνετε,
2435 4355 2537 4408 ἵνα
2582 4355 2670 4424 μὴ
2710 4336 2968 4425 κριθῆτε.
3004 4336 3087 4412 Ού⁷
3122 4362 3232 4434 γάρ
3262 4336 3567 4437 τὴνκρίσιν
3595 4336 3692 4424 καί

451 4432 607 4483 nobis
653 4428 880 4483 facultas
931 4431 1162 4484 humane
1208 4430 1541 4501 benigneque
1587 4430 1878 4500 iudicandi,
1925 4440 2018 4492 sed

455 4519 810 4585 interdicitur,
833 4536 898 4572 ne
941 4521 1156 4585 gravius
1194 4531 1249 4575 et
1283 4521 1526 4590 asperius
1571 4521 1854 4590 iudicando
1898 4539 2023 4580 con-

455 4611 796 4664 demnemus.
826 4608 1059 4662 Leviora
1112 4610 1275 4679 igitur
1302 4611 1390 4665 fac
1413 4611 1635 4667 aliorum
1673 4614 1926 4680 pondera,
1954 4633 2021 4672 ne

453 4699 506 4752 in
529 4703 716 4754 eadem
763 4701 1122 4755 damnationis
1179 4702 1382 4756 trutina
1429 4704 1669 4758 actiones
1709 4713 1813 4759 tua;
1842 4707 2019 4775 depri-

453 4800 690 4856 mantur,
729 4791 943 4858 quando
979 4791 1088 4844 vita
1130 4801 1313 4845 nostra
1348 4802 1604 4863 tanquam
1640 4796 1692 4848 in
1737 4795 1890 4850 lance
1923 4798 2014 4851 Dei

448 4881 652 4951 judicio
685 4880 1100 4934 examinabitur.
1133 4881 1233 4961 Tu,
1273 4883 1363 4950 qui
1399 4898 1623 4951 corpore
1665 4886 1888 4940 indutus
1920 4904 2010 4951 es,

452 4984 505 5026 et
532 4974 584 5025 in
613 4989 772 5027 carne
807 4973 959 5036 vivis,
991 4988 1144 5040 cave,
1169 4988 1234 5027 ne
1270 4975 1490 5048 medica:
1519 4977 1652 5032 artis
1676 4979 2010 5034 curationem

451 5062 674 5128 abjicias
715 5073 771 5117 et
815 5067 1149 5132 asperneris;
1185 5081 1305 5118 nam
1343 5067 1467 5121 licet
1499 5072 1774 5124 commoda
1811 5071 2010 5127 fruaris

453 5152 772 5216 valetudine,
810 5168 913 5206 non
945 5161 1120 5206 tamen
1150 5168 1361 5222 semper
1383 5155 1455 5208 ita
1495 5157 1629 5210 liber
1663 5160 1729 5213 ab
1756 5160 1898 5213 omni
1924 5161 2010 5214 fu—

453 5249 605 5294 turus
639 5256 697 5295 es
728 5243 934 5308 morbo,
966 5251 1024 5296 ut
1050 5257 1209 5310 opera
1233 5243 1421 5297 medici
1445 5260 1721 5313 nunquam
1748 5248 2010 5318 indigeas.

450 5331 703 5386 Aninuun
754 5332 919 5386 habes
974 5333 1040 5387 ad
1087 5347 1180 5386 res
1219 5343 1458 5387 terrenas
1495 5339 1830 5406 caducasque
1883 5355 2011 5407 pro-

451 5438 694 5494 pensum,
737 5423 972 5492 quandiu
1050 5423 1250 5479 oblitus
1327 5426 1410 5479 sui
1463 5425 1718 5495 impletur
1768 5433 2011 5499 corporis

2123 4442 2222 4509 τὴν
2256 4443 2672 4514 εὐγνωμοσύνην
2705 4445 2956 4500 ἐκϐάλλει
2979 4462 2994 4478 ⁸
3034 4450 3211 4520 κρίσιν
3233 4453 3288 4505 δὲ
3318 4455 3567 4525 ὀνομάζει
3591 4457 3690 4528 τὴν

2120 4535 2461 4601 τραχυτέραν
2497 4534 2838 4604 κατάκρισιν.
2882 4536 3110 4608 Ποίησον
3141 4536 3250 4607 οὖν,
3289 4545 3338 4595 εί
3369 4544 3532 4609 δοκεῖ,
3565 4547 3692 4600 κοῦο

2120 4635 2219 4686 φον
2249 4619 2308 4671 τὸ
2343 4621 2624 4692 σταθμίον,
2660 4626 2712 4676 εί
2731 4643 2815 4678 πω
2841 4625 3016 4696 βούλει
3045 4629 3119 4701 μὴ
3149 4632 3283 4702 πρὸς
3303 4634 3398 4704 τὴν
3430 4639 3693 4709 κατακρί-

2119 4725 2315 4762 νουσαν
2349 4711 2656 4781 πλάστιγγα
2684 4715 2778 4768 καὶ
2820 4718 2920 4780 τὰς
2950 4720 3049 4782 σὰς
3071 4722 3296 4792 πράξεις
3325 4727 3694 4799 καθελκυσθῆ-

2120 4817 2230 4863 ναι,
2262 4802 2389 4855 ὅταν
2435 4805 2462 4855 ὀ
2492 4804 2604 4874 βίος
2645 4807 2822 4878 ἡμῶν,
2856 4809 2931 4872 ὡς
2974 4813 3031 4865 ἐν
3057 4811 3222 4884 ζυγῷ,
3263 4819 3328 4887 τῇ
3380 4819 3555 4888 κρίσει
3595 4823 3690 4874 τοῦ

2119 4890 2256 4943 θεοῦ
2306 4893 2718 4968 ταλαντεύηται.
2754 4900 2920 4970 Σῶμα
2960 4905 3339 4975 περικείμενος
3377 4910 3470 4959 καὶ
3490 4909 3692 4972 διαζῶν

2118 4983 2176 5034 ἐν
2217 4986 2397 5055 σαρκὶ,
2441 4990 2651 5059 μήποτε
2686 4992 2965 5065 ἀπελάσῃς
2991 4996 3083 5049 τοῦ
3127 4995 3241 5065 βίου
3261 4999 3357 5065 τὴν
3379 5000 3484 5050 ἀπὸ
3514 5001 3694 5072 ίατρι-

2117 5073 2218 5142 κῆς
2238 5072 2549 5147 θεραπείαν.
2586 5081 2701 5134 Κᾶν
2724 5083 2832 5154 γὰρ
2861 5086 2953 5137 ἐπὶ
2977 5085 3224 5140 πλεῖστον
3251 5089 3371 5141 ὅσον
3419 5087 3602 5161 εὐεξίᾳ
3629 5107 3691 5145 τε

2117 5166 2209 5217 καὶ
2232 5165 2392 5238 ὑγεία
2429 5169 2686 5245 συζήσῃς,
2729 5175 2842 5228 ἀλλ’
2867 5177 2964 5246 οὐχ
2994 5177 3165 5242 οὕτως
3210 5179 3534 5245 διατελέσεις
3567 5183 3692 5236 ἄνο-

2121 5270 2232 5320 σος,
2262 5256 2338 5320 ὡς
2365 5259 2422 5311 ἐν
2455 5262 2612 5333 χρείᾳ
2667 5263 2742 5335 μὴ
2785 5266 3037 5334 γενέσθαι
3071 5268 3172 5338 τῆς
3229 5271 3542 5341 ἐπιμελείας
3591 5271 3690 5325 τοῦ

2120 5344 2533 5416 θεραπεύοντος.
2565 5355 2674 5407 Καὶ
2705 5356 2880 5428 ψυχὴν
2903 5357 3040 5428 ἔχων
3064 5361 3523 5434 κατακλινομένην
3554 5365 3691 5433 πρὸς

2118 5437 2186 5489 τά
2215 5438 2397 5508 γήϊνα,
2439 5443 2600 5513 ἡνίκα
2631 5444 2696 5498 ἂν
2734 5448 2932 5518 ἑαυτῆς
2981 5449 3364 5522 ἐπιλαϐομένη,
3419 5454 3526 5507 τῶν
3558 5470 3696 5526 προ-

524 5616 568 5648 ”
599 5615 721 5678 Jun.
761 5636 842 5685 lii,
880 5621 897 5675 l
929 5636 1050 5692 sqq.
1129 5619 1294 5694 ‘_Jon.
1319 5640 1391 5693 IV,
1422 5625 1447 5679 l
1473 5641 1592 5697 sqq.
1675 5628 1695 5661 ¹
1722 5625 1914 5682 Matth.
1943 5642 2039 5699 vn,
2067 5631 2116 5687 l.
