4062 6150
339 347 430 399 εει
1152 337 1434 395 ΗΘΜΠΛᾹ
1476 331 1609 391 ΧΙΙΙ.
1649 327 1936 391 Αῡιιοῑιτη

2038 330 2093 387 l0
2132 331 2220 386 AD
2258 329 2780 386 POENITENTIAM.
3498 331 3606 388 362

340 457 613 518 σπαθειῶν
650 455 944 528 ἐμπλησθῇ
998 454 1091 508 τοῦ
1150 455 1420 526 σώματος,
1468 454 1542 526 μὴ
1577 451 1792 523 ἀναίρει
1839 450 1930 503 τὸν

2038 448 2428 506 aﬂ‘cctionibus.
2454 447 2682 504 Proinde
2718 448 2826 502 noli
2865 447 3288 504 misericordiam
3315 451 3600 524 denegare.

338 556 502 615 ἔλεον,
562 553 653 605 ἵνα
710 550 784 622 μὴ
835 548 1143 621 ἀμοιρήσῃς
1206 546 1554 618 συγγνώμης,
1601 547 1728 600 ὅταν
1754 544 1927 614 αὐτῆς

2038 556 2099 596 ue
2132 541 2344 596 veniam
2371 541 2484 611 ipse
2509 556 2611 593 non
2647 538 2917 606 invenias,
2958 539 3172 608 quando
3203 539 3372 608 ipsam
3399 541 3610 597 deside-

336 643 558 712 ἐπιδεὴς
585 642 880 711 καταστῇς.
927 637 1128 709 Ἱερεύς
1155 638 1237 700 τίς
1269 639 1406 702 ἐστι,
1443 638 1536 690 καὶ
1572 634 1927 708 ἡγεμονεύειν

337 736 528 805 ἔλαχεν
556 731 654 785 τοῦ
675 729 839 784 λαοῦ⁶
893 727 1192 800 συμπαθῶν
1224 728 1406 800 ὁράτω
1441 729 1552 782 τῶν
1577 728 1832 799 ὑπηκόων
1859 726 1928 781 τὰ

339 825 636 897 πτώματα,
671 822 846 886 εἰδὼς,
867 823 951 874 δτι
979 821 1082 874 κᾶν
1102 823 1135 892 ἡ
1168 820 1322 886 τάξις
1374 821 1466 874 τοῦ
1497 820 1612 891 βίου
1665 818 1928 890 διαφορὰν

337 919 435 988 ἔχῃ
467 918 610 988 πρὸς
659 914 788 978 τοὺς
819 913 1070 977 πολλοὺς,
1104 911 1240 965 ἀλλὰ
1271 914 1338 982 τῇ
1385 911 1543 981 φύσει
1569 910 1677 965 τῶν
1705 928 1928 981 ποιμαι-

338 1007 582 1077 νομένων
615 1003 766 1057 ούδέν
799 1003 1128 1072 διενήνοχεν’
1163 999 1434 1054 κοινωνῶν
1477 999 1535 1053 δέ
1571 1000 1763 1070 αὐτῆς,
1799 999 1929 1064 ἴσως

340 1097 470 1151 ποτέ
507 1096 828 1165 κοινωνήσει
855 1093 948 1147 καὶ
974 1092 1079 1164 πλη
1089 1091 1265 1162 μμελή
1276 1109 1464 1162 ματος.

409 1187 597 1242 Ταῦτα
612 1187 707 1240 καὶ
729 1186 968 1256 Μωῦσῆς
988 1182 1114 1237 ἰδὼν
1141 1182 1447 1254 (ἄνθρωπος
1472 1182 1579 1255 γὰρ
1603 1184 1688 1256 ἦν,
1719 1185 1811 1238 καὶ
1831 1183 1929 1256 τὴν

341 1280 502 1350 φύσιν
517 1277 854 1349 ἐγνώριζεν),
868 1277 958 1330 τὸν
979 1276 1177 1346 μόσχον
1191 1276 1330 1349 ὑπὲρ
1342 1276 1436 1330 τοῦ
1457 1277 1648 1348 ἱερέως
1671 1279 1965 1349 ίερουργεῖυ

343 1373 466 1428 σθαι
499 1371 767 1438 διέταξεν,
807 1371 1191 1442 ἡμαρτηκότος
1223 1369 1444 1432 πάντως
1479 1369 1572 1424 καὶ
1617 1367 1928 1441 καθαρσίων

340 1464 621 1534 δεομένου,
673 1464 768 1516 καὶ
803 1463 1081 1518 πλειόνων.
1111 1464 1288 1534 Ὅπερ
1333 1463 1390 1516 δὲ
1419 1459 1485 1533 ἦν
1515 1463 1636 1516 τότε
1679 1463 1708 1515 ὁ
1737 1461 1930 1534 ἐνσαρ-

342 1576 434 1622 κος
469 1557 693 1629 μόσχος,
743 1555 900 1610 τοῦτο
946 1554 1041 1610 νῦν
1089 1557 1235 1609 ἐστιν
1277 1554 1632 1626 ήάσώματος
1693 1553 1930 1626 μεταμέ-

342 1649 481 1711 λεια,
512 1649 610 1701 καὶ
637 1649 672 1718 ή
702 1647 1041 1718 ἀναίμακτος
1066 1646 1252 1718 δέησις
1272 1663 1286 1676 ο
1337 1641 1404 1718 ἦς
1441 1645 1929 1717 ύψηλολογούμενοι

345 1740 437 1793 καὶ
487 1739 976 1811 μεγα).αυχοῦντες,
1021 1738 1120 1810 τὴν
1172 1739 1494 1810 εὐεργεσίαν
1530 1739 1604 1811 μὴ
1656 1739 1928 1808 λύσωμεν,

345 1833 565 1896 εἰδότες,
598 1833 682 1885 ὅτι
709 1831 802 1884 καὶ
835 1829 1043 1902 Ἀαρὼν
1069 1833 1097 1884 6
1122 1830 1489 1903 δοκιμώτατος
1511 1831 1688 1902 ἱερεὺς
1713 1830 1790 1900 τῷ
1817 1828 1931 1900 λαῷ

344 1922 600 1994 ζητοῦντι
654 1924 807 1987 θεοὺς
874 1922 1213 1994 συναπήχθη,
1246 1923 1340 1975 καὶ
1372 1921 1512 1993 μετὰ
1552 1922 1652 1992 τῆς
1693 1921 1931 1991 ἀδελφῆς

343 2015 443 2085 τῆς
476 2015 696 2086 Μαρίας
722 2015 862 2069 ἐάλω
877 2016 970 2086 ετῴ
1008 2013 1307 2086 γογγυσμῷ
1329 2029 1345 2044 ⁶
1373 2014 1468 2068 καὶ
1488 2015 1536 2066 εἰ
1570 2014 1644 2086 μὴ
1675 2015 1702 2066 ὁ
1729 2030 1934 2082 γογγυι

347 2107 496 2171 σθεὶς
543 2108 837 2170 ἱκέτευσεν,
891 2108 990 2160 ούκ
1047 2106 1114 2160 ἂν
1146 2108 1244 2178 τὴν
1301 2106 1576 2178 τιμωρίαν
1625 2105 1929 2174 διέφευγεν.

351 2199 543 2263 Ἄλλος
573 2199 742 2262 ἐστὶν,
803 2199 900 2269 ούχ
931 2198 1129 2269 ἱερεὺς,
1153 2197 1290 2251 ἀλλὰ
1330 2193 1410 2261 εἷς
1437 2197 1544 2250 τῶν
1570 2195 1800 2259 πολλῶν,
1837 2213 1932 2266 φοι

345 2293 551 2348 δείσθω
581 2292 753 2364 βαρὺν
790 2290 1090 2344 ἐπιτιθέναι
1120 2289 1283 2360 ζυγόν
1342 2291 1406 2342 Εἰ
1449 2288 1558 2361 γὰρ
1587 2290 1616 2341 6
1648 2286 1936 2358 καθαίρειν

347 2387 440 2439 τὸν
465 2386 594 2439 λαὸν
624 2384 952 2457 προϐληθεὶς
985 2383 1175 2456 χρῄζει
1205 2383 1518 2454 καθαρσίων
1568 2381 1762 2449 ἐνίοτε,
1789 2380 1844 2435 τί
1869 2379 1935 2436 ἂν

349 2477 512 2533 πάθοι
543 2478 573 2530 6
607 2477 744 2548 μηδὲ
770 2475 869 2546 τῆς
899 2475 1235 2548 χειροτονίας
1264 2474 1401 2545 ἔχων
1433 2475 1532 2546 τὴν
1561 2475 1828 2545 δύναμινὸ

421 2745 817 2816 Μιμησώμεθα
843 2745 941 2814 τὴν
980 2743 1342 2814 πιλιμαντικὴν
1383 2740 1478 2795 τοῦ
1512 2742 1782 2796 Δεσπότου
1805 2759 1818 2772 ·
1853 2744 1941 2812 ἐγ-

348 2839 618 2910 κύψωμεν
666 2840 778 2902 τοῖς
804 2837 1175 2906 Εὑαγγελίοις,
1233 2835 1328 2888 καὶ
1360 2834 1548 2906 ὥσπερ
1603 2836 1661 2889 ἐν
1690 2835 1939 2908 ἐσόπτρῳ

351 2933 450 3004 τὴν
480 2931 623 2984 ἰδέαν
649 2929 1053 3000 καταμάθωμεν
1107 2927 1207 2997 τῆς
1234 2927 1550 2996 ἐπιμελείας
1576 2945 1634 2980 τε
1673 2928 1770 2980 καὶ
1803 2945 1940 2999 χρη-

349 3026 634 3098 στότητος.
689 3022 878 3076 Βλέπω
906 3020 1014 3091 γὰρ
1069 3020 1191 3072 ἐκεῖ
1222 3019 1278 3070 ἐν
1335 3018 1668 3090 παραδολαῖς
1697 3018 1789 3071 καὶ
1829 3021 1940 3081 τοῖς

2033 632 2195 687 rabis.
2249 631 2516 686 Sacerdos
2545 639 2630 685 est
2671 630 2888 699 aliquis,
2921 629 3212 700 papulique
3236 632 3455 699 regendi
3493 647 3615 687 mu-

2031 741 2133 782 nus
2163 726 2386 781 sortitus
2415 734 2498 779 est
2525 741 2539 774 ι
2574 725 2902 793 privatorum
2936 737 3097 779 casus
3120 723 3570 780 commisereatur
3593 765 3610 792 ,

2034 817 2454 887 memineritque
2496 833 2576 884 se,
2632 816 2880 885 quamvis
2929 816 3192 887 dignitate
3249 827 3466 886 praestet
3511 817 3610 884 iis,

2031 926 2171 982 quos
2205 911 2468 982 gubernat
2517 925 2581 964 ac
2626 909 2799 980 regit,
2838 919 3084 963 naturam
3142 918 3326 964 tamen
3366 912 3610 967 eamdem

2031 1005 2254 1069 habere,
2288 1003 2517 1073 ideoque
2548 1017 2708 1072 posse
2729 1001 3019 1072 aliquando
3043 1001 3278 1059 fortasse
3305 1005 3356 1059 in
3391 1003 3643 1060 eosdem’

2030 1110 2247 1150 errores
2277 1095 2532 1150 incidere.

2102 1189 2234 1257 Qua:
2269 1204 2390 1244 cum
2427 1188 2639 1258 Moyses
2673 1203 2778 1244 non
2803 1187 3329 1258 ignoraret(quippe
3355 1197 3411 1242 et
3449 1190 3614 1244 homo

2031 1289 2150 1335 erat
2201 1288 2255 1334 et
2295 1279 2532 1334 hominis
2577 1289 2826 1334 naturam
2873 1287 3214 1348 perspectam
3258 1289 3313 1333 et
3341 1281 3613 1350 cognitam

2031 1374 2310 1444 habebat),
2348 1373 2648 1435 constituit,
2675 1382 2734 1427 ut
2756 1387 2852 1441 pro
2881 1373 3164 1429 sacerdote
3193 1372 3392 1427 vitulus
3418 1375 3612 1428 immo-

2031 1464 2257 1528 laretur,
2281 1474 2539 1534 peccante
2564 1463 2819 1517 nimirum
2857 1473 2911 1518 et
2939 1465 3054 1534 ipso
3075 1465 3472 1532 expiationibns
3497 1465 3614 1536 plu-

2033 1557 2184 1612 ribus
2226 1557 2521 1627 indigente.
2559 1557 2714 1625 Quod
2742 1566 2920 1613 autem
2951 1566 3080 1611 tunc
3103 1567 3224 1612 erat
3257 1559 3308 1611 in
3341 1573 3506 1612 carne
3535 1557 3616 1612 vi-

2035 1649 2199 1714 tulus,
2254 1648 2394 1702 idem
2455 1666 2600 1705 nunc
2652 1658 2734 1704 est
2783 1651 3103 1718 incorporea
3163 1651 3500 1720 poenitentia.
3534 1650 3613 1703 in~

2039 1750 2374 1814 cruentaque
2399 1745 2742 1812 deprecatio:
2778 1759 2882 1814 qua
2919 1744 3134 1814 quidem
3181 1745 3478 1798 cavendum
3505 1753 3610 1806 est,

2042 1849 2108 1889 ne
2141 1833 2292 1901 elati,
2326 1834 2726 1906 gloriantesque
2771 1836 3183 1902 humanitatem,
3215 1843 3269 1889 ct
3304 1834 3613 1890 beneficen-

2041 1926 2166 1978 tiam
2199 1925 2564 1993 repudiemus,
2597 1942 2720 1980 cum
2760 1927 2996 1981 sciamus
3041 1925 3223 1981 Aaron
3275 1925 3614 1980 sacerdotem

2037 2013 2182 2069 illum
2215 2015 2684 2085 probatissimum.
2718 2016 2916 2087 populo
2961 2017 3091 2072 deos
3137 2015 3403 2086 ﬂagitanti
3435 2015 3616 2069 indul-

2036 2108 2194 2169 sisse,
2223 2117 2278 2161 et
2328 2117 2529 2164 temere
2557 2108 2846 2164 admodum
2899 2123 3178 2164 murmure
3209 2119 3425 2178 captum
3473 2123 3616 2163 esse.

2037 2196 2188 2263 Quod
2224 2197 2270 2253 si
2330 2198 2396 2263 is,
2437 2198 2528 2268 qui
2577 2208 3031 2264 murmuraverat,
3085 2213 3190 2253 non
3233 2199 3616 2269 supplicasset.

2036 2285 2354 2356 supplicium
2393 2302 2496 2342 non
2529 2289 2814 2343 evasisset.
2837 2287 2990 2343 Alius
3020 2299 3198 2344 autem
3230 2299 3333 2355 est,
3381 2306 3485 2343 non
3527 2305 3614 2344 sa-

2035 2380 2247 2444 cerdos,
2281 2381 2374 2435 sed
2431 2395 2568 2435 unus
2602 2395 2633 2434 e
2674 2381 2891 2450 populo,
2927 2389 3118 2437 caveat
3145 2397 3213 2437 ne
3235 2383 3452 2451 gravius
3471 2382 3646 2452 judi-—.

2038 2471 2211 2526 cando
2239 2471 2426 2540 jngnm
2469 2471 2680 2526 subeat.
2723 2471 2858 2525 Nam
2889 2473 2932 2527 si
2980 2472 3028 2527 is
3071 2473 3160 2540 qui
3195 2473 3260 2526 ad
3293 2473 3618 2542 expiandum

2037 2559 2290 2631 populum
2314 2560 2553 2616 delectus
2582 2571 2685 2628 est,
2723 2561 2926 2632 indiget
2956 2562 3071 2632 ipse
3115 2563 3442 2631 expiatione,
3489 2565 3618 2632 quid

2041 2653 2135 2710 [iet
2165 2653 2260 2721 illi,
2291 2653 2384 2724 qui
2416 2655 2678 2724 ejusmodi
2705 2670 2898 2710 munus
2921 2671 3025 2711 non
3058 2656 3323 2710 sustinet?

2112 2747 2392 2801 Imitemur
2418 2762 2534 2800 cam
2577 2747 2829 2814 pascendi
2863 2747 3162 2814 rationem,
3215 2765 3320 2818 qua
3361 2749 3619 2804 Dominus

2041 2853 2170 2894 usus
2199 2847 2313 2903 est;
2349 2836 2638 2911 Evangelia
2667 2839 3130 2909 contemplemur;
3158 2840 3337 2909 ibique
3357 2850 3616 2910 tanquam

2042 2929 2094 2982 in
2121 2929 2360 2998 speculo,
2403 2929 2694 3000 diligentia:
2724 2937 2779 2985 et
2823 2931 3172 3000 benignitatis
3208 2935 3510 3002 exemplum
3539 2936 3620 2988 in-

2043 3029 2278 3087 tuentes,
2311 3035 2404 3074 eas
2452 3022 2844 3091 perdiseamus.
2900 3021 3015 3077 lllic
3062 3024 3205 3078 enim
3263 3026 3315 3079 in
3352 3027 3619 3094 parabolis

351 3115 809 3186 ἐπεσκιασμένοις
857 3112 964 3166 τῶν
1023 3111 1195 3180 λόγων
1255 3110 1422 3182 ἄνδρα
1465 3111 1696 3181 ποιμένα
1744 3111 1936 3164 ἐκατὸν

2048 3114 2487 3183 adnmbratisque
2509 3117 2850 3172 sermonibus
2876 3117 3033 3172 video
3060 3129 3275 3174 centum
3307 3122 3488 3175 ovium
3519 3122 3619 3176 ho-

355 3211 676 3282 προϐάτων·
715 3208 774 3270 ὂς
828 3206 947 3270 ἐνὸς
1006 3205 1320 3277 θρέμματος
1371 3203 1788 3274 ἀποσχισθέντος
1837 3205 1936 3274 τῆς

352 3302 555 3372 ἀγέλης
585 3300 681 3353 καὶ
709 3296 1080 3368 πλανωμένου,
1118 3297 1179 3348 οὐ
1217 3299 1330 3357 τοῖς
1363 3298 1420 3348 ἐν
1451 3285 1602 3358 τάξει
1635 3294 1728 3347 καὶ
1757 3294 1935 3347 ἀπλα-

350 3395 459 3457 νῶς
480 3391 799 3462 νεμομένοις
838 3390 1164 3462 παρέμεινεν
1188 3405 1202 3418 ·
1240 3386 1353 3440 ἀλλ’
1400 3387 1654 3458 ὁρμήσας
1698 3386 1790 3439 ἐπὶ
1839 3387 1937 3456 τὴν

356 3487 603 3556 ζήτησιν,
644 3481 844 3544 πολλὰς
875 3481 975 3551 μὲν
1001 3479 1254 3533 διώδευσε
1287 3477 1601 3548 κοιλότητάς
1621 3494 1678 3530 τε
1717 3478 1811 3531 καὶ
1843 3477 1941 3547 φά-

355 3592 589 3647 ραγγας,
629 3573 876 3644 μεγάλων
901 3572 959 3626 δέ
993 3571 1087 3625 καὶ
1115 3570 1335 3642 ὑψηλῶν
1365 3569 1708 3642 ύπερηνέχθη
1743 3570 1938 3624 σκοπέο

352 3669 482 3734 λων,
524 3667 618 3721 καὶ
669 3668 788 3729 ταῖς
824 3665 1078 3738 ἐρημίαις
1128 3664 1412 3735 καρτερῶς
1463 3662 1814 3734 ἐνεμόχθησε,
1841 3663 1939 3734 μέ-

349 3778 477 3833 χρις
534 3759 601 3813 ἂν
629 3753 813 3830 ηὗρεν.
854 3756 1040 3831 Εύρὼν
1064 3757 1121 3810 δὲ
1163 3758 1262 3811 οὐκ
1291 3755 1538 3826 ἕπληξεν,
1575 3757 1636 3810 ού
1678 3757 1783 3828 μὴν
1818 3756 1939 3809 οὐδὲ

349 3851 557 3922 ήλασεν
587 3847 831 3920 σφοδρῶς
854 3847 1088 3916 ἐπείγων
1113 3849 1249 3920 πρὸς
1281 3847 1380 3918 τὴν
1409 3847 1643 3916 ἀγέλην·
1682 3847 1797 3901 ἀλλ’
1825 3849 1939 3900 ἐπι-

351 3941 471 4003 θεὶς
497 3940 577 4009 τῷ
613 3938 800 4009 αίιχένι
839 3940 933 3992 καὶ
973 3939 1206 4009 κομίσας
1242 3939 1380 4010 μετὰ
1407 3937 1642 4006 φειδοῦς,
1666 3940 1778 4000 τοῖς
1822 3955 1940 3991 συν-

352 4027 542 4102 νόμοις
570 4030 1034 4101 ἀπεκατέστησεν,
1070 4031 1277 4101 χαίρων
1329 4031 1416 4083 ἐπ’
1437 4030 1630 4100 ἐκείνῳ
1670 4028 1852 4095 πλέον,
1902 4030 1937 4100 ἢ

349 4123 434 4194 τῷ
461 4122 654 4193 πλήθει
693 4121 802 4175 τῶν
829 4121 1022 4178 ἄλλων.
1083 4123 1380 4194 Νοήσωμεν
1411 4123 1588 4176 τοίνυν
1619 4122 1680 4175 τὸ
1710 4122 1939 4193 πρᾶγμα

354 4219 418 4271 τὸ
445 4221 558 4283 τοῖς
587 4220 904 4291 αἰνίγμασιν
933 4219 1405 4292 ἐγκρυπτόμενονο
1443 4220 1506 4272 τὸ
1532 4219 1642 4289 γὰρ
1668 4217 1939 4291 πρόϐατον

346 4311 458 4363 οὐκ
493 4311 664 4374 ὅντως
710 4311 980 4382 πρόϐατον
1003 4329 1017 4342 ο
1057 4312 1150 4364 καὶ
1182 4313 1210 4364 6
1242 4310 1444 4383 ποιμὴν
1471 4311 1530 4364 δέ
1568 4311 1784 4373 πάντως
1810 4309 1940 4364 ἄλλο

352 4416 434 4464 τι,
459 4401 522 4454 ού
563 4401 670 4473 μὴν
706 4405 736 4456 6
779 4401 889 4457 τῶν
920 4402 1130 4471 ἀλόγων
1154 4386 1384 4472 νομεύδςο
1417 4402 1532 4456 ἀλλ’
1559 4402 1705 4456 ἐστιν
1739 4400 1938 4456 ὑποδεί-

351 4508 546 4563 γματα
570 4491 742 4546 ταῦτα
780 4495 891 4546 τῶν
948 4493 1136 4564 ἱερέων
1172 4493 1491 4547 παιδευτικά
1513 4509 1528 4526 ο
1575 4494 1662 4546 ἵνα
1688 4492 1797 4546 τῶν
1849 4493 1938 4547 ἀν·
1967 4480 2012 4537 θ

348 4576 591 4652 θρώπων
620 4581 756 4652 μήτε
796 4581 1099 4653 προχείρως
1127 4581 1531 4653 ἀπελπίζωμεν,
1561 4583 1695 4654 μήτε
1731 4585 1935 4655 καταρ-

352 4669 690 4743 ῥᾳθυμῶμεν
717 4672 1150 4726 γινδυνευόντων.
1181 4673 1442 4744 Ζητῶμεν
1467 4673 1526 4727 δέ
1565 4674 1657 4727 τὸν
1686 4673 1930 4746 ἐμπαθῆ,

353 4765 449 4816 καὶ
474 4765 840 4835 ἐπανάγωμεν
866 4766 947 4828 είς
992 4765 1168 4832 τάξιν,
1216 4765 1310 4819 καὶ
1337 4765 1610 4838 χαίρωμεν
1637 4770 1751 4831 τοῖς
1777 4768 1934 4840 στρέ-

355 4873 564 4924 φουσιν,
600 4857 696 4911 καὶ
717 4856 797 4928 τῷ
821 4857 1147 4930 πληρώματι
1172 4857 1281 4911 τῶν
1313 4857 1487 4928 ὀρθῶς
1510 4859 1766 4929 βιούντων
1797 4861 1932 4914 ἀνα·

355 4949 693 5020 μιγνύωμεν.

2043 3207 2242 3259 tninem
2275 3215 2546 3274 pastorem
2598 3207 2618 3238 ³
2642 3249 2658 3272 ,
2697 3207 2789 3275 qui
2839 3223 2958 3261 cum
2994 3208 3204 3263 illarum
3239 3226 3345 3264 una
3380 3227 3408 3264 a
3457 3227 3622 3282 grege
3657 3271 3660 3274 ,

2039 3300 2402 3363 discessisset,
2435 3306 2493 3355 et
2536 3301 2844 3355 errabunda
2894 3311 3216 3372 vagaretur,
3274 3319 3380 3358 non
3419 3308 3619 3360 mansit

2041 3405 2162 3444 cum
2202 3389 2330 3457 illis,
2363 3405 2484 3460 quae
2511 3400 2794 3445 servantes
2825 3393 3068 3448 ordinem
3109 3391 3499 3462 pascebantur;
3525 3396 3618 3448 sed

2039 3483 2108 3536 ad
2157 3497 2275 3536 eam
2317 3483 2699 3552 requirendam
2751 3483 3043 3553 profectus,
3077 3483 3276 3539 multas
3318 3483 3485 3539 valles
3512 3487 3620 3539 sal-

2042 3585 2234 3645 tusque
2280 3575 2596 3643 superavit,
2651 3589 2878 3644 magnus
2937 3584 3100 3644 atque
3149 3577 3347 3631 arduos
3407 3589 3620 3633 montes

2043 3667 2394 3730 transcendit,
2427 3665 2482 3720 in
2519 3666 2896 3722 solitudinibus
2923 3669 3268 3737 peragrando
3306 3668 3470 3722 multo
3496 3684 3617 3723 cum

2043 3758 2227 3814 labore
2265 3759 2451 3813 tandiu
2506 3759 2912 3828 pet-vestigavit,
2958 3757 3129 3813 donec
3155 3769 3425 3814 errantem
3470 3762 3620 3816 inve-

2048 3851 2150 3904 nit.
2179 3850 2460 3904 lnventam
2494 3860 2674 3904 autem
2721 3867 2828 3905 non
2877 3851 3202 3916 verberavit,
3235 3867 3333 3908 nec
3379 3857 3619 3920 urgendo

2042 3942 2414 3996 vehementius
2438 3941 2503 3994 ad
2545 3957 2759 4012 gregem
2793 3945 3072 4014 compulit,
3115 3946 3209 3999 sed
3242 3945 3483 3999 humeris
3507 3947 3619 3998 suis

2043 4033 2370 4102 impositam,
2401 4040 2454 4085 et
2483 4031 2676 4086 leniter
2702 4041 2994 4088 tractatam
3025 4036 3092 4087 ad
3113 4049 3327 4104 gregem
3363 4035 3615 4105 gestavit,

2041 4127 2304 4196 majorem
2339 4141 2406 4180 ex
2437 4141 2540 4178 una
2575 4123 2665 4178 illa
2721 4126 2956 4192 inventa,
2991 4141 3154 4196 quam
3194 4141 3258 4181 ex
3290 4126 3614 4195 reliquarum

2042 4217 2410 4281 multitudine,
2462 4216 2703 4271 laetitiam
2756 4217 3078 4286 percipiens.
3123 4215 3256 4271 Rem
3286 4217 3618 4271 obscuritate

2041 4310 2409 4366 similitudinis
2429 4309 2766 4374 obvolutam,
2809 4317 2973 4377 atque
3009 4307 3338 4362 reconditam
3368 4307 3618 4362 conside-

2045 4417 2243 4458 remus.
2271 4401 2402 4458 Ovis
2443 4403 2560 4456 haec
2591 4416 2696 4456 non
2726 4414 2882 4456 ovem
2913 4399 3154 4463 omnino,
3182 4414 3282 4454 nec
3314 4407 3502 4469 pastor
3528 4399 3618 4454 ille

2042 4493 2200 4562 plane
2230 4502 2522 4564 pastorem,
2567 4493 2661 4548 sed
2709 4491 2855 4546 aliud
2889 4491 3146 4560 quiddam
3176 4490 3468 4561 signiﬁcat.
3523 4491 3618 4546 His

2040 4585 2303 4655 exemplis
2341 4599 2511 4641 sacrae
2538 4599 2626 4639 res
2654 4583 3018 4638 continentur.
3058 4579 3166 4638 Nos
3201 4583 3347 4638 enim
3374 4597 3618 4637 commo-

2043 4687 2192 4742 nent,
2246 4691 2314 4732 ne
2352 4676 2603 4732 homines
2641 4689 2741 4744 pro
2803 4674 3030 4744 perditis
3064 4689 3130 4730 ac
3162 4673 3467 4744 desperatis
3517 4677 3618 4730 ha-

2041 4772 2285 4836 beamus,
2315 4784 2450 4824 neve
2480 4783 2574 4823 eos
2596 4769 2648 4822 in
2671 4765 2928 4837 periculis
2956 4773 3238 4824 versantes
3259 4765 3617 4836 negligamus.

2042 4871 2136 4919 aut
2160 4877 2354 4934 segnes
2384 4862 2553 4918 simus
2584 4861 2649 4914 ad
2700 4857 2982 4914 ferendum
3015 4856 3296 4920 auxilium,
3329 4860 3425 4912 sed
3458 4871 3554 4912 eos
3587 4875 3617 4910 a

2043 4966 2195 5014 recta
2229 4954 2439 5010 vivendi
2474 4953 2682 5007 ratione
2708 4949 3074 5015 deﬂectentes,
3097 4959 3153 5004 et
3180 4959 3428 5004 errantes
3450 4951 3612 5003 redu-

353 5057 538 5097 camus
569 5045 622 5096 in
661 5043 802 5097 viam
827 5084 842 5109 ,
878 5058 1173 5114 eorumque
1219 5044 1465 5098 laetemur
1520 5047 1727 5112 reditu,
1773 5062 1936 5122 atque
1969 5055 2116 5126 ipsos
2142 5069 2267 5109 cum
2301 5053 2438 5108 bene
2478 5051 2672 5121 [neque
2743 5047 3038 5103 viventium
3109 5045 3453 5102 multitudine
3487 5060 3618 5101 con-

347 5137 660 5208 iungamus.

435 5229 560 5282 Ἐπὶ
619 5230 870 5283 τοσοῦτον
918 5229 975 5282 δὲ
1024 5231 1116 5286 τὸν
1159 5231 1308 5303 ἱερέα
1346 5232 1622 5303 προσῆκεν
1671 5235 1792 5288 ἀντὶ
1834 5235 1934 5306 τῆς

350 5320 657 5391 ἀποτομίας
704 5323 803 5392 τὴν
849 5321 1257 5393 φιλανθρωπίαν
1302 5323 1514 5388 ἀσκεῖν,
1561 5323 1700 5378 ὥστε
1754 5324 1858 5379 κᾶν
1903 5329 1934 5380 6

346 5411 631 5481 Δεσπότης
685 5412 972 5466 ἐκκόπτειν
1009 5413 1206 5485 κελεύῃ
1265 5413 1409 5481 τινὰ,
1438 5415 1513 5480 ὡς
1557 5417 1932 5495 φυτὸνωᾶχρη-

2115 5237 2246 5290 Tam
2282 5233 2490 5286 alienus
2541 5237 2722 5283 autem
2765 5245 2793 5283 a
2824 5227 3064 5284 caedendi
3110 5226 3408 5282 acerbitate
3435 5241 3614 5283 sacer-

2040 5326 2140 5381 dos
2170 5337 2292 5379 esse
2319 5321 2504 5383 debet,
2551 5331 2804 5388 tanquam
2848 5327 3131 5389 promptus
3177 5329 3232 5374 et
3285 5328 3503 5389 paratus
3547 5318 3614 5372 ad

2039 5415 2389 5473 excolendam
2422 5412 2834 5474 humanitatem,
2860 5419 2940 5480 ut,
2965 5411 3180 5466 etiamsi
3218 5409 3476 5466 Dominus
3511 5407 3613 5460 ali-

354 5515 500 5566 στον,
531 5502 695 5556 αὑτὸν
723 5502 799 5566 ὡς
844 5503 1149 5574 φυτοκόμον
1207 5505 1378 5558 αἰτεῖν
1400 5504 1480 5558 δεῖ
1510 5504 1610 5578 τὴν
1651 5504 1816 5576 φειδὼ
1841 5506 1936 5560 καὶ

2038 5520 2222 5576 quem,
2256 5503 2331 5559 uti
2360 5503 2596 5575 plantam
2631 5503 2902 5572 inutilem,
2925 5502 3244 5558 exscindere
3265 5501 3472 5570 iubeat,
3497 5499 3613 5564 ipse

347 5592 666 5664 ὑπέρθεσιν.
726 5594 926 5649 Τοῦτον
983 5595 1093 5666 γὰρ
1141 5597 1274 5666 ἡμῖν
1327 5597 1625 5671 παρίστησι
1665 5598 1755 5652 τὸν
1810 5596 1937 5652 νοῦν

424 5799 447 5831 ⁸
482 5798 617 5854 an.
651 5812 737 5861 xv,
760 5797 793 5850 4
820 5812 940 5867 sqq.

677 5899 945 5958 Parnet.
994 5895 1108 5955 (in.
1162 5896 1208 5954 Χ
1224 5895 1285 5958 ι..

2042 5605 2300 5669 tanquam
2335 5595 2532 5654 insitor
2563 5595 2758 5652 debeat
2789 5592 3115 5666 supplicare,
3146 5603 3203 5647 ut
3237 5591 3476 5661 ignoscat
3511 5602 3608 5658 pa.

3220 5879 3295 5940 12
