4062 6150
441 342 547 404 563

1720 344 1778 397 S.
1818 330 2093 396 ASTERII
2136 336 2436 398 AMASENI

3596 337 3704 408 36$

448 476 663 534 inmper
683 471 737 515 et
753 461 1074 517 sententiam
1096 456 1329 515 dill'erat.
1362 458 1451 513 Sic
1466 459 1611 512 enim
1635 466 1816 510 mouet
1845 455 2022 509 oratio

2130 454 2220 523 τῆς
2248 455 2499 527 ἀκάρπου
2558 457 2724 525 συκῆς
2772 457 2799 507 ὁ
2821 456 3002 526 λόγος’
3028 458 3093 528 ἢν
3123 458 3404 527 ἐκτέμνειν
3465 460 3707 529 θέλοντος

446 557 531 609 illa
559 557 623 609 de
668 554 771 608 ficu
790 552 831 620 ⁵,
856 567 1018 623 quam
1061 551 1139 605 uti
1189 548 1426 607 sterilem
1460 563 1580 603 cum
1624 546 1881 602 Dominus
1919 543 2025 598 vel-

448 646 521 699 let
558 644 873 709 concidere,
895 651 1017 698 orat
1046 639 1308 713 agricola,
1333 648 1392 694 ut
1412 636 1483 693 illi
1515 636 1786 707 paulisper
1814 642 2022 705 pareat,

405 754 411 759 τ
447 746 503 789 ιιι
535 749 744 790 moram
776 734 1017 804 aliquam
1050 732 1362 801 interponat
1397 746 1412 783 :
1450 728 1655 798 aliquid
1686 727 1830 782 enim
1871 725 2027 781 bona:

446 826 560 894 spei
616 829 669 879 in
716 824 995 895 diligentia
1029 839 1126 880 sua
1177 822 1444 893 reliquum
1499 835 1640 878 esse.
1700 818 1822 875 Noli
1860 819 2024 890 igitur

445 931 567 972 esse
637 925 745 971 tam
800 914 975 972 facilis
1021 916 1091 971 ad
1142 913 1547 985 amputandum,
1595 922 1650 968 et
1697 912 2023 967 exscindeno

447 1010 596 1073 dum,
632 1018 711 1074 tu,
749 1008 840 1079 qui
876 1006 1184 1074 Dominum,
1223 1020 1297 1061 ne
1354 1006 1407 1060 id
1457 1003 1638 1070 faciat,
1674 1004 1836 1059 debes
1870 1004 2028 1058 obse-

448 1116 623 1168 crare,
683 1114 857 1171 neque
921 1110 1030 1154 tam
1088 1098 1337 1155 celeriter
1393 1095 1787 1166 desperandum
1841 1094 2031 1150 existi-

448 1208 560 1248 ma.
599 1193 943 1264 Diligentiam
1004 1191 1295 1255 adhibeto,
1350 1186 1867 1260 reprehensionibus
1914 1186 2027 1242 clr-

449 1286 777 1350 rurnl‘odito,
828 1283 1295 1339 cohortationibus
1347 1281 1549 1347 loveto,
1580 1289 1835 1350 tanquam
1867 1279 2025 1343 (into;

449 1380 921 1442 documentorum,
949 1375 1104 1447 quasi
1127 1387 1394 1445 aquarum
1424 1373 1579 1444 copia
1609 1372 1870 1443 irrigato;
1897 1385 2030 1440 prte-

448 1470 643 1538 ceptis,
672 1478 731 1523 ut
756 1468 899 1524 vallo
936 1467 1293 1523 communito.
1336 1463 1514 1522 Tuum
1548 1474 1691 1530 esto,
1710 1464 1924 1533 placare
1941 1463 2030 1531 ju-

450 1563 592 1618 dicis
638 1562 900 1617 animum.
951 1561 1151 1615 Demus
1185 1573 1426 1629 operam,
1468 1567 1527 1613 ut
1557 1557 1747 1613 eodem
1779 1557 2026 1619 nomine,

448 1668 556 1722 quo
588 1650 868 1714 Dominus,
901 1649 1239 1720 appellemur
1269 1666 1283 1704 :
1314 1648 1364 1704 is
1391 1650 1536 1704 enim
1561 1648 1762 1704 dicitur
1779 1645 2029 1702 consola-

449 1752 555 1808 tor,
587 1744 712 1797 dum
742 1742 1022 1797 hominum
1045 1741 1234 1813 generi
1265 1740 1480 1796 Patrem
1511 1740 1800 1810 propitium
1834 1739 2026 1793 reddit.

2126 544 2220 598 τοῦ
2246 547 2450 618 Κυρίου
2504 548 2593 601 διὰ
2621 548 2720 619 τὴν
2772 548 3071 621 ἀκαρπίαν,
3102 552 3132 603 ὁ
3157 550 3400 621 γεωργδς
3451 553 3706 620 ἱκετεύει,

2128 639 2221 693 καὶ
2274 640 2542 713 ἀναϐολὴν
2582 643 2723 695 αἰτεῖ
2776 643 2871 695 καὶ
2905 640 3224 714 ὑπέρθεσιν,
3276 643 3498 708 ἐλπίδας
3559 646 3711 718 αὐτῷ

2128 732 2370 802 lpus—rd;
2406 732 2703 787 ὑποτείνων
2731 732 2821 787 διὰ
2876 734 2976 805 τῆς
3013 735 3217 796 οἰκείας
3247 734 3585 806 ἐπιμελείας.
3617 739 3708 811 Μή

2127 824 2304 879 τοίνυν
2323 825 2491 879 κόπτε
2521 826 2847 898 προχείρως,
2878 829 2906 880 ὀ
2934 827 3034 898 τὴν
3068 826 3241 900 τομὴν
3270 828 3423 900 παρά
3472 828 3569 882 τοῦ
3592 830 3707 884 Κυ-

2130 918 2248 989 ρίου
2272 919 2621 991 ἐπαγομένην
2678 919 2910 973 κωλύειν
2941 916 3194 989 ὀφείλων,
3239 918 3374 991 μηδὶ
3406 922 3709 989 καταγίνεο-

2130 1025 2228 1063 σκε
2259 1010 2466 1082 ταχέως
2521 1013 2622 1083 τὴν
2678 1012 3012 1084 ἀχρηστείαν
3030 1029 3043 1043 α
3070 1011 3183 1065 ἀλλ’
3207 1013 3426 1066 ἐκπόνει
3453 1014 3557 1083 τὴν
3586 1012 3710 1065 ἐπι-

2132 1100 2371 1170 μέλειαν.
2433 1101 2651 1155 Σκάπτε
2684 1104 2798 1163 τοῖς
2844 1101 3121 1173 ἐλέγχοις·
3185 1099 3357 1156 θάλπέ
3386 1102 3464 1164 ὡς
3519 1098 3711 1173 κόπρῳ

2127 1195 2247 1256 ταῖς
2276 1194 2711 1265 παρακλήσεσινο
2742 1192 2927 1258 πότιζε
2947 1196 3013 1264 τῇ
3046 1195 3300 1266 ἐπιρροίᾳ
3321 1193 3429 1247 τῶν
3457 1193 3711 1265 μαθημά-

2129 1300 2240 1338 των
2254 1303 2268 1316 ο
2288 1302 2355 1337 πε
2362 1285 2629 1358 ρίφρασσε
2653 1288 2765 1349 τοῖς
2783 1285 3242 1357 προφυλακτικοῖς
3258 1284 3365 1339 τῶν
3395 1286 3711 1358 παραγγελν

2133 1377 2320 1447 μάτων
2344 1377 2419 1440 ὡς
2480 1374 2860 1448 χαρακώματι.
2894 1378 2995 1430 Σόν
3040 1379 3156 1430 ἐστι
3187 1377 3251 1430 τὸ
3301 1377 3707 1448 παραιτεῖσθαι,

2128 1465 2225 1520 τοῦ
2247 1466 2435 1537 κριτοῦ
2459 1465 2520 1519 τὸ
2548 1466 2788 1532 δικάζειν
2812 1480 2826 1495 ⁸
2879 1468 3058 1521 ἐκεῖνο
3094 1465 3358 1537 κληθῆναι
3400 1467 3712 1521 σπουδάσεσ-

2135 1575 2253 1628 μεν,
2284 1558 2313 1611 ὃ
2359 1557 2574 1627 λέγεται
2608 1559 2704 1612 καὶ
2730 1560 2760 1612 ὁ
2787 1558 3018 1631 Κύριος·
3072 1560 3425 1631 Παράκλητος
3452 1558 3561 1630 γὰρ
3596 1560 3713 1612 ὀνο⁶

2136 1651 2365 1723 μάζεται
2421 1649 2565 1722 ὑπὲρ
2627 1648 2721 1705 τοῦ
2755 1652 2947 1720 γένους
2978 1651 3088 1705 τῶν
3125 1652 3447 1722 ἀνθρώπων,
3479 1651 3569 1705 τον
3602 1651 3713 1704 Πα-

2133 1744 2265 1811 τέρα
2288 1741 2688 1813 ἐξιλεούμενοςο
2735 1742 2936 1817 ὁμοίως
2963 1744 3056 1798 καὶ
3104 1744 3163 1798 τὸ
3191 1742 3413 1814 Πνεῦμα
3456 1743 3555 1814 τῆς
3582 1743 3711 1812 ἁλη-

450 1836 570 1902 Quo
598 1836 815 1905 quidem
849 1833 1071 1889 nomine
1097 1841 1324 1888 vocatur
1349 1830 1619 1889 etiamille
1641 1830 1886 1887 veritatis
1905 1828 2028 1897 Spi-

2132 1834 2300 1897 θείας,
2329 1835 2425 1905 τὴν
2453 1834 2594 1906 ὑπὲρ
2622 1838 2653 1906 ἠ
2664 1834 2781 1906 μῶν
2827 1834 3063 1907 σπουδὴν
3089 1834 3281 1888 ἐλαϐεν
3305 1835 3494 1905 ὄνομα.
3528 1835 3715 1905 Παρὰ·

448 1929 607 1991 ritus,
642 1941 739 1997 pro
772 1942 871 1982 suo
897 1942 1024 1999 erga
1061 1940 1160 1984 nos
1210 1927 1392 1982 studio
1421 1934 1585 1995 atque
1631 1923 2025 1981 benevolentia.

452 2020 576 2075 Ilaec
603 2034 784 2074 autem
834 2019 1233 2091 deprecationis
1267 2028 1322 2075 et
1351 2017 1740 2075 consolationis
1780 2032 2028 2080 munera,

456 2127 547 2183 pro
581 2112 961 2180 peccatoribus
994 2109 1375 2180 suscipiuntur
1410 2110 1656 2173 omnino,
1701 2124 1807 2164 non
1844 2123 1942 2179 pro
1966 2110 2031 2164 iis

449 2205 539 2269 qui
597 2215 724 2257 sunt
767 2204 1090 2258 innocentes
1122 2212 1178 2258 et
1221 2201 1385 2257 nullis
1431 2202 1755 2257 criminibus
1784 2201 2027 2257 obnoxii.

449 2294 612 2349 Musis
657 2309 866 2359 curam,
918 2295 1208 2360 sacerdos,
1239 2302 1293 2349 et
1339 2292 1756 2349 sollicitudinem
1794 2291 2029 2347 imitare.

449 2385 669 2441 Imitare
700 2385 842 2441 illius
862 2401 993 2457 erga
1027 2385 1284 2457 populum
1311 2385 1479 2440 animi
1516 2384 1857 2439 aﬂ'ectionem
1892 2397 1909 2437 :
1939 2384 2030 2453 qui

452 2475 619 2530 Deum
646 2477 966 2541 obsecrans,
987 2490 1057 2531 ne
1080 2477 1277 2547 populo
1315 2477 1409 2547 qui
1432 2484 1753 2547 peccaverat
1775 2477 2035 2530 irascere-

450 2576 554 2629 tur,
578 2582 700 2622 cum
741 2581 856 2621 rem
889 2567 1101 2639 longius
1122 2566 1266 2634 duci,
1293 2582 1393 2623 nec
1408 2567 1507 2623 sibi
1530 2567 1607 2635 id,
1624 2568 1768 2637 quod
1792 2568 2031 2637 petebat,

451 2658 677 2712 concedi
717 2658 1200 2722 animadverteret,
1232 2656 1593 2728 supplicabat,
1616 2666 1677 2710 ut
1703 2656 1810 2712 sibi
1837 2655 2030 2712 saltem

451 2748 661 2814 liceret,
693 2758 820 2803 ante
859 2748 1143 2813 decedere,
1186 2761 1257 2802 ne
1299 2761 1508 2811 eorum,
1540 2760 1681 2816 quos
1723 2755 1947 2815 paverat
1979 2753 2033 2798 et

451 2840 782 2909 gubernarat
803 2877 818 2905 ,
847 2840 1129 2894 interitum
1154 2847 1445 2909 speetaret.
1472 2836 1578 2893 Sed
1601 2850 1779 2907 operae
1799 2837 2028 2907 pretium

451 2939 557 2995 est,
584 2938 645 2983 ut
676 2929 839 2985 verba
865 2929 1034 2999 ipsius
1056 2930 1109 2984 in
1139 2929 1378 2984 medium
1404 2926 1693 2983 all‘eramus
1724 2967 1738 2982 .
1766 2925 2028 2995 Obsecro,

453 3020 648 3091 inquit,
664 3021 909 3091 peccavit
925 3021 1154 3091 populus
1173 3030 1451 3092 peccatum
1470 3035 1743 3092 maguum,
1760 3018 2030 3075 fecerunt-

448 3129 559 3184 que
588 3114 690 3169 sibi
725 3114 859 3169 deos
888 3127 1104 3169 aureos.
1147 3113 1211 3168 Et
1241 3128 1385 3169 nunc
1411 3114 1458 3169 sl
1484 3112 1761 3168 dimittitis
1782 3113 1862 3167 eis
1906 3128 2031 3184 pec—

452 3215 631 3260 catum
658 3205 784 3272 hoc,
800 3206 1013 3260 dimitte
1043 3224 1059 3260 :
1084 3202 1145 3260 Si
1169 3204 1366 3270 minus,
1388 3204 1503 3259 dele
1519 3219 1601 3258 me
1619 3207 1684 3258 de
1710 3204 1862 3268 libro,
1882 3219 2034 3274 quem

449 3297 707 3368 scripsisti
729 3298 776 3351 ⁸.
802 3297 1015 3362 Cernis,
1051 3298 1322 3368 quomodo
1347 3297 1581 3366 proprias
1607 3295 1837 3351 salutem
1864 3294 2038 3351 multi-

453 3387 656 3442 tudinis
705 3390 1004 3456 anteponit,
1041 3387 1127 3442 cui
1174 3388 1278 3441 nisi
1323 3388 1578 3456 impetrat
1639 3385 2032 3456 impunitatem,

450 3476 659 3546 ﬂagitat
689 3486 746 3531 ut
776 3477 894 3547 ipse
928 3475 1212 3531 deleatur?
1248 3475 1403 3530 Nunc
1425 3485 1605 3529 autem
1656 3475 1748 3544 qui
1770 3466 2036 3529 'acerbio-

452 3584 541 3623 res
583 3583 644 3623 se
691 3568 1070 3637 peccatoribus
1125 3575 1405 3637 praestant,
1435 3580 1529 3621 eos
1559 3567 1631 3621 ad
1676 3581 1737 3621 se
1783 3569 2036 3621 seceden-

455 3671 536 3712 tes
589 3658 927 3727 propellunt,
980 3659 1254 3727 supplices
1281 3666 1690 3727 prostratosque
1734 3656 1968 3727 fugiunt,
2002 3672 2032 3710 a

454 3745 878 3818 lacrymantibus
904 3748 1094 3803 oculos
1119 3755 1418 3812 removent,
1447 3755 1505 3803 et
1524 3762 1582 3802 se
1605 3754 1747 3802 totos
1762 3755 2030 3802 avertunt.

523 3835 635 3889 Cur
705 3836 867 3907 igitur
924 3836 1052 3891 mihi
1099 3834 1292 3904 Lucas,
1328 3836 1439 3894 imo
1481 3851 1610 3892 vero
1638 3835 1874 3907 Spiritus
1905 3851 2036 3893 san-

450 3939 572 3983 ctus
597 3928 886 3998 descripsit
914 3929 1081 3985 lilium
1113 3930 1397 4002 prodigum
1422 3929 1468 3997 ⁸,
1511 3931 1604 4000 qui
1649 3930 1885 4002 primum
1919 3930 2032 3987 dis-

451 4035 611 4076 cessu
637 4036 738 4077 suo
776 4021 1072 4092 ignominia
1100 4030 1309 4094 patrem
1343 4021 1544 4087 aﬂ'ecit,
1576 4025 1769 4079 deinde
1791 4024 2032 4095 volupta-

454 4115 601 4169 tibus
626 4115 984 4185 ebrietatique
1035 4115 1273 4178 deditus,
1306 4126 1361 4169 et
1394 4113 1719 4169 feminarum
1756 4115 2034 4171 amoribus

450 4216 661 4275 captus,
696 4214 951 4277 paternas
992 4220 1186 4263 omnes
1232 4207 1452 4261 divitias
1495 4207 1813 4278 dilapidavit
1871 4216 2034 4276 atque

449 4298 738 4354 exhausit?
760 4299 888 4353 Post
916 4308 1097 4353 autem
1147 4299 1340 4364 multo,
1369 4314 1493 4353 cum
1529 4299 1661 4354 satis
1699 4299 1807 4369 jam
1842 4300 1897 4354 in
1928 4301 2030 4354 mi-

451 4390 594 4444 seria
625 4401 874 4448 versatus
905 4404 1074 4459 esset,
1109 4393 1247 4448 adeo
1267 4404 1326 4448 ut
1355 4392 1613 4449 subulcus
1632 4392 1858 4448 eﬁ‘ectus
1884 4407 2032 4447 mer-

2133 1928 2328 1999 κλητος
2356 1927 2465 1997 γὰρ
2498 1928 2718 1980 κάκεῖνο
2749 1927 2963 1996 λέγεται
2990 1944 3004 1958 ο
3040 1927 3305 1998 πρεσϐεία
3336 1926 3393 1979 δέ
3421 1927 3513 1979 καὶ
3535 1925 3715 1995 παρά-

2134 2018 2323 2088 κλησις
2346 2017 2485 2089 ὑπὲρ
2515 2018 2624 2070 τῶν
2654 2014 3051 2089 ἡμαρτηκότων
3087 2018 3303 2081 πάντως
3335 2017 3711 2081 σπουδάζεται,

2132 2112 2193 2164 οὔ
2227 2110 2334 2181 μὴν
2359 2108 2465 2163 τῶν
2494 2109 2800 2163 ἀνευθύνων
2830 2111 2925 2163 xui.
2956 2109 3324 2179 ἀνεγκλήτων.
3385 2110 3657 2179 Ζήλωσον,
3684 2111 3715 2162 ὁ

2137 2203 2337 2272 ἱερεὺς,
2363 2202 2424 2254 τὸ
2474 2200 2830 2273 κηδεμονικὸν
2860 2199 2955 2253 τοῦ
3016 2200 3257 2263 Μωσέως
3281 2215 3293 2229 ’
3323 2201 3561 2271 μίμησαι
3613 2200 3715 2271 τὴν

2134 2295 2343 2348 ἐκείνου
2368 2295 2496 2364 περὶ
2549 2296 2676 2357 τοὺς
2700 2292 3036 2365 ἀρχομένους
3063 2292 3333 2345 διάθεσιν·
3372 2290 3431 2356 ὃς
3458 2303 3717 2364 παρακα-

2134 2387 2242 2441 λῶν
2286 2388 2379 2440 τὸν
2430 2386 2584 2450 Θεὸν,
2633 2386 2720 2439 ἵνα
2763 2387 2837 2456 μὴ
2874 2385 3113 2456 δυσμενῇ
3144 2383 3222 2456 τῷ
3258 2384 3371 2456 λαῷ
3392 2384 3715 2456 πλημμελή-

2137 2496 2311 2546 σαντι,
2342 2479 2528 2550 ἐπειδὴ
2565 2479 2760 2550 μικρὸν
2789 2476 2989 2550 ᾔσθετο
3033 2479 3448 2549 παρελκομένης
3470 2480 3712 2549 χάριτος,

2133 2572 2295 2625 τοῦτο
2316 2570 2446 2640 γοῦν
2486 2570 2745 2630 ἱκέτευεν,
2776 2567 3140 2640 προαπελθεῖν
3169 2555 3268 2623 τοῦ
3297 2568 3449 2634 λαοῦ,
3476 2569 3551 2641 μὴ
3581 2568 3712 2623 θεά-

2137 2677 2297 2730 σηται
2327 2659 2435 2713 τῶν
2456 2657 2889 2728 ποιμαινομένων
2917 2658 3008 2712 τὸν
3050 2657 3291 2729 ὄλεθρον.
3320 2660 3483 2713 Οὐδὲν
3518 2660 3572 2713 δὲ
3601 2654 3715 2713 οἷον

2135 2753 2304 2825 αὐτῆς
2325 2750 2809 2823 ἀπομνημονεῦσαι
2837 2752 2935 2822 τῆς
2955 2752 3151 2817 λέξεως
3171 2770 3186 2785 ·
3211 2752 3431 2822 Δέομαι,
3465 2752 3714 2822 ἡμάρτη-

2134 2862 2231 2899 κεν
2259 2848 2288 2899 ὁ
2309 2845 2434 2908 λαὸς
2464 2845 2740 2916 ἁμαρτίαν
2783 2844 3046 2915 μεγάλην,
3088 2844 3181 2898 καὶ
3215 2846 3475 2916 ἐποίησαν
3503 2847 3718 2909 ἑαυτοῖς

2135 2936 2290 3001 θεοὺς
2316 2936 2569 3007 χρυσοῦς.
2595 2937 2703 2989 Καὶ
2721 2935 2816 2990 νῦν
2845 2938 2892 2990 εί
2921 2936 3021 3007 μὲν
3049 2938 3197 3008 ἀφῇς
3219 2938 3401 3000 αὐτοῖς
3426 2935 3523 3007 τὴν
3540 2937 3721 3007 ἁμαρ-

2135 3028 2272 3087 τίαν.
2321 3028 2490 3095 ἄφες
2546 3024 2705 3080 mea
2748 3025 2859 3096 μὴ,
2893 3025 3222 3101 ἐξάλειψόν
3259 3042 3337 3095 με
3376 3026 3445 3078 ἐκ
3475 3023 3588 3093 τῆς
3612 3025 3717 3090 ,βί-

2061 3159 2104 3218 C
2140 3121 2288 3173 ὅλου
2338 3113 2414 3188 ἧς
2463 3117 2751 3188 ἔγραψας.
2798 3117 2961 3189 Ὁρᾷς
3007 3116 3158 3180 ὅπως
3203 3116 3304 3189 τὴν
3352 3115 3448 3170 τοῦ
3477 3115 3719 3188 πλήθους

2139 3209 2413 3282 σωτηρίαν
2439 3209 2539 3280 τῆς
2571 3208 2779 3271 οἰκείας
2826 3208 3133 3280 προτίθησι,
3193 3208 3289 3262 καὶ
3333 3207 3718 3279 ἐξαλειφθῆναι

2137 3300 2306 3371 ζητεῖ,
2338 3301 2386 3353 εί
2420 3299 2496 3371 μὴ
2527 3297 2782 3371 κατορθοῖ
2816 3297 2894 3369 τῷ
2926 3298 3093 3369 κοινῷ
3116 3298 3216 3370 τὴν
3248 3298 3616 3370 συγγνώμην;
3650 3300 3717 3352 Ol

2134 3390 2190 3445 st
2213 3390 2307 3445 νῦν
2338 3390 2475 3463 πρὸς
2495 3391 2622 3455 τοὺς
2646 3390 3060 3462 ἁμαρτάνοντας
3087 3390 3517 3462 πικραινόμενοι,
3540 3405 3716 3461 προσ-

2138 3484 2318 3548 ιόντας
2372 3483 2718 3537 ἐλαύνουσιν·
2787 3482 3214 3549 ὑποπίπτοντας,
3276 3482 3714 3555 παρατρέχουσι·

2134 3577 2499 3648 δακρυόντων,
2524 3576 2625 3631 οὐκ
2644 3573 2909 3629 ἐπικλῶσι
2933 3576 2997 3629 τὸ
3030 3575 3341 3647 πρόσωπον.

2205 3842 2272 3896 Τί
2298 3837 2391 3897 οὖν
2411 3844 2439 3896 ὁ
2466 3843 2701 3907 Λουκᾶς,
2741 3841 2941 3914 μᾶλλον
2977 3841 3037 3895 δὲ
3064 3840 3126 3896 τὺ
3146 3840 3374 3912 Πνεῦμα
3414 3841 3588 3910 ἅγιον,
3627 3840 3719 3895 ἀν-

2136 3933 2343 4006 έγραψέ
2376 3950 2466 4006 μοι
2493 3933 2585 3989 τὸν
2609 3934 2723 3988 υίὸν
2758 3934 2850 3987 τὸν
2886 3934 3094 3987 ἄσωτον
3117 3949 3133 3963 ·
3179 3933 3239 3997 ὃς
3264 3932 3560 4003 καθύϐρισε
3615 3933 3715 4003 μὲν

2132 4028 2201 4096 τῇ
2225 4024 2567 4095 ἀναχωρήσει
2601 4021 2795 4097 πρώτῃ
2830 4024 2924 4077 τὸν
2952 4022 3378 4094 γεννησαμενον,
3416 4019 3536 4078 εἶτα
3572 4022 3716 4094 πρὸς

2131 4116 2233 4181 τὰς
2259 4116 2453 4187 ἡδονὰς
2512 4115 2608 4169 καὶ
2639 4114 2811 4186 μέθας
2841 4113 3250 4186 ἐκϐακχευθεὶς,
3289 4115 3385 4170 καὶ
3423 4113 3717 4185 φιλογύνης

2133 4207 2444 4278 γενόμενος,
2489 4207 2667 4261 πάντα
2692 4207 2785 4261 τὸν
2814 4207 3079 4279 πατρικὸν
3129 4205 3363 4261 πλοῦτον
3410 4205 3677 4262 ἐκένωσεν
3695 4250 3711 4272 ,

2146 4298 2365 4371 Ἐπειδὴ
2390 4300 2448 4354 δὲ
2474 4300 2689 4372 χρόνοις
2746 4298 2971 4371 ὕστερον
3002 4298 3204 4362 ἱκανῶς
3226 4298 3714 4369 ἐνταλαιπωρήσας

2133 4395 2247 4457 τοῖς
2308 4391 2550 4463 μόχθοις,
2584 4392 2661 4455 ὡς
2687 4392 2778 4445 καὶ
2838 4389 3088 4463 συϐώτης
3133 4389 3387 4459 γενέσθαι
3423 4389 3711 4462 μισθωτὸς,

448 4485 721 4553 cenarius,
754 4487 964 4553 eodem,
998 4502 1105 4558 quo
1139 4488 1311 4557 porci,
1340 4497 1654 4542 vesceretur
1689 4486 1844 4551 cibo;
1903 4496 2026 4540 tan-

2133 4485 2228 4539 καὶ
2265 4484 2365 4555 τῆς
2395 4483 2565 4553 αὐτῆς
2598 4483 2885 4554 μετασχεῖν
2913 4484 3027 4546 τοῖς
3054 4481 3257 4553 χοίροις
3284 4481 3513 4553 τροφῆς.
3549 4484 3712 4536 ἐπαν-

448 4578 572 4633 dem
598 4579 894 4649 aliquando
915 4580 1244 4649 resipiscens
1269 4595 1392 4637 cum
1432 4580 1500 4635 ad
1550 4580 1781 4651 patriam
1805 4580 2024 4633 domum

450 4670 789 4738 revertisset,
821 4686 928 4726 non
960 4671 1156 4726 avertit
1192 4685 1251 4728 se
1285 4682 1458 4741 pater,
1490 4686 1593 4726 nec
1618 4683 1896 4725 reversum
1929 4683 2027 4724 ex-

447 4761 609 4816 clusit
635 4760 825 4816 tilium.
862 4761 1002 4829 Quin
1028 4765 1190 4817 etiam
1219 4763 1462 4818 occurrit
1486 4763 1700 4819 obviam
1728 4760 2023 4832 appropin-

446 4856 661 4925 quanti,
692 4863 747 4909 et
794 4855 1114 4923 complexus
1147 4869 1293 4919 eum,
1332 4864 1497 4925 atque
1545 4855 1818 4910 iubereris
1863 4852 2026 4920 collo,

449 4947 823 5001 misericordia
853 4948 1459 5018 commotus-laorymas
1502 4944 1659 5008 fudit,
1698 4958 1752 5001 et
1796 4962 1894 5016 pro
1928 4947 2029 4999 mi—

446 5052 569 5091 sero
598 5052 783 5093 rursus
822 5040 1040 5093 beatum
1074 5038 1328 5101 reddidit,
1362 5038 1593 5105 ingenuo
1628 5038 1773 5091 illum
1801 5038 2036 5093 induens

448 5129 794 5195 vestimento,
831 5140 885 5185 et
916 5131 968 5185 in
997 5146 1157 5184 manu
1185 5128 1302 5198 ejus
1325 5128 1584 5183 annulum
1630 5130 1934 5199 imponens,
1966 5144 2030 5185 ac

448 5220 590 5277 diem
627 5222 822 5279 festum
875 5238 1061 5295 agens,
1094 5223 1544 5294 magnificumque
1587 5233 1643 5277 et
1682 5222 2019 5292 splendidum

446 5315 757 5371 convivium
802 5316 1102 5371 celebrans.
1135 5316 1260 5371 lla‘c
1301 5315 1456 5371 nobis
1498 5315 1795 5370 similitudo
1825 5328 2026 5385 propo-

446 5406 549 5461 sita
574 5416 679 5473 est,
723 5416 782 5459 ιιι
829 5406 1271 5475 resipiscentibus
1310 5405 1607 5461 Ecclesiam
1638 5414 1896 5475 tanquam
1930 5407 2027 5459 do-

446 5514 591 5553 mum
646 5507 927 5567 paternam
973 5500 1280 5570 aperiamus
1308 5541 1321 5565 ,
1373 5513 1576 5568 eosque
1623 5500 1931 5552 humaniter
1972 5506 2029 5551 et

444 5590 679 5663 benigne
713 5594 1105 5663 suscipimuns,
1144 5608 1209 5647 ne
1260 5607 1383 5647 cum
1420 5592 1619 5661 porcis,
1672 5590 1725 5644 id
1763 5600 1867 5654 est,
1902 5602 2023 5642 cum

517 5771 687 5825 ‘Luc.
732 5789 853 5839 xm,
888 5771 918 5825 G
948 5787 1064 5841 s-tq.

2132 4576 2265 4649 ἦλθε
2317 4575 2455 4649 πρὸς
2484 4575 2585 4648 τὴν
2623 4575 2897 4648 πατρικὴν
2938 4574 3124 4629 ἑστίαν
3178 4574 3589 4647 σωφρονισθεὶς,
3614 4573 3716 4627 οὐκ

2134 4668 2463 4741 ἀπεστράφη
2494 4669 2523 4720 δ
2549 4666 2753 4739 πατὴρ,
2787 4665 2910 4720 οὐδὲ
2945 4665 3215 4736 ἐπέθηκεν
3243 4664 3392 4735 αύτῷ
3420 4664 3519 4727 τὰς
3544 4662 3717 4734 θύρας

2132 4757 2511 4814 ἐπανελθόντι·
2546 4756 2684 4811 ἀλλὰ
2723 4757 2829 4811 πᾶν
2858 4757 3188 4818 τούναντίον,
3218 4754 3593 4827 προσέδραμεν
3618 4754 3712 4819 ιγ-

2135 4851 2361 4923 γίζοντι.
2393 4851 2487 4904 καὶ
2505 4848 2766 4919 ἐπεκλίθη
2789 4847 2871 4919 τῷ
2898 4847 3177 4919 τραχήλῳ,
3208 4848 3301 4902 καὶ
3347 4846 3578 4917 δάκρυον
3613 4845 3688 4897 ἐπ

2137 4942 2328 5012 έσταξε
2395 4942 2697 5014 συμπαθῶς
2743 4939 2821 5012 τῷ
2869 4941 3091 5012 αὐχένι,
3155 4937 3491 5011 ἐποίησενᾶ
3546 4936 3715 4993 πάλιν

2128 5037 2249 5093 ἀντὶ
2271 5035 2457 5090 ἀθλίου
2495 5032 2853 5106 μακαριστὸν,
2911 5033 3205 5105 ἐλευθερίῳ
3238 5030 3512 5103 ἀμφιέσας
3544 5029 3717 5100 ἐσθῆ-

2127 5147 2202 5195 τι,
2255 5130 2351 5182 καὶ
2400 5126 2687 5181 δακτύλιον
2740 5129 2807 5199 τῇ
2866 5127 3010 5197 χειρὶ
3072 5124 3336 5197 περιθεὶς,
3388 5123 3485 5178 καὶ
3514 5125 3713 5195 ἑορτὴν

2127 5221 2276 5288 ἄγων
2308 5217 2406 5291 τὴν
2435 5217 2669 5289 ἡμέραν,
2702 5217 2796 5271 καὶ
2819 5216 3145 5288 εὐτρεπίσας
3173 5213 3405 5285 εὐωχίαν
3431 5214 3714 5285 λαμπράν.

2124 5309 2309 5364 Ταῦτα
2340 5310 2397 5363 δὲ
2425 5308 2607 5362 πάντα
2640 5308 2798 5376 λόγος
2837 5307 2955 5360 ἐστὶ
2982 5306 3373 5377 παραϐολικδς,
3406 5305 3717 5372 ὑπανοίγων

2124 5404 2201 5468 ὡς
2229 5403 2501 5475 πατρικὴν
2530 5401 2723 5455 ἑστίαν
2783 5399 2881 5473 τὴν
2916 5399 3268 5471 Ἐκκλησίαν,
3303 5401 3400 5455 καὶ
3427 5399 3716 5470 δεχόμενος

2125 5496 2480 5568 φιλοφρόνως,
2509 5495 2595 5548 ἵνα
2618 5494 2694 5564 μὴ
2718 5491 2852 5546 ὦσιν
2880 5490 3175 5562 ὁμοδίαιτοι
3214 5494 3326 5555 τοῖς
3358 5492 3582 5562 χοίροις,
3606 5491 3720 5553 τοῖς

2123 5589 2393 5659 δαίμοσιν,
2419 5588 2683 5656 γένωνται
2739 5585 2796 5639 δὲ
2828 5584 2989 5639 πάλιν
3034 5584 3093 5649 ἐξ
3141 5583 3439 5655 ἀλλοτρίων
3467 5583 3570 5637 υίοί
3592 5595 3605 5610 ·
3630 5582 3722 5636 ἴνα

1148 5770 1167 5801 ⁵
1202 5766 1372 5840 Esud.
1401 5783 1575 5833 xxx”,
1606 5766 1674 5821 52
1706 5781 1830 5837 sqq.
1908 5767 1928 5800 °
1965 5765 2093 5822 Luc.
2135 5764 2222 5830 ιε,
2261 5765 2309 5816 Η
2340 5780 2460 5834 κψι.
