4076 6144
358 398 469 468 365

1180 392 1458 465 HOMILIA
1492 408 1630 463 xm.
1674 380 2118 463 Auamma
2171 408 2257 462 Al)
2289 406 2785 466 mammarum

3527 414 3631 472 566

356 533 443 602 τῷ
470 528 773 601 βουλήματι
823 530 919 583 τοῦ
944 526 1079 583 Θεοῦ
1114 531 1350 596 συζῶσιν
1400 531 1478 595 ὡς
1506 530 1702 604 γνώμῃ
1729 531 1952 602 πατρὸς,

2065 530 2393 586 dmutouibus
2416 533 2577 586 vitam
2611 533 2828 601 degant,
2862 532 2957 587 sed
2988 545 3058 588 ex
3098 531 3289 589 alienis
3321 549 3532 589 rursum
3562 539 3630 594 ad

360 625 458 679 sui
483 625 597 686 τοῖς
628 622 808 690 ἁγίοις
834 618 1115 693 ἀνδράσιν,
1149 620 1222 685 ὡς
1246 622 1517 691 ἀδελφοῖς.
1555 623 1628 676 Σὺ
1657 620 1714 675 δὲ
1744 622 1819 695 μὴ
1851 620 1949 695 ζή-

360 717 455 770 λου
474 716 575 788 τὴν
601 713 831 786 γνώμην
850 713 951 768 τοῦ
976 712 1373 787 ⁴πρεσϐυτέρου,
1408 713 1541 784 μηδὲ
1568 712 1948 783 καταγόγγυζε

362 809 465 878 τῆς
489 807 588 861 τοῦ
620 806 829 877 πατρὸς
861 806 1296 879 φιλανθρωπίας,
1339 807 1423 860 ὅτι
1485 807 1579 861 καί¹
1621 806 1712 861 τὸν
1739 804 1949 861 ἄσωτον

362 901 461 953 καὶ
493 897 757 971 ὑϐριστὴν
777 897 1122 969 είσῳκίσατο.
1153 894 1414 965 Θαύμαζε
1443 894 1641 967 μᾶλλον
1680 893 1781 964 τὴν
1812 892 1950 961 ἀγα-

365 980 588 1064 θότητα,
618 992 713 1044 καὶ
743 989 914 1062 μιμοῦ
944 988 1040 1043 τοῦ
1070 984 1208 1043 Θεοῦ
1232 987 1332 1060 τὴν
1366 987 1676 1059 εὐμένειαν,
1711 984 1949 1050 καὶτοὺς

362 1085 430 1138 ἐκ
459 1083 560 1154 τῆς
592 1082 803 1153 πλάνης
850 1078 1292 1154 ὕποστρέφοντας
1322 1076 1679 1146 ὲναγκαλίζου
1712 1078 1806 1134 καὶ
1850 1093 1950 1130 πει-

364 1177 667 1250 ριπτύσσου
687 1192 703 1207 ·
730 1174 907 1240 οὕτως
937 1162 1187 1246 γὰρ-ἔσῃ
1204 1172 1427 1241 τυφλῶν
1448 1170 1661 1243 όδηγδς,
1689 1171 1785 1225 καὶ
1814 1171 1950 1224 πλα-

363 1270 621 1341 νωμένων
639 1267 981 1330 διδάσκαλοςι

433 1530 578 1602 Πρὸς
617 1529 717 1595 μὲν
750 1525 844 1583 οὗν
874 1529 1001 1592 τοὺς
1028 1527 1401 1600 τραχυτέρους
1435 1529 1535 1599 τὴν
1563 1510 1824 1599 γνώμην,
1855 1513 1952 1583 καὶ

365 1622 462 1692 τὴν
513 1621 820 1692 ὰτωτομίαν
883 1616 989 1693 πρὸ
1043 1621 1143 1692 τῆς
1197 1619 1543 1692 συμπαθείας
1610 1618 1948 1683 ἀσκοῦντας,

369 1714 570 1777 ἱκανῶς
604 1716 738 1784 ἡμῖν
794 1713 1008 1783 εἴρηται
1030 1754 1045 1775 ,
1094 1713 1190 1766 καὶ
1232 1712 1386 1767 οὐδὲν
1440 1711 1523 1765 δεῖ
1564 1711 1916 1784 μακροτέρων
1932 1716 1959 1740 ’⁵

364 1807 529 1860 ἄκουε
548 1806 605 1859 δὲ
630 1802 817 1859 λοιπὸν
845 1805 941 1858 καί¹
966 1807 995 1858 ό
1024 1805 1125 1876 τῆς
1150 1802 1485 1877 ἐπιστροφῆς
1508 1804 1778 1876 δεόμενος,
1800 1805 1951 1867 ὅπως

2058 619 2291 675 illioram
2323 635 2607 676 numerum
2634 621 2873 691 ascripti,
2907 634 2974 676 ex
3015 620 3111 677 Dei
3154 625 3472 695 praescripto
3510 634 3632 680 tan-

2055 726 2216 780 quam
2252 728 2319 767 ex
2358 714 2527 781 patris
2562 713 2829 769 sententia
2864 715 3066 779 vivant,
3090 725 3144 770 et
3183 724 3495 771 sanctorum
3538 716 3633 772 lio-'

2058 805 2286 869 minum,
2321 815 2380 859 ut
2416 806 2647 860 fratrum
2684 807 3079 862 cottsnetudiue
3110 808 3476 878 perfruantur.
3517 806 3631 865 Noli

2058 894 2242 950 fratris
2270 895 2490 963 majoris
2520 905 2646 950 natu
2671 896 2997 951 sententiam
3037 900 3214 966 sequi,
3246 913 3347 953 nec
3372 899 3444 954 ob
3467 900 3637 967 patris

2058 986 2452 1042 humanitatem
2485 987 2774 1058 indignari,
2814 988 2961 1057 quod
2999 988 3388 1059 nequissimum
3443 989 3634 1054 tilium,

2059 1077 2150 1146 qui
2181 1076 2402 1134 familiae
2424 1079 2676 1134 dedecori
2711 1077 2832 1145 fuit,
2872 1080 3190 1149 susceperit.
3228 1079 3322 1136 Dei
3345 1080 3638 1150 benignita-

2064 1178 2170 1225 tem
2200 1174 2383 1241 potius
2427 1180 2482 1228 et
2507 1172 2852 1228 clementiam
2872 1173 3170 1239 admirans,
3193 1175 3413 1243 eos,qui
3434 1168 3636 1247 relictis

2059 1262 2339 1319 erroribus
2381 1264 2448 1318 ad
2507 1262 2718 1335 frugem
2767 1262 2963 1319 bonam
3005 1262 3259 1330 redeunt,
3309 1262 3640 1335 amplectere

2059 1361 2414 1424 amanterque
2442 1354 2583 1410 l‘ove.
2633 1354 2724 1410 Sic
2754 1355 2899 1410 enim
2951 1356 3061 1411 eris
3113 1368 3380 1411 caecorum
3427 1357 3555 1423 dux,
3583 1365 3643 1411 et

2058 1447 2201 1502 viam
2234 1446 2545 1504 errantibus
2565 1448 2982 1505 demoustrabis.

2137 1536 2287 1596 Satis
2332 1539 2499 1597 multa
2543 1541 2612 1595 ad
2651 1550 2768 1607 eos,
2806 1542 2898 1612 qui
2947 1542 3221 1598 severiore
3266 1548 3392 1597 sunt
3434 1542 3637 1610 animo,

2060 1630 2264 1702 quique
2288 1631 2634 1687 acerbitatem
2668 1632 2868 1703 potius,
2896 1647 3060 1703 quam
3091 1632 3365 1690 lenitatem
3396 1642 3451 1691 et
3477 1634 3639 1690 mise-

2062 1722 2349 1779 ricordiam
2381 1733 2656 1779 exercent.
2693 1723 2846 1780 Nunc
2868 1725 2999 1781 mihi
3032 1740 3152 1791 vos,
3182 1725 3378 1795 quibus
3407 1725 3461 1779 in
3495 1726 3637 1782 viam

2062 1814 2394 1870 redeundum
2447 1826 2566 1882 est,
2619 1830 2684 1871 ac
2735 1816 3199 1886 resipiscendum,
3260 1817 3541 1873 attendite.
3581 1818 3638 1873 Si

369 1914 428 1950 σε
469 1899 747 1967 προσῆκεν
778 1893 1199 1963 ὲπιστυγνάζειν
1236 1896 1349 1959 τοῖς
1393 1896 1824 1967 ἁμαρτήμασιν,
1856 1890 1955 1947 καὶ

2065 1906 2222 1962 ruitis
2262 1906 2471 1962 discere
2515 1922 2623 1977 quo
2669 1909 2829 1965 modo
2866 1908 3106 1979 peccatis
3133 1907 3318 1963 dolere
3343 1916 3396 1963 et
3437 1911 3641 1963 errori-

364 1988 434 2042 τὰ
472 1985 900 2059 παραπτώματα
936 1986 1039 2059 τῆς
1081 1987 1306 2060 καρδίας
1350 1987 1714 2060 ἀποθρηνεῖν·
1751 1986 1951 2058 μᾶλλον

363 2077 423 2131 δὲ
442 2118 458 2143 ,
490 2078 540 2131 εί
567 2078 749 2141 δοκεῖ,
787 2078 1061 2147 σκόπησον
1098 2080 1199 2150 τὴν
1234 2077 1561 2150 ἁμαρτωλὸν
1586 2078 1824 2148 γυναῖκα
1852 2077 1953 2150 τὴν

367 2170 521 2243 παρὰ
562 2169 657 2223 τοῦ
695 2169 885 2223 Λουκᾶ
921 2170 1015 2224 ἐπὶ
1063 2170 1160 2223 τοῦ
1209 2170 1475 2242 παρόντος
1512 2166 1953 2239 ἀναγνωσθεῖσαν

368 2264 525 2335 ἡμῖν.
558 2261 838 2333 Κάκείνης
865 2258 929 2314 τὸ
951 2256 1208 2316 ταπεινὸν
1241 2262 1336 2315 καὶ
1364 2254 1653 2316 εὐσύνετω
1684 2261 1948 2332 ζήλωσον,

368 2353 461 2407 καὶ
490 2351 624 2421 λᾴσε
656 2350 891 2414 κανόνας
923 2351 1215 2422 μετανοίας
1240 2346 1649 2423 ἠκριϐωμένης.
1694 2346 1954 2407 Ἐλθοῦσα

368 2445 479 2516 γὰρ
506 2444 599 2498 ἐπὶ
620 2443 713 2497 τὸν
736 2439 888 2497 οἷκον
912 2442 1008 2497 τοῦ
1032 2443 1351 2514 Φαρισαίου,
1372 2440 1498 2496 οὔτε
1526 2442 1588 2495 τδ
1613 2441 1818 2515 πλῆθος
1844 2441 1955 2495 τῶν

370 2535 714 2606 ἑστιωμένων
738 2533 1092 2608 ¹Ιῖρυθρίασεν,
1112 2533 1238 2589 οὔτε
1257 2534 1350 2589 τὸν
1377 2534 1566 2606 καιρὸν
1586 2535 1688 2604 τῆς
1723 2534 1955 2605 εὐωχίας

361 2628 444 2692 ὥς
471 2628 700 2700 ικαιρον
727 2629 808 2692 εις
839 2626 1221 2698 ιξομολόγησιν
1248 2627 1517 2698 ἔφευγεν
1547 2625 1684 2681 ἀλλά
1713 2628 1781 2699 τῇ
1810 2626 1956 2697 λύπη

369 2721 726 2792 συνεχομένη,
776 2719 871 2772 καὶ
905 2718 1136 2790 σφοδρὸν
1167 2717 1366 2789 ἔχουσα
1397 2717 1506 2772 τῶν
1547 2717 1653 2789 πλη
1663 2717 1955 2789 μμελημά-

367 2829 477 2866 των
522 2812 584 2864 τὸ
623 2809 842 2873 πένθος,
892 2809 1014 2862 οὐδδ
1051 2807 1115 2861 τὸ
1159 2807 1500 2880 βραχύτατον
1536 2807 1688 2877 ἠφίει
1723 2807 1816 2860 τὸν
1845 2806 1957 2860 τῶν

367 2903 656 2976 ἁμαρτιῶν
684 2901 889 2974 ἰατρόν.
925 2901 1001 2954 Oti
1039 2900 1148 2973 μὴν
1169 2899 1292 2953 οὐδὲ
1317 2901 1398 2964 είς
1419 2899 1484 2953 τὸ
1512 2898 1805 2971 πρόσωπον
1833 2898 1954 2952 κατ’

366 2995 491 3066 ὖψιν
518 2992 790 3066 ἐρχομένη
820 2992 1061 3046 ἱκέτευεν
1081 3006 1096 3021 ο
1126 2988 1265 3044 ἀλλὰ
1294 2990 1357 3044 τὸ
1387 2989 1605 3056 ἀνάξιον
1634 2990 1834 3063 ἑαυτῆς
1862 2990 1957 3045 καὶ

367 3085 820 3158 ἀπαρρησίαστον
850 3083 941 3137 διὰ
972 3081 1070 3137 τοῦ
1105 3083 1384 3154 σχήματος
1416 3084 1827 3155 ὲρμηνεύουσα,
1858 3082 1960 3155 τὴν

371 3177 518 3233 κατὰ
556 3176 726 3231 νώτου
762 3174 948 3248 χώραν
998 3173 1410 3240 καταλαϐοῦσα,
1456 3175 1552 3227 καὶ
1590 3173 1712 3227 οὐδὲ
1746 3172 1957 3226 ἑστῶσα

370 3268 580 3333 ἁπλῶς,
617 3266 755 3321 ἀλλὰ
792 3265 1024 3319 κατόπιν
1053 3264 1162 3318 τῶν
1198 3263 1374 3317 ποδῶν
1406 3263 1679 3335 λαὸομένη
1704 3304 1720 3328 ,
1754 3263 1965 3316 λύσασα
1992 3259 2034 3316 C

369 3357 432 3413 δὲ
459 3357 561 3421 τὰς
589 3355 766 3427 κόμας
785 3393 801 3418 ,
829 3354 925 3408 καὶ
953 3355 1066 3418 τοῖς
1099 3353 1390 3425 πράγμασι
1425 3352 1828 3424 δημοσιεύουσα
1864 3352 1963 3423 τὴν

376 3448 678 3503 πενθοῦσαν
710 3446 889 3519 ψυχὴν
905 3484 920 3514 ,
952 3448 1046 3501 καὶ
1073 3450 1188 3510 τοῖς
1231 3449 1392 3501 ποσὶν
1420 3445 1513 3500 τοῦ
1562 3446 1735 3516 Ἰησοῦ
1768 3445 1831 3498 τὸ
1870 3445 1963 3499 δά-

374 3556 544 3615 κρυον
571 3540 928 3613 ἐπιρρέουσα,
958 3538 1097 3611 μετὰ
1118 3538 1322 3610 πολλῆς
1347 3539 1448 3610 τῆς
1476 3537 1819 3609 συμπαθείας
1844 3538 1962 3610 ᾔτει

373 3636 468 3689 τὸν
493 3634 675 3688 ἔλεον·
722 3633 818 3687 καὶ
849 3632 1102 3687 τοσοῦτον
1136 3631 1501 3704 προχεομένη,
1529 3630 1671 3685 ὥστε
1705 3631 1798 3685 καὶ
1833 3630 1963 3703 βρέ-

373 3743 493 3798 χειν
525 3726 654 3790 τοὺς
678 3726 868 3790 πόδας,
897 3725 990 3779 καὶ
1012 3726 1082 3796 τῇ
1107 3723 1255 3796 κόμῃ
1287 3722 1452 3778 πάλιν
1483 3723 1832 3796 ὲκμάττουσα
1864 3725 1963 3794 τὴν

374 3819 656 3892 ὑγρότητα
675 3857 691 3882 ,
722 3819 907 3872 πᾶσαν
955 3815 1243 3872 εὐλάϐειαν
1286 3817 1550 3888 ταπεινὴν
1596 3815 1959 3871 ἐπεδείκνυτο.

374 3909 495 3968 Ἵνα
522 3912 583 3967 δὲ
605 3910 841 3966 συνελὼν
863 3911 1023 3977 εῐπω,
1054 3909 1260 3973 πάσαις
1282 3911 1405 3973 ταῖς
1427 3907 1712 3980 αἰσθήσεσι
1735 3908 1827 3961 καί
1851 3909 1963 3970 τοῖς

377 4005 569 4078 μέλεσι
602 4006 714 4068 τοῖς
771 4002 1151 4075 ἡμαρτηκόσιν
1187 4003 1222 4072 ἡ
1251 3999 1388 4072 γυνὴ
1418 3999 1516 4072 τὴν
1561 4000 1849 4071 μετάνοιαν
1878 3997 1964 4063 ἒξ·-

373 4100 559 4153 επόνει
578 4115 592 4129 ·
621 4099 654 4170 ή
688 4096 745 4151 δὲ
767 4095 1005 4169 δημοσία
1037 4096 1133 4149 καὶ
1160 4096 1240 4157 εἰς
1272 4093 1335 4146 τὸ
1367 4092 1610 4163 ἐμφανὲς
1639 4089 1812 4154 οὕτως
1844 4091 1964 4144 ὀδυ-

379 4188 588 4262 ρομένη
629 4189 730 4253 τὰς
763 4188 1075 4260 ἁμαρτίας,
1123 4186 1246 4239 τίνα
1299 4184 1417 4240 κατ’
1453 4182 1585 4238 ἰδίαν
1626 4184 1719 4235 ἐπὶ
1769 4180 1964 4253 σχολῆς

374 4284 668 4356 ἔπραττεν,
700 4281 908 4346 ἔξεστιν
945 4278 1363 4352 τεκμηράμενον
1393 4278 1643 4348 συνορᾷν.
1689 4275 1875 4346 Ἠμῶν
1908 4273 1965 4329 δὲ

376 4376 411 4447 η
441 4375 542 4447 μὲν
567 4373 882 4444 ὑπόσχεσις,
909 4371 1195 4441 μετάνοιαν
1222 4368 1647 4437 ὲπαγγέλλεταν
1679 4369 1713 4438 η
1739 4366 1796 4420 δὲ
1824 4368 1966 4440 πρᾶο

376 4468 490 4535 ξις,
526 4467 677 4521 οὐδὲν
706 4465 962 4520 ἐπίπονον
993 4464 1297 4518 δείκνυσιν
1340 4461 1476 4515 ἀλλὰ
1506 4463 1606 4532 τὴν
1636 4460 1808 4532 αὐτὴν
1842 4459 1965 4531 ἔχοι-

2058 2001 2161 2057 bus
2197 2000 2394 2056 vestris
2431 2000 2791 2071 ingemiscere
2843 2001 3105 2070 debeatis,
3148 1995 3429 2056 mulierem
3486 2002 3641 2057 nobis

2058 2107 2088 2146 ο
2125 2091 2269 2147 Luca
2301 2093 2356 2146 in
2386 2092 2677 2162 prmsentia
2706 2093 3037 2164 descriptam
3083 2094 3451 2149 considerate.
3488 2092 3639 2149 illius

2059 2184 2445 2240 demissionem
2491 2183 2659 2239 animi
2694 2192 2857 2254 atque
2900 2184 3244 2255 prudentiam
3284 2184 3637 2250 aemulamini,

2059 2272 2474 2351 absolutumque
2513 2275 2568 2330 in
2623 2290 2689 2331 ea
2739 2276 2897 2333 nobis
2944 2277 3250 2348 exenipium
3309 2279 3643 2349 pmnitentize

2061 2368 2395 2435 constituite,
2426 2384 2546 2439 qua:
2567 2367 2830 2425 Pharisaei
2858 2371 3078 2427 domum
3108 2371 3353 2443 ingressa
3388 2386 3488 2428 nec
3510 2387 3645 2427 con-

2064 2459 2309 2514 vivarum
2335 2458 2737 2513 multitudinem
2761 2460 2999 2528 erubuit,
3042 2477 3143 2517 nec
3166 2462 3397 2517 convivii
3434 2448 3644 2532 tempus

2063 2551 2438 2620 importunum
2469 2552 2828 2618 existimavit,
2863 2566 2974 2622 quo
3022 2554 3200 2610 minus
3239 2554 3306 2609 ad
3338 2553 3641 2611 confessio-

2063 2657 2186 2698 nem
2226 2641 2584 2714 confuge'ret;
2628 2642 2724 2699 sed
2775 2642 2960 2699 dolore
3027 2642 3245 2710 affecta,
3299 2652 3355 2701 et
3398 2655 3642 2715 peccata,

2063 2748 2186 2806 quae
2236 2735 2609 2801 commiserat,
2653 2734 3006 2790 vehementer
3051 2735 3349 2801 detestata,
3410 2751 3481 2791 ne
3523 2750 3645 2791 mo-

2064 2836 2307 2882 mentum
2345 2827 2562 2898 quidem
2603 2827 2859 2899 temporis
2896 2827 3001 2883 sibi
3044 2827 3492 2898 interponendum
3529 2830 3649 2885 exi-

2064 2919 2327 2985 stimavit,
2366 2934 2474 2991 quo
2527 2919 2706 2976 minus
2748 2920 2932 2975 statim
2965 2919 3034 2976 ad
3076 2930 3421 2989 peccatorum
3476 2921 3649 2976 medi-

2064 3027 2187 3068 cum
2221 3011 2527 3067 accederet.
2562 3009 2673 3068 Nec
2701 3020 2881 3066 tamen
2926 3012 2978 3066 in
3022 3021 3370 3082 conspectum
3400 3012 3517 3082 ejus
3546 3013 3614 3066 ad
3627 3042 3645 3052 -

2064 3103 2292 3158 veniens
2325 3102 2686 3173 supplicabat,
2710 3102 2803 3158 sed
2840 3117 2905 3156 ex
2934 3102 3118 3157 habitu
3152 3118 3210 3159 se
3238 3104 3515 3174 indignam
3547 3118 3648 3173 pu-

2068 3200 2208 3259 tans,
2251 3204 2372 3260 quae
2415 3191 2588 3260 ipsum
2638 3191 3027 3261 alloquerctur,
3075 3207 3104 3245 a
3141 3202 3294 3261 tergo
3339 3193 3515 3247 locum
3552 3208 3647 3247 oc-

2066 3283 2303 3352 cupavit,
2330 3296 2430 3337 nec
2462 3281 2620 3350 plane
2660 3287 2830 3345 stans,
2856 3280 2952 3336 sed
2998 3289 3148 3335 retro
3173 3291 3444 3351 prostrata
3481 3283 3649 3352 pedes

2067 3374 2207 3429 illius
2252 3372 2531 3444 complexa
2580 3380 2681 3438 est,
2723 3370 3023 3440 solutisque
3058 3373 3229 3427 comis
3278 3371 3453 3442 reipsa
3507 3387 3646 3428 mm-

2069 3466 2240 3521 rentis
2289 3464 2453 3519 animi
2489 3462 2828 3519 aliectionem
2865 3462 3208 3530 ostendebat,
3240 3473 3294 3519 et
3319 3461 3451 3519 Jesu
3483 3464 3648 3535 pedes

2067 3558 2320 3630 lacrymis
2364 3557 2565 3627 rigans,
2604 3556 2773 3611 multo
2821 3569 2945 3611 cum
2993 3555 3181 3612 dolore
3214 3556 3647 3613 misericordiam

2066 3648 2390 3720 postulabat.
2432 3646 2663 3701 Tantam
2712 3646 2856 3701 enim
2895 3644 3081 3701 eii‘udit
3119 3645 3226 3702 vim
3256 3646 3644 3721 lacrymarum,

2068 3750 2125 3795 ut
2160 3742 2324 3811 pedes
2371 3740 2490 3811 ejus
2522 3741 2785 3807 ablueret,
2834 3740 3163 3809 eosdemque
3199 3755 3389 3798 rursus
3438 3742 3648 3812 capillis

2066 3831 2427 3902 abstergeret,
2471 3840 2635 3903 atque
2666 3831 2740 3885 ita
2781 3846 2997 3887 omnem
3023 3831 3191 3887 animi
3226 3830 3410 3887 alllicti
3444 3834 3645 3889 demis-

2065 3922 2271 3976 sionem
2301 3922 2621 3977 declararet.
2652 3920 2890 3987 Etenim,
2922 3931 2981 3978 ut
3012 3924 3249 3979 breviter
3281 3925 3462 3979 omnia
3499 3941 3649 3980 cont-

2065 4014 2292 4085 plectar,
2327 4013 2577 4069 sensibus
2609 4023 2664 4068 et
2691 4013 2949 4069 membris
2980 4014 3253 4081 omnibus,
3279 4015 3476 4085 quibus
3529 4033 3662 4087 pec»

2065 4117 2285 4163 caverat
2324 4104 2535 4172 mulier,
2569 4105 2941 4175 paenitentiam
2980 4106 3109 4177 egit.
3156 4104 3426 4172 Quantum
3468 4120 3645 4161 autem

2068 4204 2254 4264 postea
2287 4210 2383 4265 per
2409 4197 2581 4251 otium
2626 4205 2846 4265 peccata
2885 4195 3052 4252 fuerit
3079 4196 3367 4259 detestata,
3397 4210 3517 4265 qua:
3550 4213 3648 4267 pu-

2067 4286 2204 4342 blice
2239 4294 2533 4356 aperteque
2576 4300 2638 4341 ea
2700 4295 2981 4354 tantopere
3026 4286 3180 4351 luxit,
3225 4284 3646 4355 conjicientibus

2067 4377 2196 4433 licet
2250 4375 2570 4445 intelligere.
2616 4375 2726 4431 Nos
2777 4384 2956 4430 autem
3002 4374 3180 4431 verbis
3221 4376 3435 4445 quidem
3476 4377 3652 4447 pretii-

2070 4458 2292 4523 téntiam
2349 4467 2686 4537 pollicemur,
2729 4465 2885 4519 l‘actis
2923 4478 3053 4520 vero
3096 4464 3232 4520 nihil
3276 4465 3437 4521 studii
3503 4466 3651 4522 laho~

379 4577 482 4632 μεν
515 4558 612 4613 τοῦ
647 4557 762 4629 βίου
797 4558 1166 4621 κατάστασιν,
1196 4557 1263 4626 ἦν
1302 4555 1394 4607 καὶ
1424 4553 1530 4626 πρὸ
1557 4553 1658 4624 τῆς
1692 4553 1966 4624 ἁμαρτίας

2075 4561 2259 4631 risque
2285 4569 2627 4631 prastamus,
2653 4556 2747 4613 sed
2780 4557 2969 4612 eadem
3003 4555 3218 4612 vivendi
3254 4557 3650 4612 consuetudine

376 4650 621 4723 εἴχομεν.
655 4649 957 4722 Φαιδρότης
985 4647 1094 4720 γὰρ
1117 4647 1280 4719 ὁμοία
1312 4647 1406 4700 καὶ
1435 4646 1598 4717 ἐσθὴς
1624 4647 1659 4716 ή
1689 4644 1848 4717 αὐτὴ,
1874 4644 1968 4699 καὶ

2076 4652 2297 4717 utimur,
2346 4664 2453 4719 qua
2496 4651 2672 4720 prius,
2720 4663 2882 4720 quam
2930 4658 3150 4717 peccata
3194 4647 3501 4703 confitendo
3558 4647 3653 4704 de-

377 4742 661 4817 τραπέζης
692 4742 991 4806 ἀπόλαυσις
1014 4739 1265 4811 δαψιλὴς,
1293 4740 1388 4793 καὶ
1426 4737 1592 4803 limo;
1627 4738 1838 4810 μακρὸς
1872 4736 1968 4791 καί⁵

377 4835 671 4905 λελυμένος
694 4837 773 4900 εἰς
795 4834 956 4907 κόρον
978 4849 993 4862 ·
1018 4832 1266 4905 ἀσχολίαι
1286 4831 1345 4886 δὲ
1371 4832 1465 4886 καὶ
1492 4830 1772 4903 φροντίδες
1799 4827 1967 4882 ἑπάλο

378 4928 553 5002 ληλοι,
583 4927 756 4999 λήθην
786 4924 1115 4999 ἐμποιοῦσαι
1145 4926 1210 4998 τῇ
1237 4924 1383 4995 ψυχῇ
1410 4922 1508 4997 τῆς
1535 4922 1742 4986 οἰκείας
1773 4923 1967 4993 impe-

381 5020 530 5086 λείας
550 5038 565 5052 ·
598 5020 760 5093 μόνον
804 5018 862 5073 δὲ
892 5014 954 5071 τδ
985 5016 1157 5089 ὄνομα
1197 5017 1297 5088 τῆς
1343 5014 1631 5088 μετανοίας
1662 5013 1968 5085 ἐπιγραφό-

385 5111 524 5189 μεθα
556 5115 806 5188 ἄκαρπόν
837 5130 897 5167 τε
931 5113 1027 5167 καὶ
1051 5110 1412 5183 ἅνενέργητον
1435 5125 1450 5139 °
1481 5106 1591 5161 τῶν
1632 5106 1732 5178 μὲν
1764 5123 1971 5178 μυστη-

383 5210 516 5283 ρίων
558 5209 787 5271 ἑαυτοὺς
837 5203 1165 5278 χωρίζοντες
1231 5203 1324 5257 καὶ
1375 5200 1476 5273 τῆς
1523 5199 1807 5262 κοινωνίας
1863 5198 1971 5252 τῶν

380 5302 713 5374 ἀπορρήτων
756 5298 1155 5369 ἁγιασμάτων,
1206 5294 1464 5366 οὐδεμίαν
1507 5292 1566 5346 δὲ
1609 5291 1841 5363 σπουδὴν
1873 5293 1973 5362 τῆς

381 5394 720 5466 extergeor];
741 5394 840 5464 τῆς
869 5391 1006 5462 πρὸς
1036 5387 1177 5444 αὐτὰ
1210 5386 1546 5457 ποιούμενοι,
1576 5383 1693 5436 ἀλλ’
1727 5381 1802 5447 ὼς
1833 5380 1973 5435 εὐώ-

368 5504 471 5555 ηνου
532 5482 1002 5557 καταφρονοῦντες
1054 5480 1155 5552 τῆς
1212 5477 1587 5541 ἀπολαύσεως.
1660 5475 1970 5545 Ἐννόησον,

378 5577 659 5650 ἄνθρωπε,
686 5575 932 5649 πηλίκων
961 5573 1280 5644 ἀξιούμενος
1304 5567 1610 5642 ἔχωρίσθης
1640 5568 1740 5639 τῆς
1776 5583 1970 5638 μετου-

381 5670 505 5734 σίας
532 5669 777 5723 ὲκείνων.
806 5667 869 5722 Εἰ
901 5666 1188 5739 βασιλικῆς
1216 5669 1281 5720 συ
1308 5664 1589 5739 τραπέζης
1612 5662 1855 5734 μετέχων
1881 5656 1967 5735 ᾖς,

381 5756 503 5812 εἶτα
546 5756 932 5830 προσκρούσας
979 5757 1078 5828 τῆς
1113 5756 1279 5827 τιμῆς
1307 5753 1654 5827 ἀπερρίφης,
1686 5752 1867 5807 πόσων
1903 5751 1969 5805 ἂν

381 5849 642 5922 ἑξωνήσω
665 5849 963 5926 χρημάτων
991 5849 1050 5903 τδ
1078 5847 1238 5903 πάλιν
1265 5845 1518 5916 γενέσθαι
1546 5845 1697 5915 φίλος
1726 5844 1818 5898 καὶ
1841 5844 1969 5915 ὀμο-

2074 4750 2426 4805 testaremur,
2469 4740 2772 4796 utebamur.
2823 4738 3027 4794 Eadem
3085 4739 3137 4817 in
3180 4737 3327 4793 vuitu
3380 4738 3650 4803 hilaritas,

2071 4830 2213 4886 idem
2267 4830 2320 4884 in
2367 4829 2611 4900 corporis
2639 4829 2784 4884 cultu
2832 4829 3087 4897 victuque
3130 4827 3404 4899 splendor.
3446 4827 3652 4884 Somno

2072 4922 2138 4979 ad
2165 4924 2471 4980 satietatem
2501 4933 2674 4993 usque
2717 4921 3076 4993 indulgemus,
3111 4921 3345 4991 negotiis
3395 4932 3452 4977 et
3494 4937 3653 4978 occu-

2069 5015 2379 5086 pationibus
2430 5014 2613 5070 animo
2640 5013 2942 5070 sedulitatis
2968 5012 3296 5069 oblivionem
3353 5013 3650 5078 injicimus,

2070 5107 2406 5183 pmuilentim
2451 5122 2648 5162 nomen
2691 5110 2850 5161 inane
2902 5105 3190 5169 duntaxat,
3240 5113 3295 5160 et
3345 5104 3509 5161 nullis
3553 5120 3655 5160 ex-

2072 5211 2323 5270 pressum
2367 5197 2526 5253 iactis
2582 5198 2898 5252 retinemus.
2924 5193 2965 5248 Α
3012 5193 3287 5265 mysteriis
3317 5195 3533 5266 quidem
3566 5209 3655 5249 ar-

2071 5302 2443 5359 canorumque
2513 5288 2899 5344 communione
2975 5297 3438 5343 sacramentorum
3497 5288 3655 5356 culpa

2072 5388 2258 5435 nostra
2306 5379 2608 5435 decidimus
2670 5388 2726 5435 et
2772 5393 3109 5449 separamur,
3161 5395 3263 5437 nec
3309 5389 3488 5435 tamen
3538 5387 3656 5432 stu—

2071 5473 2218 5527 dium
2269 5486 2334 5528 ac
2372 5471 2705 5543 diligentiam
2762 5472 3107 5539 adhibemus,
3135 5483 3194 5527 ut
3219 5474 3285 5528 ad
3331 5486 3393 5526 es
3429 5470 3654 5525 fruenda

2072 5573 2433 5633 revertamur,
2463 5563 2557 5621 sed
2591 5574 2650 5619 ut
2684 5564 2831 5633 vilia,
2857 5574 2910 5622 et
2940 5580 3062 5637 quae
3098 5580 3267 5636 parvo
3307 5563 3482 5632 pretio
3515 5561 3656 5614 redi-

2070 5658 2140 5712 mi
2187 5658 2427 5725 possint,
2475 5657 2901 5714 contemnimus.
2948 5657 3276 5721 Considera,
3321 5654 3503 5717 homo,
3550 5667 3657 5721 qua

2077 5751 2338 5821 dignitate
2381 5740 2495 5820 jam
2539 5762 2765 5807 ornatus
2812 5751 3008 5815 fueris,
3036 5764 3180 5823 nunc
3225 5757 3403 5802 autem
3446 5764 3653 5802 careas.

2078 5839 2133 5895 Si
2179 5842 2338 5912 regia:
2373 5855 2572 5896 mensa:
2602 5841 2874 5911 particeps
2918 5842 2985 5897 ab
3015 5855 3080 5896 eo
3117 5840 3321 5895 honore
3350 5840 3418 5895 ob
3447 5841 3655 5894 crimen
