4062 6150
310 1144 319 1153 ’
399 1143 553 1200 Nunc
591 1148 769 1201 autem
810 1145 904 1217 qui
945 1145 1224 1215 sejunctas
1267 1151 1350 1201 est
1387 1145 1456 1199 ab
1487 1142 1728 1198 amicitia
1771 1142 1890 1209 Dei,
1921 1152 1977 1198 et

400 387 505 443 36'!
1672 388 1728 446 S.
1772 387 2048 447 ASTERII
2085 386 2387 448 AMASENI
3554 385 3660 449 388

402 502 620 571 aliquod
640 501 936 557 excidisse:
958 507 1210 571 quantam
1227 500 1467 572 pecuniae
1482 501 1589 556 vim
1615 501 1979 573 impenderes,

2082 503 2386 577 τράπεζος;
2428 504 2600 559 Τίνων
2631 504 2689 558 δὲ
2731 498 2901 578 θύρας
2940 500 3037 559 οὐκ
3074 500 3140 559 ἀν
3191 503 3491 576 διώχλησας
3541 507 3658 561 [κι-

402 604 460 648 ιιι
481 592 533 649 in
557 594 697 666 regis
712 595 941 665 gratiam
963 595 1190 662 redires,
1207 602 1266 648 ut
1279 593 1537 650 honorem
1553 593 1835 663 pristinum
1852 595 1982 648 redi-

2088 597 2261 651 τεύων
2283 636 2298 660 ,
2343 596 2734 669 ἀπορούμενος,
2776 597 2996 662 στένων,
3031 596 3262 652 ἀϐίωτον
3291 596 3527 668 νομίζων
3567 596 3660 651 τον

403 686 611 742 meres?
628 684 866 753 Quorum
885 695 1062 743 autem
1082 687 1223 743 fores
1250 682 1497 756 supplex,
1512 684 1787 751 haesitans,
1807 685 1982 741 dolens

2090 690 2224 761 βίον,
2258 693 2323 763 τῇ
2350 691 2505 763 τήξει
2535 693 2626 746 καὶ
2672 692 2850 762 σχέσει
2890 692 2983 746 τοῦ
3031 691 3325 764 προσώπου
3361 691 3463 762 τῆς
3493 692 3552 744 ἐν
3582 690 3662 755 τῷ

406 778 801 846 frequentarcs?
820 777 993 833 Vitam
1016 775 1256 848 profecto
1294 777 1462 847 ipsam
1484 774 1582 831 tibi
1608 775 1855 831 acerbam
1886 778 1982 831 du«

2087 782 2240 854 βάθει
2268 782 2445 854 λύπης
2471 784 2569 856 τὴν
2603 783 2796 855 ὀδύνην
2828 783 3135 855 ἐμφαίνων
3183 783 3363 838 πάντα
3388 781 3556 848 λίθον,
3598 781 3664 835 τὸ

403 883 574 934 ceres,
596 871 867 939 squalore,
887 873 1121 941 etluctu,
1144 877 1199 925 et
1213 868 1390 924 vultus
1407 867 1733 925 demissione
1745 867 1982 923 dolorem

2083 875 2176 929 τοῦ
2207 875 2364 946 λόγου
2383 916 2398 940 ,
2441 875 2607 931 κινῶν
2627 916 2641 941 ,
2693 877 2887 949 μέχρις
2923 870 2985 930 οὗ
3021 875 3204 946 σαυτῷ
3246 875 3344 947 τὴν
3374 873 3662 945 συμφορὰν

402 963 566 1017 animi
590 971 772 1033 praete
798 963 968 1020 terres
993 981 1006 1018 :
1034 977 1250 1019 omnem
1283 961 1538 1032 denique,
1571 969 1632 1015 ut
1658 961 1830 1026 aiunt,
1862 976 1978 1015 mo.

2082 967 2514 1039 ἐπηνώρθωσας;
2559 969 2620 1022 '0
2644 967 2699 1021 δὲ
2730 970 2830 1038 τῆς
2862 966 2999 1039 πρὸς
3029 965 3161 1019 Θεὸν
3192 962 3521 1028 οἰκειώσεως
3546 981 3659 1037 χω·

402 1068 557 1109 veres
607 1054 858 1125 lapidem,
907 1063 970 1109 ut
1007 1057 1074 1110 ab
1106 1068 1168 1110 ea
1229 1063 1281 1110 te
1336 1052 1645 1108 calamitate
1696 1050 1975 1108 liberares.

2082 1058 2313 1131 ρισθεὶς,
2368 1060 2465 1114 καὶ
2504 1059 2607 1130 τῆς
2653 1059 2821 1123 ὅντως
2845 1058 3054 1129 ὑψηλῆς
3090 1058 3256 1129 τιμῆς
3291 1055 3573 1121 ἐκπεσὼν,
3604 1056 3659 1110 τί

2082 1150 2223 1222 μέγα
2252 1150 2347 1205 καὶ
2379 1149 2657 1220 ἀξιόλογον
2685 1152 2916 1224 ποιήσας
2939 1150 3121 1221 ψυχῆς
3146 1151 3539 1222 κεκακωμένης
3567 1152 3656 1205 ἐν-

400 1249 526 1293 vere
582 1236 864 1292 sublimem
921 1236 1067 1291 illam
1133 1236 1453 1306 dignitatem
1519 1234 1745 1299 amisit,
1816 1248 1979 1303 quem

400 1326 637 1383 laborem
709 1329 995 1398 impendit,
1045 1328 1189 1400 quod
1250 1328 1485 1383 studium
1550 1325 1791 1391 adhibet,
1848 1326 1981 1395 quid

397 1418 656 1473 eximium
690 1420 848 1489 gerit,
896 1434 1003 1487 quo
1044 1418 1338 1474 demissum
1403 1429 1567 1487 atque
1603 1415 1885 1483 humilem,
1921 1427 1978 1471 et

401 1509 657 1566 aﬂlictum
699 1513 937 1566 animum
982 1513 1231 1568 ostendat
1261 1512 1457 1568 suum?
1484 1509 1596 1565 Non
1622 1518 1707 1565 est
1742 1523 1976 1565 consen—

2077 1237 2317 1309 δείξηται
2356 1239 2749 1311 ταπεινότητα;
2789 1240 2900 1293 Οὐκ
2949 1239 3096 1292 ἐστιν
3142 1239 3436 1293 ἀκόλουθον
3483 1243 3660 1295 νοσεῖν

2077 1327 2306 1398 λέγοντα
2341 1329 2442 1401 τὴν
2471 1328 2640 1400 αὐτὴν
2674 1326 2819 1400 ζωὴν
2869 1328 3111 1401 μετιέναι
3149 1330 3261 1391 τοῖς
3301 1328 3655 1398 ὑγιαίνουσιν.

2083 1417 2249 1490 ’Ἄλλη
2277 1418 2389 1491 γὰρ
2417 1418 2593 1472 δίαιτα
2621 1417 2716 1471 τοῦ
2761 1415 3065 1489 ἀρρώστου,
3090 1416 3186 1470 καὶ
3211 1415 3396 1486 ἕτερος
3423 1414 3536 1485 βίος
3563 1415 3659 1469 τοῦ

2078 1509 2433 1580 ὑγιαίνοντος.

402 1611 640 1667 taneum,
688 1610 746 1655 ut
796 1602 888 1672 qui
939 1615 999 1657 se
1046 1609 1309 1672 aegrotare
1355 1600 1666 1666 conﬁtetur,
1732 1598 1923 1655 eadem
1980 1599 2157 1656 victus
2191 1601 2402 1656 ratione
2452 1607 2654 1665 utatur,
2709 1612 2813 1668 qua
2856 1605 3080 1652 utuntur
3127 1597 3223 1660 illi,
3273 1598 3364 1668 qui
3402 1609 3657 1670 prospera

401 1703 529 1748 sunt
554 1693 881 1750 valetudine.
913 1692 1069 1748 Alius
1087 1693 1231 1748 enim
1261 1693 1597 1763 agrotantis,
1622 1691 1764 1749 alius
1793 1689 2020 1745 valentis
2040 1701 2125 1745 est
2156 1690 2367 1744 vivendi
2399 1688 2609 1744 modus.

470 1783 659 1867 Nonne
690 1784 841 1840 vides
888 1793 1091 1855 quanta
1121 1786 1192 1839 sit
1222 1786 1364 1862 inter
1395 1793 1742 1855 aegrotantem
1797 1784 1979 1839 valen-
2013 1791 2054 1845 Β

401 1885 614 1945 temque
650 1874 957 1931 dili'erentia
1003 1890 1167 1932 sensu
1212 1876 1504 1946 percepta?
1536 1875 1630 1931 Ille
1671 1892 1769 1947 pro
1833 1876 1979 1938 arbi-

399 1976 544 2021 tratu
594 1981 692 2021 suo
750 1968 919 2035 vivit,
960 1981 1282 2039 quocunque
1335 1967 1449 2023 vult
1506 1968 1886 2039 proﬁciscitur,
1925 1977 1980 2022 et

398 2060 546 2113 omni
577 2057 752 2113 olllcio
798 2068 854 2115 et
895 2073 1120 2114 munere
1165 2059 1335 2115 libere
1374 2059 1646 2130 fungitur:
1672 2060 1762 2115 hic
1797 2069 1979 2116 autem

400 2143 452 2197 in
487 2155 718 2215 angusto
748 2146 898 2214 jacet
942 2147 1213 2215 cubiculo,
1255 2147 1442 2216 procul
1475 2148 1549 2203 ab
1574 2149 1815 2204 omnium
1846 2163 1979 2204 con-

398 2236 685 2291 suetudine
753 2237 1112 2307 omnibusque
1158 2237 1390 2306 negotiis
1434 2246 1695 2294 remotus.
1718 2238 1977 2310 Agriculc

401 2339 575 2382 turam
609 2326 835 2394 omittit,
874 2329 1001 2384 licet
1045 2327 1190 2385 illius
1238 2336 1398 2384 antea
1450 2337 1598 2385 esset
1644 2308 1981 2385 stddiosissi-

400 2434 537 2474 mus.
571 2418 923 2475 Cumulandae
961 2422 1205 2491 pecuniae
1250 2436 1436 2478 curam
1490 2420 1698 2491 abiicit,
1734 2421 1980 2490 quamvis

400 2509 464 2563 ad
496 2524 609 2563 rem
648 2510 723 2565 uti
772 2519 1043 2566 mercator
1076 2510 1185 2580 jam
1234 2521 1382 2567 esset
1411 2512 1687 2567 attentior.
1714 2509 1816 2579 Qui
1859 2526 1983 2567 con-

397 2600 555 2656 viviis
601 2590 728 2656 Olim
780 2601 1080 2672 magniﬁcis
1129 2611 1181 2659 et
1220 2602 1535 2674 sybariticis
1585 2602 1978 2668 delectabatur,

398 2704 534 2760 aqua
584 2705 726 2746 nunc
767 2700 823 2747 et
867 2692 1023 2763 panis
1065 2691 1297 2748 frustulo
1342 2695 1601 2760 vescitur,
1648 2710 1752 2751 non
1796 2695 1980 2751 liberis

402 2784 727 2848 oblectatur,
768 2799 872 2838 non
906 2784 1093 2839 uxoris
1122 2785 1295 2839 utitur
1321 2787 1749 2853 consuetudine;
1781 2788 1857 2843 illi
1893 2788 1980 2844 die

401 2885 668 2944 noctuque
716 2889 801 2930 res
850 2884 932 2931 est
966 2889 1089 2930 cum
1137 2876 1383 2942 medicis,
1421 2890 1555 2947 quos
1604 2877 1814 2947 magnis
1843 2895 1981 2947 prte-

403 2967 523 3021 miis
579 2970 828 3027 accersit,
882 2975 940 3021 ut
987 2981 1174 3020 eorum
1214 2981 1380 3036 opera
1434 2967 1793 3023 convalescat.
1831 2967 1976 3037 Haec,

400 3056 491 3124 qui
537 3057 781 3125 corporis
833 3057 1020 3110 morbo
1062 3056 1288 3112 laborat.
1347 3055 1427 3112 Tu
1490 3072 1617 3113 vero
1661 3059 1815 3128 cujus
1869 3060 1979 3114 ani-

2159 1784 2320 1856 Ὁρᾷς
2348 1783 2449 1854 ὅση
2490 1782 2638 1836 ἐστὶν
2672 1782 2705 1853 ή
2737 1781 2831 1835 τοῦ
2872 1782 3205 1851 ὑγιαίνοντος
3235 1781 3524 1853 μεταϐολὴ.
3555 1780 3658 1851 τῆς

2076 1874 2174 1929 τοῦ
2195 1873 2548 1938 ἀσθενοῦντος
2576 1873 2898 1946 μεταϐολῆς,
2921 1872 3022 1943 τῆς
3050 1872 3191 1927 κατὰ
3215 1873 3312 1943 τήν
3340 1872 3452 1940 ἕξιν
3476 1872 3659 1927 αἰσθό-

2082 1984 2274 2039 μενος;
2308 1968 2395 2020 Ἐν
2416 1966 2672 2038 δωματίῳ
2700 1964 2881 2037 μικρῷ
2924 1966 3263 2028 κατάκειται,
3304 1966 3485 2035 πάσης
3528 1979 3656 2017 συν-

2080 2057 2241 2129 ήθους
2285 2057 2647 2128 ἀναχωρήσας
2676 2053 2955 2125 φροντίδος
2975 2069 2989 2085 ο
3032 2053 3224 2125 ἀμελεῖ
3252 2052 3523 2125 γεωργίας
3565 2052 3658 2106 καὶ

2082 2150 2287 2222 σφόδρα
2322 2148 2626 2220 γεωργικὸς
2666 2147 2928 2217 ὑπάρχων
2948 2164 2961 2178 ·
3006 2147 3199 2216 ἀφίησι
3236 2143 3464 2200 πλούτου
3500 2143 3659 2216 μέρι-

2083 2259 2242 2313 μναν,
2274 2244 2304 2295 ό
2344 2239 2727 2312 χρηματιστὴς
2773 2238 2868 2291 καὶ
2920 2237 3273 2309 φιλέμπορος.
3315 2237 3510 2291 ’Υδατι
3561 2234 3657 2289 κα)⁸

2079 2332 2257 2404 ψωμῷ
2291 2332 2668 2405 διατρέφεται,
2701 2335 2751 2386 εί
2781 2333 2876 2387 καὶ
2913 2331 3178 2403 πρότερον
3218 2329 3429 2402 τρυφῆς
3456 2328 3657 2399 γέμου-

2082 2441 2181 2479 σαν
2213 2424 2309 2478 καὶ
2334 2424 2699 2495 Συὸαριτικὴν
2746 2420 3072 2495 παρετίθετο
3117 2419 3394 2490 τράπεζαν
3415 2438 3429 2452 ·
3466 2416 3654 2472 παισὶν

2080 2517 2181 2570 οὐκ
2222 2514 2643 2587 ἐπευφραίνεται
2674 2513 2743 2568 τὰ
2781 2513 2985 2586 συνήθη
3007 2555 3021 2577 ,
3062 2512 3310 2583 γαμετῆς
3344 2509 3655 2582 χωρισθείς⁸

2081 2608 2193 2670 τοῖς
2239 2608 2439 2679 ἰατροῖς
2477 2604 2721 2658 σύνεστιν
2761 2603 2977 2674 νύκτωρ
3023 2619 3083 2654 τε
3134 2602 3228 2655 καὶ
3265 2599 3382 2671 μεθ’
3423 2599 3655 2670 ἡμέραν,

2082 2699 2177 2755 καὶ
2212 2699 2426 2761 πολλοῖς
2462 2696 2671 2768 μισθοῖς
2710 2695 2849 2769 πρὸς
2890 2692 3171 2764 ἀγαπητὸν
3199 2691 3389 2760 κέρδος
3438 2690 3659 2745 σπεύδει

2081 2791 2179 2863 τὴν
2216 2790 2423 2858 ὑγείαν.
2460 2787 2648 2842 Ταῦτα
2678 2790 2705 2840 ὁ
2745 2787 2838 2840 τοῦ
2873 2785 3123 2856 σώματος
3170 2784 3469 2854 ἄρρωστος.
3514 2781 3571 2835 ’0
3598 2782 3657 2835 δέ

2079 2881 2179 2953 τὴν
2202 2880 2378 2957 ψυχὴν
2419 2879 2602 2942 κακῶς
2635 2877 2977 2947 διακείμενος
3015 2873 3112 2928 τὸν
3162 2871 3450 2944 ἀσώματον
3498 2888 3656 2943 περι-

2082 2975 2365 3044 νοστήσας,
2403 2969 2681 3042 τῴίατρῷ
2721 2971 2815 3023 καὶ
2845 2966 3228 3041 προσπιητῶς
3259 2963 3533 3035 ὁμολογῶν
3562 2964 3660 3017 καὶ

2081 3062 2294 3126 δεικνὺς
2325 3061 2421 3132 τὴν
2453 3061 2736 3115 ἀσθένειαν
2757 3102 2770 3124 ,
2808 3057 3240 3128 καταλιμπάνεις
3269 3053 3526 3126 νέμεσθαι
3559 3054 3661 3108 καὶ

403 3162 523 3201 mus
549 3161 690 3217 a'ger
712 3157 814 3213 est,
850 3163 946 3203 cur
972 3164 1076 3202 non
1114 3150 1181 3202 ad
1218 3148 1483 3204 medicum
1519 3149 1823 3207 animorum
1854 3167 1977 3223 pro-

2083 3151 2424 3224 σφακελὶζειν
2446 3153 2505 3207 τὸ
2533 3152 2701 3215 πάθος
2722 3192 2737 3213 ,
2771 3151 2858 3205 ἵνα
2898 3149 3033 3222 πρὸς
3062 3149 3153 3202 τὸν
3191 3147 3310 3200 ὅλον
3351 3145 3512 3214 ὄγκον
3539 3144 3660 3199 δια-

402 3239 593 3308 peras?
642 3254 738 3293 cur
788 3255 892 3294 non
959 3241 1006 3294 ei
1057 3239 1367 3296 conﬁtendo
1426 3240 1671 3296 morbum
1739 3242 1977 3310 ostendis

2082 3245 2246 3318 χεθῇ;
2297 3244 2455 3299 Ἀλλά
2498 3245 2845 3316 σωφρόνησον
2870 3283 2884 3307 ,
2912 3241 3080 3311 γνῶθι
3118 3239 3333 3293 σαυτόν.
3360 3238 3492 3292 Θεὸν
3534 3236 3657 3292 ἐλύ-

404 3329 595 3386 tuum?
624 3328 760 3397 Quid
801 3331 1022 3400 pateris,
1061 3341 1118 3385 ut
1162 3332 1501 3401 depascatur,
1546 3339 1603 3384 ut
1648 3343 1887 3402 superet,
1923 3341 1980 3388 ut

2082 3356 2283 3412 πησας·
2310 3339 2399 3392 τὴν
2431 3337 2759 3409 δημιουργόν
2782 3353 2874 3389 σου
2908 3332 3284 3405 παρὼργισας.
3318 3331 3408 3384 τὸν
3432 3330 3525 3385 καὶ
3555 3329 3659 3399 τῆς

403 3418 807 3477 inilammetur?
850 3421 1088 3476 Tandem
1129 3422 1417 3491 aliquando
1478 3423 1775 3493 resipisce,~
1798 3439 1861 3479 ac
1899 3434 1980 3481 te-

2082 3432 2360 3504 παρούσης
2381 3431 2526 3501 ζωῆς
2556 3430 2653 3501 τὴν
2684 3428 2929 3493 ἐξουσίαν
2953 3427 3161 3497 ἔχοντα,
3194 3424 3288 3477 καὶ
3308 3421 3406 3493 τῆς
3439 3418 3661 3492 μελλού-

405 3512 578 3582 ipsum
625 3526 824 3576 nosce;
857 3510 1023 3565 Deum
1074 3508 1358 3575 oil‘endiSti,
1393 3522 1792 3582 procreatorem
1831 3525 1979 3570 tuum

410 3603 658 3666 irritasti,
690 3617 834 3669 eum,
862 3601 953 3670 qui
981 3610 1035 3656 et
1068 3604 1350 3672 praesentis
1375 3604 1500 3659 vitae
1522 3613 1841 3674 putcstatcm
1878 3606 1979 3660 ha-

410 3694 525 3757 bet,
556 3700 609 3745 et
640 3692 832 3745 futura:
885 3689 1146 3746 Dominus
1181 3705 1245 3745 ac
1285 3691 1451 3760 judex
1495 3701 1600 3752 est.
1636 3694 1852 3751 Deliciis
1898 3695 1982 3751 in-

403 3784 627 3855 dulgens
666 3783 717 3838 in
761 3783 1006 3837 morbum
1049 3782 1302 3854 delapsus
1328 3784 1430 3840 es?
1458 3800 1581 3841 eum
1618 3786 1795 3844 inedia
1822 3799 1876 3845 et
1896 3788 1981 3860 je-

399 3882 569 3953 juniis
604 3896 755 3936 cura.
787 3881 1012 3938 Animus
1038 3879 1250 3937 laborat
1277 3882 1669 3941 incontinentia
1688 3886 1712 3941 ‘l
1731 3887 1984 3943 adhibes.

400 3989 494 4031 tur
525 3975 896 4044 temperantia:
913 3978 1391 4035 medicamentum.
1418 3976 1698 4049 Multiplici
1724 3995 1788 4035 ac
1816 3980 1980 4035 nimia

403 4064 644 4137 pecunia
675 4066 967 4136 cupiditate
990 4067 1045 4123 in
1075 4067 1266 4124 febrim
1297 4067 1462 4124 animi
1492 4068 1761 4124 incidisti?
1782 4070 1979 4125 libera-

405 4157 554 4215 litate
592 4169 646 4214 et
686 4158 1027 4230 eleemosyna
1070 4160 1388 4232 depellatur.
1437 4158 1566 4215 Hac
1610 4160 1754 4215 enim
1797 4168 1882 4215 est
1911 4162 1985 4216 ni-

405 4248 570 4304 mium
609 4249 834 4319 expletas
869 4249 1065 4306 mentis
1104 4252 1335 4308 curatio.
1364 4248 1530 4306 Laesit
1557 4260 1608 4305 te
1639 4266 1820 4307 rerum
1851 4252 1983 4306 alie-

406 4355 598 4398 narum
642 4342 917 4412 direptio?
971 4358 1091 4413 quae
1121 4351 1274 4414 rapta
1321 4353 1471 4413 sunt,
1510 4344 1578 4400 ad
1610 4345 1856 4415 proprios
1881 4345 1979 4400 do-

415 4434 590 4489 minos
642 4443 1019 4490 revertantur.
1068 4432 1404 4489 Mendacium
1460 4443 1513 4490 te
1554 4434 1799 4505 proxime
1827 4434 1981 4490 duxit

406 4525 472 4580 ad
497 4526 769 4583 interitum
789 4527 808 4599 (
819 4525 1010 4581 Perdet
1033 4526 1199 4592 enim,
1223 4525 1416 4597 inquit,
1430 4542 1619 4599 omnes
1636 4529 1730 4597 qui
1750 4525 1975 4596 loquun-

403 4635 493 4679 ιιιτ
534 4621 866 4676 mendacium
882 4619 951 4691 ");
981 4604 1224 4674 veritatis
1271 4618 1450 4674 studio
1482 4617 1780 4688 periculum
1821 4620 1982 4674 evite—

409 4723 518 4766 tur.
560 4707 924 4780 Jurisjurandi
974 4707 1195 4763 violatio
1242 4707 1526 4764 sublimem
1562 4706 1841 4762 Zachariae
1886 4706 1979 4761 lilii

407 4799 642 4855 securim
700 4797 916 4855 sustulit
959 4812 1056 4869 per
1109 4812 1237 4852 aera
1293 4796 1611 4851 volitantem
1663 4811 1726 4851 ac
1766 4798 1987 4851 caedem

400 4890 757 4949 minitantem
777 4888 844 4945 οἳ
877 4889 1174 4944 induantur
1202 4886 1383 4944 omnia
1420 4900 1571 4941 arma
1616 4886 1977 4957 paenitentiae,

411 4994 470 5039 ut
494 4983 702 5039 securis
737 4981 905 5049 acies,
929 4990 983 5035 et
1012 4981 1155 5037 ictus
1192 4977 1562 5050 propulsetur.
1595 4977 1780 5048 lmpiis
1817 4981 1984 5034 luere-

413 5073 642 5129 ticorum
670 5072 1018 5145 opinionibus
1038 5069 1240 5140 aliquis
1274 5067 1509 5124 infectus
1540 5067 1667 5123 est?
1702 5069 1865 5124 rectis
1891 5067 1988 5123 Ec-

414 5163 593 5219 clesiae
628 5162 862 5219 decretis
905 5161 1142 5231 seipsum
1184 5157 1389 5229 expiet,
1432 5157 1987 5227 superstitionemqne

2083 3541 2182 3595 σης
2237 3522 2424 3596 κύριον
2478 3523 2570 3577 καὶ
2622 3522 2831 3594 κριτήν.
2898 3518 3031 3573 Ἀπὸ
3078 3516 3289 3589 τρυφῆς
3339 3509 3659 3582 ἐκακώθης;

2081 3613 2304 3684 νηστεία
2336 3613 2670 3685 θεράπευσον
2716 3612 2816 3681 τὴν
2861 3609 3175 3666 ἀπόλαυσιν.
3232 3607 3519 3661 ’Δκολασία
3560 3605 3660 3675 τὴν

2080 3703 2256 3775 ψυχὴν
2282 3702 2552 3773 ἔϐλαψεν;
2590 3701 2911 3774 σωφροσύνη
2946 3699 3186 3770 γενέσθω
3214 3699 3313 3769 τῆς
3349 3693 3661 3768 ἀρρωστίας

2084 3796 2392 3867 φάρμακον.
2419 3792 2706 3859 Πλεονεξία
2742 3791 3004 3856 πολύυλος
3035 3790 3127 3845 τδν
3154 3788 3343 3859 νοητὸν
3367 3786 3663 3860 εἰργάσατο

2084 3886 2346 3959 πυρετόν;
2375 3885 2708 3957 ἐλεημοσύνη
2734 3883 3024 3940 κενωσάτω
3049 3881 3148 3951 τὴν
3168 3879 3519 3951 πλησμονήν.
3546 3878 3661 3930 Καο

2085 3976 2307 4049 θάρσιον
2339 3977 2446 4049 γὰρ
2477 3976 2585 4030 τῶν
2624 3973 3070 4047 πεπληρωμένων
3114 3969 3420 4042 μετάδοσις.
3459 3966 3659 4021 Ἐϐλα-

2082 4071 2183 4140 ψεν
2215 4073 2360 4143 ἡμᾶς
2396 4069 2620 4141 ἁρπαγὴ
2652 4068 2758 4122 τῶν
2794 4064 3116 4137 άλλοτρίων;
3156 4058 3496 4115 ἐπανελθέτω
3523 4057 3662 4128 πρὸς

2083 4162 2176 4216 τὸν
2204 4162 2331 4216 ἴδιον
2369 4160 2636 4231 δεσπότην
2673 4158 2735 4212 τὸ
2764 4158 3053 4228 ἅρπαγμα.
3084 4151 3295 4216 Ψεῦδος
3325 4153 3472 4223 ἡμᾶς
3497 4150 3661 4219 ἐγγὺς

2084 4253 2183 4323 τῆς
2233 4252 2509 4316 ἀπωλείας
2558 4252 2765 4322 ἤγαγεν
2810 4246 3119 4320 (Ἀπολεῖς
3150 4245 3294 4316 γὰρ,
3326 4244 3480 4316 φησὶ,
3510 4240 3661 4297 πᾶν·

2085 4361 2191 4410 τας
2221 4342 2361 4410 τοὺς
2396 4342 2738 4406 λαλοῦντας
2774 4339 2840 4393 τὸ
2883 4336 3110 4407 ψεῦδος
3131 4337 3185 4407 );
3236 4332 3464 4404 ἀλήθεια
3501 4331 3660 4402 μελε-

2085 4434 2311 4506 τηθεῖσα
2345 4433 2598 4504 στησάτω
2631 4433 2722 4486 τὸν
2768 4430 3035 4485 κίνδυνον.
3069 4430 3271 4499 Ὅρκος
3325 4422 3660 4497 παραϐαθεὶς
3767 4488 3773 4493 ξ

2086 4525 2209 4595 ἄγει
2241 4526 2536 4597 πετόμενον
2570 4525 2633 4581 τὸ
2668 4524 2905 4596 διαέριον
2942 4522 3035 4576 τοῦ
3083 4519 3353 4592 Ζαχαρίου
3399 4518 3661 4590 δρέπανον

2085 4617 2184 4689 τὴν
2223 4617 2394 4689 τομὴν
2436 4616 2726 4685 ἁπειλοῦνς
2773 4613 3121 4687 ἐνδυσώμεθα
3166 4615 3345 4667 πᾶσαν
3383 4611 3483 4681 τὴν
3531 4624 3663 4662 παν-

2087 4708 2278 4763 οπλίαν
2299 4710 2398 4780 τῆς
2428 4708 2835 4781 μετανοίας,ἴνα
2854 4706 2953 4778 τὴν
2983 4705 3167 4777 ἀκμὴν
3193 4697 3666 4773 ἀποκῳυσιῦμεθα

2088 4800 2181 4854 τοῦ
2214 4800 2503 4872 δρεπάνου.
2537 4802 2844 4874 Αἱρετικοῖς
2869 4799 3135 4871 δόγμασιν
3164 4793 3373 4856 ἀσεσῶς
3400 4809 3482 4853 τις
3515 4789 3659 4842 ἐδού·

2083 4893 2303 4959 λευσεν;
2343 4895 2508 4966 ὀρθῆς
2548 4894 2706 4965 δόξης
2750 4894 3062 4966 φρονήματι
3109 4890 3207 4961 τὴν
3248 4881 3666 4954 δεισιδαιμονίαν

2083 4983 2496 5051 φυγαδευσάτω.
2543 4981 2714 5036 Τοῦτο
2760 4981 2869 5052 γάρ
2913 4981 3061 5034 ἐστιν
3105 4979 3140 5051 ή
3188 4973 3479 5048 μετάνοια·
3511 4967 3667 5031 λύσις

2084 5073 2181 5126 xal.
2219 5075 2523 5146 ἀφανισμδς
2551 5073 2662 5126 τῶν
2706 5072 2897 5145 πρώην
2930 5071 2963 5143 ἢ
3012 5069 3156 5129 κατὰ
3196 5063 3389 5138 πρᾶξιν
3423 5061 3669 5132 ἐνεργου-

2086 5160 2294 5230 μένων,
2331 5163 2363 5233 ἢ
2395 5163 2535 5218 κατά
2563 5162 2808 5216 διάθεσιν
2840 5158 3174 5230 νοουμένων.

412 5259 664 5327 deponat.
689 5256 826 5325 Quid
868 5255 1013 5311 enim
1050 5253 1194 5319 aliud
1242 5261 1324 5309 est
1367 5249 1708 5322 paenitentia,
1738 5247 1837 5304 nisi
1896 5250 2181 5309 dissolutio
2231 5267 2285 5309 ct
2339 5261 2546 5312 eversio
2579 5255 3002 5326 praeteritorum,
3052 5266 3173 5322 qua:
3227 5247 3309 5303 vel
3339 5260 3420 5311 re,
3451 5243 3538 5298 vel
3577 5257 3670 5296 co-

412 5349 668 5423 gitatione
692 5358 818 5405 sunt
838 5346 1112 5405 admissa?

483 5442 583 5512 Qui
624 5456 753 5499 vero
786 5442 999 5515 cognita
1047 5440 1379 5512 poenitentiae
1419 5438 1651 5493 utilitate
1701 5435 1880 5491 adhuc
1930 5437 1982 5490 in

2177 5443 2234 5497 '0
2253 5441 2310 5495 δὲ
2342 5440 2621 5512 γνωρίζων
2648 5438 2708 5492 τὸ
2734 5438 2834 5508 τῆς
2861 5431 3144 5507 μετανοίας
3170 5428 3471 5521 ὠφέλιμον,
3504 5418 3674 5521 ἀεὶδὲ

413 5510 739 5608 ﬂagitiorum
776 5544 830 5591 et
857 5510 1154 5606 impietatis
1177 5547 1337 5590 emno
1359 5530 1652 5596 volutatur,
1686 5526 1878 5584 similis
1900 5537 1982 5584 est

2096 5528 2224 5600 περὶ
2253 5529 2345 5583 τὸν
2373 5510 2629 5600 βόρϐορον
2668 5527 2768 5599 τῆς
2806 5523 3038 5596 ἀνομίας
3084 5510 3676 5609 στρεφόμεγοςνιδοῦἳτξ

414 5602 701 5696 illi'scrvo,
722 5628 812 5700 qui
844 5602 1117 5683 dominum
1163 5625 1265 5681 sibi
1310 5624 1512 5679 iratum
1541 5620 1740 5690 sciens,
1775 5620 1828 5675 in
1858 5619 1982 5692 ejus

2095 5618 2347 5690 τυγχάνει
2372 5652 2377 5659 ν
2406 5617 2801 5689 παραπλήσιος,
2856 5610 3178 5686 γνωρίζοντι
3215 5607 3315 5679 τὴν
3369 5602 3539 5677 ὀργήν
3580 5602 3675 5653 τοῦ

487 5800 670 5863 'Psal.
699 5820 751 5869 v,
781 5805 831 5857 Τ.
922 5808 941 5837 ⁸
966 5804 1094 5864 Luc.
1124 5817 1205 5873 ιιι,
1237 5801 1271 5858 9
1302 5814 1424 5871 sqq.
