4076 6144
427 282 533 340 589

1344 294 1627 351 llOMlLlA
1668 298 1806 355 XIV.
1843 298 1909 354 ΙΝ
1945 300 2342 367 PlllNClPIUM
2380 312 2830 376 JEJUMORUM.

3567 326 3678 383 570'

421 403 716 472 δεσπότου,
750 410 808 462 ἐν
853 410 1009 482 ὂψεσι
1034 413 1092 468 δὲ
1125 415 1291 470 αὑτοῦ
1326 418 1388 472 τὸ
1421 422 1590 475 κακὸν
1636 423 1973 495 ἐργαζομένη

2074 469 2080 484 .
2115 443 2408 502 conspectu
2435 437 2694 494 scelerate
2716 454 2773 494 se
2805 441 2966 510 gerit,
2999 448 3382 510 peccatumque
3412 442 3668 511 duplicat.

344 493 352 500 ’
425 498 521 550 καὶ
545 497 645 568 τὴν
671 501 946 574 ἁμαρτίαν
978 506 1444 574 τριπλασιάζοντι.
1479 493 1812 584 Εὐαίσθητος
1842 493 1996 582 γενοῦ

420 587 561 656 πρὸς
591 590 694 661 τὴν
738 594 1098 665 περιέχουσάν
1141 615 1201 652 σε
1251 600 1427 655 νόσον.
1478 603 1772 674 Σύντριψον
1805 608 1998 661 σαυτὸν

417 679 542 733 ὅσον
567 680 790 738 δύνασαι
810 701 824 714 υ
857 685 1095 757 ζήτησον
1133 690 1228 742 καὶ
1267 690 1512 760 ἀδελφῶν
1543 695 1830 766 ὁμοψύχων
1868 699 1994 751 πέν-

419 766 512 831 θος
539 767 769 840 βρηθοῦν
803 789 883 826 σοι
917 775 1054 846 πρὸς
1079 777 1179 848 τὴν
1211 778 1555 852 ἐλευθερίαν·
1585 784 1755 848 δεῖξόν
1790 804 1879 855 μοι
1915 805 1995 840 m-

418 859 548 930 κρόν
581 876 677 914 σου
716 863 811 917 καὶ
837 865 1057 934 δαψιλὲς
1099 868 1161 922 τὸ
1201 869 1454 942 δάκρυον,
1487 874 1575 928 ἴνα
1624 876 1762 945 μίξω
1803 877 1896 929 καὶ
1934 879 1995 932 τὸ

415 949 582 1019 ἐμόν’
619 950 750 1005 λάϐε
779 955 874 1008 καὶ
905 956 997 1010 τὸν
1033 960 1184 1031 ίερέα
1216 965 1475 1017 κοινωνὸν
1506 965 1607 1036 τῆς
1639 966 1887 1036 θλίψεως,
1919 969 1994 1034 ὡς

416 1043 646 1115 πατέρα.
690 1047 786 1111 Τίς
818 1049 928 1121 γὰρ
972 1050 1144 1117 οὕτως
1177 1054 1367 1126 Πατὴρ
1408 1056 1774 1130 ψευδώνυμος,
1820 1061 1851 1130 ἢ
1893 1064 1992 1134 τὴν

414 1134 591 1206 ψυχὴν
616 1136 994 1208 ἀδαμάντινος,
1023 1144 1100 1207 ὡς
1129 1145 1203 1216 μὴ
1227 1147 1620 1219 συνοδύρεσθαι·
1641 1154 1753 1215 τοῖς
1782 1153 1991 1218 τέκνοις

415 1224 872 1300 λυπουμένοις,ἢ
923 1233 1083 1288 πάλιν
1131 1239 1619 1309 συνευφραίνεσθαι
1666 1244 1988 1314 χαίρουσιν;

425 1314 624 1387 Ἱερεὺς
669 1319 786 1372 υἱοῦ
831 1321 926 1374 τοῦ
975 1324 1114 1376 κατὰ
1163 1325 1458 1396 θρησκείαν
1516 1331 1688 1394 οὕτως
1737 1333 1989 1404 ὀδύρεται

411 1406 708 1496 ἁμαρτίαν,
737 1409 813 1474 ὡς
854 1412 1046 1466 Ἰακὼϐ
1075 1415 1169 1470 τοῦ
1210 1418 1409 1489 Ἰωσὴφ
1437 1420 1528 1475 τὸν
1559 1425 1875 1495 ᾑμαγμένον
1909 1444 1990 1496 χι-

411 1495 553 1549 τῶνα
572 1513 586 1527 °
615 1497 692 1562 ὡς
725 1501 890 1554 Δαϐὶδ
920 1503 1013 1556 τοῦ
1059 1505 1410 1579 Ἀϐεσσαλὼμ
1439 1511 1528 1563 τὸν
1569 1513 1787 1585 ὄλεθρον
1809 1555 1823 1578 ,
1853 1495 1938 1579 ὡς
1960 1517 1988 1568 ὁ

421 1583 547 1657 Ἑλὴ
575 1588 665 1641 τὸν
726 1591 878 1660 Ὀφνὶ
910 1594 1004 1646 καὶ
1043 1596 1228 1660 Φινεὲς
1259 1601 1524 1666 πεσόντας
1558 1605 1650 1656 ἐπὶ
1682 1583 1780 1674 τῆς
1809 1624 1984 1676 παρα-

408 1676 631 1742 τάξεως,
658 1679 733 1744 ὠς
769 1683 1010 1754 Μωῦσῆς
1040 1687 1130 1741 τὸν
1160 1687 1284 1741 λαὸν
1313 1691 1403 1744 τὸν
1443 1691 1600 1747 ἄθεον
1633 1699 1982 1766 μοσχοποιίαν

407 1773 899 1842 καινοτομήσαντα.
926 1777 1039 1848 Πρὸ
1059 1777 1165 1831 τῶν
1199 1784 1524 1852 σωματικῶν
1548 1762 1818 1858 πατέρων,
1849 1789 1979 1859 Θάῤ-
2011 1762 2055 1817 Β

407 1860 572 1930 ῥησον
623 1861 700 1932 τῷ
745 1859 886 1918 κατά
935 1865 1066 1920 Θεδν
1105 1886 1162 1922 σε
1212 1877 1564 1944 γεννήσαντι’
1619 1877 1790 1944 δεῖξον
1829 1882 1979 1953 αὐτῷ

407 1951 842 2045 ἀνερυθριάστως
883 1957 950 2010 τὰ
1001 1964 1386 2034 κεκρυμμένα·
1435 1969 1720 2037 γύμνωσον
1766 1973 1833 2026 τὰ

402 2039 582 2112 ψυχῆς
603 2044 907 2116 ἀπόρρητα,
931 2049 1006 2114 ὡς
1035 2052 1202 2123 ίατρῷ
1225 2055 1396 2120 πάθος
1423 2059 1680 2113 δεικνύων
1714 2039 1981 2137 κεκαλυμ-

405 2133 598 2200 μένον·
634 2135 796 2198 αύτὸς
837 2139 1228 2213 ἐπιμελήσεται
1273 2147 1366 2199 καὶ
1418 2149 1516 2218 τῆς
1569 2151 1979 2226 εὐσχημοσύνης

401 2225 495 2277 καὶ
523 2223 625 2292 τῆς
656 2225 967 2298 θεραπείας·
1004 2233 1166 2287 πλέον
1193 2237 1224 2305 ή
1254 2237 1418 2302 αἰδὼς
1443 2240 1553 2293 τῶν
1576 2223 1778 2309 γονέων
1815 2223 1980 2300 ἅπτε-

400 2329 492 2366 ται
529 2314 644 2367 τῶν
685 2320 1030 2374 πεπονθότων
1070 2325 1272 2379 αὐτῶν.
1323 2327 1384 2380 Ἠ
1427 2331 1535 2401 γὰρ
1579 2334 1803 2387 ἐκείνων
1853 2336 1977 2404 δόξα

397 2402 507 2458 τῶν
551 2413 968 2479 γεννησαμένων
1023 2415 1203 2479 ἐστὶν,
1267 2421 1358 2472 καὶ
1406 2422 1436 2490 ἡ
1479 2423 1706 2494 αἰσχύνη
1757 2427 1972 2497 ὁμοίως.

401 2495 650 2566 Ἀδηλος,
683 2501 920 2571 ἀδελφοὶ,
952 2505 1052 2576 τῆς
1081 2508 1228 2578 ζωῆς
1257 2512 1288 2580 ἡ
1317 2511 1643 2584 προθεσμία.
1678 2495 1975 2589 Φοάήσωμεν

397 2587 462 2656 τῇ
497 2589 781 2682 ἐπιμελείᾳ
823 2594 919 2664 τὴν
956 2597 1149 2662 ἔξοδον.
1178 2602 1410 2656 ’Ἄτοπον
1433 2605 1540 2676 γὰρ
1576 2608 1701 2680 τοὺς
1754 2587 1976 2682 μὲν

398 2676 599 2744 σαρκὸς
627 2678 1020 2752 λελογισμένως
1052 2689 1401 2758 ποιουμένους
1427 2693 1524 2764 τὴν
1559 2678 1810 2766 πρόνοιαν
1831 2737 1845 2758 ,
1881 2716 1975 2752 κα-

395 2764 602 2837 θαίρειν
627 2771 852 2836 ἑαυτοὺς
884 2774 990 2828 τῶν
1022 2777 1161 2831 ὑλῶν
1193 2781 1298 2850 πρὸ
1327 2784 1422 2852 τῆς
1457 2764 1710 2856 ἐπιτολῆς
1755 2788 1848 2841 τοῦ
1885 2791 1969 2842 λε-

394 2859 635 2927 γομένου.
672 2864 860 2926 κυνός·
890 2867 976 2922 ilva
1022 2868 1095 2939 μὴ
1142 2870 1402 2926 διασαπέν
1436 2876 1500 2928 ἐκ
1539 2877 1661 2952 τῆς,
1682 2879 1821 2947 ἄγαν
1856 2880 1973 2952 θερ-

392 2949 628 3020 μότητος
660 2954 720 3007 τὸ
761 2957 945 3028 ὑγρὸν,
978 2962 1254 3016 νοσοποιὸν
1287 2965 1448 3035 σῆψιν
1481 2947 1800 3040 ἐργάσηται·
1845 2947 1970 3036 τους

2098 521 2323 586 Explora
2375 526 2624 583 celeriter
2675 541 2728 585 et
2785 532 3070 602 diligenter
3115 533 3478 587 animadverte
3527 550 3672 589 mor-

2097 612 2245 679 bum,
2278 631 2384 684 quo
2405 614 2637 674 θώρακ’
2655 636 2734 677 es.
2765 621 2987 693 Stncipe
3019 639 3085 678 ex
3117 639 3182 678 eo
3201 624 3462 690 dolorem,
3491 641 3668 695 quand
3759 629 3764 636 ’

2097 716 2210 757 tum
2245 708 2538 762 maximum
2576 720 2746 779 potes;
2783 712 2957 782 alllige
2991 723 3064 781 te,
3097 714 3404 786 fratresque
3440 707 3671 771 benevo-

2097 797 2247 851 volos
2294 807 2453 867 atque
2487 802 2768 856 unanimes
2808 803 3024 868 adhibe,
3074 807 3165 875 qui
3236 807 3392 860 simul
3447 809 3666 864 doleant

2095 885 2508 956 adjumeutoque
2583 891 2725 954 sint,
2791 901 2848 945 ut
2900 891 3162 948 libereris.
3235 893 3470 950 Ostende
3523 897 3657 952 mibi

2094 991 2304 1032 amaras
2348 988 2510 1049 atque
2547 979 2738 1036 uberes
2777 979 3038 1052 lacrymas
3087 993 3224 1050 tuas,
3275 994 3333 1041 ut
3372 1002 3517 1041 meas
3561 1005 3660 1058 ego

2092 1082 2306 1136 quoque
2375 1072 2778 1126 commisceam.
2841 1071 3157 1130 Amictionis
3223 1079 3543 1146 participem
3607 1088 3664 1144 et

2092 1159 2301 1213 socium
2353 1175 2509 1214 sume
2560 1163 2921 1230 sacerdotem,
2955 1173 3014 1217 ut
3063 1176 3293 1233 patrem.
3339 1167 3470 1232 Quis
3519 1171 3660 1224 enim

2093 1256 2200 1301 tam
2247 1247 2382 1302 falso
2421 1249 2728 1304 nominatur
2775 1249 2958 1317 Pater,
3008 1267 3099 1307 aut
3141 1264 3248 1308 tam
3297 1256 3434 1311 duro
3503 1268 3666 1326 atque

2088 1339 2438 1394 adamantina
2470 1343 2938 1412 aniino‘pra-ditus
2961 1355 3064 1410 est,
3103 1347 3194 1416 qui
3231 1363 3335 1402 non
3367 1347 3492 1402 [iliis
3530 1365 3662 1404 ma:-

2061 1493 2063 1498 η
2092 1431 2338 1485 rentibus
2367 1432 2568 1496 doleat,
2605 1443 2659 1486 et
2697 1436 3056 1504 gaudentibus
3099 1437 3309 1492 laetetur
3331 1440 3372 1493 ἳ-
3392 1440 3659 1496 Sacerdos

2092 1520 2162 1572 ita
2206 1521 2452 1574 tristatur
2484 1524 2553 1576 ob
2583 1534 2866 1590 peccatum
2904 1523 3064 1589 illius,
3099 1541 3258 1596 quem
3306 1539 3530 1597 pr0pter
3576 1545 3660 1584 re-

2089 1609 2343 1680 ligionem
2388 1612 2550 1668 habet
2592 1613 2718 1669 loco
2754 1613 2867 1680 lilii,
2900 1625 2957 1669 ut
2992 1615 3160 1672 Jacob
3195 1617 3305 1671 visa
3342 1620 3521 1674 tunica
3568 1617 3659 1674 Joo

2087 1703 2217 1772 seph
2269 1705 2530 1772 sanguine
2586 1721 2881 1777 conspersa
2942 1707 3327 1775 querebatnr',
3382 1718 3439 1762 ut
3493 1711 3656 1765 David

2082 1792 2214 1847 luxit
2245 1793 2527 1848 Absalouis
2557 1794 2830 1850 interitum
2853 1797 2919 1861 ’⁸,
2958 1807 3015 1850 ut
3040 1797 3158 1851 Heli
3189 1795 3419 1865 Ophuim
3447 1808 3498 1878 et
3523 1798 3649 1853 Phi-

2083 1897 2257 1946 neem,
2302 1885 2392 1954 qui
2431 1885 2481 1939 in
2520 1887 2636 1941 acie
2675 1889 3070 1952 ceciderant”,
3118 1896 3176 1940 ut
3218 1887 3391 1944 Moses
3433 1889 3654 1958 impium

2081 1974 2332 2044 populum
2390 1978 2481 2045 qui
2536 1992 2713 2031 rerum
2774 1994 3033 2032 novarum
3097 1979 3371 2033 studiosus
3429 1980 3654 2034 vitulum

2079 2065 2181 2120 sibi
2235 2063 2645 2124 conﬂaverat“.
2682 2068 3044 2134 Quamobrem
3114 2070 3288 2138 major
3340 2071 3433 2123 tibi
3488 2071 3539 2124 in
3591 2086 3656 2125 eo

2081 2157 2272 2213 ﬁducia
2308 2156 2400 2223 sit,
2431 2159 2522 2228 qui
2568 2169 2618 2213 te
2667 2160 2719 2212 in
2775 2160 2882 2214 Deo
2929 2161 3136 2231 genuit,
3174 2175 3334 2229 quam
3377 2159 3429 2212 in
3469 2159 3592 2224 illis,
3624 2176 3653 2214 a

2079 2249 2272 2319 quibus
2304 2263 2528 2319 corpore
2563 2263 2874 2318 procreatus
2906 2265 2984 2309 es.
3015 2251 3284 2305 Audacter
3327 2251 3554 2306 ostende
3579 2253 3652 2306 illi

2077 2354 2196 2408 quae
2231 2349 2358 2394 sunt
2391 2340 2683 2396 recondita.
2710 2342 2886 2396 Animi
2917 2357 3117 2395 arcana
3151 2353 3400 2410 tanquam
3443 2343 3652 2397 occulta

2080 2431 2294 2486 vulnera
2358 2433 2568 2488 medico
2623 2442 2826 2502 relege.
2875 2433 2991 2502 lpse
3039 2442 3093 2486 et
3143 2434 3380 2497 honoris,
3413 2444 3467 2486 et
3504 2435 3649 2488 vale-

2081 2521 2280 2593 tudinis
2339 2533 2441 2576 tuaz
2488 2524 2754 2578 rationem
2797 2522 3037 2577 habebit.
3086 2523 3342 2578 Filiorum
3388 2525 3652 2578 dedecore

2080 2613 2250 2682 magis
2283 2623 2569 2667 moventur
2613 2622 2885 2683 parentes,
2921 2629 3080 2684 quam
3137 2615 3234 2683 ipsi
3279 2615 3393 2672 filii.
3426 2614 3557 2668 Nam
3593 2625 3651 2670 ut

2079 2701 2308 2755 ﬁliorum
2347 2702 2516 2772 gloria
2559 2703 2626 2757 ad
2673 2711 2926 2772 parentes
2971 2704 3224 2772 pertinet,
3255 2705 3332 2759 sic
3363 2706 3526 2760 etiam
3555 2707 3649 2760 de-

2075 2790 2239 2846 decus
2269 2801 2322 2846 et
2350 2792 2642 2861 turpitudo.
2687 2792 2930 2847 Incertus
2979 2802 3083 2858 est,
3121 2793 3339 2861 fratres,
3387 2797 3649 2852 terminus

2074 2882 2222 2946 vitae,
2249 2885 2546 2938 discessum
2577 2897 2608 2937 e
2641 2883 2751 2938 vita
2782 2883 3056 2954 diligentia
3111 2897 3520 2955 praevertamus.
3547 2889 3651 2942 Ab-

2073 2974 2294 3026 surdutn
2321 2975 2464 3028 enim
2496 2985 2599 3039 est,
2624 2989 2746 3030 curn
2791 2973 2890 3040 illi,
2919 2973 3010 3044 qui
3053 2975 3296 3041 corporis
3323 2976 3648 3032 valetudinis

390 3040 457 3096 8i.-
479 3044 622 3097 κατά
661 3046 901 3102 διάνοιαν
935 3052 1251 3122 ἐπιμελείας
1279 3057 1575 3128 χρῄζοντας
1611 3062 1683 3133 μὴ
1719 3065 1964 3134 προφθά-

2074 3068 2334 3120 rationem
2382 3066 2602 3130 habent,
2632 3066 2840 3134 seipsos
2870 3075 3172 3134 expurgent
3219 3076 3344 3122 ante
3386 3069 3640 3122 caniculm

391 3149 506 3186 νειν
538 3136 632 3190 τοῦ
674 3138 904 3194 θανάτου
943 3143 1036 3214 τὴν
1081 3145 1303 3216 ἁδηλίαν
1338 3151 1432 3203 καὶ
1472 3151 1567 3204 τοῦ
1606 3154 1962 3226 κολαστηρίου

2074 3164 2342 3219 exortum,
2379 3171 2467 3220 ne,
2495 3157 2638 3222 quod
2669 3155 2946 3208 humidum
2981 3155 3032 3208 in
3067 3154 3168 3208 illis
3197 3166 3305 3221 est,
3340 3159 3644 3214 vehementi

388 3225 562 3296 πυρὸς
588 3229 687 3298 τὴν
715 3228 892 3293 ζέσιν.
927 3234 1018 3289 τοῦ
1054 3237 1303 3308 ἀλήκτως
1344 3241 1649 3308 φλέγοντος,
1685 3247 1778 3298 καὶ
1808 3225 1960 3318 μηδέ-

389 3329 516 3367 ποτε
539 3315 865 3408 ψυχομένου.
892 3323 1000 3394 Τὴν
1025 3325 1273 3398 δραχμὴν
1295 3325 1438 3398 εἶχες
1457 3333 1555 3402 τὴν
1582 3315 1958 3408 εὐαγγελ-ικῆν,

387 3405 687 3498 καὶΔκαλῶς
715 3411 994 3477 ἐπλούτεις
1013 3417 1091 3486 τῷ
1117 3419 1220 3488 χρή
1231 3435 1394 3488 ματι·
1426 3418 1542 3476 εἶτα
1571 3424 1658 3478 διὰ
1688 3405 1959 3498 ρᾳθυμίαν

383 3493 694 3562 ἀπώλεσας.
731 3502 900 3570 ’Ἄψον
929 3504 1018 3556 τὸν
1060 3508 1123 3559 ἐκ
1152 3509 1249 3578 τῆς
1288 3512 1574 3578 μετανοίας
1601 3513 1820 3585 λύχνον⁶
1856 3537 1955 3572 κα-

381 3584 626 3656 τάκυψον
672 3591 979 3663 ἐπιμελῶςο
1028 3597 1260 3669 ζήτησον
1297 3602 1356 3654 τὸ
1394 3584 1814 3676 κειμήλιονντοῖς
1843 3612 1955 3680 γηί·

2071 3246 2470 3314 ipsius-ardore
2499 3253 2895 3312 corrumpatur,
2923 3253 2976 3298 et
3023 3245 3239 3299 morbos
3287 3247 3495 3312 pariat;
3526 3263 3640 3314 eos,

2066 3337 2156 3408 qui
2183 3337 2348 3390 animi
2389 3348 2573 3389 curam
2597 3344 2814 3406 gerunt,
2851 3335 3113 3388 incertum
3143 3336 3334 3390 mortis
3360 3337 3501 3390 diem
3535 3354 3637 3394 non

2067 3435 2428 3486 antevertere,
2475 3433 2530 3476 et
2571 3422 2818 3476 ardorem
2864 3423 3224 3476 excruciantis
3280 3424 3424 3479 illius
3479 3428 3640 3495 ignis,

2068 3515 2157 3584 qui
2191 3523 2451 3568 aeternum
2495 3513 2782 3578 comburit,
2816 3521 2869 3568 et
2919 3512 3120 3566 nullum
3149 3529 3384 3582 unquam
3421 3517 3640 3588 refrige-

2067 3609 2203 3668 rium
2229 3607 2486 3661 admittit.
2519 3605 2840 3660 Drachmam
2867 3605 3255 3676 evangelicam,
3280 3623 3448 3679 quam
3480 3625 3635 3665 acce-

380 3693 492 3742 νοις
527 3683 968 3753 ἐγκρυπτόμενον
1023 3689 1265 3747 πάθεσιν.
1334 3693 1598 3767 Εὑρηκὼς
1649 3700 1838 3755 ἀνελοῦ
1869 3705 1963 3756 καὶ

2074 3717 2238 3768 peras,
2286 3707 2342 3754 et
2383 3714 2488 3769 qua
2537 3699 2686 3753 dives
2742 3696 2966 3752 effectus
3015 3695 3214 3762 fueras,
3279 3699 3490 3769 ignavia
3548 3707 3636 3753 tua

381 3769 557 3826 σῶσον
580 3791 594 3804 ’
633 3776 719 3829 ἵνα
757 3795 838 3831 σοι
880 3784 1238 3854 συγχαρῶμεν
1282 3787 1331 3838 οἱ
1373 3789 1609 3856 γείτονες
1651 3795 1824 3864 χαρὰν
1863 3795 1961 3867 τὴν

2074 3791 2366 3860 perdidisti,
2396 3788 2723 3860 paenitentia
2757 3788 3030 3843 lucernam
3075 3789 3309 3871 aceende
3335 3789 3398 3842 ³³.
3437 3791 3636 3844 luclina

379 3861 441 3915 ἐν
472 3864 714 3936 Χριστῷ.
740 3863 811 3939 Ὦ
851 3872 1048 3943 πρέπει
1076 3873 1202 3939 δόξα
1227 3875 1321 3929 νῦν
1360 3879 1453 3948 καὶ
1480 3880 1566 3934 ἀεὶ
1596 3861 1688 3935 καὶ
1729 3861 1811 3948 είς
1836 3861 1962 3950 τούς

2074 3897 2114 3938 Le
2139 3883 2450 3952 diligenter.
2489 3878 2638 3934 lllam
2667 3894 2859 3950 gazam
2902 3882 2954 3934 in
2998 3882 3227 3935 terrenis
3264 3865 3639 3937 affectionibus

378 3952 583 4018 αἰῶνας
604 3956 711 4010 τῶν
739 3961 970 4015 αἰώνων.
1013 3963 1204 4035 Ἀμήν.

2060 3975 2330 4032 defossam
2364 3973 2647 4040 conquire,
2677 3971 2947 4025 inventam
2981 3971 3106 4024 tolle
3165 3981 3324 4041 atque
3353 3987 3634 4038 conserva,

381 4050 442 4095 ut
488 4059 585 4096 nos
623 4047 782 4100 vicini
836 4051 1189 4120 gratulemur,
1220 4065 1272 4108 ct
1319 4070 1381 4110 eo
1408 4061 1604 4128 gaudio
1642 4063 1958 4135 allii-iamut,
1999 4069 2144 4140 quod
2185 4076 2270 4123 est
2323 4068 2376 4120 iu
2425 4063 2660 4128 Christo,
2731 4063 2816 4116 cui
2888 4062 3052 4133 gloria
3089 4063 3141 4114 in
3176 4065 3367 4116 εωςιιιει
3409 4064 3632 4117 ειῐξοιιΙυ-

379 4147 517 4187 tum.
555 4135 744 4190 Amen.

1121 4236 1217 4290 ΙΝ.

593 4319 782 4386 Λόγος
807 4321 892 4387 εἰς
917 4322 1032 4391 τὴν
1055 4325 1253 4396 ἀρχὴν
1282 4326 1400 4382 τῶν
1421 4333 1738 4398 νηστειῶν.

447 4407 709 4463 Σύνθετον
767 4411 904 4476 ζῶον
955 4418 984 4469 ὁ
1031 4419 1335 4492 ἄνθρωπος,
1395 4424 1502 4476 ἀπὸ
1555 4425 1804 4496 σώματος
1859 4431 1952 4483 τοῦ

375 4499 726 4588 φαινομένου,
782 4503 1000 4575 καὶτῆς
1029 4505 1254 4578 λογικῆς
1307 4511 1400 4564 καὶ
1453 4513 1743 4584 ἀσωμάτου
1773 4515 1951 4588 ψυχῆς

372 4586 554 4660 λαχὼν
605 4586 743 4645 εἶναι
771 4594 928 4666 ξὸπερ
971 4598 1137 4653 ἐστίν.
1191 4602 1311 4654 Τῶν
1368 4603 1425 4656 δὲ
1470 4604 1562 4657 δύο
1593 4606 1797 4660 τούτων

374 4680 794 4752 προρρηθέντων
848 4685 945 4756 οὐχ
1003 4687 1262 4760 ὁμότιμος
1311 4693 1344 4762 ἡ
1398 4694 1558 4762 φύσις
1596 4695 1705 4760 ,καὶ
1736 4699 1768 4767 ἡ
1799 4697 1945 4764 ἀξίω

374 4770 510 4826 ἀλλά
545 4773 608 4826 τὸ
643 4775 740 4845 μὲν
772 4775 1000 4848 ὄργανον
1033 4779 1460 4854 ἐδημιουργήθη.
1497 4785 1633 4856 πρὸς
1677 4787 1775 4859 τὴν
1805 4790 1948 4842 οίκο-

373 4863 565 4934 νομίαν
593 4866 693 4936 τῆς
727 4868 1034 4941 κρατούσης
1067 4871 1402 4944 κινούμενονο
1437 4876 1469 4946 ἡ
1513 4875 1568 4929 δὲ
1597 4878 1947 4950 ἡγεμονεύειν

374 4955 572 5028 ἐτάχθη
609 4958 704 5011 καὶ
751 4957 1073 5028 βασιλεύειν,
1121 4963 1197 5028 ὡς
1241 4967 1504 5038 κρείττων
1546 4969 1639 5021 τοῦ
1683 4971 1942 5041 χείρονος.

372 5043 625 5099 Λαϐοὖσα
667 5045 723 5100 δὲ
754 5047 891 5118 αὕτη
923 5050 982 5102 τὸ
1032 5051 1362 5123 διακριτικὸν
1409 5057 1516 5110 ἀπὸ
1560 5057 1653 5111 τοῦ
1688 5057 1800 5121 νοῦ,
1853 5062 1947 5114 καὶ

371 5132 461 5186 τοῦ
481 5135 662 5203 λόγου,
691 5137 784 5190 καὶ
804 5137 913 5191 τῶν
939 5140 1138 5207 καλῶν,
1174 5144 1267 5197 καὶ
1290 5144 1398 5198 τῶν
1439 5145 1694 5200 τοιούτων
1717 5148 1816 5218 τὴν
1830 5148 1946 5201 δια-

371 5223 541 5296 φορὰν
574 5226 892 5300 ἐξευροῦσα,
949 5232 1202 5304 γνωρίζει
1267 5235 1365 5306 μὲν
1404 5237 1496 5289 τὸν
1541 5237 1672 5290 Θεὸν
1719 5241 1947 5312 ποιητὴν

371 5314 466 5369 καὶ
486 5315 820 5390 δημιουργὸν
866 5321 976 5376 τῶν
1022 5342 1082 5377 τε
1127 5327 1187 5378 ἐν
1232 5329 1358 5380 ποσὶ
1384 5329 1585 5383 τούτων
1612 5330 1707 5383 καὶ
1731 5333 1796 5402 τῇ
1859 5335 1944 5386 αἰ-

377 5403 564 5475 σθήσει
595 5408 979 5480 καταληπτῶν,
1019 5414 1079 5466 ού
1120 5414 1225 5487 μὴν
1250 5417 1386 5470 ἀλλὰ
1416 5418 1510 5472 καὶ¹
1537 5419 1642 5472 τῶν
1675 5421 1944 5492 ἀοράτων,

1983 4256 2031 4312 D

2780 4236 2915 4292 XIV.

2262 4332 2447 4388 Oratio
2485 4347 2542 4386 ιη
2578 4331 2894 4400 principium
2929 4331 3254 4400 jejmitorum
3295 4331 3428 4400 (6!).

2131 4425 2501 4495 Compositum
2539 4423 2739 4478 animal
2769 4432 2853 4477 est
2888 4422 3080 4486 homo,
3117 4439 3180 4477 ex
3215 4437 3442 4495 corpore
3469 4438 3629 4492 aspe-

2056 4519 2269 4584 ctabili,
2308 4528 2362 4574 et
2393 4532 2459 4572 ex
2495 4517 2672 4570 anima
2699 4515 2946 4569 rationali
2982 4524 3036 4569 et
3067 4515 3379 4583 incorporea
3424 4514 3630 4568 habens

2057 4621 2226 4667 totum
2271 4609 2410 4681 quod
2462 4617 2563 4663 est.
2613 4606 2879 4662 Caeterum
2922 4607 3184 4670 duorum,
3228 4622 3346 4675 qua:
3374 4605 3484 4674 jam
3538 4621 3629 4660 re-

2055 4703 2394 4766 censuimus,
2436 4717 2541 4755 non
2579 4710 2660 4754 est
2693 4698 2913 4768 aequalis
2948 4697 3166 4752 honoris
3198 4706 3418 4762 natura,
3453 4712 3627 4766 neque

2054 4793 2324 4862 dignitas:
2378 4793 2470 4847 sed
2527 4806 2724 4859 corpus
2773 4789 2988 4860 quidem
3042 4791 3317 4845 conditum
3367 4799 3450 4844 est
3509 4797 3624 4842 tan-

2053 4897 2216 4951 quam
2280 4883 2739 4945 instrumentum,
2810 4882 2876 4936 ad
2945 4882 3228 4952 imperium
3297 4881 3625 4935 dominantis

2053 4977 2245 5029 animae
2314 4975 2516 5031 moveri
2579 4973 2816 5029 solitum.
2874 4972 2944 5027 At
2998 4973 3176 5028 anima
3229 4987 3294 5026 eo
3357 4971 3624 5025 destinata

2052 5073 2165 5128 est,
2215 5073 2271 5119 ut
2324 5067 2551 5134 imperet
2596 5065 2742 5120 velut
2789 5065 3132 5134 praestantior
3182 5063 3456 5118 deteriori.
3507 5062 3624 5128 Qua

2051 5156 2388 5210 discernendi
2433 5158 2688 5212 facultate
2726 5172 2753 5210 a
2799 5164 2977 5211 mente
3014 5164 3069 5210 et
3112 5156 3322 5209 ratione
3355 5163 3574 5223 accepta
3606 5194 3620 5218 ,

2033 5236 2101 5300 et
2135 5246 2344 5302 honesti
2381 5264 2445 5302 ac
2478 5249 2751 5303 contrarii"
2785 5245 3088 5302 diﬂ'erenlia
3136 5254 3342 5315 reperta
3364 5286 3378 5311 ,
3425 5258 3622 5313 cogno-

2048 5339 2151 5394 scit
2193 5338 2356 5393 Deum
2396 5355 2516 5395 esse
2553 5350 2853 5396 creatorem
2898 5338 3326 5397 etconditorem
3371 5345 3480 5391 tam
3525 5349 3619 5389 eo-

2053 5447 2206 5498 rum,
2242 5445 2360 5500 qua:
2389 5444 2515 5485 ante
2549 5433 2732 5486 oculos
2773 5441 2828 5486 et
2875 5434 3038 5503 pedes
3074 5440 3380 5493 Versantur,
3425 5442 3618 5482 sensu-

442 5562 470 5592 "
499 5565 634 5622 Gen.
668 5584 883 5637 xxxvii,
915 5573 984 5628 35
1013 5590 1174 5644 seqq.
1243 5577 1284 5608 '°
1312 5577 1348 5632 Il
1380 5578 1506 5648 Reg.
1542 5596 1652 5644 xix,
1684 5583 1734 5634 4.
1817 5584 1851 5613 ¹¹
1880 5583 1896 5635 l
1923 5585 2049 5654 Reg.
2075 5589 2156 5651 ἰν,
2188 5589 2268 5642 18.
2350 5589 2392 5618 ¹¹
2427 5588 2594 5642 Exod.
2626 5603 2795 5656 xxxii,
2829 5589 2898 5645 9.9
2922 5604 3042 5657 sqq.
3125 5597 3316 5642 «Luc.
3347 5594 3434 5645 ιν,
3472 5579 3526 5644 8,
3561 5577 3613 5632 9-

442 5681 555 5752 (61)
598 5683 742 5740 inter
801 5687 974 5758 Opera
1034 5692 1277 5761 Gregorii
1332 5694 1555 5764 Nysscui
1587 5739 1599 5762 ,
1658 5701 1742 5754 ed.
1787 5699 1917 5755 1658
1947 5709 2074 5755 tum.
2117 5701 2192 5767 ll‘,
2225 5717 2347 5772 pag.
2381 5702 2504 5757 ἮἹ.
2541 5702 2685 5757 Edit.
