4076 6144
340 288 451 346 575

1235 290 1517 348 Ηοιιιιω
1563 292 1703 347 XIV.
1735 292 1801 348 ΙΝ
1842 288 2240 350 ροιδωριωι
2272 286 2723 346 JUUNIORUM.

3506 288 3611 344 δτι

345 424 507 480 γορον
544 408 642 461 καὶ
671 408 952 481 νηφάλιον,
990 410 1350 482 ὀπλιζόμενον
1394 413 1692 483 ἐπιμελῶς,
1730 412 1934 486 καὶτὴν

2046 426 2276 469 maerore
2306 410 2486 467 allicit.
2513 407 2981 477 Quemadmodum
3011 407 3154 463 etum
3184 407 3375 474 hostis,
3397 409 3609 476 quando

340 494 567 565 ἀνδρίαν
604 497 901 564 ἀσκοῦντα,
935 493 1103 572 ἧτταν
1153 502 1362 557 οἰκείαν
1403 505 1616 575 ἡγεῖται
1649 505 1749 577 τὴν
1780 505 1929 576 φιλόο

342 604 509 641 πονον
551 590 761 644 ἐκείνου
819 592 1196 664 παρασκευήν·
1244 592 1389 647 οὕτω
1430 595 1524 649 καὶ
1565 596 1594 648 ὁ
1640 594 1741 665 τῆς
1790 597 1930 666 ἠμε-

339 680 512 753 τὲρας
560 683 836 755 σωτηρίας
880 684 1186 751 ἐπίϐουλος,
1230 687 1413 741 πᾶσαν
1466 687 1624 758 ἡμῶν
1667 688 1769 758 τὴν
1808 689 1928 743 κατ’

341 773 549 844 ἀρετὴν
590 775 883 847 ἀκρίῦειαν
948 775 1025 839 ὥς
1058 776 1192 832 ἰδίαν
1233 780 1384 849 μισεῖ
1425 778 1730 849 συμφοράν.

417 1036 526 1091 Καὶ
562 1036 654 1093 διά
692 1037 856 1092 τοῦτο
899 1041 1160 1110 γίνωσκε,
1217 1043 1496 1117 ἄνθρωπε,
1541 1045 1640 1115 τῆς
1700 1046 1798 1116 μὲν
1837 1045 1931 1100 τοῦ

345 1128 642 1202 νηστευτοῦ
701 1132 902 1199 οἰκίας,
970 1134 1235 1204 ἀγγέλους
1302 1131 1445 1192 εἶναι
1499 1121 1748 1204 φύλακας
1772 1178 1788 1201 ,
1838 1140 1935 1194 καὶ

346 1221 623 1291 φρουροὺς
662 1220 991 1295 παρέδρους.
1020 1223 1126 1278 Τοῦ
1163 1224 1222 1279 δὲ
1258 1228 1380 1290 ταῖς
1412 1226 1746 1282 ἀπολαύσεσι
1793 1228 1935 1284 κατά

347 1310 446 1381 τῆς
484 1311 942 1383 Τισσαρακοστῆς
976 1314 1346 1385 κωμάζοντος,
1392 1315 1675 1388 δαίμονας,
1700 1317 1936 1382 οίκείους

350 1401 576 1473 κνίσσης
614 1400 826 1475 φίλους,
870 1402 966 1457 καὶ
1020 1403 1259 1476 ἐραστὰς
1304 1405 1577 1478 αἱμάτων,
1632 1406 1938 1480 παρέδρους

348 1492 546 1565 μέθης.
603 1494 717 1551 Καὶ
770 1494 881 1566 γὰρ
931 1495 1028 1549 καὶ
1076 1496 1187 1551 τῶν
1243 1497 1592 1568 πνευμάτων,
1655 1497 1769 1551 εἴτε
1828 1498 1937 1552 τῶν

346 1584 555 1654 ἁγίων,
602 1584 716 1641 alte
784 1586 894 1642 τῶν
955 1587 1289 1660 ἀκαθάρτων
1342 1588 1575 1644 ἕκαστον
1626 1592 1940 1663 προσχωρεί

348 1674 462 1740 τοῖς
502 1677 724 1743 οἰκείοις
785 1679 885 1733 καὶ
930 1679 1124 1750 φίλοις,
1176 1678 1369 1753 ὥσπερ
1416 1681 1482 1754 δὴ
1526 1681 1620 1737 καὶ
1680 1681 1776 1736 ἐπὶ
1826 1681 1939 1736 τῶν

2031 504 2407 560 adversarium
2437 516 2596 557 suum
2626 500 2774 555 videt
2798 514 2919 557 esse
2950 498 3299 569 vigilantem,
3327 498 3569 554 sobrium
3592 539 3609 565 ,

2030 605 2289 653 accurate
2306 603 2588 661 armatum
2609 633 2626 660 ,
2657 600 2880 648 strenue
2901 599 2958 646 et
2988 590 3211 646 fortiter
3254 603 3375 646 sese
3416 604 3611 661 geren-

2029 694 2173 754 tem,
2205 688 2343 743 hanc
2369 700 2555 742 curam
2603 693 2659 739 et
2702 684 3038 753 diligentiam
3070 697 3167 754 pro
3203 698 3299 738 sua
3339 681 3491 738 clade
3531 684 3613 736 in-

2030 785 2362 850 terpretatur
2387 794 2407 845 ;
2434 777 2512 833 sic
2540 784 2599 832 et
2622 775 2816 832 salutis
2844 783 3047 831 nostrae
3074 776 3359 831 insidiator
3392 788 3613 831 omnem

2033 871 2251 927 virtutis
2274 868 2727 926 exercitationem
2747 908 2771 934 ,
2791 876 3058 937 tanquam
3085 867 3368 939 propriam
3395 866 3611 923 calami-

2030 972 2200 1017 tatem
2228 963 2550 1019 detestatur.

2100 1055 2446 1125 Quapropter
2489 1053 2738 1119 noveris,
2773 1069 2808 1110 ο
2834 1055 2999 1112 homo
3019 1095 3039 1121 ,
3067 1054 3217 1124 eius.
3246 1054 3336 1125 qui
3365 1051 3613 1122 ieiunat,

2030 1149 2226 1201 Mus
2268 1145 2524 1201 custodes
2566 1160 2692 1202 esse
2733 1147 2986 1218 angelos,
3030 1152 3089 1203 et
3134 1145 3283 1201 velut
3327 1143 3614 1199 continuos

2033 1234 2346 1305 stipatores.
2395 1235 2524 1306 Eius
2566 1243 2749 1293 autem
2780 1237 3004 1292 domum
3026 1276 3042 1302 ,
3077 1236 3166 1305 qui
3200 1236 3258 1290 in
3295 1234 3616 1305 Quadrage-

2032 1325 2170 1381 sima
2204 1324 2414 1382 deliciis
2440 1340 2564 1384 sese
2596 1326 2795 1390 tradit,
2826 1326 3124 1397 stipatores
3152 1338 3277 1382 esse
3303 1325 3578 1379 dmones
3596 1364 3612 1389 ,

2034 1417 2287 1488 proprios
2317 1417 2524 1473 nidoris
2554 1419 2794 1484 amicos,
2825 1428 2882 1475 et
2908 1418 3194 1490 sanguinis
3228 1424 3531 1481 amatores,
3564 1423 3619 1469 et

2036 1507 2315 1564 ebrietatis
2342 1522 2668 1566 assessores.
2698 1509 2910 1565 Etenim
2940 1509 3225 1580 spiritibus
3253 1522 3468 1578 quoque
3502 1505 3618 1562 sive
3691 1518 3699 1525 '

2030 1597 2270 1660 sanctis,
2301 1597 2416 1654 sive
2446 1597 2675 1668 impuris
2709 1599 2797 1655 llic
2828 1612 2948 1656 mos
2973 1607 3096 1665 est,
3129 1607 3190 1654 ut
3221 1597 3616 1663 familiaribus,

2039 1686 2250 1756 sibique
2277 1687 2463 1745 charis
2491 1703 2616 1746 sese
2648 1690 2983 1762 adiungant,
3012 1698 3174 1761 prout
3202 1692 3368 1747 etiam
3414 1693 3466 1745 in
3504 1690 3620 1744 avi-

347 1766 577 1841 ὀρνίθων
606 1769 755 1825 ἐστιν
798 1770 948 1826 ἰδεῖν.
997 1771 1306 1845 Περιστερὰ
1342 1773 1442 1844 μὲν
1483 1773 1593 1847 γάρ
1631 1774 1763 1847 περὶ
1808 1774 1935 1839 τοὺς

2046 1778 2137 1834 bus
2174 1793 2402 1835 eernere
2440 1780 2590 1837 icet.
2626 1780 2764 1838 Nam
2805 1781 3051 1838 columba
3086 1783 3237 1837 circa
3268 1781 3387 1838 loca
3419 1780 3617 1836 munda

349 1857 625 1931 καθαροὺς
652 1860 762 1914 τῶν
785 1861 967 1916 τόπων
1005 1861 1317 1935 φιλοχωρεί,
1353 1863 1450 1916 καὶ
1482 1865 1614 1936 περὶ
1643 1862 1742 1929 τὰς
1768 1862 1935 1938 ἀρού-

349 1968 453 2023 ρας
493 1952 818 2025 στρέφεται,
857 1954 1025 2026 ἑαυτῇ
1079 1955 1174 2009 καὶ
1215 1957 1327 2020 τοῖς
1370 1955 1584 2029 τέκνοις
1626 1957 1933 2029 σπερμολο-

346 2045 540 2119 γοῦσα’
590 2048 685 2101 καὶ
718 2048 752 2119 η
786 2046 1006 2120 τρυγὼν
1047 2049 1222 2120 ἡδέως
1264 2052 1376 2114 τοῖς
1413 2028 1665 2147 πετάλοις
1686 2028 1796 2105 τῶν
1820 2051 1937 2107 δέν-

345 2140 491 2212 δρων
534 2140 868 2213 ἐγκάθηται,
916 2141 1014 2214 ἡδύ
1062 2159 1115 2196 τι
1161 2141 1257 2197 καὶ
1296 2141 1492 2197 λεπτὸν
1533 2140 1931 2217 ὐποτρύζουσα.

358 2232 419 2287 Ὀ
447 2232 509 2288 δὲ
549 2232 968 2306 γαστρίμαργος
998 2233 1189 2307 κόραξ,
1223 2235 1337 2298 τοῖς
1357 2234 1743 2306 κρεοπωλείοις
1767 2252 1937 2308 προσ-

348 2324 616 2397 κωηται,
661 2325 803 2397 βαρύ
842 2344 897 2381 τι
938 2326 1034 2382 καὶ
1092 2327 1256 2400 ἀηδὲς
1311 2326 1421 2384 τῶν
1488 2327 1938 2401 κρεανομούντων

348 2418 651 2473 καταϐοῶν.
702 2419 888 2485 Ὥστε,
928 2418 1027 2491 τὴν
1071 2419 1397 2493 ἐγκράτειαν
1433 2420 1832 2492 ἀγαπήσωμεν,
1852 2420 1938 2476 ἵνα

348 2512 483 2583 παρ’
510 2511 762 2579 ἀγγέλων
788 2511 1187 2585 ἀγαπηθῶμεν·
1240 2513 1563 2584 μισήσωμεν
1596 2513 1655 2567 δὲ
1677 2513 1776 2585 τὴν
1805 2526 1937 2584 τρυο

349 2602 456 2674 φὴν
487 2603 590 2675 τὴν
623 2603 945 2669 ἀκόλαστον,
994 2602 1082 2658 ἵνα
1122 2603 1197 2674 μὴ
1239 2606 1357 2674 μετ’
1411 2604 1629 2675 ἐκείνης
1664 2604 1764 2675 τὴν
1803 2604 1941 2676 πρὸς

345 2695 613 2766 δαίμονας
673 2695 1054 2768 ἐνεκόάλωμεν
1110 2696 1418 2752 κοινωνίαν.
1475 2697 1666 2762 Οὐδεὶς
1717 2697 1941 2770 τρυφῶν

348 2789 569 2858 ἐγένετο
617 2790 929 2854 σπουδαῖος
961 2790 1085 2844 οὐδὲ
1129 2790 1388 2862 εὐωχίαις
1421 2790 1716 2862 σχολάζων,
1742 2790 1943 2863 ἀρετῆς

354 2881 625 2954 μαθητής
659 2882 783 2937 οὐδὲ
817 2882 1097 2955 φιλήδονος
1128 2882 1301 2952 ἆγιος,
1340 2882 1461 2937 οὐδὲ
1507 2882 1784 2956 σαρκικῶς
1809 2881 1941 2949 ζῶν,

350 2975 609 3039 κοινωνὸς
648 2974 945 3046 βασιλείας.

433 3067 588 3122 Ἑλθέ
615 3071 683 3139 τῇ
714 3070 903 3140 μνήμῃ
935 3068 1070 3141 πρὸς
1085 3069 1186 3140 τὴν
1208 3069 1385 3142 ἀρχὴν
1405 3069 1498 3123 τοῦ
1537 3068 1730 3137 γένους
1761 3068 1938 3140 ἡμῶν,

2037 1877 2308 1935 venatur,
2334 1879 2389 1925 et
2415 1885 2575 1943 agros
2603 1874 2761 1940 obit,
2787 1882 2849 1929 ut
2879 1873 2982 1929 sibi
3013 1880 3068 1930 et
3107 1873 3268 1943 pullis
3314 1872 3494 1941 aliqua
3530 1887 3623 1927 se-

2039 1962 2183 2017 mina
2210 1962 2450 2035 cutiigat.
2481 1965 2687 2020 Tortur
2723 1966 2910 2021 itidem
2940 1965 3232 2022 arboribus
3262 1966 3504 2019 suaviter
3540 1964 3620 2017 in-

2038 2053 2182 2110 sidet
2217 2054 2380 2112 dulce
2418 2056 2677 2125 quiddam
2716 2065 2773 2113 et
2814 2070 3070 2129 argutum
3103 2056 3515 2113 submodulans.
3554 2057 3625 2109 At

2038 2160 2170 2202 vero
2215 2160 2383 2201 voras
2427 2162 2628 2204 corvus
2668 2148 2817 2205 circa
2869 2150 3094 2206 macella
3142 2150 3288 2220 degit
3311 2192 3325 2214 ,
3378 2148 3621 2203 odiosum

2039 2237 2296 2308 quiddam
2328 2247 2382 2293 et
2426 2238 2778 2308 iniucundum
2821 2241 3085 2297 adversus
3130 2255 3263 2304 eos,
3299 2240 3388 2310 qui
3431 2252 3624 2294 carnes

2045 2331 2290 2388 velitint
2312 2369 2329 2397 ,
2359 2333 2658 2389 crocitans.
2682 2331 2875 2404 itaque
2909 2333 3323 2404 temperantiam
3356 2346 3621 2395 amemus,

2042 2431 2102 2476 ut
2148 2421 2218 2477 ab
2272 2421 2481 2493 angelis
2526 2436 2809 2491 amemur;
2853 2424 2979 2480 odio
3030 2424 3326 2480 habeamus
3369 2422 3625 2478 lascivum

2043 2511 2373 2582 voluptatem
2396 2553 2411 2579 ,
2454 2529 2523 2568 ne
2558 2514 2722 2569 simul
2757 2524 2882 2570 cum
2924 2514 3014 2569 illa
3052 2515 3119 2570 ad
3160 2514 3479 2569 societatem
3514 2515 3628 2567 die-

2046 2616 2265 2657 manum
2298 2603 2704 2673 pertrabamur.
2735 2602 2925 2659 Nullus
2956 2602 3174 2660 deliciis
3208 2603 3420 2658 deditus
3451 2603 3627 2657 evasit

2042 2709 2282 2765 nunquam
2319 2694 2537 2751 sedulus
2568 2705 2621 2751 et
2647 2696 2964 2762 studiosus,
3001 2709 3178 2767 neque
3224 2695 3489 2751 conviviis
3532 2708 3627 2748 va-

2043 2801 2206 2854 cans,
2243 2785 2462 2842 virtutis
2492 2786 2822 2857 discipulus,
2858 2800 3037 2859 neque
3071 2789 3362 2860 voluptatis
3392 2797 3625 2854 amator,

2042 2885 2295 2942 sanctus,
2326 2892 2508 2948 neque
2544 2878 2638 2948 qui
2677 2879 2975 2934 secundum
3010 2894 3231 2937 carnem
3263 2880 3471 2935 viveret
3493 2919 3509 2945 ,
3548 2880 3628 2935 fa-

2047 2982 2169 3027 ctus
2199 2980 2284 3027 cst
2317 2986 2553 3042 unquam
2585 2973 2736 3044 regni
2769 2972 3015 3031 caelestis
3048 2976 3342 3045 particeps.

2122 3060 2427 3132 Regredere
2459 3063 2729 3118 memoria
2781 3063 2848 3119 ad
2897 3064 3222 3122 incunabula
3270 3072 3486 3141 generis
3528 3072 3632 3127 bu-

352 3160 451 3216 καὶ
487 3159 586 3232 τὴν
632 3135 838 3232 σὲέἐραῦ
863 3135 1263 3233 εὐρῆσειςῶν
1278 3135 1608 3235 μεμφόμεθα
1666 3135 1940 3234 μάρτυρα.

2050 3154 2195 3207 mani
2238 3152 2305 3218 ιδ,
2358 3154 2642 3224 discatque
2691 3158 3087 3227 experientiam
3148 3173 3213 3214 ea
3270 3135 3458 3218 testari
3511 3179 3633 3235 quae

352 3256 471 3308 θύκ
502 3256 568 3310 ἂν
604 3254 712 3335 γὰρ
748 3256 884 3326 ἡμῖν
914 3254 1072 3326 ἐτέθη
1115 3255 1278 3326 νόμος
1317 3256 1593 3327 νηστείας,
1633 3258 1679 3309 εἰ
1709 3256 1782 3326 μὴ
1807 3272 1948 3326 παρ⁴

351 3348 525 3421 εϐάθη
564 3336 664 3419 τῆξ
716 3347 942 3420 πρώτης
1009 3348 1340 3421 ἐγκρατείας
1396 3351 1425 3404 ὁ
1481 3349 1663 3419 νόμοςο
1728 3348 1828 3400 οὐκ
1878 3345 1943 3400 ἂν

351 3435 653 3510 ὠνομάσθη
700 3437 915 3509 γαστὴρ
960 3436 1279 3501 ἐπίϐουλος,
1316 3438 1367 3490 εί
1396 3438 1473 3509 μὴ
1506 3437 1778 3508 πρόφασις
1827 3436 1945 3505 ἡδο-

352 3531 450 3600 νῆς
487 3529 589 3600 τὴν
617 3528 893 3600 ἁμαρτίαν
921 3516 1238 3601 εἰσήγαγεν.
1258 3529 1372 3586 Οὐκ
1402 3523 1472 3600 ἦν
1510 3528 1742 3600 ἀρότρου
1765 3528 1943 3598 χρεία,

354 3625 452 3677 καὶ
487 3620 629 3694 βοῶν
665 3621 977 3692 ἀροτήρων,
1031 3622 1126 3674 καὶ
1165 3619 1506 3691 τεμνομένης
1551 3619 1811 3683 αὐλακος,
1851 3619 1943 3673 οὐ⁴

352 3717 411 3770 δὲ
451 3716 573 3788 μὴν
594 3716 953 3787 σπερμάτων,
996 3715 1093 3770 καὶ
1146 3712 1339 3779 ὓδατος
1377 3714 1652 3787 άρδοντος,
1704 3714 1798 3767 καὶ
1849 3728 1944 3766 πεηι

358 3810 536 3882 ριόδου
576 3809 807 3882 καιρῶν,
850 3809 945 3865 καὶ
997 3807 1265 3880 χειμῶνος
1310 3806 1663 3870 πυκνοῦντος,
1710 3806 1804 3859 καὶ
1855 3805 1944 3859 θέ-

357 3915 487 3972 ρους
524 3897 765 3962 λύοντος,
808 3898 903 3951 καὶ
937 3896 1121 3968 πάσης
1156 3895 1362 3968 ταύτης
1392 3896 1493 3966 τῆς
1526 3895 1816 3964 ἐγκυκλίου
1854 3910 1949 3948 τα-

355 3989 688 4060 λαιπωρίας,
747 3989 796 4040 εί
842 3987 916 4059 μὴ
954 3986 1045 4041 διὰ
1075 3986 1367 4060 πρόχειρον
1420 3986 1766 4059 προπάτορος
1808 3986 1946 4040 ἀπό-

356 4081 550 4134 λαυσιν
612 4079 840 4150 ταύτην,
894 4078 1383 4151 κατεψηφίσθημεν
1442 4078 1542 4149 τὴν
1595 4077 1704 4131 τῶν
1769 4075 1947 4130 πόνων

356 4171 631 4243 περίοδον
664 4171 777 4225 ἀλλ’
810 4171 1109 4243 ἐμέλλομεν
1147 4172 1341 4243 ἑτέραν
1370 4170 1491 4224 τινὰ
1522 4168 1675 4242 παρὰ
1701 4168 1799 4241 τὴν
1819 4171 1952 4242 ὁρω-

362 4263 536 4336 μένην
563 4264 775 4333 διάγειν
800 4263 894 4319 τοῦ
931 4265 1049 4336 βίου
1094 4264 1447 4328 κατάστασιν,
1483 4259 1552 4337 ἦς
1595 4263 1758 4318 πάλιν
1799 4263 1951 4317 ἐλπί-

358 4355 529 4427 ζομεν
584 4357 883 4428 ἐπιτυχεῖν,
918 4358 1048 4411 ὅταν
1081 4356 1179 4429 τὴν
1232 4355 1460 4428 ἐμπαθῆ
1520 4355 1666 4429 ζωὴν
1714 4356 1805 4410 διὰ
1852 4357 1951 4428 τῆς

359 4449 713 4513 ἀναστάσεως
740 4447 1267 4521 ἀωσκευασώμεθα.
1294 4446 1443 4520 Αὕτη
1467 4447 1578 4521 γὰρ
1601 4451 1634 4521 ή
1659 4449 1961 4521 εὐεργεσία
1982 4480 2025 4535 D

357 4541 461 4612 τῆς
485 4541 580 4595 τοῦ
620 4541 757 4596 Θεοῦ
804 4540 943 4614 πρὸς
961 4542 1110 4612 ἡμᾶς
1156 4539 1646 4611 συγκαταθάσεως,
1681 4541 1767 4595 ἵνα
1815 4542 1950 4613 πρὸς

357 4632 460 4704 τὴν
489 4632 729 4686 παλαιὰν
755 4632 1227 4704 ἀποκαταστῶμεν
1253 4631 1431 4700 ἀξίαν·
1461 4626 1530 4704 ἦς
1553 4630 1950 4704 φιλανθρώπως

364 4723 783 4796 μεταλαᾶόντες,
802 4724 1140 4797 εὐαισθήτως
1169 4723 1270 4796 τὴν
1288 4724 1448 4796 χάριν
1463 4723 1563 4778 οὐκ
1584 4723 1947 4795 ἐφυλάξαμεν.

363 4819 608 4892 Νηστεία
640 4818 742 4891 τῆς
795 4817 1098 4890 μελλούσης
1132 4818 1277 4890 ζωῆς
1312 4816 1494 4871 εἰκών·
1522 4816 1621 4889 τῆς
1666 4814 1949 4887 ἀφθάρτου

363 4910 640 4982 διαγωγῆς
672 4910 917 4982 μίμημα.
962 4910 1109 4965 Ἐκεῖ
1140 4909 1240 4963 οὐκ
1282 4908 1390 4962 εἰσὶ
1428 4908 1604 4972 πότοι,
1646 4908 1766 4961 οὐδὲ
1816 4908 1951 4963 ἀπο-

363 5001 602 5068 λαὺσεις.

435 5260 639 5315 Ἔασον
660 5261 751 5313 τὸν
784 5259 999 5332 πρῶτον
1039 5258 1351 5329 ἄνθρωπον,
1388 5258 1493 5329 ὁδῷ
1537 5259 1632 5311 καὶ
1667 5257 1793 5328 ἑξῆς
1826 5259 1981 5341 τοὺς,

369 5352 487 5423 μετ’
518 5352 725 5407 ἐκεῖνον
759 5351 1164 5423 ἀπαρίθμησαι.
1194 5351 1258 5404 Τί
1292 5351 1381 5404 τὸν
1420 5351 1627 5405 δίκαιον
1640 5349 1763 5402 Νῶε
1788 5350 1953 5420 ἀσχη-

369 5449 549 5519 μονεῖν
583 5445 853 5515 ἐποίησεν,
886 5445 944 5497 ἐν
980 5443 1309 5515 ἀναισθησία
1338 5443 1693 5515 γυμνωθέντα
1723 5441 1830 5495 τῶν
1858 5459 1955 5513 με·

366 5535 496 5600 λῶν,
536 5535 902 5592 ἀτςκέπεσθαι
935 5536 1122 5606 νόμος,
1153 5536 1248 5589 καὶ
1270 5534 1361 5588 τὸν
1385 5533 1634 5605 προπετῆ
1671 5534 1799 5605 Χάμ
1836 5535 1955 5587 ἐπι-

443 5736 487 5773 ¹³
528 5737 667 5795 Gen.
705 5752 797 5799 III,
840 5735 1016 5804 [ειμι.
1100 5734 1140 5766 ’⁸
1180 5735 1316 5789 Gen.
1354 5751 1442 5799 ix,
1472 5734 1531 5787 2i
1576 5750 1695 5803 sqq,

2051 3243 2520 3314 reprehendimus.
2558 3242 2744 3314 Neque
2776 3247 2922 3302 enim
2963 3247 3051 3303 lex
3088 3248 3279 3318 ieiunii
3314 3253 3470 3308 nobis
3506 3253 3631 3308 data

2049 3343 2231 3401 esset,
2277 3336 2379 3390 nisi
2420 3335 2506 3392 lex
2542 3337 2732 3406 prima:
2775 3342 3152 3410 temperantia:
3191 3352 3247 3396 et
3282 3344 3632 3403 abstinentiae

2052 3427 2247 3482 violata
2288 3427 2501 3484 fuisset.
2545 3427 2658 3487 Nec
2696 3438 2889 3486 venter
2940 3433 3272 3490 insidiatoris
3311 3450 3505 3491 nomen
3551 3448 3635 3494 tu-

2052 3518 2221 3587 lisset,
2261 3520 2364 3577 nisi
2403 3531 2666 3594 pratextu
2714 3521 3007 3597 voluptatis
3053 3538 3336 3598 peccatum
3388 3529 3634 3587 induxis-

2050 3622 2154 3666 set.
2186 3611 2297 3669 Nec
2325 3628 2463 3685 opus
2494 3615 2693 3672 fuisset
2719 3626 2935 3684 aratro,
2964 3632 3067 3675 nec
3096 3619 3270 3675 bobus
3300 3622 3632 3688 aratoribus,

2052 3718 2229 3775 neque
2279 3706 2567 3775 proscissis
2624 3707 2825 3774 sulcis,
2866 3714 3045 3777 neque
3083 3713 3417 3779 seminibus,
3459 3730 3635 3785 neque

2051 3811 2189 3866 aqua
2224 3796 2292 3852 ad
2324 3797 2695 3869 irrigandum,
2736 3815 2915 3872 neque
2942 3802 3166 3872 periodo
3198 3789 3500 3875 temporum
3523 3848 3538 3871 ,
3576 3816 3639 3861 ut

2052 3888 2263 3952 hieme,
2298 3902 2419 3957 qua
2452 3889 2707 3962 astringit
2743 3899 2798 3946 et
2847 3895 3144 3949 condensa!
3167 3933 3181 3960 ,
3212 3900 3267 3949 et
3296 3906 3486 3953 testate
3516 3912 3636 3967 qua:

2051 3978 2258 4034 solvit:
2296 3980 2405 4037 imo
2445 3981 2514 4036 ab
2551 3983 2699 4037 omni
2750 3984 2852 4038 ista
2902 3984 3159 4040 circulari
3208 3986 3426 4041 miseria
3478 3988 3641 4044 liberi

2052 4067 2384 4137 fuissemus,
2425 4069 2532 4124 nisi
2570 4069 2643 4126 ob
2679 4068 2839 4141 primi
2882 4074 3123 4141 parentis
3175 4077 3347 4129 nostri
3396 4092 3637 4147 praepro-

2053 4170 2234 4229 peram
2272 4158 2595 4230 voluptatem
2624 4161 2693 4216 ad
2729 4161 2869 4216 hanc
2913 4160 3156 4216 laborum
3198 4165 3473 4232 periodum
3503 4179 3638 4220 con-

2052 4248 2292 4304 demnaﬁ
2334 4249 2673 4317 fuissemus;
2712 4251 2808 4306 sed
2847 4250 3010 4305 aliam
3052 4253 3347 4321 quamdam
3389 4256 3511 4308 vita:
3547 4270 3635 4310 ra-

2056 4342 2255 4398 tionem
2296 4343 2366 4399 ab
2405 4343 2505 4400 ista
2561 4352 2830 4414 praesente
2869 4343 3100 4399 multum
3140 4343 3414 4400 diversam
3457 4350 3635 4402 acturi

2054 4446 2296 4497 eramus,
2319 4448 2483 4502 quam
2515 4445 2614 4489 nos
2645 4442 3062 4502 recuperaturos
3089 4448 3393 4504 speramus,
3421 4439 3638 4506 quando

2057 4522 2222 4577 vitam
2259 4522 2403 4578 hanc
2440 4523 2620 4594 pravis
2654 4520 3032 4579 aiisctiouibus
3067 4522 3358 4581 obnoxiam
3410 4537 3507 4597 per
3557 4543 3642 4583 re-

2058 4615 2449 4670 surrectionem
2490 4616 2824 4672 exuerimus.
2864 4614 2978 4671 Hoc
3014 4617 3162 4672 enim
3198 4617 3521 4673 beneficium
3556 4628 3641 4676 est

2061 4703 2152 4759 Dei
2191 4705 2257 4757 ad
2290 4720 2390 4759 nos
2422 4704 2830 4770 descensionis,
2872 4713 2925 4760 ut
2966 4705 3020 4760 in
3075 4704 3354 4774 antiquam
3395 4707 3637 4778 dignita-

2058 4801 2169 4849 tem
2204 4794 2578 4862 restituamur,
2616 4796 2774 4867 cuius
2802 4810 2927 4851 cum
2966 4795 3198 4866 benigne
3228 4797 3523 4867 participes
3552 4796 3637 4851 fa-

2056 4887 2128 4945 cti
2162 4901 2447 4956 essemus,
2484 4890 2721 4960 gratiam
2756 4889 3155 4959 circumspecte
3193 4898 3298 4943 neu
3334 4889 3635 4945 custodivi-

2061 4994 2203 5035 mus.
2250 4979 2523 5049 ieiunium
2569 4983 2693 5038 vita:
2741 4980 2935 5038 futurae
2978 4982 3155 5052 imago
3183 4990 3289 5036 est.
3337 4980 3639 5051 lncorrupti

2062 5081 2236 5127 status
2275 5073 2526 5129 imitatio.
2561 5073 2637 5129 lbi
2671 5091 2779 5129 non
2807 5083 2936 5130 sunt
2963 5075 3428 5144 computationes,
3468 5089 3640 5144 neque

2060 5164 2506 5220 corncssatioues.

2054 5270 2063 5277 ί
2130 5255 2198 5310 At
2238 5256 2480 5325 relinque
2517 5258 2749 5325 primunt
2792 5257 3069 5311 hominem
3096 5295 3110 5321 ,
3153 5271 3320 5327 perge
3358 5256 3587 5313 ulterius
3619 5274 3635 5323 ;

2059 5354 2114 5403 et
2146 5356 2390 5415 posteros
2417 5347 2538 5417 eius
2577 5364 2860 5404 enumera.
2894 5349 3033 5415 Quid
3084 5346 3234 5417 iusto
3266 5347 3378 5404 Noe
3411 5349 3639 5419 ignomi-

2063 5439 2205 5494 niam
2236 5439 2582 5505 conciliavit,
2618 5456 2740 5495 cum
2778 5444 3015 5494 nudatus
3052 5451 3199 5495 esset
3234 5440 3300 5494 iis
3340 5438 3596 5493 membris
3622 5476 3637 5497 ν

2065 5549 2183 5603 qua:
2225 5544 2419 5590 natura
2461 5535 2567 5604 tegi
2602 5535 2754 5606 jubet
2786 5537 2871 5588 u'?
2912 5534 3051 5602 Quid
3080 5531 3432 5590 temerarium
3466 5528 3638 5583 Citam
