4076 6144
435 259 542 314 575

1723 259 1782 313 S.
1822 259 2094 316 ASTERII
2125 259 2430 316 'AMASENI

3590 254 3694 309 5'76

439 374 653 430 induxit
676 415 691 439 ,
725 383 784 428 ut
819 382 1030 445 patrem
1062 371 1364 428 irrideret?
1394 373 1462 428 ita
1499 382 1556 428 ut
1587 387 1653 429 ex
1683 391 1792 430 uno
1827 377 2020 432 delicto

2152 377 2352 432 ἐλάσαι
2373 381 2438 448 τῇ
2477 378 2616 450 μέθῃ
2648 375 2742 430 τοῦ
2776 375 2979 446 πατρὸς
3015 369 3446 444 παρεσκεύασεν,
3479 369 3565 423 ἵνα
3599 369 3697 437 γέ-

440 466 549 520 duo
579 466 720 520 mala
745 465 1091 520 exstiterint:
1126 479 1228 518 una
1259 466 1402 520 enim
1429 466 1659 520 ebrietas
1687 477 1894 536 patrem
1924 470 2020 522 de-

433 557 556 610 .bito
591 565 924 626 tegumenta.
957 565 1010 610 et
1045 553 1210 609 ﬁlium
1263 555 1514 612 libertate
1549 558 1795 627 privavit.

513 733 792 786 Ceterum
822 735 1042 800 quando
1078 734 1272 788 iterum
1305 738 1490 791 oculos
1523 750 1673 792 meos
1707 737 1924 792 reflecte
1954 740 2020 794 ad

451 823 564 880 Heli
601 826 940 880 sacerdotem
975 826 1041 894 η,
1073 827 1208 883 etin
1243 828 1406 883 rebus
1444 829 1512 884 ab
1540 829 1658 899 ipso
1684 832 1849 899 gestis
1875 847 2026 886 men-

448 925 555 970 tem
595 931 832 986 ocenpn,
872 919 1140 990 integram
1177 929 1422 974 catenam
1459 921 1831 976 calamitatum
1865 939 1932 978 ex
1965 939 2025 978 se

447 1015 637 1061 mutuo
676 1023 939 1062 nexarum
999 1009 1251 1075 invenio;
1299 1024 1421 1078 qua:
1459 1011 1526 1064 ab
1567 1026 1672 1067 uno
1725 1013 2021 1082 principio,

449 1112 642 1170 nempe
661 1115 690 1153 a
715 1110 903 1156 ventre
930 1111 985 1157 et
1007 1102 1256 1158 satietate
1283 1103 1544 1172 originem
1574 1106 1860 1160 duxerunt.
1889 1105 2023 1161 Nam

455 1191 548 1246 ﬁlii
583 1191 704 1248 Heli
744 1194 917 1261 patris
947 1194 1029 1249 sui
1067 1194 1429 1250 sacerdotium
1461 1210 1559 1265 pro
1591 1198 1880 1254 occasione
1906 1198 2028 1254 libi-

451 1284 593 1338 dinis
617 1293 673 1339 et
698 1285 858 1340 luxus
887 1286 1230 1356 arripientes,
1256 1287 1520 1344 sacriﬁcia
1545 1289 1900 1359 profanabant
1929 1331 1945 1357 ,
1973 1301 2028 1346 et

453 1374 603 1443 prius
650 1375 826 1430 ventri
874 1390 973 1430 suo
991 1381 1025 1442 ,⁸
1055 1392 1220 1445 quam
1277 1378 1386 1433 Deo
1432 1379 1499 1434 de
1541 1380 1732 1437 hostiis
1763 1383 2029 1451 primitias

457 1466 778 1522 offerebant.
810 1468 1009 1522 Secuta
1037 1479 1123 1523 est
1152 1470 1444 1526 fornicatio
1465 1513 1480 1536 ,
1507 1487 1663 1528 soror
1691 1460 2026 1530 deliciarum.

465 1557 573 1613 Sed
627 1557 712 1612 his
757 1559 1012 1616 omnibus
1073 1563 1389 1630 supervenit
1432 1562 1700 1631 judicium
1751 1565 2030 1629 divinum,

455 1649 597 1719 quod
657 1664 901 1705 severam
956 1649 1112 1706 valde
1160 1662 1214 1708 et
1267 1653 1656 1710 inexorabilem
1702 1656 2028 1711 sententiam

2124 484 2283 538 νηται
2305 466 2399 520 δύο
2419 466 2566 519 κακά
2609 467 2674 518 δι’
2705 465 2820 529 ἑνὸς
2865 462 3370 534 πλημμελήματος;
3429 459 3543 513 Μία
3586 459 3694 529 γάρ

2126 558 2265 628 μέθη
2299 559 2390 610 καὶ
2421 556 2759 625 τὸν-πατέρα
2819 556 2920 624 τῆς
2971 550 3277 623 εὐπρεποῦς
3315 549 3543 612 σκέπης,
3602 548 3698 600 καὶ

2107 651 2200 705 τὸν
2213 648 2324 702 υἱὸν
2348 648 2446 718 τῆς
2469 646 2796 716 ἐλευθερίας,
2828 643 3162 714 ἐγύμνωσεν.

2197 739 2364 793 Ὅταν
2392 739 2446 792 δὲ
2477 738 2638 792 πάλιν
2678 737 2813 808 πρὸς
2837 735 2963 796 τοὺς
2992 733 3190 794 παῖδας
3221 729 3397 785 ἀπίδω
3436 729 3585 783 Ἠλεὶ
3603 728 3699 782 τοῦ

2128 831 2317 902 ἱερέως
2345 829 2440 882 καὶ
2478 828 2614 898 πρὸς
2647 828 2859 898 εκείνην
2900 824 2998 896 τὴν
3027 823 3265 894 ἱστορίαν
3301 820 3584 890 ἀσχολήσω
3611 819 3703 871 τὸν

2124 921 2271 983 νοῦν,
2306 920 2546 992 ὀρμαθὸν
2596 919 2836 991 εὑρίσκω
2870 915 3189 986 συμφορῶν,
3223 913 3478 983 ἀλλήλαις
3519 910 3702 964 συνδε-

2123 1013 2364 1084 δεμένων
2397 1011 2506 1066 ἀπὸ
2531 1012 2658 1082 μιᾶς
2678 1010 2874 1082 ἀρχῆς,
2902 1009 3002 1080 τῆς
3016 1008 3104 1062 διά
3120 1006 3379 1078 γαστέρα,
3399 1004 3493 1059 καὶ
3519 1005 3700 1075 κόρον.

2129 1103 2384 1156 Κάκεῖνοι
2419 1100 2527 1171 γάρ
2556 1101 2656 1172 τὴν
2694 1098 2790 1153 τοῦ
2837 1099 3043 1170 πατρὸς
3092 1097 3417 1169 ἱερωσύνην,
3449 1095 3707 1166 ἀφορμὴν

2131 1195 2345 1265 θέμενοι
2395 1191 2730 1264 ἡδυπαθείας
2798 1191 2893 1244 καὶ
2953 1189 3306 1251 ἀπολαύσεως
3361 1186 3458 1250 τὰς
3514 1185 3709 1247 θυσίας

2131 1285 2419 1358 ἐϐεϐήλουν
2454 1284 2547 1338 καὶ
2584 1287 2648 1355 τῇ
2682 1282 2880 1354 γαστρὶ
2913 1281 3019 1353 πρὸ
3053 1281 3146 1334 τοῦ
3179 1278 3314 1333 Θεοῦ
3335 1279 3444 1332 τῶν
3491 1276 3710 1348 ἱερείων

2130 1383 2456 1453 ἀπήρχοντο.
2500 1378 2810 1433 Ἠκολούθει
2845 1377 2900 1431 δὲ
2923 1377 3017 1430 καὶ
3042 1379 3075 1447 ἠ
3103 1375 3346 1446 πορνεία,
3377 1371 3577 1443 ἀδελφὴ
3608 1371 3713 1441 τῆς

2129 1473 2340 1546 τρυφῆς
2387 1472 2652 1544 ἁμαρτία,
2705 1471 2798 1523 καὶ
2854 1469 3065 1532 τούτοις
3127 1468 3293 1520 πᾶσιν
3348 1467 3381 1534 ἡ
3417 1462 3566 1535 παρά
3612 1461 3711 1516 τοῦ

2131 1563 2266 1617 Θεοῦ
2303 1561 2504 1634 κρίσις,
2536 1558 2814 1630 αὐστηρὰν
2845 1559 2938 1611 καὶ
2969 1557 3241 1625 ἀπότομον
3291 1551 3390 1623 τὴν
3418 1551 3572 1622 δίκην
3613 1551 3715 1602 ὲπ-

2133 1658 2363 1726 ἀγουσα.
2401 1654 2594 1716 Ἔθνος
2622 1653 2731 1724 γὰρ
2771 1651 3026 1721 πολέμιον
3048 1649 3114 1701 δι’
3157 1645 3395 1708 ἐκείνους
3425 1644 3563 1698 κατά
3602 1642 3714 1695 τῶν

457 1741 718 1808 induxit;
777 1757 902 1797 nam
959 1750 1180 1813 propter
1226 1743 1348 1800 illos
1397 1759 1532 1816 gens
1583 1745 1794 1801 hostilis
1844 1756 2030 1801 contra

2152 1747 2531 1821 Ἰεροσολύμων
2569 1745 2917 1816 ἐστράτευσε.
2952 1743 3061 1796 Καὶ
3099 1741 3184 1793 ἵνα
3212 1737 3415 1807 πλῆθος
3466 1735 3716 1808 σκυθρω-

459 1831 895 1903 Hierosolymam
945 1835 1242 1904 pugnabat.
1289 1836 1354 1890 Et
1385 1845 1444 1891 ut
1479 1838 2035 1900 tristibns_narratio-

461 1923 620 1979 nibus
649 1923 1030 1993 compendium
1072 1925 1334 1982 faciamus
1356 1966 1372 1990 ,
1403 1927 1588 1983 lascivi
1618 1929 1696 1983 illi
1723 1929 1952 1999 juvenes
1980 1928 2034 1983 in

458 2015 577 2071 acie
603 2015 948 2080 ceciderunt,
998 2019 1171 2086 patria
1209 2018 1368 2073 simul
1413 2035 1534 2073 cum
1577 2021 1686 2075 reis
1729 2020 2031 2090 periclitata

460 2115 543 2162 est
570 2147 587 2173 ,
622 2121 748 2161 arca
782 2107 872 2163 Dei
907 2117 1060 2178 capta
1096 2121 1150 2164 et
1179 2110 1247 2164 ab
1278 2111 1523 2166 hostibus
1555 2112 1788 2166 abducta
1819 2130 1831 2166 :
1866 2123 1919 2167 et
1946 2126 2035 2167 sc-

465 2200 556 2253 nio
581 2198 864 2254 confectus
900 2200 1156 2256 sacerdos
1183 2202 1387 2256 nuntiis
1414 2201 1663 2258 infaustis
1691 2188 2034 2260 immortuns.

461 2288 693 2345 Tantum
726 2290 987 2346 malorum
1017 2291 1085 2347 ob
1115 2292 1252 2362 gulae
1280 2293 1606 2363 voluptatem
1643 2295 1847 2350 civitati
1883 2295 2036 2350 inve-

461 2391 605 2436 ctum
634 2391 734 2437 εει.

535 2473 734 2530 Omnes
761 2476 924 2546 igitur
942 2476 1268 2546 jejunemus.
1293 2479 1362 2533 At
1381 2479 1724 2535 sacerdotum
1751 2480 2042 2536 familiares

462 2563 731 2634 jejunium
774 2582 873 2636 pro
902 2568 1203 2624 domestico
1232 2578 1286 2623 et
1309 2571 1460 2638 quasi
1499 2569 1740 2640 ejusdem
1770 2570 1905 2627 laris
1931 2587 2044 2625 ma-

465 2658 636 2727 gistro
685 2661 1058 2728 temperantiae
1113 2661 1348 2727 habere,
1399 2671 1454 2716 et
1500 2664 1738 2731 ejusdem
1776 2672 2045 2734 praecepta

466 2746 658 2805 audire
700 2752 944 2816 debent;
1005 2753 1299 2807 absurdum
1351 2754 1496 2808 enim
1556 2756 2044 2812 nummulariorum

470 2842 610 2898 filios
637 2839 846 2913 argenti
873 2845 1134 2914 probandi
1163 2845 1413 2914 peritiant
1444 2854 1628 2902 tenere
1655 2888 1669 2912 ,
1693 2856 1749 2901 et
1775 2847 2046 2902 fabrorum

469 2933 766 2990 familiares
794 2935 940 2990 circa
974 2936 1150 3006 ignem
1179 2945 1231 2990 et
1256 2936 1504 2991 incudem
1531 2939 1734 2991 versari
1765 2956 1778 3004 ;
1806 2953 1901 2993 eos
1924 2953 2050 2992 vero

471 3025 566 3094 qui
611 3039 734 3080 eum
785 3025 1160 3082 sacerdotibus
1211 3027 1436 3098 degunt,
1485 3029 1610 3082 sive
1643 3029 1752 3082 sint
1797 3031 2047 3100 cognati,
2078 3067 2122 3124 ε

473 3118 589 3173 sive
629 3117 738 3172 alio
781 3119 940 3173 modo
981 3118 1033 3172 in
1085 3119 1342 3174 familiam
1396 3121 1668 3189 coeptati,
1726 3136 1979 3177 exerrare
2021 3140 2049 3176 ιι

475 3225 641 3281 copo
659 3197 685 3278 ,’
705 3209 771 3264 ad
805 3225 964 3280 quem
1013 3209 1230 3266 familiae
1280 3211 1474 3268 ductor
1513 3223 1567 3266 et
1614 3210 1871 3266 Dominus
1904 3229 2052 3268 suam

473 3303 642 3358 vitam
674 3299 1018 3357 eonformare
1045 3302 1223 3360 debet.

548 3393 630 3451 Ob
657 3396 864 3450 ventris
894 3394 1199 3464 cupidinem
1230 3395 1430 3465 ingenti
1461 3396 1659 3449 damno
1698 3394 1922 3450 affectus
1971 3406 2052 3449 est

478 3488 621 3544 Esau
652 3488 837 3543 senior
871 3487 1012 3541 ﬁlius
1045 3485 1217 3542 lsaaci
1251 3487 1316 3538 ".
1357 3486 1490 3541 Cum
1532 3487 1673 3541 enim
1713 3501 1776 3541 ex
1819 3487 2058 3556 professo

479 3587 707 3633 venator
745 3586 920 3642 esset,
961 3586 1018 3630 et
1055 3576 1221 3631 semel
1270 3585 1395 3645 post
1438 3576 1660 3630 multam
1717 3577 2058 3645 defatigatio-

482 3683 608 3724 nem
640 3669 859 3724 domum
896 3683 1148 3723 reversus
1177 3682 1303 3737 erga
1337 3669 1668 3738 prepositam
1701 3684 1882 3724 escam
1920 3667 2060 3723 fame

491 3771 547 3816 et
605 3761 880 3818 desiderio
947 3758 1268 3814 intolerabili
1325 3757 1649 3824 afﬁceretur,
1705 3760 2062 3830 primogenita

490 3871 587 3910 sua
613 3869 713 3924 pro
755 3851 1010 3906 lenticula
1042 3849 1196 3904 fratri
1225 3865 1325 3905 suo
1370 3850 1628 3904 vendidit.
1663 3851 1737 3904 Ex
1767 3866 1872 3920 quo
1898 3851 2060 3906 etiam

486 3947 708 4011 evenit,
744 3952 1028 4012 nt'postea
1078 3942 1251 3998 eidem
1301 3941 1738 3998 benedictionem
1781 3951 2060 4012 paternam

487 4038 806 4109 praeriperet
840 4035 923 4089 ":
978 4044 1034 4089 et
1082 4033 1160 4089 sic
1207 4033 1462 4102 paulatim
1502 4049 1533 4088 a
1577 4034 1777 4089 virtute
1822 4043 1926 4088 eta
1957 4035 2065 4090 Deo

488 4128 859 4191 abalienatus,
892 4126 1314 4196 patriarchalem
1376 4126 1602 4196 gloriam
1650 4125 1850 4179 amisit.
1896 4126 1962 4180 Et
1999 4126 2066 4180 ab

488 4215 706 4272 lsraelis
733 4215 1104 4270 fatniliaritate
1132 4223 1418 4284 separatus
1441 4256 1455 4281 ,
1495 4215 1609 4283 ipse
1640 4223 1694 4270 et
1721 4215 1986 4271 barbarus
2013 4226 2067 4271 et

487 4308 789 4380 alienigena
834 4305 1047 4373 factus,
1079 4316 1187 4362 tam
1231 4321 1578 4363 numerosum
1610 4320 1676 4362 ex
1712 4321 1770 4362 se
1809 4306 2064 4377 populum

489 4401 814 4472 procreavit.

561 4493 662 4550 llic
693 4494 806 4564 ipse
844 4494 1066 4550 morbus
1090 4493 1254 4549 etiam
1297 4491 1513 4548 Veteris
1539 4490 1874 4547 Testamenti
1903 4506 2073 4561 popu-

492 4589 602 4641 lum
632 4585 700 4641 ad
733 4585 1224 4657 transgressionem
1271 4585 1573 4639 divinarum
1620 4583 1796 4654 legum
1841 4583 2070 4638 induxit.

491 4680 626 4732 Cum
679 4678 822 4732 enim
876 4676 1091 4748 Moyses
1134 4679 1189 4731 in
1233 4677 1347 4748 lege
1385 4675 1699 4748 accipienda
1745 4686 1798 4730 et
1849 4674 2071 4730 ferenda

491 4781 794 4841 occupatus
823 4782 1000 4838 esset,
1037 4773 1126 4827 isti
1159 4772 1402 4841 abruptis
1432 4773 1683 4826 omnibus
1708 4770 1979 4841 repagulis
2007 4772 2072 4824 ad

495 4865 678 4918 luxum
711 4871 767 4918 et.
800 4863 1028 4917 choreas
1081 4863 1324 4917 conversi
1367 4874 1492 4916 sunt
1524 4863 1566 4893 "
1597 4879 1609 4915 :
1646 4876 1782 4931 quos
1833 4861 2076 4916 diabolus

497 4957 571 5010 ita
611 4953 957 5018 vacillantes,
986 4962 1043 5008 et
1071 4952 1357 5007 honestam
1392 4952 1515 5007 vita:
1545 4951 1809 5005 rationem
1850 4949 2075 5004 concula

497 5058 685 5103 cantes
739 5033 941 5102 sensim
997 5046 1064 5100 ad
1119 5046 1448 5115 impietatem
1491 5043 1720 5097 induxit.
1761 5042 1893 5096 Hine
1925 5040 2075 5095 vituli

499 5139 810 5205 fabricatio,
833 5138 1135 5195 dialtolicus
1165 5136 1362 5202 cultus,
1391 5136 1571 5189 Aaron
1607 5133 1801 5204 piaculi
1832 5147 2076 5192 consors.

500 5230 635 5301 legis
658 5230 968 5300 corruptio,
1008 5228 1307 5283 tabularum
1353 5227 1646 5289 contritio,
1680 5235 1734 5278 et
1767 5223 1967 5295 Moysis
1995 5236 2080 5277 se-

499 5320 710 5376 cundus
759 5319 813 5374 itt
859 5329 1094 5375 montem
1143 5334 1436 5383 ascensus,
1473 5329 1526 5372 et
1559 5319 1739 5373 omnia
1791 5319 1934 5381 haec,
1963 5329 2082 5385 qua:

500 5427 654 5468 sacra
699 5412 926 5468 historia
978 5422 1086 5466 tam
1131 5411 1385 5468 ﬁehiliter
1422 5411 1769 5474 lamentatur,
1805 5423 1871 5461 ex
1898 5407 2083 5460 immo-

497 5504 625 5562 dico
653 5502 775 5560 cibo
809 5501 1132 5574 principium
1161 5512 1215 5557 et
1240 5514 1465 5558 "ausam
1495 5506 1868 5570 sumpserunt.

581 5682 623 5713 "
662 5681 677 5736 Ι
715 5683 838 5757 Reg.
876 5700 949 5754 tv,
986 5686 1008 5740 1
1043 5702 1162 5757 sqq.
1245 5686 1278 5714 ‘7
1325 5686 1460 5740 Gen.
1495 5697 1618 5745 xxv,
1649 5679 1716 5734 30
1747 5692 1865 5748 sqit-

1940 5675 1984 5708 ”
2009 5676 2143 5732 Gen.
2173 5690 2342 5737 xvi-it,
2373 5673 2435 5727 l9
2476 5686 2593 5739 sqq.

2136 1841 2254 1894 πῶν
2280 1839 2635 1910 διηγημάτων
2675 1835 2940 1906 συντέμω,
2993 1837 3040 1886 οἱ
3076 1833 3172 1904 μὲν
3212 1830 3500 1884 ἀκόλαστοι
3536 1826 3718 1880 νεανί-

2139 1951 2278 1995 σκοι,
2300 1933 2391 1986 ἐπὶ
2423 1931 2524 2000 τῆς
2557 1927 2914 2000 παρατάξεως
2944 1926 3160 1987 ἔπεσον,
3199 1923 3294 1976 καὶ
3320 1924 3352 1993 ἡ
3380 1921 3576 1992 πατρὶς
3602 1921 3718 1981 τοῖς

2137 2024 2442 2098 ἁμαρτοῦσι
2475 2021 2929 2076 συνεκινδύνευσε.
2986 2019 3080 2071 καὶ
3117 2019 3150 2087 ἠ
3181 2014 3274 2068 τοῦ
3315 2010 3448 2066 Θεοῦ
3485 2011 3720 2074 κιϐωτὸς

2138 2115 2479 2188 αἰχμάλωτος
2514 2113 2666 2184 παρὰ
2692 2112 2801 2164 τῶν
2838 2109 3110 2185 πολεμίων
3143 2105 3390 2177 ἀπήχθη,
3431 2104 3524 2156 καὶ
3626 2100 3722 2168 γὲο

2278 2208 2306 2260 ὁ
2331 2206 2509 2277 ἱερεὺς
2541 2205 2661 2266 ταῖς
2701 2198 2986 2268 ἀγγελίαις
3034 2195 3140 2248 τῶν
3171 2190 3354 2248 κακῶν
3387 2187 3720 2249 ὲπαπέθανε,

2141 2277 2233 2353 καὶ
2259 2295 2513 2358 τοσοῦτος
2552 2293 2716 2364 ἐσμὸς
2749 2289 2932 2344 κακῶν
2975 2285 3065 2342 διὰ
3103 2285 3380 2356 φάρυγγος
3417 2277 3605 2350 ἡδονὴν
3620 2279 3725 2329 ἐπη-

2140 2389 2343 2462 ηνέχθη
2376 2392 2439 2460 τῇ
2459 2386 2628 2440 πόλει.

2215 2483 2422 2544 Πάντες
2441 2476 2534 2532 οὖν
2563 2475 2968 2548 νηστεύσωμεν·
2998 2473 3048 2523 οἱ
3080 2468 3137 2522 δὲ
3159 2466 3266 2519 τῶν
3302 2464 3492 2534 ἱερέων
3509 2461 3726 2520 οἰκεῖοι,

2145 2579 2239 2631 καὶ
2303 2560 2523 2647 μ’ᾶλλον,
2580 2571 2656 2633 ὡς
2707 2567 2952 2620 σύνοικον
2986 2563 3201 2633 ἔχοντες
3249 2553 3564 2610 διδάσκαλον
3621 2549 3729 2618 τῆς

2147 2640 2493 2736 ἐγκρατείας.
2527 2661 2618 2712 καὶ
2646 2658 2743 2726 ἀφ’
2777 2655 2984 2717 ἑστίας,
3027 2651 3096 2704 τὰ
3122 2648 3382 2718 φιλόσοφοι
3415 2640 3733 2736 παραγγέλσ-

2152 2773 2315 2826 ματα.
2371 2754 2604 2804 ’Ἄτοπον
2651 2749 2758 2820 γὰρ
2784 2747 2910 2809 τοὺς
2958 2744 3055 2815 μὲν
3088 2740 3282 2802 παῖδας
3327 2737 3437 2789 τῶν
3470 2731 3733 2806 τραπεζιο

2149 2847 2279 2911 τῶν,
2326 2840 2826 2914 ἀργυρογνώμονας
2860 2835 3021 2899 εἶναι,
3051 2833 3145 2887 καὶ
3191 2831 3317 2892 τοὺς
3349 2826 3578 2889 οἰκείους
3617 2823 3733 2876 τῶν

2153 2933 2396 3007 χαλκέων
2428 2931 2556 3001 περὶ
2589 2929 2651 2982 τὸ
2685 2927 2796 2999 πῦρ
2843 2923 3169 2997 στρέφεσθαι
3218 2920 3313 2973 καὶ
3357 2917 3447 2998 τὸν
3492 2915 3731 3007 ἄκμονα·

2153 3005 2280 3089 τοὺς
2305 3025 2362 3077 δὲ
2393 3022 2497 3076 τῶν
2526 3020 2715 3091 ἱερέων
2735 3019 2918 3087 ηὲγγὺς
2938 3016 3048 3068 εἴτε
3082 3007 3522 3090 συγγενεῖς,ξείτε
3555 3005 3738 3067 ἄλλως

2155 3118 2390 3178 οἰκείους
2423 3112 2746 3184 ἀφηνιάζειν
2767 3109 2862 3162 τοῦ
2891 3107 3116 3169 σκοποῦ,
3147 3097 3190 3172 ᾧ
3217 3103 3315 3172 ζῇν
3336 3100 3524 3169 ἔλαχεν
3567 3099 3596 3150 ὁ
3632 3096 3737 3166 τῆς

2158 3209 2340 3271 ἑστίας
2365 3203 2593 3278 ἡγεμὼν
2625 3204 2718 3258 καὶ
2738 3201 3036 3269 Δεσπότης.

2242 3388 2474 3460 Ἐϐλάϐη
2515 3386 2602 3440 διὰ
2658 3384 2901 3454 γαστέρα
2966 3383 3197 3454 μέγιστα
3247 3376 3340 3434 καὶ
3394 3381 3422 3432 ὁ
3462 3378 3590 3440 παῖς
3639 3373 3737 3428 τοῦ

2173 3483 2358 3536 Ίσαάκ
2378 3484 2406 3535 ὁ
2433 3477 2824 3550 πρεσϐύτερος.
2870 3475 3089 3546 Ἐπειδὴ
3130 3472 3238 3544 γὰρ
3271 3469 3537 3542 θηρευτὴς
3563 3467 3738 3538 ύπάρ-

2160 3593 2270 3646 χων
2294 3574 2355 3626 τὸ
2381 3570 2739 3641 ἐπιτήδευμα.
2767 3568 2856 3622 καί
2890 3583 3016 3618 ποτε
3049 3563 3186 3635 μετὰ
3216 3563 3414 3634 δρόμον
3449 3559 3618 3612 πολὺν
3646 3557 3738 3612 ἐπὶ

2160 3667 2258 3736 τὴν
2293 3663 2468 3718 οἰκίαν
2497 3659 2842 3730 ὑποστρέψας
2865 3657 3078 3727 ἁσχέτῳ
3112 3653 3268 3725 πείνῃ
3299 3653 3375 3723 τῷ
3411 3649 3739 3723 προφανέντι

2165 3757 2411 3828 βρώματι
2434 3755 2723 3825 περιέχειν.
2758 3750 2982 3804 ἀπέδοτο
3007 3749 3102 3818 μὲν
3131 3746 3209 3817 τῷ
3232 3744 3443 3815 ἀδελφῷ
3472 3741 3644 3812 φακοῦ
3674 3739 3741 3797 τά

2164 3847 2527 3920 πρωτοτόκια·
2571 3841 2777 3897 ἐκεῖθέν
2819 3859 2877 3893 τε
2931 3839 3119 3892 λοιπὸν
3174 3837 3268 3891 καὶ
3323 3837 3420 3907 τὴν
3469 3833 3742 3908 πατρικὴν

2165 3938 2410 4006 εὐλογίαν
2444 3935 2678 4004 ὲκλάπη·
2721 3933 2816 3986 καὶ
2842 3931 3011 3993 οὕτως
3058 3928 3195 3982 κατὰ
3227 3927 3419 3998 μικρὸν
3447 3925 3743 3993 ἀλλοτριω-

2167 4030 2279 4093 θεὶς
2306 4028 2507 4100 ἀρετῆς
2531 4026 2624 4078 καὶ
2649 4023 2806 4085 Θεοῦ,
2848 4022 2947 4092 τὴν
2984 4018 3389 4091 πατριαρχικὴν
3437 4015 3594 4080 δόξαν
3635 4013 3747 4070 ἀσι-

2165 4119 2351 4174 ὡλεσε·
2377 4116 2576 4172 καὶτοῦ
2613 4115 2826 4186 Ἰσραὴλ
2849 4111 2990 4166 κατά
3020 4111 3119 4182 τὴν
3141 4109 3410 4164 οἰκείωσιν
3435 4102 3745 4177 χωρισθεὶς,

2167 4209 2329 4272 αὐτός
2389 4225 2448 4260 τε
2515 4205 2788 4276 βάρϐαρος
2846 4202 3064 4269 ἐγένετο
3126 4199 3220 4252 καὶ
3287 4195 3602 4264 ἀλλόφυλος,
3651 4190 3748 4248 καὶ

2169 4301 2406 4357 τοιοῦτον
2435 4301 2494 4364 ἐξ
2532 4297 2696 4354 αὐτοῦ
2729 4297 2853 4350 λαὸν
2882 4294 3269 4362 ἀπεγέννησεν.

2105 4407 2149 4461 D
2246 4395 2394 4465 Αὕτη
2429 4395 2462 4463 ἡ
2489 4393 2662 4456 νόσος,
2690 4391 2784 4443 καὶ
2811 4389 2904 4441 τὸν
2931 4387 3028 4456 τῆς
3059 4383 3301 4445 Παλαιὲἰς
3325 4379 3599 4450 Διαθήκης
3624 4377 3750 4430 λαὸν

2176 4488 2256 4550 είς
2285 4485 2595 4557 παράϐασιν
2612 4482 2720 4534 τῶν
2744 4481 2901 4534 θείων
2922 4479 3015 4530 καὶ
3044 4474 3201 4547 ἱερῶν
3231 4473 3433 4543 νόμων,
3460 4471 3748 4548 ἐξήγαγεν.

2192 4577 2415 4648 Ἐπειδὴ
2440 4576 2549 4647 γὰρ
2574 4572 2850 4633 Μωῦσέως
2875 4571 2940 4639 τῇ
2977 4564 3278 4633 ἐπαγγελίᾳ.
3299 4562 3392 4617 τοῦ
3425 4562 3588 4632 νόμου
3627 4575 3754 4628 exo-

2177 4670 2431 4733 λὰζοντος
2451 4710 2464 4731 ,
2509 4663 2938 4733 ἐκδιαιτηθέντες
2964 4660 3012 4715 οἱ
3043 4656 3344 4726 ἄνθρωποι,
3381 4656 3515 4724 πρδς
3545 4649 3756 4720 τρυφὴν

2179 4763 2274 4816 καὶ
2300 4759 2518 4832 χορείας
2547 4756 2882 4828 ἐτράπησαν,
2918 4749 3060 4803 κατά
3089 4749 3252 4820 μέρος
3284 4747 3480 4806 αὐτοὺς
3512 4741 3757 4794 ὀλισθαί-

2183 4869 2372 4915 νοντας
2402 4851 2494 4904 καὶ
2526 4849 2829 4910 πατοῦντας
2859 4845 2956 4915 τὴν
2991 4841 3248 4910 εὐνομίαν
3299 4836 3392 4890 τοῦ
3429 4835 3542 4905 βίου
3568 4873 3582 4895 ,
3621 4833 3762 4901 πρὸς

2181 4944 2438 4998 ἀσέϐειαν
2480 4945 2507 4995 ό
2551 4939 2794 5002 διάϐολος
2839 4933 3216 5004 ἐφειλκύσατο.
3260 4927 3523 4982 Κάκεῖθεν
3570 4925 3763 4978 λοιπὸν

2187 5033 2593 5105 μοσχοποίησις,
2645 5028 2990 5098 ἐπιτήδευσις
3029 5021 3370 5094 δαιμονῶσα,
3402 5018 3495 5071 καὶ
3547 5015 3764 5086 Ἀαρὼν

2184 5125 2459 5181 κοινωνῶν
2513 5123 2606 5176 τοῦ
2650 5121 2975 5192 μιάσματος,
3027 5113 3242 5169 καὶτοῦ
3269 5113 3431 5182 νόμου
3463 5107 3760 5178 διαφθορὰ,

2185 5222 2279 5273 καὶ
2305 5218 2410 5272 τῶν
2453 5212 2672 5268 πλακῶν
2708 5209 3061 5282 συντριμμὸς,
3090 5207 3182 5261 καὶ
3207 5198 3487 5265 Μωῦσέως
3514 5200 3766 5270 δεύτερος

2185 5311 2384 5381 δρόμος
2415 5309 2518 5362 ἐπὶ·
2537 5307 2596 5359 τὸ
2630 5305 2774 5376 ὅρος,
2807 5304 2899 5356 καὶ
2925 5302 3102 5355 πάντα
3129 5299 3321 5359 ταῦτα,
3364 5298 3462 5350 ὅσα
3494 5295 3527 5364 ἡ
3555 5289 3766 5381 ἱστορία

2189 5380 2575 5473 σχετλιάζουσα
2601 5397 2942 5468 ὀλοφύρεται,
2968 5393 3076 5446 ἀπὸ
3101 5390 3357 5464 βρώσεως
3389 5387 3634 5457 ἀμέτρου
3670 5380 3771 5454 τὴν

2189 5493 2361 5566 ἀρχὴν
2395 5492 2520 5563 ἔσχε
2555 5491 2648 5544 καὶ
2682 5488 2777 5560 τὴν
2806 5486 3002 5541 αἰτίαν.

2674 5669 2713 5699 ¹⁹
2748 5663 2918 5722 Exod.
2949 5677 3095 5716 xxx"
3119 5701 3132 5726 ,
3158 5659 3250 5728 9.3,
3288 5672 3405 5727 sqq.
