4076 6144
408 261 514 318 57?

1323 261 1610 319 HOMILIA
1652 265 1788 321 XIV.
1827 264 1889 320 IN
1924 265 2323 325 PRINCIPIUM
2359 267 2801 326 JEJUMOBUM.

3560 261 3666 324 378

475 376 698 432 Θέλωδὲ
730 378 857 450 ὑμῖν
887 381 979 435 xui.
1007 379 1136 434 ἀλλο
1179 381 1518 454 παραθέσθαι
1561 385 1825 457 διήγημα,
1862 387 1978 440 δεύ-

2157 388 2313 444 Libet
2340 405 2469 444 vero
2505 398 2559 444 et
2585 389 2729 444 aliud
2753 388 3011 458 quiddam
3051 401 3496 451 commemorare,
3527 397 3662 441 tem-

403 485 562 540 τερον
610 469 708 539 μὲν
751 471 845 523 τοῦ
887 472 1275 544 προλεχθέντος
1316 478 1428 538 τοῖς
1479 477 1711 546 χρόνοις,
1749 479 1988 532 ἰσοδυνα⁹

409 559 545 631 μοῦν
575 560 632 612 δὲ
657 561 798 614 κατά
826 562 922 632 τὴν
953 566 1168 634 πρᾶξιν.
1211 565 1268 618 '0
1302 567 1473 621 Σαοὺλ
1504 571 1532 620 ὁ
1561 569 1814 638 βασιλεὺς
1843 587 1984 640 παρ-

405 651 680 717 ετάττετο,
722 653 816 708 καὶ
857 653 944 708 διὰ
974 655 1175 725 πολλῆς
1197 658 1471 728 φροντίδος
1493 655 1594 729 ἦγε
1618 661 1707 717 τὸν
1732 646 1984 733 πόλεμον

405 742 754 814 ἀπηγόρευσε
787 743 844 798 δὲ
872 744 950 815 τῷ
993 745 1108 816 λαῷ
1134 749 1342 819 τροφῆς
1373 751 1430 802 ὲν
1473 751 1656 822 ἐκείνῃ
1701 755 1766 822 τῇ
1804 753 1986 824 ἡμέρᾳ

409 832 756 905 μετώαὸεῖν,
827 835 974 906 ὅρκῳ
1024 837 1123 908 τὴν
1170 839 1349 910 κρίσιν
1400 841 1837 912 ὲπισφραγίσας,
1893 827 1985 897 xui.

407 923 632 988 θάνατος
678 921 746 1000 ἦν
791 928 825 997 ἡ
875 927 1170 1016 ζημίαιτῷ
1220 931 1649 1002 παρακούσαντι.
1698 935 1883 1005 Πάσης
1928 935 1985 988 δὲ

403 1018 506 1090 τῆς
561 1021 817 1091 στρατιᾶς
867 1020 1137 1085 εὐπειθῶς
1182 1020 1484 1092 δεξαμένης
1525 1023 1586 1075 τὸ
1633 1023 1981 1094 πρόσταγμα,

409 1111 569 1182 μόνος
593 1115 621 1166 ὁ
652 1111 748 1165 τοῦ
778 1111 1046 1182 βασιλέως
1073 1115 1202 1175 παῖς
1244 1113 1499 1167 ἰωνάθαν
1531 1116 1726 1184 σμήνει
1764 1132 1983 1186 περιτυ-

406 1200 537 1275 χὼν,
565 1202 773 1257 καὶτοῦ
803 1203 1016 1274 μέλιτος
1041 1203 1311 1274 ἡττηθεὶς,
1343 1205 1596 1275 ἐμπήξας
1627 1210 1738 1270 τοῖς
1773 1207 1982 1278 κηρίοις

404 1293 467 1347 τὸ
497 1293 796 1365 σκῆπτρον,
826 1293 922 1348 τοῦ
968 1293 1350 1366 γλυκάσματος
1396 1295 1758 1364 ἀπεγεύσατο.
1808 1297 1979 1353 *Ηλθε

403 1383 462 1436 δὲ
499 1385 669 1452 έγγὺς
698 1384 793 1438 τοῦ
827 1383 1096 1449 κινδύνου,
1129 1387 1178 1438 εί
1214 1385 1289 1458 μὴ
1324 1387 1384 1439 τὺ
1416 1387 1618 1458 πλῆθος
1651 1389 1798 1443 am»
1825 1392 1978 1462 κοινῇ

405 1474 543 1545 πρὸς
567 1473 666 1546 τὴν
693 1475 868 1547 ὁρμὴν
892 1474 986 1528 τοῦ
1020 1476 1223 1547 πατρὸς
1266 1478 1360 1532 καὶ
1403 1476 1664 1547 βασιλέως
1698 1479 1976 1551 ἀντέσχεν,

405 1567 714 1635 ἀπαγαγεῖν
746 1567 842 1636 τὴν
874 1568 1104 1638 ἀπειλὴν
1130 1571 1210 1632 εἰς
1234 1569 1396 1640 ἔργον
1424 1570 1729 1641 ὁρίσαντος.

476 1655 618 1726 Πρὸς
647 1655 704 1713 δὲ
731 1659 841 1720 τοῖς
863 1657 1173 1727 εἰρημένοις
1198 1657 1367 1728 μυρία
1389 1657 1614 1714 τοιαῦτα
1637 1660 1844 1724 ἔξεστιν
1869 1662 1977 1715 ἀπὸ

2089 495 2219 548 pore
2264 481 2480 548 quidem
2533 480 2801 546 posterius
2840 480 2932 534 sed
2978 480 3120 547 quod
3178 478 3246 534 ad
3291 494 3400 531 rem
3448 479 3658 539 attinet,

2089 570 2246 638 plane
2269 569 2617 637 aequivaleus.
2645 569 2770 623 Saul
2812 584 2902 624 rex
2955 571 3006 623 in
3036 569 3232 624 castris
3255 577 3396 631 erat,
3419 576 3473 622 et
3497 566 3658 620 multa

2089 660 2455 715 sollicitudine
2503 660 2701 713 bellum
2746 661 3186 714 administrabat.
3238 658 3518 714 luterdixit
3559 672 3658 710 aur

2089 757 2194 803 tem
2218 749 2446 818 populo,
2477 763 2543 802 ne
2566 749 2688 816 quis
2735 748 2823 802 illo
2857 748 2944 802 die
2972 751 3148 803 cibum
3178 760 3408 816 sumeret
3430 746 3503 810 '°;
3531 754 3656 801 seu-

2087 839 2312 892 tentiam
2346 853 2502 893 suam
2541 837 2894 907 jurejurando
2923 839 3233 908 obsignans,
3263 840 3482 893 decreto
3515 851 3657 891 mor-

2061 929 2156 990 tis
2183 929 2452 999 supplicio
2509 930 2554 983 si
2613 931 2736 1000 quis
2787 944 2891 984 non
2927 930 3366 998 obtemperasset.
3401 930 3532 984 Cum
3562 943 3660 982 an-

2085 1028 2190 1074 tem
2225 1029 2368 1075 totus
2399 1020 2672 1075 exercitus
2721 1021 3032 1075 mandatum
3075 1020 3254 1075 debito
3275 1021 3534 1090 obsequio
3561 1035 3655 1074 ac-

2083 1111 2316 1180 cepisset
2341 1154 2355 1172 ,
2421 1111 2567 1166 solus
2623 1110 2924 1177 Jonatbas,
2973 1111 3116 1167 Illius
3145 1113 3286 1182 regis
3308 1155 3322 1172 ,
3355 1113 3406 1165 in
3442 1112 3657 1165 alveare

2084 1202 2343 1268 incidens,
2375 1203 2654 1273 mellisque
2685 1202 2967 1258 dulcedine
3016 1204 3211 1267 victus,
3233 1203 3354 1258 favo
3383 1197 3652 1271 sceptrum

2082 1291 2338 1360 inﬁgens,
2379 1292 2714 1348 dulcedinem
2750 1293 2895 1348 illam
2945 1293 3206 1363 gustavit.
3244 1293 3526 1348 Proximus
3560 1309 3656 1344 au-
3763 1310 3769 1318 ·

2082 1391 2189 1440 tem
2225 1387 2468 1454 periculo
2491 1387 2614 1457 fuit,
2659 1389 2762 1445 nisi
2795 1398 2940 1445 totus
2967 1389 3194 1460 papnlus
3231 1388 3500 1444 communi
3529 1402 3655 1443 con-

2079 1487 2238 1528 sensu
2289 1476 2618 1531 retardasset
2672 1477 2931 1545 impetum
2987 1477 3192 1546 patris,
3241 1477 3330 1546 qui
3369 1477 3656 1530 intentatas

2080 1563 2254 1618 minas
2279 1564 2345 1618 ad
2385 1581 2499 1621 rem
2534 1566 2783 1622 conferre
2824 1567 3055 1622 volebat.

2149 1655 2351 1712 Praeter
2390 1659 2526 1722 iure,
2562 1669 2814 1713 sexcenta
2845 1659 2950 1712 alia
2985 1673 3054 1713 cx
3082 1657 3378 1724 Scripturis
3403 1661 3652 1724 colligere

403 1745 512 1805 τῶν
527 1719 776 1817 ⁷Γραφῶν
806 1719 1219 1818 συλλεξάμενον,
1254 1719 1439 1818 σαφῶς
1469 1719 1723 1817 κατιδεῖν,
1751 1753 1826 1815 ὼς
1847 1735 1974 1822 ἀγαέ

2080 1745 2416 1821 licet,_unde
2461 1719 2692 1804 dilucide
2718 1749 3023 1814 elucescat,
3065 1719 3251 1819 quanti
3300 1719 3553 1803 facienda
3583 1748 3653 1801 sit

406 1835 496 1895 δὸν
517 1839 550 1907 ἡ
580 1838 895 1910 ἐγκράτεια,
923 1840 1016 1896 καὶ
1038 1839 1362 1900 τούναντίον,
1389 1841 1620 1911 χαλεπὸν
1647 1842 1679 1912 ή
1701 1841 1975 1906 ἀκώλυτος

403 1929 511 1983 τῶν
541 1931 720 1983 πότων
759 1931 852 1988 καὶ
900 1932 1007 1988 τῶν
1053 1931 1196 2000 ὄψων
1230 1931 1550 1994 ἀπόλαυσις.
1595 1933 1835 2002 Νηστεία
1867 1933 1974 1986 τῶν

406 2019 578 2088 ἁγίων
608 2019 936 2091 σύντροφος·
991 2022 1209 2092 νηστεία
1255 2022 1435 2093 πάσης
1477 2022 1689 2091 ἀγαθῆς
1727 2023 1976 2094 πράξεως

403 2110 665 2180 ἀρχηγός.
703 2111 812 2168 Καὶ
837 2111 1024 2181 ὥσπερ
1055 2113 1104 2164 οἱ
1133 2115 1369 2181 τεχνῖται
1400 2113 1565 2182 χωρὶς
1597 2111 1843 2182 ὀργάνων
1875 2113 1980 2184 οὐκ

401 2201 682 2272 ἐνεργοῦσι
714 2202 814 2266 τὰς
841 2203 1034 2272 τέχνας
1058 2221 1072 2234 '
1109 2202 1250 2255 οὕτω
1279 2205 1373 2255 καὶ
1411 2205 1458 2256 oi
1493 2204 1766 2256 σπουδαῖοι
1785 2204 1888 2256 .xui.
1917 2205 1975 2256 ὲν

405 2298 798 2364 πνευματικαῖς
860 2297 1042 2366 χάρισι
1095 2295 1412 2366 βοηθέντες,
1467 2295 1595 2349 ἄνευ
1652 2296 1976 2368 ἐγκρατείας

403 2383 595 2438 οὔποτέ
627 2402 679 2438 τι
708 2386 816 2438 τῶν
846 2385 1136 2454 θαυμάτων
1171 2386 1258 2439 καὶ
1301 2386 1601 2456 τεραστίων
1630 2388 1972 2458 εἰργάσαντο.

404 2475 696 2546 Νηστεύων
757 2477 1019 2540 Ἐλισαῖος
1076 2477 1264 2548 ἡγειρε
1307 2477 1499 2548 νεκρὸν
1547 2479 1638 2530 καὶ
1681 2477 1932 2547 ὲψύχωσε
1958 2496 1970 2508 ·

409 2561 681 2632 νηστεύων
721 2563 925 2632 Μωσῆς
961 2559 1065 2616 εἶδε
1096 2564 1256 2616 Θεόν·
1296 2563 1569 2633 νηστεύων
1599 2565 1833 2634 Δανιὴλ,
1877 2569 1976 2637 τῆς

406 2654 654 2728 γοητείας
688 2655 780 2707 καὶ
822 2653 1024 2724 πλάνης
1052 2652 1160 2706 τῶν
1205 2654 1502 2726 Ἀσσυρίων
1536 2654 1804 2725 ἐκράτησε
1831 2673 1844 2685 ·
1881 2643 1990 2727 νηί

410 2744 611 2798 στεύων
652 2744 746 2798 καὶ
787 2745 815 2796 ὁ
847 2743 1051 2813 Κύριος
1096 2743 1189 2796 τοῦ
1230 2743 1472 2796 διαϐόλου
1507 2743 1614 2797 τῶν
1656 2746 1975 2816 πειρασμῶν

404 2835 688 2912 ἠνέσχετο·
733 2833 1082 2906 νηστεύοντες
1129 2834 1223 2886 καὶ
1269 2835 1318 2887 οἱ
1349 2835 1656 2900 ἀπόστολοι,
1687 2837 1786 2901 τὰς
1833 2837 1973 2910 ὑπὲρ

403 2926 510 2986 τῶν
537 2925 838 2980 σπουδαίων
867 2925 1203 2996 πραγμάτων
1231 2925 1440 2996 δεήσεις
1467 2927 1684 2985 ἐτέλουν
1704 2943 1720 2957 ⁸
1755 2928 1976 3000 νηστείᾳ

2073 1841 2450 1905 temperantia.
2489 1848 2543 1896 et
2576 1854 2606 1894 e.
2645 1839 2943 1906 contrario,
2965 1854 3127 1907 quam
3159 1853 3324 1906 grave
3351 1837 3548 1892 malum
3583 1837 3654 1888 sit

2075 1923 2500 1994 intemperanter
2541 1944 2600 1984 se
2647 1929 2769 1982 cibo
2820 1939 3055 1998 potuque
3111 1927 3464 1997 ingurgitare.
3503 1924 3647 1989 Jeju-

2077 2016 2221 2068 ninm
2278 2028 2590 2071 sanctorum
2638 2019 2970 2073 collactanea
3030 2027 3141 2082 est;
3186 2016 3446 2084 jejunium
3477 2014 3654 2068 omnis

2076 2105 2198 2160 boui
2223 2107 2403 2177 operis
2429 2108 2663 2162 initium.
2710 2109 2775 2165 Et
2808 2109 3259 2179 quemadmodum
3292 2107 3512 2176 opiﬁces
3535 2108 3652 2160 sine

2077 2197 2452 2253 instrumentis
2504 2215 2608 2252 non
2659 2208 2860 2268 agunt,
2895 2215 3012 2268 qum
3061 2198 3196 2253 artis
3229 2214 3336 2252 sure
3369 2206 3526 2259 sunt;
3579 2197 3650 2249 ita

2076 2289 2248 2344 seduli
2270 2300 2330 2344 .el
2367 2291 2419 2344 in
2453 2293 2830 2359 spiritualibns
2870 2293 3064 2364 gratiis
3094 2291 3368 2355 celebrati,
3393 2292 3522 2345 nihil
3552 2291 3652 2343 nti-

2084 2379 2392 2434 racnlorum
2428 2397 2664 2450 unquam
2703 2383 2822 2438 sine
2872 2384 3226 2452 temperantia
3256 2389 3649 2453 perpetrarunt.

2076 2470 2333 2538 Jejnnans
2380 2475 2589 2528 liliseus
2637 2485 2907 2529 tnortuum
2939 2477 3197 2531 excitavit
3233 2487 3287 2530 et
3320 2477 3544 2538 revixit;
3572 2475 3654 2542 je-

2071 2561 2271 2633 junans
2301 2562 2510 2634 Moyses
2542 2564 2704 2617 Deum
2741 2564 2895 2618 vidit.
2934 2563 3192 2635 Jejunans
3227 2565 3435 2625 Daniel,
3463 2565 3652 2616 incan-

2080 2654 2314 2708 tationes
2359 2665 2413 2708 et
2458 2669 2676 2709 errores
2724 2654 3066 2725 Assyriorum
3123 2654 3348 2708 domuit.
3395 2651 3653 2719 Jejunans

2077 2746 2237 2801 etiam
2289 2746 2544 2800 Dominus
2592 2744 2788 2800 diaboli
2838 2746 3246 2816 impressionem
3297 2742 3650 2813 compescuit.

2077 2837 2323 2906 Apostoli
2355 2851 2569 2908 quoque
2601 2852 2687 2892 res
2721 2838 2892 2894 serias
2924 2851 3220 2906 precesque
3245 2850 3348 2890 non
3377 2836 3493 2890 sine
3520 2835 3652 2904 jeju-

2078 2924 2169 2977 nio
2216 2924 2585 2993 perticiebant.
2629 2924 2879 2979 Ninivita:
2925 2923 3397 2979 comminationem
3463 2922 3648 2978 mortis

405 3015 682 3076 Νινευῖται
703 3017 809 3086 τὴν.
827 3016 1053 3087 ἀπειλὴν
1076 3015 1330 3086 ἐνίκησαν
1362 3017 1454 3074 τοῦ
1483 3016 1712 3074 θανάτου
1733 3033 1747 3046 ·
1779 3018 1873 3072 καὶ
1896 3019 1972 3082 ὼς

2080 3014 2276 3080 jejunio
2298 3014 2634 3083 effugerunt;
2663 3028 2716 3070 et
2739 3015 3058 3070 utbreviter
3093 3015 3275 3069 omnia
3305 3014 3649 3084 complectar,

407 3110 606 3163 ἐπίπαν
637 3111 827 3172 εἰπεῖν,
865 3107 1002 3179 αὕτη
1034 3107 1167 3178 πρὸς
1205 3108 1336 3161 Θεὸν
1378 3108 1724 3180 παράκλητος
1747 3127 1760 3140 ο
1797 3108 1974 3172 αἰδοῦς

406 3201 556 3265 ἀξία,
592 3201 686 3254 xui
730 3199 969 3270 πρέσϐυς
1003 3200 1348 3263 ἀξιόπιστος,
1400 3199 1609 3270 ταχέως
1651 3199 1976 3259 δυσωποῦσα

412 3291 546 3362 1ἲιπιξρ
574 3285 648 3345 ὧν
688 3291 1007 3362 προσαγάγῃ
1037 3291 1115 3362 τῷ
1142 3291 1259 3360 Θεῷ
1284 3291 1382 3360 τὴν
1419 3291 1717 3362 ἱκετηρίαν.
1749 3293 1840 3346 Διὸ
1869 3294 1977 3365 πᾶς

404 3383 542 3452 ἀνὴρ
577 3382 822 3453 εὐσεϐὴς,
868 3384 960 3438 καὶ
1003 3383 1150 3448 ὅστις
1180 3379 1421 3451 φιλόθεος
1457 3381 1657 3450 μᾶλλον
1691 3381 1723 3452 ἦ
1755 3383 1848 3438 xui.
1891 3400 1978 3452 φι-

403 3471 649 3542 λήδονος,
697 3473 902 3546 χαίρων
963 3491 1050 3544 μοι
1123 3473 1216 3530 καὶ
1260 3471 1660 3543 εύθυμούμενος
1714 3473 1975 3546 πρόσελθε

401 3567 523 3627 ταῖς
551 3563 783 3635 ἡμέραις
811 3565 910 3636 τῆς
938 3565 1284 3636 ἐγκρατείας.
1310 3566 1498 3629 Οὐδεὶς
1523 3566 1630 3638 γάρ
1659 3567 1978 3638 σκυθρωπά·

407 3653 514 3726 ζων
544 3657 603 3708 έν
632 3656 774 3726 ἀρχῇ
815 3655 924 3712 τῶν
954 3655 1200 3724 ἀγώνων,
1237 3659 1480 3725 γενναῖος
1512 3657 1839 3728 ἀγωνιστής.
1885 3659 1976 3729 Μὴ

406 3744 556 3819 γίνου
587 3745 834 3818 στυγνὸς,
863 3744 938 3808 ὡς
975 3746 1190 3817 βρέφος,
1225 3747 1315 3798 ἐπὶ
1349 3745 1409 3799 τὸ
1433 3746 1794 3800 διδασκαλεῖον
1824 3746 1977 3802 ἑλκο-

409 3837 571 3906 μένου
596 3851 610 3865 °
643 3837 717 3906 μὴ
743 3823 1125 3910 ῥιαταγόγγυζε
1167 3838 1265 3906 τῆς
1309 3835 1417 3888 τῶν
1467 3837 1690 3910 ἡμερῶν
1740 3837 1978 3908 καθαρό-

404 3943 587 3998 ιτινιτος⁸
613 3926 701 3998 «μὴ
743 3909 902 4000 ἱζήτει
934 3929 1032 4001 τῆς
1077 3925 1367 4001 ἑϐδομάδος
1409 3927 1470 3980 τὸ
1514 3928 1695 3995 τέλος,
1735 3927 1810 3991 ὡς
1843 3929 1979 3998 μετά

406 4017 648 4093 χειμῶνα
682 4018 896 4089 πικρὸν,
931 4017 1231 4086 παρουσίαν
1263 4017 1420 4091 ἔαρος
1441 4034 1453 4046 ·
1495 4019 1568 4090 μη
1599 4017 1854 4087 ὲπιθύμει
1885 4016 1977 4070 τοῦ

409 4109 687 4162 Σαϐϐάτου
715 4108 802 4160 διὰ
834 4107 1023 4178 μέθην,
1063 4109 1138 4171 ὡς
1195 4109 1477 4173 Ἰουδαῖος·
1514 4107 1587 4179 μὴ
1635 4108 1854 4181 ἀρίθμει
1883 4110 1979 4174 τάς

407 4201 618 4272 ἡμέρας
669 4201 765 4271 τῆς
818 4201 1302 4278 Τεσσαρακοστῆς,
1351 4199 1426 4264 ὡς
1483 4200 1652 4271 ἀργὸς
1711 4200 1979 4270 μισθωτὸς

409 4291 689 4361 ἀναμένων
725 4291 823 4360 τῆς
866 4290 1130 4361 ἐμμίσθου
1174 4291 1510 4362 προθεσμίας
1555 4290 1616 4344 τὸ
1668 4290 1853 4354 τέλος·
1906 4291 1978 4364 μὴ

2073 3106 2340 3174 jejunium
2379 3119 2462 3162 est
2497 3109 2716 3178 dignum
2750 3107 2907 3175 cujus
2930 3117 3186 3175 tanquam
3216 3106 3372 3174 legati
3401 3107 3535 3159 ratio
3557 3105 3654 3158 lia-

2078 3189 2290 3262 bcatur,
2319 3208 2374 3251 et
2407 3212 2636 3266 quorum
2682 3199 2892 3253 ratione
2919 3200 2982 3251 ad
3017 3199 3180 3252 Deum
3231 3197 3496 3266 legatione
3540 3197 3654 3248 [ιιιι-

2077 3289 2240 3358 gitur,
2277 3289 2620 3342 exaudiatur.
2647 3287 2909 3354 Quocirca
2933 3287 3182 3356 quisquis
3208 3294 3291 3340 est
3322 3287 3439 3354 pius
3466 3285 3652 3337 Deum-

2077 3395 2180 3448 que
2222 3377 2404 3434 colens
2448 3389 2502 3432 et
2559 3379 2729 3448 magis
2775 3393 2934 3447 quam
2978 3377 3278 3446 voluptates
3318 3389 3527 3436 amans,
3567 3374 3654 3429 ille

2078 3471 2328 3524 alacriter
2389 3470 2472 3524 bis
2526 3469 2716 3524 diebus
2771 3471 3112 3524 abstinentia:
3157 3469 3222 3522 ad
3277 3483 3361 3520 me
3409 3466 3650 3525 accedat,

2082 3563 2260 3616 nullus
2316 3563 2494 3626 enim,
2544 3562 2634 3630 qui
2689 3561 2842 3615 initio
2884 3564 3242 3616 certaminum
3287 3557 3562 3611 vultuosus
3599 3566 3654 3610 et

2081 3654 2248 3708 tristis
2311 3663 2434 3719 est,
2494 3670 2788 3724 generosus
2847 3654 3048 3708 athleta
3109 3661 3212 3709 est.
3270 3650 3348 3706 Ne
3405 3648 3654 3705 elliciaris

2080 3757 2304 3801 maestus
2327 3788 2341 3811 ,
2379 3755 2633 3816 tanquam
2664 3745 2942 3815 puerulus,
2970 3746 3060 3815 qni
3096 3743 3356 3798 violenter
3383 3743 3448 3796 ad
3472 3740 3652 3794 ludum

2081 3839 2398 3893 litterarium
2437 3838 2713 3901 trahitur;
2770 3853 2837 3892 ne
2894 3851 3198 3890 ntnrmures
3242 3836 3505 3888 adversus
3557 3833 3653 3884 lto-

2081 3944 2195 3980 rum
2222 3928 2431 3980 dierum
2475 3928 2762 3996 puritatem
2791 3943 2805 3991 ;
2855 3941 2921 3980 ne
2944 3941 3155 3994 quaeras
3187 3925 3344 3978 linem
3372 3922 3474 3975 beb
3497 3925 3658 3973 Soma-

2080 4020 2478 4086 da-,sicntpost
2517 4017 2894 4072 inclementem
2943 4018 3174 4071 hiemem
3226 4014 3486 4068 adventus
3515 4012 3654 4064 veris

2079 4112 2380 4181 expetitur;
2431 4127 2496 4164 ne
2540 4111 2814 4165 desideres
2858 4108 3152 4164 Sabbatum
3199 4109 3266 4159 ob
3311 4106 3649 4163 ebrietatem,

2084 4211 2335 4270 tanquam
2376 4199 2623 4265 Judarus;
2674 4214 2741 4253 ne
2794 4213 3048 4252 numeres
3084 4193 3511 4261 Quadragesiniae
3541 4191 3655 4243 t'ies

2081 4291 2224 4344 velut
2247 4290 2469 4359 ignavus
2501 4289 2886 4352 inet-cenarins,
2913 4295 3236 4354 exspectans
3274 4284 3446 4335 donec
3475 4279 3655 4334 elaba-

410 4383 578 4436 λυποῦ
601 4424 614 4445 ,
653 4385 732 4436 ὃτι
763 4401 854 4436 σου
887 4383 994 4435 ἀπὺ
1023 4361 1243 4454 πρώτης
1281 4382 1429 4455 ὥρας
1455 4383 1488 4453 ἡ
1520 4381 1666 4434 οίκία
1694 4382 1754 4434 ού
1783 4361 1976 4436 καπνίέ

2084 4390 2169 4434 tur
2183 4380 2320 4450 ejus,
2346 4380 2410 4432 de
2431 4396 2534 4447 quo
2563 4384 2888 4432 conventum
2919 4383 3024 4437 est,
3055 4361 3294 4438 tempus;
3322 4388 3386 4424 ne
3419 4369 3650 4438 auguris,

414 4477 583 4542 ζεται,
616 4476 734 4528 οἰδὲ
761 4477 788 4528 ὁ
825 4476 1084 4547 μάγειρος
1109 4476 1305 4546 ἕστηκε
1347 4475 1482 4546 πρὸς
1510 4474 1571 4528 τὸ
1605 4473 1733 4546 πῦρ.

481 4655 715 4726 Χάρισαί
756 4673 807 4708 τι
840 4655 933 4708 καὶ
962 4657 1027 4725 τῇ
1057 4653 1200 4723 ψυχῇ
1227 4692 1242 4716 ,
1289 4653 1364 4723 μὴ
1413 4651 1588 4705 πάντα
1634 4650 1711 4720 τῷ
1744 4650 1976 4721 σώματι.

409 4747 518 4819 Τὴν
559 4748 657 4818 μὲν
684 4747 716 4815 ή
747 4745 924 4816 ἀποχὴ
952 4744 1060 4797 τῶν
1094 4744 1276 4797 σιτίων
1303 4743 1523 4814 τρέφει*
1556 4741 1616 4794 τὸ
1647 4740 1704 4793 δὲ
1739 4741 1770 4810 ὴ
1806 4739 1976 4809 ὲμφὸ-

414 4857 587 4912 ρησις.
656 4837 794 4890 Ἀλλ’
833 4835 1020 4906 ἐπειδὴ
1061 4835 1130 4888 τὰ
1172 4834 1266 4888 δύο
1303 4833 1552 4904 ἀλλήλοις
1594 4829 1974 4896 συνέζευκται,

416 4929 506 4982 καὶ
536 4927 607 4981 τά
639 4925 774 4979 πολὺ
808 4924 1186 4996 κεχωρισμένα
1231 4924 1372 4977 κατά
1403 4923 1501 4993 τὴν
1545 4922 1726 4990 φύσιν,
1766 4924 1832 4992 τῇ
1883 4919 1976 4974 τοῦ

413 5018 752 5092 Δημιουργοῦ
788 5017 1040 5087 συνεδέθη
1081 5016 1304 5088 προνοίᾳ
1336 5015 1431 5068 καὶ
1456 5014 1620 5086 τέχνῃ
1639 5054 1652 5077 ,
1686 5010 1982 5082 βουλευσώ-

416 5108 552 5177 μεθα
578 5109 726 5171 ὅπως
748 5107 814 5161 ἂν
842 5106 1125 5178 ἀμφότερα
1153 5107 1470 5174 διαγένοιτο,
1495 5104 1602 5158 τῶν
1630 5103 1979 5174 καταλλήλων

411 5199 638 5254 ἑκαστον
666 5198 866 5271 χρειῶν
909 5199 981 5270 μὴ
1025 5198 1396 5270 στερούμενον.
1447 5198 1540 5250 Ἐκ
1584 5197 1690 5249 τῶν
1733 5195 1826 5248 δύο
1856 5213 1978 5248 συν-

410 5287 664 5360 έστηκας,
691 5288 965 5356 ἄνθρωπε,
997 5288 1088 5340 xui.
1117 5286 1304 5340 σιωπῶ
1345 5287 1512 5348 τέως,
1548 5287 1627 5337 ὅτι
1669 5285 1801 5338 πολὺ
1847 5302 1978 5355 προ-

409 5380 694 5451 τιμότερον
717 5380 751 5448 η
779 5378 924 5449 ψυχὴ
944 5421 956 5442 ,
988 5378 1082 5430 καὶ
1128 5379 1400 5449 προσῆκεν
1432 5377 1618 5449 ἐκείνῃ
1657 5376 1842 5446 νέμειν
1880 5376 1980 5444 τῆς

409 5469 620 5534 εὐνοίας
645 5469 706 5522 τὸ
734 5468 912 5522 πλέον,
944 5468 1170 5522 Δίκασον
1195 5469 1249 5522 δὲ
1280 5466 1628 5538 ἀμφοτέροις,
1661 5464 1735 5529 ὡς
1767 5465 1980 5534 λογικὸς

478 5669 526 5704 ³⁸
560 5667 736 5739 lﬁrg.
779 5684 884 5733 λιν,
917 5669 985 5723 2ί
1012 5685 1131 5738 sqq.
1215 5654 1230 5668 ’

2078 4473 2122 4527 si
2155 4489 2182 4526 a
2220 4473 2389 4540 prima
2424 4471 2556 4526 liora
2585 4471 2774 4523 domus
2820 4483 2923 4520 non
2962 4464 3315 4534 perfundatur
3347 4463 3490 4513 finitio
3515 4501 3528 4523 ,
3564 4476 3649 4512 tte-

2077 4579 2184 4634 que
2211 4578 2415 4631 coquus
2443 4572 2544 4616 stet
2581 4561 2646 4614 ad
2683 4561 2881 4629 ignem.

2151 4655 2222 4708 Da
2252 4654 2412 4707 etiam
2443 4651 2643 4722 aliquid
2691 4651 2918 4716 animm,
2962 4665 3065 4703 non
3105 4645 3285 4701 omnia
3329 4641 3562 4712 corpori.
3592 4640 3655 4700 Ile

2083 4745 2185 4796 lam
2237 4746 2403 4796 nutrit
2449 4741 2774 4795 abstinentia
2799 4739 2866 4810 ab
2892 4736 3166 4792 alimentis
3195 4776 3209 4799 ,
3245 4748 3442 4802 corpus
3476 4740 3650 4785 autem

2087 4835 2313 4906 repietio
2345 4849 2436 4889 seu
2468 4833 2716 4903 ingeslio.
2752 4831 2856 4886 Sed
2900 4846 3022 4886 cum
3055 4830 3159 4884 duo
3191 4829 3306 4883 bare
3341 4828 3448 4894 jam
3475 4832 3656 4878 mutuo

2083 4926 2194 4981 sint
2221 4925 2496 4992 conulata,
2539 4925 2786 4994 quamvis
2817 4931 3006 4977 natura
3052 4920 3278 4974 multmn
3319 4915 3652 4977 dissidentia,

2078 5015 2388 5072 Conditoris
2444 5024 2620 5071 tamen
2684 5015 3024 5083 providentia
3083 5022 3138 5067 et
3196 5022 3312 5066 arte
3376 5022 3652 5069 connexa,

2079 5109 2347 5177 dispicere
2369 5118 2607 5176 Oportet,
2634 5108 2909 5175 quomodo
2935 5105 3149 5173 utrique
3177 5104 3372 5160 horum
3403 5101 3652 5162 satisfiat,

2079 5200 2150 5253 ita
2178 5207 2234 5250 nt
2268 5207 2512 5251 neutrum
2546 5198 2726 5253 debito
2770 5196 3010 5250 subsidio
3048 5195 3304 5265 privetur.
3336 5195 3411 5248 Ex
3449 5191 3652 5244 duabus

2085 5291 2247 5344 rebus
2281 5299 2689 5357 t-Oagmcntatns
2727 5303 2787 5342 es
2808 5328 2823 5352 ,
2853 5303 2885 5342 o
2917 5287 3096 5343 homo.
3130 5285 3281 5340 Mitto
3311 5285 3510 5345 dicere,
3544 5281 3654 5332 ani-

2086 5396 2226 5435 mam
2293 5380 2460 5434 tnulto
2515 5380 2941 5449 praestantiorem
2975 5392 3129 5444 esse,
3177 5393 3240 5432 ac
3271 5374 3489 5444 proinde
3534 5370 3650 5438 plus

2087 5471 2476 5528 benevolentia:
2507 5471 2554 5526 ei
2593 5469 2799 5526 deberi.
2836 5467 2932 5524 Jns
2965 5470 3051 5525 die
3083 5468 3353 5536 utrisque,
3396 5474 3646 5528 tanquam
