4062 6150
449 284 553 339 583

1720 281 1778 334 ε.
1811 247 2095 333 Ἀετειιιι
2135 274 2440 330 AMASEM

3591 275 3700 331 384

455 397 806 466 (ουιιιρῖεοιιτ,
854 397 1126 468 fugiamus
1160 411 1257 468 pro
1300 396 1507 451 viribus
1547 394 1728 450 luxum
1775 405 1830 449 et
1874 394 2021 446 volu-

2133 389 2442 458 φιληδονίαν
2481 391 2560 453 είς
2605 387 2866 460 δύναμιν·
2919 388 3196 460 ἀμήχανον
3243 387 3351 458 γάρ
3392 387 3482 440 τὸν
3533 388 3696 444 αὐτὸν

453 503 658 560 ptatum
687 491 1064 544 illectamenta.
1094 487 1237 543 Fieri
1271 489 1412 542 enim
1447 503 1550 542 non
1583 496 1772 556 potest,
1802 497 1857 538 ut
1879 485 2018 538 idem

453 583 520 633 sit
549 590 602 632 et
631 579 961 647 voluptatum
1009 587 1064 632 et
1111 577 1202 644 Dei
1241 586 1492 644 amator;
1547 593 1668 630 nam
1701 575 1793 644 qui
1828 588 2021 642 corpus

455 681 618 735 uiuat,
653 670 740 724 ille
776 669 1078 725 necessario
1118 683 1331 737 quoque
1384 669 1666 738 pecuniam
1701 666 1920 720 amabit.
1953 665 2023 718 At

433 763 546 830 qui
572 762 850 831 pecuniam
875 770 1040 823 amat,
1062 761 1108 814 is
1133 760 1360 828 injustas
1377 769 1487 824 est;
1521 769 1575 812 at
1601 759 1689 827 qui
1723 759 1773 812 in
1801 757 2022 828 laqueos

455 850 734 920 injustitite
766 851 972 917 incidit,
1023 851 1066 906 is
1115 850 1273 904 facile
1324 852 1486 905 etiam
1546 851 1761 905 decreta
1808 848 2022 918 pietatis

457 942 902 1013 transgredietur,
959 951 1016 996 et
1079 941 1381 1010 sapientum
1453 940 1598 1010 leges
1663 939 2018 1003 conculcabit,

454 1033 613 1092 facile
642 1037 803 1092 etiam
845 1036 896 1087 in
930 1035 1114 1090 illicita
1154 1035 1384 1097 labetur,
1423 1033 1546 1087 inde
1593 1034 1693 1086 sibi
1740 1031 2020 1086 materiam

455 1129 522 1183 ad
570 1129 867 1184 suavitates
921 1143 1216 1199 corrogatis
1265 1137 1320 1182 et
1375 1126 1668 1196 colligens;
1734 1125 2022 1193 omniaque

453 1219 735 1287 iniustitiae
767 1220 934 1291 spolia
981 1219 1242 1291 voluptati
1342 1227 1598 1287 tanquam
1637 1216 1865 1271 domina
1910 1228 2025 1268 suae

450 1311 678 1367 donans.

528 1446 605 1502 Ne
638 1446 837 1518 fugeris
868 1446 1080 1500 labores
1113 1455 1167 1500 et
1195 1445 1556 1511 difficultates,
1585 1459 1704 1516 qua:
1733 1461 1784 1499 tu
1816 1455 2022 1513 tempe-

457 1537 633 1591 rantia
665 1538 866 1591 insunt.
905 1536 1010 1590 Sed
1042 1551 1190 1606 spem
1231 1551 1441 1606 appone
1474 1536 1720 1605 prmseuti
1754 1533 1940 1596 labori,
1969 1543 2022 1587 et

452 1627 646 1682 leniter
679 1627 1058 1681 abstinentiam
1104 1628 1170 1680 ab
1210 1627 1482 1682 alimentis
1518 1626 1676 1680 feres.
1713 1626 1899 1695 lugere
1927 1624 2019 1677 tibi

2124 475 2264 534 εἶναι
2303 479 2582 553 φιλήδονον
2629 479 2722 532 καὶ
2779 478 3042 548 φιλόθεον.
3080 479 3138 532 '0
3171 479 3278 550 γὰρ
3329 478 3696 549 φιλοσώματος

2121 569 2180 636 ἐξ
2211 571 2456 641 ἀνάγκης
2476 570 2624 624 ἔσται
2651 570 2744 624 καὶ
2770 569 3195 642 φιλοχρήματος,
3225 569 3254 622 6
3279 569 3336 622 δὲ
3359 569 3698 640 φιλοχρήμα-

2127 681 2238 728 τος,
2288 663 2472 733 άδικος
2492 681 2507 696 ·
2542 666 2572 717 6
2598 663 2654 716 δὲ
2678 664 2777 735 τῆς
2806 661 3020 727 ἀδικίας
3047 663 3177 717 εἵσω
3215 660 3416 725 πεσὼν,
3454 662 3696 733 ὑπερϐή-

2127 771 2281 808 σεται
2301 754 2500 826 ῥᾳδίως
2518 754 2750 826 θεσμοὺς
2785 753 3085 818 εὐσεϐείας,
3121 754 3212 807 καὶ¹
3244 753 3476 823 πατήσει
3499 754 3696 823 νόμους

2123 844 2331 913 σοφῶν·
2363 846 2674 916 ἐγχειρήσει
2707 845 2765 898 δὲ
2793 847 2908 905 τοῖς
2933 842 3398 915 άπηγορευμένοις
3438 841 3695 908 εὐκόλως,

2121 936 2341 990 ἐκεῖθεν
2371 935 2549 1008 ἐαυτῷ
2575 936 2674 1002 τὰς
2715 936 2846 1001 ὕλας
2881 935 3150 1007 ἀθροίζων
3176 935 3278 1006 τῆς
3321 933 3694 998 ἀπολαύσεως,

2127 1027 2223 1081 καὶ
2251 1027 2427 1082 πάντα
2451 1027 2520 1082 τὰ
2539 1028 2754 1100 λάφυρα
2777 1027 2878 1099 τῆς
2905 1025 3118 1090 ἀδικίας
3168 1027 3235 1098 τῇ
3262 1025 3425 1097 ἡδονῇ
3457 1025 3695 1096 δωροφο-

2123 1119 2254 1191 ρῶν,
2289 1119 2367 1183 ὡς
2387 1119 2661 1190 δεσποίνῃ.

2197 1443 2290 1513 Μὴ
2341 1443 2518 1514 φύγῃς
2554 1443 2652 1515 τὴν
2702 1442 3002 1514 μοχθηρίαν
3045 1411 3143 1512 τῆς
3176 1442 3524 1532 ἐγκρατείας·
3560 1442 3696 1497 ἀλλά

2123 1532 2223 1596 τὰς
2250 1534 2470 1597 ἐλπίδας
2513 1535 2726 1598 ἀντίθες
2760 1533 2835 1605 τῷ
2864 1533 3092 1604 παρόντι
3128 1533 3294 1604 πόνῳ,
3345 1535 3437 1586 καὶ
3481 1533 3701 1603 κούφως

2127 1625 2442 1698 παρελεύσῃ
2469 1626 2566 1696 τὴν
2606 1626 2706 1694 τῆς
2753 1625 3107 1697 μεταλήψεως
3141 1625 3350 1696 ἀποχήν
3369 1643 3382 1654 ο
3411 1625 3534 1680 είπέ
3563 1626 3698 1697 πρὸς

452 1719 565 1774 haec
597 1717 676 1772 vel
708 1718 809 1771 alia
837 1719 1052 1788 pietatis
1084 1718 1282 1772 monita
1313 1738 1324 1772 :
1351 1720 1607 1773 Amarum
1639 1728 1719 1772 est
1739 1716 2021 1787 jejunium,

2128 1715 2319 1768 ἐαυτὸν
2371 1716 2593 1786 ῥήματα
2648 1715 2957 1780 εὐσεϐείας’
3000 1716 3178 1786 Πικρά
3221 1718 3252 1787 ὴ
3292 1717 3536 1787 νηστεία,
3582 1714 3695 1770 ἀλλ’

453 1810 548 1865 sed
575 1809 745 1864 dulcis
771 1809 1075 1878 paradisus.
1134 1809 1350 1864 Molesta
1403 1819 1484 1864 est
1538 1809 1680 1874 sitis,
1733 1809 1822 1864 sed
1861 1824 2022 1877 pmpe

449 1911 534 1956 est
571 1900 726 1964 fons,
771 1917 834 1954 ex
867 1918 973 1972 quo
1013 1903 1102 1969 qui
1159 1903 1372 1968 biberit,
1421 1917 1526 1955 nou
1571 1903 1716 1956 sitiet
1767 1903 1818 1954 iu
1863 1913 2023 1954 teter-

453 2010 578 2049 uum
610 1997 677 2050 “.
718 1995 1078 2062 importunum
1131 2005 1214 2048 est
1261 2009 1478 2064 corpus,
1536 1995 1630 2049 sed
1673 1995 1898 2047 validior
1941 2003 2024 2046 est

453 2082 769 2150 incorporea
805 2083 1004 2136 anima.
1047 2081 1319 2137 Emortuaa
1361 2092 1484 2136 sunt
1521 2084 1685 2147 vires,
1731 2086 1820 2136 sed
1861 2098 2023 2152 prope

452 2179 536 2226 est
591 2173 934 2226 resurrectio.
993 2172 1084 2226 Dic
1130 2172 1327 2236 ventri,
1373 2187 1496 2226 cum
1539 2173 1702 2225 instat
1751 2181 1804 2225 et
1846 2181 2020 2238 urget,

453 2263 584 2320 illud
615 2263 822 2318 Domitii
860 2265 1079 2318 verbum
1115 2283 1126 2317 :
1164 2262 1283 2316 Non
1315 2265 1366 2316 in
1397 2265 1508 2316 solo
1535 2281 1669 2329 pune
1697 2265 1813 2316 vivit
1845 2267 2018 2326 horno,

451 2356 543 2408 sed
577 2355 631 2408 iu
654 2357 796 2409 omni
831 2357 998 2422 verba,
1040 2358 1178 2426 quod
1217 2357 1444 2426 procedit
1472 2355 1537 2408 de
1561 2371 1648 2409 ore
1677 2353 1769 2408 Dei
1803 2355 1882 2421 '3;
1917 2372 2019 2408 uult

452 2454 536 2501 est
572 2446 763 2513 fames,
800 2449 893 2501 sed
927 2449 1117 2518 exigua
1153 2448 1366 2512 dilatio;
1409 2463 1513 2502 nou
1566 2457 1647 2500 est
1688 2462 1864 2516 pmna,
1901 2462 2020 2515 qua:

455 2537 615 2591 vitari
648 2547 903 2607 nequeat,
935 2539 1029 2591 sed
1065 2537 1228 2591 libera
1263 2538 1620 2600 abstinentia;
1669 2553 1772 2589 non
1813 2537 2020 2589 servilis

454 2632 768 2695 necessitas,
817 2629 909 2684 sed
953 2629 1122 2684 libere
1171 2639 1419 2698 suscepta
1474 2629 1633 2682 actio.
1687 2626 1937 2690 Prccarc,
1971 2638 2023 2680 ct

455 2722 598 2774 vires
629 2719 1134 2789 snppeditabuutur.
1172 2719 1440 2786 invocato,
1474 2733 1528 2772 et
1563 2719 1612 2770 in
1645 2727 1891 2786 promptu
1920 2719 2024 2770 crit

455 2812 688 2884 adjutur.

529 2942 728 2998 Recole
763 2945 1022 3001 memoria
1053 2954 1286 3000 veterem
1328 2945 1612 3002 historiam
1652 2948 1716 3011 “,
1749 2958 1801 3001 et
1827 2947 2022 3002 intelli-

455 3049 550 3102 ges
613 3035 881 3103 quomodo
935 3035 1026 3105 qui
1080 3035 1297 3106 pietatis
1340 3051 1500 3092 causa
1548 3053 1742 3105 corpus
1793 3041 2018 3108 castiga-

2128 1807 2256 1878 ἡδὺς
2303 1808 2331 1859 6
2375 1807 2734 1879 παράδεισοςο
2778 1807 3025 1879 ἐπαχθὴς
3071 1810 3104 1879 ἡ
3137 1807 3290 1877 δίψα,
3322 1809 3435 1862 ἀλλ’
3465 1810 3632 1877 ἐγγὺς
3664 1810 3696 1879 ἡ

2126 1898 2302 1968 πηγὴ,
2328 1897 2388 1962 ἐξ
2413 1894 2481 1971 ἦς
2515 1900 2542 1952 6
2576 1899 2744 1951 πίνων
2770 1901 2830 1952 οὐ
2854 1899 3069 1970 διψήσει
3091 1903 3170 1964 είς
3196 1899 3285 1952 τὸν
3316 1899 3503 1952 αίῶνα.
3539 1901 3696 1951 Ἀτορ

2126 2007 2225 2043 πον
2265 1989 2325 2042 τὸ
2369 1990 2547 2060 σῶμα,
2592 1990 2704 2044 ἀλλ’
2744 1990 3063 2062 ἰσχυροτέρα
3107 1990 3271 2061 ψυχὴ,
3306 1993 3338 2061 ἡ
3386 1989 3693 2061 ἀσώματος.

2125 2081 2312 2153 Νεκρά
2339 2085 2371 2152 ἡ
2399 2081 2646 2152 δύναμις,
2672 2082 2787 2134 ἀλλ’
2811 2083 2977 2150 ἐγγὺς
3001 2083 3034 2151 ἡ
3060 2081 3372 2144 ἀνάστασις.
3405 2081 3540 2134 Εἰπὲ
3562 2081 3698 2150 πρὸς

2124 2173 2220 2243 τὴν
2249 2173 2570 2240 ἐπείγουσαν
2596 2173 2838 2243 γαστέρα
2867 2173 2961 2225 καὶ
2996 2173 3060 2225 σὺ
3085 2172 3179 2226 τοῦ
3215 2174 3418 2244 Κυρίου
3443 2173 3503 2225 τὸ
3527 2173 3695 2243 ῥῆμαο

2129 2265 2249 2317 Οὐκ
2270 2263 2364 2316 ἐπ’
2401 2264 2556 2332 ἄρτῳ
2575 2265 2743 2333 μόνῳ
2777 2262 3020 2332 ζήσεται
3059 2264 3396 2334 ἅνθρωπος,
3433 2267 3569 2320 ἀλλ’
3597 2265 3696 2320 ἐπὶ

2125 2354 2542 2426 παντὶρήιίατι
2572 2356 2740 2410 Θεοῦ.
2801 2355 2874 2409 Οὐ
2925 2355 3082 2425 λιμός
3135 2359 3304 2420 ἐστιν,
3356 2358 3490 2410 ἀλλά
3526 2358 3700 2428 μικρά

2126 2447 2372 2518 παρολκὴ
2392 2464 2404 2477 ·
2425 2448 2524 2500 οὐκ
2548 2447 2917 2518 ἀπαραίτητος
2942 2449 3200 2520 τιμωρία,
3237 2450 3352 2502 ἀλλ’
3376 2441 3698 2521 αὐθαίρετος

2123 2539 2302 2610 ἀποχή
2328 2557 2340 2569 ’
2388 2541 2450 2593 οὐ
2494 2539 2864 2612 δουλοπρεπὴς
2899 2541 3132 2612 ἀνάγκη,
3183 2541 3297 2594 ἀλλ’
3333 2541 3588 2612 ἐλευθέρα
3612 2559 3698 2610 φο-

2123 2629 2364 2699 λοσοφία.
2383 2628 2570 2696 Εὖξαι,
2591 2632 2684 2684 καὶ
2707 2631 2945 2702 ἰσχύσεις
2963 2649 2977 2663 ·
3009 2632 3354 2698 ἐπικάλεσαι,
3376 2634 3469 2688 καὶ
3483 2635 3699 2704 ἕτοιμος

2126 2722 2531 2792 παραστήσεταί
2564 2739 2644 2775 σοι
2672 2721 2881 2792 βοηθός.

2207 2944 2464 2997 ’Λνάλαϐε
2490 2948 2553 3014 τῇ
2583 2947 2770 3018 μνήμῃ
2798 2947 3031 3000 παλαιὰν
3074 2948 3331 3017 ἱστορίαν,
3357 2947 3446 2999 καὶ
3476 2945 3698 3017 μαθήσῃ

2127 3035 2274 3098 ὅπως
2295 3038 2347 3088 oi‘
2376 3037 2441 3088 δι’
2466 3036 2741 3089 εὐσέϐειαν
2775 3037 2939 3108 σῶμα·
2965 3039 3263 3103 πιέζοντες,
3305 3037 3411 3090 τῶν
3446 3035 3696 3107 τρυφών-

459 3133 602 3190 runt,
663 3125 888 3180 delicate
948 3125 1252 3183 viventibus
1313 3139 1368 3184 et
1425 3144 1632 3185 merqu
1693 3131 1810 3184 sine
1867 3133 2021 3184 tundo

2126 3144 2254 3188 των,
2298 3129 2390 3180 καὶ
2427 3127 2592 3181 πολὺν
2634 3130 2973 3199 ἐγχεομένων
3013 3129 3102 3182 τὸν
3149 3129 3404 3198 ἄκρατον,
3445 3126 3566 3181 οὔτε
3616 3130 3700 3192 είς

456 3211 922 3280 exbaurientibus,
949 3230 1122 3284 neque
1155 3215 1355 3271 viribus
1376 3221 1482 3271 sint
1509 3216 1820 3283 inferiores,
1852 3235 2021 3288 neque

2126 3218 2350 3289 δύναμίν
2375 3221 2510 3272 εἰσιν
2549 3221 2948 3293 ἀσθενέστεροι,
2981 3221 3103 3276 οὔτε
3129 3223 3234 3293 μὴν
3266 3223 3347 3285 εἰς
3377 3221 3437 3274 τὸ
3465 3221 3702 3290 φανῆναι

455 3314 675 3372 aspectu
731 3305 1044 3371 deteriores,
1089 3309 1241 3377 quasi
1288 3310 1485 3365 amissa
1529 3321 1808 3368 venustate
1858 3311 2021 3366 deflo-

2132 3309 2605 3381 σκυθρωπότεροι,
2643 3311 2676 3382 ἢ
2721 3311 3100 3382 ἀπηνθηκότες
3147 3313 3243 3383 τὴν
3289 3313 3486 3384 χάριν·
3525 3315 3552 3366 6
3587 3313 3696 3384 γὰρ

462 3397 855 3450 ruerintzuam
905 3397 1248 3469 Assyriorum
1312 3415 1428 3463 rex,
1489 3400 1580 3470 qui
1638 3402 1816 3455 omnia
1873 3403 2021 3456 carui

2131 3399 2379 3469 βασιλεὺς
2413 3400 2522 3452 τῶν
2569 3403 2872 3473 Ἀσσυρίων
2913 3405 3118 3467 ἐκεῖνος
3159 3407 3187 3457 6
3227 3405 3405 3458 πάντα
3430 3407 3496 3475 τῇ
3533 3405 3698 3475 σαρκὶ

459 3488 806 3559 largiebatur,
835 3491 1032 3559 quique
1062 3491 1128 3544 ad
1167 3491 1518 3560 voluptariam
1555 3492 1742 3558 vitam,
1779 3494 1924 3548 velut
1955 3494 2021 3548 ad

2127 3491 2254 3557 ζῶν,
2282 3493 2374 3546 καὶ
2393 3491 2470 3562 τῷ
2499 3493 2772 3565 τρυφῶντι
2811 3495 2912 3565 βίῳ
2943 3495 3017 3558 ὡς
3045 3495 3220 3566 φάτνῃ
3253 3487 3695 3566 προσδεδεμένος,

459 3594 719 3650 ριάεεερε,
752 3597 856 3633 uno
888 3583 1050 3636 verbo
1076 3597 1265 3638 omnes
1303 3583 1597 3653 voluptatis
1649 3587 2021 3652 administros,

459 3669 655 3721 eximio
709 3683 938 3737 corpore
969 3670 1193 3725 decoros
1238 3681 1292 3726 et
1340 3683 1558 3742 aspectu
1605 3675 1860 3730 amabiles
1907 3692 2026 3732 esse

457 3756 644 3818 voluit,
686 3763 876 3811 utnon
925 3757 1099 3814 solum
1142 3775 1204 3814 os
1231 3771 1284 3816 et
1315 3772 1539 3830 gustus,
1599 3763 1691 3819 sed
1740 3774 1795 3818 et
1839 3766 2024 3820 oculus

461 3847 652 3901 intuitu
695 3848 1110 3917 pulchritudinis
1140 3851 1521 3910 oblectaretur.
1555 3855 1703 3911 Tunc
1730 3866 1842 3912 tres
1875 3860 2022 3928 pueri

459 3937 526 3991 de
571 3937 884 4006 captivitate
937 3935 1103 3991 israel
1166 3939 1219 3993 iu
1297 3940 1598 4011 catalogum
1657 3943 2023 3998 ministrorqu

463 4029 729 4098 regiorum
761 4030 1008 4100 ascripti,
1051 4033 1119 4088 ab
1147 4033 1288 4088 escis
1321 4035 1480 4102 regizn
1507 4050 1737 4100 mensze,
1770 4049 2023 4108 tanquam

458 4119 787 4176 admistioue
845 4121 1265 4194 idolotltytorum
1331 4123 1589 4194 pollutis,
1651 4127 2025 4194 abstinentes,

457 4211 589 4266 solis
644 4211 1007 4282 leguminibus
1061 4215 1444 4269 vescebantur.
1502 4215 1796 4286 Oportebat
1847 4230 2022 4274 autem

458 4301 642 4355 vinum
668 4317 881 4372 quoque
909 4301 1093 4372 fugere
1123 4313 1344 4374 propter
1374 4305 1703 4371 libatiouem,
1727 4318 1779 4362 ct
1812 4325 2024 4365 omuem

2127 3582 2313 3653 ἐπειδὴ
2347 3584 2474 3646 τοὺς
2502 3583 2770 3654 οἰνοχόους
2799 3584 2947 3655 αὐτῷ
2985 3585 3078 3638 καὶ
3103 3585 3560 3666 τραπεζοποιοὺς,
3603 3586 3698 3638 καὶ⁵

2127 3673 2331 3736 πάντας
2364 3673 2548 3738 ἁπλῶς
2579 3676 2703 3738 τοὺς
2733 3675 3013 3746 ὑπηρέτας
3041 3671 3534 3747 τῆςάπολαύσεως,
3577 3677 3700 3728 ἐκὲ-

2124 3765 2280 3818 λευσε
2308 3767 2428 3819 κατ’
2457 3767 2683 3839 ἐκλογὴν
2708 3769 2924 3837 εὐφυεῖς
2945 3763 3084 3821 εἶναι
3111 3763 3170 3821 τδ
3199 3767 3376 3838 σῶμα,
3402 3769 3496 3822 καλ⁵
3528 3767 3698 3839 ὀφθῆἐ

2125 3875 2210 3910 ναι
2251 3858 2560 3930 χαρίεντας,
2585 3860 2671 3912 ἵνα
2697 3860 2771 3932 μὴ
2813 3860 2969 3930 μόνον
2999 3860 3060 3912 τὺ
3095 3860 3269 3930 στόμα
3301 3860 3396 3914 καὶ
3425 3861 3459 3930 ὴ
3487 3858 3696 3928 γεῦσις,

2126 3949 2260 4003 ἀλλὰ
2300 3951 2392 4003 καὶ
2427 3949 2704 4022 ὀφθαλμὸς
2734 3949 2881 4022 αύτῷ
2918 3950 3061 4005 κατὰ
3103 3951 3212 4006 τῶν
3245 3952 3539 4024 ὁρωμένων
3564 3945 3696 4024 cpti-

2127 4040 2260 4108 φῶν.
2296 4041 2428 4093 Τότε
2470 4040 2533 4112 δὴ
2570 4043 2665 4095 καὶ
2705 4044 2754 4095 οἱ
2786 4045 2934 4113 τρεῖς
2964 4041 3235 4096 νεανίσκοι
3271 4045 3334 4096 ἐκ
3367 4045 3465 4115 τῆς
3495 4045 3697 4114 αἰχμα-

2126 4133 2324 4196 λωσίας
2365 4133 2460 4186 τοῦ
2527 4133 2739 4204 Ἰσραὴλ
2795 4133 2873 4204 τῷ
2917 4133 3198 4205 καταλόγῳ
3249 4135 3356 4188 τῶν
3411 4134 3700 4206 ὑπηρετῶν

2125 4225 2488 4296 ἐγκριθέντες,
2511 4227 2839 4296 ἀπεχόμενοι
2870 4227 2925 4280 δέ
2955 4227 3062 4280 τῶν
3100 4226 3245 4297 δψων
3273 4229 3371 4298 τῆς
3412 4226 3698 4298 βασιλικῆς

2125 4315 2428 4388 τραπέζης,
2455 4317 2531 4380 ὡς
2565 4320 2628 4389 τῇ
2665 4316 2914 4389 ἐπιμιξίᾳ
2937 4317 3044 4370 τῶν
3089 4317 3450 4371 εἰδωλοθύτων
3495 4335 3695 4387 μεμια-

456 4407 699 4460 carnem,
749 4405 966 4464 propter
1007 4397 1316 4466 praedictam
1359 4413 1598 4452 causam.
1647 4399 1777 4454 Cum
1819 4418 1948 4457 vero
1994 4418 2021 4456 a

2128 4407 2352 4478 σμένης,
2378 4408 2666 4479 σπέρματα
2685 4409 2960 4463 ἐσιτοῦντο
3003 4409 3182 4480 μόνον.
3205 4406 3312 4462 Ἦν
3339 4409 3394 4463 δέ
3424 4410 3516 4462 καὶ
3553 4404 3694 4472 οἶνος

456 4487 710 4555 praefecto
728 4499 1068 4558 cogerentur,
1101 4498 1159 4544 ut
1180 4493 1524 4546 comedereut
1551 4507 1612 4545 ea
1643 4507 1760 4560 qum
1789 4509 2021 4563 appone-

2131 4469 2363 4568 φευκτὸς
2414 4469 2645 4572 διά-τὴν
2679 4500 2908 4571 σπονδὴν
2940 4469 3032 4554 κοίι
3077 4503 3184 4554 πᾶν
3233 4501 3422 4572 κρέας,
3468 4499 3554 4554 διὰ

454 4577 652 4632 bantur
680 4593 746 4633 ne
784 4579 923 4634 forte
949 4595 1045 4650 per
1073 4580 1454 4637 abstinentiam
1484 4583 1658 4639 vultus
1690 4594 2021 4640 venustatem

457 4668 840 4735 tleperderent;
895 4678 950 4720 et
1003 4668 1116 4734 ipse
1162 4670 1232 4722 ob
1275 4685 1380 4724 non
1413 4670 1550 4726 bene
1587 4680 1804 4727 curatos
1839 4673 2022 4728 adole-

455 4767 669 4811 scentes
691 4759 741 4811 in
769 4759 1060 4826 periculum
1080 4761 1269 4828 capitis
1296 4761 1556 4817 incideret
1579 4781 1592 4816 :
1615 4761 1763 4828 Sine,
1786 4766 2019 4832 alebant,

455 4857 512 4902 et
539 4847 822 4916 permitte;
856 4863 961 4904 non
987 4850 1366 4918 apparebimus
1398 4853 1507 4923 regi
1533 4854 1704 4909 forma
1734 4855 2022 4924 deteriore,

457 4953 619 5007 quam
654 4939 726 4992 illi
753 4941 843 5009 qui
874 4943 925 4995 in
966 4941 1172 4996 deliciis
1198 4943 1400 5011 vivunt,
1439 4959 1614 5014 neque
1638 4947 1817 5002 vultus
1852 4951 2020 5004 nostri

455 5031 776 5100 elegantiam
805 5047 958 5087 suam
991 5033 1260 5090 amittent.
1299 5033 1483 5106 Neque
1518 5044 1572 5092 te
1598 5041 1831 5104 crucies,
1868 5043 2022 5112 quasi

458 5123 568 5193 regi
613 5122 890 5178 ministros
921 5124 1190 5180 deformes
1225 5125 1559 5183 adducturus
1595 5128 1714 5184 sis:
1746 5145 1868 5186 nam
1911 5131 2021 5199 ille,

456 5213 547 5282 qui
574 5228 673 5268 nos
693 5213 934 5269 condidit
957 5222 1011 5270 et
1033 5215 1303 5283 formavit,
1332 5218 1560 5287 gratiam
1583 5219 1753 5288 dabit,
1784 5231 1838 5277 et
1856 5237 2022 5292 expe-

460 5303 649 5358 rientia
694 5305 866 5361 disces
920 5315 1119 5362 nostra:
1157 5307 1567 5376 pulchritudinis
1608 5322 1664 5365 et
1705 5316 2021 5378 venustatis,

455 5411 577 5466 qua
611 5405 956 5468 procuratur,
996 5401 1401 5469 temperantiam
1436 5414 1556 5458 esse
1584 5404 2021 5461 conciliatricem.

457 5489 609 5558 Quod
639 5501 695 5546 et
723 5489 922 5548 factum
949 5503 1032 5550 est
1063 5516 1076 5549 ;
1103 5508 1224 5548 nam
1251 5493 1620 5552 adolescentes
1643 5496 1730 5552 isti
1756 5497 1950 5552 decore
1971 5507 2026 5551 et

526 5693 572 5728 “
610 5691 762 5750 Joan.
802 5710 872 5760 tv,
913 5694 993 5751 l5.
1071 5697 1114 5727 ’³
1147 5697 1333 5753 Matth.
1377 5712 1446 5762 Iv,
1482 5695 1534 5749 4.

2137 4589 2539 4662 προρρηθεῖσαν
2569 4593 2769 4646 αἰτίαν.
2817 4593 2905 4656 Ὠς
2945 4592 3004 4644 δὲ
3050 4592 3201 4664 παρά
3251 4591 3346 4645 τοῦ
3393 4592 3700 4662 ἐφεστῶτος

2137 4679 2508 4749 ἠναγκάζοντο
2542 4682 2790 4754 μετέχειν
2836 4683 2944 4736 τῶν
2983 4685 3444 4754 προσφερομένων
3491 4683 3695 4745 αὐτοῖς,

2129 4769 2216 4822 ἵνα
2247 4771 2453 4841 μήποτε
2479 4773 2558 4835 εἰς
2578 4773 2914 4844 δυσμορφίαν
2936 4774 3113 4828 αὐτῶν
3152 4776 3216 4829 ἐκ
3251 4775 3348 4846 τῆς
3372 4774 3697 4844 ἐγκρατείας

2126 4862 2188 4916 τὸ
2218 4863 2413 4927 κάλλος
2448 4864 2782 4937 μεταϐληθῇ,
2815 4866 3064 4937 ἔγκλημα
3087 4867 3142 4921 δὲ
3167 4868 3370 4922 ἐκείνου
3399 4865 3488 4920 καὶ
3517 4882 3695 4936 τιμω-

2133 4951 2221 5024 ρία
2251 4953 2476 5024 γένηται
2508 4955 2567 5007 τὸ
2589 4956 2696 5008 τῶν
2716 4956 3010 5010 νεανίσκων
3030 4957 3263 5028 είδεχθές
3282 4973 3338 5008 τε
3374 4957 3465 5010 καὶ
3489 4955 3694 5026 ἀθερά-

2131 5058 2326 5096 πευτον
2347 5060 2360 5074 ·
2393 5044 2516 5111 Ἔα,
2554 5045 2706 5116 φησὶ,
2731 5047 2826 5100 καὶ
2853 5046 3223 5118 συγχώρησον,
3253 5047 3312 5101 οὑ
3343 5046 3701 5116 φανησόμεθα

2128 5134 2206 5204 τῷ
2223 5133 2432 5206 βασιλεῖ
2450 5136 2556 5190 τῶν
2583 5135 2912 5207 τρυφώντων
2939 5137 3266 5212 ἀτιμότεροι,
3286 5137 3406 5190 οὑδέ
3438 5137 3506 5190 τὰ
3531 5137 3676 5207 πρόσ

2130 5245 2254 5280 ωπα
2297 5228 2452 5298 ἡμῶν
2482 5227 2802 5300 ἀπανθήσει.
2827 5228 2960 5282 Οὐδὲ
2990 5229 3321 5301 ἀγωνιάσῃς,
3351 5228 3426 5293 ὡς
3463 5229 3697 5300 δυσμόρ-

2127 5335 2260 5388 φους
2283 5319 2430 5389 αὐτῴ
2455 5319 2733 5390 ὑπηρέτας
2757 5320 3064 5391 προσάγων.
3101 5321 3157 5374 Ὀ
3196 5322 3305 5391 γὰρ
3329 5320 3576 5391 τεχνίτης
3599 5319 3697 5389 τῆς

2125 5407 2461 5471 διαπλάσεως
2495 5411 2527 5479 ἡ
2537 5407 2652 5479 μῶν
2677 5407 2836 5461 δώσει
2861 5409 2960 5480 τὴν
2985 5409 3163 5480 χάριν,
3190 5413 3282 5464 καὶ
3313 5411 3532 5482 μαθήσῃ
3549 5409 3698 5479 παρὰ

2127 5500 2224 5570 τῆς
2256 5501 2466 5571 πείρας,
2496 5502 2575 5556 ὃτι
2598 5501 2690 5555 τοῦ
2716 5500 2981 5572 ἡμετέρου
3015 5501 3266 5566 κάλλους,
3291 5502 3383 5556 καὶ
3405 5501 3501 5571 τῆς
3530 5513 3698 5552 σπου-

1614 5696 1658 5727 ¹δ
1681 5695 1815 5752 Dan.
1866 5713 1902 5768 ι,
1947 5700 1977 5754 5
2003 5716 2122 5770 sqq.
