4076 6144
345 362 459 426 383

1260 362 1545 435 HOMILIA
1585 363 1724 424 XIV.
1766 363 1831 423 IN
1871 363 2269 436 PlllNClPlliM
2305 371 2758 431 JEJllNlORUM.

3513 384 3617 442 386

347 482 652 554 δαζομένης
699 482 1089 556 εὐμορφίας,ἡ
1132 483 1354 553 νηστεία
1392 484 1739 556 κομμώτρια.
1777 488 1841 538 Ὃ
1872 485 1930 556 δὴ

2047 490 2445 557 pulchritudine
2489 491 2666 545 vultus
2721 505 2912 548 omnes
2951 493 3103 559 alios,
3160 496 3321 551 etiam
3369 500 3619 556 carnivo-

344 580 445 635 καὶ
485 579 702 646 γέγονε.
748 577 860 632 Καὶ
893 577 1001 651 γὰρ
1043 577 1384 649 ὑπερήνθουν
1427 581 1477 631 οἰ
1521 581 1812 643 νεανίσκοι,
1847 576 1930 662 κᾳῖ

2045 595 2154 644 ros,
2191 580 2345 649 longe
2375 593 2791 652 exsuperarunt.

343 670 561 731 πάντας
599 667 729 731 τοὺς
759 669 1102 740 κρεοφάγους
1142 669 1658 741 παρηυδοκίμησαν.

418 759 486 813 Τί
526 758 584 812 δὲ
609 760 638 811 6
677 759 954 829 Σαμψώνς
990 759 1190 824 Εὐθὺς,
1231 761 1341 814 ἀπὸ
1366 761 1667 828 γάλακτος,
1707 764 1806 817 ούκ
1831 764 1937 816 ἐδι-

344 849 521 922 δάχθη
566 849 881 920 νηστεύειν;
919 850 1092 916 οὕτως
1149 851 1243 904 τοῦ
1290 852 1602 924 πνεύματος
1643 859 1708 926 τῇ
1771 857 1940 928 μητρὶ

344 940 809 1012 χρηματίσαντος,
864 940 941 1002 ὠς
997 940 1244 1012 προσῆκε
1297 941 1360 994 τὸ
1415 943 1626 996 παιδίον
1677 943 1939 1010 ἄγευστον

347 1036 491 1089 οινου
525 1031 621 1085 καὶ
652 1032 835 1102 πάσης
875 1033 1201 1101 διαφυλάξαι
1236 1032 1474 1105 τρυφῆς.
1523 1034 1632 1087 Καὶ
1669 1029 1751 1098 τίς
1790 1036 1933 1105 ἰσχυ-

353 1123 443 1192 ρὸς
471 1122 592 1176 κατ’
620 1123 828 1175 ἐκεῖνον
851 1137 866 1187 ;
899 1124 983 1186 τίς
1016 1122 1071 1176 δὲ
1101 1124 1360 1194 ἀριστεὺς
1401 1123 1572 1187 οὕτως
1595 1123 1893 1194 ὀνομαστός
1919 1135 1934 1191 ;

347 1215 526 1278 Μόνος
571 1214 868 1284 ἀξιόμαχος
901 1209 990 1285 ἦν,
1041 1215 1178 1286 πρὸς
1208 1217 1388 1270 πᾶσαν
1426 1216 1735 1288 παράταξιν
1780 1217 1935 1270 πολε-

353 1307 490 1376 μίων
526 1307 620 1359 καὶ
675 1306 877 1378 πλῆθος
906 1305 1299 1378 ἀναρίθμητον,
1333 1311 1453 1386 κατ’
1483 1309 1734 1376 ἐξουσίαν
1778 1309 1958 1381 ἐτρέ-“

348 1413 507 1450 πετο·
527 1389 679 1465 ὅς’γέ
705 1413 838 1450 ποτε
868 1396 1055 1466 ξίφους
1079 1397 1112 1466 ἢ
1133 1391 1688 1472 δόρατοςᾎάπορήσας,
1709 1400 1935 1468 σιαγόνα

346 1487 403 1544 δὲ
432 1486 757 1558 ἀνελόμενος
787 1487 931 1550 ὄνου,
961 1486 1166 1557 χιλίους
1192 1488 1389 1559 ἄνδρας
1427 1490 1759 1562 πολεμιστὰς
1803 1508 1950 1580 κατ)

349 1580 610 1650 έστρωσε,
643 1579 790 1650 μόνῳ
816 1579 893 1649 τῷ
912 1579 1083 1650 ὀστέῳ
1108 1580 1561 1654 διαχρησάμενος.

423 1669 610 1732 οὕτως
653 1669 839 1724 τοίνυν
881 1670 977 1723 καὶ
1015 1671 1079 1724 σὺ
1115 1671 1323 1736 ἔλπιζε,
1354 1674 1448 1728 καὶ
1487 1673 1757 1744 ἰσχύσεις·
1800 1689 1933 1748 προ-

349 1758 550 1828 θυμοῦ,
595 1759 690 1811 καὶ
711 1758 1078 1833 δυναμωθήσῃ
1099 1778 1112 1792 ·
1154 1759 1242 1825 δὺς
1271 1761 1368 1833 τὴν
1401 1762 1569 1833 ἀκοὴν
1603 1767 1667 1835 τῇ
1694 1765 1930 1836 μαθήσει

2109 753 2246 819 Quid
2277 768 2404 809 vero
2439 754 2669 810 Samson
2709 758 2791 811 "?
2834 759 2915 812 An
2961 776 3066 815 non
3120 761 3303 816 Statim
3340 765 3407 818 ab
3451 765 3618 820 ubere

2040 846 2230 899 doctus
2263 857 2347 900 est
2367 845 2648 917 jejuuare?
2680 848 2916 920 Angelus
2959 852 3100 906 enim
3133 855 3294 928 matri
3340 859 3614 926 praecepit,

2039 945 2098 990 ut
2138 936 2398 992 infantem
2447 954 2475 992 a
2515 939 2638 1007 vino
2687 948 2742 994 et
2791 942 2860 996 ab
2917 943 3063 996 omni
3108 943 3378 1014 voluptate
3431 951 3614 1014 procul

2042 1029 2267 1084 haberet
2295 1040 2350 1084 et
2371 1031 2652 1087 educaret.
2679 1031 2748 1087 At
2775 1033 2897 1102 quis
2927 1033 3032 1089 isto
3062 1035 3285 1091 fortior?
3319 1037 3452 1106 Quis
3480 1039 3618 1095 adeo

2039 1120 2344 1177 celebratus
2394 1121 2629 1177 hostium
2686 1122 3096 1194 triumphator?
3142 1127 3299 1182 Solus
3339 1143 3458 1182 cum
3497 1129 3617 1183 uui-

2038 1224 2195 1263 versa
2222 1211 2338 1269 acie
2367 1211 2546 1266 hostili
2580 1214 2853 1282 congredi,
2903 1224 2957 1268 et
3003 1215 3054 1268 in
3095 1217 3410 1275 innumeras
3432 1223 3615 1290 copias

2039 1300 2298 1370 impetum
2330 1313 2581 1373 potenter
2608 1303 2788 1360 facere
2817 1321 3015 1373 ausus;
3047 1308 3138 1376 qui
3175 1308 3462 1378 aliquando
3487 1325 3616 1367 ense

2035 1399 2092 1444 et
2134 1391 2288 1445 hasta
2337 1392 2645 1460 destitutus,
2695 1405 2910 1465 arrepta
2943 1398 3251 1452 mandibula
3282 1401 3421 1454 asini
3463 1401 3610 1457 mille

2037 1482 2181 1536 viros
2209 1483 2423 1547 stravit,
2460 1483 2578 1540 solo
2613 1487 2716 1541 hoc
2745 1500 2870 1542 osse
2894 1503 3043 1543 usus.

2111 1650 2184 1704 lta
2216 1653 2380 1722 igitur
2410 1663 2464 1708 tu
2495 1669 2711 1725 quoque
2744 1658 2886 1713 bona
2917 1674 3012 1730 spe
3038 1672 3155 1716 esto
3190 1679 3204 1718 :
3235 1672 3286 1716 et
3325 1664 3471 1720 vires
3518 1667 3610 1722 tibi

2035 1744 2320 1798 addentur.
2368 1745 2564 1801 Alacer
2611 1759 2999 1820 promptusque
3037 1768 3151 1806 rem
3197 1755 3508 1825 aggredere,
3557 1768 3616 1813 et

346 1852 457 1905 τῶν
489 1851 912 1922 κεκρυμμένων,
953 1853 1050 1905 καὶ
1078 1852 1490 1925 ἀμνημονήσεις
1516 1855 1746 1926 τροφῆς.
1788 1835 1876 1920 Ὧς
1906 1861 1930 1912 6

2037 1835 2499 1891 corroboraberis.
2548 1837 2624 1891 Da
2667 1853 2830 1895 aures
2863 1851 2983 1897 tuas
3029 1843 3327 1912 disciplinis
3375 1847 3616 1902 occulto-

344 1940 518 2012 δῆμος
543 1941 621 2011 τῷ
647 1939 824 2012 Ἰησοῦ
849 1941 1131 2011 ἑπόμενος,
1152 1941 1294 2013 λόγῳ
1316 1945 1410 1996 καὶ
1429 1944 1576 2015 ἔργῳ
1601 1946 1948 2032 παιδεύοντι,

345 2030 709 2101 αἰδεσθῶμεν,
743 2031 792 2084 οἰ
816 2030 1078 2100 ἀκρατεῖς
1109 2031 1204 2084 καὶ
1225 2031 1516 2102 φιλήδονοι,
1554 2034 1820 2106 ’Έλληνας
1840 2030 1934 2090 καὶ

361 2121 648 2183 Ἰουδαίους
675 2119 1057 2190 νηστεύοντας,
1087 2121 1264 2192 μάτην
1291 2123 1387 2193 μὲν
1416 2124 1510 2176 καὶ
1549 2125 1688 2197 ὑπὲρ
1719 2126 1932 2192 οὐδενὸς

342 2213 440 2266 τοῦ
470 2214 680 2278 τέλους·
707 2213 829 2284 εἰκῆ
862 2214 972 2287 γὰρ
998 2217 1192 2269 ἐκεῖνοι
1221 2215 1540 2286 ζημιοῦνται
1561 2218 1588 2271 ὃ
1628 2219 1701 2290 μὴ
1727 2219 1934 2274 ἐσθίουα

313 2287 434 2356 ’σι·
471 2303 616 2375 πλὴν
658 2304 734 2368 ὡς
778 2303 1018 2376 ζηλωτὸν
1063 2305 1158 2358 καὶ
1210 2306 1418 2378 πρέπον
1466 2309 1580 2370 τοῖς
1625 2287 1931 2374 σπουδαίοις

351 2396 638 2465 μετιόντας
680 2395 740 2448 τὸ
789 2395 1142 2468 πρόσταγμα.
1175 2397 1522 2467 Χριστιανοῖς
1555 2400 1752 2470 πρέπει
1781 2401 1932 2484 πολιτ-

345 2487 497 2548 τείας
519 2486 794 2556 ἀκρίϐεια,
821 2487 914 2539 καὶ
947 2486 1260 2556 φιλοσοφίας
1297 2489 1580 2560 σεμνότης,
1597 2486 1678 2555 οἷς
1700 2493 1930 2565 πάρεστι

346 2564 587 2652 καθαρὸς
619 2579 712 2631 καὶ
762 2577 967 2648 ἀληθὴς
1017 2580 1116 2650 τῆς
1153 2579 1435 2642 εὐσεὸείας
1478 2583 1506 2633 6
1551 2581 1725 2649 λόγος.
1769 2564 1829 2637 Ol
1865 2582 1924 2637 δὲ

344 2671 536 2723 τούτου
575 2669 743 2740 χωρὶς
784 2671 882 2740 τὴν
917 2669 1112 2741 ἠθικὴν
1153 2672 1443 2736 πονοῦντες
1486 2674 1738 2744 ἄσκησιν,
1769 2677 1932 2747 ὅμοιά

349 2778 441 2830 μοι
471 2760 757 2823 δοκοῦντες
795 2759 1143 2832 ἐργάζεσθαι,
1179 2762 1285 2815 τῶν
1306 2763 1433 2816 ἄνευ
1468 2763 1718 2835 θεμελίου
1754 2769 1930 2833 οἰκίας

343 2850 868 2915 κατασκευαζόντων
893 2891 907 2915 ,
944 2853 976 2924 ἢ
1021 2852 1152 2907 ναῦν
1219 2855 1602 2924 πηγνυμένων,
1641 2858 1714 2930 μὴ
1758 2877 1932 2938 καταῖ

343 2941 639 3013 ϐληθείσης
668 2943 765 3013 τῆς
797 2943 1066 3014 τροπέδος.
1093 2943 1333 2998 Τοιοῦτοι
1359 2945 1416 2998 δὲ
1457 2944 1693 3016 Ἑϐραῖοι
1726 2939 1929 3021 δυσμα-

345 3031 481 3096 θεῖς.

418 3291 526 3346 Καί
557 3310 646 3364 μοι
693 3294 921 3366 σφοδρὸς
960 3293 989 3344 6
1030 3294 1204 3362 γέλως
1235 3295 1536 3365 ἐμπίπτει,
1581 3297 1708 3349 ὅταν
1734 3297 1928 3362 αὐτοὺς

355 3382 642 3455 θεάσωμαι
676 3385 1056 3450 ἀνυποδέτους,
1095 3388 1152 3438 ἐν
1181 3385 1395 3449 λευκοῖς
1433 3387 1661 3458 τρίϐωσι
1709 3406 1928 3460 περινο-

345 3471 603 3537 στοῦντας
622 3472 691 3526 τὰ
717 3473 950 3543 ἀμφοδα·
982 3473 1182 3537 ὄνειδος
1205 3474 1500 3538 Μωῦσέως,
1532 3476 1794 3546 αἰσχύνην
1819 3477 1929 3557 τῶν
1955 3528 1968 3538 ,

343 3565 642 3635 προφητῶν
669 3604 684 3627 ,
732 3567 1049 3638 γεννήματα
1097 3565 1192 3618 τοῦ
1238 3566 1492 3637 Ἀϐραὰμ
1517 3561 1924 3640 ἀμϐλωθρίδια·

345 3653 564 3715 δούλους
587 3651 685 3724 τῆς
712 3653 1043 3724 ἀφροσύνης,
1080 3655 1206 3716 τοὺς
1231 3655 1330 3725 τῆς
1378 3654 1694 3726 ἐλευθερίας
1731 3656 1891 3736 ,υἰούς
1912 3675 1924 3687 ·

344 3744 580 3818 ἀμαθεῖς
615 3744 709 3797 καὶ
743 3744 1011 3814 ἀνόμους·
1046 3747 1174 3808 τοὺς
1214 3746 1373 3816 δῆθεν
1411 3747 1658 3818 μαθητὰς
1707 3748 1800 3804 τοῦ
1841 3750 1927 3803 νό-

347 3853 477 3904 μου,
501 3817 873 3898 ἀπολέσαντας
904 3835 1004 3905 τῆς
1037 3835 1316 3899 ἐκϐάσεως
1342 3837 1441 3907 τὴν
1475 3817 1696 3905 ἐλπίδα,
1739 3841 1926 3911 ἐπειδὴ

342 3924 472 3988 τοὺς
507 3922 711 3986 τύπους
745 3921 838 3975 τοῦ
885 3923 1169 3993 μέλλοντος
1226 3925 1463 3989 συνετῶς
1503 3927 1605 3979 οὐκ
1656 3927 1923 3992 ἐδέξαντο.

344 4015 588 4084 Ιίωῡσῆς
605 4016 712 4084 γὰρ
730 4015 836 4068 πᾶν
862 4015 890 4067 ὃ
911 4014 1164 4086 ἔπραττε,
1187 4015 1293 4069 τῶν
1314 4019 1393 4079 εἰς
1418 4016 1543 4070 ύστε
1551 4034 1640 4087 ρον
1656 4019 1927 4088 ἐσομένων

345 4104 541 4158 εἴδωλα
578 4104 920 4176 προετύπου·
980 4105 1086 4158 κᾶν
1132 4105 1228 4176 τὴν
1280 4109 1653 4180 σκηνοπηγίαν
1696 4111 1790 4163 καὶ
1828 4111 1927 4182 τὴν

345 4197 653 4267 ὑπόμνησιν
688 4195 796 4249 τῶν
843 4197 1182 4265 σαλπίγγων,
1220 4197 1421 4268 ὁμοίως
1455 4198 1553 4269 τὴν
1598 4203 1924 4274 περιτομὴν,

342 4288 414 4340 τὰ
460 4287 670 4356 ἄζυμα,
715 4287 813 4349 τὰς
862 4287 1138 4358 πικρίδας.
1184 4288 1372 4341 Πάντα
1399 4285 1466 4360 ἢν
1498 4292 1680 4342 ἐκεῖνα
1722 4292 1821 4362 τῆς
1868 4293 1927 4346 ἐν

343 4377 567 4448 Χριστῷ
600 4376 874 4440 πολιτείας
917 4377 1231 4450 μηνύματα,
1275 4381 1512 4460 εἰκόνες]
1523 4385 1920 4464 προχαραχθεῖτ

346 4486 436 4521 σαι
465 4471 581 4530 τοῖς
610 4469 673 4521 ἐκ
700 4469 1065 4540 προσαγωγῆς
1097 4473 1646 4543 μυσταγωγουμένοις
1669 4476 1806 4546 πρὸς
1825 4478 1923 4550 τὴν

341 4558 639 4610 τελείωσιν.

428 4733 570 4802 Ἐγὼ
599 4737 698 4806 μὲν
718 4735 826 4807 γὰρ
849 4737 878 4788 6
905 4737 1249 4827 thctta’Vb;,
1279 4738 1485 4792 καὶτοῦ
1517 4739 1925 4811 σταυρωθέντος

343 4828 548 4892 δοῦλος,
585 4827 834 4899 νηστεύω
882 4828 1084 4895 καλῶς,
1120 4830 1230 4882 εἴτε
1273 4830 1410 4902 πρὸς
1450 4831 1548 4903 τὴν
1591 4831 1781 4886 ἐλπίδα
1825 4835 1926 4905 τῆς

345 4919 693 4983 ἀναστάσεως
727 4920 963 4991 ἐμαυτὸν
986 4921 1348 4991 ἐκκαθαίρων,
1376 4921 1486 4974 εἴτε
1515 4916 1924 4993 ἐπιστυγνάζων

345 5011 419 5073 ὡς
452 5010 839 5078 φιλοδέσποτος
865 5011 1052 5074 δοῦλος
1079 5014 1190 5076 τοῖς
1211 5011 1304 5065 τοῦ
1339 5011 1543 5083 Κυρίου
1576 5030 1676 5084 μου
1703 5013 1923 5069 πάθεσι.

345 5100 417 5154 Σὺ
447 5100 504 5153 δέ
527 5101 556 5153 6
582 5100 690 5155 τῶν
713 5100 920 5170 φονέων
950 5100 1064 5165 υίὸς
1095 5102 1190 5156 καὶ
1223 5103 1330 5156 τῶν
1357 5103 1448 5155 τὸν
1486 5103 1657 5174 ἀμνὸν
1689 5105 1925 5175 σφαξάν-

343 5207 450 5244 των
483 5191 774 5264 ἀπόγονος,
833 5193 926 5247 καὶ
952 5194 1053 5265 τὴν
1085 5194 1448 5266 κληρονομίαν
1477 5195 1570 5249 τοῦ
1610 5197 1925 5268 ἐκχεθέντος

342 5283 575 5354 αῑματος
605 5286 668 5338 ἐκ
695 5285 805 5338 τῶν
835 5285 1088 5356 πατέρων
1117 5285 1428 5357 δεξάμενος,
1459 5287 1568 5340 τῶν
1591 5287 1766 5355 οὕτως
1799 5291 1926 5345 ἑαυ-

341 5379 458 5439 τοῖς
511 5378 607 5428 καὶ
661 5378 773 5439 τοῖς
828 5377 1039 5442 τέκνοις
1095 5377 1483 5449 ἐπευξαμένων
1511 5418 1526 5444 ,
1580 5374 1721 5452 ὑπὲρ
1777 5381 1921 5446 τίνος

341 5466 655 5538 νηστεύεις;
693 5467 835 5522 εἰπέ.
867 5468 929 5524 Εἰ
975 5469 1074 5541 μὲν
1097 5469 1173 5534 ὡς
1207 5469 1484 5540 μετανοῶν
1508 5471 1593 5541 ἐφ’
1627 5466 1706 5536 οἷς
1736 5472 1921 5545 ἥμαρ-

231 5605 241 5617 .
341 5573 454 5622 τες,
487 5557 947 5630 ύπερασπάζομαί
975 5577 1034 5613 σε
1058 5559 1159 5632 τῆς
1191 5558 1437 5633 γνώμης,
1472 5562 1566 5616 καὶ
1601 5561 1920 5620 καταλιπὼν

418 5761 465 5792 ’⁵
495 5761 674 5822 Judir.
708 5779 826 5829 xm,
862 5761 894 5818 5
933 5777 1052 5831 sqq.

2040 1941 2177 1989 rum,
2235 1936 2287 1981 et
2336 1927 2676 1985 Oblivisceris
2712 1932 2839 1999 cibi,
2905 1935 3062 1989 sicuti
3116 1939 3342 2006 p0pulus
3379 1950 3615 2011 _secutus

2035 2013 2242 2081 Jesum,
2299 2021 2389 2087 qui
2433 2021 2596 2076 verbo
2645 2031 2700 2075 et
2749 2038 2911 2092 opere
2946 2026 3192 2080 docebat.
3240 2026 3613 2085 Revereantur

2037 2109 2460 2178 intemperantes
2513 2122 2567 2166 et
2606 2114 2970 2186 voluptatibus
3009 2117 3173 2173 dediti
3207 2119 3445 2188 Graecos,
3513 2124 3613 2178 hoc

2037 2206 2142 2262 est,
2179 2199 2408 2268 gentiles
2439 2211 2492 2256 et
2523 2201 2762 2272 Judams,
2791 2207 2881 2275 qui
2913 2206 3180 2277 jejunant,
3231 2210 3432 2267 frustra
3483 2217 3608 2284 qui-

2034 2287 2156 2342 dem
2198 2300 2252 2344 et
2301 2293 2420 2346 sine
2475 2293 2877 2364 emolumento;
2932 2313 3055 2352 nam
3089 2307 3292 2357 temere
3333 2317 3392 2358 se
3435 2304 3612 2360 inedia

2035 2381 2266 2435 multant
2298 2393 2352 2436 et
2381 2393 2695 2450 macerant;
2733 2387 3084 2445 nihilominus
3114 2400 3290 2449 tamen
3322 2394 3608 2464 jejunium,

2034 2479 2092 2526 ut
2121 2487 2230 2527 rem
2265 2474 2425 2529 seriis
2450 2485 2504 2530 et
2536 2478 2791 2545 gravibus
2813 2479 3122 2538 hominibus
3140 2484 3356 2555 dignam
3377 2499 3430 2542 et
3450 2504 3611 2544 aemu-

2033 2562 2268 2630 lahdatn,
2299 2569 2618 2636 suscipiunt.
2662 2572 3004 2630 Christianos
3048 2576 3202 2631 decet
3251 2579 3479 2636 instituti
3528 2587 3608 2639 sui

2034 2664 2282 2710 accurata
2313 2657 2646 2727 observatio,
2676 2672 2732 2718 et
2760 2678 2930 2720 sacra:
2961 2667 3309 2725 institutionis
3352 2674 3606 2740 gravitas,

2031 2748 2224 2818 quippe
2253 2751 2446 2819 quibus
2480 2767 2604 2807 vera
2645 2763 2700 2810 et
2736 2771 2869 2825 pura
2921 2760 3136 2826 pietatis
3188 2764 3423 2820 colendae
3471 2769 3612 2822 ratio

2031 2846 2298 2906 suppetat.
2334 2839 2434 2907 Qui
2458 2841 2574 2896 sine
2600 2842 2780 2898 hacin
2819 2847 3008 2901 morali
3033 2851 3184 2918 quasi
3217 2853 3612 2911 exercitatione

2030 2926 2558 2993 elaborant,similes
2601 2933 2733 2988 mihi
2768 2935 3019 2992 videntur
3075 2939 3202 3005 illis,
3253 2945 3342 3012 qui
3391 2945 3608 3001 domum

2030 3018 2146 3072 sine
2201 3017 2551 3078 fundamento
2599 3025 2889 3092 aediﬁcant,
2951 3039 3043 3085 aut
3093 3031 3214 3096 illis,
3271 3035 3362 3105 qui
3417 3052 3607 3093 navem

2030 3120 2375 3178 construunt,
2426 3115 2628 3171 omissa
2687 3118 2894 3177 carina.
2957 3120 3115 3178 Tales
3169 3137 3295 3180 sunt
3349 3127 3608 3186 indociles

1957 3191 1998 3248 C
2033 3200 2262 3255 Hebra'i.

2099 3290 2208 3346 Nec
2250 3295 2416 3348 risum
2456 3305 2640 3353 tenere
2688 3298 2862 3365 valeo,
2921 3304 3136 3375 quando
3178 3308 3382 3377 aSpicio
3430 3312 3612 3368 excal-

2029 3391 2231 3448 ceatos,
2257 3393 2310 3438 et
2335 3387 2580 3474 candidis
2606 3389 2784 3458 palliis
2813 3392 3028 3449 indutos
3065 3397 3297 3455 circuire
3327 3404 3561 3474 compita
3589 3424 3604 3474 ;

2029 3473 2284 3541 probrum
2315 3467 2536 3548 Moysis,
2580 3487 2636 3534 et
2682 3481 2916 3540 dedecus
2940 3489 3348 3559 prepbetarum,
3393 3467 3467 3550 etv
3491 3467 3605 3565 eos,

2029 3565 2119 3635 qui
2159 3578 2314 3622 erant
2343 3571 2616 3639 genimina
2663 3574 2914 3645 Abrahae,
2951 3595 3096 3637 nunc
3133 3584 3394 3642 abortivis
3437 3603 3609 3645 annu-

2030 3661 2226 3714 merari
2253 3677 2267 3726 ;
2300 3677 2592 3734 servosque
2624 3666 2948 3737 insipientia:
2971 3671 3144 3731 factos
3171 3676 3310 3744 illos,
3336 3681 3426 3750 qui
3454 3693 3610 3740 erant

2029 3747 2122 3802 lilii
2160 3749 2446 3818 libertatis,
2494 3755 2741 3813 indoctos
2773 3768 2829 3814 et
2876 3761 3114 3834 exleges,
3148 3768 3238 3836 qui
3286 3747 3414 3825 olim
3452 3785 3608 3830 erant

2029 3840 2276 3908 discipuli
2316 3842 2484 3913 legis;
2522 3847 2612 3914 qui
2655 3863 2804 3917 spem
2850 3851 3190 3913 liberatiouis
3234 3867 3288 3914 et
3338 3865 3606 3920 evasionis

2028 3933 2346 3998 amiserunt,
2384 3945 2664 4006 postquam
2701 3939 2902 4010 ﬁguras
2925 3943 3224 4002 futurorum
3254 3952 3418 4008 stulte
3452 3971 3610 4027 repu-

2029 4022 2528 4096 diaruntzMoyses
2577 4029 2753 4092 enim,
2808 4031 2860 4085 in
2908 4035 3155 4091 omnibus
3219 4053 3338 4106 quae
3390 4022 3602 4112 agebat,

2029 4110 2330 4166 futurorum
2395 4113 2655 4185 imagines
2717 4119 3129 4191 pratl'ormabat;
3181 4125 3297 4181 sire
3341 4110 3604 4199 jejunium

2031 4203 2326 4267 intuearis,
2371 4204 2485 4280 sive
2553 4211 2929 4280 scenopegiam
2980 4227 3075 4268 seu
3136 4217 3604 4277 tabernaculorum

2027 4295 2475 4361 exstructionem,
2530 4299 2646 4354 sive
2698 4313 3268 4360 commemorationem
3314 4309 3600 4379 tubarum,

2029 4385 2141 4439 sive
2187 4387 2679 4458 circumcisionem,
2730 4407 2917 4462 azyma
2952 4403 3005 4449 et
3044 4395 3283 4453 lactucas
3327 4411 3591 4470 agrestes.

2029 4473 2217 4531 Omnia
2248 4478 2362 4532 haec
2392 4475 2715 4536 Christiana:
2745 4483 3020 4554 religionis
3061 4498 3376 4559 argumenta
3427 4504 3600 4558 erant,

2030 4573 2084 4620 et
2115 4565 2375 4636 imagines
2413 4568 2516 4623 illis
2543 4570 2961 4639 praedelineatae,
2996 4575 3086 4645 qui
3131 4576 3195 4630 ad
3223 4577 3601 4647 perfectionem

2030 4656 2397 4723 initiabantur.

2098 4746 2211 4817 Ego
2240 4751 2454 4818 quidem
2494 4753 2840 4812 Christianus
2874 4767 2929 4814 et
2957 4757 3211 4816 Crucilixi
3260 4777 3449 4819 servus
3479 4781 3604 4836 gra-

2028 4839 2172 4894 viter
2199 4839 2251 4894 in
2275 4841 2496 4910 jejuniis
2526 4861 2612 4899 me
2645 4862 2896 4914 exerceo,
2923 4851 3037 4907 sive
3066 4861 3122 4908 ut
3149 4854 3216 4908 ad
3246 4869 3395 4924 spem
3428 4872 3604 4912 resur-

2031 4931 2286 4988 rectionis
2334 4951 2418 4990 me
2476 4937 2650 5006 ipsum
2709 4954 3045 5010 expurgem,
3123 4947 3240 4999 sive
3293 4955 3351 4999 ut
3394 4947 3600 5002 Domini

2022 5038 2215 5078 amans
2265 5039 2458 5082 servus
2502 5013 3078 5088 crutziatib‘uS'Domini
3130 5036 3234 5091 mei
3278 5040 3601 5108 compatiar.

2024 5112 2107 5169 Tu
2157 5129 2310 5182 vero,
2363 5133 2398 5172 ο
2459 5119 2852 5176 homicidarum
2908 5125 3108 5194 proles,
3162 5136 3219 5183 et
3273 5141 3458 5184 eorum
3512 5131 3603 5201 qui

2025 5207 2232 5277 Agnum
2262 5219 2571 5265 mactarunt
2595 5228 2886 5282 pronepos,
2924 5216 3016 5285 qui
3047 5216 3415 5275 haereditatem
3446 5221 3602 5276 cﬂ'usi

2026 5297 2306 5367 sanguinis
2358 5315 2388 5353 a
2437 5303 2682 5371 patribus
2722 5306 3004 5376 accepisti,
3041 5309 3131 5377 qui
3169 5325 3288 5365 eam
3341 5310 3463 5365 aliis
3494 5314 3604 5366 suis

2030 5387 2311 5459 imprecati
2337 5403 2484 5457 sunt,
2517 5394 2675 5466 cujus
2705 5411 2870 5451 causa
2913 5398 3163 5469 jejunae?
3201 5401 3258 5458 Si
3291 5404 3602 5473 paenitentia
3660 5418 3668 5427 ·

2031 5477 2223 5536 ductus
2249 5480 2320 5536 ob
2355 5494 2416 5537 ea
2443 5498 2565 5554 quae
2590 5488 2839 5555 patrasti,
2861 5488 3208 5545 vehementer
3239 5491 3396 5544 laudo
3418 5491 3602 5542 volun-

2034 5576 2197 5626 tatem
2245 5580 2388 5628 tuam
2423 5593 2436 5628 :
2474 5575 2656 5632 relicta
2691 5577 2854 5649 igitur
2893 5578 3296 5652 malignantium
3330 5595 3600 5649 synagoga
