4062 6150
448 353 554 418 587

1726 353 1780 406 S.
1820 345 2093 407 ASTERil
2134 345 2432 405 AMASENI

3602 344 3706 414 338

449 469 644 523 festina
692 469 758 521 ad
790 469 996 537 piorum
1047 467 1363 523 Ecclesium.
1413 469 1544 525 Veni
1593 471 1662 525 ad
1707 472 2020 536 sanguinem

2130 467 2224 540 τὴν
2245 468 2576 539 ,συναγωγὴν
2617 469 2726 522 τῶν
2772 467 3242 543 πονηρευομένων,
3301 473 3531 529 σπεῦσον
3569 479 3706 549 πρὸς

444 560 609 629 Agni,
643 571 697 615 et
727 575 1012 631 aspergere
1047 579 1061 614 :
1089 561 1212 614 inde
1238 561 1380 615 enim
1410 561 1504 616 tibi
1533 561 1766 630 expiatio
1789 562 2021 626 eveniet,

450 653 594 707 unde
627 664 902 720 peccatum
959 651 1301 706 contraxisti.
1340 651 1396 706 Si
1449 667 1576 707 vero
1619 669 1759 706 nunc
1809 668 2022 722 quoque

450 744 686 811 antiquis
713 743 964 811 alligatus
1007 757 1086 807 es,
1143 745 1270 813 quid
1318 745 1422 798 sibi
1463 745 1576 798 vult
1620 744 1946 799 abstinentia
1991 757 2021 796 a

449 832 628 887 cibis?
662 834 743 887 Au
773 833 1030 888 Niloticos
1057 834 1360 889 crocodilos
1398 834 1652 901 imitaris,
1683 850 1820 905 quos
1848 835 2021 900 aiunt,

449 925 716 990 capitibus
753 925 1055 988 hominum,
1089 941 1230 994 quos
1274 927 1631 988 devoraruut,
1670 929 2019 1000 illacrymari,

447 1028 498 1071 et
531 1020 656 1071 ﬂetu
690 1017 946 1086 prosequi
983 1019 1180 1072 caedem
1211 1034 1226 1072 :
1253 1032 1357 1071 non
1387 1019 1530 1086 qund
1554 1018 1660 1073 ulla
1689 1021 2024 1088 paenitudine

451 1117 761 1179 tangantur,
796 1108 1087 1180 (quomodo
1117 1110 1261 1163 enim
1291 1109 1625 1179 pmuitentia
1655 1126 1818 1168 sensu
1848 1112 2025 1168 allice-

449 1209 638 1252 reutur
676 1197 928 1252 animalia
976 1197 1200 1252 rationis
1228 1197 1468 1266 expertia
1516 1205 1572 1252 et
1601 1197 1904 1270 aquatica?)
1931 1199 2026 1254 sed

448 1291 729 1360 deplorant
747 1298 928 1359 caput.
961 1303 1028 1343 eo
1053 1289 1195 1359 quod
1212 1305 1334 1344 cum
1364 1305 1532 1345 carne
1555 1299 1757 1357 careat,
1785 1292 2022 1361 ineptum

447 1382 518 1435 sit
562 1383 628 1436 ad
665 1381 886 1436 cibum?
924 1380 1115 1436 Simile
1157 1382 1286 1450 quid
1319 1391 1378 1436 et
1399 1382 1539 1437 circa
1565 1380 1828 1452 jejunium
1860 1397 2026 1453 appa-

449 1482 548 1524 ret.
581 1470 804 1526 Choreae
850 1479 904 1524 et
937 1471 1256 1526 saltationes
1293 1472 1357 1525 ad
1393 1472 1784 1528 abstinentiam
1822 1476 2026 1529 media-

450 1560 629 1622 trices,
675 1559 947 1612 adversari
989 1559 1043 1612 iu
1089 1560 1323 1626 speciem
1350 1560 1633 1627 videntur;
1680 1577 1804 1616 nam
1855 1564 2024 1618 absti-

449 1649 631 1702 nentia
656 1657 741 1701 est
764 1648 1148 1703 coutractioris
1179 1649 1306 1704 vita
1346 1657 1402 1704 et
1447 1651 1709 1706 decentia:
1745 1654 2022 1722 magistra,

447 1740 643 1793 chorea
671 1750 852 1793 autem
897 1740 1092 1794 mentis
1135 1754 1232 1808 per
1269 1741 1464 1798 multas
1494 1742 1878 1799 immoderatas
1929 1760 2025 1800 vo-

448 1830 676 1902 luptates
711 1829 916 1885 diffusa
953 1831 1114 1885 iudex
1139 1841 1243 1897 est.

520 2008 824 2062 Memineris
867 2007 1088 2064 Mosaici
1141 2009 1286 2064 illius
1331 2011 1457 2066 dicti
1497 2011 1759 2068 :Deeima
1811 2015 2024 2083 septimi

451 2100 654 2154 mensis
684 2109 895 2169 oportet
914 2102 1164 2170 jejunare
1186 2104 1253 2156 “.
1279 2101 1558 2173 Signiﬁcat
1590 2107 1733 2160 enim
1765 2109 2024 2176 septimus

451 2193 654 2246 mensis
695 2193 979 2258 septimum
1035 2195 1196 2261 diem,
1239 2204 1295 2250 et
1337 2196 1548 2250 decima
1601 2199 1718 2253 dies
1757 2199 2021 2255 decimam

448 2285 656 2351 horam,
697 2301 803 2355 qua
832 2283 1081 2340 Christus
1109 2287 1159 2339 in
1193 2301 1356 2342 cruce
1378 2287 1560 2342 emisit
1596 2290 1866 2359 spiritum.
1901 2290 2026 2347 Cui—

447 2377 576 2432 libet
601 2378 762 2431 etiam
793 2377 868 2432 rei
895 2392 1007 2432 suae
1044 2387 1169 2432 sunt
1200 2379 1301 2433 sub
1327 2394 1547 2434 sensum
1581 2382 1832 2436 cadentes
1862 2393 2022 2448 notat,

445 2482 515 2521 ex
547 2469 746 2535 quibus
773 2467 1176 2537 iuaspectab-ilis
1208 2469 1427 2524 alfectio
1451 2480 1504 2525 et
1527 2471 1808 2539 dispositio
1830 2473 2024 2528 animas

429 2545 806 2628 :cOgnoscitur.
846 2557 924 2614 Tu
971 2575 1096 2614 vero
1135 2575 1252 2625 cur,
1288 2576 1410 2630 quas
1461 2565 1677 2618 misceri
1733 2575 2023 2634 nequeunt,

445 2652 695 2717 miseere,
740 2661 792 2706 et
846 2653 897 2704 iu
943 2653 1082 2707 idem
1129 2668 1249 2721 qum
1297 2664 1546 2724 separata
1609 2668 1736 2710 sunt
1785 2659 2026 2728 redigere

445 2739 658 2793 tentas?
689 2738 897 2792 Habent
929 2749 980 2794 et
1005 2741 1142 2795 alias
1173 2741 1563 2806 solemuitates,
1603 2759 1832 2812 quarum
1864 2748 2022 2802 aliam

447 2839 642 2882 vocant
673 2829 1086 2898 Sceuopegiam,
1123 2846 1218 2885 seu
1247 2830 1444 2886 festum
1479 2833 1975 2890 Tabernaculorutn
2008 2853 2022 2901 ;

446 2921 612 2972 altam
647 2919 918 2973 'l‘ubarum
951 2922 1384 2977 recordationem
1429 2939 1527 2978 seu
1553 2928 2025 2981 commemoratio-

446 3025 608 3075 nem,
662 3024 761 3064 nec
795 3009 1103 3082 intelligunt.
1153 3013 1364 3079 miseri,
1414 3029 1474 3069 se
1519 3013 1830 3071 Christiana
1887 3018 2023 3074 festa

443 3101 617 3164 obire,
655 3099 780 3167 quia
806 3103 1105 3158 exstructio
1140 3104 1612 3160 tabernaculorum
1657 3118 1742 3162 est
1767 3122 2022 3176 expressa

449 3189 616 3258 ﬁgura
651 3189 930 3256 Ecclesiae,
957 3207 1116 3262 quam
1148 3192 1289 3249 Deus
1321 3195 1554 3250 Verbum
1587 3199 1856 3252 excitavit.
1894 3199 2026 3255 Eam

443 3282 514 3336 ob
545 3297 768 3340 causam
798 3283 945 3340 foliis
979 3294 1179 3340 ornant
1227 3287 1656 3355 tabernaculum,
1707 3300 1760 3344 et
1819 3307 2027 3360 proscc-

444 3375 597 3427 nimn
629 3375 744 3430 sive
769 3375 1098 3430 vestibulum
1126 3376 1408 3435 frondibus
1437 3390 1491 3436 et
1521 3380 1788 3438 fructibus
1824 3385 2024 3439 conde-

444 3473 656 3528 eorant,
688 3473 744 3518 ut
780 3465 1138 3535 signiﬁcetur,
1189 3483 1386 3524 novam
1429 3463 1570 3526 hanc
1601 3482 1657 3527 et
1690 3474 2023 3530 fructiferam

445 3553 741 3611 Ecclesium
789 3557 890 3627 legi
939 3560 1288 3626 successisse,
1341 3569 1398 3614 et
1449 3565 1602 3631 quasi
1649 3567 2022 3632 succrevisse;

445 3645 723 3703 Tnbarum
754 3661 881 3701 vero
913 3648 1108 3703 festum
1150 3650 1392 3707 incendit
1418 3654 1649 3718 animos,
1698 3666 1756 3712 ut
1801 3658 2028 3727 quilibet

445 3739 606 3791 homo
631 3736 862 3792 sollicite
884 3754 942 3792 se
963 3740 1033 3795 ad
1059 3744 1515 3800 resurrectionem
1543 3759 1842 3817 praeparet;
1875 3766 2023 3818 nam,

445 3829 610 3883 Paulo
651 3840 786 3885 teste
812 3833 877 3887 ’τι
901 3831 1048 3887 Tuba
1071 3843 1242 3900 canet,
1277 3847 1324 3891 et
1352 3840 1546 3893 mortui
1566 3853 1852 3912 ream-gent.
1881 3844 2022 3900 Idem

445 3919 603 3974 docet
649 3920 894 3978 Salvator
946 3925 998 3980 in
1060 3925 1349 3998 Evangelio
1386 3944 1401 3982 :
1443 3929 1617 3986 Mittet
1658 3935 1869 4004 angelos
1901 3953 2025 3992 suos

444 4029 559 4066 cum
589 4015 711 4066 tuba
742 4025 791 4069 et
815 4032 937 4071 voce
956 4034 1175 4088 magna,
1203 4031 1249 4074 et
1279 4024 1663 4094 congregabum
1695 4028 1883 4082 electos
1907 4031 2022 4099 ejus

443 4122 476 4157 a
501 4116 726 4172 quatuor
768 4108 926 4162 vomis
947 4127 980 4164 α
1003 4113 1222 4167 summis
1261 4114 1506 4169 calorum
1544 4133 1704 4188 usque
1744 4120 1814 4174 ad
1844 4123 2024 4174 tenui“-

445 4213 537 4252 ποι
577 4214 756 4253 eorum
793 4200 858 4254 ⁸³.

513 4369 639 4426 ιΙιρο
666 4383 719 4428 ει
761 4375 956 4431 similia
986 4393 1111 4434 cum
1140 4378 1381 4439 Hebraeis
1419 4399 1448 4439 ε
1485 4385 1640 4443 nobis
1671 4388 2013 4460 objiciuntur,

442 4459 544 4514 hac
587 4461 900 4520 defensione
927 4467 1186 4526 adversus
1218 4485 1318 4528 nos
1349 4483 1605 4545 utuntur;
1635 4494 1694 4535 se
1739 4459 1854 4536 llaec
1881 4479 2016 4537 festa

446 4549 714 4572 _A.‘.___‘_
876 4571 898 4572 η
1071 4561 1083 4571 .
1261 4563 1272 4572 .
1414 4565 1427 4572 .

2123 4511 2303 4548 σονται
2360 4497 2497 4567 πρὸς
2550 4459 3262 4572 ἡμᾶς.διν·τιρρήσειῖ’ὃτίκ
3302 4505 3412 4558 τῶν

442 4549 742 4620 celebrare,
775 4555 827 4609 in
857 4561 1176 4615 memoriam
1202 4563 1614 4636 miraculorum,
1646 4581 1701 4626 et
1732 4573 1784 4627 in
1814 4574 2021 4643 gratia-

441 4655 561 4694 rum
609 4645 876 4700 actionem
933 4663 1030 4717 pro
1067 4653 1344 4725 beneﬂciis
1393 4661 1631 4730 acceptis
1673 4663 1738 4718 ad
1783 4677 2019 4721 montem

442 4727 613 4817 Siuai,
645 4743 701 4787 et
737 4739 973 4804 quando,
1021 4740 1151 4794 dum
1184 4741 1269 4799 lex
1297 4727 1549 4817 ferretur,
1589 4754 1715 4807 tuba
1762 4755 2018 4813 insonuit.

438 4814 551 4873 Nec
608 4822 1044 4883 animadvertunt
1099 4832 1290 4898 stulti,
1352 4814 1542 4891 etiam:
1582 4840 1638 4896 in
1687 4841 2026 4913 legislatione

443 4911 624 4968 tubam
680 4912 1005 4988 ad'aliquid
1061 4920 1206 4978 aliud
1250 4926 1665 4997 signiﬁcandum
1723 4911 2018 4996 adhibitam

439 5017 578 5058 esse.
607 5001 743 5059 Nam
778 5023 899 5062 cum
930 5011 1019 5079 qui
1050 5011 1219 5084 legem
1264 5032 1362 5087 pro
1411 5021 1588 5085 regula
1621 5025 1745 5083 vitm
1779 5041 1929 5086 recte
1956 5047 2023 5088 ac

440 5092 635 5149 decore
661 5101 1043 5168 componendae
1071 5106 1290 5176 accipit,
1340 5109 1529 5168 timere
1568 5116 1764 5173 debeat
1802 5135 2023 5190 penam

439 5197 503 5234 ex
562 5190 1038 5254 transgressione:
1077 5194 1195 5249 ideo
1259 5197 1401 5255 Deus
1467 5217 1731 5275 praecepta
1779 5211 1905 5266 vita;
1963 5214 2018 5268 in

441 5277 632 5332 tabulis
678 5277 900 5348 lapideis
950 5297 1170 5342 exarata
1215 5290 1526 5349 hominibus
1579 5301 1767 5366 edens,
1822 5306 2006 5358 statim

435 5382 620 5422 vocem
648 5372 787 5426 tubae
814 5378 1058 5443 apposuit
1099 5381 1167 5446 ³³,
1210 5394 1267 5437 ut
1293 5395 1439 5440 esset
1473 5389 1784 5459 symbolum
1827 5411 2010 5452 resur-

435 5459 690 5517 rectionis
727 5477 794 5518 ex
823 5468 1070 5536 mortuis,
1106 5479 1167 5525 ut
1210 5476 1586 5533 mandatorum
1634 5483 1880 5554 discipuli
1913 5501 2012 5556 per

435 5555 883 5611 resurrectionem
909 5560 1258 5631 subsequenti
1279 5563 1485 5634 judicio
1509 5570 1560 5625 in
1589 5583 1823 5629 mentem
1855 5555 2011 5634 revo-

2125 560 2223 627 τὴν
2254 558 2580 628 Ἐκκλησίαν
2603 559 2711 612 τῶν
2737 559 2994 613 εὐσεϐῶν.
3032 561 3184 614 Ἐλθὲ
3208 563 3345 634 πρὸς
3367 562 3429 616 τὸ
3449 562 3588 636 αἷμα
3611 569 3705 621 τοῦ

2123 648 2293 718 ἀμνοῦ
2327 649 2420 701 καὶ
2449 650 2784 721 ραντίσθητι.
2827 651 3067 705 Ἐκεῖθεν
3099 655 3210 726 γάρ
3240 672 3322 707 σοι
3357 657 3588 728 ὑπάρξει
3615 662 3708 712 καὶ

2122 742 2156 810 ἡ
2201 738 2488 812 κάθαρσις,
2539 741 2661 794 ὅθεν
2708 745 3020 814 συνεστήσω
3071 744 3170 815 τὴν
3217 747 3512 818 ἁμαρτίαν.
3557 751 3620 802 Εἰ
3651 750 3707 802 δὲ

2124 831 2204 884 ἔτι
2225 832 2318 884 καὶ
2342 831 2436 884 νῦν
2462 836 2572 895 τοῖς
2600 834 2782 897 αὐτοῖς
2809 835 3182 905 προσδέδεσαι,
3206 838 3259 890 τί
3294 853 3376 891 σοι
3403 839 3652 910 βούλεται
3673 843 3708 913 ἠ

2123 923 2305 995 ἀποχὴ
2346 922 2453 976 τῶν
2503 924 2723 991 σιτίων;
2753 926 2825 978 ’Ἡ
2865 926 2991 989 τοὺς
3017 928 3291 1000 Νειλῲους
3334 932 3710 1000 κροκοδείλους

2129 1018 2297 1086 μιμῇ,
2324 1013 2418 1078 οὓς
2449 1033 2579 1082 φασι
2603 1020 2722 1081 ταῖς
2743 1017 3007 1086 κεφαλαῖς
3037 1019 3354 1092 ἐπιθρηνεῖν
3369 1022 3477 1076 τῶν
3500 1024 3710 1095 ἀνθρώ-

2125 1116 2244 1159 πων
2279 1098 2352 1159 ὧν
2394 1106 2621 1177 ἔφαγον,
2656 1107 2752 1160 καὶ
2789 1107 3050 1180 δακρύειν
3079 1109 3174 1165 τὸν
3218 1113 3396 1180 φόνον,
3445 1113 3508 1164 οὐ
3542 1115 3710 1184 μετά-

2125 1214 2272 1252 νοιαν
2291 1197 2385 1251 τοῦ
2401 1199 2692 1269 γενομένου
2727 1199 3102 1271 λαμϐάνοντας
3137 1203 3277 1274 (πῶς
3303 1203 3410 1276 γὰρ
3436 1204 3504 1258 τὰ
3539 1205 3708 1274 ἄλογα

2127 1287 2292 1361 θηρία
2332 1293 2424 1344 καὶ
2451 1291 2746 1362 ἔνυδρα;),
2795 1293 2933 1346 ἀλλὰ
2981 1295 3044 1348 τὸ
3073 1295 3312 1365 ἄσαρκον
3336 1296 3435 1367 τῆς
3469 1296 3708 1366 κεφαλῆς

2125 1378 2504 1451 ὀδυρομένους,
2533 1382 2608 1446 ὡς
2643 1384 2724 1446 εἰς
2755 1383 2956 1454 βρῶσιν
3000 1385 3101 1438 οὐκ
3142 1386 3464 1456 ἐπιτήδειον;
3501 1381 3625 1438 Οἷον
3650 1386 3709 1440 δὲ

2127 1471 2220 1523 καὶ
2249 1471 2311 1522 τὸ
2340 1472 2470 1543 περὶ
2492 1473 2592 1543 τὴν
2617 1473 2870 1543 νηστείαν
2901 1475 3103 1545 σχῆμα.
3148 1476 3373 1546 Χορεῖαι
3408 1477 3502 1530 καὶ
3545 1479 3713 1548 ὀρχήι

2128 1582 2262 1629 σεις,
2288 1565 2389 1636 τῆς
2421 1568 2666 1642 ἀσιτείας
2712 1567 2783 1620 τὰ
2829 1568 2972 1639 μέσα
3015 1570 3110 1622 καὶ
3155 1570 3448 1635 ἐπεισόδια,
3476 1572 3712 1642 πρᾶγμα

2126 1657 2204 1728 τῷ
2234 1659 2476 1730 σχήματι
2503 1659 2584 1729 τῷ
2607 1638 2924 1730 ἶραινομένῳ
2961 1662 3300 1732 μαχόμενον
3336 1638 3560 1733 νηστεία
3602 1638 3710 1732 γάρ

2129 1748 2462 1814 πυκνώσεως
2502 1750 2596 1803 καὶ
2627 1751 2862 1820 κοσμίας
2897 1753 3234 1824 καταστολῆς
3277 1757 3477 1808 νοεῖται
3517 1754 3711 1808 παιδαέ

2124 1840 2338 1911 γωγδς,
2376 1839 2566 1913 χορεία
2609 1843 2668 1898 δὲ
2713 1843 3006 1915 ἑρμηνεύει
3049 1845 3112 1900 τὸ
3152 1845 3544 1916 διακεχυμένον
3591 1850 3712 1911 ταῖς

2125 1934 2385 2006 ἀκράτοις
2415 1935 2510 1988 καὶ
2535 1935 2756 2018 πολλαῖς
2780 1935 3116 2000 εὐπαθείαις.

2195 2025 2590 2094 Μνημόνευσον
2621 2026 2730 2098 γὰρ
2774 2027 3013 2081 ἐνταῦθα
3057 2027 3223 2098 ῥητοῦ
3264 2027 3357 2081 τοῦ
3411 2029 3710 2084 Μωσαῖκοῦ

2125 2115 2217 2168 τοῦ
2259 2117 2532 2185 λέγοντος,
2573 2121 2641 2189 τῇ
2681 2118 2884 2190 δεκάτῃ
2917 2118 3011 2172 τοῦ
3047 2119 3274 2190 ἑϐδόμου
3307 2119 3475 2192 μηνὸς
3515 2121 3710 2192 χρῆναι

2125 2207 2427 2278 νηστεύειθ.
2473 2209 2635 2280 Δηλοῖ
2682 2209 2792 2282 γὰρ
2825 2213 2854 2264 ὁ
2893 2211 3120 2282 ἕϐδομος
3175 2213 3282 2282 μὴν
3323 2213 3426 2284 τὴν
3478 2212 3720 2284 ἑϐδόμην·

2126 2299 2367 2370 ἡμέραν·
2401 2301 2434 2369 ή
2463 2300 2520 2354 δὲ
2551 2300 2753 2372 δεκάτη
2790 2303 3004 2372 ἡμέρα,
3037 2302 3136 2374 τὴν
3161 2303 3397 2374 δεκάτην
3432 2303 3602 2375 ὥραν,
3651 2307 3711 2357 ὲν

2124 2383 2160 2464 ᾖ
2189 2391 2217 2442 ὁ
2249 2390 2453 2462 Κύριος
2485 2392 2579 2444 ἐπὶ
2612 2392 2706 2445 τοῦ
2750 2394 2984 2464 σταυροῦ
3021 2395 3200 2466 ἀφῆκε
3228 2398 3304 2460 τὸ,
3330 2396 3567 2468 πνεῦμα.
3599 2397 3711 2450 Καὶ

2126 2483 2342 2551 ἑκάστῳ
2361 2483 2649 2554 πράγματι
2681 2483 2939 2556 ὲξαίρετά
2982 2487 3097 2539 ἐστι
3133 2473 3228 2540 καὶ
3257 2489 3325 2542 τὰ
3358 2489 3614 2560 σχήματα
3646 2491 3711 2543 ἐκ

2125 2572 2223 2642 τῆς
2263 2571 2588 2644 αἰσθητικῆς
2638 2575 2962 2642 ἐπιφανείας
3014 2575 3116 2646 τὴν
3156 2577 3334 2648 ἄωρον
3382 2580 3480 2650 τῆς
3530 2580 3710 2651 ψυχῆς

2125 2663 2384 2734 δηλοῦντα
2407 2664 2668 2718 διάθεσιν.
2695 2667 2765 2719 Σὺ
2803 2667 2862 2720 δὲ
2894 2667 2947 2720 τί
2978 2668 3238 2739 μιγνύεις
3263 2670 3330 2722 τά
3359 2670 3585 2740 ἄμικτα,
3615 2672 3712 2725 καὶ

2127 2753 2319 2825 φύρεις
2359 2755 2418 2806 ὲν
2455 2754 2640 2825 ταυτῷ
2671 2755 2741 2808 τὰ
2775 2758 3197 2828 κεχωρισμένας
3235 2759 3386 2812 Εἰσὶν
3409 2761 3590 2824 αὐτοῖς
3618 2763 3712 2814 καὶ

2127 2845 2281 2898 ἄλλαι
2327 2845 2686 2916 πανηγύρεις.
2720 2848 2835 2919 Τὴν
2882 2851 2980 2920 μὲν
3015 2853 3401 2923 Σκηνοπηγίαν
3441 2853 3666 2928 καλοῦσι
3689 2862 3704 2884 δ

2125 2935 2225 3005 τὴν
2271 2934 2328 2987 δὲ
2369 2936 2554 2990 ἀκούω
2601 2937 2928 3007 Σαλπίγγων
2972 2941 3297 3014 ὑπόμνησιν.
3334 2943 3603 3016 Λελήθασι
3650 2945 3711 2998 δὲ

2127 3026 2472 3098 Χριστιανῶν
2506 3030 2783 3099 μυστήρια
2827 3030 3198 3102 ἑορτάζοντες,
3245 3033 3428 3106 ἐπειδὴ
3474 3035 3572 3107 τῆς
3608 3035 3714 3107 μὲν

2053 3146 2098 3206 C
2131 3119 2335 3188 σκηνῆς
2359 3119 2392 3189 ἡ
2415 3119 2746 3190 δημιουργία
2772 3121 3090 3193 ἔμπρακτός
3120 3127 3236 3179 ἐστι
3276 3126 3579 3198 προφητεία
3610 3130 3711 3204 τῆς

2095 3238 2097 3240 -
2141 3207 2464 3279 Ἐκκλησίας
2508 3210 2710 3281 ταύτης
2733 3254 2747 3278 ,
2783 3213 2849 3283 ἣν
2875 3216 2903 3266 ὁ
2929 3215 3100 3284 Λόγος
3136 3215 3293 3287 ἡμῶν
3323 3222 3708 3292 συνεστήσατο.

2126 3299 2224 3352 Διὰ
2249 3299 2430 3366 τοῦτο,
2487 3303 2579 3355 καὶ
2609 3303 2828 3373 φύλλοις
2872 3306 3134 3378 κοσμοῦσι
3187 3309 3289 3380 τὴν
3344 3311 3568 3383 σκηνὴν,
3617 3315 3712 3368 καὶ

2123 3389 2370 3461 ὀπώραις
2401 3395 2807 3460 καλλωπίζουσι
2829 3397 2899 3452 τὰ
2923 3402 3251 3472 προσκήνια,
3305 3405 3386 3467 είς
3418 3404 3590 3459 τύπον
3615 3405 3710 3460 τοῦ

2123 3483 2224 3553 τὴν
2269 3484 2396 3538 νέαν
2442 3487 2771 3559 Ἐκκλησίαν
2814 3489 2913 3562 τὴν
2960 3490 3240 3565 εῠκαρπον
3284 3495 3712 3552 ὑποϐλαστάνειν

2125 3575 2203 3645 τῷ
2227 3575 2394 3646 νόμῳ,
2436 3577 2500 3629 Ἠ
2531 3578 2587 3631 δὲ
2613 3579 2722 3634 τῶν
2760 3580 3082 3652 Σαλπίγγων
3112 3585 3294 3658 ἑορτὴ,
3333 3587 3591 3662 διεγείρει
3611 3590 3712 3656 τὰς

2123 3665 2302 3737 ψυχάς
2333 3667 2470 3740 πρὸς
2494 3671 2812 3742 ἐτοιμασίαν
2835 3673 2934 3746 τῆς
2957 3676 3327 3745 ἀναστάσεως,
3357 3679 3541 3745 καθὼς
3568 3681 3703 3737 Παῦε

2124 3757 2214 3822 λός
2250 3777 2382 3830 φησι
2408 3777 2424 3790 ι
2455 3765 2753 3818 Σαλπισει
2800 3765 2928 3837 γὰρ,
2985 3767 3084 3822 καὶ
3115 3771 3170 3824 οὶ
3203 3770 3404 3840 νεκροὶ
3442 3772 3712 3840 ἀναστήι

2124 3865 2358 3905 amat.
2410 3852 2666 3907 Διδάσκει
2710 3855 2766 3908 δὲ
2797 3857 2960 3922 αὐτὸς
3008 3858 3037 3909 ό
3087 3859 3216 3926 Θεὸς
3275 3861 3367 3915 καὶ
3413 3861 3603 3936 Σωτὴρ
3650 3867 3714 3919 ὲν

2126 3940 2482 4011 Εὐαγγελίοις
2530 3942 2741 4014 λέγων’
2801 3948 3150 4005 Ἀποστελεῐ
3202 3952 3346 4018 τοὺς
3415 3955 3711 4024 ἀγγέλους

2123 4033 2313 4090 αὐτοῦ
2335 4040 2488 4104 μετὰ
2521 4036 2863 4109 σάλπιγγος
2906 4041 3004 4095 καὶ
3038 4042 3246 4112 φωνῆς
3277 4044 3569 4115 μεγάλης,
3609 4048 3722 4101 καὶ.

2121 4127 2474 4192 ἐπισυνάξει
2498 4129 2642 4196 τοὺς
2671 4130 2999 4200 ἐκλεκτοὺς
3029 4135 3216 4190 αὐτοῦ
3239 4137 3307 4190 ἐκ
3343 4136 3464 4191 τῶν
3489 4138 3710 4193 τεσσὰο

2114 4238 2242 4289 ρων
2267 4219 2506 4291 ἀνέμων
2531 4221 2632 4276 ἀπ’
2659 4222 2860 4292 ἄκρων
2888 4225 3182 4295 οὐρανῶν,
3232 4227 3343 4295 ἕως
3369 4231 3567 4298 ἄκρων
3596 4232 3705 4284 αὑ-

2122 4327 2260 4365 των.

2193 4403 2410 4457 Τούτων
2425 4405 2482 4458 δὲ
2499 4405 2606 4459 τῶν
2637 4380 2810 4476 λόγωύ
2830 4407 3141 4474 ἀκούοντες,
3161 4411 3301 4482 τάχα
3326 4412 3544 4486 τοιαύτῃ
3572 4417 3706 4486 χρήο

3466 4508 3707 4579 ἀρχαίων

2122 4587 2461 4660 μεμνημένοι
2485 4589 2802 4662 θαυμάτων,
2831 4591 2938 4644 τῶν
2961 4593 3058 4646 τοῦ
3091 4595 3226 4649 Θεοῦ
3253 4597 3582 4669 εὐεργεσιῶν
3610 4619 3709 4670 χα-

2123 4681 2376 4751 ριστήρια
2395 4679 2570 4734 ταῦτα
2594 4683 2962 4754 προσάγουσιν
2978 4686 3120 4760 ὑπὲρ
3140 4689 3232 4742 τοῦ
3255 4689 3413 4761 δρους
3440 4692 3587 4755 Σινά,
3611 4697 3707 4747 καὶ

2117 4767 2216 4839 τῆς
2255 4766 2557 4838 σάλπιγγος
2588 4771 2688 4841 τῆς
2709 4774 2995 4846 ηχησάσης
3018 4775 3076 4828 ἐν
3120 4780 3187 4849 τῇ
3220 4779 3362 4832 δόσει
3398 4779 3487 4833 τοῦ
3511 4783 3700 4851 νόμου,

2119 4860 2233 4911 Οὐκ
2256 4858 2402 4913 ἴσασι
2431 4860 2488 4913 δὲ
2525 4863 2572 4914 oi
2601 4863 3016 4935 ματαιόφρονες,
3045 4866 3128 4920 ὅτι
3156 4871 3248 4922 καὶ
3274 4871 3441 4943 τότεὴ
3469 4871 3707 4942 σάλπιγξ

2118 4950 2362 5016 τυπικῶς
2407 4952 2732 5026 παρελήφθη
2787 4955 3067 5028 διδομένου
3113 4960 3206 5014 τοῦ
3253 4961 3437 5032 νόμου.
3481 4960 3704 5037 Ἐπειδὴ

2118 5039 2227 5112 γάρ
2248 5043 2277 5095 ό
2304 5041 2465 5114 νόμον
2494 5043 2790 5115 λαμόάνων
2827 5049 2907 5112 είς
2936 5051 3139 5105 κανόνα
3168 5050 3282 5122 βίου
3319 5053 3413 5104 καὶ⁷
3443 5051 3707 5110 εὔτακτον

2118 5132 2415 5199 πολιτείαν,
2447 5135 2654 5205 ὀφείλει
2696 5138 2995 5195 δεδοικέναι
3044 5143 3143 5216 τὴν
3182 5146 3244 5197 ὲκ
3283 5146 3381 5215 τῆς
3414 5147 3708 5217 παρακοῆς

2117 5225 2391 5295 τιμωρίαν
2410 5243 2423 5256 ο
2456 5226 2544 5278 διὰ
2574 5229 2734 5284 τοῦτο
2761 5233 2788 5283 ὁ
2824 5229 2955 5298 Θεὸς
2982 5235 3048 5287 τὰ
3075 5237 3172 5307 τῆς
3201 5233 3346 5306 ζωῆς
3374 5238 3408 5308 ἡ
3420 5236 3534 5306 μῶν
3566 5256 3707 5310 παρ-

2118 5315 2440 5387 αγγέλματα
2498 5319 2753 5391 ἔγγραφα
2816 5327 2928 5388 τοῖς
2984 5326 3294 5396 ἀνθρώποις
3359 5331 3658 5400 ἐκπέμπων
3685 5371 3700 5389 ,

2119 5405 2280 5469 εὐθὺς
2335 5410 2642 5481 προσέθηκε
2695 5415 2788 5466 καὶ
2845 5415 2946 5486 τὴν
3006 5419 3188 5491 φωνὴν
3232 5421 3333 5490 τῆς
3383 5422 3700 5490 σάλπιγγος,

2122 5497 2387 5569 σύμϐολον
2417 5502 2515 5572 τῆς
2541 5503 2604 5554 ἐκ
2635 5506 2845 5576 νεκρῶν
2867 5508 3242 5577 ἀναστάσεως,
3275 5513 3361 5566 ἵνα
3392 5515 3440 5566 οἱ
3467 5511 3702 5584 μαθηταὶ

2118 5587 2227 5639 τῶν
2256 5591 2718 5663 προσταγμάτων,
2749 5595 2836 5648 διὰ
2877 5597 2974 5667 τῆς
3009 5601 3362 5665 ἀναστάσεως
3392 5603 3491 5674 τὴν
3521 5601 3702 5674 κρίσιν

539 5755 583 5784 ⁸⁸
617 5756 786 5815 Levit.
821 5777 928 5832 xw,
961 5763 1050 5820 29.
1127 5768 1171 5800 ’τ
1206 5766 1231 5826 l
1259 5771 1383 5827 Cor.
1417 5790 1504 5841 xv,
1535 5777 1623 5833 52.
1697 5779 1740 5810 "
1773 5779 1960 5836 Matth.
2007 5800 2021 5836 ι

2121 5803 2150 5852 μ’
2183 5788 2270 5842 δι,
2357 5791 2400 5821 ’τ’
2441 5787 2610 5849 Exod.
2650 5811 2760 5860 xw,
2796 5795 2878 5851 19.
