4062 6150
490 441 595 499 ’599

1758 451 1816 510 5.
1859 453 2135 512 ASTERll
2174 453 2477 514 AMASENI

3641 461 3750 520 400

491 571 777 626 admodum
815 555 1051 624 membra
1097 567 1370 640 corporis;
1410 575 1462 622 et
1509 579 1688 622 sermo
1730 574 1814 621 est
1859 565 2056 622 multo—

2167 567 2314 621 ἐστὶν
2346 566 2525 636 λόγου,
2567 567 2637 632 ὡς
2667 568 2801 644 μέλη
2827 570 3076 645 σώματος
3095 589 3108 604 ·
3139 573 3232 628 xui
3254 573 3282 628 6
3307 571 3406 644 μὲν
3436 571 3592 642 λόγος
3612 575 3752 628 πολ·

487 678 610 719 rum
661 664 947 718 verborum
973 663 1018 695 ⁶⁰
1042 662 1320 734 congeries
1348 660 1590 732 quaedam
1637 668 1692 714 et
1717 667 2060 730 conspectus;

485 755 652 810 verba
687 768 814 809 vero
849 762 1015 822 guttae
1053 763 1178 809 sunt
1213 763 1268 809 et
1299 753 1572 823 portiones
1612 759 1912 820 gestusque
1956 765 2064 805 ser-

491 846 666 902 monis
697 863 712 902 :
746 847 882 902 adeo
920 855 978 900 ιιι
1021 845 1472 916 quemadmodum
1516 843 1694 898 multa:
1739 853 1899 913 gutta:
1947 843 2061 898 elli-

487 939 642 995 ciunt
666 939 918 1006 imbrem,
954 954 1052 995 nec
1084 949 1258 993 tamen
1293 939 1464 992 imber
1489 947 1653 1007 gutta:
1685 948 2059 1008 comparatur:

487 1029 567 1085 sic
601 1030 766 1085 multa
801 1033 964 1086 verba
1018 1043 1322 1084 sermonem
1372 1038 1724 1096 componunt,
1757 1042 1936 1083 sermo
1966 1047 2064 1084 att-

488 1133 594 1178 tem
629 1123 681 1178 in
713 1123 930 1178 nomina
958 1134 1012 1179 et
1041 1123 1204 1181 verba
1247 1132 1498 1185 secatur;
1535 1129 1586 1174 et
1631 1119 1794 1174 verba
1840 1121 2059 1188 quidem

485 1216 856 1270 attribuuntur
881 1214 1142 1280 sermoni,
1176 1229 1282 1268 non
1312 1225 1490 1268 tamen
1523 1227 1704 1268 sermo
1738 1212 1935 1270 verbis.
1959 1213 2061 1267 Ita-

485 1323 592 1378 que
630 1307 891 1379 propheta
919 1309 1176 1380 quoniam
1225 1306 1479 1360 hortatur
1521 1305 1714 1372 Deum,
1752 1315 1809 1360 ut
1857 1318 2062 1361 animat

485 1401 550 1455 ad
584 1399 913 1470 particulare
946 1398 1231 1452 verborum
1271 1412 1492 1452 suorum
1531 1411 1780 1460 examen,
1817 1412 2061 1452 omnem-

483 1510 590 1566 que
619 1493 912 1550 dictionem
963 1506 1114 1547 suam
1167 1491 1458 1561 ddigenter
1494 1503 1866 1560 recognoscat,
1899 1500 1954 1544 et
1983 1506 2062 1546 sc-

483 1585 717 1640 cundum
772 1581 1046 1654 recognita
1083 1582 1347 1638 concedat
1385 1597 1504 1652 qua:
1533 1592 1810 1652 petuntur,
1837 1597 1941 1636 non
1975 1585 2058 1636 di-

480 1677 560 1731 xit
596 1694 608 1728 :
646 1673 951 1731 Sermonem
997 1689 1172 1727 meum
1219 1674 1435 1727 auribus
1467 1674 1670 1744 percipe
1695 1713 1709 1737 ,
1741 1675 1832 1728 sed
1861 1672 2058 1728 :Vcrlm

480 1782 593 1820 mea
631 1763 848 1819 auribus
876 1765 1100 1834 percipe,
1133 1761 1373 1820 Domine.
1417 1762 1529 1818 lloc
1565 1773 1669 1827 est,
1701 1762 1954 1834 Singulas
1980 1765 2060 1816 di-

480 1860 689 1914 ctiones
713 1856 978 1912 orationis
1007 1871 1136 1911 meae
1159 1855 1346 1910 sedulo
1377 1855 1496 1926 lege
1520 1869 1583 1910 ac
1609 1869 1952 1924 recognosce.
1984 1854 2058 1908 Ne

2170 658 2277 713 λῶν
2305 659 2584 731 ῥημάτιον,
2625 663 2825 734 σωρεία
2853 664 2934 729 τίς
2979 665 3126 718 ἐστιν
3173 664 3268 720 καὶ
3314 663 3554 736 σύνοψις,
3587 664 3658 720 τά
3691 665 3754 720 δὲ

2172 749 2394 820 ῥήματα
2431 749 2657 820 ψεκάδες
2700 754 2837 807 εἰσιν
2870 753 2964 808 τοῦ
3003 755 3162 826 λόγου
3198 755 3292 810 καὶ
3329 755 3609 828 γεύματαο
3657 756 3757 809 xui.

2168 839 2358 912 ὥσπερ
2391 842 2582 896 πολλαὶ
2615 845 2714 916 μὲν
2751 845 2985 916 ψεκάδες
3016 847 3170 902 ὑετὸν
3199 848 3616 919 άπαρτίζουσιν,
3649 847 3755 900 οὐκ

2169 931 2247 986 ἔτι
2275 933 2332 986 δέ
2364 935 2392 988 ό
2419 935 2574 999 ὑετὸς
2599 936 2791 1006 ψεκάδι
2823 937 3220 1010 παρεικάζεται
3241 956 3255 971 ο
3291 938 3464 1002 οὕτως
3484 938 3552 991 τὰ
3581 937 3755 992 πολλὰ

2171 1024 2271 1096 μὲν
2309 1026 2528 1096 ῥήματα
2565 1028 2656 1080 τὸν
2697 1027 2853 1098 λόγον
2906 1029 3284 1101 συντηροῦσιν,
3324 1031 3353 1085 6
3396 1030 3452 1084 δὲ
3493 1029 3648 1100 λόγος
3669 1029 3758 1092 εις

2166 1116 2406 1187 ὀνόματα
2437 1119 2531 1172 καὶ
2561 1119 2782 1190 ῥήματα
2821 1121 3110 1192 τέμνεται·
3153 1120 3247 1174 xui.
3281 1119 3352 1175 τά
3391 1121 3488 1190 μὲν
3531 1123 3756 1193 ῥήματα

2168 1207 2264 1260 καὶ
2292 1207 2438 1276 λόγοι
2467 1209 2738 1278 λέγονται,
2766 1212 2827 1264 οὐ
2857 1211 2963 1282 μὴν
2988 1211 3086 1282 μὲν
3115 1213 3338 1284 ῥήματα
3367 1211 3533 1282 λόγοι.
3567 1211 3624 1266 ’0
3655 1208 3758 1266 οὖν

2169 1304 2452 1374 προφήτης
2488 1305 2568 1366 εἰς
2596 1303 2695 1374 τὴν
2735 1305 2873 1357 κατὰ
2909 1304 3072 1376 μέρος
3093 1303 3201 1357 τῶν
3237 1303 3400 1358 αὑτοῦ
3437 1304 3610 1372 λόγων
3664 1301 3759 1368 ἐξ-

2167 1393 2351 1446 έτασιν
2371 1395 2705 1466 παρακαλῶν
2738 1395 3018 1448 ἐπινεῦσαι
3075 1394 3166 1448 τὸν
3211 1394 3376 1462 Θεὸν,
3433 1396 3528 1448 xui
3569 1397 3756 1448 πᾶσαν

2167 1481 2332 1534 αὑτοῦ
2367 1482 2510 1549 λέξιν
2542 1483 2784 1554 ἀκριϐῶς
2817 1483 3144 1552 ἀναγνῶναι,
3174 1483 3268 1538 καὶ
3297 1483 3432 1556 πρὸς
3467 1483 3537 1538 τὰ
3559 1484 3746 1551 ἀναγιο

2165 1571 2488 1644 νωσκόμενα
2513 1573 2696 1628 δοῦναι
2730 1575 2796 1628 τὰ
2827 1574 3142 1647 αἰτούμενα,
3183 1576 3282 1630 οὐκ
3321 1572 3492 1636 εἶπεν,
3529 1577 3631 1629 Τὸν
3659 1576 3755 1628 λόο

2165 1681 2261 1733 γον
2301 1682 2402 1736 μου
2427 1665 2706 1732 ἐνῶτισαι,
2739 1668 2896 1732 ἀλλὰ,
2930 1670 3005 1722 Τὰ
3047 1669 3280 1739 ῥήματά
3311 1687 3431 1738 μου
3451 1668 3752 1734 erebum",

2164 1759 2367 1827 Κύριε·
2396 1760 2516 1812 ἀντὶ
2543 1760 2660 1824 τοῦ,
2699 1761 2968 1830 Ἑκάστην
2995 1761 3136 1826 λέξιν
3171 1761 3280 1831 (79)
3315 1761 3415 1832 τῆς
3443 1761 3754 1832 προσευχῆς

2168 1867 2270 1921 μου
2301 1851 2545 1924 ἀκριϐῶς
2577 1853 2869 1922 ἀνάγνωθι.
2901 1853 2991 1924 Μὴ
3021 1855 3263 1925 προσχῇς
3293 1853 3382 1924 ὑφ’
3407 1853 3465 1905 ἓν
3491 1851 3582 1906 τὸν
3615 1853 3754 1923 χάρ-

483 1965 591 2007 uno
625 1959 918 2020 conspectu
948 1949 1000 2002 in
1041 1947 1285 2002 chartam
1316 1947 1585 2002 intendas.
1622 1944 1737 2000 Non
1769 1947 1912 2001 enim
1939 1946 2056 1999 uni-

2161 1961 2283 2014 την.
2328 1945 2404 1997 Oti
2456 1945 2566 2016 γὰρ
2616 1945 2746 2016 μίαν
2779 1945 2964 2018 δέησιν
3009 1945 3253 2016 περιέχει
3298 1962 3398 2016 μου
3449 1946 3483 2015 ἡ
3541 1943 3749 2016 δέησις.

481 2055 599 2097 cam
655 2040 1091 2110 deprecatiOnem
1142 2037 1521 2106 complectitur
1565 2052 1680 2091 mea
1719 2037 1912 2092 oratio.
1951 2035 2056 2091 Sed

479 2132 602 2204 quia
631 2149 963 2204 unaquaeque
984 2133 1148 2187 dictio
1172 2131 1444 2202 propriam
1505 2132 1666 2187 habet
1726 2131 2056 2202 rogationem

481 2227 656 2298 (dives
693 2227 836 2280 enim
879 2239 943 2279 ac
989 2233 1182 2292 potens
1211 2233 1293 2278 est
1341 2239 1498 2292 quem
1537 2223 1708 2294 rogo),
1749 2221 1909 2276 l'erba
1945 2241 2056 2276 mea

481 2317 694 2370 auribus
733 2315 957 2384 percipe,
1005 2313 1245 2368 Domine.
1693 2365 1706 2377 ,

551 2407 630 2462 Ac
671 2405 831 2460 sicuti
885 2421 982 2460 nos
1029 2403 1244 2474 quando
1280 2401 1516 2456 libellum
1559 2400 1858 2470 supplicem
1887 2399 2055 2470 judici

481 2499 809 2569 explicatum
842 2496 1145 2560 oﬂ‘erimus,
1177 2495 1221 2550 si
1255 2495 1307 2548 in
1341 2495 1531 2547 charta
1571 2492 1722 2561 plura
1751 2492 2060 2546 continean-

480 2601 566 2644 tur
607 2591 804 2662 capita,
838 2589 918 2644 sic
962 2601 1214 2658 rogamus
1267 2599 1388 2640 eum
1422 2601 1436 2638 :
1473 2583 1525 2637 Id
1588 2581 1788 2637 laboris
1817 2583 2056 2652 suscipe,

479 2685 714 2748 domine,
758 2692 929 2739 totum
979 2679 1220 2736 libellum
1270 2678 1334 2732 ad
1386 2678 1608 2732 verbum
1667 2677 1847 2746 legito,
1894 2677 2057 2731 multa

477 2786 603 2831 sunt
641 2789 762 2845 qua:
810 2780 1094 2844 petuntur,
1135 2783 1202 2824 ne
1240 2767 1505 2838 scriptum
1555 2768 1697 2822 velut
1731 2784 1893 2822 unam
1935 2783 2060 2822 nar-

482 2867 745 2920 rationem
797 2871 1012 2936 reputes
1043 2877 1056 2914 :
1085 2863 1200 2932 pari
1257 2863 1412 2915 modo
1448 2860 1740 2930 Pmpheta,
1773 2861 1861 2932 qui
1892 2863 2056 2917 Deum

478 2946 728 3014 obsecret
761 2964 818 3010 ut
853 2954 1160 3010 consentiat
1207 2954 1260 3008 in
1317 2953 1705 3023 particularem
1741 2954 2056 3024 petitionum

477 3063 697 3104 suarum
745 3043 1229 3108 cxamiuatiouent,
1286 3043 1405 3099 ait:
1447 3041 1613 3097 Verba
1671 3060 1786 3098 mea
1843 3043 2058 3097 auribus

476 3142 699 3212 percipe,
742 3137 999 3216 Domine,
1029 3135 1261 3207 intellige
1317 3135 1600 3190 clamorem
1647 3153 1840 3193 uteum.
1883 3135 1928 3192 0
1968 3137 2056 3191 Dei

479 3232 901 3304 benignitatem!
941 3226 1207 3299 Intellige,
1238 3243 1355 3299 pro,
1384 3229 2056 3298 Animadverte.late/ligi-

2173 2034 2390 2107 Ἐπειδὴ
2441 2035 2498 2089 δὲ
2559 2036 2765 2107 ἑκάστη
2827 2037 2974 2102 λέξις
3037 2037 3172 2091 ἰδίαν
3230 2036 3344 2108 ἔχει
3403 2035 3756 2108 παράκλησιν

2163 2123 2436 2195 (πλούσιος
2483 2125 2590 2198 γὰρ
2619 2128 2713 2180 καὶ
2749 2127 2972 2191 δυνατὸς
3027 2131 3055 2182 6
3106 2126 3636 2199 παρακαλούμενος),
3671 2127 3758 2180 Τὰ

2155 2217 2391 2286 ῥήματά
2407 2237 2527 2288 μου
2551 2218 2849 2284 ἐνώτισεν,
2876 2221 3070 2290 Κύριε.

2231 2405 2344 2459 Καὶ
2395 2405 2582 2479 ὥσπερ
2628 2410 2792 2478 ἡμεῖς
2836 2410 3084 2481 ἐντυχίαν
3112 2409 3188 2481 τῷ
3237 2410 3462 2483 δικαστῇ
3501 2408 3746 2465 ἀναπτύ-

2161 2497 2351 2564 ξαντες
2379 2499 2512 2571 (80),
2559 2500 2654 2553 ἐὰν
2693 2503 2751 2554 ἐν
2794 2502 2872 2572 τῷ
2905 2503 3082 2575 χάρτῃ
3116 2503 3288 2557 πολλὰ
3332 2504 3627 2576 ἐμφέρεται
3675 2500 3754 2556 τὰ

2161 2586 2468 2654 κεφάλαια,
2509 2589 2936 2661 παρακαλοῦμεν
2991 2591 3185 2645 αὐτόν·
3231 2591 3450 2664 Κάμοῦ,
3489 2592 3750 2659 δέσποτα,

2161 2677 2295 2748 πρὸς
2341 2679 2486 2746 λέξιν
2543 2680 2633 2734 τὸν
2683 2681 2889 2752 χάρτην
2941 2683 3235 2752 ἀνάγνωθι,
3289 2683 3460 2738 πολλά
3499 2685 3646 2736 ἐστιν
3676 2683 3750 2737 τὰ

2160 2767 2488 2840 ζητούμενα,
2517 2771 2592 2841 μὴ
2631 2771 2706 2834 ὡς
2748 2771 2806 2824 ἐν
2835 2773 3079 2844 διήγημα
3111 2774 3343 2848 νομίσῃς
3370 2774 3429 2828 τὸ
3458 2774 3750 2844 σύγγραμ-

2163 2877 2270 2931 μασ
2305 2861 2477 2927 οὕτως
2507 2864 2536 2916 ό
2563 2865 2848 2936 προφήτης
2881 2867 2960 2930 εἰς
3007 2865 3105 2937 τὴν
3136 2866 3278 2922 κατὰ
3315 2867 3480 2938 μέρος
3506 2867 3616 2920 τῶν
3649 2868 3753 2939 ζη-

2159 2953 2434 3024 τουμένων
2472 2954 2620 3026 αὐτῷ
2658 2957 2902 3022 ἐξέτασιν
2943 2959 3224 3012 ἐπινεῦσαι
3267 2959 3355 3012 τὸν
3385 2958 3518 3012 Θεὸν
3559 2975 3752 3029 παρα.-

2133 3047 2360 3111 -καλῶν,
2395 3047 2588 3118 φησίν·
2632 3050 2708 3103 Τὰ
2749 3050 2988 3120 ῥήματά
3032 3069 3151 3120 μου
3199 3051 3496 3115 ἐνώτισαι,
3545 3053 3752 3120 Κύριε,

2160 3141 2346 3204 σύνες
2379 3140 2486 3209 τῆς
2519 3141 2787 3211 κραυγῆς
2831 3162 2971 3212 μου.
3004 3145 3068 3197 Ὢ
3101 3146 3199 3216 τῆς
3239 3146 3332 3198 τοῦ
3377 3144 3512 3199 Θεοῦ
3559 3145 3758 3215 φιλανθ

2162 3229 2408 3302 θρωπίας
2432 3231 2542 3302 (81)
2572 3233 2584 3284 !
2619 3232 2709 3299 Τὸ,
2738 3235 2944 3301 Σύνες,
2971 3236 3091 3288 ἀντὶ
3122 3235 3236 3300 τοῦ,
3266 3237 3495 3307 Νόήσον.
3530 3239 3756 3292 Σύνετε

474 3337 524 3380 te
558 3295 696 3394 javnt,
745 3321 1051 3388 insipientes
1094 3295 1148 3374 in
1190 3295 1404 3388 populo,
1440 3328 1513 3382 el,
1567 3319 1740 3382 stulti,
1775 3295 2056 3390 aliquando

2161 3295 2259 3390 (Silv
2289 3295 2549 3393 ἀρρένες
2574 3324 2642 3376 ἐν
2683 3295 2761 3390 et?)
2797 3295 2944 3392 λαῶ,
2974 3325 3094 3384 καὶ.
3111 3295 3316 3397 μωροὶ,
3345 3295 3492 3380 aiore
3521 3327 3755 3396 φρονή-

475 3417 644 3484 sapite
663 3412 730 3468 “.
758 3411 920 3482 Atqui
967 3424 1066 3465 nos
1111 3425 1232 3464 cum
1263 3411 1564 3477 sapientem
1601 3409 1776 3464 virum
1831 3411 2062 3480 alloqui-

478 3523 618 3572 mur,
645 3495 748 3559 non
783 3504 1045 3557 audemus
1075 3501 1252 3556 dicere
1285 3517 1298 3552 :
1331 3501 1712 3556 Animadverte
1745 3518 1863 3570 quae
1899 3501 2055 3569 dico;

455 3611 547 3652 'ue
596 3595 687 3650 ille
726 3603 980 3664 tanquam
1033 3590 1308 3662 negligens
1333 3600 1426 3646 aut
1452 3593 1618 3644 tardae
1663 3594 1858 3646 mentis
1897 3593 2058 3646 homo

478 3698 778 3759 reputetur.
814 3685 924 3741 Deo
953 3691 1132 3738 autem
1164 3683 1252 3752 qui
1289 3682 1455 3737 etiam
1483 3691 1646 3737 antea
1693 3683 2059 3754 cogitationes

477 3779 649 3846 novit,
701 3778 967 3848 propheta
1019 3775 1156 3830 dixit
1185 3791 1198 3828 :
1233 3773 1498 3844 Intellige,
1527 3774 1918 3831 animadverte.
1953 3777 2056 3832 Sed

475 3871 930 3946 quemadmodum
959 3870 1176 3926 dicens:
1201 3867 1430 3923 Auribus
1455 3869 1682 3938 percipe,
1715 3869 1917 3924 sciebat
1951 3872 2058 3926 Deo

478 3977 820 4036 nequaquam
867 3975 990 4018 esse
1029 3975 1190 4014 aures
1231 3959 1552 4026 sensibiles,
1605 3959 1686 4014 sic
1725 3959 1951 4015 dicendo
1989 3962 2056 4016 ad

477 4059 686 4114 Deum:
717 4055 982 4126 Intellige,
1024 4069 1130 4108 non
1169 4061 1426 4122 tanquam
1463 4051 1530 4106 ad
1563 4065 1686 4106 eum
1738 4051 1828 4120 qui
1871 4053 2058 4108 edoce-

475 4163 628 4209 retur
649 4165 720 4208 ac
745 4150 1023 4222 ignoraret
1056 4146 1399 4216 loquebatur,
1431 4145 1526 4199 sed
1554 4153 1812 4214 tauquam
1839 4144 1906 4198 ad
1931 4159 2054 4199 eum

475 4249 568 4321 qui
633 4245 1069 4306 inenarrabiliter
1102 4253 1158 4301 et
1195 4242 1527 4316 cogitatione
1576 4241 1740 4298 citius
1782 4244 2058 4314 cognoscit

477 4341 770 4415 postulata,
799 4348 1092 4411 antequam
1121 4337 1244 4408 quis
1272 4346 1440 4407 petat.
1473 4335 1582 4391 Aut.
1613 4334 1776 4390 etiam
1807 4336 1932 4405 quia
1976 4334 2058 4403 ju-

475 4446 593 4492 stus
628 4433 736 4490 Deo
768 4431 1102 4502 cogitatione
1127 4429 1472 4500 loquebatur,
1499 4437 1734 4498 eratque
1764 4427 1814 4482 ei
1849 4426 2056 4482 clamor

475 4535 730 4584 contenta
758 4523 960 4585 oratio,
989 4527 1046 4578 et
1074 4520 1402 4591 loquebatur
1427 4531 1533 4573 non
1561 4517 1814 4588 loquens,
1849 4517 2055 4572 clama-

2161 3431 2326 3468 σατε.
2385 3415 2492 3468 Καὶ
2544 3417 2703 3487 ἡμεῖς
2751 3417 2850 3488 μὲν
2913 3418 3060 3489 σοφῴ
3112 3418 3267 3490 ἀνδρὶ
3311 3417 3634 3484 λαλοῦντες,
3685 3419 3756 3476 οὐ

2160 3505 2448 3577 τολμῶμεν
2495 3508 2692 3573 εἰπεῖν,
2718 3509 2928 3581 Νόησον
2958 3509 2994 3564 ἃ.
3038 3510 3201 3578 λέγω,
3238 3511 3324 3564 ἵνα
3359 3512 3434 3583 μὴ
3465 3513 3539 3575 ὼς
3558 3511 3754 3580 ὀλίγω-

2162 3616 2254 3670 ρος
2285 3599 2318 3671 ἢ
2353 3600 2651 3672 βραδύνους
2678 3603 2930 3676 νομισθῇ.
2963 3605 3082 3675 Θεῷ
3109 3605 3165 3658 δὲ
3192 3605 3270 3678 τῷ
3303 3607 3400 3660 καὶ
3426 3606 3532 3677 πρὸ
3558 3605 3750 3674 τούτου

2157 3692 2257 3758 τὰς
2283 3694 2610 3768 ἐνθυμήσεις
2649 3699 2810 3752 εἰδότι
2853 3700 2883 3752 ό
2927 3699 3214 3771 προφήτης
3264 3700 3480 3770 ἔλεγεν,
3535 3701 3752 3766 Σύνες,

2159 3786 2370 3858 νόησον.
2413 3788 2550 3842 Ἀλλ’
2585 3789 2772 3862 ὥσπερ
2802 3791 2881 3856 τὸ,
2923 3791 3254 3856 Ἐνώτισαι,
3290 3791 3483 3856 εἰπὼν,
3517 3795 3577 3847 οὐ
3611 3793 3750 3846 πάνυ

2157 3895 2266 3942 τως
2292 3873 2407 3934 ὦτα
2433 3881 2669 3952 αἰσθητὰ
2708 3883 2797 3934 τὸν
2825 3881 2956 3936 Θεὸν
2985 3883 3128 3954 ἔχειν
3165 3883 3280 3955 ᾔδει
3307 3902 3320 3913 ·
3347 3884 3522 3946 οὕτως
3557 3885 3648 3938 καὶ
3686 3884 3752 3939 τὸ

2158 3972 2333 4024 εἰπεῖν
2359 3971 2438 4044 τῷ
2477 3971 2616 4044 Θεῷ,
2659 3975 2870 4040 Σύνες,
2901 3974 2998 4045 οὐχ
3033 3975 3108 4038 ὡς
3149 3975 3622 4048 άναδιδασκομένῳ
3653 3978 3751 4030 καὶ

2159 4061 2441 4130 ἀγνοοῦντι
2470 4061 2668 4127 ἐλάλει,
2703 4064 2817 4117 ἀλλ’
2865 4065 2940 4128 ῶς
2991 4066 3318 4139 ἀπορῤήτως
3368 4067 3464 4120 καὶ
3493 4067 3751 4136 ὀξύτερον

2155 4153 2398 4219 διανοίας
2425 4155 2586 4208 εἰδότι
2613 4157 2682 4208 τὰ
2709 4158 2988 4228 αἰτήματα
3019 4159 3126 4229 πρὸ
3151 4159 3244 4210 τοῦ
3274 4160 3519 4231 αἰτῆσαι.
3554 4161 3624 4212 Ἢ
3651 4161 3752 4214 xui.

2156 4247 2344 4320 ἐπειδὴ
2382 4247 2523 4301 κατὰ
2564 4247 2804 4302 διάνοιαν
2840 4251 2869 4302 6
2905 4248 3112 4314 δίκαιος
3158 4249 3236 4320 τῷ
3269 4251 3388 4322 ε)εῴ
3423 4251 3620 4314 ἐλάλει,
3651 4253 3754 4307 καὶ

2153 4333 2221 4410 ἦν
2247 4339 2394 4410 αῦτῷ
2427 4340 2644 4412 κραυγὴ
2697 4343 2730 4411 ἡ
2775 4339 3030 4406 σύντονος
3071 4344 3371 4414 προσευχὴ,
3427 4344 3520 4398 καὶ
3565 4343 3752 4400 ἐλάλει

2159 4431 2232 4502 μὴ
2259 4430 2454 4496 λαλῶν,
2483 4431 2576 4484 καὶ
2605 4432 2833 4504 ἔκραζεν
2861 4433 2989 4488 ἄνευ
3020 4435 3203 4506 φωνῆς
3220 4452 3234 4466 ο
3257 4437 3433 4500 οὐδεὶς
3453 4436 3508 4490 δὲ
3533 4435 3752 4508 ἀνθρὼ-

2155 4535 2272 4572 πων
2294 4522 2404 4572 νοεῖ
2423 4520 2601 4592 ψυχῆς
2635 4521 2878 4594 κραυγὴν
2897 4524 3276 4596 ἁνεκλάλητον,
3303 4528 3352 4580 εἰ
3384 4527 3458 4600 μὴ
3492 4527 3622 4590 Θεὸς
3649 4528 3752 4598 μό-

476 4621 680 4690 batquo
718 4617 840 4674 sine
867 4631 1034 4682 voce;
1062 4611 1344 4669 hominum
1381 4622 1565 4669 autem
1613 4611 1794 4666 nullus
1823 4609 2053 4680 percipit

2160 4627 2274 4676 νος·
2309 4611 2398 4664 διὰ
2433 4611 2592 4666 τοῦτο
2629 4613 2704 4685 τῷ
2739 4613 2884 4686 μόνῳ
2912 4615 3164 4671 ἀκούοντι
3199 4618 3306 4673 τῶν
3345 4618 3755 4690 μὴ-λαλούντων

475 4709 800 4769 ineﬂ‘abilem
845 4709 1040 4764 anima:
1065 4705 1384 4771 clamorem,
1417 4707 1514 4762 sed
1551 4703 1699 4761 solus
1727 4703 1897 4770 Deus;
1930 4701 2052 4757 ideo

477 4805 615 4860 dixit
643 4805 710 4858 ad
740 4815 862 4857 cum
907 4798 998 4870 qui
1037 4797 1188 4852 solus
1218 4812 1314 4852 eos
1347 4795 1440 4866 qui
1479 4809 1588 4851 non
1623 4794 1920 4864 loquuntur
1949 4809 2048 4848 au-

473 5027 480 5034 _
548 4964 590 4997 ⁸¹
623 4961 767 5020 Psal.
796 4976 950 5027 scut,
978 4957 1031 5014 8.

465 5135 468 5138 ’
550 5125 664 5198 (79)
701 5122 898 5190 Λέξις.
931 5119 1137 5198 Vocem
1165 5117 1364 5198 λέξεως
1403 5117 1656 5198 retinebit
1687 5117 1778 5188 qui
1813 5119 1953 5198 volet
1995 5119 2046 5172 in

479 5190 880 5264 Chi-ystntomo,
917 5201 1057 5246 orat.
1097 5190 1179 5264 lle
1195 5190 1516 5264 paenitentia
1553 5199 1601 5243 et
1630 5191 2046 5264 compunctioue,

481 5269 558 5324 t.l
585 5259 712 5320 edit.
740 5263 936 5328 Parim,
962 5277 1089 5314 anu.
1117 5259 1279 5323 {609,
1309 5275 1364 5330 p.
1390 5259 1524 5330 680;
1551 5271 1606 5314 et
1633 5259 1752 5314 LVI
1777 5259 2050 5314 Saviliano

479 5354 575 5395 seu
601 5335 810 5396 Gnaeo,
842 5350 894 5402 p.
923 5332 1046 5400 77:5,
1077 5331 1111 5402 ι,
1143 5346 1235 5395 xx,
1261 5329 1350 5386 ubi
1383 5331 1450 5384 de
1481 5329 1692 5402 Rahab.
1723 5331 1835 5399 Ego
1866 5340 2048 5402 autem

479 5406 780 5463 ettneudnbo
827 5400 1042 5472 δέξεως.
1091 5401 1297 5472 Locum
1343 5415 1448 5456 non
1489 5401 1774 5472 subiungo,
1809 5401 1936 5468 quia
1977 5400 2052 5472 iis

478 5491 623 5535 noue
655 5478 772 5530 istae
798 5469 1126 5538 scribuntur,
1165 5473 1254 5542 qui
1288 5471 1456 5526 libros
1492 5469 1714 5535 habent,
1742 5485 1945 5539 eOsque
1976 5469 2052 5522 le-

477 5557 686 5621 gereet
715 5546 960 5621 relegere
988 5543 1426 5621 non_pigrantur:

549 5617 662 5688 (80)
715 5609 1142 5688 ’Erfvxiar_tqi
1179 5609 1458 5688 δικαστῇ.
1482 5609 1640 5688 Circa
1678 5623 1860 5664 vocem
1896 5610 2050 5663 ὲντυ-

478 5681 605 5760 χίας
637 5681 747 5760 non
769 5681 936 5756 pauca
967 5685 1068 5740 viri
1097 5685 1262 5760 docti.
1290 5682 1492 5760 lisnnos
1516 5681 1583 5734 de
1611 5693 1761 5760 more
1791 5695 2052 5760 suppres-

479 5750 598 5824 ἒὶε,
625 5750 960 5827 proferemus
988 5771 1052 5827 ex
1084 5750 1430 5827 adversariis
1480 5751 1680 5827 nostris
1699 5750 2052 5827 furendam-

482 5817 639 5880 nem:
669 5827 742 5880 Ea
789 5829 893 5882 erit
925 5843 975 5878 Ill
1011 5823 1326 5885 Athanasio,
1359 5821 1546 5876 bomil.
1587 5822 1641 5876 in
1692 5817 2048 5883 Parasreven,

479 5911 605 5952 cum
651 5895 910 5951 latronem
965 5891 1160 5949 bouuiu
1207 5891 1279 5944 ita
1310 5891 1611 5960 compellat,
1639 5886 1710 5945 Ὦ
1738 5889 1931 5964 λῃστὰ,
1958 5891 2050 5946 τὸν

2159 4702 2342 4771 ἔλεγεν
2361 4719 2376 4734 ·
2401 4705 2590 4770 Σύνες
2616 4703 2726 4773 τῆς
2759 4705 3025 4776 κραυγῆς
3049 4726 3188 4777 μου.
3220 4709 3386 4763 -Σὺ
3406 4709 3536 4779 γὰρ,
3560 4710 3752 4778 φησιν,

2157 4794 2342 4862 μόνος
2359 4795 2682 4849 ἐπίστασαι
2714 4797 2818 4862 τὰς
2845 4798 3092 4866 καρδίας
3114 4799 3231 4854 τῶν
3251 4800 3591 4869 ἀνθρώπων,
3625 4801 3754 4856 ἑλε-

2155 5118 2477 5193 προγονικδν
2531 5117 2732 5193 κλῆρον
2785 5119 3120 5193 ἀπολόμενον
3154 5117 3258 5193 ,διὰ
3313 5119 3444 5193 μιᾷς
3487 5120 3755 5193 εύτυχίας

2154 5169 3749 5261 riu-massiggj'vnoinsanitursanguinea:

2158 5256 2202 5332 0
2235 5256 2379 5332 iatro
2405 5256 2492 5328 qui
2525 5260 2721 5332 avitam
2745 5256 3113 5332 [nereditatem
3173 5256 3423 5314 amissum
3466 5262 3625 5332 unica
3653 5279 3752 5332 pe-

2157 5330 2344 5400 titione
2373 5331 2718 5400 recuperasti.
2745 5329 2914 5383 Porro
2939 5330 3150 5400 judices
3177 5332 3455 5398 eleganter
3481 5347 3511 5384 a
3538 5329 3751 5390 Graecis

2157 5399 2505 5468 appellantur
2543 5399 2724 5470 κύριοι
2771 5399 2870 5470 τῆς
2903 5399 3106 5472 ψήφου.
3153 5399 3582 5472 lnCollectlone
3631 5401 3750 5458 Ro-

2161 5485 2338 5540 mana,
2380 5478 2536 5537 parte
2563 5487 2601 5534 ι,
2637 5487 2688 5540 p.
2721 5472 2808 5536 l5,
2841 5474 2904 5526 Ib
2930 5491 2943 5525 :
2969 5470 3176 5525 Judicii
3207 5471 3434 5533 domini,
3467 5474 3750 5526 examina-

2160 5539 2317 5610 tionis
2366 5539 2647 5594 dominus.
2677 5540 2829 5606 Quod
2882 5544 3001 5595 ideo
3044 5544 3365 5609 observavi,
3417 5541 3540 5608 quia
3596 5545 3745 5610 apud

2151 5607 2448 5680 Philonem,
2503 5610 2643 5666 libro
2689 5613 2765 5664 De
2803 5607 3093 5680 Decalogo,
3149 5625 3202 5678 p.
3241 5610 3380 5677 764,
3429 5607 3749 5678 portentosa

2151 5679 2689 5752 scripttnniinveuies
2713 5682 2840 5752 τοὺς
2867 5679 3210 5752 κατηγόρους
3242 5681 3342 5752 τῆς
3373 5680 3574 5752 ψήφου.

2225 5749 2337 5819 (81)
2381 5751 2450 5802 Ὠ
2493 5749 2604 5820 τῆς
2635 5751 2740 5806 τοῦ
2777 5752 2926 5806 Θεοῦ
2981 5749 3471 5821 eammeam!
3493 5751 3747 5821 _l’lenius

2153 5832 2343 5892 eatena
2372 5821 2425 5873 in
2455 5836 2483 5892 ι.
2512 5821 2740 5888 psalmos
2765 5837 2784 5874 :
2818 5821 2862 5892 Ο
2890 5819 3148 5892 ingentem
3191 5825 3454 5892 nep/gem
3481 5819 3740 5892 loquendi

2154 5839 2343 5874 catena
2372 5839 2425 5873 ιη
2455 5839 2483 5873 ι.
2512 5839 2740 5888 psaunos
2765 5839 2784 5874 :
2818 5839 2862 5875 υ
2890 5839 2942 5875 m
2979 5839 3148 5875 autem
3191 5839 3454 5887 iropueta'
3481 5839 3740 5892 wqums

2154 5890 2476 5946 libertatem!
2508 5908 2537 5945 ο
2581 5891 2770 5946 miram
2804 5891 2901 5947 Dei
2935 5839 3346 5960 bacuiguilalcm!
3833 5889 3846 5897 “
