4076 6144
412 411 507 472 821

1432 400 1918 464 ΙΙΟΜΙΙᾸᾸΤΧἯῙ.
1952 404 2019 459 IN
2056 403 2346 460 EUMDEM
2380 404 2578 462 PSAL.
2611 405 2672 465 ν.
2706 462 2715 470 .

3488 392 3673 466 ’λετ

414 527 854 598 ἐκληρονόμησας
881 543 893 554 ·
950 525 1280 596 ἐφόνευσας,
1327 524 1422 578 καὶ
1481 525 1580 595 τὴν
1629 523 1984 594 κληρονομίαν

2099 522 2566 585 tatem;occidisti
2601 523 2789 590 vitam,
2833 533 2889 581 et
2939 525 3104 581 vitam
3153 525 3467 597 perdidisti.
3526 527 3674 581 occi-

414 621 735 684 ἀπὼλεσας·
761 619 1054 688 ἐφόνευσας
1080 619 1178 689 τὴν
1207 617 1373 689 ζωὴν,
1410 618 1504 670 καὶ
1554 616 1654 686 τὴν
1707 616 1854 685 ζωὴν
1892 613 1995 666 ἁπ-

412 710 971 779 ώλεσας·ὲφόνευσας,
1003 708 1097 762 καὶ
1125 709 1272 779 ᾕδεις
1298 708 1357 762 ὃν
1386 707 1682 777 ἐφόνευσας
1701 722 1714 736 ·
1748 705 1995 773 ἐπέγνως

413 803 520 872 γὰρ
545 800 710 855 αὑτὸν
743 801 833 854 ὅτε
862 798 1020 863 εἶπας
1045 818 1060 831 ο
1088 796 1280 865 Οὗτός
1314 799 1489 853 ἐστιν
1527 800 1560 851 ὁ
1597 796 1993 864 κληρονόμος,

413 893 584 949 δεῦτε
618 893 1063 961 ἀποκτείνωμεν
1099 892 1306 945 αὐτόν.
1343 888 1452 943 Kal.
1478 890 1526 942 εί
1556 888 1716 951 αὐτὸς
1743 889 1772 940 6
1797 886 1994 956 κληρο-

412 982 608 1053 νόμος,
641 974 687 1035 ὦ
714 980 917 1051 πονηρὲ
960 979 1200 1047 Ἰουδαῖε,
1234 980 1331 1051 τὴν
1359 978 1529 1049 νομὴν
1558 976 1637 1049 τῷ
1675 975 1996 1049 κληρονόμῳ

413 1073 703 1145 παρὰδως,
757 1071 856 1141 τὴν
897 1071 1214 1124 δεσποτείαν
1267 1069 1721 1141 ἀποκατάστησον
1772 1067 1852 1138 τῷ
1903 1069 1992 1139 δεεέ

414 1169 604 1237 σπότπ
631 1164 882 1234 ἐντυχίαν
914 1161 1063 1233 αὐτῷ
1097 1162 1452 1235 προσένεγκε,
1475 1160 1564 1215 ῖνα
1596 1160 1660 1213 σὺ
1694 1159 1795 1222 τὰς
1814 1159 1991 1223 λύπας

412 1256 807 1328 παραχωρήσῃ.
838 1255 953 1308 Δύο
976 1252 1421 1328 πῳσενέχθησαν
1454 1250 1600 1322 αὐτῷ
1633 1250 1985 1321 χρεωφειλέ·

412 1363 530 1401 ταιο
557 1349 590 1400 ό
612 1340 701 1412 εἴς
721 1344 977 1415 ὤφειλεν
1007 1344 1259 1413 δηνάρια
1276 1343 1664 1399 πεντακόσια.
1690 1342 1787 1395 καί
1820 1345 1853 1394 ό
1871 1341 1993 1395 ἔτε-

404 1453 511 1503 ρος
537 1432 938 1499 πεντήκοντα·
973 1430 1061 1501 μὴ
1090 1432 1356 1501 ἐχόντων
1392 1429 1462 1482 δὲ
1493 1428 1847 1493 ἀποδοῦναι,
1878 1428 1990 1497 ἀμ-

411 1524 680 1594 φοτέροις
726 1524 1069 1594 ἐχαρίσατο,
1118 1523 1195 1587 ὡς
1238 1521 1535 1592 κεφαλαίου
1589 1521 1846 1575 ἀπόδοσιν
1892 1519 1991 1590 τὴν

416 1615 579 1686 ὀρθὴν
613 1615 936 1687 προαίρεσιν
981 1614 1354 1685 λογισάμενος.
1388 1614 1498 1666 Καὶ
1532 1612 1595 1665 σὺ
1629 1610 1843 1674 πολλοῖς
1873 1609 1991 1663 ἐτε-

412 1724 495 1759 σιν
523 1706 786 1776 κατέσχες
813 1704 885 1759 τὰ
902 1704 997 1759 τοῦ
1028 1703 1371 1777 κληρονόμου
1405 1703 1740 1775 ὑπάρχοντα,
1773 1702 1868 1755 καὶ
1900 1699 1992 1753 οὐ-

408 1800 495 1851 δὲν
525 1796 674 1868 αὐτῷ
700 1799 1102 1869 προσήνεγκας.
1153 1796 1497 1850 Ἀπέστειλεν
1521 1793 1740 1857 δούλους
1767 1791 1989 1863 ζητοῦν-

406 1907 527 1952 τας,
554 1889 655 1943 οὐκ
683 1887 1075 1953 ἀπαιτοῦντας,
1110 1889 1238 1950 τοὺς
1270 1886 1518 1959 καρπούς
1545 1904 1556 1916 ·
1583 1885 1659 1949 ὡς
1688 1884 1831 1953 φίλοι
1862 1884 1986 1954 ἐζή-
2017 1870 2059 1925 Β

405 1998 597 2052 τησαν,
638 1980 713 2044 ὡς
741 1978 925 2052 ἐχθροὶ
954 1977 1343 2048 ἐφονεύθησαν.
1379 1976 1548 2040 Αὐτὸς
1580 1971 1741 2047 ἦλθεν
1770 1976 1798 2027 6
1847 1972 1979 2044 κλη-

406 2074 665 2145 ρονόμος,
703 2073 803 2127 οὐκ
844 2068 1226 2145 ὀργιζόμενος,
1271 2069 1384 2124 ἀλλ’
1430 2067 1870 2138 ἀγαθυνόμενος·
1924 2066 1984 2118 οὐ

403 2168 529 2229 τοὺς
558 2163 915 2234 φονευθέντας
959 2161 1225 2227 ἐκδικῶν,
1261 2159 1399 2216 ἀλλὰ
1446 2160 1574 2223 τοὺς
1625 2158 1988 2227 φονεύσαντας

406 2238 645 2329 σωθῆναι
673 2253 1008 2328 παρακαλῶν
1032 2270 1045 2285 °
1090 2254 1191 2324 οὐχ
1240 2254 1315 2317 ὡς
1340 2251 1535 2324 κριτὴς
1573 2249 1834 2313 ἐκδικῶν,
1867 2248 1983 2302 ἀλλ’

403 2351 476 2415 ὡς
509 2350 687 2422 ἱερεὺς
731 2348 1020 2404 νουθετῶν.
1056 2348 1227 2412 Αὐτὸς
1255 2343 1436 2401 εἶπεν
1480 2347 1602 2400 Οὐκ
1646 2341 1840 2416 ἦλθον
1885 2344 1986 2397 ἵνα

404 2442 584 2509 κρίνω
620 2443 726 2496 τὸν
757 2442 1008 2511 κόσμον,
1041 2440 1180 2495 ἀλλ’
1211 2441 1312 2494 ἵνα
1351 2437 1531 2492 σώσω
1573 2436 1679 2490 τὸν
1727 2436 1976 2504 κόσμον.

2100 611 2247 673 disti,
2278 627 2340 665 ac
2364 627 2596 668 noveras
2625 629 2788 684 quem
2808 616 3127 673 interfecisti
3151 634 3165 684 ;
3188 618 3452 687 agnovisti
3477 618 3675 688 quippe

2097 701 2245 754 illum
2283 702 2502 770 quando
2542 703 2723 759 dixisti
2750 722 2764 758 :
2795 705 2894 760 Hic
2925 717 3001 763 est
3035 712 3221 773 lateres,
3250 709 3438 772 venite,
3464 710 3675 764 occida-

2096 809 2346 847 mnseum
2384 793 2447 846 ⁸⁸.
2481 795 2544 848 Ει
2592 795 2682 851 ille
2738 798 2783 852 si
2834 799 3006 856 lintres
3071 811 3176 867 εει,
3212 816 3245 856 o
3281 802 3420 856 male
3466 800 3670 866 Judare,

2094 885 2489 951 possessionem
2520 887 2673 941 trade
2699 887 2920 955 bmredi,
2980 891 3278 946 dominium
3319 893 3546 948 restitue
3576 895 3672 947 do-

2096 975 2274 1041 mino,
2305 991 2497 1045 preces
2530 978 2602 1033 illi
2630 978 2786 1046 oll‘er,
2818 988 2878 1034 ut
2903 982 2995 1035 tibi
3035 983 3193 1037 venia
3223 986 3552 1039 concedatur
3572 999 3670 1054 pro

2098 1066 2382 1121 molestiis.
2415 1066 2532 1120 Duo
2583 1070 2631 1123 ei
2661 1069 2829 1123 oblati
2863 1079 2987 1124 sunt
3021 1071 3320 1125 debitores:
3349 1089 3484 1127 unus
3524 1075 3673 1128 debe-

2096 1157 2184 1212 bat
2216 1160 2460 1214 denarios
2487 1161 2824 1230 quingentos,
2852 1171 2902 1215 et
2927 1164 3067 1217 alius
3097 1167 3477 1233 quinquaginta
3508 1181 3526 1219 ε
3567 1182 3672 1220 non

2100 1248 2408 1305 habentibus
2432 1262 2607 1305 auten:
2632 1254 2768 1307 unde
2796 1256 3088 1322 redderent,
3115 1258 3326 1310 donavit
3354 1257 3667 1327 utrisque",

2092 1342 2217 1395 dum
2249 1342 2396 1397 velut
2420 1344 2778 1399 redditionem
2830 1361 3055 1402 smmum
3090 1357 3301 1417 reputat
3349 1349 3544 1404 bonam
3576 1364 3673 1404 vo-

2091 1426 2370 1483 iuntatem.
2401 1429 2479 1483 Tu
2505 1445 2633 1485 vero
2669 1432 2852 1487 multis
2908 1434 3063 1489 annis
3100 1435 3384 1492 obtinuisti
3437 1438 3668 1492 haeredis

2091 1521 2252 1586 bona,
2283 1530 2336 1576 et
2366 1521 2498 1576 nihil
2531 1524 2578 1577 ei
2603 1524 2863 1580 obtulisti.
2901 1525 3044 1580 Misit
3074 1541 3263 1583 servos
3312 1538 3369 1583 ut
3422 1531 3668 1600 require--

2092 1621 2212 1667 rent
2238 1612 2311 1679 ³ο,
2338 1627 2443 1666 non
2485 1614 2763 1684 exigerent
2795 1616 3004 1672 fruetus
3043 1636 3057 1672 :
3108 1618 3256 1673 velut
3284 1619 3441 1674 amici
3469 1621 3667 1690 quassi-

2088 1711 2267 1764 erunt,
2300 1701 2447 1756 velut
2475 1702 2658 1757 hostes
2683 1702 2955 1759 interfecti
2979 1713 3124 1761 sunt.
3165 1705 3282 1775 Ipse
3307 1709 3663 1773 venithmres,

2090 1808 2193 1846 non
2230 1792 2495 1858 irascens,
2534 1795 2627 1848 sed
2654 1795 2886 1865 benigne
2935 1810 3131 1866 agens;
3178 1813 3283 1851 non
3338 1798 3546 1855 occisos
3577 1801 3665 1855 ul-

2088 1882 2323 1946 ciscens,
2362 1884 2457 1937 sed
2492 1883 2766 1940 oecisnres
2823 1887 2889 1939 ad
2930 1887 3157 1941 salutem
3190 1888 3522 1956 exhortans;
3556 1906 3663 1945 non

2099 1982 2352 2040 tauquam
2384 1973 2551 2042 judex
2573 1974 2736 2040 ultor,
2767 1976 2862 2030 sed
2914 1986 3167 2047 tauquam
3199 1961 3465 2032 sacerdos
3485 1982 3663 2034 moui.

2088 2078 2190 2123 tor.
2230 2065 2350 2136 Ipse
2381 2068 2559 2124 dixit:
2593 2069 2716 2124 Non
2743 2072 2858 2124 ueni
2910 2083 2966 2124 ut
2995 2073 3233 2142 judicent
3271 2048 3549 2143 mundum,
3573 2078 3664 2132 sed

2087 2171 2140 2213 ut
2173 2160 2457 2228 salvi/icem
2506 2161 2760 2214 mundum
2793 2162 2860 2217 “.
2900 2162 3006 2219 Sed
3056 2164 3180 2233 quia
3233 2165 3407 2233 ipsum
3448 2183 3665 2238 quoque

2087 2253 2354 2307 lueredem
2391 2252 2661 2316 occidisti,
2688 2264 2743 2309 et
2779 2255 3149 2311 ltwrcilitatcm
3177 2259 3331 2314 obire
3360 2261 3660 2325 credidisti,

2086 2344 2232 2398 disce
2254 2347 2555 2399 surrexisse
2585 2347 2873 2413 haeredem,
2902 2357 3059 2419 atque
3074 2352 3443 2407 hacreditatem
3475 2366 3658 2410 trans-

2089 2434 2277 2488 tulisse
2337 2435 2401 2488 ad
2435 2434 2730 2489 Ecclesium
2763 2452 2881 2505 qua:
2907 2454 2971 2493 ex
3011 2440 3259 2508 gentibus
3287 2451 3519 2497 constat.

416 2531 552 2585 Ἀλλ’
569 2532 759 2603 ἐπειδὴ
780 2532 874 2586 καὶ
892 2530 1054 2585 αὐτὸν
1077 2531 1167 2585 τὸν
1187 2530 1524 2603 κληρονόμον
1541 2529 1867 2590 ἀπέκτεινας
1883 2528 1982 2598 (5i.
2034 2527 2128 2580 καὶ
2162 2526 2520 2599 κληρονομεῖν
2584 2527 2843 2601 ἐνόμισας
2862 2573 2876 2597 ,
2912 2532 3049 2603 μάθε
3066 2573 3081 2599 ,
3115 2533 3196 2588 ὅτι
3223 2534 3421 2607 ἀνέστη
3465 2538 3494 2590 6
3523 2534 3659 2608 κλη-

409 2623 650 2697 ρονόμος,
679 2624 772 2677 καὶ
801 2624 899 2695 τὴν
928 2623 1290 2695 κληρονομίαν
1323 2623 1402 2685 εἰς
1428 2621 1526 2691 τὴν
1556 2619 1616 2685 ἐξ
1649 2618 1818 2671 ἐθνῶν
1860 2616 2189 2690 Ἐκκλησίαν
2215 2620 2553 2689 μετήγαγεν.

474 2721 580 2784 Εἰς
625 2718 691 2772 τὸ
734 2718 909 2784 τέλος
955 2717 1107 2785 ὑπὲρ
1152 2715 1262 2785 τῆς
1302 2715 1821 2784 κληρονομούσης.
1874 2712 1984 2766 Καὶ

2157 2712 2221 2766 In
2253 2713 2429 2781 ﬁnem,
2453 2731 2547 2782 pro
2575 2731 2636 2769 ea
2667 2732 2786 2785 qua:
2814 2716 3169 2773 [nereditatem
3209 2723 3560 2786 consequitur.
3597 2722 3661 2777 Et

400 2809 489 2864 διὰ
517 2811 589 2874 τί,
633 2812 733 2875 Εἰς
768 2809 835 2863 τὸ
874 2808 1081 2875 τέλος;
1131 2807 1351 2879 Ἐπειδὴ
1387 2808 1537 2860 πᾶσα
1575 2807 1609 2876 η
1650 2803 1984 2876 κληρονομία

2083 2820 2178 2859 cur
2207 2804 2275 2858 In
2307 2804 2508 2873 ﬁnem?
2532 2805 2667 2873 Quia
2700 2809 2877 2863 omnis
2933 2810 3219 2865 ltznreditas
3262 2822 3381 2880 post
3411 2812 3566 2866 linem
3605 2824 3660 2867 ct

408 2901 544 2970 μετὰ
569 2901 631 2953 τὸ
659 2901 815 2964 τέλος
850 2900 944 2953 καὶ⁹
973 2901 1072 2972 τὴν
1099 2899 1352 2971 τελευτὴν
1381 2898 1477 2952 τοῦ
1506 2898 1881 2970 διατιθεμένου
1902 2898 1983 2962 είς

2083 2906 2310 2949 mortem
2369 2894 2514 2950 illius
2542 2896 2633 2964 qui
2668 2906 3053 2953 testamentum
3108 2900 3258 2965 fecit,
3312 2902 3559 2972 pervenit
3591 2906 3662 2958 ad

402 2992 527 3054 τοὺς
558 2992 929 3064 κληρονόμους
964 2991 1336 3063 περιέρχεται.
1371 2989 1535 3058 Λέγει
1560 2991 1589 3042 6
1626 2988 1942 3052 Ἀπόστολος
1963 3004 1977 3019 ⁸

2083 2984 2345 3039 ltaeredes.
2397 2983 2537 3039 Dicit
2582 2987 2906 3057 Apostolus:
2965 2988 3351 3045 Testamentum
3406 2995 3542 3048 enim
3605 2995 3661 3049 in

403 3082 658 3152 Διαθήκη
702 3082 812 3152 γὰρ
849 3081 946 3135 ἐπὶ
986 3080 1221 3148 νεκροῖς
1259 3079 1478 3144 ,βεϐαία
1502 3096 1515 3110 ·
1571 3079 1703 3133 ἐπεὶ
1746 3078 1981 3149 μήποτε

2086 3075 2303 3128 mortuis
2321 3077 2690 3143 conﬁrmatum
2708 3088 2783 3132 est
2808 3095 2827 3133 :
2850 3079 3086 3150 alioquin
3109 3085 3339 3136 nondum
3362 3084 3518 3149 valet,
3533 3087 3658 3139 dum

404 3176 624 3243 ἰσχύει,
649 3177 681 3229 ό
702 3174 1103 3244 διατιθέμενος
1129 3172 1227 3226 ὅτε
1248 3171 1334 3242 ζῇ.
1378 3173 1532 3225 Ἐπεὶ¹
1559 3168 1652 3226 οῦν
1681 3171 1888 3224 διέθετο
1910 3173 1977 3242 τῇ

2086 3159 2206 3219 vivit
2233 3166 2323 3235 qui
2353 3176 2576 3220 testatus
2599 3177 2676 3220 est
2710 3168 2778 3220 “.
2835 3169 3100 3233 Quoniam
3146 3185 3276 3240 ergo
3306 3173 3558 3228 Christus
3582 3184 3659 3229 tc-

415 3264 709 3336 Ἐκκλησίᾳ
739 3265 768 3318 6
804 3263 1038 3335 Χριστὸς
1076 3263 1170 3316 καὶ
1201 3262 1467 3333 διαθήκην
1494 3262 1631 3332 αὐτῇ
1660 3260 1896 3330 ἔγραψεν
1919 3259 1980 3312 τὸ

2084 3267 2256 3312 status
2293 3268 2378 3312 est
2439 3258 2716 3325 Ecclesiae,
2777 3258 2935 3328 eique
2980 3261 3199 3329 scripsit
3252 3271 3659 3332 testamentum,

402 3359 732 3429 Εὐαγγέλιον
755 3398 771 3423 ,
815 3359 911 3412 καὶ
955 3355 1319 3429 κληρονομίαν
1356 3355 1493 3425 αὐτῇ
1543 3352 1642 3425 τὴν
1698 3352 1977 3422 βασιλείαν

2086 3349 2439 3420 Evangelium
2466 3349 2737 3417 videlicet,
2792 3362 2956 3423 atque
2988 3352 3161 3407 eidem
3219 3370 3316 3424 pro
3345 3355 3659 3413 haereditate

398 3453 785 3523 ἐπηγγείλατο,
813 3451 906 3504 καὶ
924 3448 1294 3520 ἐτελεύτησεν,
1323 3447 1417 3500 καὶ
1441 3447 1612 3517 ἐτάφη
1638 3461 1652 3476 ⁸
1690 3444 1780 3498 καὶ
1805 3445 1838 3515 ἡ
1863 3445 1978 3499 δια-

398 3540 541 3611 θήκη
592 3536 916 3609 ἐϐεϐαιώθη.
968 3536 1084 3606 Τῆς
1126 3537 1645 3606 κληρονομούσης.
1685 3534 1749 3587 Τί
1787 3535 1975 3589 εἶπενο

404 3630 647 3701 Ταλμὸς
686 3628 766 3695 τῷ
793 3628 1005 3693 Auditi;
1030 3628 1309 3700 Εὐθυμίας
1350 3628 1445 3681 καὶ
1485 3628 1662 3699 χαρᾶς
1698 3627 1855 3696 λόγος
1899 3624 1978 3696 τῷ

395 3721 577 3785 Δαϐὶδ,
612 3722 707 3775 ἐπὶ
734 3723 801 3792 τῇ
835 3718 1171 3792 κληρονομίᾳ
1198 3720 1299 3791 τῆς
1342 3719 1688 3791 Ἐκκλησίας.
1715 3717 1983 3788 Εὐθυμεῖ

396 3831 515 3880 τις;
568 3812 869 3882 ψαλλέτω.
906 3812 1084 3866 Πολλὰ
1138 3813 1544 3883 προεφήτευσεν
1596 3812 1736 3884 ὑπὲρ
1786 3812 1886 3883 τῆς
1919 3811 1980 3878 ἐξ

396 3904 566 3958 ἐθνῶν
595 3903 943 3974 Ἑκκλησίας·
968 3903 1063 3957 καὶ
1097 3901 1220 3956 ἰδὼν
1245 3902 1308 3955 τὸ
1330 3903 1526 3974 πέρας,
1558 3902 1750 3975 ἐχάρη.
1777 3902 1979 3955 Πάντα

392 3994 466 4050 τὰ
498 3996 665 4063 ἔθνη,
688 3994 1021 4063 κροτήσατε
1055 3992 1277 4062 χεζοας.
1302 3989 1488 4047 Εἶδον
1508 3990 1707 4045 πάντα
1736 3990 1808 4044 τὰ
1831 3990 1975 4059 ἔθνη

394 4086 457 4140 τὸ
484 4084 784 4153 σωτήριον
804 4085 909 4139 τοῦ
938 4084 1085 4153 Θεοῦ
1118 4083 1307 4153 ἡμῶν.
1339 4081 1569 4137 Αἰνεῖτε
1606 4082 1714 4136 τὸν
1733 4081 1973 4149 Κύριον,

392 4175 589 4231 πάντα
630 4144 705 4232 τὰ
742 4177 908 4245 ἔθνη.
947 4144 1217 4242 Ἕδωκῖις
1254 4174 1668 4244 κληρονομίαν
1706 4144 1833 4240 τοῖς
1866 4144 1975 4242 φοέ

393 4267 703 4338 σουμένοις
730 4268 795 4321 τὸ
821 4267 1007 4337 ὄνομά
1035 4283 1175 4322 σου·
1206 4267 1320 4330 τοῖς
1346 4264 1598 4327 ἐθνικοῖς.
1629 4265 1701 4319 Ἢ
1728 4264 1842 4328 καὶ,
1873 4266 1978 4329 Εἷς

392 4358 457 4412 τὸ
497 4358 671 4425 τέλος
711 4360 955 4428 ψαλμὸς
989 4358 1069 4424 τῷ
1101 4357 1299 4413 Δαϐἰδ.
1357 4356 1480 4409 Ἐπὶ
1512 4358 1579 4426 τῇ
1623 4356 1845 4426 τελευτῇ
1883 4355 1976 4408 τοῦ

2086 3459 2312 3514 regnum
2345 3445 2612 3513 promisit,
2646 3455 2702 3499 et
2759 3455 3008 3501 mortuus
3036 3456 3140 3514 est,
3177 3461 3240 3501 ac
3271 3448 3536 3518 sepultus,
3567 3465 3658 3505 ea-

2081 3545 2302 3603 propter
2329 3543 2712 3590 testamentum
2752 3538 3130 3591 confirmatum
3159 3547 3265 3594 est.
3336 3539 3467 3605 Quw
3489 3540 3658 3596 Incre-

2079 3626 2298 3682 ditatem
2323 3629 2682 3696 consequitur.
2723 3628 2833 3685 Cur
2881 3628 3018 3683 dixit
3066 3643 3082 3682 :
3146 3628 3395 3685 Psalmus
3424 3633 3660 3691 Davidi.’

2082 3718 2387 3775 llilaritatis
2441 3730 2497 3776 et
2557 3720 2740 3792 gaudii
2771 3736 2952 3775 sermo
2992 3721 3202 3789 Davidi,
3247 3724 3314 3779 de
3346 3726 3658 3782 lucreditate

2081 3810 2355 3865 Ecclesiae.
2390 3810 2573 3880 AEquo
2627 3812 2890 3882 hilarique
2943 3814 3118 3867 animo
3168 3825 3242 3868 est
3273 3816 3500 3885 aliquis?
3523 3819 3657 3882 psal-

2040 3966 2045 3969 ν
2080 3902 2153 3955 (at
2181 3901 2247 3954 ³³.
2280 3900 2445 3955 Multa
2499 3903 2842 3971 prophetarit
2890 3919 2986 3973 pro
3036 3904 3272 3959 Ecclesia
3307 3908 3567 3975 gentium,
3602 3920 3657 3963 et

2081 4008 2311 4049 cernens
2341 4001 2617 4060 eventum,
2649 3994 2866 4062 gavisus
2913 4005 3017 4051 est.
3056 3994 3248 4050 Omnes
3276 4008 3472 4070 gentes,
3509 3999 3657 4069 plau-

2078 4087 2185 4141 dite
2204 4086 2446 4139 manibus
2472 4084 2539 4138 ⁸⁸.
2591 4083 2845 4140 Viderunt
2872 4102 3048 4141 omnes
3086 4097 3263 4156 gentes
3298 4088 3530 4143 salutare
3559 4088 3658 4144 Dei

2080 4177 2246 4229 nostri
2280 4175 2348 4228 ".
2376 4172 2618 4229 Laudato
2658 4174 2961 4239 Dominum,
3020 4192 3197 4230 omnes
3253 4187 3427 4246 gentes
3455 4178 3521 4232 ".
3552 4180 3656 4235 lle-

2078 4267 2206 4322 disti
2238 4266 2593 4321 hatreditatem
2627 4266 2928 4320 timentibus
2954 4281 3141 4319 nomen
3184 4274 3329 4319 tuum
3354 4267 3400 4299 "'
3437 4285 3452 4322 :
3486 4271 3655 4338 genti.

2080 4357 2239 4414 libus.
2266 4358 2393 4424 Aut,
2417 4356 2480 4411 In
2500 4357 2656 4426 ﬁnem
2680 4356 2914 4425 psalmus
2935 4356 3142 4409 Davidi.
3161 4355 3217 4410 In
3237 4355 3435 4413 Christi
3461 4371 3654 4416 morte.

392 4449 650 4519 Χριστοῦ.
711 4451 930 4522 Ἐπειδὴ
971 4450 1081 4521 γὰρ
1126 4450 1228 4504 οὐκ
1272 4447 1419 4501 ἐστιν
1448 4449 1509 4501 ἐν
1567 4447 1644 4518 τῷ
1695 4446 1910 4517 θανάτῳ
1952 4448 1980 4500 ὁ

2084 4449 2221 4517 Quia
2246 4449 2391 4503 cnim
2426 4464 2532 4504 non
2549 4459 2633 4504 est
2649 4448 2703 4502 in
2723 4456 2896 4502 morte
2919 4447 3011 4517 qui
3039 4462 3246 4503 memor
3267 4449 3337 4504 sit
3364 4450 3567 4506 Christi
3585 4453 3652 4516 ’⁸,

394 4539 630 4611 Χριστοῦ
660 4542 1037 4613 μνημονεύων,
1064 4543 1121 4595 ὲν
1146 4539 1399 4611 Ψαλμοῖς
1428 4538 1717 4610 προλαϐὼν
1741 4540 1769 4592 ὁ
1794 4539 1978 4601 Δαϐὶδ,

392 4633 480 4686 τὸν
521 4633 809 4703 ἐπιτάφιον
841 4633 990 4704 αὐτῷ
1018 4632 1235 4703 ψαλμὸν
1267 4625 1408 4685 εἶναι
1442 4626 1616 4685 εἶπεν.
1649 4632 1751 4696 Είς
1794 4629 1857 4682 τὸ
1889 4627 1985 4682 τέ-

393 4728 493 4790 λος
545 4725 812 4795 ψαλμός.
860 4724 1047 4788 Οὕτως
1080 4724 1174 4779 καὶ
1206 4725 1240 4794 ἡ
1274 4723 1447 4794 πόρνη
1488 4722 1564 4794 (4)
1599 4722 1679 4784 εἰς
1707 4721 1796 4774 τὸν
1831 4724 1989 4775 ἐντα-

462 4860 519 4907 ¹¹⁵ο
548 4858 740 4914 Matth.
792 4875 907 4920 XXI,
964 4859 1055 4913 58.
1161 4860 1203 4890 ⁸⁸
1245 4857 1375 4912 Luc.
1410 4872 1503 4914 vn.
1532 4855 1620 4918 41,
1653 4855 1744 4909 42.

464 5042 539 5114 (ὅ)
586 5042 978 5110 Ἄπέκτεινιις.
1023 5043 1208 5098 Menda
1242 5044 1439 5114 insedit
1482 5044 1695 5114 codices
1746 5042 1971 5100 Macarii

395 5111 579 5169 nomn.
608 5115 834 5186 {iﬁusnb
861 5118 1048 5186 ΔΙὶιιιέιη,
1076 5115 1109 5185 ἢ
1134 5113 1346 5186 παιδίον
1373 5111 1971 5186 ἀγνοοῦνλὲκτείνῃγτὴν

394 5187 549 5255 χεῖρα
572 5183 737 5255 αύτοῦ
780 5183 916 5253 πρὸς
952 5182 1110 5255 κδφιν,
1139 5184 1235 5237 καὶ
1289 5183 1512 5255 βρωθῖενΔ
1531 5184 1623 5236 ὑπ’
1654 5182 1975 5255 αῦτοῦαπό-

396 5252 588 5324 καὺθῇ.
624 5253 767 5323 Lege
821 5252 886 5307 ad
939 5252 1099 5308 ﬁdem
1147 5252 1373 5308 duorum
1397 5253 1641 5307 codicum
1681 5252 1973 5324 Regiorum

394 5323 735 5378 ἁποκτανθῆ.
1134 5338 1137 5339 ⁷

435 5340 711 5377 ποκτανυη
722 5361 735 5374 .

466 5325 795 5463 ῗῧτῗῖόὶένη.
827 5391 1086 5458 Qmesivit
1131 5407 1197 5446 ex
1232 5405 1318 5446 me
1340 5392 1422 5446 vir
1442 5390 1795 5448 doctissimus
1818 5392 1972 5461 juxta

397 5471 565 5533 atque
600 5464 1003 5533 _amicissnu_us,
1053 5463 1181 5532 quid
1206 5464 1463 5517 sentirem
1505 5463 1572 5517 de
1597 5465 1971 5533 voceapodix,

396 5530 490 5585 lib.
516 5548 534 5585 ι
588 5531 667 5585 De
693 5533 850 5600 gestis
881 5530 1233 5596 Conwoionis,
1268 5542 1401 5595 etc.,
1435 5547 1554 5600 cap.
1592 5530 1681 5595 10,
1726 5530 1805 5585 ἰη⁷
1828 5535 1977 5587 Actis

396 5602 496 5657 SS.
518 5600 989 5671 Benedictinorum
1019 5618 1143 5656 880.
1172 5616 1245 5664 tv,
1284 5616 1336 5671 p.
1365 5602 1401 5654 2
1431 5617 1446 5655 :
1481 5600 1599 5654 Una
1661 5602 1878 5670 apodix,
1920 5603 1976 5655 id

395 5683 469 5725 est
502 5670 768 5741 meretrig.
810 5671 1081 5741 Respondi
1116 5670 1479 5741 ampliandum
1533 5684 1675 5734 esse,
1706 5673 1976 5739 cogitatu-

396 5753 520 5796 rum
567 5754 674 5794 nte.
707 5739 1069 5795 Postea'cum
1114 5739 1220 5795 diu
1247 5740 1586 5810 multumque
1633 5741 1968 5795 consideras:

399 5820 539 5878 sem,
571 5810 686 5865 haec
722 5822 982 5867 venerunt
1022 5811 1076 5865 in
1108 5819 1364 5878 mentem,
1394 5822 1514 5881 qua:
1546 5810 1755 5879 possint
1785 5821 1979 5866 utcun-

1846 4858 1891 4889 ὀ
1923 4856 2111 4928 Matth.
2146 4866 2261 4922 ιιι,
2288 4852 2353 4911 54
2379 4871 2494 4928 seq.

395 4928 440 4960 ³³
480 4928 596 4985 Jac.
622 4930 789 4994 v,15.
830 4929 878 4961 ¹⁴
919 4928 1298 4992 Ρειιι.ιι.νι,2.
1369 4928 1413 4958 ⁸⁸
1442 4926 1764 4989 Psal.xcvtt,
1804 4928 1858 4981 ὅ.
1934 4928 1981 4960 ³⁸

2085 4929 2155 4982 al.
2201 4943 2346 4991 cm,
2389 4926 2530 4980 ιίπ
2568 4926 2710 4983 Psal.
2762 4943 2869 4994 ιι,
2916 4928 2970 4982 6.

2084 4538 2138 4592 iu
2190 4537 2421 4592 Psalmis
2456 4536 2798 4607 praeveniens
2849 4535 3038 4601 David,
3092 4534 3371 4593 funebrem
3422 4539 3471 4594 ei
3534 4554 3657 4596 esse

2081 4633 2353 4703 psalmum
2385 4629 2540 4685 dixit.
2578 4628 2643 4683 In
2669 4629 2826 4696 finem
2850 4618 3119 4684 Psaimus.
3146 4629 3269 4685 Pari
3302 4630 3461 4687 modo
3488 4647 3656 4689 mere-

2088 4724 2195 4778 trix
2228 4722 2283 4778 in
2317 4721 2654 4792 sepulturam
2705 4719 2969 4791 praevenit
2999 4736 3203 4792 ungere
3263 4737 3463 4793 corpus
3501 4723 3655 4780 Chri-

2603 4856 2828 4911 “Joan.
2860 4857 3099 4919 xn,47..
3148 4859 3195 4890 “
3255 4857 3418 4913 Hebr.
3438 4874 3517 4924 Ix,
3564 4859 3653 4914 17.

2603 4929 2710 4982 'sal.
2762 4943 2869 4983 ιι.
2916 4928 2970 4982 6.
3044 4927 3090 4959 ’⁸
3130 4927 3272 4983 Psal.
3311 4927 3439 4983 v1.6.

2070 5063 2175 5115 que
2205 5045 2558 5115 satisfacere;
2618 5062 2725 5101 una
2756 5051 2946 5112 apodta
2980 5047 3059 5101 vel
3102 5049 3281 5114 podia,
3315 5049 3382 5103 ab
3402 5048 3656 5115 apodiare

2071 5114 2124 5170 et
2157 5118 2394 5182 pudiare.
2434 5114 2551 5169 Una
2601 5116 2750 5186 potia:
2783 5131 2878 5170 seu
2931 5119 3094 5182 potin.
3140 5115 3250 5170 Une
3281 5127 3403 5186 pute
3427 5114 3651 5173 Gallice.

2078 5186 2237 5240 Plura
2289 5187 2472 5257 dicere
2500 5196 2648 5257 vetat
2667 5187 2842 5257 pudor
2875 5203 2887 5238 :
2927 5186 3186 5257 fientque,
3222 5191 3435 5256 opinor.
3467 5188 3653 5257 pleris-

2074 5271 2179 5325 que
2212 5257 2313 5327 ista
2348 5256 2481 5327 satis
2511 5254 2683 5311 clara.
2717 5254 2824 5327 Sed
2857 5256 3055 5327 veritas
3082 5254 3085 5255 ⁷
3115 5254 3514 5327 ξοηοροιεηιίιι
3547 5259 3651 5310 erit

2076 5323 2143 5378 ex
2173 5326 2359 5395 aliquo
2413 5324 2686 5395 idiotismo
2732 5324 2929 5393 linguae
2984 5323 3303 5381 Britonumﬁ
3343 5326 3417 5379 De
3449 5335 3650 5395 αξιοι-ο

2075 5398 2218 5450 circa
2258 5393 2532 5448 mulierem
2569 5393 2707 5463 hanc
2754 5408 2875 5462 quae
2895 5409 3090 5463 corpus
3115 5395 3313 5450 Christi
3373 5394 3651 5463 ιιηκίωο-

2072 5465 2270 5517 cularis
2293 5478 2445 5517 error
2471 5474 2554 5517 est
2586 5465 2639 5518 iu
2670 5462 2885 5518 Eusebii
2928 5462 3230 5532 opusculis,
3266 5481 3312 5530 ιδ.
3343 5462 3444 5515 H7
3471 5479 3486 5517 :
3523 5462 3652 5514 'l'ota

2071 5537 2267 5587 mundo
2298 5533 2676 5603 prwdicabitur
2705 5549 2889 5603 nomen
2923 5550 3118 5600 meum,
3164 5546 3209 5587 et
3237 5533 3380 5603 illius
3417 5532 3652 5603 mulieris

2071 5604 2217 5658 lusus
2240 5592 2619 5656 in'memoriam
2642 5602 2762 5660 erit.
2782 5602 2999 5657 Scilicet
3014 5592 3219 5671 legcbat
3244 5592 3655 5671 int_et°prcs_'nai-

2070 5688 2187 5744 γ.μα
2216 5688 2313 5742 pro
2344 5672 2944 5745 updvpa,_nisi___tnalis
2978 5668 3103 5745 usus
3125 5685 3193 5745 ex
3235 5668 3442 5738 χρῆμα.
3481 5669 3655 5745 ϐίη-χ·-

2071 5737 2313 5796 sosto'mo
2347 5737 2579 5807 aécripta
2610 5740 2831 5792 humilia
2892 5743 2944 5792 in
2972 5737 3299 5807 Pharisa’nrn
3330 5737 3395 5790 ’et
3420 5738 3653 5807 meretri-

2073 5826 2204 5879 cem,
2236 5820 2274 5865 t.
2304 5808 2412 5876 νη,
2447 5804 2649 5865 Graaca:
2679 5808 2831 5871 edit.,
2860 5823 2911 5877 p.
2942 5808 3067 5871 565,
3107 5806 3342 5876 Χριστὸς
3378 5804 3651 5877 μετέδωκε
