4062 6150
443 340 543 396 49.7
1436 358 1451 367 ·
1711 327 1768 395 3.
1811 336 2084 392 ASTEBII
2122 337 2423 393 AMASENI
3585 338 3692 395 ΗΒ

447 464 575 519 tnini
625 462 792 516 nostri
843 460 966 517 Jesu
1004 459 1233 527 Christi;
1261 462 1343 515 cui
1386 461 1554 546 gloria
1592 470 1644 517 et
1702 463 2004 532 imperium,

2118 461 2348 524 ἅπαντες
2399 460 2681 530 χαίροντες
2719 459 2810 512 καὶ
2863 459 3315 530 εὐφραινόμενοι·
3367 457 3548 530 χάριτι
3600 460 3695 514 καὶ

434 572 587 611 Λιιιιηο
620 566 674 610 et
703 556 753 609 in
788 554 992 609 inﬁnita
1024 554 1220 609 saecula
1249 544 1591 609 szeculorutu.
1625 555 1814 610 Amen.

2118 552 2495 623 φιλανθρωπίᾳ
2518 552 2613 604 τοῦ
2639 552 2846 622 Κυρίου
2877 551 3032 622 ἡμῶν
3074 549 3250 623 Ἰησοῦ
3281 549 3519 622 Χριστοῦ
3543 567 3556 581 ·
3580 544 3625 620 ᾧ
3658 553 3692 621 ἡ

434 655 438 659 ‘
2115 643 2243 708 δόξα
2276 643 2368 695 καὶ
2396 641 2459 694 τὸ
2493 642 2712 712 κράτος,
2748 639 2841 695 νῦν
2886 642 2980 694 καὶ
3014 643 3093 704 είς
3137 641 3262 705 τοὺς
3306 641 3695 712 ἀτελευτήτους

2094 732 2319 797 φαῐῶνας
2345 732 2454 787 τῶν
2483 731 2714 788 αἰώνων.
2757 733 2949 803 Ἀμήν.

2852 827 2960 878 IH'.

2192 918 2315 983 ,Εἰς
2345 914 2452 970 τὸν
2476 914 2663 970 αὐτὸν
2694 913 2737 969 ε’
2768 915 3034 984 ψαλμὸν,
3059 914 3282 982 ἄλλως.
3310 916 3501 986 Λόγος
3533 912 3602 968 δ’.

1127 816 1308 873 XVIII.

454 909 512 964 lu
559 908 793 964 eumdem
836 909 1072 979 quintum
1120 909 1402 976 psalmum,
1452 908 1558 961 alio
1599 908 1773 962 modo.
1825 902 2012 962 Oratio

1126 990 1334 1047 quarta.

514 1069 573 1126 2.
623 1067 791 1122 Verba
838 1083 950 1121 mea
1006 1068 1221 1121 auribus
1273 1067 1496 1137 percipe,
1532 1064 1770 1120 Domine.
1826 1064 2013 1133 Qualia

2190 1074 2265 1129 B’.
2290 1073 2367 1129 Τὰ
2377 1071 2617 1142 ῥήματά
2628 1089 2749 1141 μου
2766 1070 3062 1133 ἐνώτισαι,
3084 1070 3280 1137 Κύριε.
3296 1068 3431 1120 Ποῖα
3451 1067 3696 1137 ῥήματα,

450 1162 640 1225 verba,
670 1159 982 1229 Propheta?
1020 1159 1160 1214 Deus
1195 1159 1339 1212 enim
1389 1159 1536 1213 novit
1565 1174 1649 1225 ea,
1680 1159 1841 1212 etiam
1864 1165 2018 1213 ante-

448 1263 612 1320 quam
647 1247 714 1303 de
767 1248 871 1302 illis
905 1248 1244 1315 cogitaveris.
1292 1246 1402 1301 Nos
1436 1262 1565 1316 ergo
1620 1249 1783 1315 doce,
1835 1246 2016 1316 qualia

450 1342 615 1396 verbs.
645 1342 752 1395 Deo
779 1341 845 1394 ad
891 1339 1247 1410 placatiouetn
1302 1341 1608 1409 prbtuleris,
1654 1350 1709 1394 ut
1753 1355 1850 1395 nos
1879 1354 2016 1409 quo-

443 1447 553 1502 que
589 1433 778 1488 iisdem
823 1442 1058 1485 utamur.
1115 1431 1307 1498 Qualia
1357 1432 1570 1486 verba?
1617 1434 1752 1487 Audi
1803 1446 1923 1501 quae
1961 1431 2016 1485 in

450 1526 723 1597 prOposito
748 1525 956 1596 psalmo
982 1524 1268 1587 habentur,
1322 1539 1442 1593 quae
1493 1526 1600 1579 Deo
1647 1525 1860 1589 dicens,
1905 1534 2015 1579 tum

454 1621 716 1687 tneipsum
754 1619 1024 1680 moderor,
1054 1623 1166 1670 tum
1197 1617 1345 1671 illum
1374 1616 1551 1683 ﬂecto,
1597 1626 1708 1671 tum
1741 1616 2017 1672 auditores

2118 1166 2402 1237 προφῆτα;
2443 1164 2502 1216 '0
2533 1163 2630 1233 μὲν
2655 1160 2764 1233 γὰρ
2792 1161 2926 1224 Θεὸς
2947 1157 3087 1214 οἶδεν
3115 1159 3253 1212 αὐτὰ
3276 1158 3367 1212 καὶ
3400 1158 3528 1230 πρὶν
3555 1156 3695 1209 αὐτὰ

2116 1253 2451 1325 ὲνθυμηθῇς.
2497 1252 2678 1323 Ἦμᾶς
2715 1247 2807 1306 οὖν
2850 1251 3078 1317 δίδαξον,
3125 1253 3256 1305 ποῖα
3298 1251 3517 1321 ῥήματα
3558 1249 3696 1319 πρὸς

2117 1344 2430 1416 δυσώπησιν
2459 1342 2539 1415 τῷ
2568 1343 2689 1415 Θεῷ
2718 1345 3119 1415 προσήνεγκας,
3151 1342 3238 1396 ἵνα
3264 1342 3358 1395 καὶ
3394 1342 3551 1412 ἡμεῖς
3583 1343 3695 1403 τοῖς

2118 1438 2302 1501 αὐτοῖς
2349 1434 2704 1507 χρησώμεθα.
2755 1433 2891 1487 Ποῖα
2935 1435 3188 1505 ρήματας
3241 1434 3507 1486 Ἀκουσον
3538 1430 3605 1484 τὰ
3636 1432 3695 1484 ὲν

2117 1529 2199 1600 τῷ
2226 1528 2576 1599 προκειμένῳ
2624 1527 2854 1598 ψαλμῷ,
2903 1528 3046 1598 ειπερ
3082 1526 3255 1594 λέγων
3293 1524 3371 1595 τῷ
3410 1522 3557 1594 Θεῷ,
3602 1523 3698 1577 καὶ

2121 1621 2355 1692 ἐμαυτὸν
2397 1619 2742 1691 σωφρονίζω,
2786 1619 2880 1672 καὶ
2930 1618 3092 1673 αὑτὸν
3126 1615 3389 1678 δυσωπῶ,
3434 1616 3529 1668 καὶ
3569 1617 3696 1678 τοὺς

451 1714 735 1768 admoneo.
769 1713 888 1768 Dixi
930 1713 1101 1768 infra:
1138 1712 1189 1769 5.
1222 1712 1487 1778 Quoniam
1518 1729 1621 1766 non
1661 1711 1801 1766 Deus
1844 1710 2013 1764 volens

2120 1711 2418 1775 ἀκούοντας
2459 1711 2715 1765 νουθετῶ.
2754 1707 2921 1763 Εἶπον
2957 1709 3341 1770 ὑποκαταϐὰς·
3389 1707 3515 1759 Ὅτι
3558 1705 3696 1773 οὐχὶ

448 1806 781 1876 iniquitatem
809 1815 863 1858 tu
895 1820 969 1859 es.
1002 1804 1067 1857 Et
1086 1818 1255 1875 quare
1284 1805 1363 1859 sic
1388 1804 1612 1859 dixisti?
1644 1804 1779 1871 Quia
1821 1803 2013 1871 iniqui-

2124 1803 2269 1870 Θεὸς
2293 1803 2487 1857 θέλων
2513 1803 2762 1872 ἀνομίαν
2796 1801 2876 1855 σὺ
2898 1798 2969 1858 εἷ.
2991 1801 3102 1854 Καὶ
3128 1800 3214 1852 διὰ
3240 1801 3291 1852 τί
3310 1798 3481 1861 οὓτως
3504 1792 3696 1860 circae;

450 1905 606 1947 tatem
660 1896 780 1948 odio
822 1895 982 1948 habui
1024 1906 1071 1950 et
1115 1897 1443 1950 abominatus
1472 1897 1679 1950 stem”.
1726 1896 1842 1949 Non
1875 1896 2013 1950 enim

2131 1896 2349 1967 Ἐπειδὴ
2400 1896 2655 1964 ἀνομίαν
2702 1895 2968 1963 ἐμίσησα
3008 1891 3107 1946 καὶ
3154 1890 3591 1959 ἐΰδελυξάμην.
3618 1889 3695 1941 Οὐ

448 1985 766 2054 simpliciter
816 1987 979 2040 verba
1039 1988 1434 2057 pronuntiavit,
1483 1998 1540 2042 ut
1595 1988 1867 2057 plerique;
1923 1987 2013 2041 sed

2120 1987 2229 2058 γὰρ
2272 1987 2459 2050 ἁπλῶς
2492 1986 2560 2039 τὰ
2607 1987 2827 2057 ῥήματα
2873 1985 3078 2053 ἔλεγεν,
3122 1985 3195 2048 ὡς
3228 1987 3276 2037 oi
3309 1984 3525 2037 πολλοί·
3560 1983 3697 2038 ἀλλὰ

448 2079 598 2147 prius
620 2094 680 2133 ea
707 2094 767 2132 re
810 2078 922 2148 ipsa
950 2080 1227 2144 exhibuit;
1279 2079 1465 2148 sicque
1517 2080 1852 2134 conﬁdenter
1883 2081 2013 2133 dixit

2118 2077 2337 2149 πρῶτον
2371 2077 2509 2129 αὐτὰ
2543 2076 2742 2140 ἔδειξεν
2778 2075 3097 2146 πράγματι·
3129 2074 3223 2127 καὶ¹
3263 2072 3436 2136 οὕτως
3473 2073 3696 2146 θαρρῶν

451 2171 608 2226 Deo:
652 2169 822 2224 Verba
852 2186 965 2224 mea
1017 2171 1233 2224 auribus
1287 2172 1510 2240 percipe,
1572 2171 1808 2224 Domine.
1856 2171 2013 2224 Dixi:

449 2261 501 2314 6.
534 2259 656 2314 Non
684 2261 937 2315 habitabit
957 2260 1116 2330 juxta
1158 2272 1207 2314 te
1249 2262 1532 2333 malignus.
1577 2262 1724 2316 Cur?
1750 2262 1884 2329 Quia
1918 2262 2016 2316 bo-

450 2364 551 2404 uus
586 2350 791 2405 visione
816 2350 1024 2404 Domini
1078 2352 1318 2418 apparui.
1366 2350 1489 2405 Ideo
1524 2360 1574 2405 et
1627 2352 1933 2406 declinante
1987 2368 2015 2406 a

449 2457 535 2497 me
564 2441 704 2496 malo
740 2456 844 2496 non
872 2441 1266 2511 cognoscebam
1295 2441 1359 2494 ⁸⁸).
1399 2442 1512 2496 Dixi
1540 2460 1553 2497 :
1587 2442 1711 2497 Non
1743 2458 2019 2512 permane-

449 2534 571 2587 bunt
601 2534 787 2602 injusti
839 2540 960 2588 ante
1000 2533 1179 2586 oculos
1211 2543 1349 2587 tuos.
1387 2534 1447 2587 Et
1482 2548 1644 2603 quam
1675 2535 1746 2587 ob
1775 2550 1886 2589 rem
1914 2535 2017 2590 hoc

448 2626 629 2681 dicere
660 2640 824 2681 ausus
855 2626 948 2679 es?
993 2624 1256 2690 Quoniam
1313 2626 1522 2696 iniquos
1572 2628 1696 2681 odio
1745 2629 1927 2695 habui,
1961 2637 2018 2682 at

448 2720 609 2788 legem
633 2728 776 2770 tuam
807 2717 968 2769 dilexi
996 2716 1061 2769 “.
1085 2717 1183 2782 Qui
1214 2727 1392 2769 autem
1426 2717 1621 2785 injuste
1642 2726 1862 2786 agentes
1879 2720 2015 2784 odit,

448 2824 719 2878 nunquam
764 2823 908 2863 'sane
954 2808 1332 2876 cooperabitur
1381 2807 1676 2874 injuslitiis.
1729 2808 1848 2871 Dixi
1893 2829 1905 2864 :
1960 2810 2013 2866 7.

449 2899 622 2957 Odisti
646 2916 820 2953 omnes
868 2899 955 2969 qui
995 2906 1277 2967 operantur
1304 2899 1645 2967 iniquitatem.
1683 2900 1819 2965 Quid
1853 2916 2017 2972 ergo,

447 2994 563 3061 ipse
598 3007 701 3045 non
727 2990 904 3059 inique
935 2989 1127 3059 egisti?
1172 2988 1278 3043 Sed
1304 2998 1416 3057 post
1446 3000 1716 3057 peractam
1764 2993 2019 3062 iniquita-

448 3093 555 3137 tem
590 3083 908 3152 deprecatus
958 3096 1077 3136 sum
1111 3100 1124 3134 :
1163 3081 1396 3149 Amplius
1441 3081 1555 3136 lava
1592 3099 1674 3136 me
1725 3086 1790 3138 ab
1820 3086 2016 3156 iniqui-

2110 2169 2274 2225 εἶπεν
2312 2170 2390 2242 τῷ
2421 2170 2568 2242 Θεῷ·
2606 2168 2683 2224 Τὰ
2722 2167 2964 2238 ῥήματά
2998 2184 3117 2236 μου
3161 2167 3460 2229 ἑνώτισαι.
3496 2169 3694 2236 Κύριε.

2120 2258 2286 2316 Εἶπον
2306 2278 2321 2291 ·
2344 2264 2427 2316 Οὐ
2460 2259 2814 2328 παροικήσει
2839 2276 2937 2312 σοι
2964 2259 3463 2326 ποντισευόμενος.
3485 2257 3583 2311 Διὰ
3610 2258 3693 2323 τίς

2122 2353 2347 2424 Ἐπειδὴ
2380 2352 2581 2422 ἀγαθὸς
2605 2352 2672 2423 τῇ
2701 2351 2888 2423 ὁράσει
2920 2352 3127 2423 Κυρίου
3164 2351 3410 2421 πέφηνα-
3436 2349 3503 2403 δι’
3539 2350 3569 2403 δ
3601 2352 3697 2404 καὶ

2110 2445 2452 2509 ἐκκλίνοντος
2486 2447 2579 2500 ἀπ’
2619 2445 2751 2516 ἐμοῦ
2789 2442 2884 2497 τοῦ
2929 2442 3189 2514 πονηροῦ,
3235 2444 3334 2496 οὐκ
3374 2444 3691 2511 ἐγίνωσκον.

2117 2532 2285 2589 Εἶπον
2308 2552 2321 2567 ’
2342 2538 2424 2589 Οὐ
2451 2535 2840 2604 διαμενοῦσιν
2869 2533 3198 2603 παράνομοι
3230 2536 3543 2588 κατέναντι
3577 2532 3695 2586 τῶν

2114 2627 2442 2697 ὀφθαλμῶν
2464 2641 2602 2680 σου.
2634 2628 2744 2680 Καὶ
2774 2626 2861 2679 διὰ
2879 2627 2932 2679 τί
2964 2627 3120 2679 τοῦτο
3146 2629 3320 2679 εἰπεῖν
3346 2620 3693 2697 ὲθάρῤησαςς

2131 2719 2350 2791 Ἐπειδὴ
2379 2721 2765 2788 παρανόμους
2788 2718 3071 2787 ἐμίσησα,
3106 2717 3215 2771 τὸν
3253 2717 3321 2771 δὲ
3354 2719 3542 2787 νόμον
3574 2732 3695 2771 σου

2117 2811 2427 2882 ἠγάπησα.
2466 2812 2525 2865 '0
2556 2812 2614 2864 δὲ
2651 2810 3102 2881 παρανομοῦντας
3159 2810 3332 2880 μισῶν
3357 2809 3455 2862 οὐκ
3486 2809 3553 2861 διν
3582 2824 3695 2861 πα·-

2121 2905 2408 2976 ρανομίαις
2438 2904 2748 2975 συνεργήσῃ
2774 2903 2924 2956 ποτέ.
2959 2899 3157 2956 Εἶπον·
3197 2902 3523 2971 Ἐμίσησας
3539 2900 3695 2952 πάν-

2118 3012 2225 3062 τας
2255 2994 2397 3061 τοὺς
2414 2993 2842 3065 ἐργαζομένους
2868 2993 2982 3061 τὴν
3002 2994 3275 3063 ἀνομίαν.
3300 2992 3363 3044 Τί
3385 2987 3495 3055 οὖν,
3525 2990 3692 3054 αὐτὸς

2117 3088 2216 3140 οὐκ
2240 3087 2552 3157 ὴνόμησας;
2584 3084 2742 3138 Ἀλλὰ
2769 3086 3047 3155 ἀνομήσας
3073 3084 3315 3155 ἐδεήθην
3348 3080 3695 3136 Ἐπιπλεῖον

448 3185 552 3229 tate
577 3191 691 3230 mea
713 3175 779 3230 “.
813 3174 927 3229 Dixi
960 3195 972 3230 :
1002 3173 1195 3228 Perdes
1222 3190 1396 3229 omnes
1436 3176 1525 3246 qui
1569 3176 1851 3248 loquuntur
1874 3196 2013 3233 uten-

2120 3176 2360 3231 πλῦνάν
2387 3194 2465 3247 με
2500 3174 2619 3230 ἀπὸ
2666 3174 2777 3242 τῆς
2809 3175 3061 3244 ἀνομίας
3113 3192 3255 3243 μου.
3313 3169 3508 3226 Εἶπον·
3559 3173 3695 3225 Ἄπ-

446 3269 681 3321 decium.
736 3266 1001 3322 Cancrum
1057 3268 1145 3337 qui
1188 3279 1411 3323 noverat
1445 3270 1622 3339 perire
1679 3272 2013 3337 mendaeem,

2120 3269 2285 3335 ολεῖς
2335 3268 2569 3333 πάντας
2614 3266 2755 3332 τοὺς
2784 3267 3125 3331 λαλοῦντας
3147 3265 3213 3318 τὸ
3241 3263 3487 3333 ψεῦδος.
3545 3264 3605 3316 '0
3638 3263 3698 3317 δὲ

447 3374 552 3414 non
604 3360 893 3414 maculavit
926 3360 1208 3414 mendacio
1244 3361 1476 3430 tinguant
1526 3377 1699 3429 suam,
1736 3378 1837 3419 nec
1867 3380 2013 3417 incn-

2118 3361 2294 3425 είδὼς,
2324 3358 2792 3430 ὅτιὸψευδὸμενος
2818 3357 3134 3420 ἀπόλλυται,
3164 3357 3264 3409 οὑκ
3293 3357 3359 3409 ἂν
3387 3358 3486 3427 τὴν
3514 3355 3696 3424 ﬂam-

448 3449 628 3504 tiendo
707 3451 832 3504 fecit
873 3465 990 3504 eam
1066 3451 1166 3505 iter
1217 3453 1550 3520 perditionis.
1586 3453 1778 3510 Dixit:
1833 3454 2013 3509 Virum

2121 3472 2219 3508 trav
2266 3452 2429 3506 αὐτοῦ
2487 3450 2563 3522 τῷ
2602 3451 2786 3520 ψεύδει
2811 3449 3131 3512 ὲσπίλωσεν,
3175 3448 3295 3501 οὐδὲ
3324 3448 3389 3502 ἂν
3422 3448 3697 3511 ἀπωλείας

444 3542 761 3609 sanguinum
789 3550 839 3594 et
880 3540 1116 3595 dolosum
1158 3543 1489 3596 abominetur
1529 3544 1802 3600 Dominus.
1843 3548 2013 3616 Atque

2118 3547 2235 3600 ὁδὸν
2265 3536 2467 3617 ταύτην
2485 3545 2737 3615 ἐποίησεν
2759 3544 3102 3615 ψευδόμενος.
3130 3540 3297 3596 Εἶπεν
3317 3557 3331 3572 ’
3361 3543 3587 3611 ’Ἄνδρα
3610 3546 3695 3598 αἷσι

420 3630 728 3695 ,ἀοιοευηῃ
793 3631 966 3685 virum
1027 3632 1345 3700 sanguinum
1409 3634 1712 3703 appellavit.
1780 3636 1895 3703 Qua
1953 3639 2013 3692 dc

2118 3634 2319 3705 μάτων
2347 3635 2443 3688 καὶ
2484 3635 2692 3688 δόλιον
2722 3635 3138 3699 ,βδελύσσεται
3179 3635 3417 3703 Κύριος.
3453 3635 3562 3687 Καὶ
3603 3633 3694 3687 τὸν

445 3723 647 3777 causa?
694 3721 961 3787 Quoniam
1010 3725 1225 3780 dolosus
1276 3735 1353 3781 tot
1398 3727 1675 3794 interﬁcit,
1732 3742 1862 3801 quot
1895 3734 2018 3789 dolo

446 3811 665 3880 decipit.
697 3810 831 3866 Nam
874 3813 1110 3883 dolosus,
1155 3814 1282 3869 dum
1334 3818 1477 3874 aliud
1522 3832 1745 3890 apparet
1772 3833 1829 3878 et
1873 3826 2017 3880 aliud

446 3902 680 3969 exsistit,
711 3904 969 3960 mentitur
1005 3921 1119 3962 ore.
1153 3906 1226 3963 0s
1248 3919 1423 3964 autem
1449 3913 1588 3982 quod
1620 3916 1896 3982 mentitur,
1924 3934 2013 3970 oc—

445 3997 572 4050 cidit
593 3996 823 4050 animam
850 3996 917 4050 υ.

516 4136 651 4222 Quia
675 4159 839 4227 igitur
866 4159 1165 4235 ltujusmodi
1202 4162 1361 4218 verba
1394 4163 1729 4235 loquebatur.
1751 4184 1872 4239 quae
1903 4170 2017 4225 ido.

447 4258 547 4298 nea
593 4258 749 4300 erant
779 4258 835 4303 et
877 4251 1048 4318 ipsum
1083 4249 1297 4306 elIicere
1337 4249 1564 4319 justum,
1599 4265 1653 4309 et
1704 4254 1873 4311 Deum
1904 4259 2018 4326 pla-

443 4351 591 4404 care,
618 4350 676 4394 et
699 4345 978 4399 audientes
1008 4345 1248 4409 erudire,
1306 4356 1594 4418 eapropter
1634 4349 1802 4405 dixit:
1848 4350 2016 4406 Verba

445 4447 562 4485 mea
604 4434 820 4490 auribus
873 4437 1098 4507 percipe,
1146 4437 1399 4507 Domine;
1455 4443 1684 4514 intelligo
1732 4445 2017 4500 clamorem

2117 3727 2288 3780 δόλιον
2339 3725 2506 3797 ἄνδρα
2536 3724 2783 3796 αἱμάτων
2820 3723 3098 3777 ἐκάλεσεν.
3148 3722 3245 3776 Διὰ
3272 3724 3358 3787 τί;
3405 3723 3623 3794 Ἐπειδὴ
3666 3725 3695 3776 ὁ

2119 3818 2290 3880 δόλιος
2329 3817 2617 3880 τοσούτους
2650 3814 2886 3885 φονεύει,
2936 3815 3093 3877 ὅσους
3126 3813 3442 3867 δολιεύεται.
3493 3814 3549 3867 '0
3586 3812 3696 3884 γὰρ

2114 3909 2310 3974 δόλιος,
2343 3907 2471 3963 ἄλλο
2497 3906 2818 3977 φαινόμενος
2866 3905 2961 3959 καὶ
2989 3903 3115 3957 ἄλλο
3138 3904 3440 3974 γινόμενος,
3470 3901 3548 3974 τῷ
3576 3902 3696 3956 στό-

2124 4017 2254 4071 ματι
2279 3999 2554 4070 ψεύδεται.
2584 3998 2781 4067 Στόμα
2799 3995 2868 4050 δὲ
2907 3993 3439 4064 καταψευδόμεθα-ον
3467 3994 3696 4063 ἀναιρεῖ

2118 4090 2351 4161 ψυχήν.

2202 4183 2355 4235 Ἐπεὶ
2389 4176 2482 4234 οὖν
2514 4176 2742 4233 τοιαῦτα
2769 4178 2946 4233 ἐλάλει
2987 4179 3233 4250 ῥήματα,
3262 4177 3404 4250 άπερ
3432 4171 3501 4246 ἦν
3535 4176 3697 4230 ἱκανὰ

2121 4274 2214 4327 καὶ
2248 4273 2411 4325 αὐτὸν
2451 4272 2763 4335 δικαιῶσαι,
2795 4270 2890 4323 καὶ
2918 4269 3051 4323 Θεὸν
3076 4269 3416 4339 δυσωπῆσαι,
3449 4269 3542 4321 καὶ⁵
3569 4268 3696 4329 τοὺς

2118 4361 2414 4426 ἀκούοντας
2450 4360 2755 4426 παιδεῦσαι,
2798 4359 2887 4413 διὰ
2926 4360 3085 4413 τοῦτο
3114 4356 3299 4413 εἶπεν·
3343 4361 3419 4414 Τὰ
3455 4357 3695 4429 ῥήματά

2112 4472 2232 4524 μου
2262 4450 2558 4516 ἑνώτισαι,
2576 4453 2749 4521 Κύριε
2773 4466 2785 4480 ⁸
2812 4451 2998 4517 σύνες
3022 4450 3133 4520 τῆς
3163 4450 3432 4522 κραυγῆς
3457 4469 3596 4520 μου.
3629 4449 3695 4502 Τί

445 4539 638 4581 meum.
670 4524 808 4593 Quid
841 4529 1016 4591 enim,
1081 4532 1235 4585 turba
1284 4541 1337 4586 et
1390 4534 1648 4590 tumultus
1700 4524 1817 4591 erat
1867 4539 2013 4592 circa

448 4611 489 4632 ,ι
945 4618 1054 4632 .-λ
1161 4623 1171 4632 .
1363 4623 1375 4632 .
1576 4624 1665 4632 ---

2118 4547 2227 4616 γὰρ
2261 4541 2391 4617 ἄρα,
2431 4545 2588 4615 ὄχλος
2620 4544 2713 4597 καὶ
2742 4541 2967 4613 θόρυϐος
2994 4538 3062 4614 ἦν
3107 4543 3234 4615 περὶ
3270 4543 3363 4597 τὸν
3397 4543 3562 4607 Θεὸν,
3601 4542 3694 4595 καὶ

447 4611 637 4682 Deum,
671 4627 725 4671 et
757 4618 984 4688 indiguit
1015 4618 1295 4690 Pr0pheta:
1330 4623 1598 4680 clamore?
1619 4624 1755 4681 Nam
1790 4629 1880 4698 qui
1920 4630 2008 4685 hic

2120 4611 2349 4711 ἔχρῃζεν
2375 4611 2591 4706 τῆςντοῦ
2616 4611 2897 4708 προφήτου
2923 4611 3208 4708 κραυγῆςξ
3233 4635 3295 4687 Oi
3319 4634 3428 4705 γὰρ
3454 4629 3556 4687 ὧδε
3584 4636 3696 4697 τοῖς

445 4707 707 4761 accedunt
741 4708 806 4760 ad
837 4711 1111 4777 praesides,
1145 4713 1267 4781 quia
1304 4716 1482 4770 sciunt
1513 4719 1638 4773 hinc
1659 4720 1879 4788 quidem
1901 4724 2009 4777 cir-

445 4807 817 4867 cumstrepere
858 4818 951 4856 eos
988 4802 1079 4871 qui
1126 4805 1177 4857 in
1212 4806 1402 4874 plateis
1436 4821 1578 4876 sunt,
1630 4812 1847 4870 aliunde
1882 4831 2011 4872 vero

445 4891 665 4946 lictores
696 4893 1030 4959 tumultuari,
1063 4904 1186 4950 ante
1221 4897 1454 4955 clamare
1499 4917 1798 4972 praecones,
1836 4908 2008 4977 ipsum

442 4977 724 5061 praesidem
753 4980 969 5035 excelso
1011 4982 1132 5038 duci
1175 4985 1441 5053 vehiculo,
1481 5004 1546 5049 ac
1591 4994 1644 5048 in
1678 4997 1843 5053 multa
1873 4999 2012 5054 divi-

444 5076 830 5160 suminentem
888 5069 1114 5138 habere;
1150 5085 1205 5128 et
1249 5086 1469 5146 propter
1522 5082 1635 5137 hrec
1684 5088 1865 5142 omnia
1917 5090 2009 5160 qui

443 5157 664 5228 supplex
703 5171 805 5223 est,
836 5163 1046 5232 cogitur
1066 5166 1216 5221 adire
1241 5183 1360 5223 cum
1401 5173 1654 5230 clamore.
1682 5177 1833 5243 Quod
1856 5180 1898 5235 si
1925 5157 2009 5234 ni-

445 5248 521 5304 hil
552 5249 657 5303 tale
694 5252 836 5305 circa
874 5252 1038 5309 Deum
1069 5268 1173 5321 est,
1215 5271 1319 5328 qua
1352 5263 1559 5318 ratione
1588 5264 1853 5334 Propheta
1889 5271 2003 5326 cla-

445 5358 597 5398 mans
640 5343 1026 5414 eloquebatur?
1080 5350 1271 5407 Verum
1325 5356 1416 5423 qui
1467 5357 1592 5411 alibi
1653 5361 1839 5416 dixit:
1889 5363 2009 5432 Ipse

441 5438 579 5489 enirn
621 5436 761 5489 novit
810 5441 1114 5496 abscondita
1162 5446 1332 5498 cordis
1366 5447 1453 5515 u';
1503 5461 1592 5505 et:
1638 5451 2008 5523 Imperfectum

443 5544 612 5582 meum
640 5529 877 5584 viderunt
904 5532 1045 5586 oculi
1073 5536 1148 5589 tui
1169 5536 1243 5594 *δε
1274 5550 1496 5597 noverat
1520 5559 1625 5600 non
1652 5559 1812 5616 egere
1837 5546 2004 5603 Deum

2116 4730 2375 4800 ἄρχουσιν
2413 4728 2875 4799 προσερχόμενοι,
2919 4724 3107 4797 ἐπειδὴ
3150 4724 3387 4787 οἴδασιν,
3424 4725 3503 4777 ὅτι
3545 4724 3696 4776 ἔνθεν
3778 4733 3793 4739 ’

2124 4822 2222 4893 μὲν
2259 4822 2311 4873 οἱ
2341 4821 2398 4873 ὲν
2427 4820 2547 4882 ταῖς
2595 4820 2821 4890 ἀγοραῖς
2859 4816 3230 4891 περιηχοῦσιν,
3259 4815 3519 4887 ἑτέρωθεν
3553 4815 3607 4868 δὲ
3645 4819 3695 4870 oi

2125 4911 2410 4984 ῥαϐδοῦχοι
2452 4909 2799 4981 θορυϐοῦσιν,
2838 4909 3146 4981 ἔμπροσθεν
3192 4912 3240 4963 oi
3279 4909 3515 4980 κήρυκες
3554 4909 3669 4978 κρά
3700 4920 3707 4935 ’

2119 5002 2322 5069 ζουσιν,
2350 5002 2512 5066 αὐτὸς
2531 5004 2559 5056 ὁ
2585 5001 2766 5074 ἄρχων
2799 5002 2890 5055 ἐπὶ
2918 5000 3124 5071 ὑψηλοῦ
3150 5002 3418 5072 ὀχήματος
3445 5000 3539 5052 καὶ
3567 5002 3689 5071 πείὶ

2120 5095 2291 5149 πολλὰ
2319 5093 2430 5165 ἔχει
2462 5093 2560 5164 τὴν
2591 5092 2830 5147 διάνοιαν
2850 5108 2862 5121 ·
2894 5092 2988 5146 καὶ
3010 5092 3098 5145 διὰ
3125 5090 3293 5145 ταῦτα
3318 5090 3494 5144 πάντα
3527 5094 3556 5145 ὁ
3584 5095 3692 5145 ἱκέ-

2117 5207 2217 5260 της
2245 5187 2614 5256 ἀναγκάζεται
2639 5183 2777 5256 μετὰ
2801 5184 3049 5255 κραυγῆς
3085 5181 3353 5236 ποιεῖσθαι
3375 5181 3477 5253 τὴν
3526 5185 3693 5253 πρός-

2115 5281 2253 5334 οδον.
2290 5281 2353 5332 Εἰ
2381 5279 2436 5331 δὲ
2464 5276 2615 5331 οὐδὲν
2648 5273 2888 5329 τοιοῦτον
2914 5274 3043 5344 περὶ
3068 5271 3321 5335 τὸνΘεὸν,
3352 5272 3471 5336 πῶς
3499 5271 3646 5342 αὐτῷ
3667 5274 3694 5324 ὁ

2116 5373 2400 5442 προφήτης
2426 5367 2641 5438 κράζων
2659 5366 2928 5435 διελέγετο
2949 5384 2963 5432 ;
3001 5365 3141 5419 Ἀλλ’
3165 5366 3193 5418 ό
3214 5365 3274 5418 ὲν
3291 5363 3472 5449 ἄλλαις
3496 5363 3663 5418 εἰπών
3680 5379 3693 5394 ·

2115 5464 2308 5529 Αὐτὸς
2333 5467 2445 5533 γὰρ
2473 5461 2755 5532 γινώσκει
2786 5458 2859 5513 τὰ
2888 5459 3108 5528 κρύφια
3131 5457 3242 5526 τῆς
3273 5458 3525 5527 καρδίας
3544 5476 3557 5489 ο
3581 5457 3691 5525 καὶ,

2121 5556 2191 5610 Τὸ
2238 5553 2682 5624 ἀκατέργσαστόν
2724 5568 2842 5621 μου
2887 5546 3051 5604 εἶδον
3088 5553 3141 5603 οἱ
3190 5550 3492 5621 ὀφθαλμοί
3539 5563 3654 5603 σου
3677 5566 3691 5580 ·

513 5664 722 5758 :‘I’Isal:
753 5681 941 5732 cxvttt,
1182 5677 1228 5709 ³ο
1256 5676 1391 5735 Psal.
1424 5697 1472 5745 c,
1506 5684 1556 5736 4.
1638 5683 1679 5714 “
1710 5660 1863 5740 ’l‘sal.
1899 5704 2013 5743 crvi

2118 5690 2240 5747 lli”.
2320 5692 2364 5723 δ’
2388 5689 2529 5746 Psal.
2568 5704 2621 5753 ι,
2651 5686 2704 5739 4.
2750 5684 2939 5755 "Sep.
2976 5701 3014 5749 ι,
3041 5685 3127 5739 Η.
3169 5684 3218 5723 υ
3242 5682 3384 5739 Psal.
3416 5696 3571 5748 mn,
3600 5680 3689 5735 Η.

448 5730 492 5763 ⁸⁵
511 5733 650 5791 Psal.
690 5730 949 5802 θυεμ-ιιι,
994 5742 1072 5796 16.
