4076 6144
362 321 463 378 429

1340 325 1623 383 HOMILIA
1664 327 1850 383 XVIII.
1894 324 1963 382 IN
1992 324 2283 382 EUMDEM
2310 326 2509 385 PSAL.
2547 327 2609 385 ν.

3504 343 3607 397 ‘30

359 438 496 511 ᾔδει,
552 436 634 489 ὅτι
674 438 921 508 κραυγῆς
954 437 1216 511 αἰσθητῆς
1269 443 1298 493 6
1336 440 1465 505 Θεδς
1525 445 1624 498 οὐκ
1682 442 1927 516 ἔχρῃζεν.

2052 440 2267 497 :lamore
2321 443 2584 500 sensibili.
2621 445 2690 500 At
2739 447 2867 514 lusti
2906 447 3109 506 clamor
3131 461 3217 507 est
3246 451 3439 509 ﬁducia
3476 471 3605 527 erga

362 527 592 601 Κραυγὴ
623 529 683 582 δὲ
715 528 945 595 δικαίου,
972 532 1007 599 ή
1028 531 1308 603 παρρησία
1324 534 1358 603 ή
1383 535 1516 604 πρὸς
1534 534 1665 589 Θεόν
1687 554 1701 567 ’
1725 537 1939 607 κραυγὴ

358 619 594 681 δικαίου,
629 619 739 672 πᾶν
765 617 924 689 ἔργον
956 620 1268 675 ἐπαινετόν·
1303 624 1440 695 ὅπερ
1471 623 1618 694 αὐτῷ
1648 625 1940 695 κράξουσιν

360 712 410 765 οἰ
441 709 602 763 τοῦτο
632 708 1027 780 θαυμάζοντες.
1075 712 1227 766 Ἐπεὶ
1256 709 1348 767 οὖν
1375 715 1405 766 6
1434 716 1721 787 προφήτης
1761 718 1940 771 πᾶσαν

363 798 563 868 πρᾶξιν
597 798 808 868 ἀγαθὴν
854 800 1039 870 ἐφόρει
1067 801 1144 864 ὡς
1182 800 1310 872 μίαν
1350 803 1570 875 ἀρετήν,
1613 805 1814 878 ταύτην
1844 809 1942 878 ἐμ-

364 891 604 961 φανίζων
623 892 745 962 Θεῷ
766 893 843 965 τῷ
869 897 1161 967 προειδότι,
1184 898 1370 967 ἔλεγεν
1391 916 1404 929 ·
1434 902 1616 967 Σύνες
1642 901 1751 968 τῆς
1769 920 1942 972 κραυ-

364 982 477 1051 γῆς
510 1000 655 1052 μου.
697 985 916 1057 Ἐπειδὴ
947 986 1065 1057 ᾔδει
1094 988 1294 1051 πολλὰς
1321 989 1416 1042 καὶ
1445 989 1734 1062 διαφόρους
1767 1009 1939 1064 κραυ-

366 1072 468 1139 γὰς
491 1072 715 1126 δικαίων
747 1075 839 1127 καὶ
868 1076 1231 1146 ἁμαρτωλῶν,
1258 1078 1347 1132 ἵνα
1378 1077 1476 1149 τὴν
1500 1078 1664 1132 αὐτοῦ
1696 1081 1941 1151 κραυγὴν

363 1162 440 1225 ώς
466 1161 675 1215 δικαίου
707 1164 803 1217 καὶ
839 1165 991 1233 φίλου
1019 1167 1113 1220 καὶ
1141 1167 1332 1222 τέκνου
1362 1168 1730 1238 οἰκειώσηται,
1760 1172 1854 1224 καὶ
1885 1172 1943 1224 ἐν

367 1255 485 1316 ταῖς
512 1253 738 1317 πολλαῖς
768 1258 1041 1325 κραυγαῖς
1060 1256 1158 1326 τὴν
1183 1256 1275 1310 τοῦ
1308 1258 1437 1311 ἰδίου
1463 1256 1686 1328 ἐπιγνῷ.
1717 1259 1779 1311 Ei
1801 1258 1858 1312 δὲ
1885 1260 1942 1313 ὲν

368 1346 486 1406 ταῖς
522 1341 848 1413 μυριοςώοις
883 1344 1108 1412 ἀγέλαις
1137 1345 1366 1402 ’ἑκαστον
1396 1346 1533 1411 ζῶον
1561 1348 1661 1418 τὴν
1693 1349 1942 1420 κραυγὴν

369 1433 460 1486 τοῦ
492 1434 623 1487 ἰδίου
666 1434 1004 1504 γεννήματος
1044 1435 1421 1504 ἐπιγινώσκει·
1476 1437 1571 1490 καὶ
1620 1437 1805 1507 χιλίων
1850 1437 1944 1508 μό-

373 1542 514 1595 σχων
541 1524 790 1594 βοώντων
816 1526 1020 1597 ἑκάστη
1054 1527 1185 1597 βοῦς
1222 1524 1362 1582 οἶδεν
1391 1530 1490 1600 τὴν
1530 1530 1654 1600 βοὴν
1678 1528 1773 1583 τοῦ
1811 1530 1942 1584 ἰδίου

373 1616 586 1682 νεογνοῦ
611 1632 621 1643 ’
650 1617 744 1669 καὶ
784 1618 995 1688 μυρίων
1036 1619 1237 1691 ἀρνίων
1283 1618 1356 1690 (9)
1403 1619 1774 1691 βληχομένων,
1808 1620 1944 1691 πρὸς

371 1709 471 1778 τὴν
501 1707 732 1763 ἑκάστου
768 1710 951 1780 φωνὴν
992 1712 1024 1781 ἡ
1077 1712 1259 1782 μήτηρ
1299 1712 1500 1782 τρέχει,
1532 1713 1625 1765 καὶ
1666 1713 1768 1765 οὐκ
1809 1713 1945 1766 άποο

2039 530 2241 600 Deum,
2267 532 2470 588 clamor
2487 534 2618 603 justi
2650 545 2731 591 est
2759 552 2919 595 omne
2963 556 3099 612 Opus
3132 543 3432 609 laudabile;
3464 550 3606 616 quod

2039 623 2089 677 ei
2117 626 2355 679 clamant
2378 626 2469 694 qui
2516 627 2643 682 illud
2686 628 2971 687 mirantur.
3011 633 3145 690 Cum
3179 649 3309 705 ergo
3335 636 3604 708 Propheta

2040 732 2255 773 omnem
2295 719 2492 774 bonam
2514 723 2780 778 actionem
2823 737 3062 794 gestaret
3091 728 3239 785 velut
3279 746 3444 786 unam
3488 733 3602 787 vir-

2044 814 2235 873 tutem,
2272 811 2414 867 hanc
2439 812 2548 868 Deo
2581 815 2859 884 prmvisori
2901 819 3252 877 manifestans
3290 822 3426 877 dixit
3463 842 3477 878 :
3507 823 3605 878 lu-

2040 899 2215 970 teih'ge
2230 900 2508 958 clamorem
2537 921 2725 959 meum.
2761 907 3198 980 Quandoquidem
3236 913 3440 968 sciebat
3468 916 3601 969 inul-

2044 998 2128 1045 tos
2159 992 2448 1063 variosque
2475 995 2740 1051 clamores
2776 1013 2897 1053 cum
2939 999 3203 1070 iustorum
3248 1011 3361 1058 tum
3411 1019 3604 1074 pecca-

2046 1091 2221 1139 torum
2251 1099 2402 1153 esse;
2438 1095 2496 1141 ut
2547 1087 2838 1144 clamorem
2883 1106 3039 1147 suum
3099 1106 3350 1163 tanquam
3390 1096 3523 1165 justi
3552 1106 3606 1153 et

2046 1175 2204 1230 amici
2225 1185 2281 1231 et
2312 1178 2404 1232 lilii
2455 1180 2800 1248 adscisceret,
2829 1191 2882 1236 et
2917 1184 3055 1238 inter
3101 1187 3296 1242 multos
3341 1188 3605 1245 clamores

2042 1265 2330 1322 clamorem
2357 1269 2588 1324 hominis
2615 1272 2697 1325 sui
2729 1284 3062 1343 agnosceret.
3093 1274 3150 1329 Si
3193 1291 3320 1332 vero
3347 1278 3401 1332 in
3428 1280 3604 1348 gregi-

2043 1354 2143 1410 bus
2168 1356 2416 1413 maximis
2460 1374 2523 1414 ac
2555 1359 2924 1418 refertissimis
2959 1370 3373 1437 untimquodque
3403 1369 3604 1425 animal

2044 1443 2333 1500 clamorem
2361 1447 2562 1503 sobolis
2586 1464 2696 1504 suae
2724 1452 2996 1520 agnoscit;
3033 1462 3086 1508 et
3118 1454 3244 1510 licet
3278 1456 3424 1510 mille
3450 1457 3600 1512 vituli

2045 1531 2297 1600 clament,
2335 1549 2670 1605 unaquaeque
2699 1547 2876 1594 tamen
2913 1556 3078 1596 vacca
3104 1547 3382 1612 cognoscit
3402 1547 3605 1603 vocife-

2045 1620 2306 1676 rationem
2342 1624 2542 1692 proprii
2573 1623 2753 1691 i‘etus;
2792 1636 2849 1681 et
2877 1628 3026 1684 mille
3078 1633 3200 1701 agni
3231 1632 3357 1687 dum
3390 1634 3602 1701 balant,

2047 1710 2111 1761 ad
2142 1711 2401 1781 citiusque
2450 1728 2634 1769 vocem
2684 1718 2918 1773 accurrit
2975 1730 3175 1788 mater,
3222 1737 3321 1778 nec
3374 1722 3599 1780 fallitur.

375 1798 666 1867 σφάλλεται
684 1815 698 1829 ⁸
733 1799 912 1870 πολλῷ
947 1800 1147 1870 μᾶλλον
1175 1803 1487 1873 κραζόντων
1521 1805 1728 1876 μυρίων
1768 1806 1945 1877 ἁμαρ-

2052 1797 2213 1851 mnlto
2246 1801 2437 1868 magis,
2463 1800 2604 1856 inter
2636 1801 2935 1861 clamantes
2969 1806 3115 1861 mille
3144 1785 3478 1877 peccatores.
3507 1826 3606 1866 no-

369 1888 577 1954 τωλῶν,
620 1885 759 1943 οἶδεν
786 1892 816 1943 6
854 1891 988 1954 Θεὸς
1025 1891 1124 1962 τὴν
1162 1892 1257 1945 τοῦ
1292 1893 1502 1948 δικαίου
1541 1896 1811 1966 κραυγὴν,
1850 1897 1945 1950 καὶ

369 1981 577 2051 ταύτην
622 1983 977 2051 ἐπιγινώσκει
1008 1984 1084 2046 ὡς
1118 1984 1365 2056 καθαράν
1403 1986 1535 2039 ἰδίου
1565 1987 1755 2040 τέκνου
1794 1986 1941 2059 βοήν.

375 2075 569 2139 Σύνες
598 2073 709 2143 τῆς
735 2076 1007 2145 κραυγῆς
1023 2093 1163 2145 μου.
1191 2077 1294 2130 Τὸν
1325 2079 1670 2150 μαργαρίτην
1704 2081 1816 2151 (10)
1850 2082 1941 2135 τὸν

371 2164 625 2234 ἀληθινὸν
647 2166 740 2218 καὶ
769 2165 830 2219 τὸ
866 2165 1126 2238 νόμισμα,
1168 2166 1343 2231 ἄλλως
1373 2169 1477 2240 ὁρᾷ
1504 2171 1532 2221 6
1577 2169 1823 2240 ἄπειρος,
1854 2171 1947 2223 καὶ

372 2254 547 2318 άλλως
581 2258 784 2327 συνορᾷ
815 2259 844 2310 6
886 2259 1206 2328 ἐπιστήμων
1242 2260 1699 2330 πραγματευτὴς·
1742 2261 1837 2313 καὶ
1864 2260 1945 2313 δι-

262 2408 267 2415 ι
372 2349 548 2402 καίων
593 2350 689 2400 καὶ
730 2348 1075 2419 ἁμαρτωλῶν
1119 2351 1337 2420 ῥήματα
1366 2351 1460 2403 καὶ
1510 2350 1727 2420 φωνὰς,
1773 2351 1947 2416 ἄλλως

375 2438 587 2509 δέχεται
616 2443 643 2493 6
685 2440 907 2510 κόσμος,
950 2440 1043 2494 καὶ
1086 2441 1260 2504 ἄλλως
1296 2440 1578 2512 δοκιμάζει
1608 2443 1641 2512 ή
1689 2441 1783 2495 τοῦ
1810 2440 1945 2496 Θεοῦ
1982 2510 1985 2515 Δ

377 2531 536 2601 ἀκοή.
574 2532 690 2585 Οὐκ
731 2531 942 2585 ἐθεάσω
969 2532 1094 2586 τινὰ
1131 2534 1190 2586 ἐν
1234 2532 1464 2603 πλατείᾳ
1508 2531 1808 2603 κράζοντας
1854 2532 1948 2586 καὶ

382 2621 570 2684 ἀδικεῖ,
614 2623 709 2676 καὶ
744 2612 963 2695 κράζει,
1001 2624 1249 2687 καὶτοὺς
1288 2623 1516 2688 πολλοὺς
1551 2624 1757 2694 ἀπατᾷ,
1789 2625 1882 2678 καὶ
1920 2626 1949 2677 6

383 2713 730 2786 ἀδικούμενος
766 2717 965 2786 σιωπᾷ,
1006 2716 1100 2770 καὶ
1139 2716 1216 2779 ὡς
1256 2716 1438 2778 ἄδικος
1489 2713 1788 2785 νομίζεται.
1828 2715 1948 2769 Ἵνα

377 2802 472 2859 οὖν
505 2807 578 2877 μὴ
617 2808 856 2872 τοιοῦτος
893 2811 922 2861 6
968 2808 1132 2862 Δαὸἰδ
1170 2806 1434 2879 νομισθῇ,
1475 2806 1805 2879 δοκιμαστην
1850 2808 1949 2879 τῆς

377 2900 626 2970 κραυγῆς
655 2899 819 2953 αὐτοῦ
844 2900 936 2953 τὸν
968 2899 1100 2953 Θεὸν
1123 2898 1401 2953 ἐκάλεσεν.
1426 2900 1615 2966 Σύνες
1641 2898 1754 2967 τῆς
1779 2916 1950 2968 κραυ-

377 3007 489 3059 γης
522 3007 665 3058 μουο

449 3056 535 3135 ιν.
552 3083 827 3150 Πρόσχες
848 3079 924 3149 τῇ
958 3079 1129 3150 φωνῇ
1159 3079 1272 3149 τῆς
1296 3056 1559 3172 omne.
1575 3098 1713 3149 μου.
1734 3081 1842 3172 Kal.
1866 3080 1948 3172 τίς
1976 3114 2017 3172 ο

379 3172 412 3240 ή
450 3170 636 3241 δέησις
670 3171 766 3224 τοῦ
804 3171 1035 3236 δικαίου,
1084 3171 1179 3225 καὶ
1198 3171 1284 3234 τίς
1320 3172 1354 3240 ὴ
1401 3169 1606 3240 ταύτης
1650 3169 1837 3240 φωνή;
1881 3168 1946 3221 Τί

380 3262 528 3315 ἐστιν
560 3262 772 3333 δέησις;
806 3263 999 3335 Δέησίς
1047 3264 1196 3317 ἐστιν
1229 3264 1261 3333 ἡ
1293 3260 1467 3314 ἔνδεια
1513 3261 1606 3314 καὶ
1643 3261 1705 3313 τὸ
1746 3260 1951 3328 λεῖμμα

376 3346 441 3404 οὗ
463 3354 694 3416 ἕκαστος
714 3354 929 3424 ἀπορεῖ.
958 3353 1110 3407 Δέειν
1136 3353 1243 3424 γὰρ
1267 3352 1327 3405 τὸ
1365 3351 1570 3405 λείπειν
1596 3350 1762 3404 ἐστίν.
1788 3348 1951 3403 Ὅθεν

381 3444 474 3498 καὶ
507 3444 819 3516 ἐνδεόμενον
858 3448 1064 3498 ἐκεῖνον
1093 3444 1343 3515 λέγομεν,
1373 3443 1464 3497 τὸν
1494 3442 1810 3513 λειπόμενον
1854 3441 1952 3511 τῆς

380 3535 683 3603 ἀναγκαίας
730 3536 955 3608 τροφῆς.
1008 3536 1128 3590 Ἵνα
1174 3535 1352 3589 τοίνυν
1395 3534 1543 3609 δείξῃ
1590 3534 1619 3586 6
1666 3532 1953 3604 προφήτης

382 3627 547 3682 αὐτοῦ
586 3627 685 3699 τὴν
711 3628 1019 3700 βαθυτάτην
1046 3628 1319 3699 πτωχείαν
1347 3627 1441 3681 καὶ
1463 3625 1652 3680 πενίαν
1670 3624 1761 3678 τοῦ
1791 3624 1954 3678 πνεύ-

385 3732 583 3786 ματοςο
634 3716 926 3786 Μακάριοι
969 3717 1079 3789 γὰρ
1123 3721 1178 3772 ot
1210 3716 1434 3786 πτωχοὶ
1484 3714 1565 3781 τῷ
1626 3716 1947 3784 πνεύματιο

379 3806 620 3871 τοιοῦτος
647 3807 704 3860 δὲ
738 3806 814 3861 ὢν
872 3809 930 3862 ἐν
976 3808 1155 3872 ἄλλοις
1186 3807 1393 3877 ἔλεγεν,
1434 3808 1515 3861 ὅτι
1562 3805 1806 3875 Πτωχὸς
1855 3805 1953 3859 καὶ

382 3896 576 3965 πένης
614 3898 731 3967 εἰμὶ
766 3897 882 3967 ἐγώ
902 3914 918 3932 ο
950 3900 984 3952 ὁ
1026 3898 1189 3963 Θεὸς,
1221 3898 1543 3966 ,βοήθησόν
1561 3912 1693 3964 μοι·
1724 3895 1824 3964 τὴν
1853 3911 1953 3949 κα-

384 3986 483 4056 λὴν
510 3987 719 4058 ταύτην
761 3989 1056 4059 πτωχείαν,
1101 3988 1196 4043 καὶ
1229 3987 1418 4042 πενίαν
1438 4026 1454 4051 ,
1482 3987 1576 4040 καὶ
1607 3983 1834 4045 ἔνδειαν,
1879 3984 1952 4047 ὡς

383 4080 586 4151 ἀρετὴν
614 4078 825 4149 βοῶσαν
845 4081 1296 4151 προϐαλλόμενος,
1327 4080 1543 4149 ἔλεγεν·
1571 4079 1851 4148 Πρόσχες
1879 4075 1955 4145 τῇ

383 4168 557 4239 φωνῇ’
589 4169 697 4239 τῆς
732 4169 995 4241 δεήσεώς
1029 4190 1167 4241 μου.
1206 4172 1350 4225 Ἀντί
1378 4168 1495 4235 τοῦ,
1526 4167 1717 4230 Οὕτως
1743 4167 1955 4237 πτωχός

384 4262 501 4331 εἰμι
533 4261 630 4314 καὶ
654 4262 910 4326 ταπεινὸς
939 4262 1019 4334 τῷ
1046 4261 1315 4333 πνεύματι
1346 4261 1479 4331 (Il),
1509 4261 1591 4313 ὅτι
1617 4256 1757 4328 αὕτη
1786 4274 1888 4329 μου
1920 4258 1954 4328 ή

384 4351 564 4407 ἔνδεια
598 4354 695 4408 καὶ
720 4355 754 4425 ή
788 4354 966 4419 πενία,
1002 4353 1079 4418 ὡς
1118 4355 1326 4425 χάρτης
1348 4353 1585 4424 δεήσεως
1618 4351 1727 4406 τῶν
1755 4366 1956 4421 κατορ-

388 4437 656 4509 θωμάτων
681 4441 769 4495 διὰ
794 4443 1139 4514 γραμμάτων
1168 4444 1282 4513 βοᾷ.
1313 4441 1502 4512 Χάρτῃ
1533 4439 1706 4494 ἔοικεν
1731 4437 1957 4511 καθαρῷ

2047 1891 2124 1942 vit
2150 1889 2290 1945 Deus
2327 1890 2458 1960 justi
2493 1893 2804 1959 clamorem,
2839 1909 3074 1967 eumque
3100 1900 3371 1968 agnoscit,
3418 1911 3478 1955 ut
3506 1916 3606 1971 pu-

2047 1995 2161 2033 ram
2215 1981 2299 2036 sui
2367 1981 2461 2037 ﬁlii
2521 1983 3280 2059 Vncil'erationem..lntetlige
3326 1991 3606 2046 clamorem

2045 2084 2236 2122 meum.
2256 2069 2455 2126 Veram
2491 2072 2867 2141 margaritam,
2918 2088 3105 2130 verum
3133 2091 3411 2141 nummum
3450 2078 3608 2134 aliter

2045 2157 2502 2227 videtitnperitus,
2522 2158 2678 2213 aliter
2699 2160 3039 2230 conspicatur
3059 2163 3249 2219 doetus
3265 2164 3565 2234 negotiator
3586 2181 3602 2218 ε

2045 2258 2101 2303 et
2124 2249 2393 2319 iustorum
2443 2259 2896 2322 peccatorumque
2953 2254 3118 2311 verba
3154 2270 3218 2312 ac
3250 2270 3410 2313 voces
3450 2256 3609 2312 aliter

2048 2339 2246 2403 accipit
2276 2342 2529 2407 mundus,
2573 2340 2730 2396 aliter
2772 2345 2963 2412 probat
3010 2345 3104 2401 Dei
3132 2347 3366 2402 auditus.
3420 2346 3611 2403 Nonne

2048 2428 2225 2483 vidisti
2249 2431 2552 2498 quempiam
2594 2431 2646 2483 in
2670 2430 2843 2498 platea
2881 2432 3336 2491 clamatorem?et
3360 2436 3610 2506 injuriam
3727 2462 3739 2474 -

2048 2518 2198 2585 facit,
2227 2527 2284 2573 et
2320 2519 2541 2587 clamat,
2566 2519 2873 2590 multosque
2918 2523 3150 2592 decipit;
3191 2524 3283 2594 qui
3312 2538 3441 2580 vero
3470 2524 3612 2594 inju-

2049 2609 2133 2666 ria
2182 2609 2432 2675 aﬂicitur,
2464 2618 2627 2677 tacet,
2675 2621 2839 2681 atque
2877 2628 2978 2683 pro
3026 2615 3212 2685 iniquo
3255 2614 3498 2671 habetur.
3534 2614 3614 2672 Ne

2049 2716 2177 2772 ergo
2213 2702 2335 2757 talis
2367 2716 2491 2757 esse
2520 2703 2860 2759 existimetur
2907 2705 3092 2772 David,
3148 2707 3611 2777 comprobatorem

2048 2794 2302 2850 clamoris
2360 2795 2442 2850 sui
2509 2795 2675 2851 Deum
2733 2796 2963 2852 vocavit.
3028 2795 3271 2866 Intellige
3332 2796 3614 2853 clamorem

2048 2903 2237 2942 meum.

2121 3061 2176 3114 '5.
2236 3058 2456 3114 Intende
2506 3061 2619 3115 coci
2668 3064 2983 3131 precationis
3048 3080 3197 3149 metu.
3245 3064 3315 3120 Et
3367 3083 3614 3138 quanam

2054 3153 2293 3221 precatio
2362 3151 2533 3221 justi,
2592 3167 2839 3221 quaenam
2903 3154 3021 3223 ejus
3090 3160 3417 3225 precationis
3472 3164 3617 3216 vox?

2054 3241 2191 3309 Quid
2240 3250 2326 3297 est
2379 3243 2653 3312 precatio?
2698 3242 2969 3310 Precatio,
3012 3245 3225 3316 δέησις,
3257 3257 3340 3303 est
3375 3249 3618 3320 indigen-

2056 3333 2146 3398 tia,
2181 3342 2238 3388 ct
2285 3332 2530 3389 defectus
2581 3333 2660 3389 rei
2703 3350 2807 3405 qua
2842 3337 3069 3407 quisque
3121 3340 3449 3397 destituitur.
3481 3342 3617 3399 Nam

2049 3422 2191 3477 δέειν
2219 3423 2487 3494 signiﬁcat
2518 3425 2727 3481 deesse.
2758 3426 3016 3493 Quocirca
3058 3430 3389 3503 ἐνδεόμενον,
3410 3435 3512 3491 hoc
3536 3448 3621 3493 est

2051 3513 2316 3585 indigum,
2341 3530 2596 3572 vocamus
2624 3532 2745 3571 eum
2787 3520 2870 3572 cui
2905 3519 3056 3575 deest
3083 3526 3416 3582 necessarius
3441 3527 3616 3584 cibus.

2057 3606 2129 3662 Ut
2153 3607 2320 3677 igitur
2355 3608 2611 3664 ostendat
2651 3607 2916 3678 Propheta
2956 3621 3252 3669 extremam
3296 3631 3449 3672 suam
3488 3634 3622 3688 pau-

2063 3711 2332 3770 pertatem
2356 3709 2412 3756 et
2451 3700 2685 3770 inopiam
2725 3702 2947 3771 spiritus
2979 3721 2993 3755 :
3021 3701 3173 3758 Beati
3200 3705 3343 3761 enim
3369 3723 3621 3778 pauperes

2052 3794 2243 3861 spiritu
2272 3792 2355 3857 “;
2384 3792 2686 3862 huiusmodi
2715 3804 2894 3849 autem
2922 3809 3043 3851 cum
3077 3808 3247 3864 esset,
3274 3798 3378 3855 alio
3420 3801 3470 3855 in
3504 3800 3620 3858 loco

2054 3886 2234 3939 aiebat
2270 3902 2284 3939 :
2320 3884 2432 3953 Ego
2460 3901 2649 3955 egenus
2687 3902 2803 3939 sum
2857 3897 2906 3940 et
2957 3904 3187 3957 panper;
3223 3890 3386 3959 Deus,
3427 3895 3622 3958 adiuva

2053 3991 2136 4031 me
2157 3976 2243 4029 ὀτι
2286 3976 2597 4044 praeclaram
2648 3977 2786 4032 hanc
2836 3978 3091 4048 inopiam,
3126 3995 3492 4053 paupertatem
3543 4003 3609 4042 ac

2057 4076 2371 4136 egestatem,
2392 4070 2566 4123 instar
2595 4069 2886 4128 clamantis
2908 4074 3120 4129 virtutis
3146 4077 3505 4144 prmiendens,
3527 4078 3623 4133 In-

2057 4159 2231 4221 tende,
2255 4158 2448 4227 inquit,
2487 4160 2602 4214 uoci
2628 4164 2941 4229 precationis
2973 4181 3121 4219 mea.
3172 4164 3336 4232 Quasi
3368 4167 3574 4224 diceret
3602 4189 3617 4224 :

2055 4250 2206 4304 Adeo
2230 4264 2432 4319 pauper
2464 4266 2583 4307 sum
2628 4262 2684 4307 et
2734 4253 2950 4309 humilis
2976 4256 3190 4324 spiritu,
3239 4265 3298 4310 ut
3332 4256 3447 4313 lucc
3499 4273 3619 4314 mea

2058 4344 2353 4414 indigentia
2400 4352 2459 4398 et
2513 4353 2821 4413 paupertas,
2873 4346 3019 4399 velut
3055 4347 3246 4400 charta
3299 4348 3626 4415 precationis

2060 4436 2325 4490 bonorum
2356 4447 2605 4502 operum,
2637 4448 2732 4503 per
2752 4432 2963 4489 litteras
2994 4433 3208 4489 clamet.
3242 4434 3458 4490 Chartae
3479 4451 3627 4505 purae

386 4531 420 4599 ἡ
443 4534 933 4605 ταπεινοφροσύνη,
965 4536 1060 4589 καὶ
1090 4534 1346 4589 εὐλάϐεια
1364 4551 1379 4565 θ
1405 4533 1708 4604 γράμματα
1725 4531 1788 4585 δέ
1816 4532 1951 4584 εἰσιν

2063 4523 2256 4579 similis
2292 4533 2377 4579 est
2417 4522 2692 4579 humilitas
2720 4532 2777 4577 et
2803 4524 3019 4595 religio;
3047 4523 3239 4580 litterae
3289 4534 3465 4583 autem
3503 4539 3629 4583 sunt

386 4623 444 4675 αἰ
476 4624 674 4694 ἀρεταὶ
700 4626 888 4680 καὶτὰ
921 4625 1337 4698 κατορθώματα.
1371 4622 1580 4695 Ὥσπερ
1607 4618 1703 4677 οὖν
1732 4620 1809 4693 τῷ
1852 4620 1947 4691 βα·

391 4714 530 4768 σιλεῖ
558 4718 592 4787 ή
620 4716 809 4789 δέησις
842 4720 938 4772 καὶ
972 4720 1041 4772 τὰ
1069 4716 1168 4790 τῆς
1203 4719 1438 4789 δεήσεως
1464 4718 1794 4788 γράμματα,
1825 4714 1953 4767 ἄνευ

460 4828 712 4884 “Matth.
748 4845 778 4882 v
826 4830 878 4884 5.
949 4831 994 4862 ⁸⁷
1022 4829 1159 4884 Psal.
1193 4844 1341 4893 uix,
1372 4828 1425 4882 6.

458 4969 536 5041 (9)
589 4967 846 5041 Ἀρνίων.
888 4965 1028 5041 Nihil
1072 4977 1156 5041 est
1187 4967 1366 5041 verius
1394 4965 1619 5041 lectione
1656 4964 1788 5041 cod.
1819 4962 1952 5041 Reg.

737 5037 952 5115 hlacarii
986 5037 1169 5115 homil.
1193 5037 1285 5101 47,
1314 5052 1367 5090 n.
1401 5036 1454 5099 7,
1486 5035 1580 5088 καὶ
1603 5033 1740 5115 μήτε
1766 5033 1957 5115 δστούν

385 5109 494 5165 ἀπὸ
514 5107 610 5162 τοῦ
638 5107 828 5179 ἀρνίου
853 5106 1158 5179 συντρίψαι,
1190 5124 1293 5161 non
1317 5114 1494 5160 autem
1540 5103 1753 5175 κυρίου.
1781 5103 1953 5156 Exod.

388 5196 485 5243 xtl,
520 5180 623 5243 46;
661 5176 818 5231 Num.
849 5193 924 5237 Ix.
956 5176 1041 5229 12.

459 5249 572 5322 (10)
606 5250 714 5301 Τὸν
731 5247 1121 5322 μαργαρίτην.
1186 5246 1387 5322 Vereor
1442 5246 1629 5322 menda
1664 5250 1719 5295 ut
1741 5248 1960 5322 careant

388 5314 487 5373 ista
527 5314 777 5385 Gregorii
811 5314 1199 5384 Thaumatnrgi
1256 5314 1454 5385 Orat.t
1497 5317 1551 5385 in
1582 5314 1962 5385 Aununtiatiou

386 5406 502 5468 nent
526 5388 592 5444 Β.
620 5381 807 5468 aria
830 5403 868 5468 τ’
892 5386 970 5468 ’9.
982 5381 1327 5468 μαργαρίτης
1367 5384 1569 5468 ,τῶν
1598 5381 1691 5437 δύο
1727 5383 1959 5468 φύσεων,

387 5459 448 5523 ἐξ
476 5456 765 5528 ἁστράπης
786 5455 880 5528 καὶ
908 5453 1120 5521 ὕδατος,
1144 5453 1347 5528 ἐκτῶν
1369 5454 1576 5528 ἀδήλων
1603 5453 1843 5528 σημείων
1862 5453 1962 5522 τῆς

385 5524 681 5602 θαλάσσης.
697 5526 1046 5602 προέρχεται,
1087 5527 1467 5602 .suspicorque
1492 5524 1795 5602 legentium,
1863 5539 1960 5602 τα.-

390 5598 578 5674 μείων.
620 5591 924 5663 Mitigat-itu
965 5611 1031 5649 ea;
1063 5591 1267 5674 duabus
1294 5591 1517 5674 naturis,
1547 5591 1629 5674 lea:
1651 5591 1857 5674 fulgure
1885 5593 1962 5674 ni-

389 5663 577 5723 mirum
621 5675 670 5719 et
720 5680 881 5734 aqua,
926 5680 954 5717 e
1002 5666 1165 5719 maris
1188 5665 1402 5720 occultis
1435 5663 1741 5718 conditoriis
1764 5663 1956 5729 prodit.

389 5739 496 5793 lies
526 5735 842 5805 pervulgata
870 5745 972 5789 est.

2060 4615 2288 4670 virtutes
2319 4629 2376 4670 et
2397 4615 2651 4685 praeclara
2682 4613 2945 4670 facinora.
2993 4615 3179 4685 Itaque
3218 4616 3356 4672 sicut
3385 4618 3627 4690 impera-

2064 4709 2166 4762 tori
2201 4721 2392 4777 preces
2415 4718 2470 4763 et
2506 4720 2726 4776 precum
2762 4707 2963 4774 scripta
2986 4709 3104 4764 sine
3131 4708 3320 4764 charta
3342 4725 3449 4765 non
3489 4711 3624 4767 οπε-

2134 4957 2245 5030 (II)
2270 4957 2511 5026 Πτωχός
2556 4955 2674 5030 εἰμι
2718 4955 2816 5030 καὶ
2865 4954 3144 5022 ταπεινὸς
3194 4955 3275 5030 τῷ
3317 4957 3626 5028 πνεύματι.
3682 4970 3685 4987 ³

2060 5025 2228 5097 Digna
2264 5037 2388 5097 sunt
2427 5025 2571 5097 'qute
2608 5027 2697 5078 hic
2720 5025 3044 5097 legantuLet
3073 5027 3427 5097 emendentur
3466 5025 3627 5082 verba

2060 5092 2244 5166 Cy'rilli
2261 5098 2323 5166 in
2341 5095 2684 5160 Sophoniam,
2717 5092 2867 5166 [1.34
2888 5111 2917 5166 :7
2934 5092 3065 5148 Εἶτα
3093 5094 3208 5158 πῶς
3224 5095 3525 5166 ἐνδοιάσειέ
3549 5114 3632 5162 τις

2061 5164 2218 5236 εἴπερ
2246 5165 2360 5218 ἐστι
2416 5166 2628 5240 πτωχὸς
2668 5164 2747 5235 τῷ
2789 5165 3088 5240 πνεύματι,
3151 5165 3245 5240 καὶ
3277 5169 3529 5240 ταπεινὸς
3562 5171 3631 5240 τῇ

2062 5235 2281 5308 καρδίᾳ,
2318 5236 2462 5308 κατὰ,
2511 5236 2570 5288 τὸ
2612 5235 3016 5308 γεγραμμένον,
3065 5237 3095 5286 6
3141 5235 3348 5308 εὐφυὴς
3376 5237 3503 5308 (non
3539 5235 3633 5290 εὐῖ

2064 5252 2281 5308 καροιᾳ,
2318 5252 2457 5290 κατα
2511 5252 2570 5288 το
2612 5252 3016 5356 γεγραμμενον,
3065 5252 3095 5286 ο
3141 5252 3345 5306 ευφυης
3376 5252 3503 5306 (non
3539 5252 3629 5290 ευ-

2064 5309 2228 5377 φαὴς)
2253 5307 2348 5358 καὶ
2374 5306 2588 5377 εὐήνιος
2610 5305 2711 5377 καὶ
2762 5321 2833 5377 πο
2867 5306 2895 5358 ὺ
2928 5304 3139 5377 βλέπων
3169 5307 3251 5369 εἰς
3281 5305 3629 5377 εὐπείθειαν,

2058 5374 2118 5432 ὃν
2148 5374 2241 5430 καὶ
2266 5374 2561 5438 ἐποπτείας
2594 5375 2769 5441 ditat;
2800 5374 2998 5427 Deinde
3041 5390 3141 5443 quo
3168 5376 3320 5428 modo
3342 5378 3457 5443 quis
3478 5376 3634 5427 dubi-

2060 5450 2264 5511 taverit,
2313 5462 2438 5499 num
2477 5448 2543 5498 sit
2588 5461 2785 5514 pauper
2815 5445 3006 5512 spiritu
3054 5445 3338 5497 etltumilis
3372 5443 3547 5505 corde,
3574 5454 3630 5514 ut

2059 5519 2312 5584 scriptum
2344 5525 2441 5579 est,
2461 5517 2646 5586 quiest
2674 5513 2822 5569 boum
2858 5514 3071 5578 indolis,
3095 5524 3142 5566 et
3169 5514 3448 5590 modestus,
3487 5521 3534 5562 et
3560 5513 3630 5591 uti

2060 5583 2405 5640 obedientium
2459 5583 2763 5655 propensus,
2810 5599 2963 5653 super
2993 5599 3144 5652 quem
3183 5592 3231 5634 et
3263 5583 3511 5646 respicere
3552 5583 3635 5632 di-

2059 5670 2251 5724 gnatur
2277 5655 2447 5709 Deus?
3574 5674 3581 5680 ·
