4076 6144
385 281 493 342 435

1658 275 1716 329 S.
1768 272 2044 330 ASTERII
2082 273 2383 330 AMASENI

3556 268 3659 324 456

384 406 585 460 stasm,
628 402 683 450 et
731 394 1017 465 viguerunt
1054 390 1500 464 genuﬂexiones;
1530 394 1811 451 desierunt
1845 403 1997 455 ινα-ι

2101 411 2151 449 ον
2162 396 2209 465 (l
2220 395 2295 460 7).
2314 392 2650 447 Ἐπαύσαντο
2665 394 2721 446 αἱ
2739 390 3092 454 ἁποστασίαι,
3109 391 3202 445 καὶ
3218 390 3477 462 ήκμασαν
3497 391 3553 443 αι
3569 406 3662 457 γο-

386 485 601 555 εωάἰω,
647 495 701 541 et
745 485 1063 556 psalmodize
1095 483 1415 543 lloruerunt.
1446 485 1568 542 Non
1595 487 1843 543 ascendit
1877 486 1965 542 lu-

388 594 506 633 mns
548 593 578 632 e
613 578 1000 634 sacriﬁciorum
1027 579 1260 645 ustione.
1300 581 1395 636 sed
1430 579 1736 635 orationum
1784 579 1969 634 incen-

386 684 526 722 sntn.
559 667 837 737 Dirigatur
879 670 1049 724 oratio
1098 685 1212 723 mea
1261 671 1394 725 sicut
1448 671 1717 745 incensum
1757 670 1814 724 in
1846 685 1970 724 con-

388 768 562 829 spectu
596 759 769 812 tuo“.
805 758 920 814 Non
947 761 1056 814 vim
1083 760 1283 815 habent
1325 760 1594 830 pecudum
1639 760 1970 815 immolatio-

388 864 518 915 nes;
547 848 856 905 immolatus
887 849 1033 905 enim
1071 859 1158 905 est
1178 849 1361 921 Agnus
1389 850 1484 921 qui
1520 849 1659 905 tollit
1691 858 1970 919 peccatum

390 942 572 996 tnundi
591 942 656 995 ".

368 1038 383 1053 ‘
461 1030 506 1085 Ο
537 1031 893 1086 miraculum!
924 1030 1170 1087 lnfernns
1201 1031 1483 1101 deglutivit
1509 1030 1972 1087 Dominumeri—

392 1132 556 1186 stum,
591 1130 647 1176 et
675 1137 782 1177 non
816 1123 1091 1177 concoxit.
1121 1121 1229 1176 Leo
1259 1121 1543 1177 devoravit
1579 1137 1797 1189 agitum,
1832 1131 1886 1176 et
1921 1121 1973 1175 in

393 1214 676 1268 stomacho
704 1214 987 1269 continere
1033 1229 1139 1269 non
1193 1214 1387 1284 potuit.
1417 1213 1561 1268 Mors
1590 1213 1866 1282 absorpsit
1892 1213 1974 1268 vi-

396 1313 529 1368 tam,
571 1313 622 1359 et
664 1320 934 1361 nauseans
966 1305 1171 1360 vomuit
1196 1306 1359 1361 etiam
1401 1320 1497 1360 eos
1526 1319 1665 1375 quos
1701 1306 1851 1373 prius
1881 1320 1976 1360 vo-

395 1405 632 1452 raverat.
680 1395 847 1468 Gigas
900 1397 1226 1452 morientem
1271 1397 1550 1454 Christum
1600 1405 1820 1467 portare
1873 1412 1976 1450 non

393 1486 596 1554 valuit;
625 1496 891 1552 mortuus,
938 1487 1299 1543 formidabilis
1345 1486 1559 1543 exstitit
1592 1486 1817 1556 giganti,
1857 1501 1977 1539 cum

296 1586 301 1593 ‘
397 1572 609 1628 vivente
643 1573 879 1630 luctatus
907 1584 1011 1637 est,
1040 1583 1095 1628 et
1123 1590 1152 1628 a
1184 1583 1398 1629 mortuo
1444 1576 1621 1630 victus
1652 1575 1870 1630 cecidit.
1910 1575 1977 1629 Si

398 1679 425 1717 a
456 1664 672 1718 vivente
695 1663 866 1720 victus
899 1674 1046 1720 esset
1072 1664 1342 1729 diabolus,
1379 1664 1663 1719 habuisset
1711 1672 1976 1732 praetexe-

2068 486 2622 557 νυκλισίαισήργησαν
2640 482 3143 557 αἱτραγῳδίαμκαὶ
3176 481 3420 552 ἦνθησαν
3454 483 3509 534 αί
3529 480 3663 550 ψαλ-

2072 577 2292 649 μῳὸίαι.
2320 577 2434 631 Οὐκ
2466 576 2743 630 ἀναϐαίνει
2770 573 2976 638 καπνὸς
3008 574 3116 628 ἀπὸ
3149 572 3362 642 κνίσης,
3388 571 3525 626 ἀλλὰ
3558 573 3665 625 τῶν

2071 668 2397 741 προσευχῶν
2430 669 2493 722 τὸ
2531 668 2800 739 θυμίαμα.
2818 663 3281 731 Κατευθυνθήτω
3297 666 3335 733 ἠ
3353 668 3665 733 προσευχῇ

2066 779 2189 831 μου
2208 762 2288 828 ὡς
2305 763 2565 831 θυμίαμα
2580 760 2838 815 ἐνώπιόν
2851 774 2988 813 σου.
3004 758 3119 811 Οὐκ
3132 755 3443 829 ἐνεργοῦσιν
3457 755 3666 823 ἀλόγων

2074 851 2299 920 σφαγαί·
2329 851 2543 922 ἐσφάγη
2562 849 2672 921 γὰρ
2693 851 2721 904 6
2742 848 2910 920 ἀμνὸς
2933 849 2961 900 6
2978 847 3146 916 αἴρων
3160 847 3259 918 τὴν
3277 846 3553 918 ἁμαρτίαν
3573 842 3667 898 τοῦ

2074 940 2301 1011 κόσμου.

2149 1031 2215 1082 Ὦ
2246 1031 2341 1084 τοῦ
2368 1029 2672 1101 θαύματοςί
2720 1029 2779 1082 '0
2803 1027 2933 1100 ᾅδης
2965 1027 3224 1081 κατέπιεν
3270 1025 3361 1079 τὸν
3393 1026 3674 1097 Δεσπότην

2074 1124 2330 1196 Χριστὸν,
2381 1124 2473 1177 καὶ
2518 1122 2619 1175 οὐκ
2675 1121 2895 1191 ἐπεψεν.
2959 1120 3016 1173 ’0
3063 1117 3199 1172 λέων
3262 1117 3520 1172 κατέπιεν
3580 1118 3675 1172 τὸν

2076 1213 2246 1285 ἀμνὸν
2273 1212 2408 1284 (18),
2449 1212 2542 1266 καὶ
2565 1209 3014 1281 ἀπεστομαχίσθη
3041 1209 3172 1279 (l9).
3201 1208 3260 1263 '0
3286 1207 3514 1271 θάνατος
3541 1225 3674 1263 κατ-

2081 1303 2236 1357 έπιεν
2267 1302 2367 1374 τὴν
2402 1301 2570 1372 ζωὴν,
2633 1301 2730 1353 καὶ
2785 1298 3081 1359 ναυτιάσας
3143 1295 3344 1368 ἕμεσεν
3403 1294 3500 1348 καὶ
3546 1296 3677 1377 τοὺς

2091 1392 2611 1465 προκαταποθέντας
2663 1392 2797 1463 (20).
2852 1392 2921 1444 Ὅ
2972 1390 3136 1459 γίγας
3193 1388 3284 1441 τὸν
3335 1386 3474 1441 ἀποθ
3487 1387 3679 1441 ;νόντα

2079 1488 2313 1560 Χριστὸν
2368 1487 2636 1559 βαστάσαι
2684 1486 2784 1539 οὐκ
2849 1484 3089 1554 ἴσχυσενο
3123 1483 3152 1534 ὁ
3200 1480 3391 1552 νεκρὸς
3443 1478 3677 1551 φοϐερὸς

2088 1579 2167 1650 τῷ
2210 1580 2429 1649 γίγαντι
2461 1578 2705 1646 γέγονεν·
2760 1574 2923 1641 ζῶντι
2958 1573 3278 1635 ἐπάλαισεν,
3330 1573 3426 1625 καλ⁵
3455 1568 3564 1624 ὑπὸ
3596 1587 3680 1622 νε-

2081 1670 2216 1744 κροῦ
2246 1670 2494 1741 νικηθεὶς
2519 1670 2734 1724 ἔπεσεν.
2789 1669 2855 1721 Εἰ
2889 1668 2994 1721 ὑπὸ
3029 1666 3230 1731 ζῶντος
3257 1663 3479 1735 ἐνικήθη
3513 1665 3542 1716 6
3562 1662 3678 1716 διά-

399 1768 455 1810 re
486 1754 658 1810 :Cum
692 1755 801 1810 Deo
823 1754 1018 1810 luctari
1055 1771 1164 1810 non
1188 1755 1329 1810 valui
1366 1773 1382 1823 ;
1413 1767 1469 1812 at
1496 1771 1617 1811 cum
1651 1757 1867 1811 vivente
1902 1757 1980 1809 lu-

2101 1764 2262 1828 Ξολος,
2314 1759 2458 1833 εἶχεν
2508 1758 2968 1833 προφασίζεσθαι,
2998 1757 3083 1811 ὅτι
3130 1755 3250 1827 Θεῷ
3284 1754 3534 1809 παλαίειν
3577 1753 3680 1806 οὐκ

401 1852 577 1898 ctatus
600 1853 704 1910 est,
739 1853 794 1899 et
822 1845 1076 1900 morienti
1104 1846 1417 1912 succubuit,
1447 1862 1771 1918 omnemque
1800 1848 1983 1923 amisit

402 1934 824 1991 excuSationem.
877 1936 1054 1992 Unum
1111 1953 1340 2007 granum
1395 1940 1719 1993 seminatum
1764 1938 1885 2002 fuit,
1922 1954 1983 1993 ac

404 2037 550 2082 totus
588 2026 821 2084 mundus
851 2029 1088 2085 nutritus
1110 2041 1210 2086 est.
1250 2031 1535 2100 Tanquam
1583 2030 1745 2085 homo
1769 2030 1984 2102 jugula-

403 2127 488 2172 tus
531 2129 635 2186 est,
679 2127 840 2189 atque
883 2120 1033 2175 velut
1081 2119 1222 2176 Deus
1266 2122 1434 2176 vitam
1490 2123 1713 2193 recepit,
1750 2109 1985 2179 necnon

405 2210 568 2264 vitam
607 2212 751 2265 dedit
793 2211 908 2266 orbi
954 2220 1248 2266 terrarum.
1280 2212 1440 2268 Velut
1475 2224 1718 2269 ostreum
1768 2215 1988 2270 concul-

408 2315 589 2357 catum
620 2312 726 2369 est,
762 2312 818 2359 et
845 2303 995 2359 velut
1024 2306 1318 2374 margarita
1357 2306 1640 2360 exornavit
1664 2305 1984 2362 Ecelesiam.

407 2392 558 2450 Sicut
605 2396 722 2450 ovis
770 2404 1038 2450 mactatus
1087 2406 1193 2462 εει,
1235 2404 1292 2452 et
1347 2397 1490 2452 sicut
1540 2407 1724 2467 pastor
1771 2397 1985 2462 baculo,

407 2502 586 2551 cruce,
614 2487 819 2556 expulit
851 2487 1154 2542 daemonum
1184 2503 1428 2558 gregem.
1460 2486 1533 2543 Ut
1560 2489 1781 2545 lucerna
1821 2505 1988 2560 super

408 2579 787 2635 candelabrum
831 2595 996 2635 cruce
1055 2580 1363 2635 exstinctus
1420 2591 1524 2645 est,
1581 2591 1745 2648 atque
1800 2590 1856 2635 nt
1911 2581 1988 2637 sol

409 2682 628 2727 exortus
685 2681 769 2727 est
816 2686 848 2725 e
902 2671 1174 2740 sepulcro.
1202 2670 1403 2727 Videre
1459 2680 1578 2726 erat
1623 2672 1988 2742 spectaculum

410 2764 598 2834 duplex
628 2783 643 2818 ;
670 2765 890 2820 Christo
922 2765 1206 2827 cruciﬂxo,
1244 2765 1357 2819 dies
1399 2764 1639 2819 tenebris
1685 2764 1992 2819 obduceba-

412 2870 529 2923 tur;
555 2871 731 2924 eoque
757 2864 1096 2927 resurgente,
1135 2870 1242 2909 nox
1271 2855 1679 2910 illuminabalnr
1704 2856 1755 2909 in
1785 2870 1989 2910 morem

413 2946 537 3002 diei.
597 2945 780 3013 Quare
827 2945 946 3001 dies
997 2946 1367 3001 obducebatur
1422 2947 1704 3001 tenebris?
1757 2946 1890 3014 Quia
1929 2947 1993 3000 de

413 3037 501 3093 (“0
528 3037 788 3107 scriptum
813 3046 896 3093 est
920 3055 934 3093 :
960 3036 1146 3092 Posuit
1175 3039 1413 3093 tenebras
1442 3039 1720 3092 latibulum
1740 3056 1893 3092 suum
1914 3039 1985 3095 ⁸³.

414 3128 521 3185 Cur
548 3140 729 3184 autem
762 3145 865 3185 nox
900 3132 1077 3186 instar
1126 3132 1229 3186 diei
1277 3132 1688 3186 illustrabatur?
1726 3133 1990 3199 Quoniam

416 3222 461 3277 ei
486 3222 622 3278 dixit
649 3221 917 3293 Propheta
950 3240 963 3276 :
993 3223 1133 3290 Quia
1165 3224 1393 3279 tenebra:
1432 3240 1537 3279 non
1579 3225 1996 3279 obscurabuntur

416 3322 539 3379 ate,
588 3323 634 3368 et
696 3330 801 3368 nox
852 3316 1007 3369 sicut'
1049 3316 1160 3370 dies
1194 3316 1585 3370 illuminabitur
1607 3316 1672 3369 “.
1703 3314 1748 3372 Ο
1780 3332 1881 3370 nox
1913 3315 1999 3370 die

417 3407 643 3463 clarior!
685 3422 719 3462 0
749 3425 858 3464 nox
889 3410 1004 3465 sole
1049 3410 1414 3478 splendidior!
1454 3424 1487 3463 ο
1518 3424 1620 3464 nox
1657 3409 1778 3461 nive
1811 3407 1998 3461 candi-

418 3501 573 3554 dior!
619 3514 652 3556 ο
676 3516 780 3555 nox
818 3501 1030 3557 facibus
1065 3501 1320 3557 lucidior!
1359 3516 1392 3556 ο
1428 3517 1530 3555 nox
1565 3500 1816 3568 paradiso
1852 3500 1999 3554 dele-

420 3591 707 3645 ctabilior!
740 3607 773 3646 o
805 3607 915 3646 nox
944 3608 971 3646 a
1003 3592 1247 3647 tenebris
1267 3592 1472 3647 libera!
1511 3608 1543 3646 ο
1569 3607 1678 3646 nox
1710 3607 1830 3660 qum
1858 3607 2002 3646 som-

421 3699 550 3738 num
587 3684 742 3755 pellis
767 3685 781 3739 ι
814 3699 846 3740 ο
874 3700 979 3740 nox
1007 3700 1128 3755 qum
1161 3685 1387 3754 vigilare
1413 3698 1533 3739 cum
1567 3684 1773 3754 angelis
1798 3684 1958 3738 doces
1983 3683 1997 3736 !

421 3792 457 3831 0
492 3791 593 3830 nox
630 3776 891 3832 terribilis
937 3777 1303 3832 daemonibus!
1341 3793 1374 3832 ο
1405 3793 1508 3831 nox
1539 3775 1864 3830 desiderium
1908 3789 2003 3828 an-

423 3869 509 3924 ni!
547 3885 583 3923 ο
607 3884 714 3923 nox
744 3870 979 3938 pronuba
1006 3870 1293 3924 Ecblesiae!
1325 3884 1357 3923 ο
1385 3886 1488 3923 nox
1515 3883 1704 3924 recens
1738 3867 2005 3937 baptismo

428 3961 855 4016 illuminatornm
896 3963 1099 4017 mater!
1128 3978 1159 4017 ο
1191 3978 1296 4017 nox
1330 3963 1382 4016 in
1419 3978 1523 4034 qua
1557 3961 1858 4015 dormitans
1889 3958 2007 4013 dia-

430 4052 584 4109 bolus
608 4053 840 4108 nudatus
870 4063 956 4109 est
981 4055 993 4107 l
1023 4069 1054 4107 o
1080 4069 1183 4108 nox
1224 4055 1274 4108 in
1310 4069 1415 4124 qua
1470 4054 1647 4107 bzeres
1687 4051 1741 4105 in
1780 4051 2009 4105 Incredi-

431 4154 592 4201 tatem
652 4145 954 4201 introduxit
1002 4148 1294 4203 ltmredem.
1354 4145 1420 4200 In
1472 4145 1630 4215 ﬁnem
1670 4161 1766 4214 pro
1803 4161 1864 4198 ea
1893 4158 2010 4213 qua:

433 4238 778 4292 hereditatem
804 4240 1156 4306 consequitur.

501 4426 703 4483 “Psal.
737 4442 857 4491 CXL,
897 4428 953 4482 2.
1017 4430 1061 4461 ⁶¹
1086 4427 1239 4484 Joan.
1280 4445 1315 4490 ι,
1357 4428 1446 4482 29.
1525 4428 1568 4459 ⁸³
1596 4426 1733 4481 Psal.
1769 4440 1900 4490 xvn,
1936 4424 2022 4478 l2.

2087 1858 2304 1927 ῐσχυσα·
2341 1854 2478 1909 ἀλλὰ
2513 1853 2677 1920 ζῶντι
2721 1853 3039 1916 ἐπάλαισεν,
3065 1851 3158 1904 καὶ
3195 1847 3519 1902 ἀποθανόντι
3577 1847 3679 1899 ὑπ-

2091 1948 2309 2015 έπεσεν,
2352 1947 2445 2001 καὶ
2476 1948 2656 2000 πᾶσαν
2690 1945 2965 2018 πρόφασιν
3008 1943 3306 1997 ἀπώλεσεν.
3347 1935 3441 2004 Εἷς
3480 1939 3680 2003 κόκκος

2086 2039 2323 2110 ἐσπάρη,
2356 2038 2452 2091 καὶ
2510 2035 2630 2100 ὅλος
2674 2037 2704 2088 6
2746 2035 2952 2105 κόσμος
2992 2034 3223 2106 ἐτράφη.
3270 2031 3360 2094 Ὦς
3392 2029 3682 2101 ἄνθρωπος

2087 2131 2324 2202 ἐσφάγη,
2353 2130 2446 2183 καὶ
2494 2129 2571 2194 ὼς
2605 2128 2738 2193 Θεὸς
2776 2127 3139 2198 ἐζωοποιήθη,
3196 2124 3291 2179 καὶ
3314 2121 3682 2193 ἐζωοποίησεν

2085 2222 2185 2296 τὴν
2218 2221 2570 2293 οἰκουμένην.
2612 2220 2702 2285 Ὠς
2748 2220 2972 2291 ὄστρεον
3003 2215 3275 2290 ἐπατήθη,
3314 2215 3408 2270 καὶ
3432 2213 3509 2277 ὡς
3535 2229 3647 2284 μαρ
3667 2244 3681 2251 -

2088 2314 2323 2387 γαρίτης
2357 2314 2667 2385 ἐκόσμησεν
2719 2312 2818 2384 τὴν
2866 2309 3211 2381 Ἐκκλησίαν.
3277 2308 3363 2371 Ὠς
3413 2306 3684 2378 πρόϐατον

2088 2406 2277 2479 ἐθύθη,
2307 2406 2402 2461 καὶ
2434 2405 2511 2470 ὡς
2545 2403 2748 2475 ποιμὴν
2782 2402 2964 2475 ῥάϐδῳ
2989 2401 3067 2473 τῷ
3096 2397 3314 2470 σταυρῷ
3342 2395 3561 2460 ἐδίωξεν
3583 2395 3685 2466 τὴν

2089 2499 2201 2553 τῶν
2250 2497 2523 2569 δαιμόνων
2554 2497 2777 2568 ἀγέλην.
2821 2496 2911 2559 Ὠς
2963 2493 3156 2564 λύχνος
3189 2492 3280 2545 ἐπὶ
3319 2488 3540 2560 λυχνίαν
3604 2486 3684 2558 τῷ

2102 2590 2318 2662 σταυρῷ
2348 2590 2604 2662 ἐσϐέσθη,
2639 2590 2734 2643 καὶ
2757 2588 2832 2653 ὡς
2875 2570 3027 2658 ἥλιος
3066 2583 3336 2639 ἀνέτειλεν
3371 2583 3435 2636 ἐκ
3462 2580 3556 2634 τοῦ
3588 2579 3683 2633 τά-

2091 2703 2213 2756 φου.
2244 2680 2353 2738 τΗν
2381 2682 2704 2754 ίδεῖνθέαμα
2720 2680 2963 2735 διπλοῦν·
2996 2675 3395 2749 σταυρουμένου
3418 2671 3681 2744 Χριστοῦ.

2091 2778 2123 2847 ή
2148 2775 2333 2846 ἡμέρα
2366 2772 2696 2838 ἐσκοτίζετο,
2720 2771 2817 2825 καὶ
2836 2768 3198 2842 ἀνισταμένου
3231 2763 3416 2827 αὑτοῦ,
3441 2765 3474 2835 ἡ
3497 2761 3685 2828 vage;

2090 2864 2272 2935 ἡμέρα
2300 2860 2613 2932 ὲφωτίζετο.
2634 2863 2731 2914 Διὰ
2754 2859 2807 2914 τί
2847 2861 2880 2932 ἡ
2930 2858 3114 2930 ἡμέρα
3139 2852 3683 2920 ὲσκοτίζετο;Ἐπει-

2089 2954 2153 3025 δὴ
2181 2954 2309 3025 περὶ
2338 2952 2504 3006 αὑτοῦ
2546 2950 2876 3023 γέγραπται·
2911 2952 3120 3007 Ἕθετο
3152 2950 3374 3014 σκότος
3409 2948 3677 3013 ἀποκρυ-

2093 3043 2219 3114 φὴν
2243 3041 2451 3098 αὐτοῦ.
2485 3043 2583 3097 Διὰ
2600 3043 2652 3097 τί
2677 3043 2735 3096 δέ
2772 3041 2870 3108 νὺξ
2894 3042 2969 3106 ὡς
3000 3042 3185 3113 ἡμέρα
3213 3038 3539 3110 ἐφωτίζετο;
3563 3038 3688 3090 Ὅτι

2103 3134 2253 3207 αὐτῷ
2284 3137 2312 3190 6
2343 3137 2631 3208 προφήτης
2666 3135 2868 3204 ἔλεγενο
2923 3135 3052 3188 ’Ὀτι
3097 3135 3320 3199 σκότος
3372 3134 3443 3187 οὐ
3490 3146 3691 3185 σκοτι-

2103 3227 2396 3295 σθήσεται
2442 3226 2562 3282 ἀπὸ
2589 3227 2705 3281 σοῦ
2724 3267 2736 3290 ,
2764 3227 2861 3281 καὶ
2893 3226 3009 3291 νὺξ
3039 3229 3119 3292 ὡς
3154 3224 3345 3294 ἡμέρα
3396 3220 3692 3294 φωτισθή-

2102 3335 2292 3376 σεται.
2344 3317 2415 3374 ’Ὤ
2467 3320 2565 3386 νὺξ
2618 3321 2831 3392 ἡμέρας
2890 3317 3276 3391 λαμπροτέραῑ
3332 3309 3377 3369 ὦ
3414 3314 3511 3380 νὺξ
3540 3312 3690 3386 ἡλίου

2103 3413 2490 3487 λαμπροτέραῑ
2531 3407 2576 3467 ὦ
2603 3413 2702 3479 νὺξ
2721 3412 2896 3485 χιόνος
2914 3412 3236 3482 λευκοτέραῐ
3272 3403 3317 3463 ὦ
3353 3408 3450 3476 νὺξ
3476 3405 3696 3478 λαμπά-

2105 3507 2209 3561 δων
2246 3506 2634 3578 διαυγεστέραί
2661 3500 2707 3560 ὦ
2734 3506 2830 3573 νὺξ
2873 3504 3203 3574 παραδείσου
3239 3500 3607 3573 τερπνοτέραῑ
3649 3492 3696 3552 ὧ

2106 3599 2205 3665 νὺξ
2237 3600 2459 3665 σκότους
2502 3599 2926 3672 ἀπηλλαγμένηί
2967 3592 3012 3652 ὦ
3053 3596 3149 3664 νὺξ
3180 3598 3213 3667 ἡ
3250 3594 3340 3649 τὸν
3398 3593 3564 3647 ὕπνον
3618 3591 3699 3644 δι-

2109 3689 2360 3745 ώκουσαί
2392 3690 2438 3744 ὧ
2465 3691 2562 3757 νὺξ
2603 3693 2635 3764 ἡ
2659 3693 2957 3765 ἀγρυπνεῖν
2977 3688 3113 3762 μετὰ
3141 3687 3387 3756 ἀγγέλων
3416 3686 3699 3739 διδάσκου-

2113 3782 2213 3835 σαέ
2245 3775 2289 3835 ὧ
2316 3781 2411 3849 νὺξ
2471 3781 2681 3854 φοϐερὰ
2728 3783 2841 3844 τοῖς
2876 3778 3155 3849 δαίμοσινί
3198 3769 3244 3830 ὧ
3294 3773 3392 3839 νὺξ
3447 3770 3697 3826 ἐνιαυτοῦ

2115 3874 2411 3946 ἐπιθυμίαί
2465 3869 2510 3929 ὧ
2555 3875 2652 3940 νὺξ
2700 3872 3067 3946 νυμφαγωγὸς
3112 3870 3210 3940 τῆς
3258 3867 3624 3938 Ἐκκλησίαςε
3656 3857 3700 3918 ὦ

2119 3965 2217 4031 νὺξ
2243 3968 2276 4037 ή
2308 3965 2417 4019 τῶν
2446 3965 2820 4035 νεοφωτίστων
2858 3964 3071 4036 μήτηρῑ
3110 3955 3154 4014 ὦ
3172 3959 3267 4026 νὺξ
3296 3961 3353 4013 ἐν
3378 3952 3700 4034 ᾖνυστάξας

2117 4058 2146 4110 6
2183 4057 2428 4124 διάϐολος
2466 4058 2844 4130 γεγύμνωταιί
2876 4051 2920 4110 ὦ
2944 4054 3041 4121 νὺξ
3071 4048 3184 4127 ὲνῇ
3213 4056 3241 4106 6
3264 4051 3601 4124 κληρονόμος
3622 4051 3703 4113 εἰς

2119 4149 2221 4221 τὴν
2252 4150 2621 4223 κληρονομίαν
2652 4151 2749 4221 τὴν
2787 4148 3120 4222 κληρονόμον
3152 4145 3473 4218 εἰσήγαγενί
3507 4144 3610 4207 Εἰς
3637 4142 3703 4194 τὸ

2123 4240 2294 4309 τέλος
2324 4241 2475 4311 ὑπὲρ
2502 4240 2609 4310 τῆς
2640 4240 3151 4310 κληρονομούσης.
3177 4240 3189 4247 ⁵

2101 4425 2147 4457 ⁸³
2174 4424 2315 4482 Psal.
2342 4440 2609 4491 cxxxvnt,
2644 4424 2726 4478 1-2.

434 4587 622 4645 dendo.
651 4595 817 4639 totum
844 4586 1015 4647 ipsum
1039 4602 1200 4639 unum
1224 4585 1347 4653 quid
1380 4601 1522 4656 esse,_
1542 4601 1721 4656 nempe
1753 4584 2010 4656 animum,
2044 4588 2092 4646 D
2118 4585 2334 4656 quando
2382 4585 2582 4656 nemini
2612 4599 2717 4656 non
2766 4583 2946 4656 statim
3002 4592 3296 4656 occurrere
3347 4579 3539 4656 debeat
3582 4590 3708 4656 vera

435 4658 527 4711 leui
559 4666 763 4710 tantum
786 4655 992 4724 pulvere
1018 4652 1304 4722 aspersum.
1357 4652 1784 4709 Milti'arridebat
1812 4654 2016 4724 ἐπαγό-

432 4743 620 4795 μενον,
650 4738 772 4779 cum
807 4727 906 4778 hac
946 4729 1212 4782 versione.
1247 4726 1436 4795 quique
1482 4724 1612 4778 nihil
1639 4736 1729 4778 aut
1767 4725 2015 4795 exiguum

428 4796 941 4870 qtrirl_pulueris_seu
967 4796 1206 4870 corporis
1241 4811 1415 4847 secum
1439 4797 1686 4870 traheret.

508 4868 621 4937 (l7)
651 4862 959 4937 Πατοῦσιν
989 4862 1094 4917 m-
1131 4866 1410 4937 θάνατον.
1442 4865 1731 4937 Sententia
1759 4864 1829 4919 56
1848 4864 2020 4937 Hype-
2078 4883 2085 4891 ·

431 4935 638 4992 reCltii.
688 4937 739 4988 ni
779 4935 954 5006 fallor,
987 4944 1140 5006 erat,
1198 4935 1402 5006 κόσμον
1429 4936 1458 4987 6
1486 4936 1736 5006 πατήσας
1788 4935 2025 5006 μοναχὸς

433 5005 661 5078 Χριστῷ
724 5004 1009 5078 συᾉνὸμιλος
1046 5004 1540 5078 γίνεταιίκόσμου
1588 5004 1672 5078 et“
1697 5004 2018 5078 πράγμασιν

433 5061 911 5148 ἐμπεπλεγμένος
930 5061 1160 5147 μονάχδς
1199 5076 1299 5129 οὐκ
1347 5061 1589 5148 ἀρέσκει-
1605 5075 1684 5147 τῷ
1737 5061 2019 5148 στρατολο-

440 5146 671 5220 γήσαντι
702 5146 944 5220 Χριστῷ,
992 5161 1301 5220 quanquam
1330 5146 1531 5220 editum
1567 5146 1667 5220 fuit
1712 5162 1739 5200 a
1772 5146 2020 5220 doctissi-

443 5217 533 5273 mo
577 5217 901 5274 Combelisio
930 5218 982 5271 in
1013 5217 1273 5271 'Auctario
1304 5217 1527 5281 ultimo,
1572 5218 1776 5288 κόσμον
1803 5217 2017 5286 ἀπατή-

446 5306 547 5354 σας
575 5288 845 5361 μοναχός,
870 5289 1046 5361 minus
1062 5291 1380 5361 countnode.

518 5357 630 5432 (f8)
675 5357 789 5432 Τόν
814 5359 1028 5428 ἀμνόν.
1060 5357 1365 5432 Permirum
1396 5357 1529 5432 mihi
1574 5358 1808 5424 videtur,
1845 5374 2026 5432 rema-

444 5429 577 5488 nere
607 5429 846 5500 potuisse
869 5444 1053 5484 vocem
1078 5430 1228 5484 nihili
1261 5429 1314 5483 in
1343 5430 1556 5500 Asterie
1587 5439 1815 5500 nostro,
1855 5429 2028 5500 Enco-

449 5504 556 5556 mio
591 5498 645 5556 in
698 5501 955 5570 principes
984 5501 1343 5569 apostolorum
1399 5498 1615 5570 Petrum
1680 5508 1724 5553 et
1785 5498 2030 5570 Ριιιιαηι,

451 5574 600 5648 apud
617 5566 1053 5648 Quipbeliéium‘r
1068 5570 1275 5648 Ὄνῖως
1307 5569 1448 5648 κατὰ
1477 5566 2034 5648 ehvprp6¢6qct1roﬁ

462 5636 678 5714 Ἰακὼϐ,
711 5643 967 5714 Βενιαμὶν
992 5641 1157 5705 λύκος
1184 5640 1388 5714 ἅρπαξ,
1415 5636 1874 5714 σπαράσσωντῆς
1889 5636 2035 5700 Νέας

452 5712 730 5777 Διαοήκης
759 5708 890 5777 τοὺς
910 5715 1186 5784 ἀμείνους,
1211 5708 1304 5767 καὶ
1332 5708 1636 5779 amr/nitu»:
1682 5710 1748 5763 τὰ
1786 5708 2029 5779 ποῖμνια.’

986 5908 1027 5919 δ.

2125 4645 2372 4724 scriptio,
2405 4655 2631 4727 ἀμνούς.
2671 4653 2804 4710 Vere
2816 4654 2975 4727 juxta
3020 4651 3451 4727 medicationem
3498 4645 3709 4726 Jacobi:

2124 4717 2403 4796 Beniamin
2437 4717 2608 4795 lupus—-
2637 4717 2832 4796 rapax,
2874 4717 3170 4792 discerpens
3201 4722 3334 4776 Novi
3388 4717 3708 4772 Testamemi

2127 4813 2308 4867 agnos,
2329 4813 2391 4849 ac
2413 4798 2710 4866 dispergens
2738 4810 2933 4863 greges.

2199 4852 2312 4940 (19)
2360 4852 2899 4941 ῘΑξτεστὸμαχῗσθῂ.
2958 4861 3189 4941 Verbum
3233 4859 3505 4941 insolens,
3550 4852 3712 4941 quale

2130 4924 2530 5009 στόμάχάομαι.
2584 4924 2639 4991 πῖ.
2675 4924 2764 5003 Ξῖ,
2823 4924 3083 5009 Encontii
3117 4932 3175 4985 in
3225 4928 3618 5009 translationem
3651 4924 3708 4978 S.

2131 5001 2367 5081 Gregorii
2401 5001 2850 5081 t'Vazianzeni,_atl
2885 5021 2935 5058 ιχ
2961 5002 3106 5067 Maii,
3156 5001 3248 5081 sed
3287 5001 3715 5081 exuconjcctnra

2129 5068 2391 5133 duntaxat
2421 5088 2475 5132 et
2505 5068 2884 5133 emendatione
2918 5088 3103 5144 parum
3129 5068 3570 5144 probabili,_cnm
3603 5082 3717 5144 ma-

2129 5149 2212 5216 gis
2251 5150 2313 5203 ad
2348 5164 2587 5213 sensum,
2625 5157 2680 5202 et
2737 5136 2931 5201 minus
2961 5136 3262 5199 recedendo
3309 5142 3378 5195 ab
3410 5136 3716 5208 Ecgrapho.

2132 5220 2584 5291 προμαχομένους
2608 5218 2709 5287 legi
2742 5227 2925 5291 queat.
2992 5284 3024 5291 _
3344 5290 3347 5291 ν
3489 5278 3504 5291 ,
3630 5284 3641 5291 _
3662 5273 3717 5291 ί..

2208 5273 2949 5363 ςέοΐήρο-κᾳτατῖοθὲξςτας.
2989 5284 3217 5363 ξ’ςοριθι·
3246 5290 3448 5363 textum
3477 5273 3718 5363 Apostoli

2137 5360 2154 5415 1
2186 5349 2317 5415 Cor:
2346 5349 2436 5427 xv,
2469 5359 2557 5426 54,
2594 5357 2868 5428 κατεπόθη
2907 5349 2937 5410 6
2986 5349 3237 5428 θάνατος,
3275 5351 3456 5408 malim
3513 5349 3565 5401 in
3595 5360 3719 5428 ora-

2148 5431 2293 5485 tione
2330 5415 2642 5501 Eurhologii
2664 5415 2917 5501 Goaria'ni
2948 5424 3165 5501 ιλ-ϐίὲξί⁸
3189 5415 3367 5501 legere
3387 5415 3720 5474 καταποθέν-

2144 5518 2257 5565 τος.
2288 5517 2448 5571 quam
2476 5494 2976 5572 καταπατηθέντοςξ
3006 5494 3112 5572 Τοῦ
3143 5494 3374 5572 θανάτου
3405 5502 3720 5572 καταπατη-

2145 5524 2257 5565 τος.
2288 5524 2448 5571 quam
2476 5524 2973 5572 καταπατηυενῖυς.
3018 5524 3112 5550 ιυυ
3144 5524 3374 5548 υυινυηυυ
3408 5524 3677 5544 ιιυιυυιηυηι

2145 5572 2349 5637 θέντος,
2379 5573 2473 5625 καὶ
2524 5569 2617 5625 τοῦ
2658 5570 2882 5642 κέντρου
2918 5568 3105 5635 αὑτοῦ,
3145 5567 3243 5637 τῆς
3278 5559 3553 5635 ἁμαρτίας
3578 5595 3594 5623 ν
3634 5524 3720 5622 έέ⁶⁵

2144 5642 2552 5713 αφανισθέντος.
