4076 6144
477 300 582 356 m
1751 297 1809 353 s.
1853 297 2126 353 ssrenn
2166 296 2472 352 AMASENl
3620 262 3733 343 us

480 425 570 477 ιιιιι
588 415 779 465 octavo
803 409 889 464 die
918 422 1022 462 non
1044 404 1550 473 circumcidcbatur,
1576 406 1891 463 maledictus
1911 419 2049 475 erat;

2172 410 2470 480 γεγέννηται
2506 408 2637 478 (58).
2681 408 2738 461 Ὀ
2777 409 2850 477 μὴ
2879 404 3336 476 περι-τεμνόμενος
3379 401 3435 454 ὲν
3462 399 3537 470 τῷ
3574 401 3730 472 νόμῳ

434 556 445 562 ,
482 501 535 552 ἱιι
563 499 734 568 gratia
783 498 872 567 qui
914 512 1019 550 non
1052 505 1130 550 est
1166 496 1495 564 baptizatus,
1527 511 1555 550 a
1591 511 1753 566 regno
1786 498 2045 552 caelorum

2172 499 2510 569 ικταήμερος,
2539 496 2934 567 ὲπικοιτάρατος
2957 491 3045 566 ἦν’
3079 497 3107 546 6
3134 492 3207 564 μὴ
3242 490 3635 562 βαπτιζόμενος
3663 492 3728 541 ὲν

482 599 772 643 extraneos
805 597 887 642 est
916 599 1077 654 atque
1108 587 1332 641 alienus.
1369 586 1467 652 Qui
1492 587 1634 642 enim
1667 587 1804 641 dixit
1829 590 1879 641 in
1903 589 2046 657 lege:

484 679 799 733 Maledictus
855 681 1023 732 omnis
1074 679 1337 732 masculus
1362 679 1451 747 qui
1497 695 1600 731 non
1651 681 2052 732 circumcidetur

481 781 661 822 octavo
689 770 793 834 die,
824 770 1253 823 exterminabitur
1281 770 1459 823 anima
1496 769 1588 822 illa
1634 770 1699 823 de
1749 770 1941 840 populo
1960 771 2006 802 ⁸⁸
2033 790 2046 837 ;

479 857 624 912 idem
661 876 781 913 cum
808 859 1116 926 iuramento
1143 859 1511 926 pronuntiavit
1550 860 1602 913 in
1637 862 1846 930 gratia:
1888 861 2054 915 Amen

480 964 631 1001 amen
658 949 775 1001 dico
825 950 938 1011 tibi,
989 949 1088 1001 nisi
1123 951 1239 1018 quis
1286 961 1497 1002 renatus
1535 949 1692 1017 fuerit
1741 967 1807 1003 ea:
1838 967 1976 1019 aqua
2004 961 2054 1005 et

485 1035 709 1106 Spiritu,
747 1056 847 1092 non
878 1053 1040 1109 potest
1074 1041 1245 1093 videre
1284 1056 1497 1108 regnum
1535 1040 1631 1094 Dei
1654 1042 1795 1095 ".—
1820 1042 1882 1095 In
1899 1042 2055 1110 ﬁnem

484 1147 578 1197 pro
608 1142 807 1185 octava.
841 1131 900 1184 In
927 1132 1084 1199 ﬁnem
1132 1133 1343 1201 quare?
1382 1134 1517 1201 Quia
1558 1133 1713 1188 initio
1762 1133 1925 1188 dixit:
1953 1132 2059 1186 Do-

484 1224 648 1288 mine,
679 1241 740 1277 ne
763 1224 815 1276 in
848 1223 1024 1289 furore
1054 1232 1143 1277 tuo
1165 1240 1358 1293 arguas
1385 1240 1462 1277 me
1489 1231 1526 1277 :‘
1551 1225 1705 1292 quasi
1735 1225 1953 1292 quidam
1978 1224 2059 1278 di-

380 1320 387 1325 '
488 1323 715 1368 cerent:
753 1315 1121 1371 Exauditusne
1144 1316 1264 1370 est?
1311 1316 1528 1369 ubinam
1577 1332 1865 1384 possumus
1909 1315 2060 1370 iuve-

490 1404 607 1457 nire
638 1406 778 1473 quod
803 1414 925 1473 post
971 1418 1159 1473 preces
1195 1405 1485 1459 exauditus
1528 1404 1725 1460 fuerit?
1746 1406 2056 1474 respondet:

490 1494 555 1547 In
590 1495 768 1563 ﬁnem.
805 1495 948 1563 Lege
980 1495 1138 1550 linem
1176 1495 1395 1565 psalmi,
1422 1507 1477 1551 et
1504 1496 1738 1565 reperies
1759 1497 2057 1552 dicentem:

489 1585 541 1640 ε).
593 1584 853 1639 Discedite
908 1603 940 1639 a
979 1602 1097 1649 me,
1143 1603 1319 1641 omnes
1354 1587 1444 1656 qui
1494 1589 1782 1658 operamini
1810 1589 2061 1658 iniquita-

489 1682 629 1738 tmt;
656 1676 900 1744 quoniam
930 1675 1192 1729 exaudivit
1243 1676 1497 1731 Dominus
1543 1694 1716 1732 vocem
1750 1679 1903 1746 ﬂetus
1931 1678 2063 1742 mei;

491 1765 722 1820 intendit
748 1768 1115 1835 deprecationi
1148 1782 1299 1823 mete.
1334 1769 1605 1835 Quando?
1635 1768 1704 1823 In
1735 1769 1914 1838 ﬁnem.

2149 590 2215 658 τῇ
2269 586 2488 656 χάριτι,
2528 586 2626 655 τῆς
2661 585 2935 654 βασιλείας
2979 582 3087 635 τῶν
3139 580 3385 652 οὐρανῶν
3436 580 3583 644 ξένος
3630 580 3727 631 καὶ

2152 677 2448 749 ἀλλότριος.
2480 677 2557 729 ’Ὁ
2584 676 2693 748 γὰρ
2722 675 2890 728 εἰπὼν
2916 675 2974 726 ὲν
3006 673 3082 744 τῷ
3115 674 3285 743 νόμῳ·
3332 669 3725 736 Ἐπικατάρα-

2152 786 2253 834 τος
2277 768 2395 834 πᾶς
2416 766 2613 837 ἄρσην
2635 767 2703 833 ὂς
2735 768 2806 820 οὐ
2827 764 3322 834 περιτμηθήσεται
3348 760 3422 829 τῇ
3444 760 3633 830 ἡμέρᾳ
3654 759 3728 828 τῇ

2154 860 2359 928 ὀγδόῃ,
2387 856 2966 927 ὲξολοθρευθήσεται
2999 857 3036 924 ἡ
3061 854 3232 925 ψυχὴ
3272 853 3475 920 ἐκείνη
3522 852 3593 904 ἐκ
3623 850 3731 904 τοῦ

2153 950 2327 1005 λαοῦ·
2383 952 2412 1002 6
2460 949 2624 1012 αὐτὸς
2667 946 2816 1001 εἶπεν
2884 945 3021 1018 μετά
3068 947 3231 1015 ὅρκου
3275 946 3332 996 ὲν
3380 945 3447 1012 τῇ
3504 941 3729 1012 χάριτι·

2169 1042 2356 1112 Ἀμὴν
2395 1042 2556 1112 ἀμὴν
2600 1042 2753 1110 λέγω
2789 1055 2908 1105 σοι,
2963 1038 3071 1092 ἐὰν
3112 1035 3197 1107 μή
3232 1054 3321 1102 τις
3354 1032 3620 1104 γεννηθῇ
3664 1032 3732 1095 ἐξ

2156 1135 2376 1202 ὕδατος
2413 1136 2510 1189 καὶ
2539 1136 2903 1204 Πνεύματος,
2936 1135 3008 1186 οὐ
3042 1133 3289 1185 δύναται
3317 1127 3464 1181 ἰδεῖν
3488 1123 3603 1192 τὴν
3627 1123 3737 1187 ,ϐαρ

2158 1227 2398 1280 σιλείαν
2446 1227 2550 1281 τοῦ
2601 1226 2768 1280 Θεοῦ.
2821 1255 2891 1268 —
2937 1226 3038 1288 Εἰς
3083 1222 3150 1274 τὸ
3200 1220 3376 1283 τέλος
3417 1213 3571 1283 ὑπὲρ
3628 1210 3736 1280 τῆς

2160 1317 2396 1387 ὀγδόης.
2443 1319 2546 1390 βις
2578 1316 2646 1369 τὸ
2693 1314 2907 1380 τέλος,
2957 1314 3044 1367 διὰ
3105 1313 3189 1375 τίς
3243 1307 3460 1378 Ἐπειδὴ
3508 1309 3590 1369 εις
3634 1305 3734 1374 τὴν

2160 1403 2335 1475 ἀρχὴν
2368 1399 2550 1457 εἶπεν·
2581 1404 2774 1472 Κύριε,
2814 1402 2900 1472 μὴ
2932 1402 3011 1467 τῷ
3039 1398 3202 1469 θυμῷ
3223 1414 3339 1453 σου
3361 1395 3620 1465 ἐλέγξῃς
3635 1410 3731 1463 με·

2161 1494 2237 1558 ὣς
2261 1511 2422 1549 τινων
2452 1495 2736 1564 λεγόντων,
2763 1490 2905 1565 Ἆρα
2935 1490 3294 1564 εἰσηκούσθης
3329 1488 3432 1543 ποῦ
3459 1486 3735 1556 δυνάμεθα

2163 1586 2363 1658 εὑρεῖν,
2388 1588 2470 1640 ὅτι
2496 1585 2935 1657 προσευξάμενος
2956 1581 3281 1654 εἰσηκούσθη
3304 1597 3319 1647 ;
3344 1580 3732 1648 ἀποκρίνεται·

2166 1682 2270 1745 Εις
2292 1678 2357 1732 τὸ
2376 1678 2570 1745 τέλος.
2623 1676 2925 1746 Ἀνάγνωθι
2956 1676 3018 1728 τὸ
3059 1676 3213 1738 τέλος
3243 1672 3337 1726 τοῦ
3369 1669 3612 1743 ψαλμοῦ,
3644 1671 3737 1724 καὶ

2089 1760 2135 1820 Β
2163 1771 2417 1843 εὑρήσεις
2447 1770 2696 1840 λέγοντιν
2743 1769 3078 1836 Ἀπόστητε
3106 1766 3206 1821 ἀπ’
3233 1765 3400 1835 ἐμοῦ,
3428 1763 3653 1828 πάντες
3683 1764 3738 1816 οἱ

487 1857 858 1929 ἐργαζόμενοι
886 1859 1002 1928 τὴν
1033 1861 1308 1930 ἀνομίαν,
1346 1861 1437 1915 ὅτι
1460 1862 1828 1931 εισοήκουσεν
1848 1863 2066 1933 Κύριος
2102 1862 2215 1933 τῆς
2246 1864 2455 1934 φωνῆς
2494 1866 2601 1921 τοῦ
2646 1864 2955 1935 κλαυθμοῦ
3000 1881 3140 1934 μου,
3188 1860 3488 1934 προσέσχεν
3516 1861 3584 1930 τῇ
3625 1858 3741 1928 δεή-

491 1969 571 2003 σει
598 1969 720 2022 μου.
747 1953 885 2006 Πότε
907 1969 922 2019 ;
948 1955 1053 2020 Εἰς
1081 1954 1146 2008 τὸ
1168 1953 1361 2020 τέλος.

544 2081 609 2135 In
632 2081 786 2151 ﬁnem
805 2098 897 2150 pro
915 2091 1110 2147 oclat'a.
1141 2082 1251 2136 Cur
1277 2091 1457 2137 autem
1483 2094 1677 2139 octavo
1694 2084 1779 2139 die
1804 2085 2058 2140 Dominus

492 2173 829 2227 resurrexit?
853 2172 1117 2239 Quoniam
1150 2175 1321 2243 prima
1362 2176 1638 2229 hominum
1673 2176 1898 2245 ogdoas,
1922 2187 2060 2230 tem—

493 2279 625 2334 pore
645 2263 790 2331 Nam,
818 2274 937 2334 post
962 2264 1168 2336 antiqui
1191 2267 1338 2320 orbis
1364 2267 1662 2334 interitmn,
1689 2283 1886 2321 novum
1915 2283 2062 2321 mun-

493 2356 618 2409 dum
662 2355 717 2409 in
750 2365 936 2410 nostro
973 2371 1173 2425 genere
1228 2357 1530 2412 suscitavit.
1576 2357 1867 2428 Postquam
1917 2358 2059 2412 enim

498 2447 730 2502 mundus
751 2462 814 2502 ex
839 2448 1195 2503 fornicatione
1227 2448 1379 2505 febre
1408 2459 1650 2505 mortuus
1692 2460 1775 2505 est
1816 2465 1911 2518 per
1934 2464 2063 2520 pec-

495 2550 695 2604 catum,
724 2547 778 2593 et
803 2539 1047 2610 sepultus
1074 2539 1172 2594 fuit
1230 2541 1282 2594 in
1326 2541 1482 2609 aquis
1516 2539 1723 2605 diluvii,
1766 2551 1893 2596 tunc
1914 2550 2059 2597 octo-

442 2687 456 2704 ,
496 2630 679 2685 uarius
712 2630 990 2684 hominum
1035 2630 1126 2700 qui
1160 2629 1213 2684 in
1267 2644 1395 2684 arca
1441 2639 1690 2685 servatus
1728 2630 1923 2694 fuerat,
1969 2643 2066 2700 per

498 2721 788 2776 Ιιὺειοτιιιιι
859 2715 1255 2792 sinsceptiOnem
1322 2722 1579 2776 mundum
1656 2724 1954 2777 suscitavit.
2000 2716 2111 2776 Et'

497 2812 639 2879 quod
684 2811 974 2865 liberorum
1027 2809 1331 2880 procreatio
1372 2809 1591 2865 nomine
1657 2811 2067 2866 resurrectionis

499 2906 747 2965 donetur,
776 2899 901 2952 andi
961 2898 1123 2952 verba
1164 2898 1354 2952 matris
1401 2898 1546 2965 Evze,
1597 2900 1815 2969 quando
1864 2898 2069 2967 peperit

501 2992 724 3045 Sollium
748 3009 762 3045 :
790 2991 1076 3046 Snscitarit
1110 2990 1244 3043 enim
1270 2988 1395 3042 mihi
1429 2988 1565 3043 Deus
1606 2971 1773 3044 semen
1803 2990 1948 3042 aliud
1974 3006 2067 3057 pro

500 3082 656 3135 Abele
676 3098 825 3152 quem
857 3082 1044 3136 occidit
1070 3079 1203 3136 Cain
1234 3080 1301 3135 ⁸⁸.
1327 3079 1392 3134 Ει
1422 3082 1503 3136 lex
1534 3099 1548 3136 :
1592 3080 1649 3135 Si
1685 3081 1826 3149 quis,
1873 3082 2066 3148 inquit,

500 3177 614 3230 sine
642 3175 821 3229 Iiberis
855 3185 1088 3229 mortuus
1130 3174 1309 3244 fuerit,
1348 3173 1573 3244 accipiet
1601 3173 1763 3241 frater
1801 3174 1913 3241 ejus
1935 3189 2068 3227 uxo-

501 3284 631 3330 rem,
662 3277 710 3320 et
761 3267 1034 3320 suscitabit
1088 3282 1260 3321 semen
1301 3267 1461 3335 fratri
1493 3283 1587 3321 suo
1609 3267 1693 3321 3':
1750 3274 1805 3319 et
1837 3274 1951 3319 erat
1983 3246 2069 3320 re-

499 3358 778 3412 suscitatio
803 3359 1057 3413 exstincti
1090 3373 1153 3411 ac
1175 3358 1368 3437 mortui
1387 3357 1599 3426 generis
1622 3356 1914 3411 renovatio.
1935 3355 2070 3423 Quia

501 3450 664 3520 igitur
686 3450 854 3518 prima
884 3452 1098 3520 generis
1143 3451 1472 3504 resurrectio
1518 3460 1637 3518 post
1683 3448 1936 3502 diluvium
1982 3465 2079 3516 per

503 3551 627 3596 octo
655 3541 900 3595 homines
928 3542 1066 3596 facta
1097 3551 1202 3604 est,
1250 3540 1452 3594 idcirco
1497 3549 1551 3593 et
1580 3540 1787 3609 primus
1818 3538 2079 3594 Dominus

510 3636 958 3690 resurrectionem
985 3644 1320 3687 mortuorum
1346 3634 1397 3686 in
1425 3641 1610 3686 octava
1636 3633 1854 3687 inchoat
1875 3645 2078 3700 ;quan-

505 3730 574 3781 do
595 3727 743 3781 velut
771 3726 824 3780 in
859 3741 985 3778 arca
1012 3725 1065 3778 in
1099 3724 1349 3794 sepulcro
1405 3734 1659 3793 tanquam
1705 3722 1816 3778 Noe
1861 3721 2075 3789 mansit,

504 3829 561 3871 et
612 3813 905 3884 impietatis
963 3813 1161 3869 diluvio
1209 3813 1370 3868 ﬁnem
1421 3813 1694 3882 imposuit,
1747 3812 2079 3882 tradiditque

506 3907 833 3976 baptismum
898 3904 1348 3974 regenerationis;
1405 3913 1460 3957 ut
1501 3903 1802 3973 conscpulti
1830 3904 1944 3970 ejus
1985 3904 2080 3959 ba-

507 3998 727 4069 ptismo,
787 4005 1071 4052 consortes
1108 3995 1526 4052 resurrecdonis
1555 3996 1725 4066 ipsius
1757 3995 2076 4052 eliiciamur.

508 4093 696 4163 Itaque
725 4092 981 4159 quoniam
1032 4100 1222 4144 octava
1275 4088 1419 4144 clare
1456 4089 1509 4143 in
1572 4089 1686 4156 lege
1737 4089 2082 4159 prmvulgavit

511 4185 966 4242 resurrectionem
1024 4193 1400 4245 mortuorum,
1446 4196 1510 4237 at.
1578 4182 1985 4236 retributionem
2013 4182 2080 4236 ad

508 4277 840 4353 singulorum
868 4284 1378 4347 opera;eapr0pter
1429 4271 1596 4328 David
1644 4273 1883 4342 quicum
1915 4287 2083 4328 uxore

513 4371 653 4427 Uria:
688 4380 1028 4441 peccaverat,
1067 4366 1164 4437 pro
1189 4377 1401 4431 octava,
1446 4375 1502 4419 et
1534 4381 1631 4436 pro
1685 4366 2084 4421 resurrectione

509 4465 562 4518 in
587 4479 742 4519 suam
776 4462 1176 4524 remissionem,
1209 4460 1403 4514 orabat
1455 4474 1519 4513 ac
1564 4457 1810 4511 dicebat:
1844 4456 2082 4521 Domine,

510 4574 571 4610 ne
597 4557 648 4609 in
673 4556 850 4625 furore
873 4565 963 4609 tuo
995 4570 1188 4624 arguas
1216 4569 1318 4618 me,
1346 4569 1512 4622 neque
1536 4552 1590 4606 in
1610 4553 1693 4605 ira
1716 4564 1805 4603 tua
1829 4551 2083 4622 corripias

2232 2094 2335 2158 Εἰς
2372 2091 2435 2146 τὸ
2472 2091 2646 2156 τέλος
2669 2088 2820 2158 ὑπὲρ
2848 2085 2955 2155 τῆς
2985 2085 3219 2157 ὀγδόης.
3240 2081 3339 2135 Διά
3375 2081 3427 2133 τί
3465 2079 3523 2133 δὲ
3570 2079 3630 2131 ὲν
3670 2078 3736 2146 τῇ

2165 2185 2326 2258 ὀγδόῃ
2345 2184 2527 2255 ἡμέρᾳ
2544 2181 2744 2250 ἀνέστη
2769 2182 2798 2234 6
2820 2178 3019 2251 Κύριος
3038 2193 3052 2243 ;
3095 2174 3311 2244 Ἐπειδὴ
3341 2171 3529 2243 πρώτη
3550 2168 3741 2238 ὀγδοὰς

2167 2274 2263 2328 ἀνθ
2273 2269 2487 2344 ρώπων,
2513 2270 2606 2325 ἐπὶ
2629 2269 2721 2323 τοῦ
2738 2267 2881 2333 Νῶε,
2900 2265 3036 2338 μετά
3061 2264 3152 2318 τὸν
3170 2261 3264 2316 τοῦ
3284 2258 3514 2314 παλαιοῦ
3535 2259 3739 2328 κόσμου

2170 2365 2397 2419 θάνατον
2416 2404 2431 2429 ,
2480 2362 2596 2416 νέον
2619 2361 2820 2432 κόσμον
2846 2360 2926 2423 εἰς
2946 2357 3097 2427 γένος
3124 2354 3437 2425 ἀνέστησεν,
3452 2352 3583 2403 Ὅτε
3598 2349 3743 2419 γάρὸ

2169 2456 2370 2527 κόσμος
2386 2454 2624 2522 πυρέξας
2640 2455 2705 2524 τῇ
2730 2450 2974 2524 πορνείᾳ,
2997 2446 3265 2501 ἀπέθανεν
3284 2447 3350 2513 τῇ
3370 2441 3638 2513 ἁμαρτίᾳ,
3650 2434 3745 2492 καὶ

2172 2549 2346 2618 ἐτάφη
2375 2548 2572 2610 ὲνιτοῖς
2601 2545 2694 2598 τοῦ
2720 2538 3104 2610 κατακλυσμοῦ
3131 2537 3340 2601 ὕδασιν,
3382 2534 3503 2587 τότε
3547 2530 3742 2601 ὀγδοὰς

2171 2634 2472 2706 ἀνθρώπων
2500 2635 2558 2689 ὲν
2583 2636 2649 2706 τῇ
2668 2631 2885 2701 κιϐωτῷ
2914 2627 3270 2699 φυλαχθεῖσα,
3305 2622 3392 2677 διὰ
3420 2622 3521 2691 τῆς
3560 2636 3744 2673 τεκνο-

2171 2730 2356 2801 γονίας
2384 2728 2474 2780 τὸν
2501 2728 2702 2796 κόσμον
2728 2724 3046 2794 ἀνέστησεν.
3081 2719 3189 2773 Καὶ
3231 2718 3317 2771 ὃτι
3352 2718 3397 2786 ἡ,
3428 2713 3744 2779 τεκνογονεῖα

2172 2821 2463 2883 ἀνάστασις
2497 2817 2734 2886 λέγεται,
2759 2816 2987 2870 ἄκουσον
3013 2812 3122 2881 τῆς
3136 2806 3338 2880 μητρὸς
3361 2808 3458 2877 τῆς
3485 2805 3632 2867 Εὔας
3658 2803 3745 2856 λε-

2173 2912 2393 2981 γούσης,
2424 2911 2513 2963 ὅτε
2535 2908 2717 2962 ἔτεκεν
2744 2905 2835 2959 τὸν
2867 2905 2972 2976 Σήθ
2993 2901 3122 2976 t39)°
3167 2898 3617 2965 Ἐξανέστησεν
3639 2895 3747 2964 γάρ

2169 3020 2270 3074 μοι
2299 3005 2331 3055 ό
2364 3000 2505 3065 Θεὸς
2536 2997 2772 3066 σπέρμα
2790 2996 3014 3065 ἕτερον,
3035 2994 3168 3048 ἀντὶ
3190 2994 3359 3046 Ἅϐελ
3387 2990 3459 3043 ὃν
3486 2988 3751 3042 ἀπέκτει-

2173 3111 2281 3149 νεν
2307 3093 2473 3147 Κάτν.
2513 3089 2620 3144 Καὶ
2651 3089 2679 3140 6
2710 3088 2869 3159 νόμος
2897 3103 2907 3113 ·
2953 3085 3093 3141 Ἐάν
3120 3103 3228 3151 τις,
3262 3083 3445 3153 φησὶν,
3472 3078 3745 3145 ἀποθάνῃ

2175 3186 2445 3250 ἄτεκνος,
2478 3182 2738 3251 λήψεται
2766 3183 2798 3235 ὀ
2824 3177 3088 3248 ἀδελφὸς
3107 3177 3293 3231 αὐτοῦ
3325 3174 3441 3243 τὴν
3466 3171 3746 3243 γυναῖκα,

2180 3277 2277 3331 καὶ
2311 3273 2710 3341 ἐξαναστήσει
2742 3271 2979 3341 σπέρμα
3005 3268 3087 3335 τῷ
3117 3266 3357 3337 ἀδελφῷ
3392 3264 3612 3321 αὐτοῦ’
3657 3264 3749 3317 xui

2178 3366 2247 3443 ἦν
2270 3372 2304 3441 ὴ
2348 3367 2701 3433 ἐξανάστασις
2760 3361 3118 3435 σϐεννυμένου
3169 3359 3263 3413 xui.
3312 3358 3750 3427 ἀποθνήσκοντος

2176 3463 2365 3532 γένους
2395 3458 2710 3520 ἀνανέωσις.
2772 3453 2925 3510 Ἐπεὶ
2964 3451 3056 3509 οὖν
3104 3451 3292 3524 πρώτη
3328 3450 3637 3513 ἀνάστασις.
3658 3447 3750 3502 τοῦ

2176 3555 2366 3625 γένους
2392 3550 2529 3623 μετὰ
2552 3551 2642 3604 τὸν
2662 3543 3047 3617 κατακλυσμὸν
3073 3546 3160 3599 διὰ
3175 3544 3422 3614 ὀγδοάδος
3450 3542 3546 3595 ἀνθ
3557 3541 3752 3613 ρώπων

2178 3646 2413 3714 ἐγένετο,
2443 3641 2530 3696 διὰ
2549 3641 2708 3696 τοῦτο
2737 3640 2831 3694 xui.
2853 3641 2880 3692 6
2909 3638 3113 3708 Κύριος
3149 3635 3363 3707 πρῶτος
3387 3633 3485 3705 τὴν
3518 3635 3753 3687 ἀνάστα-

2180 3754 2264 3791 σιν
2296 3735 2405 3789 τῶν
2442 3732 2651 3805 νεκρῶν
2691 3733 2749 3785 ἐν
2781 3733 2846 3802 τῇ
2875 3728 3032 3802 ὀγδόῃ
3076 3729 3301 3799 ἄρχεται
3326 3743 3337 3755 ·
3371 3728 3459 3780 ὅτε
3499 3724 3754 3796 καθάπερ

2179 3832 2235 3883 ὲν
2266 3826 2482 3898 κιϐωτῷ
2518 3825 2595 3898 τῷ
2621 3826 2776 3895 τάφῳ
2807 3822 2882 3887 ὡς
2914 3823 2945 3876 6
2986 3822 3111 3875 Νῶε
3137 3821 3372 3892 ἔμεινεν,
3402 3818 3495 3872 καὶ
3522 3818 3616 3870 τὸν
3651 3836 3750 3871 κα-

2180 3918 2490 3990 τακλυσμὸν
2526 3918 2626 3988 τῆς
2666 3913 2918 3977 ἀσεϐείας
2947 3913 3207 3974 ἔπαυσεν,
3247 3913 3341 3965 xui.
3386 3911 3446 3964 τὸ
3473 3910 3754 3981 βάπτισμα

2181 4016 2280 4086 τῆς
2314 4009 2730 4080 παλιγγενεσίας
2752 4007 3022 4062 ἐπέδωκεν
3047 4022 3061 4036 ο
3095 4006 3182 4059 ἵνα
3207 4003 3565 4073 συνταφέντες
3589 4002 3755 4057 αὖτοῦ

2182 4107 2260 4175 τῷ
2300 4101 2593 4176 βαπτισμῴ
2615 4143 2629 4165 ,
2668 4099 2913 4154 κοινωνοὶ
2946 4099 3043 4169 τῆς
3085 4097 3431 4159 ἀναστάσεως
3467 4093 3633 4148 αὐτοῦ
3668 4109 3758 4161 γε-

2185 4194 2425 4265 νώμεθα.
2482 4190 2633 4245 Ἐπεὶ
2663 4184 2756 4242 οὖν
2803 4189 2837 4257 ἡ
2883 4186 3044 4257 ὀγδόη
3079 4183 3478 4258 προεσάλπιζεν
3521 4185 3578 4236 ὲν
3608 4182 3758 4253 νόμῳ

2184 4288 2281 4358 τὴν
2327 4284 2435 4339 τῶν
2486 4282 2694 4355 νεκρῶν
2731 4281 3045 4341 ἀνάστασιν,
3087 4278 3180 4331 καὶ
3229 4277 3330 4349 τὴν
3372 4275 3481 4330 τῶν
3524 4275 3756 4329 ἑκάστου

2185 4377 2360 4447 ἔργων
2406 4373 2785 4429 ἀνταπόδοσινο
2842 4370 2933 4425 διὰ
2979 4369 3151 4424 ταῦτα
3185 4369 3509 4441 ἁμαρτήσας
3544 4369 3623 4431 εἰς
3662 4366 3758 4438 τὴν

2184 4467 2276 4521 τοῦ
2302 4466 2497 4537 Οὐρίου
2527 4466 2555 4517 6
2584 4463 2767 4527 Δασῖιδ,
2800 4461 2939 4534 ὑπὲρ
2964 4461 3060 4533 τῆς
3086 4461 3277 4532 ὀγδόης
3304 4460 3397 4514 xui.
3422 4460 3519 4530 τῆς
3574 4462 3630 4512 ἰν
3675 4459 3761 4512 ἀν-

2188 4559 2300 4611 έσει
2338 4554 2500 4609 αὑτοῦ
2546 4554 2893 4617 ἀναστάσεως
2923 4551 3256 4624 παρακαλῶν
3295 4553 3478 4621 ἔλεγεν
3502 4567 3521 4581 '
3555 4552 3758 4619 Κύριε.

510 4664 610 4702 me.
641 4647 738 4701 llic
773 4646 1034 4716 rcsipisco
1057 4654 1112 4699 et
1134 4646 1414 4707 conﬁteor,
1436 4644 1656 4697 Domine
1683 4663 1696 4697 :
1732 4643 1784 4697 6.
1821 4642 2070 4706 Quoniam

2183 4649 2267 4719 μὴ
2296 4645 2375 4713 τῷ
2414 4645 2578 4715 θυμῷ
2610 4661 2725 4699 σου
2766 4643 3019 4712 ἐλέγξῃς
3044 4659 3120 4711 με
3140 4682 3153 4706 ,
3176 4641 3332 4711 μηδὲ
3372 4640 3448 4710 τῇ
3467 4639 3617 4710 ὀργῇ
3643 4656 3763 4694 σου

512 4754 612 4789 mm
639 4748 711 4790 est
746 4737 801 4790 in
827 4749 987 4788 morte
1006 4735 1094 4803 qui
1121 4750 1316 4787 memor
1341 4735 1410 4788 sit
1437 4735 1513 4786 tui
1539 4749 1557 4796 ;
1603 4734 1657 4786 in
1688 4733 1890 4802 inferno
1907 4743 2079 4785 autem

510 4831 627 4897 quis
655 4823 987 4895 conﬁtebitur
1018 4826 1234 4879 tibi?——
1265 4824 1331 4879 1η
1357 4826 1515 4893 ﬁnem
1546 4841 1641 4894 pro
1674 4835 1854 4877 octava
1889 4825 1942 4876 in
1965 4840 2082 4877 car-

515 4921 741 4974 minibus
761 4919 995 4989 psalmus
1025 4917 1218 4973 David.
1251 4914 1318 4969 Et
1356 4925 1505 4971 recte
1553 4931 1650 4984 pro
1674 4928 1862 4969 octava
1889 4931 2080 4985 preca-

517 5013 696 5073 batur,
732 5019 955 5063 octavus
992 5007 1160 5064 Jesste
1200 5007 1361 5069 ﬁlius,
1420 5018 1476 5060 et
1503 5015 1656 5077 pater
1682 5006 1884 5060 Christi
1914 5007 2002 5075 qui
2031 5008 2082 5060 in

516 5112 708 5155 octava
744 5101 1063 5156 resurrexit.
1113 5099 1180 5153 In
1202 5098 1357 5167 finem
1390 5113 1408 5151 :
1454 5107 1564 5151 tum
1595 5098 1752 5167 hujus
1785 5099 1927 5162 vitae,
1969 5108 2079 5152 tum

518 5196 701 5248 mundi
729 5193 1164 5263 comprchionis.
1199 5189 1459 5246 Primitias
1505 5190 1783 5256 Christus;
1819 5192 2008 5246 deinde
2044 5192 2082 5244 ii

515 5291 605 5360 qui
634 5300 752 5342 sunt
788 5287 1004 5353 Christi,
1042 5290 1097 5340 in
1136 5287 1357 5341 adrentu
1390 5284 1501 5353 ejus
1526 5285 1592 5336 ⁹⁰.

587 5407 633 5440 ⁸⁸
665 5406 801 5464 Gen.
837 5421 967 5469 xvtt,
997 5405 1083 5460 14.
1159 5405 1203 5436 ⁸⁷
1233 5402 1386 5459 Joan.
1414 5418 1494 5470 tu,
1523 5402 1576 5457 5.
1649 5402 1694 5434 ⁸³
1724 5400 1859 5459 Gen.
1900 5418 1973 5465 tv,
2003 5401 2093 5457 ἓξ).

589 5528 701 5599 (58)
733 5529 834 5593 Εἰς
863 5527 1176 5596 πορφύραν
1201 5522 1566 5599 γεγέννηται.
1595 5523 1647 5577 In
1677 5522 1926 5592 purpuris
1948 5522 2079 5585 nati,

516 5596 1035 5671 τωρφυρογέννητοι,
1067 5599 1389 5671 ιιθιιιίιιὶιιοῃ
1414 5596 1520 5671 noti
1550 5604 1690 5671 sunt.

587 5660 860 5736 (39)’”Οτε
886 5660 1089 5722 ἔτεκέν
1128 5665 1233 5720 τὸν
1264 5666 1406 5731 Σήθ.
1444 5666 1625 5736 Itaque
1666 5664 1716 5736 in
1745 5660 1941 5736 Cyrillo
1987 5660 2078 5736 lib.

518 5731 781 5796 ttt'contra
814 5737 1115 5794 Nestorium
1162 5752 1212 5805 ιι.
1271 5736 1377 5789 67:
1435 5734 1645 5787 Ὀποίόν
1698 5731 1813 5785 ἐστι
1846 5731 1905 5784 τὸ
1947 5731 2093 5803 παρὰ

2149 4783 2153 4787 .
2190 4738 2522 4805 παιδεύσῃς
2567 4752 2662 4806 με.
2706 4728 2832 4787 Ὧδε
2869 4733 3114 4805 μετανοῶ
3160 4734 3255 4787 xui.
3293 4729 3720 4803 ὲξομολογοῦμαι
3745 4772 3760 4795 ,

2190 4830 2455 4883 Δέσποτα·
2486 4829 2613 4880 Ὅτι
2643 4829 2754 4880 οὐκ
2793 4825 2964 4879 ἔστιν
2982 4824 3052 4878 ὲν
3085 4822 3167 4890 τῷ
3191 4824 3423 4889 θανάτῳ
3460 4825 3492 4876 ὁ
3522 4838 3764 4890 μνημο-

2190 4924 2381 4977 νεύων
2415 4938 2531 4976 σου
2549 4938 2563 4951 ο
2585 4919 2736 4973 ἐνδὲ
2761 4916 2840 4983 τῷ
2861 4917 2976 4986 ᾅδῃ
2996 4918 3086 4983 τίς
3111 4913 3614 4985 ἐξομολογήσεται
3637 4928 3766 4977 σοις

2189 5043 2259 5055 -
2274 5014 2377 5078 Εὶς
2395 5012 2461 5065 τὸ
2482 5010 2654 5076 τέλος
2673 5008 2823 5077 ὑπὲρ
2847 5008 2954 5076 τῆς
2974 5007 3189 5077 ὀγδόης
3208 5007 3278 5060 ἐν
3296 5006 3501 5075 ὕμνοις
3519 5004 3767 5075 unum;

2194 5104 2272 5168 τῷ
2306 5101 2501 5156 Δαϐίδ.
2536 5102 2646 5153 Καὶ
2673 5099 2852 5163 καλῶς
2884 5098 3022 5170 ὑπὲρ
3050 5098 3148 5168 τῆς
3182 5096 3372 5168 ὀγδόης
3397 5092 3769 5167 προσηύχετο,

2192 5198 2220 5247 ὁ
2251 5193 2435 5261 ὄγδοος
2462 5192 2554 5245 τοῦ
2594 5190 2792 5244 Ἰεσσαὶ
2820 5191 2953 5252 υἱὸς,
2982 5191 3073 5242 καὶ
3101 5190 3283 5260 πατὴρ
3315 5186 3409 5241 τοῦ
3434 5188 3767 5249 ἀναστάντος

2194 5287 2251 5336 ἐν
2285 5286 2352 5355 τῇ
2385 5283 2547 5354 ὀγδόῃ
2576 5283 2619 5334 Χ
2629 5278 2832 5353 ριστοῦ.
2856 5282 2958 5345 Εἰς
2997 5280 3062 5333 τὸ
3084 5280 3258 5344 τέλος
3282 5292 3296 5306 ⁸
3338 5276 3431 5331 xui.
3450 5277 3552 5349 τῆς
3576 5276 3766 5332 τούτου

2173 5403 2216 5433 ¹⁸⁹
2241 5402 2393 5455 Deut.
2422 5414 2548 5462 xxv,
2579 5398 2632 5453 5.
2704 5401 2749 5430 ⁹⁰
2773 5397 2788 5450 Ι
2813 5397 2934 5451 Cor.
2962 5413 3049 5458 xv,
3070 5394 3161 5449 95.

2190 5522 2286 5588 τῆς
2315 5519 2545 5591 ἀρχαίας
2574 5516 2819 5591 -ἐ-κείςαῃς
2867 5512 3179 5591 γυναικὸςη
3205 5512 3349 5583 φημὶ
3377 5511 3586 5591 δὴιτῆς.
3606 5508 3767 5591 [ξῦας.

2189 5579 2449 5659 cal/1055+};
2464 5579 2553 5640 τὸν
2574 5579 3069 5664 Σήθ-,Ἐκτησάμην
3089 5579 3371 5664 ἄνθρωπον
3386 5579 3474 5634 διὰ
3495 5579 3589 5633 τοῦ
3610 5579 3770 5660 Θεοῦ,

2190 5664 2270 5714 vel
2332 5653 2462 5713 Seth
2498 5674 2592 5725 pro
2623 5653 2753 5711 Cain
2790 5653 3024 5725 irrepsit,
3073 5653 3151 5725 vel
3184 5653 3426 5708 erratum
3490 5653 3767 5707 memoria:

2200 5741 2304 5789 est.
2330 5745 2392 5785 ex
2425 5724 2619 5783 Cenes.
2647 5740 2720 5785 tv.
2754 5725 2779 5780 l
2814 5724 3203 5784 castigandum.
