4062 6150
457 316 562 372 ιεε

1717 314 1759 368 S
1772 352 1786 365 .
1821 305 2095 361 ASTERII
2144 305 2441 365 AMASENI

3595 308 3702 363 456

454 442 560 495 que
616 429 682 484 ob
733 427 1183 491 inobedicutiam,
1245 440 1367 482 cum
1423 425 1746 496 deliquerit,
1782 425 2019 482 imminit

2129 425 2328 499 ακοὴν,
2364 427 2741 499 ἁμαρτήσαντι
2808 424 3028 493 ἐπάγων
3058 423 3156 490 τὰς
3189 423 3398 488 νόσους,
3421 423 3582 489 αὐτὸς
3614 425 3701 478 διὰ

420 558 425 559 κ
453 521 671 574 morbos
691 559 706 582 ,
753 521 866 590 ipse
899 534 994 589 per
1027 518 1263 590 Moysem
1292 519 1596 574 Israelitico
1624 518 1822 589 populo
1842 518 1976 572 dixit
2013 538 2047 595 :_

453 611 514 666 Si
536 614 725 667 auditu
764 612 996 665 audieris
1030 628 1201 665 vocent
1226 611 1437 665 Domini
1460 612 1554 666 Dei
1578 613 1676 676 tui,
1700 621 1747 666 et
1767 612 2031 665 custodie-

452 703 525 756 ris
574 704 823 756 mandata
878 706 1025 772 ejus,
1076 720 1278 757 onmem
1327 704 1600 769 morbum,
1658 720 1812 774 quem
1873 703 2030 757 intuli

451 788 742 859 Ai‘gyptiis,
771 807 873 844 non
897 792 1141 845 inducam
1178 808 1333 861 super
1365 802 1431 846 te.
1470 791 1581 863 Ego
1610 794 1749 847 enim
1778 808 1896 846 sunt
1921 792 2030 844 Do-

452 881 625 936 minus
653 899 847 937 sanans
883 896 930 936 te
954 885 995 938 ⁸.
1029 882 1275 938 Dicemlo
1329 894 1508 938 autem
1542 899 1557 939 :
1592 882 1650 938 Si
1701 885 1890 937 auditu
1931 900 2029 936 au-

449 970 644 1037 dieris,
696 988 801 1026 non
847 974 1095 1027 inducam
1146 974 1238 1026 tibi
1282 976 1560 1038 morbum;
1615 972 2048 1037 demonstravit,’

455 1058 617 1114 Deum
660 1061 878 1115 morbos
916 1062 1213 1115 immittere
1255 1073 1474 1131 prepter
1523 1061 1941 1115 inobedientiam
1973 1070 2027 1115 ct

452 1151 666 1205 delicta.
702 1151 914 1208 Etenim
952 1152 1189 1223 IEgvptii
1216 1196 1230 1219 ,
1305 1150 1738 1223 quandoquidem
1773 1149 1885 1207 Deo
1919 1168 2023 1207 non

450 1241 912 1311 obtemperat-unt,
959 1254 1012 1299 et
1042 1243 1308 1299 Israelitas
1342 1259 1446 1299 non
1477 1244 1794 1310 emiserunt,
1827 1244 2026 1299 idcirco

449 1343 848 1402 aegrotaverunt
882 1335 1142 1403 correpti.

418 1410 427 1415 ’
520 1424 587 1478 Ει
620 1424 811 1489 David,
842 1425 1063 1494 quando
1091 1425 1293 1479 auditis
1314 1426 1621 1481 mandatis:
1649 1425 1771 1480 Non
1796 1426 2024 1479 moecha-

452 1516 582 1569 bem
609 1555 625 1579 ,
658 1531 758 1569 non
789 1517 991 1569 occides
1021 1515 1068 1584 ⁸,
1095 1517 1443 1586 contempsit,
1469 1516 1591 1571 ideo
1619 1530 1715 1585 per
1729 1514 2028 1583 correptio-

447 1622 571 1662 nem
604 1607 778 1662 iactus
801 1620 885 1661 est
916 1606 1185 1661 inﬁrmus.
1215 1606 1539 1673 Putruerunt
1567 1610 1747 1671 enim,
1778 1608 1952 1686 inquit
1980 1608 2023 1672 ⁸,

446 1711 494 1754 et
531 1708 794 1765 corrupta”.
839 1707 961 1753 sunt
1010 1699 1281 1754 cicatrices
1309 1717 1435 1771 mea:
1478 1717 1510 1754 a
1552 1699 1685 1769 facie
1713 1699 2026 1767 insipientia:

2130 516 2408 580 Μωῦσέως
2438 517 2623 586 ἔλεγεν
2653 516 2731 587 τῷ
2784 517 2996 588 Ἰραήλ’
3075 516 3209 570 Ἐὰν
3244 516 3395 583 ἀπο]
3431 517 3701 584 ἀκούσης

2127 606 2240 675 τῆς
2268 607 2472 677 φωνῆς
2514 608 2732 676 Κυρίου
2774 608 2883 662 τοῦ
2915 607 3061 662 Θεοῦ
3092 624 3235 671 σου,
3282 606 3377 659 καί
3426 605 3705 674 φυλάξῃς

2128 695 2234 760 τὰς
2279 694 2532 762 ἐντολὰς
2574 696 2782 762 αὑτοῦ,
2819 696 3026 752 πᾶσαν⁴
3049 698 3256 758 νόσον,
3286 694 3365 763 ἣν
3401 695 3706 766 ἐπήγαγον

2126 785 2253 851 τοῖς
2274 787 2652 856 Αἰγυπτίοις,
2707 789 2819 841 οὐκ
2863 786 3063 851 ἐπάξω
3120 786 3217 840 ἐπὶ
3262 787 3358 842 σέ.
3402 787 3549 854 Ἐγὼ
3590 786 3705 855 γάρ

2126 879 2243 946 εἰμι
2287 878 2500 947 Κύριος
2548 883 2581 933 ὀ
2626 878 2870 948 ἰώμενός
2903 895 2996 933 σε.
3045 877 3226 932 Εἰπὼν
3255 879 3333 942 δὲ,
3383 880 3516 933 Ἐὰν
3545 878 3704 948 ἀκοῇ

2125 967 2414 1037 ἀκούσῃς,
2440 972 2512 1023 οὐ
2528 969 2615 1039 μὴ
2638 973 2827 1024 νόσον
2839 969 3039 1034 ἐπάξω
3080 987 3206 1024 σοι’
3241 968 3460 1034 ἔδειξεν,
3493 971 3575 1024 ὃτι
3603 970 3704 1030 τὰς

2125 1059 2312 1116 νόσους
2331 1062 2576 1131 ἐπάγειὸ
2598 1063 2728 1127 Θεὸς
2754 1063 2842 1116 διὰ
2873 1062 3157 1135 παρακοὴν
3183 1064 3275 1116 καὶ
3303 1065 3698 1135 ἁμαρτήματα.

2125 1154 2237 1206 Καὶ
2268 1153 2378 1227 γὰρ
2413 1156 2462 1207 oi
2492 1154 2799 1224 Αἰγύπτιοι,
2842 1154 3031 1225 ἐπειδὴ
3070 1153 3164 1207 τοῦ
3200 1153 3334 1207 Θεοῦ
3366 1155 3702 1227 παρήκουον,

2125 1246 2220 1298 καὶ
2262 1244 2351 1299 τὸν
2389 1246 2604 1318 Ἰσραὴλ
2638 1247 2736 1300 οὐκ
2768 1246 3116 1312 ἀπέστελλον,
3149 1246 3238 1300 διὰ
3281 1245 3441 1300 τοῦτο
3482 1247 3701 1300 ἐνόσουν

2125 1336 2519 1407 παιδευόμενοι.
3532 1324 3535 1327 ’

2193 1428 2301 1482 Καὶ
2330 1430 2360 1481 ὁ
2386 1429 2569 1509 Δαϐὶδ,
2598 1429 2782 1501 ἐπειδὴ
2810 1427 3067 1492 ἀκούσας,
3122 1430 3200 1482 Οὐ
3222 1431 3587 1499 μοιχεύσεις,
3623 1434 3700 1485 οὐ

2122 1515 2441 1582 φονεύσεις
2463 1555 2476 1579 ,
2514 1517 2876 1588 παρήκουσεν,
2902 1516 2990 1569 διὰ
3009 1515 3166 1569 τοῦτο
3198 1517 3504 1582 παιδευθεὶς
3537 1519 3699 1588 ἡσθέ-

2124 1619 2305 1673 νησεν,
2334 1602 2727 1672 Προσώζεσαν
2754 1604 2863 1676 γὰρ
2904 1605 3001 1658 καί
3047 1604 3373 1673 ἐσάπησαν
3400 1611 3454 1660 oi
3492 1607 3699 1677 μώλω-

2125 1693 2234 1760 πές
2256 1712 2409 1765 μου,
2446 1696 2608 1767 φησὶν
2628 1737 2643 1761 ,
2676 1696 2794 1751 ἀπὸ
2826 1697 3145 1765 προσώπου
3192 1696 3301 1763 τῆς
3345 1699 3695 1767 ἀφροσύνης

447 1807 594 1846 mete.
652 1790 789 1859 Quia
828 1805 960 1861 ergo
1032 1792 1102 1845 ab
1153 1791 1462 1847 hominibus
1510 1793 1829 1863 castigatum
1860 1793 2019 1847 homo

2120 1801 2254 1853 μου.
2306 1785 2458 1838 Ἐπεὶ
2489 1781 2580 1840 οὖν
2624 1787 2714 1840 τὸν
2749 1787 2898 1855 παρὰ
2931 1786 3236 1859 ἀνθρώπων
3273 1789 3631 1845 παιδευθέντα
3666 1795 3699 1844 ὁ

447 1898 643 1938 sanare
669 1893 878 1954 potest;
914 1898 944 1938 ὁ
979 1883 1089 1939 Deo
1118 1894 1296 1939 autem
1335 1892 1661 1952 correptum,
1696 1899 1801 1939 non
1834 1885 2018 1949 homo,

447 1990 553 2031 non
599 1976 855 2046 angelus,
909 1976 1006 2031 sed
1064 1976 1211 2031 solus
1250 1977 1392 2031 Deus
1450 1986 1605 2030 sanat
1648 1986 1701 2030 et
1736 1986 1929 2031 curat:
1960 1963 2028 2031 Si

446 2068 582 2119 enim
617 2067 901 2131 peccaverit
948 2067 1027 2119 vir
1060 2066 1116 2120 in
1162 2067 1363 2129 virum,
1402 2076 1448 2121 et
1490 2067 1709 2121 orabunt
1744 2082 1839 2136 pro
1866 2084 1926 2122 eo
1952 2068 2020 2121 ad

448 2157 729 2211 Dominum
752 2156 809 2223 ";
847 2157 892 2212 si
924 2156 1090 2227 judex
1115 2152 1303 2212 mortis
1333 2159 1659 2213 sententiam
1694 2157 1893 2224 tulerit,
1927 2173 2021 2212 rex

449 2249 710 2305 rescindit
745 2249 1109 2317 sententiam;
1142 2250 1186 2305 si
1220 2265 1313 2304 rex
1361 2252 1811 2321 pronuntiaverit,
1845 2250 2022 2305 nullus

445 2340 713 2411 abrOgare
760 2350 936 2411 potest
978 2364 991 2398 :
1039 2341 1209 2395 David
1251 2341 1535 2396 Dominum
1575 2343 1663 2412 qui
1698 2342 2020 2396 verberave-

449 2439 557 2496 rat,
588 2432 702 2487 ﬁeri
734 2432 836 2502 ipsi
865 2432 1128 2488 medicum
1163 2433 1434 2487 hortatur.
1456 2430 1600 2487 Sana
1631 2448 1744 2498 me,
1780 2432 2017 2497 Domine,

445 2524 691 2591 quoniam
733 2524 1049 2577 conturbata
1092 2533 1212 2578 sunt
1259 2540 1380 2578 ossa
1416 2540 1550 2579 mea.
1590 2523 1725 2580 Ossa
1790 2522 2023 2593 appellat

448 2629 553 2667 non
581 2614 825 2682 corporis
850 2654 865 2682 ,
902 2616 997 2670 sed
1038 2615 1246 2671 talidas
1286 2615 1669 2686 cogitationum
1693 2614 1870 2680 vires,
1898 2628 2022 2683 quae

450 2713 507 2757 ut
537 2703 735 2760 ﬂuctus
780 2706 1119 2760 conturbata:
1143 2704 1392 2772 fuerant,
1432 2705 1624 2775 spiritu
1645 2704 2021 2760 fornicationis

449 2796 684 2865 agitatae.
723 2796 1190 2862 Quemadmodum
1237 2797 1383 2850 enim
1431 2796 1485 2850 in
1535 2796 1672 2849 mari
1713 2795 1924 2851 initium
1954 2810 2020 2850 ac

448 2888 593 2941 velut
623 2887 902 2941 meditatio
941 2886 1343 2953 naufragiorum
1395 2896 1479 2957 est
1516 2884 1772 2941 ﬂuctuum
1827 2887 2016 2942 turba-

451 2978 558 3038 tio;
597 2978 676 3032 sic
709 2976 763 3031 in
794 2977 978 3031 anima
1020 2975 1344 3045 principium
1395 2976 1684 3043 adulterii,
1714 2976 2019 3032 fornicatio-

449 3072 552 3137 nis,
583 3071 814 3140 peccati,
834 3080 920 3126 est
949 3070 1292 3139 cogitationis
1311 3070 1477 3126 animi
1506 3071 1748 3125 turbatio
1774 3085 2014 3126 coanosa.

451 3161 632 3215 Primo
662 3174 894 3228 namque
939 3161 1121 3214 anima
1169 3162 1418 3229 turpibus
1445 3161 1727 3216 desideriis
1763 3171 2015 3232 tanquam

447 3266 604 3307 coeno
632 3252 893 3315 inﬁcitur,
918 3254 1104 3321 sicque
1136 3253 1364 3307 incurrit
1400 3252 1452 3306 in
1486 3252 1858 3308 fornicationis
1889 3269 2020 3308 nau-

445 3346 698 3414 .ragium.
740 3344 880 3399 Hinc
906 3351 1116 3414 spectat
1143 3342 1433 3399 aiIectuum
1463 3344 1707 3409 delicias,
1742 3345 1888 3400 illinc
1912 3345 2016 3399 mi-

449 3450 546 3490 uas
572 3436 687 3490 Dei.
719 3436 826 3491 Sed
851 3436 996 3491 sicut
1030 3444 1206 3490 nautae
1243 3450 1309 3490 ac
1341 3435 1749 3505 gubernatores,
1778 3451 1898 3491 cum
1936 3437 2015 3489 vi-

447 3528 628 3582 derint
669 3528 739 3582 ab
776 3528 1020 3582 adversis
1071 3527 1246 3582 ventis
1293 3540 1444 3581 mare
1500 3526 1740 3596 incipere
1793 3525 2016 3591 turbari,

446 3616 733 3672 confestim
782 3620 903 3670 sine
952 3615 1213 3670 dilatione
1263 3616 1331 3669 ad
1379 3624 1568 3683 portus
1597 3615 1908 3685 appellunt,
1936 3616 2020 3670 vi-

450 3715 674 3774 tantque
716 3706 1052 3773 perieulum;
1088 3716 1242 3758 extra
1294 3713 1475 3759 autem
1532 3706 1575 3760 si
1624 3706 2018 3776 permanserint

448 3799 821 3869 periclitantur
854 3818 867 3853 :
913 3799 987 3853 ita
1036 3799 1150 3868 ipse
1192 3809 1246 3853 tu
1284 3802 1713 3870 quotiescunque
1740 3801 2020 3870 cogitatio-

448 3891 607 3946 nibus
634 3890 870 3946 turbaris
896 3905 994 3960 per
1027 3892 1318 3961 voluptatis
1351 3902 1544 3948 ventos
1566 3933 1582 3958 ,
1619 3892 1764 3949 illico
1797 3896 1862 3948 ad
1895 3909 2019 3965 por-

451 3992 563 4037 tum
596 3981 856 4038 Ecclesia:
888 3997 1068 4038 curre.
1116 3983 1228 4038 Illic
1266 3984 1451 4038 audies
1485 3984 1551 4038 de
1592 3987 1940 4053 temperantia
1963 3994 2019 4040 et

448 4075 699 4129 castitate
719 4088 787 4128 ex
816 4073 1112 4143 Scripturis
1140 4083 1197 4128 et
1220 4074 1534 4130 doctoribus
1557 4113 1572 4139 ,
1608 4076 1750 4144 quod
1793 4075 2022 4145 fornica-

449 4178 585 4219 tores
620 4177 666 4219 et
710 4166 975 4220 adulteros
1018 4165 1279 4234 judicabit
1309 4165 1535 4232 Deus‘;
1590 4166 1733 4235 quod
1784 4167 2018 4221 honora-

447 4257 549 4310 bile
584 4258 944 4322 connubinm;
1012 4258 1155 4327 quod
1190 4272 1295 4312 non
1337 4259 1519 4329 nuptis
1563 4267 1617 4313 et
1660 4258 1838 4313 viduis
1884 4261 2017 4314 dicit

446 4348 765 4414 Apostolus:
790 4347 997 4402 Bonum
1021 4357 1095 4402 est
1122 4349 1228 4403 illis
1249 4352 1295 4404 si
1323 4350 1396 4404 sic
1418 4352 1796 4414 permanserint
1816 4352 1945 4405 sicut
1966 4361 2016 4405 et

2121 1872 2253 1938 Θεὸς
2272 1873 2316 1906 ¹³
2352 1874 2608 1929 ἰάσασθαι
2631 1875 2875 1929 δύναταιο
2903 1875 2996 1929 τὸν
3022 1876 3079 1928 δὲ
3109 1875 3259 1948 παρὰ
3288 1875 3381 1929 τοῦ
3408 1875 3540 1929 Θεοῦ
3569 1894 3698 1931 παι-

2116 1966 2391 2032 δευθέντα,
2417 1968 2519 2021 οὐκ
2550 1968 2853 2039 ἄνθρωπος,
2886 1968 2985 2021 οὐκ
3014 1968 3264 2038 ἄγγελος,
3302 1968 3439 2024 ἀλλὰ
3472 1970 3635 2041 μόνος
3663 1973 3695 2026 ὁ
3802 2008 3807 2011 -

2121 2058 2251 2122 Θεὸς
2284 2062 2429 2114 tam:
2474 2061 2565 2115 καὶ
2613 2060 2936 2133 disponebat:
2996 2061 3129 2116 Ἐὰν
3161 2063 3271 2132 γὰρ
3290 2062 3517 2133 ἁμάρτῃ
3536 2064 3694 2134 ἀνὴρ

2120 2153 2210 2216 είς
2255 2151 2470 2220 ἄνδρα,
2519 2152 2617 2207 καὶ
2658 2153 3095 2222 προσεύξονται
3148 2155 3280 2231 περὶ
3321 2155 3506 2210 αὐτοῦ
3542 2158 3693 2225 πρὸς

2119 2246 2373 2313 Κύριον-θ
2405 2244 2499 2298 ἐὰν
2532 2244 3015 2316 ἄρχωνάπόφασιν
3055 2244 3129 2316 δῷ
3156 2248 3233 2310 είς
3264 2246 3511 2313 θάνατον,
3562 2249 3693 2303 ἀνα-

2119 2337 2309 2409 τρέπει
2341 2336 2593 2406 βασιλεὺς
2632 2336 2731 2408 τὴν
2761 2337 3068 2406 ἀπόφασινο
3098 2338 3193 2392 ἐὰν
3217 2340 3245 2392 ό
3276 2338 3523 2409 βασιλεὺς
3558 2342 3693 2396 ἀπο-

2120 2429 2379 2499 φήνηται,
2405 2427 2578 2491 οὐδεὶς
2612 2427 2911 2499 ἀνατρέψαι
2942 2428 3195 2482 δύναται·
3224 2432 3253 2483 ὁ
3279 2430 3442 2483 Δαϐὶδ
3467 2430 3557 2485 τὸν
3595 2450 3695 2502 μα-

2119 2521 2371 2586 στίξαντα
2394 2520 2669 2592 Δεσπότην
2699 2522 2882 2591 ἰατρὸν
2907 2522 3157 2591 γενέσθαι
3197 2523 3344 2594 αὐτῷ
3366 2525 3688 2598 παρακαλεῖ.

2122 2612 2318 2666 "latrat
2336 2622 2429 2677 με,
2460 2611 2647 2679 ῐ(ύριε,
2677 2611 2766 2664 ὅτι
2791 2610 3086 2681 ἐταράχθη
3108 2610 3181 2666 τὰ
3203 2610 3501 2683 ὀστᾶμου.
3531 2615 3694 2670 Ὀστᾶ

2116 2700 2174 2754 δὲ
2197 2700 2363 2769 λέγει,
2390 2705 2451 2759 οὐ
2484 2705 2549 2759 τὰ
2580 2698 2674 2754 τοῦ
2702 2699 2976 2772 σώματος,
3007 2700 3144 2756 ἀλλὰ
3167 2702 3266 2766 τὰς
3291 2704 3513 2775 ἰσχυρὰς
3540 2703 3693 2758 δυνά-

2120 2808 2242 2863 μεις
2279 2792 2388 2846 τῶν
2431 2791 2741 2865 λογισμῶν,
2774 2792 2974 2856 αἵτινες
3014 2792 3090 2856 ὡς
3123 2793 3343 2864 κύματα
3385 2794 3690 2866 ἐταράχθη-

2119 2900 2239 2946 σαν,
2269 2882 2539 2954 πνεύματι
2562 2884 2817 2955 πορνείας
2837 2882 3308 2955 κλυδωνιζόμεναι.
3345 2885 3551 2955 Ὥσπερ
3578 2885 3687 2957 γὰρ

2122 2974 2181 3027 ὲν
2215 2971 2459 3046 θαλάσσῃ
2484 2971 2625 3044 ἀρχὴ
2652 2974 2746 3025 καὶ
2769 2974 2965 3045 μελέτη
2989 2972 3098 3026 τῶν
3127 2973 3395 3043 ναυαγίων
3414 2976 3442 3028 ὁ
3462 2974 3570 3027 τῶν
3590 2992 3684 3027 κυ-

2123 3066 2307 3135 μάτων
2326 3066 2559 3136 τάραχος
2579 3081 2593 3096 ·
2617 3064 2789 3129 οὕτως
2810 3067 2868 3120 ἐν
2883 3070 2949 3138 τῇ
2974 3066 3117 3138 ψυχῇ
3140 3067 3279 3139 ἀρχὴ
3303 3068 3563 3139 μοιχείας,
3591 3068 3686 3122 καὶ

2120 3157 2393 3228 πορνείας,
2421 3158 2513 3212 καὶ
2534 3158 2828 3230 ἁμαρτίας,
2855 3161 2883 3212 ὁ
2908 3159 3001 3212 τοῦ
3038 3159 3295 3231 λογισμοῦ
3329 3163 3425 3231 τῆς
3451 3160 3687 3224 διανοίας

2121 3248 2457 3322 βορϐορώδης
2476 3250 2731 3322 τάραχος.
2749 3251 2969 3323 Πρῶτον
2992 3252 3097 3325 γὰρ
3119 3252 3315 3325 ἡψυχὴ
3339 3252 3688 3325 βορϐοροῦται

2116 3345 2236 3405 ταῖς
2261 3344 2511 3412 αἰσχραῖς
2534 3342 2870 3414 ἐπιθυμίαις,
2899 3344 2994 3397 καὶ
3026 3343 3197 3408 οὕτως
3225 3345 3489 3414 ἐμπίπτει
3522 3346 3601 3408 εἰς
3627 3347 3688 3398 τὸ

2117 3433 2217 3502 τῆς
2232 3434 2486 3505 πορνείας
2501 3435 2775 3501 ναυάγιον.
2794 3434 2985 3488 Ἔνθεν
3001 3436 3104 3507 ὁρᾷ
3121 3435 3187 3489 τὰ
3210 3435 3338 3506 ἡδέα
3348 3435 3456 3488 τῶν
3479 3436 3685 3494 παθῶν.

2119 3524 2326 3578 ἐκεῖθεν
2354 3525 2453 3588 τὰς
2483 3526 2708 3590 ἀπειλὰς
2738 3526 2829 3580 τοῦ
2868 3527 3025 3582 Θεοῦ.
3087 3528 3223 3582 Ἀλλ’
3252 3528 3440 3598 ὥσπερ
3473 3532 3522 3583 οἱ
3557 3529 3686 3583 ναῦ-

2118 3633 2207 3670 ται
2239 3617 2334 3670 καὶ
2365 3618 2415 3670 οί
2451 3617 2796 3689 κυϐερνῆται,
2827 3618 2904 3672 ὅτ’
2938 3617 3004 3672 ἂν
3039 3618 3252 3672 εἴδωσιν
3294 3620 3399 3672 ὑπὸ
3432 3620 3687 3673 ἐναντίων

2119 3708 2331 3779 ἀνέμων
2378 3709 2687 3781 ἀρχομένην
2723 3708 3084 3780 ταράττεσθαι
3123 3709 3430 3775 θάλασσαν,
3481 3711 3688 3781 ταχέως

2119 3801 2214 3855 καὶ
2246 3802 2626 3872 ἀνυπερθέτως
2669 3802 2763 3856 ἐπὶ
2804 3803 2929 3865 τοὺς
2959 3802 3186 3874 λιμένας
3223 3805 3567 3874 μεταίρουσιν
3596 3804 3688 3856 καὶ

2117 3893 2209 3946 τὸν
2239 3893 2477 3948 κίνδυνον
2506 3894 2861 3964 ἐκφεύγουσιν
2885 3933 2901 3960 ,
2933 3893 3038 3959 ἔξω
3058 3895 3115 3948 δὲ
3147 3895 3543 3965 ἀπομείναντες
3570 3885 3683 3950 κιν-

2116 3985 2456 4040 δυνεύουσινο
2517 3986 2685 4050 οὕτως
2740 3986 2899 4050 αὐτὸς
2944 3986 3053 4040 τῶν
3102 3987 3375 4057 λογισμῶν
3432 3988 3533 4041 ὑπὸ
3580 3987 3686 4041 τῶν

2117 4078 2334 4149 ἀνέμων
2357 4081 2453 4149 τῆς
2478 4077 2783 4148 φιληδονίας
2801 4078 3220 4149 ταραττόμενος,
3250 4077 3460 4146 ταχέως
3484 4077 3577 4130 ἐπὶ
3596 4076 3687 4131 τὸν

2117 4169 2309 4241 λιμένα
2342 4171 2442 4242 τῆς
2483 4169 2807 4241 Ἐκκλησίας
2832 4170 3027 4241 δράμε.
3068 4169 3309 4233 Ἀκούεις
3333 4170 3462 4241 περὶ
3484 4186 3687 4240 σωφρο-

2119 4260 2282 4333 σύνης
2302 4262 2396 4316 καὶ
2423 4261 2642 4330 ἁγνείας
2666 4261 2773 4314 ἀπὸ
2794 4261 2902 4314 τῶν
2925 4261 3158 4332 Γραφῶν
3183 4260 3278 4314 καὶ
3302 4260 3412 4313 τῶν
3435 4260 3684 4313 διδασκά-

2116 4352 2244 4419 λων,
2269 4354 2353 4407 ὃτι
2379 4354 2648 4421 Πόρνους
2688 4354 2784 4407 καί
2819 4352 3071 4422 μοιχοὺς
3099 4351 3291 4421 κρινεῖ
3316 4356 3349 4407 ό
3381 4354 3520 4418 Θεός
3545 4368 3560 4382 ο
3598 4352 3681 4404 ὅτι

446 4455 537 4508 ego
583 4441 648 4505 ';
710 4440 852 4509 quod
904 4440 1247 4495 Adducentur
1302 4443 1409 4511 regi
1472 4442 1806 4511 virgines”;
1870 4445 2013 4513 quod

2120 4446 2309 4513 τίμιος
2328 4447 2361 4497 ό
2388 4442 2594 4512 γάμοςο
2627 4444 2706 4496 ὅτι
2735 4443 2881 4511 λέγει
2913 4446 3024 4507 τοῖς
3043 4444 3278 4515 ἀγάμοις
3313 4445 3406 4498 καὶ
3434 4447 3551 4506 ταῖς
3581 4442 3681 4513 χή-

445 4539 565 4583 ειιηι
613 4530 835 4583 eunuchi
885 4532 973 4600 qui
1030 4532 1226 4600 seipsos
1277 4543 1633 4587 castraverunt
1669 4545 1881 4603 propter
1926 4551 2011 4588 re-

444 4637 602 4688 gnum
630 4623 878 4675 caelorum
904 4623 971 4675 ¹¹.
1009 4620 1075 4675 Et
1107 4632 1231 4676 ante
1257 4621 1670 4679 fornicationem
1697 4665 1712 4689 ,
1742 4626 2011 4695 cupidita-

445 4721 552 4767 tem
580 4714 687 4768 Deo
715 4716 978 4769 conﬁtere
999 4731 1062 4770 ac
1092 4717 1287 4771 dicito:
1320 4717 1568 4774 Miserere
1601 4722 1727 4784 mei,
1765 4720 2009 4786 Domine,

443 4803 690 4855 unanimi
733 4803 975 4871 inﬁrmus
1006 4818 1162 4857 sum:
1196 4806 1511 4861 inﬁrmitate
1545 4818 1748 4862 naturae
1779 4811 2012 4864 circum-

445 4891 622 4944 datus.
666 4891 814 4945 Sana
842 4907 922 4945 me
941 4931 955 4955 ,
988 4893 1205 4947 Domine
1231 4934 1247 4961 ,
1291 4898 1538 4963 quoniam
1562 4902 1871 4955 conturbata
1891 4912 2009 4955 sunt

444 4996 562 5035 oua
587 4997 699 5035 mea
721 4998 740 5036 :
778 4983 972 5037 anima:
1001 4985 1380 5054 cogitationes,
1414 5002 1534 5055 qum
1559 4989 1623 5043 ad
1656 4990 1929 5045 libidinem
1957 5002 2013 5045 et

444 5080 666 5138 peccata
715 5072 986 5141 captivum
1036 5089 1122 5127 me
1166 5074 1412 5129 ducunt:
1452 5076 1713 5142 Quoniam
1765 5081 2009 5149 cogitatio

443 5156 666 5215 hominis
692 5164 1021 5234 conﬁtebitur
1047 5168 1140 5222 tibi
1161 5170 1224 5222 η.
1243 5168 1507 5224 Caeterum
1527 5171 1667 5239 quod
1687 5185 1792 5226 non
1823 5172 2008 5241 loqua-

446 5263 533 5309 tur
561 5257 628 5309 de
651 5257 863 5311 ossibus
885 5261 1128 5329 corporis
1147 5302 1162 5327 ,
1196 5275 1260 5316 ea
1288 5263 1581 5316 ostendunt
1617 5277 1737 5331 qua:
1765 5278 2006 5332 sequun-

442 5358 551 5402 tur.
614 5346 900 5421 Subjungit
937 5353 1124 5407 enim:
1167 5352 1234 5406 Et
1280 5354 1459 5408 anima
1509 5368 1624 5408 mea
1672 5355 1883 5409 turbata
1932 5365 2006 5408 est

441 5438 608 5493 valde.

2122 4553 2241 4605 ραις
2267 4536 2295 4588 ὁ
2331 4535 2647 4598 Ἀπόστολος
2670 4552 2683 4566 ’
2707 4533 2909 4589 Καλὸν
2932 4534 3138 4600 αὐτοῖς
3158 4535 3327 4589 ἐστιν
3352 4535 3461 4589 ἐὰν
3475 4534 3681 4604 μείνω-

2116 4641 2223 4678 σιν
2262 4625 2344 4691 ὡς
2386 4625 2578 4693 κάγώ’
2613 4627 2695 4679 ὅτι
2740 4625 3271 4696 Ἀπενεχθήσονται
3317 4626 3397 4692 τῷ
3437 4624 3686 4691 ,βασιλεῖ

2118 4715 2395 4785 παρθένοι
2413 4733 2425 4746 θ
2458 4717 2539 4769 ὅτι
2568 4716 2745 4770 Εἰσὶν
2773 4717 3050 4787 εὐνοῦχοι
3079 4719 3295 4785 οἵτινες
3320 4719 3687 4784 εὐνούχισαν

2115 4806 2368 4873 ἑαυτοὺς
2411 4806 2507 4860 διὰ
2560 4806 2675 4874 τὴν
2709 4808 3035 4872 ,ϐασιλείαν
3085 4807 3204 4861 τῶν
3249 4805 3534 4873 οὐρανῶν.
3571 4806 3679 4857 Καὶ

2116 4899 2222 4971 πρὸ
2252 4900 2351 4969 τῆς
2379 4899 2635 4968 πορνείας
2653 4939 2667 4960 ,
2691 4899 2762 4952 τὰ
2789 4898 2889 4969 τῆς
2917 4898 3213 4970 ἐπιθυμίας
3245 4898 3323 4968 τῷ
3344 4896 3461 4966 Θεῷ
3493 4895 3683 4963 ἐξαγο-

2118 4989 2314 5059 ρεύσας
2329 4989 2469 5041 Sitis“
2497 4989 2792 5057 Ἐλέησόν
2808 5007 2905 5060 με,
2928 4991 3121 5059 Κύριε,
3145 4989 3232 5042 ὅτι
3259 4986 3523 5054 ἀσθενής
3544 4989 3680 5056 εἶμι·

2114 5080 2396 5135 ἀσθένειαν
2429 5080 2643 5150 φύσεως
2691 5082 3090 5152 περικείμενος.
3135 5082 3322 5134 "Iaca!
3350 5094 3446 5147 με,
3485 5078 3683 5147 Κύριε.

2114 5171 2201 5224 ὅτι
2235 5170 2528 5240 ἐταράχθη
2558 5170 2630 5224 τὰ
2657 5169 2808 5225 ὀστᾶ
2823 5188 2942 5239 μου
2966 5189 2979 5201 °
3009 5171 3078 5223 τὰ
3105 5173 3199 5241 τῆς
3228 5168 3404 5239 ψυχῆς
3430 5167 3683 5238 ὲνθύμια.

2116 5265 2195 5327 εἰς
2247 5263 2533 5331 ἀσέλγειαν
2580 5262 2675 5316 καὶ
2728 5261 3000 5333 ἁμαρτίας
3058 5277 3124 5331 με
3180 5257 3683 5329 αἰχμαλωτίζοντα’

2118 5358 2246 5410 Ὅτι
2268 5356 2548 5425 ἐνθύμιον
2562 5354 2872 5421 ἀνθρώπου
2896 5350 3405 5422 ἐξοιωλογήσεταί
3420 5366 3539 5403 σοι.
3565 5348 3686 5399 Ὅτι

2118 5448 2174 5500 δὲ
2204 5447 2331 5518 περὶ
2354 5446 2460 5498 τῶν
2486 5444 2686 5498 ὀστέων
2723 5445 2783 5497 οὐ
2824 5444 2971 5512 λέγει
2998 5442 3089 5496 τοῦ
3123 5442 3376 5514 σώματος
3394 5483 3410 5508 ,
3446 5440 3595 5510 δηλοῖ
3617 5438 3683 5490 τὰ

442 5534 591 5604 ἑξῆς·
649 5534 844 5606 ἐπάγει
894 5537 1032 5609 γάρ·
1096 5539 1205 5594 Καὶ
1245 5540 1285 5608 ἡ
1338 5540 1509 5610 ψυχή
1548 5557 1667 5610 μου
1717 5539 2013 5612 ἐταράχθη
2041 5542 2296 5613 σφόδρα.

499 5694 716 5769 δ-Ειιοιι.
755 5715 842 5764 xv,
864 5700 954 5754 26.
994 5703 1014 5734 '
1045 5703 1211 5756 Exod.
1240 5718 1332 5766 η,
1363 5703 1448 5767 id,
1482 5702 1568 5756 i3.
1618 5701 1639 5732 ⁶
1666 5700 1807 5754 Psal.
1855 5719 2061 5769 xxxv",
2092 5704 2146 5757 6.
2219 5704 2239 5734 '
2269 5701 2286 5756 l
2317 5700 2449 5765 Reg.
2490 5718 2544 5763 ιι,
2568 5703 2658 5757 25.

2730 5706 2752 5735 ³
2776 5705 2935 5761 ilebr.
2969 5700 3166 5771 “11,4.
3241 5704 3264 5734 ⁸
3302 5700 3463 5759 lCor.
3496 5718 3591 5773 vn,
3625 5701 3691 5758 8..

446 5763 489 5799 ⁸⁸
511 5764 649 5821 Psal.
678 5763 837 5832 mv,
857 5772 942 5826 15.
1021 5775 1059 5806 ¹¹
1087 5773 1273 5830 Matth.
1314 5763 1538 5837 sumi.
1621 5773 1663 5802 "
1687 5770 2019 5844 Psaluuxv,

2120 5778 2152 5827 l.
2238 5774 2280 5805 ”
2316 5772 2352 5825 ί.
2387 5763 2687 5843 ἅνθρωπος.
