4076 6144
340 325 448 383 437

1550 317 1835 372 ΠΟΜΠΑΙᾹ
1873 317 1992 373 XX.
2037 317 2101 370 ΙΝ
2144 319 2338 373 PSAL.
2375 319 2461 375 \‘l.

3493 323 3592 380 453

418 442 537 494 Ἵνα
557 438 734 492 τοίνυν
751 435 919 508 δείξῃ,
943 435 1021 486 ὅτι
1048 434 1106 486 οὐ
1132 431 1383 503 περὶτῶν
1406 432 1676 503 αἰσθητῶν
1703 430 1923 496 ὀστέων,

2105 435 2173 489 Ut
2201 450 2331 505 ergo
2351 435 2657 489 ostenderet
2680 475 2693 499 ,
2741 451 2844 489 non
2882 438 2946 490 de
2983 437 3198 491 ossibus
3229 437 3597 501 scnsibilibus,

341 530 480 588 ἀλλὰ
514 527 642 600 περὶ
687 526 796 580 τῶν
835 524 1106 595 meum
1158 522 1372 591 ἔλεγεν,
1421 522 1771 593 παραλείπων
1825 521 1923 591 τὴν

340 625 544 696 σάρκα,
577 619 756 691 ψυχῆς
784 616 1207 688 ἐμνημόνευσεν.
1231 615 1341 669 Kal
1376 617 1414 684 ή
1444 614 1614 684 ψυχή
1647 632 1762 684 μου
1791 614 1924 668 ἐτα-

334 714 532 785 ράχθη
556 709 811 781 σφόδρα.
838 706 1023 770 Οὕτως
1050 708 1109 760 ἐν
1142 705 1321 769 ἄλλοις
1366 704 1548 773 ἔλεγεν
1569 721 1583 737 ·
1614 704 1813 758 Πάντα
1858 706 1926 757 τὰ

338 804 493 861 ὀστᾶ
512 821 633 873 μου
657 801 906 870 ἐροῦσιν
927 817 940 829 ·
967 798 1146 867 Κύριε
1164 837 1180 860 ,
1216 799 1414 865 Κύριε,
1429 797 1538 863 ’τίς
1567 796 1767 865 ὅμοιος
1789 810 1884 849 σοι
1905 813 1924 859 ;

339 894 452 946 Καὶ
475 892 535 946 οὐ
560 892 777 953 πάντως
799 888 929 959 περὶ
958 887 1067 941 τῶν
1095 886 1298 942 ὀστέων
1316 886 1408 940 τοῦ
1439 885 1690 957 σώματος
1717 885 1921 954 ἔλεγεν.

338 984 477 1038 Οὐδὲ
514 983 625 1054 γὰρ
662 980 837 1052 στόμα
862 981 958 1034 καὶ
986 979 1137 1051 χείλη
1165 978 1233 1033 τὰ
1260 980 1394 1032 ὀστᾶ
1412 978 1647 1050 ἔχουσιν.
1684 979 1796 1031 Καὶ
1828 978 1927 1031 πά-

338 1077 456 1130 λιν*
489 1076 612 1143 Σὴς
644 1074 895 1139 ἀστέων,
937 1072 1154 1141 καρδία
1180 1072 1519 1141 αὶσθητική.
1551 1072 1663 1125 Καὶ
1697 1072 1756 1124 οὐ
1791 1072 1927 1126 πάν-

335 1185 449 1232 τως
488 1167 593 1222 ὑπὸ
637 1166 817 1237 σηπιῶν
843 1165 912 1218 τὰ
939 1166 1074 1218 ὀστᾶ
1104 1163 1375 1219 ἐσθίονται
1402 1181 1413 1193 ·
1452 1163 1567 1217 ἀλλ’
1594 1165 1676 1217 ὅτι
1710 1163 1815 1217 ὑπὸ
1847 1162 1929 1216 λο-

337 1258 559 1331 γισμῶν
583 1258 859 1326 ὀξυτάτων
899 1258 956 1310 ἐν
993 1256 1238 1327 θλίψεσιν
1271 1256 1647 1310 κατεσθίονται
1679 1256 1736 1310 αἱ
1769 1254 1927 1309 δυνά-

342 1369 469 1425 μεις
495 1352 594 1423 τῆς
631 1350 830 1422 ψυχῆς.
877 1349 1029 1402 Ἐπεὶ
1053 1344 1146 1403 οὖν
1179 1351 1259 1412 εἰς
1285 1347 1538 1418 αἴσθησιν
1567 1341 1642 1401 ὧν
1678 1348 1927 1418 ἥμαρτεν

336 1438 503 1514 ἦλθεν
522 1445 550 1495 ὀ
575 1440 758 1505 Δαόὶδ,
790 1440 885 1493 καὶ
912 1439 1010 1502 τὰς
1043 1439 1106 1491 ἐκ
1131 1438 1231 1509 τῆς
1265 1438 1621 1508 συνειδήσεως
1660 1436 1927 1506 βασάνους

338 1535 652 1605 ὑπέμεινεν,
694 1534 789 1587 κα)⁸
820 1533 896 1597 ὡς
944 1532 1050 1586 ὑπὸ
1084 1532 1297 1602 δημίων
1338 1530 1625 1602 αὑστηρῶν
1657 1530 1763 1584 τῶν
1791 1530 1929 1598 λογι-

340 1626 498 1697 σμῶν
537 1623 861 1696 ἐμαστίζετο
884 1639 897 1651 ·
937 1623 1088 1677 οὐδὲν
1119 1623 1228 1693 γὰρ
1255 1621 1430 1685 οὕτως
1463 1622 1695 1675 ἅπτεται
1727 1620 1925 1691 ψυχῆς,

335 1717 417 1782 ὡς
461 1717 787 1786 συνείδησις,
816 1714 993 1786 λάθρα
1042 1713 1408 1784 βασανίζοντα
1453 1713 1552 1777 τὰς
1590 1714 1648 1765 ἐν
1676 1715 1742 1784 τῇ
1780 1712 1925 1783 ψυχῇ

342 1808 611 1880 βασάνους
629 1828 641 1840 ·
670 1808 882 1878 ἰαθῆναι
913 1805 1455 1877 παρακαλεῖ.”1ασαί
1481 1820 1578 1873 με,
1603 1804 1802 1871 Κύριε,
1835 1804 1924 1858 ἔτι
1961 1786 2001 1839 Β

337 1900 638 1969 ἐταράχθη
664 1898 901 1968 σφόδρα
926 1898 1001 1952 τὰ
1026 1895 1177 1953 ὀστᾶ
1196 1914 1337 1967 μου.
1387 1896 1524 1949 Ἀλλ’
1548 1897 1608 1949 οὐ
1636 1896 1793 1967 μόνον
1822 1896 1927 1959 ἕως

338 1991 618 2062 λογισμῶν
647 1991 742 2045 καὶ
771 1989 1122 2060 ἐνθυμήσεων
1152 1988 1380 2058 ἐσκίρτα
1417 1989 1446 2040 ὀ
1477 1988 1715 2059 τάραχος
1738 2003 1752 2017 ι
1790 1986 1924 2041 ἀλλὰ

340 2086 452 2157 γὰρ
481 2085 577 2138 καὶ
610 2083 782 2155 αὐτὴν
810 2082 910 2153 τὴν
937 2079 1115 2151 ψυχὴν
1148 2077 1391 2150 ταράξας
1424 2082 1489 2150 τῇ
1520 2078 1716 2150 πράξει
1742 2077 1925 2131 ἐϐύθι-

341 2195 454 2235 σεν.
492 2176 605 2229 Kal
653 2176 694 2243 ἡ
732 2173 905 2243 ψυχή
933 2189 1054 2242 μου
1103 2169 1401 2240 ἐταράχθη
1438 2169 1694 2239 σφόδρα.
1735 2198 1799 2210 -ρ
1861 2170 1928 2223 Ἡ

338 2268 513 2339 ψυχή
547 2285 693 2337 μου,
736 2268 770 2337 ἡ
805 2263 1059 2334 ἀποθήκη
1098 2261 1208 2315 τῶν
1258 2261 1571 2333 μυστηρίων
1609 2259 1702 2314 τοῦ
1748 2259 1884 2313 Θεοῦ
1909 2277 1922 2290 ·

242 2373 247 2377 .
342 2364 383 2431 ἡ
424 2360 597 2430 ψυχή
642 2376 783 2429 μου,
813 2358 846 2427 ἡ
878 2355 985 2409 τῶν
1018 2352 1249 2425 ψαλμῶν
1287 2354 1462 2424 mni].
1527 2347 1698 2406 Ὅπου
1735 2353 1925 2423 εἰρήνη

340 2450 746 2520 ἐθαλαμεύετο,
800 2448 917 2499 ἐκεῖ
972 2446 1001 2498 ὀ
1050 2443 1281 2513 πόλεμος
1331 2443 1430 2513 τῆς
1481 2442 1753 2514 ἁμαρτίας
1804 2442 1924 2494 κατ’

346 2541 480 2612 ἐμ.υῦ
519 2542 809 2611 ὀρχήσατο.
853 2537 962 2591 Kal
1013 2521 1132 2600 oi),
1164 2536 1363 2603 Κύριε,
1422 2533 1533 2597 ἕως
1578 2536 1764 2598 πότε;
1813 2533 1928 2586 Οὐκ

348 2635 620 2706 ἐϐράδυνα
650 2634 785 2705 πρὸς
830 2634 1153 2702 μετάνοιαν·
1202 2629 1276 2701 μὴ
1334 2627 1602 2700 βραδύνῃς
1656 2625 1794 2698 πρὸς
1830 2626 1927 2697 τὴν

346 2728 491 2800 ἐμὴν
525 2727 795 2800 πρόνοιαν.
833 2721 1006 2788 Εἷπας
1027 2741 1039 2752 ·
1087 2723 1231 2777 Ἐὰν
1275 2720 1685 2789 ἀποστραφεὶς
1714 2718 1928 2773 στενά-

346 2819 483 2889 ξῃς,
534 2820 664 2873 τότε
693 2815 969 2885 σωθήσῃ.
1026 2815 1179 2869 Ἐπεὶ
1240 2807 1332 2867 οὖν
1397 2812 1694 2865 ἐκοπίασα
1735 2811 1804 2863 ἑν
1849 2810 1928 2875 τῷ

230 2944 235 2955 -
342 2908 660 2980 στεναγμῷ
700 2926 818 2979 μου
840 2927 853 2940 ·
887 2939 959 2948 —-
993 2909 1137 2973 Ἕως
1170 2910 1351 2971 adre;
1381 2907 1490 2960 Καὶ
1530 2905 1590 2957 οὐ
1622 2903 1780 2973 μόνον
1810 2917 1930 2954 στε-

343 3002 513 3066 νάζω,
557 3001 693 3055 ἀλλὰ
723 3002 817 3055 καὶ
845 3000 1015 3053 κλαίω
1045 3000 1139 3053 καὶ
1164 2999 1406 3069 δακρύω,
1443 2997 1535 3050 καὶ
1568 2994 1799 3067 δάκρυσι
1829 2991 1929 3061 τὴν

345 3094 533 3164 κλίνην
556 3091 878 3160 σπιλολογῶ.
913 3093 1125 3145 Λούσω
1148 3090 1277 3144 καθ’
1302 3088 1569 3155 ἑκάστην
1598 3088 1789 3140 νύκτα
1814 3083 1930 3152 τὴν
1956 3118 1999 3174 C

346 3184 570 3251 κλίνην
583 3199 726 3252 μου,
751 3181 823 3234 ἐν
850 3180 1147 3248 δάκρυσίν
1161 3196 1281 3248 μου
1320 3177 1434 3246 τὴν
1461 3174 1781 3244 στρωμνήν
1807 3190 1927 3243 μου

344 3276 564 3345 βρέξω.
600 3304 671 3314 -
695 3275 851 3338 Ἕως
877 3274 1025 3326 πότε
1052 3287 1071 3337 ;
1102 3270 1176 3324 Τὸ
1196 3270 1276 3331 δὲ,
1308 3271 1455 3334 Ἕως
1483 3268 1660 3330 adre;
1688 3267 1786 3319 οὐκ
1813 3264 1929 3317 ἕλε·-

346 3384 445 3438 γεν
487 3364 902 3428 άποδυσπετῶν,
942 3363 1079 3418 ἀλλὰ
1119 3362 1179 3416 τὸ
1212 3361 1385 3432 πέρας
1427 3359 1535 3412 τῶν
1588 3355 1928 3428 πειρασμῶν,

348 3459 445 3512 καὶ
471 3458 536 3511 τὸ
563 3458 715 3521 τέλος
745 3457 854 3511 τῶν
880 3454 1120 3526 θλίψεων
1168 3453 1361 3524 μαθεῖν
1392 3450 1768 3522 ἐκδεχόμενος.
1798 3448 1932 3502 Οὐδὲ

355 3546 460 3619 γὰρ
504 3548 636 3618 περ)⁵
679 3547 773 3601 τοῦ
826 3544 1103 3616 ἀφεθῆναι
1144 3542 1293 3612 αὑτῷ
1341 3540 1440 3613 τὴν
1493 3541 1788 3613 ἁμαρτίαν,
1848 3539 1928 3603 τὸ,

354 3641 506 3704 Ἕως
543 3641 725 3703 πότε;
792 3638 1001 3706 ἔλεγεν.
1044 3637 1102 3688 Ὀ
1146 3634 1256 3705 γὰρ
1281 3633 1543 3696 ἀκούσας,
1574 3633 1685 3686 Καὶ
1715 3633 1934 3701 Κύριος

350 3731 591 3804 ἀφῆκεν
614 3730 728 3803 (46)
753 3729 869 3797 τὴν
887 3727 1181 3798 ἁμαρτίαν
1202 3740 1340 3789 σου,
1365 3725 1466 3783 οὐκ
1495 3723 1560 3778 ἂν
1590 3723 1832 3777 ἀπιστῶν
1857 3719 1935 3776 εἷ-

356 3843 456 3878 πεν
480 3840 495 3855 ο
529 3824 680 3888 Ἕως
726 3823 908 3883 ardre;
956 3821 1065 3872 Καὶ
1104 3821 1133 3872 ὀ
1179 3815 1438 3888 εἰρηκὼς,
1466 3811 1652 3869 Εἵπα·
1694 3813 1935 3883 Ἐξαγο-

359 3918 551 3989 ρεύσω
578 3914 702 3968 κατ’
729 3911 876 3983 ἐμοῦ
910 3910 1021 3979 τὴν
1052 3898 1308 3979 ἀνομίαν
1324 3926 1444 3979 μου
1473 3906 1554 3972 τῷ
1587 3907 1798 3974 Κιφίῳ,
1835 3905 1933 3960 καὶ

355 4007 439 4061 σὺ
460 4004 703 4074 ἀφῆκας
732 4001 846 4070 τὴν
867 4000 1148 4054 ἀσέϐειαν
1168 3997 1279 4066 τῆς
1301 3997 1548 4065 καρδίας
1577 4012 1718 4065 μου,
1743 3995 1843 4048 οὐκ
1871 3993 1936 4046 ἂν

357 4098 439 4160 τὸ,
485 4099 635 4162 Ἕως
674 4095 854 4160 πότε;
911 4094 1040 4164 περὶ
1092 4091 1338 4160 ἀφέσεως
1386 4086 1675 4158 ἁμαρτιῶν
1731 4085 1933 4155 ἔλεγεν.

370 4190 512 4244 Ἀλλ’
541 4188 733 4259 ἐπειδὴ
762 4187 859 4258 τὴν
897 4187 995 4256 μὲν
1028 4183 1136 4237 τῶν
1168 4180 1451 4253 ἁμαρτιῶν
1489 4180 1684 4249 ἄφεσιν
1722 4178 1935 4245 ἐλαϐεν,

359 4285 452 4337 ἐπὶ
509 4282 738 4346 πολλοὺς
794 4281 850 4333 δὲ
891 4279 1117 4350 χρόνους
1169 4276 1413 4345 θλίψεσιν
1466 4274 1559 4327 καὶ
1615 4275 1941 4345 πειρασμοῖς

361 4370 641 4424 ὲπάλαιεν·
663 4368 757 4421 καὶ
780 4364 1191 4438 χειρουργηθεὶς
1213 4364 1313 4434 τὴν
1342 4361 1609 4433 σηπεδόνα
1633 4362 1730 4432 τῆς
1756 4363 1937 4433 ἁμαρ-

2028 523 2120 579 sed
2148 526 2213 577 de
2243 523 2663 593 cogitationibus
2711 526 3036 581 disseruisse
3073 542 3165 591 se,
3203 527 3387 581 relicta
3412 542 3594 591 carne,

2029 614 2224 668 animus
2251 614 2576 668 mentionem
2614 614 2759 669 fecit.
2814 616 2878 668 Ει
2924 619 3103 672 animo
3148 634 3265 672 mea
3293 620 3598 672 turbatam

2027 707 2196 761 valde.
2230 706 2352 760 Pari
2410 707 2567 761 modo
2602 707 2726 761 alibi
2757 709 2928 762 dixit:
2977 710 3169 765 Omnia
3213 727 3331 765 ossa
3364 728 3477 765 mea
3515 711 3600 765 di-

2028 807 2181 853 cent:
2205 797 2449 866 Domine,
2476 797 2721 865 Domine,
2750 800 2866 869 quis
2898 802 3085 854 similis
3109 803 3203 856 tibi
3226 803 3303 856 ¹⁸ἳ
3343 803 3453 858 Nec
3487 820 3600 856 om-

2029 893 2156 949 nino
2215 908 2339 948 ossa
2388 894 2633 964 corporis
2677 896 3001 965 designavit.
3047 897 3180 953 Ossa
3219 901 3363 954 enim
3415 912 3603 954 carent

2026 999 2123 1040 ore
2157 996 2211 1041 et
2234 986 2413 1041 labiis.
2444 987 2511 1042 Et
2554 972 2750 1043 iterum
2777 1006 2791 1042 :
2833 988 2996 1042 Tinea
3020 992 3247 1056 ossium,
3280 1008 3369 1045 cor
3396 993 3599 1045 sensiti-

2027 1078 2230 1133 vum”.
2278 1077 2462 1148 Neque
2500 1094 2724 1148 prorsus
2775 1095 2803 1132 a
2854 1080 3017 1135 tineis
3047 1097 3168 1136 ossa
3213 1084 3477 1150 eduntur;
3508 1085 3601 1136 sed

2027 1168 2154 1237 quia
2212 1182 2308 1237 per
2360 1170 2654 1225 acerrimas
2711 1170 3070 1240 cogitationes
3116 1173 3166 1225 in
3221 1173 3604 1227 all'llctionibus

2027 1262 2388 1316 absumuntur
2439 1261 2633 1316 animae
2683 1262 2846 1316 vires.
2898 1262 3032 1315 Cum
3071 1263 3232 1330 igitur
3279 1265 3330 1316 in
3384 1277 3601 1317 sensum

2029 1351 2346 1406 delictorum
2408 1366 2628 1407 auorum
2676 1356 2914 1410 venisset
2956 1354 3144 1417 David,
3179 1365 3232 1407 et
3261 1356 3605 1409 conscientia-

2032 1450 2296 1496 tormcnta
2364 1444 2665 1508 sensisset,
2724 1452 2885 1512 athte
2935 1458 2964 1496 a
3016 1445 3432 1513 cogitationibus
3464 1445 3606 1498 velut

2030 1534 2179 1589 duris
2201 1534 2548 1589 carnificibus
2586 1535 2894 1604 vapulasset
2936 1553 2949 1590 :
2992 1536 3121 1590 nihil
3159 1537 3355 1604 quippe
3382 1537 3458 1590 sic
3484 1545 3605 1589 tau-

2029 1627 2103 1695 git
2134 1628 2371 1679 animum
2391 1667 2407 1692 ,
2435 1636 2494 1680 ut
2520 1627 2881 1689 conscientia,
2918 1641 3037 1695 qua:
3064 1627 3202 1680 clam
3239 1627 3354 1680 rimi
3379 1637 3464 1680 tur
3486 1628 3604 1678 ani-

2034 1732 2133 1771 ma:
2160 1728 2424 1772 tormenta
2463 1735 2478 1777 :
2521 1719 2701 1774 sanari
2736 1720 2989 1787 postulat.
3037 1720 3180 1775 Sana
3217 1738 3331 1784 me,
3361 1720 3602 1779 Domine.

2027 1809 2277 1878 quoniam
2323 1809 2474 1864 valde
2524 1812 2837 1865 conturbata
2868 1821 2987 1865 sum
3025 1822 3163 1865 ossa’
3190 1829 3324 1865 mea.
3363 1814 3469 1866 Sed
3500 1828 3602 1864 non

2030 1907 2237 1953 tantum
2291 1904 2465 1966 usque
2520 1904 2587 1955 ad
2641 1903 2866 1956 consilia
2920 1913 2971 1956 et
3032 1904 3384 1973 cogitationes
3422 1902 3608 1955 iusibit

2027 1991 2407 2057 conturbatio;
2440 2004 2627 2044 verum
2660 1993 2831 2059 ipsam
2867 2006 3082 2061 quoque
3122 1993 3359 2045 animam
3393 1991 3609 2046 actione

2027 2097 2348 2138 concussam
2374 2083 2654 2137 demersit.
2683 2081 2748 2135 Et
2772 2083 2948 2137 anima
2967 2100 3080 2137 mea
3104 2084 3314 2137 turbata
3339 2095 3408 2137 est
3434 2082 3605 2136 valde.

2026 2206 2096 2215 —
2128 2176 2314 2228 Anima
2368 2192 2525 2241 mea,
2581 2176 2960 2245 repositorium
3020 2176 3400 2246 mysteriorum
3456 2160 3605 2230 ‘Dei:

2028 2270 2203 2323 animo
2242 2285 2353 2323 mea
2382 2309 2395 2331 ,
2423 2268 2757 2323 Psalmorum
2791 2268 2930 2324 fons.
2967 2268 3065 2323 Ubi
3098 2285 3198 2340 pax
3230 2270 3377 2322 velut
3401 2269 3451 2321 in
3487 2270 3608 2321 tha-

2029 2360 2170 2414 lamo
2217 2361 2617 2424 continebatur,
2681 2361 2751 2414 ibi
2813 2362 3007 2414 bellum
3046 2363 3250 2430 peccati
3286 2372 3475 2415 contra
3524 2379 3608 2414 n-e

2031 2452 2328 2505 llISIlllaViL
2358 2451 2421 2504 Et
2447 2462 2526 2515 tu,
2558 2451 2796 2516 Domine,
2841 2470 3103 2522 ttsqucqno
3127 2454 3151 2503 ?
3176 2453 3289 2505 Non
3316 2454 3517 2508 tardari
3542 2457 3605 2506 al

2031 2543 2434 2612 pmnitentiam;
2511 2558 2576 2595 ne
2637 2544 2819 2597 tardes
2887 2547 2952 2597 ad
3022 2546 3122 2599 mei
3188 2545 3604 2615 providentiam.

2033 2635 2255 2689 Dixisti:
2297 2622 2354 2689 Si
2375 2651 2651 2690 conversus
2696 2638 3008 2707 ingemueris
3030 2678 3047 2699 ,
3072 2649 3195 2690 tunc
3221 2640 3396 2690 salvus
3417 2639 3519 2690 eris
3542 2639 3603 2688 “'.

2034 2714 2237 2792 Itaque,
2283 2723 2408 2790 quia
2440 2722 2675 2779 laboravi
2708 2726 2761 2779 in
2791 2727 2982 2794 gemitu
3023 2742 3134 2780 meo
3166 2715 3271 2779 f—
3293 2725 3610 2796 Usquequo?

2031 2810 2141 2867 Nec
2170 2813 2341 2867 solum
2374 2828 2549 2883 gemo,
2599 2830 2783 2868 verum
2818 2816 2978 2869 etiam
3012 2814 3113 2870 ﬂeo
3147 2826 3199 2870 et
3231 2816 3519 2888 lacrymor,
3545 2835 3610 2869 ac

2033 2920 2128 2974 per
2165 2905 2431 2976 lacrymas
2470 2908 2665 2961 lectum
2712 2907 2935 2960 maculis
2989 2907 3202 2977 oppleo.
3258 2907 3467 2961 Lavabo
3519 2926 3610 2977 rer

2031 2998 2267 3066 singulas
2296 3011 2467 3052 noctes
2500 2999 2686 3052 lectum
2720 3016 2923 3063 meum,
2953 3001 3006 3053 in
3034 3001 3279 3070 lacrgmis
3316 3002 3445 3054 meis
3472 3014 3611 3055 stra-

2031 3096 2142 3140 tum
2161 3104 2330 3141 meum
2349 3091 2546 3159 rigobo.
2579 3080 2650 3129 4—
2676 3089 2988 3161 Usquequo?
3011 3091 3139 3145 lllttd
3164 3088 3438 3160 Usquequo
3455 3093 3481 3145 .’
3506 3110 3607 3144 non

2033 3179 2272 3247 protulit,
2303 3183 2443 3247 quod
2472 3182 2816 3251 impatienter
2850 3183 3045 3247 ferret,
3059 3182 3150 3235 sed
3178 3183 3300 3249 quia
3320 3192 3605 3251 exspecta-

2034 3269 2125 3321 bat
2160 3277 2217 3322 ut
2259 3270 2545 3323 terminum
2608 3272 2966 3324 tcntationum
3029 3271 3282 3336 disceret,
3342 3272 3612 3340 finemque

2035 3359 2406 3413 vexationum.
2456 3358 2570 3412 Non
2611 3360 2753 3413 enim
2790 3371 2847 3413 ut
2883 3361 2980 3430 ipsi
3013 3361 3376 3416 dimitteretur
3421 3378 3614 3431 pecca-

2036 3456 2177 3511 tum,
2223 3449 2393 3516 dixit,
2441 3447 2762 3522 Usquequo?
2791 3452 2923 3505 Nam
2946 3454 3036 3522 qui
3076 3455 3358 3508 audierat:
3400 3454 3469 3508 Et
3505 3457 3614 3510 Do-

2034 3542 2206 3594 minus
2259 3545 2459 3596 remisit
2511 3556 2780 3612 peccatum
2839 3546 3087 3613 tuum",
3150 3562 3254 3600 non
3292 3546 3617 3604 'dillidenter

2036 3635 2284 3698 dixisset,
2318 3634 2639 3709 Usquequo?
2668 3638 2880 3706 Quique
2924 3643 3400 3707 pronuitiaverat:
3438 3641 3565 3696 Dixi
3598 3659 3616 3695 :

2036 3727 2335 3796 Conﬁtebor
2367 3732 2639 3784 adversum
2684 3747 2761 3783 me
2803 3730 3126 3800 injustitiam
3160 3749 3329 3785 meam
3367 3731 3616 3791 Domino.

2035 3833 2079 3875 et
2114 3831 2170 3875 tu
2202 3821 2449 3874 remisisti
2480 3822 2792 3888 impietatem
2817 3822 2990 3874 cordis
3017 3822 3119 3876 mei
3145 3823 3187 3853 ³⁸
3207 3861 3222 3885 ,
3257 3838 3618 3893 nequaquam,

2041 3911 2356 3981 Usquequo.’
2408 3911 2471 3964 de
2520 3911 2841 3965 remissione
2898 3922 3241 3981 peccatorum
3287 3915 3618 3982 protulisset.

2039 4003 2143 4057 Sed
2181 4004 2306 4073 quia
2352 4009 2633 4068 acceperat
2680 4000 2894 4068 quidem
2949 4001 3318 4055 remissionem
3371 4014 3616 4069 peccato-

2038 4110 2188 4158 rum;
2221 4093 2387 4146 multo
2423 4101 2602 4145 autem
2648 4101 2888 4159 tempore
2919 4106 3041 4144 cum
3085 4090 3517 4147 tribulationibus
3560 4104 3614 4147 ct

2042 4185 2428 4239 tentationilms
2472 4181 2807 4246 luctabatur;
2862 4191 2914 4234 et
2967 4183 3019 4233 in
3054 4179 3235 4233 ulcere
3260 4184 3465 4250 peccati
3491 4181 3614 4235 chi~

2044 4275 2188 4345 rurgi
2221 4290 2437 4328 manum
2471 4280 2753 4336 senserat,
2776 4271 3121 4338 cauteriaque
3147 4269 3502 4323 tentationum
3524 4308 3540 4333 ,
3563 4279 3616 4322 et

2044 4366 2188 4419 acria
2251 4367 2542 4434 pburmaca
2592 4361 2939 4416 vexationum
3001 4364 3282 4427 receperat
3337 4358 3465 4425 diu;
3526 4376 3622 4428 pro

359 4462 505 4526 τίας,
550 4461 831 4531 καυτῆρας
878 4456 1236 4530 πειρασμῶν,
1292 4455 1386 4507 καὶ
1427 4452 1696 4525 φάρμακα
1741 4452 1935 4525 δριμέα

2049 4455 2469 4526 asperrimormn
2542 4452 2899 4506 remediormn
2968 4449 3238 4504 ablatione
3300 4450 3625 4516 deprecatur

363 4553 596 4622 θλίψεων
628 4553 721 4604 ἐπὶ
750 4551 883 4603 πολὺ
910 4549 1132 4602 ἓλαόεν·
1170 4546 1298 4618 περὶ
1330 4546 1430 4614 τῆς
1463 4546 1569 4600 τῶν
1596 4545 1943 4618 δριμυτάτων

363 4644 672 4717 φαρμάκων
725 4642 1066 4712 ἀφαιρέσεως
1109 4638 1415 4710 παρακαλεῖ
1459 4637 1550 4691 τὸν
1594 4638 1797 4707 ἰατρόν.
1838 4636 1944 4691 Καὶ

365 4739 469 4800 σὺ,
505 4738 720 4805 Κύριε,
754 4734 867 4801 ἕως
901 4734 1084 4793 adre;
1126 4730 1185 4783 '0
1228 4730 1475 4802 μαθητής
1522 4746 1617 4783 σου
1652 4728 1836 4785 Νάθαν
1860 4744 1948 4780 τα-

366 4830 504 4899 χέως
548 4826 996 4899 ἐχειρούργησεν,
1026 4822 1195 4877 εἰπών
1217 4840 1228 4853 ·
1288 4822 1397 4876 Kal
1438 4822 1654 4891 Κύριος
1688 4821 1936 4889 ἀφεῖλεν

311 4908 325 4919 ’
367 4921 433 4973 τὸ
455 4919 771 4989 ἁμάρτημά
799 4932 936 4971 σου.
972 4917 1124 4969 Ἐπεὶ
1153 4910 1245 4969 οὖν
1272 4916 1478 4976 ἐκεῖνος
1505 4914 1605 4967 οὐκ
1632 4910 1946 4980 ἐϐράδυνεν,

368 5012 463 5061 ναὶ
494 5012 656 5075 αὐτὸς
693 5011 831 5084 πρὸς
864 5008 934 5064 τὰ
958 5007 1256 5080 δριμύτερα
1290 5006 1399 5061 τῶν
1440 5005 1671 5075 θλίψεων
1715 5005 1789 5075 μὴ
1821 5004 1949 5076 χρό-

367 5105 502 5168 νιζε.
531 5104 641 5159 Καὶ
659 5104 764 5166 σὺ,
786 5103 982 5170 Κύριε,
1006 5100 1117 5166 ἓως
1142 5101 1286 5154 πότε
1301 5116 1320 5163 ;
1345 5100 1490 5161 Ἕως
1516 5098 1645 5151 πότε
1668 5099 1696 5150 ὀ
1731 5096 1950 5149 Ἀσεσα-

337 5238 343 5242 .
369 5197 490 5269 ὶὼμ
515 5198 784 5267 πολεμεῖ;
815 5196 963 5258 Ἕως
987 5195 1115 5247 πότε
1144 5193 1172 5245 ὁ
1195 5191 1255 5258 ἐξ
1284 5190 1417 5264 ἐμοῦ
1451 5192 1571 5244 κατ’
1600 5188 1764 5262 sum");
1802 5189 1949 5254 Ἕως

445 5361 489 5393 ⁸⁵
514 5361 660 5417 Psal.
687 5375 870 5426 xxxiv,
896 5358 982 5413 lO.

445 5516 561 5591 (£6)
601 5515 885 5591 ‘Agoﬁxsr.
905 5516 969 5591 Et
1000 5514 1158 5591 paulo
1184 5509 1587 5591 pom-auelli“.-
1604 5504 1778 5591 varia:
1801 5506 1943 5591 enim

374 5580 502 5645 sunt
541 5580 701 5659 huius
728 5580 888 5640 ’νειὺὶ
933 5580 1190 5659 lectiOnes
1232 5582 1434 5659 ξιξ-ξειιο
1473 5580 1768 5659 scriptune
1800 5580 1953 5659 testi-

377 5660 559 5714 monio
590 5646 632 5712 ll
671 5657 805 5725 Reg.
834 5671 932 5717 xtl,
971 5654 1057 5725 15,
1110 5649 1464 5725 παρεσίδασε,
1507 5647 1709 5725 ἀφῆκε,
1740 5646 1949 5725 ἀφεῖλε,

377 5729 653 5801 ἀφείλετο,
684 5714 888 5780 necnon
918 5714 1226 5794 παρήγαγε,
1260 5724 1311 5773 in
1364 5714 1567 5771 Catena
1613 5714 1684 5769 nd
1729 5714 1862 5785 paul.
1898 5730 1949 5778 1.,

630 5820 903 5879 ΡΑτιιοι..
945 5818 1061 5875 (in.
1104 5816 1156 5874 Χ
1173 5815 1237 5873 L.

1071 5357 1112 5388 ¹⁵
1140 5356 1299 5412 Prov.
1340 5369 1451 5417 xtv,
1484 5353 1573 5426 30.
1650 5352 1693 5384 ¹⁶
1724 5350 1828 5406 lsa.
1856 5367 1984 5415 xxx,
2009 5351 2095 5405 lii.

2053 4550 2338 4605 medicum.
2397 4546 2463 4599 Et
2514 4556 2591 4605 tu.
2645 4544 2892 4608 Domine,
2953 4544 3261 4613 aequeque?
3324 4543 3626 4612 Discipulos

2054 4651 2176 4694 tuus
2219 4639 2430 4693 Natltan
2474 4635 2728 4691 celeriter
2773 4634 3110 4704 chirurgicus
3141 4650 3330 4688 manus
3359 4636 3624 4696 adhibuit,

2051 4731 2269 4784 dicens:
2309 4728 2376 4781 Et
2408 4727 2664 4782 Dominus
2700 4726 2916 4781 abstulit
2945 4737 3214 4796 peccatum
3246 4738 3411 4779 tuum.
3444 4724 3625 4791 Quan-

2052 4823 2119 4875 do
2148 4823 2309 4891 igitur
2344 4821 2431 4874 ille
2459 4836 2561 4873 non
2597 4819 2826 4883 distulit,
2865 4830 2918 4873 tu
2953 4820 3157 4889 pariter
3186 4821 3253 4871 ad
3289 4819 3624 4872 mordaciora

2054 4913 2462 4966 tribulationum
2517 4925 2583 4966 ne
2631 4911 2878 4965 moreris.
2915 4910 2980 4964 Et
3037 4918 3116 4974 tu,
3154 4907 3394 4972 Domine,
3441 4925 3624 4979 usque-

2053 5003 2194 5071 quo?
2244 5001 2534 5071 Usquequo
2581 5000 2853 5070 Absalmn
2886 5001 3086 5057 bellum
3119 5001 3297 5068 gerit't
3340 4999 3628 5068 Usqncqno

2057 5095 2148 5162 qui
2205 5109 2269 5148 ex
2316 5109 2401 5148 me
2423 5134 2436 5159 ,
2471 5105 2660 5149 contra
2708 5094 2833 5149 me?
2869 5091 3160 5162 Usquequo
3186 5093 3253 5146 ab
3281 5092 3634 5161 Acbitopbele

2059 5205 2163 5243 non
2218 5186 2535 5244 ulcisceris?
2575 5185 2864 5257 Usquequo
2911 5187 3186 5242 exercitus
3227 5185 3353 5240 mihi
3407 5184 3628 5251 subjecti

2176 5351 2216 5380 ¹⁷
2246 5346 2285 5400 ll
2326 5346 2454 5416 [ἴε-ᾳ.
2490 5362 2585 5412 xtl,
2630 5345 2716 5401 15.
2795 5344 2838 5375 ³⁸
2879 5342 3016 5397 Psal.
3047 5358 3193 5406 xxxi,
3226 5343 3277 5395 5.

2053 5519 2116 5558 cx
2155 5497 3008 5573 Didymo.ATcrtulliauoantcm
3041 5496 3235 5573 Icelum
3280 5495 3634 5573 (μίξει-,περιέ

2059 5559 2430 5644 ήγαγίριιιιθι
2477 5587 2543 5624 ex
2590 5584 2655 5623 eo
2699 5571 2838 5644 quod
2874 5578 3044 5621 vertat
3070 5604 3085 5627 ,
3142 5559 3533 5619 circumduxit,
3577 5570 3630 5612 ιν

2064 5638 2317 5698 Atrei-su}
2358 5642 2671 5694 Marrionem
2683 5680 2694 5700 ,
2729 5638 2814 5693 10.

3249 5788 3325 5847 15
