4062 6150
198 348 295 403 Mil

1361 343 1644 398 liOMlLlA
1684 343 1823 398 XXI.
1860 343 1922 397 IN
1956 343 2152 401 PSAL.
2189 345 2298 400 νιι.

3354 344 3463 399 489

199 459 339 525 οἶνος
381 460 443 512 ού
475 459 612 528 ταχὺ
648 459 972 521 ἀλλοιοῦται,
1007 459 1129 513 οὔτε
1177 462 1461 532 τρέπεται,
1501 464 1529 515 6
1569 462 1627 516 δὲ
1671 461 1788 525 νέος

1899 471 1982 518 lus
2023 465 2207 520 vinum
2238 481 2343 519 non
2392 463 2548 521 facile
2574 468 2860 532 alteratur,
2892 476 3068 532 neque
3101 462 3353 527 vertitur,
3382 462 3464 515 vi-

199 550 340 616 οίνος
377 549 681 622 ἀμφίϐολος
721 550 937 618 γείτων·
970 550 1143 615 οὕτως
1191 553 1221 605 6
1257 553 1485 618 παλαιὸς
1528 553 1682 623 φίλος
1712 552 1787 618 ὡς

199 642 340 710 οῐνος
373 644 719 717 προπάλαιος
759 643 1042 715 εὐφραίνει
1084 644 1178 699 τὸν
1205 644 1420 717 ἔχοντα.
1446 648 1556 701 Καὶ
1594 646 1786 701 τούτου

202 737 417 809 μάρτυς
472 738 507 808 ἡ
550 736 672 790 θεία
717 736 932 807 Γραφή·
981 734 1155 804 Oli-oc
1204 736 1362 803 νέος,
1405 739 1585 807 φίλος
1627 739 1785 804 νέος·

197 829 306 885 ἐὰν
331 828 402 882 δὲ
429 826 763 896 παλαιωθῇ,
781 830 910 899 μετ’
934 831 1320 899 εὐφροσύνης
1347 830 1535 886 αὑτὸν
1560 831 1787 885 πίεσαι.

199 921 415 992 ’Ὠσπερ
465 920 524 974 δὲ
564 922 594 974 6
625 920 909 991 πυρέττων
943 923 1036 976 καὶ
1071 923 1377 996 φρενητιῶν
1413 924 1506 977 τὸν
1556 921 1788 977 παλαιὸν

199 1005 340 1067 οἶνον
373 1012 452 1077 ὡς
485 1012 744 1083 πολέμιον
769 1013 1194 1086 ἀποστρέφεται,
1230 1017 1258 1069 6
1294 1015 1350 1070 δὲ
1385 1015 1642 1085 ὑγιαίνων
1694 1015 1788 1068 καὶ

200 1104 518 1178 ἐρρωμένος
543 1105 643 1176 τὴν
664 1105 895 1178 καρδίαν
954 1106 1323 1180 εὐφραίνεται·
1366 1106 1460 1161 καὶ
1491 1102 1655 1173 οἶνος
1678 1105 1788 1178 γὰρ

200 1195 510 1264 εὐφραίνει
553 1195 809 1265 καρδίαν
849 1195 1184 1266 ἀνθρώπου’
1219 1197 1394 1262 οὕτως
1430 1201 1458 1253 6
1487 1197 1659 1253 νοσῶν
1690 1198 1788 1270 τὴν

200 1286 395 1359 φρένα,
432 1288 527 1342 καὶ
575 1290 642 1359 τῇ
683 1288 853 1362 κακίᾳ
897 1290 1200 1363 πυρέττων,
1246 1291 1339 1347 τὸν
1370 1293 1596 1365 ἀρχαῖον
1637 1292 1787 1364 φίλον

202 1380 396 1450 φεύγει
420 1381 497 1445 ὡς
527 1380 807 1452 πολέμιον·
831 1383 930 1438 όδὲ
953 1384 1212 1454 ὑγιαίνων
1237 1386 1333 1455 τὴν
1365 1387 1673 1457 συνείδησιν
1708 1386 1785 1452 ὡς

201 1473 490 1545 δευτέρους
529 1475 720 1543 γονέας
771 1476 864 1529 καὶ
910 1476 1172 1546 ἀδελφοὺς
1209 1481 1334 1544 τοὺς
1365 1479 1549 1548 φίλους
1583 1478 1789 1549 λογίζε-

202 1584 314 1622 ται.

274 1657 444 1711 Ὅθεν
503 1658 591 1711 τὸν
644 1644 816 1713 Xeno).
871 1660 1025 1730 φίλον
1065 1663 1159 1715 καὶ
1191 1664 1538 1736 ἀρχιεταῖρον
1582 1664 1788 1718 ἄνωθεν

202 1750 299 1803 καὶ
322 1749 567 1821 ἐξαρχῆς
589 1746 751 1823 εἶχεν,
777 1751 936 1806 τοῦτο
963 1752 1159 1823 λέγων’
1193 1755 1256 1808 Εί
1288 1759 1316 1809 6
1351 1742 1524 1827 μέγας
1545 1757 1787 1827 Μωῦσῆς

200 1811 495 1916 ἄνθρωπος
522 1811 804 1905 ’τοῦηθεοῦ
847 1847 941 1900 καὶ
987 1811 1109 1912 θεὸς
1137 1811 1364 1920 Φαραὼ,
1393 1811 1484 1902 τόν
1503 1811 1661 1915 ξένον
1692 1811 1786 1904 xuii.
1821 1811 1860 1863 Β

202 1934 336 1989 ἴδιον
368 1934 464 1989 τὸν
505 1935 691 2009 ’Ῑοθὼρ
722 1936 1024 2008 σύμϐουλον
1050 1939 1226 2011 ἐσχενο
1258 1941 1349 1995 τὸν
1377 1940 1546 2009 ξένον,
1577 1942 1667 1996 διά
1687 1943 1786 2015 τὴν

203 2025 527 2098 θρησκείαν,
563 2028 655 2081 καὶ⁸
711 2028 861 2094 ἴδιον,
907 2029 994 2084 διά
1043 2030 1144 2102 τὴν
1181 2033 1519 2103 συγγένειαν·
1566 2035 1659 2089 καὶ
1690 2036 1787 2106 οὐχ

202 2119 648 2191 ὕπερηφάνησεν,
679 2120 800 2174 οὐδὲ
830 2118 1001 2175 ε’ίπενο
1049 2122 1190 2191 Ἐγὼ
1227 2124 1286 2177 οὺ
1318 2123 1502 2197 χρῄζω
1536 2125 1637 2197 τῆς
1666 2127 1789 2181 τού-

202 2227 294 2264 του
322 2210 572 2282 γνώμης·
592 2213 621 2265 ὁ
643 2212 775 2276 Θεός
806 2230 895 2283 μοι
927 2212 1211 2284 ἐλάλησεν,
1253 2216 1583 2291 ἐπαιδεύθην
1622 2221 1776 2293 πάσῃ

204 2301 367 2373 σοφίᾳ
393 2301 729 2369 Αἰγυπτίων,
766 2302 859 2356 καὶ
887 2303 1013 2368 πῶς
1032 2303 1221 2359 τοῦτον
1245 2308 1594 2382 γνωμοδότην
1620 2310 1788 2381 λήψο-

206 2411 336 2463 μαι;
383 2392 525 2447 Ἀλλ’
552 2394 706 2448 οὐδὲν
730 2395 934 2449 τούτων
956 2392 1126 2465 εἶπεν,
1161 2398 1391 2472 ἐπείσθη
1422 2400 1480 2455 δὲ
1504 2402 1584 2474 τῷ
1608 2404 1788 2469 καλῶς

206 2483 649 2555 συμϐουλεύοντι,
693 2485 871 2551 εἰδὼς,
906 2487 988 2541 ὅτι
1027 2490 1408 2558 συμϐουλίας
1440 2491 1643 2547 ἀκούει
1684 2509 1790 2548 σο·-

206 2577 343 2646 φός.
378 2576 487 2630 Καὶ
510 2575 697 2648 ὥσπερ
722 2579 830 2630 ἐπὶν
848 2578 944 2649 τῆς
973 2570 1199 2652 ἀγορᾶς,
1235 2581 1463 2653 ἱματίων
1488 2587 1787 2656 προκειμέ-

206 2668 335 2733 νων,
363 2668 391 2722 6
423 2668 645 2741 χρυσίον
680 2667 755 2741 μὴ
778 2667 936 2740 ἔχων,
968 2670 1251 2743 δοκιμάζει
1282 2674 1439 2745 μόνον
1467 2675 1534 2729 τά
1560 2675 1791 2748 ἐνδύμα-

203 2777 291 2826 τα,
325 2762 421 2815 καὶ¹
469 2759 657 2814 σκυλεῖ
685 2760 882 2824 ταῦτα,
920 2762 1237 2834 ἐνδυόμενος
1271 2766 1365 2818 καὶ
1397 2767 1786 2838 ἀποδυόμενος,

205 2852 299 2904 καὶ
326 2852 424 2907 ὅλα
455 2855 632 2925 φορεῖ,
658 2853 897 2909 καὶούδέ
920 2854 978 2913 ἓν
1006 2856 1135 2926 παρ’
1166 2856 1344 2929 ἐαυτῷ
1373 2862 1581 2930 κρατεῖ-
1615 2860 1789 2927 οὕτως

204 2946 233 2997 6
266 2943 558 3016 λεγόμενος
586 2944 757 3013 φίλος,
793 2944 868 3019 μὴ
900 2944 1038 3016 ἔχων
1065 2947 1265 3021 χρυσὸν
1293 2947 1514 3021 δόκιμον
1539 2951 1636 3022 τὴν
1666 2968 1790 3005 συν-

201 3035 431 3105 είδησιν,
467 3035 545 3099 ὡς
598 3039 656 3089 ἐν
700 3036 875 3109 ἀγορᾷ
905 3035 983 3109 τῷ
1032 3038 1132 3111 βίῳ
1173 3039 1383 3104 πάντας
1422 3040 1666 3097 ἐνδύεται
1695 3043 1790 3096 καὶ

1892 572 2017 610 num
2054 571 2184 611 vero
2211 571 2406 612 novum
2431 567 2515 613 est
2543 572 2743 627 anceps
2766 557 2977 614 vicinus
3001 573 3017 611 :
3047 554 3124 611 ita
3146 560 3311 609 vetus
3335 554 3466 608 ami-

1890 661 1986 702 cus
2021 656 2275 716 tanquam
2300 649 2484 703 vinum
2510 659 2777 705 vetuStum
2810 650 3045 706 lactilicat
3085 663 3207 703 eum
3252 648 3342 717 qui
3372 648 3467 701 ha-

1890 740 2003 794 bet.
2039 737 2205 807 Cujus
2237 741 2315 796 rei
2344 740 2624 809 Scriptura
2663 741 2816 796 testis
2847 751 2932 797 est
2964 760 2978 797 :
3031 740 3220 795 Vinum
3254 755 3466 803 novum,

1889 816 2319 896 anticttrnovus;
2352 832 2399 886 si
2424 842 2599 886 autem
2635 831 3020 895 inveteraverit,
3058 847 3174 884 cum
3206 830 3470 885 suavilate

1890 919 2030 975 bibes
2062 919 2198 981 illud
2223 921 2286 976 ‘°.
2334 922 2502 977 Porro
2540 922 2683 977 sicut
2713 924 2804 992 qui
2837 922 2988 977 febre
3013 922 3245 990 laborat,
3277 932 3469 991 estque

1891 1012 2259 1079 phreneticus,
2295 1014 2478 1069 vinum
2511 1024 2670 1071 vetus
2709 1023 2769 1069 ut
2812 1013 2915 1069 sibi
2957 1014 3243 1069 adversum
3294 1014 3467 1079 vitat;

1889 1104 1982 1175 qui
2031 1114 2209 1161 autem
2260 1121 2425 1162 sanus
2472 1104 2789 1176 validusqne
2842 1114 2947 1169 est,
2994 1120 3089 1174 per
3121 1105 3251 1160 illud
3306 1107 3471 1161 corde

1890 1196 2224 1266 delectatur;
2264 1200 2464 1255 etenim
2511 1201 2689 1255 vinum
2728 1199 2963 1268 ίωιίβοαι
2992 1214 3085 1253 cor
3106 1198 3335 1252 hominis
3387 1200 3466 1250 “:

1891 1289 1971 1345 sic
1999 1304 2143 1360 aager
2189 1301 2412 1357 mente,
2449 1301 2504 1347 et
2554 1291 2776 1347 malitia
2810 1290 2958 1347 febre
3004 1290 3277 1353 detentus,
3331 1289 3472 1343 anti-

1891 1397 2054 1450 quum
2092 1383 2323 1438 amicum
2349 1383 2485 1455 l'n'git
2513 1383 2663 1438 velut
2695 1385 2905 1438 hostem
2933 1401 2948 1449 ;
2982 1380 3313 1437 conscientia
3344 1396 3473 1434 vero

1891 1489 2055 1529 sanus
2104 1473 2276 1528 instar
2298 1476 2656 1530 secundorum
2680 1490 2966 1546 parentum
2994 1488 3047 1530 ct
3080 1475 3307 1528 fratrum
3338 1475 3473 1525 and.

1890 1579 1984 1619 cos
2012 1565 2180 1619 ducit.

1964 1654 2118 1711 Unde
2165 1656 2329 1715 David
2366 1656 2529 1712 Chusi
2577 1659 2809 1713 amicum
2847 1669 2902 1714 et
2950 1659 3247 1727 principcm
3295 1659 3471 1711 socio-

1895 1760 2010 1799 runt
2040 1747 2169 1801 olim
2219 1757 2273 1802 et
2314 1749 2383 1803 ab
2430 1750 2584 1804 initio
2624 1750 2834 1815 habuit,
2865 1750 2969 1805 hoc
2995 1766 3178 1806 secum
3212 1750 3424 1804 locutus
3456 1768 3468 1801 :

1893 1838 1946 1892 Si
1993 1855 2220 1910 magnus
2266 1841 2461 1907 Moses,
2496 1844 2655 1897 homo
2704 1846 2793 1898 Dei
2845 1847 3080 1899 ac'dens
3130 1843 3472 1905 Pharaonis,

1888 1942 2206 1987 extraneum
2251 1942 2307 1987 et
2340 1936 2617 2004 propriqu
2659 1934 2939 1990 Jothorent
2988 1936 3177 1990 habuit
3218 1936 3475 1990 consilia-

1894 2020 2050 2080 rium.
2091 2030 2410 2077 extraneum
2442 2026 2511 2078 ob
2547 2024 2885 2095 religionem,
2934 2026 3210 2096 proprium
3256 2026 3326 2080 ob
3360 2024 3478 2080 alii-

1891 2107 2146 2176 nitatem;
2192 2124 2290 2164 nec
2319 2112 2550 2179 superbe
2580 2127 2638 2168 se
2668 2114 2858 2182 gessit,
2909 2128 3085 2183 neque
3126 2113 3309 2169 dixit:
3362 2113 3474 2185 Ego

1891 2214 1995 2254 non
2030 2199 2245 2272 indigeo
2270 2202 2387 2271 ejus
2418 2205 2684 2271 consilio;
2713 2207 2855 2262 Deus
2878 2222 3089 2262 mecum
3128 2207 3340 2262 locutus
3369 2220 3473 2269 εει.

1889 2293 2112 2348 edoctus
2161 2310 2280 2350 sum
2318 2311 2537 2352 omnem
2588 2299 2914 2369 sapientiam
2966 2301 3379 2373 Egyptiornm;
3423 2313 3480 2356 ct

1890 2401 1997 2455 quo
2039 2387 2198 2440 modo
2248 2389 2390 2442 hunc
2419 2391 2630 2444 consilii
2674 2393 2919 2447 datorem
2967 2395 3478 2449 assntuam?‘1\'ihit

1892 2479 2116 2534 istorqu
2162 2479 2321 2548 dixit,
2368 2484 2463 2536 sed
2505 2484 2797 2539 obsecutus
2838 2497 2920 2541 cst
2956 2497 3102 2541 recte
3133 2490 3435 2543 consult-nti
3460 2529 3474 2551 ,

1891 2583 2091 2636 gnarus
2132 2571 2273 2639 quod
2303 2571 2525 2627 consilia
2575 2577 2722 2627 audit
2757 2578 2964 2641 sapiens
3004 2578 3070 2631 ι’.
3126 2579 3193 2632 Ει
3231 2580 3371 2634 sicut
3422 2581 3479 2636 in

1892 2658 2028 2725 loro,
2058 2661 2149 2715 ubi
2192 2672 2372 2718 vestes
2411 2668 2670 2734 expositae
2705 2677 2853 2732 sunt,
2899 2670 2990 2739 qui
3041 2671 3325 2739 pecuniam
3371 2683 3480 2729 non

1890 2751 2074 2817 habet,
2101 2753 2292 2823 probat
2337 2756 2509 2811 sulum
2547 2758 2882 2826 indumenta,
2912 2776 3083 2831 eaque
3113 2762 3352 2833 deponit,
3395 2764 3478 2818 in-

1892 2842 2007 2898 duit
2036 2860 2097 2898 se
2136 2855 2299 2915 atque
2330 2849 2500 2915 exuit,
2561 2859 2613 2903 ct
2652 2850 2836 2906 omnia
2884 2863 3081 2922 gestat,
3142 2854 3346 2911 nullum
3397 2864 3482 2912 ta-

1894 2951 2015 2990 men
2062 2941 2258 2994 retinet
2286 2942 2425 3010 apud
2465 2957 2562 2997 se:
2614 2944 2694 2998 sic
2726 2945 2818 3012 qui
2862 2946 3064 3000 dicitur
3106 2948 3334 3014 anticus,
3380 2963 3481 3003 nec

1892 3027 2056 3084 habet
2114 3031 2337 3100 probam
2386 3033 2669 3103 pecuniam
2731 3038 3155 3107 conscientiam,
3210 3039 3359 3095 velut
3424 3043 3479 3095 in

202 3127 524 3191 ἀποδύεται,
585 3129 794 3192 πάντας
840 3129 1118 3197 ἀλλάσσει,
1163 3131 1260 3203 καὶ
1303 3132 1424 3187 οὐδὲ
1468 3134 1563 3188 ἕνα
1613 3138 1788 3207 φορεῖ.

1899 3120 2036 3189 loro,
2096 3122 2146 3175 in
2179 3123 2288 3185 vita
2319 3138 2509 3179 omnes
2541 3126 2715 3181 induit
2752 3142 2816 3182 ac
2851 3131 3019 3197 exuit,
3051 3146 3243 3188 omnes
3281 3142 3478 3198 mutat,

217 3219 361 3274 Ἀλλ’
403 3220 504 3273 οὐκ
535 3214 672 3293 ἦσαν
714 3220 944 3276 τοιοῦτοι
977 3222 1120 3292 φίλοι
1156 3224 1186 3277 6
1227 3223 1399 3278 Χουσὶ
1435 3225 1529 3277 καὶ
1555 3227 1585 3279 6
1609 3226 1792 3293 Δαϐὶδ,

203 3311 328 3365 οὐδὲ
358 3311 421 3364 τὸ
447 3312 644 3384 πικρὸν
679 3312 773 3366 τοῦ
796 3312 950 3366 δόλου
978 3315 1238 3387 ποτήριον
1280 3315 1530 3387 ἀλλήλοις
1563 3317 1795 3389 προέπι-

204 3418 315 3469 νον,
365 3402 490 3455 οὐδὲ
540 3402 641 3474 τὴν
692 3404 965 3476 μάχαιραν
1021 3404 1115 3458 τοῦ
1141 3404 1337 3476 φθόνου
1407 3405 1530 3460 καθ’
1586 3407 1797 3462 ἐαυτών

207 3493 437 3560 ὢξυναν·
468 3496 624 3549 αὐτοὶ
651 3495 708 3549 δέ
739 3498 796 3550 ἐν
820 3497 1032 3560 ἑαυτοῖς
1061 3498 1290 3563 ἑαυτοὺς
1327 3499 1677 3570 κεράσαντες,
1702 3502 1798 3556 xui.

208 3587 305 3652 τὰς
352 3587 451 3641 δύο
497 3586 675 3658 ψυχὰς
711 3588 841 3659 μίαν
889 3591 956 3661 τῇ
994 3589 1234 3644 διαθέσει
1268 3589 1562 3658 δείξαντες,
1607 3592 1798 3667 ὥσπερ

210 3680 307 3751 τῆς
335 3680 659 3750 εὐημερίας,
698 3678 842 3733 οὕτω
882 3682 976 3736 καὶ
998 3682 1098 3753 τῆς
1128 3681 1507 3755 ταλαιπωρίας
1545 3686 1799 3740 κοινωνοὶ

211 3771 471 3839 ἐγίνοντο.
492 3771 641 3826 Μίαν
672 3772 782 3844 γὰρ
807 3773 1084 3845 περῶντες
1106 3772 1200 3827 τοῦ
1234 3773 1351 3845 βίου
1377 3774 1674 3845 θάλασσαν,
1705 3777 1798 3831 καὶ

214 3863 293 3926 εἰς
321 3863 383 3916 τὸ
414 3863 551 3917 αὐτὸ
588 3862 795 3933 σκάφος
834 3864 938 3935 τῆς
974 3864 1333 3937 συνειδήσεως
1383 3866 1660 3932 πλέοντες,
1705 3869 1799 3921 καὶ

214 3953 309 4025 τὴν
360 3954 619 4009 εὐπλοῖαν
681 3957 777 4010 καὶ
833 3955 927 4009 τὸν
983 3955 1228 4028 χειμῶνα
1287 3957 1550 4022 ὡσαύτως
1595 3959 1799 4030 ὑπέμε-

217 4061 323 4099 νον.

291 4138 541 4208 Ψαλμὸς
566 4137 647 4204 τῷ
674 4139 872 4205 Δαϐίδ,
902 4138 977 4193 ὃν
992 4135 1151 4211 ᾖσεν
1179 4139 1259 4206 τῷ
1283 4144 1480 4210 Κυρίῳ
1503 4141 1657 4211 ὑπὲρ
1680 4142 1800 4197 τῶν

100 4210 105 4214 Δ
215 4226 412 4295 λόγων
444 4228 635 4281 Χουσὶ
668 4227 805 4283 υἱοῦ
841 4210 1094 4299 ἰεμεκεά
1139 4230 1249 4284 Καὶ
1305 4229 1395 4284 διὰ
1449 4232 1503 4284 τί
1542 4210 1686 4303 ᾠδὴν
1723 4231 1800 4304 τῷ

217 4319 407 4392 Κυρίῳ
436 4321 467 4373 6
507 4321 671 4375 Δαϐὶδ
717 4322 857 4394 ὑπὲρ
894 4320 989 4376 τοῦ
1029 4323 1199 4377 Χουσὶ
1227 4323 1561 4395 ἀνέπεμψεν,
1597 4325 1667 4378 δι’
1692 4324 1802 4378 όλί-

217 4426 327 4478 γων
362 4410 585 4480 ἴδωμεν.
626 4412 687 4465 Ὀ
718 4412 831 4477 υἱὸς
874 4413 1039 4469 αὐτοῦ
1102 4414 1421 4487 Ἀϐεσαλὼμ
1461 4417 1583 4470 κατ’
1633 4416 1800 4472 αὐτοῦ

1903 3212 2486 3284 nemincmqnegestat.
2505 3216 2701 3279 Verum
2727 3235 2832 3274 non
2855 3220 3120 3289 ejusmodi
3138 3233 3293 3278 erant
3316 3225 3478 3279 amici

1901 3301 2064 3358 Chusi
2091 3314 2144 3358 et
2169 3302 2359 3372 David,
2388 3321 2565 3377 neque
2588 3322 2833 3363 amarum
2866 3310 2972 3365 doli
3009 3311 3234 3367 calicem
3263 3314 3365 3368 sibi
3398 3314 3481 3368 in—

1899 3395 2072 3450 vicem
2102 3398 2544 3466 propiuaveranl,
2590 3415 2764 3471 neque
2794 3401 3007 3458 invidia:
3042 3403 3278 3475 gladium
3319 3422 3481 3463 acue-

1904 3496 2027 3543 rant
2062 3500 2248 3545 contra
2283 3505 2375 3559 se;
2418 3493 2512 3547 sed
2552 3492 2653 3563 ipsi
2689 3495 2815 3549 dum
2860 3496 2913 3551 in
2944 3498 3252 3569 semetipsis
3286 3510 3483 3555 atteni-

1898 3590 2093 3649 perant
2148 3594 2249 3646 se,
2312 3583 2554 3655 duasque
2604 3586 2813 3642 animas
2869 3603 2964 3657 per
3013 3589 3264 3647 allectum
3317 3610 3481 3651 unant

1901 3672 2220 3739 ostendunt,
2252 3684 2312 3730 ut
2349 3678 2746 3746 prosperitatis,
2779 3681 2858 3736 sic
2879 3693 2933 3735 et
2964 3681 3296 3742 infelicitatis
3335 3692 3468 3743 socii

1899 3772 2074 3819 erant.
2114 3765 2290 3821 Unum
2327 3768 2471 3822 enim
2505 3772 2825 3826 emetientes
2861 3772 2985 3828 vitae
3016 3789 3188 3841 mare,
3218 3792 3282 3832 ac
3310 3778 3362 3831 in
3389 3793 3483 3832 ea-

1901 3858 2022 3913 dem
2062 3858 2186 3913 navi
2227 3860 2574 3917 conscientia:
2625 3864 2960 3933 navigantes,
3002 3882 3125 3922 cum
3165 3885 3481 3939 prosperam

1903 3951 2324 4023 navigationem,
2381 3960 2492 4007 tum
2546 3962 2928 4026 tempestatem
2990 3960 3194 4028 pariter
3240 3964 3480 4016 sustine-

1900 4045 2053 4098 bant.

1973 4133 2223 4189 Psalmus
2262 4134 2455 4199 Davids
2501 4152 2652 4204 quem
2690 4138 2921 4192 cantavit
2968 4137 3195 4193 Domino
3237 4157 3332 4209 pro
3370 4157 3480 4196 ver—
3552 4204 3553 4207 η

1902 4228 1980 4282 bis
2025 4228 2188 4283 Chusi
2228 4228 2329 4297 ﬁlii
2367 4228 2585 4283 Jemini.
2626 4229 2690 4283 Et
2723 4246 2893 4300 quare
2934 4233 3207 4286 canticum
3255 4233 3483 4287 Domino

1901 4320 2146 4376 emiserit
2190 4319 2356 4376 David
2396 4335 2493 4391 pro
2528 4314 2716 4387 Chusi,
2758 4323 2944 4391 paucis
2974 4321 3274 4379 videamus.
3313 4322 3484 4377 Filius

1904 4410 2022 4481 ejus
2046 4411 2301 4467 Absalom
2335 4412 2594 4467 adversus
2624 4426 2747 4467 eum
2775 4413 3118 4484 tyrannidem
3153 4414 3381 4484 arripuit
3411 4416 3480 4468 ²³.

219 4501 600 4575 δτυράννησεν.
643 4505 914 4577 Φιλήμασι
952 4506 1063 4579 γὰρ
1092 4509 1195 4561 ’καὶ
1230 4508 1586 4581 περιπλοκαῖς
1625 4526 1794 4580 σαγη-

1902 4502 2118 4561 Osculis
2162 4503 2308 4560 enim
2354 4514 2409 4560 et
2457 4503 2793 4573 amplexibus
2846 4504 3090 4574 singulos
3141 4506 3398 4571 irretitos,
3448 4523 3481 4563 a

222 4592 387 4647 νεύων
420 4595 653 4649 ἕκαστον
693 4596 827 4667 (l9),
853 4598 952 4669 τῆς
985 4598 1078 4652 τοῦ
1109 4599 1319 4672 πατρὸς
1343 4600 1523 4669 φιλίας
1550 4601 1678 4664 τοὺς
1711 4600 1798 4668 φί-

221 4682 341 4749 λους
362 4685 708 4752 ἀπέσπασεν,
733 4687 827 4740 τὸν
856 4687 1005 4742 δόλον
1033 4688 1110 4752 ὡς
1141 4688 1250 4753 ίξὸν
1277 4689 1480 4760 φέρων,
1517 4690 1694 4744 καὶτὸ
1714 4691 1801 4760 φί-

224 4778 372 4851 λημα
402 4779 722 4852 ἄγκιστρον,
751 4780 847 4834 καὶ
894 4779 1085 4851 δέλεαρ
1119 4780 1219 4851 τὴν
1248 4781 1557 4856 κολακείαν,
1603 4781 1697 4834 καὶ
1726 4781 1802 4834 δίο

226 4891 359 4926 κτυα
380 4873 591 4946 πλάνης
610 4872 711 4936 τὰς
734 4871 1081 4944 περιπλοκάς.
1121 4872 1274 4927 Ἐπεὶ
1296 4867 1389 4927 οὖν
1406 4872 1614 4938 πάντας
1631 4873 1802 4938 οὕτως

223 4964 319 5018 ἱνα
359 4964 481 5021 καθ’
509 4965 607 5021 ἒνα
647 4964 775 5028 τοὺς
808 4962 997 5033 φίλους
1042 4961 1138 5015 τοῦ
1167 4962 1332 5016 Δαϐὶδ
1380 4962 1725 5035 ἀπεσύλησεν
1775 4966 1805 5016 6

236 5055 571 5128 ’Aﬁsoahbp,
609 5054 824 5119 ὁπλίζει
860 5053 1045 5107 λοιπὸν
1066 5054 1264 5116 αὐτοὺς
1278 5054 1419 5106 κατὰ
1454 5054 1547 5107 τοῦ
1575 5054 1802 5126 πατρὸς,

225 5147 751 5220 συκοφαντίαςαὺτῷ
762 5145 856 5200 καὶ
876 5144 1128 5208 διαϐολὰς
1153 5144 1670 5217 ράπτων.Ἔκαστος
1696 5146 1803 5220 γὰρ

223 5242 298 5306 ὡς
341 5241 447 5314 υἱῷ
478 5240 573 5295 τοῦ
608 5240 792 5307 Δαϐὶδ,
823 5240 918 5295 καί
953 5238 1029 5302 ὡς
1060 5236 1259 5309 μᾶλλον
1287 5236 1355 5291 τὰ
1383 5237 1502 5291 κατ’
1534 5237 1695 5293 αὐτὸν
1724 5239 1806 5292 εί-

224 5334 354 5396 δότι,
388 5333 676 5388 ἐπίστευεν
707 5329 1154 5400 συκοφαντοῦντι.
1198 5329 1354 5385 Ἐπεὶ
1380 5324 1643 5431 οὖνκμετά
1669 5331 1807 5384 πάν-

295 5497 339 5528 ²⁶
381 5496 551 5551 Eccli.
608 5512 685 5561 ιι,
730 5496 816 5552 lii.
891 5491 1381 5559 "Psal.cm,15.

295 5642 407 5714 (49)
446 5642 817 5724 Itath
845 5641 1126 5725 ξκαστον.
1156 5642 1487 5723 Σαγηνεύειν
1514 5640 1650 5713 πρὸς
1674 5640 1804 5764 ἀλη-

295 5715 376 5764 ίαε
408 5712 733 5764 ἐπίγνωσιν.
762 5713 899 5764 dixit
934 5712 1169 5764 Cvrtllns
1210 5714 1368 5764 Alex.
1416 5712 1634 5764 Dialoao
1679 5711 1713 5764 3
1779 5729 1804 5764 e

231 5710 733 5784 θείαςέπίγνωσιν,
762 5710 912 5784 dixit
932 5712 1169 5784 gyrillus
1210 5710 1368 5768 Alex.
1416 5710 1634 5784 Dialogo
1679 5711 1715 5784 ἦ
1742 5710 1805 5766 de

231 5795 409 5839 uncta
436 5782 481 5838 Τ
486 5785 725 5849 rinitate,
753 5798 809 5851 q.
858 5780 995 5839 497$
1025 5782 1091 5837 Et
1126 5797 1231 5838 non
1282 5794 1462 5840 autem
1501 5780 1804 5836 σαλινεύειν

1905 4597 2076 4667 patris
2106 4596 2341 4651 amicitia
2372 4597 2578 4652 amicos
2621 4596 2870 4664 retraxit,
2905 4596 3149 4652 fraudem
3201 4599 3371 4653 instar
3403 4601 3483 4653 vi-

1906 4690 1985 4744 sci
2039 4689 2240 4754 l'ereus,
2291 4688 2533 4743 osculum
2590 4688 2764 4742 instar
2813 4688 2983 4755 hami,
3033 4688 3323 4745 blanditias
3368 4692 3486 4746 vice

1908 4795 2070 4846 εδοξε,
2105 4780 2717 4861 amplexus‘velut'retia
2741 4783 2967 4838 erroris.
3003 4781 3293 4852 Postquam
3321 4784 3485 4854 igitur

1909 4873 2166 4953 Absalom
2224 4874 2304 4929 sic
2360 4889 2552 4951 omnes
2609 4873 2829 4929 Davidis
2888 4875 3093 4929 amicos
3146 4890 3310 4929 unum
3368 4887 3509 4949 post.

1911 4965 2075 5020 alium
2122 4966 2475 5037 abripuisset,
2510 4967 2623 5039 jam
2670 4975 2848 5022 armat
2889 4982 2984 5023 eos
3017 4977 3208 5023 contra
3242 4977 3488 5039 patrem,

1912 5057 1997 5113 cui
2038 5059 2337 5115 calumnias
2364 5069 2420 5115 et
2457 5060 2871 5116 criminationes
2906 5061 3142 5115 censuit.
3189 5058 3491 5129 Unusquis-

1913 5164 2019 5219 que
2046 5151 2189 5205 enitn
2233 5159 2291 5205 ut
2339 5152 2449 5207 ﬁlio
2491 5150 2735 5217 Davidis,
2774 5160 2941 5220 utque
2972 5152 3061 5221 qui
3095 5152 3264 5221 magis
3311 5167 3493 5207 mores

1915 5242 2058 5298 illius
2090 5252 2465 5311 cognosceret,
2505 5246 2764 5302 credebat
2815 5244 3188 5301 calumnianti.
3221 5244 3319 5300 Ubi
3363 5260 3495 5315 ergo

1915 5350 2041 5390 cum
2099 5337 2313 5391 ceteris
2362 5337 2772 5406 Achitophelem
2839 5354 3054 5410 quoque
3121 5339 3493 5391 etitisiliaritun

1484 5494 1530 5524 "
1565 5492 1724 5550 Prov.
1781 5509 1892 5561 ιιι,
1929 5495 2015 5549 ῑδ.
2110 5496 2154 5527 ’³
2182 5493 2227 5549 ll
2256 5494 2391 5568 Reg.
2430 5511 2537 5563 xv,
2571 5496 2606 5551 2
2645 5512 2768 5567 sqq.

1912 5648 2008 5696 aut
2052 5642 2323 5697 σαλεύειν.
2363 5640 2433 5713 Ut
2478 5641 2712 5713 Dialogo
2754 5641 2791 5698 4
2818 5657 2872 5711 p.
2900 5640 3007 5698 528
3048 5632 3498 5707 σεσαγηνευμένα

1913 5714 1993 5778 εἰς
2025 5713 2319 5783 ἐπίγνωσιν
2350 5712 2444 5768 τοῦ
2477 5711 2626 5768 Υίοῦ.
