4076 6144
543 304 642 358 563
1816 298 1873 351 S.
1914 297 2192 352 ASTEMI
2236 295 2539 350 AMASENI
3706 291 3841 352 466

540 426 760 481 Ιδιινίιίὶθ
781 424 1031 479 AhSalom
1064 436 1380 493 persuasum
1421 423 1666 487 abduxit,
1700 422 1873 476 virum
1911 425 1963 476 in
1990 437 2113 477 eon-
2145 472 2150 484 ,

2254 441 2322 474 ων
2352 424 2380 475 6
2426 420 2750 490 ’Λϐεσαλὼμ
2790 422 2882 473 καὶ
2924 420 3015 473 τὸν
3055 418 3339 490 Ἀχιτόφελ
3374 416 3464 471 τὸν
3510 415 3838 486 σύμϐουλον

538 518 673 572 silius
726 514 1158 581 callidissimum,
1208 515 1413 585 quique
1463 523 1657 570 cuncta
1716 513 1981 569 bellorum
2035 515 2122 568 in--

2254 512 2311 566 οὖ
2348 514 2515 568 Δαόὶδ
2546 514 2737 577 πείσας
2769 512 3136 584 ἀπεσύλησεν,
3186 511 3356 583 ἄνδρα
3387 508 3712 564 δεινώτατον
3759 510 3839 563 ἐν

538 616 839 662 strumenta
898 615 953 661 et
1002 605 1444 661 machinamenta
1510 606 1563 660 in
1602 605 1784 675 lingua
1837 605 2118 674 gestabat;

2254 604 2490 677 ’νώμαις,
2528 607 2624 661 καὶ
2662 606 2791 670 ὅλας
2828 605 2930 669 τὰς
2977 606 3035 657 ἐν
3070 602 3329 675 πολέμοις
3377 601 3689 664 πανοπλίας.
3723 599 3839 653 καὶ

539 700 728 753 beatus
766 699 931 754 David
948 699 1127 754 'Chusi
1161 698 1458 768 principem
1504 699 1774 753 socierum
1832 696 2011 752 verbis
2042 714 2124 752 ar—

2254 698 2473 768 ιηχανάς
2516 698 2609 751 ἐπὶ
2657 695 2912 767 γλώσσης
2958 696 3215 768 φέροντα,
3246 697 3275 748 6
3303 693 3574 766 μακάριος
3599 692 3691 748 τὸν
3714 695 3834 765 ἀρ-

539 790 725 853 mavit,
751 798 912 860 atque
957 791 1037 845 sic
1083 789 1230 844 misit
1284 790 1545 844 adversus
1577 788 2011 856 Achimphelem,
2065 796 2125 841 ιιι

2254 790 2496 859 νιεταῖρον
2540 788 2630 841 τὸν
2670 788 2840 841 Χουσὶ
2879 786 3058 855 λόγοις
3100 784 3329 848 ὁπλίσας
3355 784 3499 838 κατὰ
3527 784 3623 837 τοῦ
3668 786 3833 857 ’Δχι-

539 882 777 950 aquilam
825 884 875 936 in
900 881 1208 953 perdicem.
1246 881 1438 936 Perdix
1481 881 1680 951 quippe
1708 890 1792 937 cst
1832 889 2120 951 tyrannus,

2254 879 2385 949 ὀιρελ
2419 880 2759 945 ἀπέστειλεν,
2795 879 2873 943 ὡς
2908 877 3050 932 κατά
3082 878 3336 949 πέρδικος
3384 876 3562 932 ἀετόν.
3621 876 3834 949 Πέρδιξ

542 982 602 1027 ιιι
639 973 730 1041 qui
774 971 946 1026 aliena
985 972 1284 1035 abstrahat,
1334 985 1631 1040 rursusque
1669 972 1819 1026 solus
1855 971 2126 1040 relinqua-

2254 973 2333 1046 ίάρ
2359 976 2387 1027 6
2409 973 2693 1044 τύραννος,
2722 972 2800 1037 ὡς
2833 970 2902 1025 τὰ
2931 971 3190 1044 ἀλλότρια
3225 968 3693 1041 παρασπώμενος,
3728 971 3834 1022 καὶ

545 1075 652 1122 tur.
685 1064 863 1120 Testis
907 1063 1192 1127 .lerenrias,
1235 1064 1359 1117 dum
1409 1063 1575 1117 dicit:
1617 1060 1876 1117 Clamavit
1918 1063 2121 1130 perdix,

2254 1066 2389 1119 πάλιν
2431 1066 2638 1137 ἔρημος
2684 1065 2796 1137 (50)
2845 1063 3329 1135 καταλειπόμενος.
3381 1063 3612 1135 Μάρτυς
3658 1062 3831 1132 Ἰερε-

543 1158 869 1228 congregavit
910 1173 1029 1228 quw
1076 1172 1179 1210 non
1226 1156 1418 1225 peperit
1447 1153 1514 1208 ’⁸.
1556 1153 1703 1210 Misit
1752 1155 2123 1209 consiliarium

2254 1160 2358 1223 ιίας
2391 1159 2581 1213 εἰπών’
2613 1158 2964 1228 Ἐφώνησεν
2987 1155 3222 1225 πέρδιξ,
3252 1155 3607 1226 συνήγαγεν
3639 1153 3677 1209 ἁ
3704 1156 3829 1208 οὐκ

543 1258 732 1303 contra
782 1249 1177 1314 insidiatorem,
1235 1248 1379 1302 velut
1428 1250 1639 1303 leonem
1702 1246 1756 1300 in
1807 1262 2115 1319 onagrum:

2254 1253 2451 1306 ίτεκεν.
2474 1251 2586 1305 ’Τὸν
2612 1249 2675 1303 σύ
2685 1249 2916 1322 μόουλον
2957 1249 3095 1322 πρὸς
3123 1247 3215 1303 τὸν
3240 1247 3523 1302 ἐπίϐουλον
3554 1247 3827 1318 ἔπεμψεν.

557 1341 770 1395 Venatio
799 1341 985 1405 leonis,
1014 1341 1198 1411 onagri
1224 1341 1278 1392 in
1313 1355 1485 1393 eremo
1529 1340 1577 1371 ³⁵
1608 1355 1622 1405 ;
1670 1338 1721 1393 ei
1767 1340 1905 1394 dixit
1938 1358 1950 1394 :
2008 1337 2124 1394 Non

2254 1347 2304 1410 ὸς
2345 1344 2487 1399 κατὰ
2533 1344 2766 1415 ὀνάγρου
2803 1342 3012 1396 λέοντα·
3059 1342 3332 1412 Κυνηγία
3371 1339 3647 1405 λέοντος,
3680 1339 3829 1392 δηι-

544 1448 680 1502 upns
724 1441 806 1486 est
841 1430 1106 1497 exercitu,
1169 1445 1274 1484 non
1326 1446 1505 1500 pugna
1551 1440 1606 1485 et
1653 1431 1870 1502 praelio;
1927 1433 2125 1501 dissipa

2254 1455 2356 1507 'pOt
2375 1438 2446 1491 ἐν
2474 1436 2692 1507 ἐρήμῳ·
2717 1418 2886 1490 εἰπὼν
2913 1434 3082 1506 αὐτῷ·
3118 1436 3192 1489 Οὐ
3223 1433 3384 1506 χρεία
3410 1432 3741 1497 πανοπλίας,
3765 1431 3831 1487 οὐ

546 1525 675 1579 mihi
724 1524 1004 1579 consilium
1046 1523 1442 1591 Achitophelis,
1478 1533 1531 1577 et
1570 1523 1858 1578 cessabunt
1895 1525 2124 1579 insidiae.

2254 1531 2391 1602 ςρεία
2420 1512 2603 1602 μάχης
2643 1529 2737 1582 καὶ
2767 1517 3029 1599 πολέμου,
3064 1525 3419 1580 διασκέδασόν
3453 1543 3544 1596 μοι
3570 1525 3671 1597 τὴν
3700 1524 3831 1595 βου-

546 1615 717 1666 Arcus
758 1621 841 1666 est
899 1609 1248 1680 Achitophel,
1299 1622 1355 1666 et
1400 1613 1594 1681 sagitta
1627 1613 1917 1680 Absalom;
1967 1629 2129 1670 arcus

2254 1624 2329 1694 ,ὴν
2388 1621 2690 1693 Ἀχιτόφελ,
2753 1622 2849 1674 καὶ
2908 1620 3186 1673 πέπαυται
3238 1621 3272 1690 ἡ
3333 1617 3615 1690 ἐπιϐουλή.
3660 1616 3834 1683 Τόξον

547 1720 769 1760 nervum
813 1705 1066 1777 praecide,
1112 1714 1169 1757 et
1218 1705 1412 1775 sagitta
1456 1705 1666 1758 inutilis
1701 1717 1905 1759 manet.
1955 1703 2131 1763 Proli-

2254 1712 2383 1766 ιστὶν
2436 1712 2743 1784 Ἀχιτόφελ,
2790 1712 2884 1765 καὶ
2912 1710 3066 1782 βέλος
3105 1712 3133 1763 6
3178 1709 3516 1780 Ἀὁεσαλώμ·
3572 1708 3831 1781 νευροκό-

547 1800 752 1855 viscere
792 1803 857 1856 ad
896 1803 1268 1870 Ahsalomtnn,
1306 1805 1450 1858 velut
1493 1819 1521 1857 a
1556 1819 1643 1858 me
1693 1803 1887 1874 fugias,
1918 1813 1970 1859 et
2003 1820 2135 1861 con-

2254 1821 2410 1877 τησον
2445 1803 2556 1874 (51)
2586 1805 2648 1857 τὸ
2674 1803 2847 1868 τόξον,
2877 1803 2970 1856 καὶ
2999 1802 3151 1875 μένει
3175 1802 3237 1855 τὸ
3273 1801 3429 1872 βέλος
3455 1801 3647 1877 ἀργόν.
3690 1802 3839 1853 Ἀπ-

551 1890 723 1960 fngias
752 1894 819 1948 ad
856 1896 1038 1963 illum;
1069 1897 1207 1952 male
1240 1893 1305 1951 de
1338 1912 1427 1950 me
1467 1896 1690 1965 loquere
1721 1898 1865 1965 apud
1898 1912 2042 1965 eum,
2078 1906 2134 1953 et

2254 1896 2357 1950 ιλθε
2386 1895 2521 1968 πρὸς
2546 1895 2636 1949 τὸν
2674 1880 3017 1967 ’λᾶεσαλὼμη
3056 1895 3132 1958 ὼς
3167 1882 3261 1948 ἀπ’
3293 1892 3427 1966 ἐμοῦ
3466 1893 3707 1963 φεύγων,
3733 1894 3841 1946 κὰ-

552 1985 856 2040 maledictis
900 2002 1027 2057 erga
1087 2004 1171 2042 me
1223 1987 1327 2041 tuis
1364 1988 1486 2042 fove
1515 1988 1712 2042 anima:
1742 1986 1860 2058 ejus
1901 1987 2132 2044 febrem.

2254 1990 2400 2060 ιείνῳ
2455 1987 2809 2059 προσφυγὼν,
2865 1988 3179 2059 λοιδόρησόν
3228 2003 3297 2057 με
3352 1986 3439 2037 ἐπ’
3473 1985 3663 2050 αὐτοῦ,
3714 1987 3843 2049 ml;

549 2075 682 2131 Cum
711 2078 802 2132 tibi
831 2087 888 2132 nt
925 2080 1100 2134 amico
1140 2080 1447 2146 conliderit,
1489 2090 1614 2135 tunc
1644 2080 1908 2151 persuade
1939 2081 2015 2135 illi
2066 2097 2135 2137 ne

2254 2083 2355 2136 ιατ’
2399 2080 2534 2153 ἐμοῦ
2588 2081 2881 2154 λοιδορίαις
2929 2079 3211 2134 ἐπαντλῶν
3256 2077 3421 2132 αὑτοῦ
3457 2070 3549 2132 τὸν
3594 2077 3844 2148 πυρετὸν

553 2170 894 2240 Achitopheli
929 2172 1135 2226 credat.
1173 2171 1380 2242 Dissipa
1416 2172 1545 2226 tnihi
1595 2188 1745 2239 eum,
1778 2173 2000 2243 sejunge
2032 2173 2132 2227 mi-

2254 2174 2333 2244 τῆς
2360 2172 2552 2245 ψυχῆς.
2592 2172 2711 2225 Ὀτ“
2736 2172 2800 2227 ἄν
2836 2189 2918 2226 σοι
2944 2173 3021 2236 ὡς
3059 2171 3196 2243 φίλῳ
3228 2171 3514 2244 θαρῤήσει,
3545 2171 3669 2224 τότε
3709 2174 3845 2224 πεῖ-

558 2277 739 2317 sernm
773 2264 1099 2335 discipulum
1140 2279 1169 2318 a
1207 2266 1468 2335 magistro
1512 2264 1686 2332 malo;
1717 2274 1772 2320 et
1799 2266 1941 2320 sicut
1970 2267 2133 2331 nosti,

553 2356 778 2421 dedere,
826 2372 920 2411 seu
951 2357 1138 2428 potius
1170 2357 1259 2411 illa
1293 2357 1427 2413 doce
1468 2374 1586 2427 quae
1614 2358 1959 2415 docetDeus.
2005 2359 2138 2427 Quae

553 2445 662 2500 illic
688 2447 1043 2513 disserentur,
1096 2449 1225 2503 mihi
1256 2448 1456 2515 indica,
1486 2447 1539 2502 in
1582 2461 1815 2519 eamque
1847 2463 1959 2504 rem
2012 2464 2138 2519 par-

556 2538 674 2592 vuli
702 2539 874 2610 puella
907 2541 1239 2596 internuntia
1266 2551 1444 2597 utere.
1480 2540 1806 2598 Sacerdotes
1841 2542 1974 2598 ﬁant
2006 2543 2139 2597 ado—

556 2631 866 2685 lescentulze
910 2633 1202 2688 auditores.
1250 2633 1592 2689 Descendant
1638 2635 1855 2702 utrique
1902 2634 1968 2689 ad
2002 2635 2141 2689 ‘fon-

561 2735 668 2775 tem
712 2738 886 2791 aqum,
924 2724 1070 2777 velut
1116 2726 1464 2793 adaquatmn,
1496 2733 1551 2778 et
1578 2723 1632 2777 in
1663 2725 1886 2779 auribus
1912 2725 2054 2781 sicut
2087 2726 2138 2780 in

2239 2283 2329 2319 σον
2371 2265 2532 2319 αὐτὸν
2563 2264 2638 2337 μὴ
2674 2264 2957 2320 πείθεσθαι
2988 2264 3069 2336 τῷ
3110 2263 3416 2335 Ἃῃτόφελ.
3457 2263 3735 2317 Διασκέδα
3761 2267 3857 2320 σόν

2243 2371 2334 2426 μοι
2383 2355 2566 2420 αὐτὸν,
2623 2354 2932 2425 άπόστησον
2979 2354 3076 2408 τοῦ
3130 2353 3304 2408 κακοῦ
3365 2354 3689 2409 διδασκάλου
3748 2354 3848 2408 τὸν

2239 2445 2421 2501 ἄθλιον
2457 2445 2723 2517 μαθητήν·
2763 2447 2856 2499 καὶ
2904 2446 2980 2509 ὡς
3019 2441 3186 2513 οἶδας,
3219 2446 3589 2517 μεταδίδαξον,
3633 2445 3849 2516 μᾶλλον

2240 2537 2298 2592 δὲ
2338 2539 2523 2592 ἐκεῖνα
2564 2538 2791 2606 δίδαξον,
2824 2537 2969 2609 ἅπερ
2997 2538 3238 2594 διδάσκει
3279 2540 3433 2604 Θεός.
3476 2540 3557 2593 Τά
3597 2541 3716 2593 ἐκεῖ
3753 2539 3850 2594 λα-

2241 2630 2479 2703 λούμενα
2532 2631 2656 2702 ἐμοὶ
2692 2631 3030 2709 καταμήνυε,
3063 2631 3429 2703 παιδισκαρίῳ
3465 2631 3650 2703 μικρῷ
3683 2633 3853 2704 μεσί-

2241 2739 2310 2793 τῃ
2361 2721 2728 2794 χρησάμενος.
2782 2722 2972 2793 Ἶερεῖς
3012 2721 3123 2793 (52)
3171 2721 3509 2791 γινέσθωσαν
3566 2722 3669 2794 τῆς
3720 2740 3855 2777 παι-

557 2815 765 2885 hydriis
810 2825 1019 2869 secreta
1061 2816 1191 2870 mihi
1243 2815 1549 2870 infundant.
1600 2815 1807 2871 Cuncta
1848 2815 2140 2884 faciamus,

2254 2814 2434 2885 itsxqg
2459 2813 2748 2883 ἀκροαταί.
2791 2813 2915 2866 Ἐπὶ
2940 2812 3122 2884 πηγὴν
3147 2812 3336 2876 ὓδατος
3362 2812 3855 2868 καταϐαινέτωσαν

559 2906 872 2961 admirantle
913 2907 1124 2969 ‘-Chnsi,
1175 2922 1283 2977 quo
1331 2907 1589 2962 Absalom
1649 2922 1756 2963 non
1794 2918 2003 2979 pereat,
2035 2926 2142 2980 quo

2254 2906 2432 2977 Ξμςρω,
2455 2905 2531 2971 ὡς
2556 2906 2716 2978 δῆθεν
2748 2905 3121 2978 ὑδρευόμενοι,
3152 2907 3248 2961 καὶ
3280 2907 3355 2971 ὡς
3384 2908 3441 2961 ἐν
3471 2907 3685 2978 ὑδρίαις
3721 2909 3856 2973 ταῖς

559 3012 660 3068 ego
710 3011 811 3051 non
864 2998 1110 3051 amittam
1156 2998 1348 3062 illium,
1399 3013 1507 3068 quo
1537 3013 1637 3053 nec
1698 2997 1790 3054 ille
1826 2999 1945 3054 sine
1990 3011 2144 3071 patre

2254 2999 2441 3061 ἀκοαῖς
2493 2996 2843 3069 άντλήτωσάν
2876 3015 2965 3069 μοι
3005 2998 3073 3057 τά
3107 2999 3404 3071 μυστήρια.
3439 2998 3627 3052 Πάντα
3678 2999 3856 3070 ποιή-

559 3089 650 3152 sit,
687 3104 785 3142 nec
812 3102 911 3159 ego
951 3088 1070 3144 sine
1109 3088 1241 3154 ﬁlio,
1294 3103 1402 3159 quo
1435 3090 1491 3142 in
1546 3090 1810 3159 sapientia
1860 3094 2144 3163 aucuperis

2254 3106 2453 3160 σωμεν,
2507 3082 2552 3142 ὦ
2596 3089 2866 3161 θαυμάσιε
2905 3090 3095 3154 Χουσὶ,
3143 3090 3261 3155 πῶς
3305 3091 3334 3142 6
3386 3090 3712 3162 Ἀὄεσαλὼμ
3769 3092 3858 3164 μὴ

561 3178 761 3246 pullum
797 3193 997 3243 meum,
1047 3179 1134 3235 cui
1184 3195 1320 3235 vana
1368 3180 1539 3249 gloria
1593 3181 1708 3237 alas
1759 3182 1926 3243 dedit.
1983 3199 2141 3254 quem

2254 3181 2556 3246 ἀπολεῖται,
2588 3181 2705 3247 πῶς
2730 3180 2846 3252 ἐγὼ
2873 3181 2949 3254 μὴ
2979 3182 3245 3254 ζημιωθῶ
3278 3184 3371 3237 τὸν
3408 3185 3544 3247 υἱὸν,
3576 3185 3695 3250 πῶς
3741 3187 3859 3257 μή-

560 3275 813 3343 iuventns
839 3275 1055 3330 edocuit
1084 3284 1272 3329 contra
1307 3288 1393 3328 me
1422 3272 1696 3329 lascivire.
2076 3328 2083 3331 τ

2254 3291 2311 3327 τε
2340 3276 2547 3338 ἐκεῖνος
2576 3274 2830 3345 ἀπάτωρ,
2870 3276 3006 3347 μήτε
3028 3275 3140 3345 ἐγὼ
3172 3275 3418 3340 ἄτεκνος,
3447 3276 3566 3340 πῶς
3589 3280 3647 3331 ἐν

563 3367 795 3437 ἰξεύσεις
841 3365 932 3420 τὸν
989 3365 1213 3421 ινεοττόν
1269 3382 1392 3437 μου,
1458 3365 1517 3419 ὃν
1577 3366 1611 3436 ἡ
1668 3362 1945 3429 κενοδοξία
1990 3364 2323 3437 ἐπτέρωσεν,
2387 3365 2446 3419 ὃν
2511 3368 2545 3437 ή
2612 3365 2802 3438 νεότης
2870 3366 3098 3437 σκιρτᾷν
3166 3367 3287 3418 κατ’
3353 3367 3488 3438 ἐμοῦ
3543 3368 3810 3434 ἐδίδαξεν.

639 3485 932 3553 Postquam
964 3484 1130 3539 David
1168 3484 1282 3539 haec
1311 3484 1487 3538 amico
1517 3500 1616 3540 suo
1659 3483 1826 3542 Chusi
1859 3488 2015 3553 dixit,
2064 3488 2153 3541 ille

566 3589 694 3628 vero
726 3584 980 3641 tanquam
1015 3573 1153 3626 alter
1195 3574 1310 3642 ipse
1341 3586 1648 3628 sermonem
1708 3585 1999 3631 exsecutus
2027 3586 2149 3642 est;

566 3674 624 3719 et
655 3665 789 3717 abiit
820 3665 885 3716 ad
924 3663 1276 3718 Absalomum
1309 3665 1696 3734 uttransfuga,
1740 3675 1795 3720 et
1833 3665 2038 3737 fugavit
2067 3667 2151 3721 in-

566 3753 846 3807 ordinatos
866 3752 1042 3822 ipsius
1070 3763 1263 3807 contra
1312 3763 1520 3823 patrem
1560 3766 1773 3811 motus:
1808 3758 1935 3826 quia
1978 3758 2156 3813 verbis

567 3844 733 3900 Chusi
787 3846 1178 3914 imprudentem
1235 3845 1587 3901 ‘Absalomum
1630 3849 1795 3917 Vicit;
1843 3848 2010 3905 David
2057 3866 2155 3921 pro

572 3940 750 3994 verbis
804 3938 969 3995 Clausi
1021 3939 1226 4011 gratias
1279 3940 1391 4010 agit
1453 3940 1585 3995 Deo.
1647 3940 1900 3996 Psalmus
1960 3942 2153 4008 David,

569 4048 718 4101 quem
771 4033 996 4085 cantavit
1053 4031 1274 4085 Domino
1332 4047 1426 4097 pro
1477 4033 1643 4086 verbis
1691 4031 1856 4088 Chusi
1905 4032 2007 4101 ﬁlii
2059 4032 2152 4087 Je-

571 4125 718 4177 miui.
763 4123 873 4177 Hoc
941 4135 1020 4179 cst
1048 4140 1064 4178 :
1097 4123 1288 4179 Sermo
1313 4125 1544 4179 actionis
1597 4125 1782 4190 David,
1815 4139 1975 4194 quem
2011 4126 2154 4180 velut

574 4216 897 4285 triumphale
943 4215 1213 4271 canticum
1250 4214 1361 4270 Deo
1404 4217 1760 4272 consecravit.

1840 4306 1861 4334 δ

640 4395 749 4449 Cur
792 4407 969 4450 autem
1003 4394 1143 4450 idem
1181 4393 1346 4450 Chusi
1381 4392 1662 4448 dicebatur
1680 4391 1821 4447 ﬁlius
1842 4390 2063 4456 Jemini,
2097 4402 2151 4448 et

641 4581 693 4614 "
726 4580 926 4635 Jerem.
955 4595 1094 4641 xm,
1126 4580 1211 4631 ll.
1318 4580 1362 4611 "
1405 4578 1573 4634 Eccli.
1608 4592 1740 4643 xm,
1773 4579 1866 4632 9.5.

2335 3487 2554 3559 Ἐπειδὴ
2605 3486 2778 3542 ταῦτα
2811 3489 2839 3542 6
2869 3488 3037 3542 Δασὶδ
3068 3488 3146 3560 τῷ
3171 3489 3342 3542 Χουσὶ
3374 3489 3454 3561 τῷ
3484 3490 3621 3563 φίλῳ
3665 3487 3851 3555 εἶπεν,

2247 3581 2276 3633 6
2308 3579 2364 3632 δέ
2402 3578 2479 3643 ὡς
2515 3580 2673 3645 ἄλλος
2700 3578 2865 3644 αὐτὸς
2896 3579 2977 3652 τῷ
3013 3581 3157 3652 λόγῳ
3198 3581 3580 3654 διηκονήσατο,
3608 3583 3704 3636 καὶ
3738 3586 3855 3638 ἁπ-

2247 3671 2410 3744 ῆλθεν
2439 3673 2577 3743 πρὸς
2601 3673 2693 3727 τὸν
2737 3671 3079 3745 Ἀιὸεσαλὼμ,
3110 3674 3186 3738 ὡς
3208 3674 3405 3743 φυγάς,
3431 3676 3525 3729 καὶ
3551 3677 3855 3745 ἐφυγάδευ-

2250 3780 2341 3817 σεν
2396 3764 2562 3819 αὑτοῦ
2618 3765 2717 3830 τὰς
2763 3748 3033 3830 ἀτάκτους
3071 3766 3213 3820 κατά
3251 3766 3347 3820 τοῦ
3397 3768 3606 3840 πατρὸς
3641 3769 3849 3839 ὁρμάς·

2249 3855 2441 3928 ἐπειδὴ
2494 3856 2674 3926 λόγοις
2727 3859 2756 3910 6
2808 3858 2979 3911 Χουσὶ
3026 3859 3116 3911 τὸν
3156 3858 3449 3927 ,ἀλόγιστον
3526 3859 3852 3929 Ἀσεσαλὼμ

2254 3948 2530 4020 ἐνίκησεν·
2566 3949 2707 4020 ὑπὲρ
2735 3949 2845 4002 τῶν
2878 3949 3049 4018 λόγων
3072 3949 3240 4002 Χουσὶ
3262 3951 3289 4002 6
3320 3948 3488 4002 Δα6ὶδ
3510 3949 3587 4020 τῷ
3609 3949 3727 4022 Θεῷ
3754 3954 3853 4004 εὑ-

2258 4043 2526 4113 χαριστεῖ.
2586 4041 2835 4111 Ψαλμὺς
2878 4041 2960 4107 τῷ
2998 4040 3196 4106 Δαϐὶδ,
3251 4041 3324 4095 6r
3347 4036 3502 4114 ᾖσεν
3535 4041 3615 4108 τῷ
3652 4046 3854 4111 ιιίφίῳ

2259 4130 2413 4199 ὑπὲρ
2441 4130 2561 4184 τῶν
2587 4132 2787 4201 λόγων
2818 4132 3006 4186 Χουσὶ
3041 4132 3177 4187 υἱοῦ
3226 4128 3481 4203 ’1ἐμενεί.
3526 4136 3673 4189 Ἀντὶ
3723 4136 3848 4200 τοῦ,

2264 4224 2437 4293 Λόγος
2468 4223 2718 4296 πράξεως
2746 4223 2825 4295 τῷ
2856 4224 3042 4290 Δαόὶδ,
3071 4224 3130 4280 ὃν
3159 4224 3236 4289 ὡς
3265 4227 3532 4281 ἐπινίκιον
3589 4226 3732 4300 ᾠδὴν
3769 4229 3854 4301 τῷ

2263 4313 2383 4385 Θεῷ
2408 4314 2692 4384 ἀνέθηκεν.

2330 4404 2430 4459 Διά
2458 4405 2509 4458 τί
2525 4405 2581 4459 δὲ
2606 4408 2633 4459 6
2649 4405 2810 4469 αὐτὸς
2826 4405 2996 4458 Χουσὶ
3012 4405 3125 4470 υίὸς
3153 4406 3400 4477 ’1εμενεὶ,
3419 4407 3513 4460 καὶ
3525 4406 3640 4470 υἱὸς
3653 4406 3708 4458 Ἀ
3718 4407 3856 4479 ραχὶ

648 4738 762 4809 (50)
794 4740 1075 4808 Ἐρημος.
1111 4738 1247 4793 Hinc
1263 4738 1619 4808 proverbialis
1637 4738 1870 4809 locutio,
1901 4742 2044 4793 κατά
2066 4740 2150 4794 τὸν

2263 4740 2573 4805 κοπεῖσθαι,
2611 4741 2665 4795 in
2697 4746 3015 4798 memoriam
3051 4757 3278 4797 revocor
3306 4740 3526 4796 alterius
3560 4755 3668 4795 non
3709 4744 3855 4798 mul-

574 4809 807 4881 πέρδικα
841 4813 1063 4879 γυμνοί,
1097 4808 1907 4881 Athanasio,ttsurpatapEpist.
1938 4811 2007 4864 ad
2029 4810 2158 4865 soli-

577 4878 769 4935 teriam
798 4878 961 4933 vitain
1001 4892 1230 4947 agentes,
1268 4896 1318 4947 p.
1358 4878 1484 4940 830,
1522 4890 1576 4933 et
1612 4878 1680 4933 ab
1711 4879 2004 4947 interprete
2051 4897 2155 4935 non

576 4950 866 5007 intellecta.
894 4947 1218 5005 Philastrius
1263 4950 1416 5004 initio
1449 4947 1639 5019 Operis
1667 4950 1784 5004 sui:
1814 4949 2012 5005 Perdix
2040 4967 2157 5005 cum

574 5019 1004 5091 infecunditatem
1039 5021 1293 5089 patiatur,
1319 5020 1507 5088 swpius
1547 5020 1772 5091 aliorum
1802 5020 1989 5089 furtim
2022 5022 2158 5091 fetus

577 5090 857 5155 incubans,
902 5096 1051 5157 quasi
1102 5107 1222 5144 suos
1274 5091 1385 5158 iam
1424 5091 1556 5157 foret
1610 5107 1672 5144 ac
1714 5090 1944 5145 vindicat
1991 5094 2151 5159 ﬁlios,

576 5176 737 5227 usque
765 5165 839 5231 ad,
880 5168 1081 5228 tempus
1121 5162 1355 5231 aliquod.
1411 5159 1643 5230 Cumque
1686 5161 1762 5214 eis
1803 5162 1922 5229 jam
1952 5173 2151 5231 tempus

577 5230 1087 5303 (etatisgdiscernens
1115 5232 1414 5303 accreverit,
1453 5243 1572 5283 tunc
1604 5232 1810 5286 amissis
1843 5233 1975 5303 (leg.
1997 5230 2153 5287 omis-

577 5302 671 5369 sis)
699 5300 850 5368 falsis
899 5302 1221 5372 parentibus,
1266 5302 1393 5370 jura
1424 5315 1690 5370 parentum
1745 5300 1898 5362 sensu
1924 5300 2154 5372 ‘proprio

578 5371 932 5435 recordantes,
950 5370 1226 5442 palamque
1256 5373 1420 5426 oculis
1445 5374 1720 5437 intuentes,
1744 5376 1886 5441 sequi
1918 5370 2004 5427 eos
2037 5370 2154 5426 am-

575 5442 715 5509 ptius
749 5442 1111 5495 demorantur.
1138 5443 1359 5512 lteliqua
1391 5452 1540 5512 petes
1580 5444 1940 5512 praecipueex
1968 5455 2154 5497 eatena

575 5523 633 5568 et
658 5513 1040 5580 interpretibus
1065 5514 1115 5566 in
1139 5510 1723 5576 Jeremiam,Bucharto
1748 5515 1798 5564 in
1826 5510 2157 5576 llierozoico,

577 5595 635 5638 et
661 5579 1107 5638 notisductornm
1148 5584 1446 5646 hominum,
1481 5583 1658 5636 Allatii
1689 5584 1756 5634 ad
1795 5579 2155 5648 Eustathium,

578 5652 972 5724 Conthelisiiad
1002 5650 1366 5724 Hippolytum,
1389 5652 1582 5724 _lluetii
1622 5653 1690 5704 ad
1718 5651 2015 5722 Origeuem.

652 5723 764 5787 (5|)
818 5722 1311 5794 Νευροκόπησον.
1361 5722 1532 5780 Vt-rbu
1564 5726 1934 5796 νευροκοπεῖν.
1970 5741 2155 5796 νευρο-

2262 4821 2373 4867 tum
2413 4812 2697 4877 absimilis,
2723 4814 2817 4867 sed
2851 4813 3169 4868 recentioris
3195 4813 3432 4877 fabrica},
3477 4815 3619 4880 quod
3652 4811 3856 4868 leviter

2260 4883 2634 4951 depravatum,
2670 4883 2804 4936 viris
2850 4884 3185 4938 doctissimis
3226 4882 3497 4937 lacessivit
3545 4884 3854 4949 negotium,

2261 4969 2410 5007 num.
2446 4952 2533 5018 l6,
2566 4952 2842 5008 Passionis
2867 4954 3046 5008 Basilii
3077 4952 3379 5023 presbyteri
3400 4951 3467 5023 ad
3498 4967 3615 5023 nn
3642 4952 3851 5023 Martii.

2260 5038 2366 5091 quo
2402 5024 2520 5094 loco
2567 5023 2797 5094 habetur
2835 5025 2887 5077 in
2922 5041 3023 5094 ms.
3058 5021 3254 5077 ἐλαϐεν
3280 5022 3377 5076 ἕνα
3430 5022 3542 5075 ἀπὸ
3583 5021 3695 5076 τῶν
3735 5026 3856 5094 ἠνο-

2268 5093 2616 5164 τομηθέντων
2662 5092 2850 5165 λώρων
2893 5092 2986 5147 τοῦ
3017 5094 3288 5165 σώματος.
3323 5097 3361 5146 Α
3400 5107 3487 5165 me
3525 5108 3652 5146 vero
3682 5092 3854 5149 corr:-

2259 5165 2402 5232 gitur
2434 5164 2880 5236 ῐνοτομηθέντων.
2910 5166 2990 5218 Ad
3016 5164 3157 5219 hunc
3182 5178 3424 5236 sensum,
3454 5164 3661 5230 Accepit
3690 5180 3853 5217 unum

2259 5251 2286 5304 ς
2313 5237 2543 5304 corporis
2569 5234 2651 5288 sui
2685 5236 2835 5297 loris,
2882 5251 3000 5302 quia
3036 5251 3158 5288 cum
3211 5234 3360 5302 ﬁbris
3391 5243 3587 5304 resecta
3609 5235 3843 5301 fuerant.

2261 5300 2411 5368 τΙνιιις
2437 5306 2600 5360 libras
2626 5321 2745 5359 esse
2779 5321 2843 5357 ae
2873 5300 3068 5359 nervos
3095 5300 3366 5359 neminem
3407 5303 3561 5373 fugit.

2335 5375 2448 5447 (52)
2492 5375 2709 5447 έιερεῖς.
2732 5375 2859 5447 ,νυι
2892 5373 3081 5447 ἱερέων
3113 5377 3418 5447 reducenda
3452 5374 3619 5447 est_in
3641 5382 3846 5447 textum

2265 5443 2583 5518 B._'Cyrill_i,
2639 5446 2779 5499 unde
2834 5443 3122 5518 egshlavit,
3166 5446 3447 5518 pulsarier
3489 5443 3851 5518 allitieitt,_ie-

2269 5516 2399 5587 ρῶν,
2421 5512 2509 5587 'ad
2530 5515 2687 5571 Joan.
2708 5530 2802 5580 xx,
2828 5514 2918 5577 22.
2948 5514 3000 5587 in
3032 5516 3144 5587 line
3159 5512 3279 5583 pag.
3311 5514 3588 5587 10795,ubi
3615 5512 3684 5567 de
3705 5512 3855 5587 hisce

2270 5583 2465 5642 'vt-teris
2500 5586 2633 5657 legis
2687 5586 3084 5643 sacerd0tibus.
3122 5583 3327 5642 Locum
3381 5585 3652 5643 iudicasse
3705 5583 3853 5638 suni-

2267 5669 2393 5711 ςιιιι.
