4062 6150
369 249 476 306 «Πδ

1539 257 1821 315 HOMILIA
1862 261 1998 315 XXI.
2039 262 2101 315 IN
2144 263 2336 319 lSAL.
2378 263 2485 320 ιιι.

3517 263 3615 320 474

369 366 551 420 fater
598 363 827 436 σώματα
871 367 966 420 καὶ
1021 368 1289 439 πρόϐατα,
1341 371 1458 425 ἀλλ’
1496 375 1596 430 οὐκ
1646 376 1918 450 ἀνθρώπω

2052 386 2240 453 estqui
2277 386 2514 449 redimat,
2569 400 2727 448 neque
2774 387 2864 454 qui
2888 368 3096 439 salsum
3144 383 3330 454 furiat.
3373 381 3504 438 Nam
3546 386 3619 452 si,

367 456 560 526 ψυχαί.
587 455 832 522 Μήποτε
856 458 1102 529 ἁρπάσῃ
1136 466 1217 528 ὡς
1245 464 1404 519 λέων
1429 466 1545 535 τὴν
1574 469 1788 537 ψυχήν
1798 487 1940 539 μου.

368 547 477 602 Καὶ
502 544 622 611 πῶς
656 547 892 620 ἁρπάζει
919 552 947 604 6
981 550 1148 618 λέων;
1176 554 1275 623 Μὴ
1310 555 1485 624 ὄντος
1531 562 1945 632 λυτρουμένου

364 637 517 710 μηδὲ
536 638 850 707 σώζοντος.
882 642 947 702 Ei
972 641 1083 715 γὰρ
1104 645 1199 699 τοῦ
1231 648 1395 702 Δαϐὶδ
1426 651 1828 721 ποιμαίνοντος,
1866 653 1942 707 ὅτ’

368 728 433 784 ἂν
459 725 622 800 ἦλθεν
654 730 851 801 λέωνῆ
882 732 1070 804 ἄρκος,
1108 737 1203 790 καὶ
1237 737 1544 810 ἐλάμϐανεν
1581 742 1852 812 πρόϐατον
1878 738 1943 796 ἐκ

365 820 466 891 τῆς
501 820 725 892 ἀγέλης,
760 824 788 876 6
816 822 982 877 Δαόἱδ
1009 824 1273 898 ἐξήρχετο
1304 830 1653 897 κατόπισθεν,
1693 833 1768 898 ὡς
1800 834 1940 888 κατὰ

363 913 646 984 τυράννων
676 917 1000 986 στρατηγὸς,
1034 919 1131 972 καὶ
1164 920 1256 974 τὸν
1286 921 1430 994 θῆρα
1474 923 1726 991 ἔτυπτεν,
1755 928 1850 980 καὶ
1880 927 1940 981 τὸ

363 1004 635 1076 πρόϐατον
672 1006 750 1069 ὡς
792 1009 1137 1079 αίχμάλιιγτον
1162 1012 1489 1078 ἀποσπάσας
1517 1015 1723 1082 ἔσωζεν
1739 1034 1753 1049 ·
1790 1018 1940 1087 πόσῳ

366 1093 567 1165 μᾶλλον
600 1095 736 1149 Θεοῦ
768 1098 871 1163 καὶ,
885 1097 1172 1166 σώζοντος,
1207 1103 1236 1154 6
1263 1101 1399 1157 λέων
1429 1106 1459 1159 6
1484 1105 1730 1172 διάϐολος
1760 1109 1939 1179 ἁρπά-

363 1186 474 1250 ζειν
524 1187 589 1240 οὐ
619 1186 877 1255 δύναται;
926 1189 1173 1258 Μήποτε
1198 1193 1443 1265 ἁρπάσῃ
1488 1197 1569 1263 ὡς
1611 1198 1769 1251 λέων
1822 1199 1938 1268 τὴν

360 1278 569 1349 ψυχήν
598 1296 741 1349 μου.
777 1281 1015 1336 Φύλαττέ
1049 1301 1116 1355 με
1142 1284 1218 1349 ὡς
1248 1286 1475 1358 ποιμὴν,
1512 1289 1606 1341 καὶ
1644 1291 1692 1342 οἱ
1722 1291 1943 1357 ὁδόντε;

359 1370 617 1441 ἀργοῦσιν
645 1371 740 1425 τοῦ
768 1372 1003 1438 λέοντος.

438 1460 657 1533 Ἐπειδὴ
700 1463 873 1519 ταῦτα
913 1461 1086 1533 εἶπεν,
1137 1474 1233 1529 καὶ
1280 1473 1628 1543 προσηύξατο
1667 1474 1931 1546 ρυσθῆναι

355 1552 446 1607 τοῦ
495 1553 709 1619 λέοντος
753 1555 849 1610 τοῦ
895 1557 1240 1631 Ἀϐεσαλὼμ,
1267 1563 1363 1616 καὶ
1408 1564 1741 1636 εἰσηκούσθη
1763 1583 1932 1637 προσ-

355 1642 688 1715 ευξάμενος,
745 1646 962 1716 ἐπάγει,
1007 1649 1101 1702 καὶ
1143 1651 1226 1714 είς
1278 1652 1573 1721 ἀπολογίαν
1623 1655 1884 1725 τρέπεται
1909 1673 1925 1688 ο

353 1737 527 1804 Κύριε
557 1740 592 1792 ό
622 1740 767 1804 Θεός
793 1757 935 1809 μου,
961 1743 1012 1794 εί
1053 1740 1314 1811 ἐποίησα
1338 1744 1534 1801 τοῦτο.
1576 1721 1790 1817 Ἐπειδὴ
1817 1721 2005 1820 γὰρ“Β

352 1829 380 1880 6
421 1827 741 1900 Ἀϐεσαλὼμ
797 1831 873 1895 ὼς
917 1831 1054 1886 λέων
1124 1835 1182 1888 ὲν
1223 1834 1301 1905 τῷ
1328 1835 1542 1907 δρυμῷ,
1569 1837 1660 1891 τὸν
1712 1840 1930 1909 πατέρα

352 1919 592 1986 ἐδίωκεν,
628 1922 705 1986 ὡς
734 1921 872 1978 λέων
917 1925 1025 1979 ἀπὸ
1051 1926 1154 1997 τῆς
1193 1928 1370 2000 κόμης
1422 1930 1718 2001 κρατηθεὶς
1763 1932 1925 2006 ἐκρέ-

353 2028 508 2081 ματο,
539 2014 694 2085 καινή
718 2015 865 2086 κόμη
880 2015 974 2069 τοῦ
1003 2017 1220 2090 δένδρου
1246 2020 1355 2074 ἀπὸ
1372 2022 1473 2093 τῆς
1496 2024 1673 2095 κόμης
1704 2025 1927 2096 ἐκράτει

346 2102 435 2155 τὸν
465 2103 680 2168 λέοντα,
717 2107 810 2160 καὶ
847 2109 924 2173 ὼς
949 2109 1138 2181 ἔριφος
1165 2113 1225 2164 ὲν
1265 2112 1518 2183 μακέλλῳ
1546 2117 1574 2168 6
1606 2115 1743 2169 λέων
1767 2116 1925 2188 ἐκρέ-

348 2212 503 2264 ματο,
532 2197 629 2250 καὶ
658 2197 999 2271 ὀψωνάτορες
1031 2203 1331 2274 ἀνάργυροι
1366 2204 1602 2276 κόρακες
1640 2207 1736 2260 καὶ
1776 2207 1925 2260 ἀετοὶ

347 2287 703 2358 παρεγίνοντο
727 2305 742 2322 ο
776 2292 869 2344 καὶ
918 2291 1067 2359 ἄξιον
1107 2294 1395 2364 ἐπιτάφιον
1425 2296 1573 2368 αὐτῷ
1601 2297 1857 2369 Σαλομὼν
1895 2302 1925 2352 6

344 2378 568 2449 ἀδελφὸς
610 2380 774 2436 αὐτοῦ
817 2383 1144 2454 ὑπέψαλλεν,
1198 2387 1374 2455 λέγων
1393 2405 1408 2419 ·
1451 2389 1794 2459 Ὀφθαλμὸν
1826 2408 1925 2444 κα-

343 2472 683 2542 ταγελῶντα
702 2475 945 2543 πατρὸς,
968 2477 1348 2548 ἐκκόψαισαν
1368 2481 1555 2535 αὐτὸν
1578 2485 1832 2551 κόρακες
1853 2484 1922 2538 ἐκ

342 2561 461 2618 τῶν
486 2565 836 2637 φαράγγων,
880 2569 980 2622 καὶ
1011 2570 1413 2642 καταφάγοιεν
1451 2574 1639 2627 αὐτὸν
1668 2577 1919 2629 νεοσσοὶ

341 2656 552 2713 ἀετῶν.
592 2659 746 2712 Ἐπεὶ
788 2656 881 2716 οὖν
913 2659 966 2714 οί
989 2664 1200 2717 νεοσσοὶ
1236 2664 1327 2716 τὸν
1372 2666 1593 2719 νεοσσὸν
1630 2666 1724 2719 τοῦ
1756 2668 1922 2721 Δαεὶδ

342 2749 646 2803 κατεσθίειν
670 2750 947 2817 ἔσπευδον,
977 2753 1263 2825 προλαϐὼν
1283 2755 1339 2809 δὲ
1362 2756 1392 2808 ό
1421 2757 1726 2828 στρατηγὸς
1760 2757 1920 2810 Ἰωάϐ

339 2840 413 2905 ὡς
449 2840 664 2913 ἱξευτὴς
702 2842 936 2914 καλάμῳ
977 2844 1054 2916 τῷ
1105 2846 1291 2917 δόρατι
1319 2846 1411 2900 τὸν
1457 2848 1577 2902 νέον
1625 2849 1916 2920 ὲθήρασεν,

341 2933 432 2987 καὶ
458 2932 693 3005 πληγεὶς
720 2937 779 2988 ἐν
806 2935 883 3007 τῷ
909 2936 1032 3007 ἀέρι
1068 2937 1456 3009 ἐπτερύσσετο,
1513 2940 1606 2993 καὶ¹
1636 2941 1730 2993 τὸν
1761 2940 1920 2994 θάνα-

2050 477 2266 543 quando
2301 486 2485 542 pastor
2511 489 2628 530 erat
2663 476 2825 531 David
2847 516 2861 543 ,
2902 478 3116 547 quoties
3150 476 3383 532 venisset
3416 477 3498 529 leo
3525 484 3614 530 aut

2052 582 2235 631 ursus,
2268 577 2321 622 et
2350 569 2583 635 cepisset
2607 582 2762 623 ovem
2792 570 2859 624 de
2882 584 3063 639 grege,
3109 568 3273 622 David
3305 568 3618 639 egredieba-

2048 667 2133 711 tur
2179 667 2297 728 post
2337 674 2458 713 eum
2492 696 2508 723 ,
2560 671 2615 714 ut
2661 660 2916 716 adversus
2966 671 3227 731 tyrannos
3265 661 3373 716 dux
3406 660 3617 715 exerci-

2049 760 2155 814 tus,
2183 759 2237 804 ct
2272 749 2441 805 teram
2467 748 2825 821 percutiebat,
2856 766 3119 821 ovemqne
3160 763 3415 821 tanquam
3443 751 3616 821 rapti-

2042 856 2169 895 vum
2205 841 2557 897 abstraliebat
2589 852 2643 896 et
2672 842 3018 898 servabat”:
3052 852 3253 912 quanto
3272 842 3460 912 magis,
3486 843 3612 895 dum

2044 931 2185 985 Deus
2220 932 2431 986 redimit
2462 943 2517 987 et
2550 943 2752 1002 servat,
2779 933 2862 988 leo
2888 933 3131 993 diabolus
3163 948 3353 1003 rapere
3377 949 3483 988 non
3519 947 3611 1001 po-

2046 1023 2187 1078 test?
2212 1021 2508 1094 Nequando
2534 1026 2707 1093 rapiat
2731 1036 2787 1079 ut
2812 1024 2893 1080 leo
2917 1026 3147 1079 animum
3174 1041 3360 1079 meam.
3390 1023 3610 1079 Custodi

2038 1130 2125 1168 me
2179 1124 2431 1186 tanquam
2481 1127 2696 1187 pastor,
2751 1127 2806 1172 et
2849 1117 3022 1173 leonis
3074 1119 3261 1172 dentes
3310 1114 3610 1171 ineiIicaces

2035 1217 2214 1262 erunt.

2103 1481 2393 1550 Postquam
2416 1481 2531 1537 haec
2551 1481 2797 1551 protulit,
2817 1490 3101 1548 oramque
3126 1477 3243 1532 erui
3274 1493 3303 1530 a
3333 1471 3489 1530 leone
3505 1468 3607 1524 Ab-

2032 1571 2260 1637 salomo,
2304 1581 2360 1628 et
2407 1571 2460 1626 in
2509 1571 2757 1626 oratione
2806 1569 3095 1624 exauditus
3139 1579 3260 1633 est,
3310 1564 3617 1636 subjungiu,‘

2033 1674 2195 1734 atque
2223 1665 2289 1719 ad
2324 1663 2688 1719 defensionem
2712 1662 2980 1718 convertit
3004 1676 3064 1715 se
3089 1678 3101 1715 :
3130 1660 3184 1714 4.
3215 1659 3434 1712 Domine
3463 1656 3604 1710 Deus

2033 1773 2198 1823 meus,
2228 1756 2274 1811 si
2298 1757 2397 1826 feci
2432 1757 2593 1810 istud.
2643 1754 2778 1809 Nam
2818 1755 2944 1823 quia
2989 1750 3272 1814 Absalom,
3318 1757 3376 1802 ut
3422 1747 3505 1802 leo
3548 1746 3601 1799 in

2026 1852 2174 1919 sylva
2225 1861 2432 1919 patrem
2464 1849 2925 1921 persequebatur;
2969 1855 3029 1901 ut
3071 1845 3154 1899 leo
3184 1859 3214 1898 a
3244 1857 3396 1897 coma
3424 1850 3601 1893 reten-

2029 1952 2114 1997 tns
2144 1942 2434 2010 pendebat,
2493 1950 2547 1996 et
2597 1939 2812 1995 arboris
2865 1951 3024 1994 coma
3075 1936 3288 1990 leonem
3331 1946 3397 1985 ex
3446 1943 3600 1983 coma

2032 2030 2272 2097 tenebat,
2313 2044 2378 2085 ac
2416 2029 2564 2084 velut
2596 2029 2784 2084 haedus
2827 2028 2881 2081 in
2922 2024 3153 2081 macello
3195 2019 3464 2092 pendebat
3495 2018 3600 2082 leo,

2025 2131 2189 2191 atque
2217 2128 2571 2191 opsonatores
2605 2120 2722 2175 sine
2770 2117 2949 2189 pretio
2970 2116 3117 2171 corvi
3148 2122 3203 2168 et
3228 2110 3421 2181 aquilas
3447 2110 3604 2162 adve-

2023 2211 2236 2266 niebant
2264 2229 2278 2278 ;
2309 2211 2636 2280 dignumque
2681 2208 3016 2279 epitaphium
3064 2206 3114 2260 ei
3149 2202 3377 2258 succinit
3429 2199 3602 2252 frater

2026 2301 2143 2370 ejus
2186 2301 2467 2366 Salomon,
2500 2315 2598 2369 per
2639 2300 2754 2355 haec
2800 2300 3005 2353 verba:
3042 2295 3264 2350 Oculum
3298 2293 3386 2362 qui
3411 2290 3599 2344 irridet

2020 2401 2245 2459 patrem,
2289 2390 2545 2459 e/fodiant
2580 2404 2698 2443 eum
2730 2387 2870 2442 corvi
2896 2388 2959 2439 de
2981 2383 3326 2444 convallibus,
3354 2391 3400 2433 et
3428 2391 3600 2430 come-

2020 2481 2150 2535 dant
2179 2496 2297 2534 eum
2326 2478 2458 2549 pulli
2490 2478 2792 2547 aquilarum
2814 2476 2880 2530 ⁵⁸.
2905 2475 3039 2542 Quia
3073 2487 3202 2543 ergo
3228 2471 3354 2540 pulli
3398 2466 3597 2538 pullum

2022 2573 2244 2628 Davidis
2275 2586 2469 2627 vorare
2500 2571 2852 2636 festinabant,
2890 2565 3226 2639 praeveniens
3254 2572 3432 2616 autem
3462 2554 3599 2612 Joab

2021 2670 2125 2723 dux
2155 2667 2434 2722 exercitus
2475 2664 2625 2720 velut
2668 2676 2870 2730 auceps
2922 2660 3206 2724 arundine,
3255 2656 3411 2710 basta
3439 2652 3598 2723 juve~

2024 2772 2144 2812 nem
2170 2766 2401 2812 venatus
2430 2766 2534 2823 est,
2566 2767 2966 2825 percussusque
2995 2751 3049 2805 in
3089 2764 3215 2804 aere
3250 2748 3364 2801 alas
3398 2758 3602 2799 concu-

2022 2850 2211 2916 tiebat,
2264 2862 2364 2903 nec
2413 2857 2641 2904 mortem
2691 2846 2869 2899 vitare
2912 2851 3156 2914 poterat,
3204 2852 3260 2894 et
3302 2835 3598 2910 palpitabat

2019 2957 2313 3012 acremque
2347 2939 2687 3005 calcitrabat,
2719 2938 2860 3007 quod
2889 2945 3096 3006 patrem
3124 2932 3462 2987 calcitrassct
3488 2946 3500 2981 :
3537 2935 3597 2981 ut

335 3039 427 3076 τον
484 3026 680 3093 φυγεῖν
732 3025 833 3078 οὐκ
879 3025 1112 3096 ἠδύνατο
1135 3067 1150 3092 ,
1211 3029 1307 3082 και⁹
1353 3029 1600 3102 σπαίρων
1636 3030 1729 3084 τὸν
1776 3031 1918 3102 ἀέρα

2022 3050 2145 3106 ergo
2189 3032 2341 3089 multi
2383 3043 2611 3088 mortem
2659 3030 2937 3086 Absalomi
2982 3026 3172 3081 Davidi
3218 3023 3594 3121 assignabaﬁnt,

338 3115 654 3181 ἑΑἰοκτιζεν,
701 3116 889 3188 ἐπειδὴ
934 3118 1028 3172 τὸν
1079 3119 1291 3191 πατέρα
1327 3121 1644 3177 ἐλάκτισεν·
1696 3122 1774 3187 ὡς
1822 3119 1916 3179 οὖν

337 3206 519 3261 πολλοὶ
535 3206 628 3260 τὸν
654 3206 881 3261 θάνατον
912 3207 1008 3262 τοῦ
1044 3209 1366 3281 ’Δῦεσαλὼμ
1397 3211 1477 3282 τῷ
1499 3212 1665 3266 Δαϐὶδ
1687 3214 1919 3285 ἐπιγρά-

335 3314 527 3367 φοντες
546 3337 562 3364 ,
607 3299 704 3353 καὶ
737 3298 1050 3371 αἰτιώμενοι
1081 3300 1297 3372 ἔλεγον⁵
1326 3301 1438 3355 Ποῦ
1476 3306 1510 3374 ἡ
1544 3305 1788 3376 πραότης
1821 3304 1915 3357 τοῦ

334 3390 537 3457 Δαϐίδ;
598 3389 704 3444 ποῦ
756 3393 789 3463 ἡ
841 3395 1124 3465 προφήτου
1187 3394 1472 3460 εύλάϐεια;
1526 3396 1657 3449 ἰδίου
1721 3394 1914 3450 τέκνου

336 3480 561 3551 νεότητα
600 3481 910 3554 σκιρτῶσαν
949 3484 1050 3536 οὐκ
1085 3483 1337 3554 ἤνεγκεν,
1391 3483 1529 3537 ἀλλὰ
1590 3485 1916 3557 φονευθῆναι

336 3571 496 3627 αὐτὸν
531 3572 777 3644 ἀνηλεῶς
832 3573 1118 3637 ἐκέλευσεν
1138 3592 1153 3606 ·
1187 3574 1378 3646 ἐπειδὴ
1408 3575 1470 3629 τὸ
1505 3575 1701 3644 ψεῦδος
1747 3577 1841 3630 καὶ
1879 3579 1911 3648 ἡ

338 3663 670 3733 συκοφαντία
700 3664 1064 3732 ἐπλατύνετο,
1103 3666 1362 3740 μάρτυρα
1388 3670 1489 3739 τῆς
1536 3669 1847 3739 ἀθωότητος
1885 3670 1914 3722 6

335 3757 498 3811 Δαϐὶδ
517 3758 611 3812 τὸν
636 3758 770 3811 Θεὸν
799 3759 1077 3813 ἐκάλεσεν.

403 3849 641 3914 Πάντες,
685 3850 951 3916 Δέσποτα,
986 3836 1256 3919 λέγουσιν,
1292 3855 1375 3908 ὅτι
1414 3855 1525 3924 ἐγὼ
1552 3856 1644 3910 τὸν
1691 3856 1915 3910 Ἀϐεσα-

333 3938 452 4011 λὼμ
485 3941 778 4011 ἐφόνευσα.
840 3944 1020 4012 Κύριε
1067 3948 1099 3999 ό
1151 3947 1296 4012 Θεός
1345 3965 1503 4017 μου,
1545 3951 1597 4002 εί
1648 3950 1912 4017 ἐποίησα

333 4031 533 4084 τοῦτο·
576 4034 626 4085 εί
650 4032 750 4104 τὴν
776 4032 954 4098 δεξιὰν
985 4037 1051 4106 τῇ
1088 4039 1272 4107 σφαγῇ
1303 4037 1398 4091 τοῦ
1424 4038 1614 4103 παιδὸς
1638 4039 1907 4110 ἐμόλυνα-

331 4121 568 4177 εὶέστιν
581 4122 870 4180 ἀδικίαὲν
885 4127 1102 4195 χερσιν
1124 4144 1266 4197 μου.
1283 4130 1345 4181 Εἰ
1375 4131 1432 4182 ὲν
1456 4130 1780 4201 γράμμασιν
1813 4133 1910 4185 αὺ-

331 4209 417 4263 τὸν
443 4210 520 4276 ὡς
557 4211 650 4267 τὸν
673 4213 878 4284 Οὐρίαν
897 4215 1193 4286 ἐφόνευσα·
1233 4218 1281 4270 εἰ
1314 4218 1601 4282 δακτύλοις
1625 4220 1779 4290 ἐμοῖς
1817 4221 1909 4275 τὸν

330 4305 449 4354 κατ’
470 4303 684 4357 ἐκείνου
719 4306 1137 4378 ὲσκιογράφησα
1170 4307 1418 4362 θάνατον.
1459 4307 1529 4362 Ἢ
1563 4311 1659 4363 uel.
1700 4310 1904 4377 οὕτως·

2019 3127 2348 3182 accusabant
2376 3140 2523 3189 eum,
2554 3139 2618 3178 ac
2644 3123 2896 3177 dicebant
2925 3137 2940 3174 :
2979 3118 3075 3173 Ubi
3105 3116 3461 3172 mansuetudo
3492 3111 3599 3166 Da-

2017 3220 2191 3275 vidis?
2226 3220 2312 3274 ubi
2349 3218 2624 3287 propheta:
2663 3213 2872 3285 pietas?
2910 3209 3113 3280 proprii
3162 3208 3254 3263 lilii
3309 3205 3596 3261 lascivien-

2021 3324 2128 3367 tem
2157 3310 2498 3380 jnventutem
2534 3322 2640 3363 non
2679 3305 2819 3370 tulit,
2852 3303 2948 3360 sed
2980 3299 3218 3357 interimi
3255 3313 3378 3352 eum
3415 3295 3595 3349 immi-

2017 3400 2368 3457 sericorditer
2403 3399 2614 3469 jussit:
2653 3394 3092 3468 quandoquidem
3147 3388 3484 3445 mendacium
3538 3394 3597 3439 et

2017 3493 2284 3548 calnnmia
2312 3492 2616 3554 crescebat,
2655 3497 2847 3545 testem
2878 3483 3202 3556 innocentia:
3236 3480 3401 3535 David
3427 3491 3594 3533 voea-

2015 3586 2093 3638 vit
2125 3584 2315 3644 Deum.

2090 3858 2279 3914 Cuncti
2315 3898 2331 3922 ,
2397 3856 2667 3919 Domine,
2748 3855 2935 3908 dicunt
2995 3870 3024 3906 a
3086 3867 3173 3906 me
3240 3849 3590 3906 Absalomutn

2014 3952 2183 4006 luisse
2224 3950 2488 4004 occisum.
2535 3949 2759 4003 Domine
2806 3947 2947 4001 Deus
2990 3961 3160 4007 meus,
3188 3943 3234 3995 si
3266 3944 3368 4010 feci
3404 3940 3546 3994 istud
3571 3954 3592 3993 .°
3648 4016 3654 4022 η

2010 4042 2056 4097 si
2084 4042 2331 4097 dextram
2382 4041 2529 4094 cede
2568 4038 2660 4092 lilii
2713 4036 2973 4091 maculavi
3005 4034 3091 4088 :si
3137 4043 3211 4086 est
3251 4032 3503 4101 iniquitas
3536 4029 3591 4083 in

2012 4136 2253 4190 manibus
2269 4133 2420 4188 meis.
2455 4130 2512 4187 Si
2545 4147 2639 4201 per
2670 4132 2875 4186 litteras
2901 4144 3048 4192 eum,
3084 4127 3227 4181 velut
3267 4125 3478 4188 Urium,
3506 4125 3583 4177 in-

2013 4226 2233 4296 terfeci;
2266 4226 2311 4280 si
2350 4221 2535 4293 digitis
2571 4224 2705 4278 meis
2733 4231 2964 4279 mortem
3004 4222 3266 4275 adversus
3294 4217 3466 4284 ipsum
3498 4214 3590 4269 de-

2012 4303 2230 4377 lineavi.
2278 4321 2386 4374 Aut
2426 4320 2590 4374 etiam
2612 4317 2735 4387 “sic:
2774 4314 3026 4385 quoniam
3069 4321 3221 4381 pater
3250 4325 3279 4362 a
3313 4308 3425 4362 tilio
3452 4302 3586 4375 eripi

330 4394 520 4466 ἐπειδὴ
562 4395 825 4467 ρυσθῆναι
865 4399 894 4451 6
918 4399 1101 4472 πατὴρ
1124 4401 1233 4455 ἀπὸ
1272 4400 1366 4454 τοῦ
1402 4401 1519 4455 υἱοῦ
1545 4403 1907 4475 προσηύχετο,

2022 4412 2357 4479 precabatur,
2393 4417 2452 4465 et
2488 4406 2723 4477 agricola
2771 4405 3008 4473 plantam
3060 4400 3205 4455 velut
3246 4398 3456 4467 spinam
3506 4395 3588 4449 fn-

328 4488 421 4539 καὶ
458 4488 487 4539 ὁ
521 4488 767 4560 γεωργὸς
806 4488 868 4543 τὸ
910 4491 1076 4561 φυτὸν
1107 4492 1182 4555 ὡς
1222 4491 1464 4547 ἄκανθαν
1498 4493 1727 4564 ἔφυγεν,
1753 4498 1848 4550 καὶ
1879 4498 1907 4550 6

328 4582 531 4653 ποιμὴν
571 4581 663 4634 τὸν
694 4582 832 4654 ἄρνα
870 4585 948 4648 ὼς
992 4583 1183 4641 λέοντα
1233 4584 1653 4656 ἀπεδίδρασκεν,
1687 4587 1910 4639 ἀναϐλέ-

327 4671 431 4742 ψας
459 4675 541 4740 είς
575 4675 668 4729 τὸν
700 4676 927 4748 οὐρανὸν
959 4676 1175 4746 ἔλεγεν·
1217 4677 1274 4729 Ὀ
1307 4677 1423 4740 υἱὸς
1451 4678 1553 4748 ἐμὲ
1578 4679 1669 4732 τὸν
1692 4681 1905 4751 πατέρα

330 4764 570 4836 πολεμεῖ.
599 4767 778 4837 Κύριε
814 4771 848 4823 d
891 4769 1033 4834 Θεός
1060 4785 1179 4837 μου
1199 4808 1213 4833 ,
1249 4770 1303 4821 εὶ
1328 4768 1588 4836 ἐποίησα
1612 4771 1807 4826 τοῦτο.
1840 4773 1905 4824 Εἰ

326 4854 414 4909 τὸν
434 4858 665 4912 τεκόντα
695 4858 943 4931 ἐλύπησα
960 4875 974 4890 ⁶
1005 4861 1054 4912 εί
1086 4858 1162 4930 μὴ
1180 4859 1256 4923 ὡς
1281 4858 1464 4923 δοῦλος
1488 4860 1725 4934 δεσπότῃ
1747 4862 1901 4916 ἐδού-

327 4946 517 5003 λευσα³
556 4951 607 5004 εί
653 4950 744 5004 τὸν
779 4951 989 5006 ἐκείνου
1018 4952 1251 5006 θάνατον
1276 4951 1415 5023 ἐμὴν
1449 4953 1762 5026 ἐλευθερίαν
1794 4955 1904 5008 ἐνό-

328 5057 477 5111 μισα.
512 5043 691 5111 Κύριε
750 5047 783 5098 ὁ
831 5044 976 5111 Θεός
1016 5062 1155 5114 μου,
1203 5047 1258 5099 εὶ
1305 5046 1565 5113 ἐποίησα
1608 5046 1803 5101 τοῦτο.
1836 5049 1900 5100 "0

326 5132 580 5204 ὑπομένω
609 5134 903 5207 είεπραξα.
930 5139 999 5191 El
1024 5136 1199 5193 ἔστιν
1219 5139 1420 5193 ἀδικία
1439 5140 1509 5193 ὲν
1528 5139 1740 5207 χερσίν
1762 5156 1904 5209 μου.

323 5223 385 5277 Ei
414 5226 673 5280 ὲπέσεισα
705 5227 806 5293 τὰς
849 5231 1056 5301 χεῖρας,
1085 5230 1184 5303 τὴν
1224 5231 1521 5301 σύντροφον
1556 5233 1746 5287 πενίαν
1774 5233 1909 5287 ὀνει-

323 5315 484 5379 δίζων
514 5318 593 5389 τῷ
622 5320 813 5403 πατρί·
846 5323 894 5375 εἰ
939 5323 1017 5394 μὴ
1046 5324 1146 5387 τὰς
1176 5324 1285 5378 ἀπὸ
1307 5325 1417 5380 τῶν
1442 5325 1704 5395 καμάτων
1731 5344 1904 5399 προσ-

323 5405 473 5471 όδους
515 5411 855 5485 προσέφερον
878 5430 892 5444 ·
948 5415 997 5467 εί
1036 5414 1110 5487 μὴ
1149 5416 1247 5479 ὼς.
1287 5416 1549 5488 δευτέραν
1581 5419 1901 5490 προσφορὰν

321 5498 399 5571 τῷ
424 5503 594 5573 πατρὶ
628 5502 728 5575 τὴν
767 5507 1025 5581 εἰσφοράν
1053 5506 1265 5581 ἔφερον.
1308 5511 1375 5563 El
1402 5509 1575 5563 ἐστιν
1596 5511 1796 5565 ἀδικία
1832 5511 1903 5566 ἐν

388 5709 439 5740 ⁸⁸
471 5708 491 5764 Ι
537 5711 667 5782 llcg.
701 5729 831 5784 svnt,
866 5716 956 5795 5i,
1157 5720 1203 5750 "
1232 5719 1386 5778 νων.
1420 5739 1546 5790 nx,
1577 5726 1659 5781 17.

2015 4503 2222 4574 giebat,
2268 4511 2568 4572 pastorque
2597 4513 2795 4568 agnum
2830 4506 3087 4564 tanquam
3127 4493 3333 4548 leonem
3362 4491 3587 4552 vitabat,

2010 4595 2313 4665 suspiciens
2345 4595 2398 4648 in
2422 4592 2623 4648 castum
2656 4591 2794 4645 dixit
2821 4607 2836 4644 :
2861 4588 3031 4644 Filius
3058 4601 3143 4641 me
3175 4596 3383 4655 patrem
3412 4582 3588 4637 hosti—

2008 4688 2131 4742 liter
2166 4687 2322 4759 petit.
2360 4686 2580 4741 Domine
2610 4684 2752 4739 Deus
2778 4700 2945 4749 meus,
2983 4683 3031 4736 si
3062 4682 3162 4751 feci
3200 4677 3360 4733 istud.
3398 4676 3455 4732 Si
3491 4692 3586 4747 ge-

2010 4783 2240 4837 nitorem
2304 4778 2781 4853 molestiaaﬂeci;
2835 4779 2882 4833 si
2927 4788 3187 4847 tanquam
3235 4788 3429 4828 servus
3487 4773 3586 4824 do-

2010 4875 2157 4929 mino
2211 4889 2316 4928 nun
2372 4873 2616 4939 servivi;
2673 4873 2717 4928 si
2781 4878 3011 4926 mortem
3079 4868 3221 4922 illius
3277 4864 3586 4920 libertatem

2011 4980 2186 5021 meam
2230 4966 2533 5021 arbitratus
2580 4980 2724 5021 sum.
2767 4965 2989 5019 Domine
3027 4961 3171 5016 Deus
3198 4975 3366 5025 meus,
3407 4956 3453 5011 si
3484 4955 3586 5026 feci

2010 5058 2176 5112 istud.
2210 5057 2364 5125 Quod
2405 5059 2582 5129 patior
2618 5058 2663 5114 si
2693 5057 2801 5128 egi.
2833 5057 2896 5113 Si
2931 5067 3004 5111 est
3032 5054 3283 5124 iniquitas
3329 5054 3383 5105 in
3422 5050 3589 5104 mani-

2011 5151 2105 5204 bus
2157 5153 2307 5204 meis.
2371 5149 2447 5204 Si
2479 5150 2726 5205 concussi
2769 5163 2983 5211 manus,
3040 5162 3099 5201 ιιι
3142 5144 3588 5201 contubernalem

2009 5250 2383 5310 paupertatem
2432 5239 2819 5309 exprobrarem
2868 5237 3049 5308 patri;
3107 5238 3152 5291 si
3199 5251 3262 5290 ex
3310 5234 3586 5289 laboribus

2009 5343 2302 5402 proventus
2347 5347 2454 5386 non
2490 5331 2656 5387 detuli
2682 5347 2697 5398 ;
2727 5332 2771 5386 si
2804 5344 2910 5386 non
2941 5330 3081 5384 velut
3110 5330 3406 5384 secundam
3438 5326 3589 5383 obla-

2010 5426 2212 5480 tionem
2264 5425 2409 5496 patri
2453 5424 2608 5479 attuli
2659 5425 2998 5495 pensionem.
3037 5420 3096 5478 Si
3138 5434 3212 5476 est
3250 5421 3499 5491 iniquitas
3531 5420 3586 5471 in

2009 5517 2249 5573 itionibus
2291 5518 2437 5572 meis.
2486 5517 2540 5572 Si
2584 5532 2776 5574 manus
2805 5518 2870 5572 ad
2902 5516 3157 5572 ultionem
3189 5523 3241 5568 cl
3271 5512 3455 5583 plagas
3484 5509 3579 5565 ad-
