4076 6144
500 265 603 329 ⁴77

1747 285 2094 341 APPENDIX
2137 288 2229 343 At!)
2269 290 2642 351 ASTERIUM.

3636 301 3740 358 4⁸18

498 389 928 488 μαρτυρρῦμρν.
975 391 1188 487 Εὐθέως
1213 397 1270 488 -ή
1309 395 1623 488 ἓοσσάννα·
1658 400 1834 469 Κύριε
1867 405 1899 456 ὁ
1931 404 2070 470 Θεός

2177 422 2361 465 sermo
2398 414 2627 469 veritate
2660 415 2885 481 nitatur,
2922 417 3083 472 audi:
3125 416 3482 484 Exclamavit,
3528 418 3739 488 inquit.

499 475 689 541 μου,εὶ
715 473 974 541 ἐποίησα
997 475 1194 531 τοῦτο.
1211 479 1272 532 Εἰ
1297 480 1548 552 ἀληθεύει
1566 485 1744 548 πολιὰ,
1772 488 1866 541 καὶ
1884 489 2073 558 νεάτης

500 564 814 633 σφάλλεται.
849 565 957 619 Καὶ
988 567 1068 621 ὅτι
1102 567 1306 641 ἀληθὴς
1351 573 1380 624 6
1426 571 1600 642 λόγος,
1635 574 1865 631 ἄκουσον
1887 596 1898 608 ·
1943 579 2075 632 Ἀν-

499 656 771 722 εεόησεν,
799 657 986 728 φησὶν,
1016 659 1052 727 ἡ
1091 659 1433 730 Σουσάννα,
1474 667 1574 721 καὶ
1606 667 2076 734 ἀναστενάξασα

498 742 664 800 εἶπεν
683 763 695 776 ·
725 748 786 800 Ὀ
805 747 947 814 Θεὸς
968 753 1001 803 ό
1013 749 1267 818 αἰώνιος,
1286 755 1319 806 ό
1340 756 1459 810 τῶν
1479 757 1760 823 κρυπτῶν
1779 759 2070 828 γνώστης,

500 841 532 891 ὀ
559 838 730 906 εἰδὼς
761 840 833 894 τὰ
858 841 1054 896 πάντα
1083 843 1225 910 πρὶν
1275 847 1585 915 γενέσεως,
1615 849 1697 902 σὺ
1727 850 2070 917 ἐπίστασαι,

499 928 588 983 ὅτι
620 929 820 999 ψευδῆ
840 949 962 1000 μου
988 936 1541 1004 καταμαρτυροῦσιν
1565 953 1578 967 °
1635 941 1734 994 καὶ
1765 940 1893 994 ἰδοὺ
1925 943 2074 997 ἁπο-

498 1021 742 1088 θνήσκω
789 1026 877 1094 μὴ
917 1026 1232 1094 ποιήσασα
1275 1030 1487 1100 μηδέν.
1513 1062 1583 1072 -
1611 1037 1788 1104 Κύριε
1836 1040 1871 1092 ὀ
1929 1040 2074 1106 Θεός

499 1132 632 1183 μου,
659 1119 713 1170 ει
742 1117 1001 1186 ἐποίησα
1024 1121 1217 1177 τοῦτο.
1247 1123 1399 1178 Ἐπεὶ
1426 1121 1520 1178 οὖν
1549 1127 1580 1198 ἡ
1613 1131 1948 1198 συκοφαντία
1974 1131 2074 1203 τὴν

499 1207 788 1278 τυραννίδα
835 1209 1127 1276 ὲνδέδυται,
1176 1215 1270 1267 καὶ
1324 1216 1621 1288 ἀναπτεροῖ
1673 1221 1933 1286 πολλάκις
1975 1224 2075 1289 τὰς

498 1300 606 1354 τῶν
639 1301 846 1357 πολλῶν
874 1305 1062 1370 ἀκοὰς,
1093 1307 1188 1361 ἐὰν
1224 1312 1658 1385 συκοφαντηθῇς,
1689 1317 1877 1388 ἐπειδὴ
1914 1317 2073 1388 μόνος

497 1395 684 1448 πεῖσαι
713 1395 922 1461 πάντας
959 1399 1059 1452 οὐκ
1092 1401 1319 1472 ἰσχύεις,
1347 1403 1745 1474 ἄφες-πάντας,
1782 1399 1877 1463 καὶ
1895 1411 2070 1483 δράμε

497 1485 635 1556 πρὸς
659 1488 750 1540 τὸν
783 1489 963 1559 μόνον,
995 1492 1089 1545 καὶ
1121 1494 1374 1567 μάρτυρα
1396 1496 1560 1553 αὐτὸν
1587 1497 1688 1570 τῆς
1712 1501 1812 1572 σῆς
1837 1502 2071 1574 ἀθωότη-

2172 500 2417 556 Susanna
2445 547 2460 567 ,
2511 516 2558 558 et
2606 507 2944 576 ingemiscens
2997 509 3130 562 dixit
3178 509 3266 560 “2
3321 508 3462 561 Deus
3508 518 3740 572 a’terne,

2168 592 2258 661 qui
2301 593 2728 650 abscondiiorum
2752 615 2806 652 es
2832 601 3086 668 cognitor,
3129 601 3218 670 qui
3259 601 3398 653 nosti
3439 600 3614 653 omnia
3648 617 3745 652 an-

2173 695 2380 757 tequam
2421 687 2588 756 ﬁimt,
2634 701 2690 744 tu
2735 694 2836 746 scis
2878 695 3121 763 quoniam
3163 694 3360 763 falsum
3391 693 3743 747 testimonium

2172 777 2346 846 ferunt
2373 786 2556 834 contra
2593 796 2716 846 me;
2746 791 2793 836 et
2836 799 2950 837 ecce
2984 785 3205 850 morior,
3263 801 3381 838 cunt
3436 784 3568 838 nihil
3609 785 3737 852 fece-

2173 869 2292 923 rim.
2316 899 2380 908 -—
2407 869 2625 925 Domine
2656 871 2796 926 Deus
2830 889 2995 938 meus,
3028 876 3071 927 si
3102 876 3202 944 feci
3230 876 3394 929 istud.
3424 874 3589 944 Igitur
3617 875 3744 943 quia
3795 878 3799 883 '

2175 961 2443 1016 calumnia
2482 965 2827 1034 tyrannidem
2851 965 3056 1031 induit,
3093 981 3156 1022 ac
3208 981 3579 1035 saepenumero
3610 980 3742 1020 con-

2175 1052 2308 1107 citat
2337 1053 2625 1108 multorum
2655 1069 2815 1110 aures
2843 1074 2857 1122 ;
2889 1057 2934 1111 si
2963 1057 3286 1112 calumniam
3315 1071 3512 1127 passus
3542 1055 3709 1110 fueris
3728 1093 3744 1120 ,

2176 1143 2609 1214 quandoquidem
2651 1145 2796 1199 solus
2842 1147 3098 1201 omnibus
3139 1147 3469 1216 persuadere
3505 1160 3610 1199 non
3643 1157 3744 1196 va-

2173 1233 2281 1299 les,
2317 1234 2502 1304 linque
2533 1251 2752 1304 omnes,
2787 1246 2842 1292 et
2877 1238 2944 1292 ad
2973 1237 3146 1293 solum
3174 1253 3368 1304 curre;
3399 1249 3635 1306 eumque
3667 1243 3746 1287 te-

2172 1336 2311 1381 stem
2343 1326 2669 1383 innocentiae
2694 1338 2799 1383 tua:
2829 1329 2874 1382 si
2903 1329 3184 1384 vocaveris
3204 1368 3220 1393 ,
3252 1329 3495 1382 invenies
3517 1341 3746 1381 succur-

2170 1427 2380 1471 rentem
2399 1418 2517 1481 tibi,
2537 1428 2594 1473 ut
2610 1419 2872 1474 Susanme
2905 1419 3233 1490 acJosepho.
3253 1419 3331 1474 llli
3355 1419 3603 1474 convenit
3625 1417 3745 1486 glo-

2169 1506 2272 1566 ria.
2293 1507 2468 1561 honor
2494 1517 2549 1562 et
2586 1509 2850 1576 adoratio,
2878 1508 2932 1563 in
2957 1509 3156 1564 saecula
3179 1508 3520 1564 saculorum.
3551 1507 3742 1561 Amen.

499 1595 586 1644 τος
609 1582 808 1647 καλῶν,
844 1585 1098 1658 εὑρήσεις
1124 1587 1420 1658 βοηθοῦντά
1446 1607 1548 1658 σοι,
1579 1592 1654 1658 ὡς
1683 1597 1747 1665 τῇ
1779 1596 2050 1670 Σουσάννα
2086 1599 2180 1654 καὶ
2201 1599 2280 1669 τῷ
2324 1600 2542 1672 Ἰωσήφ.
2574 1596 2646 1672 ᾯ
2675 1603 2875 1671 πρέπει
2900 1601 3197 1672 δόξα,τιμὴ
3231 1601 3326 1655 καὶ
3353 1599 3743 1673 προσκύνησιςο

497 1673 576 1735 εἰς
602 1676 726 1738 τοὺς
755 1675 957 1741 αἰῶνας
984 1678 1093 1731 τῶν
1124 1679 1357 1736 αἰώνων.
1409 1683 1600 1754 Ἀμήν.

563 1844 610 1876 ⁸⁸
654 1845 942 1931 ῠιιηηπιιι,
976 1850 1077 1914 42,
1113 1853 1200 1906 45.

507 2042 3730 2080 W

1113 2269 1899 2397 APPENDIX
1993 2269 2200 2399 AD
2298 2270 3206 2442 ASTERIUM,

917 2681 1119 2794 EK
1205 2684 1505 2796 ΤΩΝ
1585 2596 2070 2804 ΑΜΦΙᾸ

2173 2679 2686 2803 »ΧΕΙΩΝ
2766 2679 3323 2799 ΦΩΤΙΟΥ

1227 2891 1427 2954 ΠΟΣΟῘ
1464 2897 1778 2955 ΑΣΤΕΡ-Ιυι
1815 2899 2165 2966 ΓΕΓΟΝΑΣῙ,
2207 2901 2334 2957 ΚΑΙ
2372 2901 2483 2956 ΤΙΣ
2521 2901 2569 2954 Η
2606 2895 2779 2952 ΔΟΞΑ
2813 2894 3061 2952 ΑΥΤΩΝ.

1238 3238 1399 3328 ΕΧ
1471 3237 1887 3331 ΡΗΟΤΠ
1959 3242 3008 3334 AMPHILOCHIANIS

1061 3425 1065 3430 ’
1119 3434 1280 3504 Quot
1323 3433 1547 3495 Asterii
1587 3433 1842 3508 fuerint,
1879 3452 1950 3496 ac
1983 3451 2173 3514 quam
2212 3433 2303 3494 illi
2345 3433 2717 3512 opinionem
2754 3432 3109 3495 habuerint.

556 3767 914 3838 Συνήκμασαν
961 3769 1059 3840 μὲν
1111 3772 1372 3842 Ἀστέριοι
1397 3771 1511 3839 δύο,
1545 3775 1574 3828 ὃ
1610 3791 1669 3827 τε
1707 3776 1807 3846 τῆς
1849 3777 2059 3849 ’Δρείου

2232 3778 2442 3834 Pariter
2469 3777 2684 3845 quidem
2732 3773 3034 3828 ﬂoruerunt
3064 3769 3260 3825 Asterii
3309 3770 3414 3824 duo
3445 3789 3457 3824 :
3491 3770 3538 3824 is
3580 3768 3739 3824 uimi-

486 3858 688 3931 λύσσης
731 3861 1097 3933 ὑπασπιστὴς,
1131 3864 1225 3918 καὶ
1270 3865 1299 3916 6
1341 3863 1447 3918 τῶν
1494 3866 1732 3920 εὐσεϐῶν
1782 3868 2064 3939 δογμάτων

487 3951 769 4022 τρόφιμος,
803 3953 862 4016 ὃς
895 3955 986 4007 καὶ
1024 3954 1098 4025 τῷ
1141 3955 1361 4027 μεγάλῳ
1393 3957 1492 4028 μὲν
1537 3958 1811 4029 Ἰουλιανῷ
1844 3960 2062 4028 φοιτῶν,

488 4045 599 4107 τοῖς
629 4046 932 4115 μοναδικοῖς
970 4047 1283 4120 ἐγυμνάσθη
1327 4048 1718 4120 παλαίσμασιν,
1749 4050 1828 4104 ἔτι
1857 4053 1915 4104 τὸ
1946 4069 2065 4122 μει-

491 4137 676 4205 ράκιον
707 4136 936 4205 διεξιώνο
967 4138 1188 4211 ὕστερον
1213 4141 1272 4195 δὲ
1297 4141 1393 4194 καὶ
1420 4142 1586 4213 μονῆς
1613 4143 1920 4214 ἀπητικῆς
1935 4145 2067 4198 καθ-

489 4229 731 4298 ηγήσατο
757 4245 769 4257 ·
827 4220 887 4280 οὗ
932 4229 1028 4284 καὶ
1055 4230 1302 4301 μαθητὴς
1339 4231 1475 4302 μετὰ
1512 4232 1608 4286 καὶ
1650 4232 1823 4288 ἄλλων
1857 4233 2065 4287 πολλῶν

488 4323 775 4392 ἐπισήμων
796 4323 1002 4395 ἀνδρῶν
1019 4325 1385 4395 ἐχρημάτισεν
1402 4324 1430 4376 6
1453 4324 1884 4396 πολυθρύλλητος
1915 4326 2066 4380 Ἀκά-

489 4427 604 4475 atto;
629 4413 660 4464 6
686 4413 948 4484 Βερροίας
972 4429 986 4444 ⁸
1012 4415 1042 4467 6
1067 4415 1123 4468 δὲ
1148 4416 1246 4486 τῆς
1291 4415 1632 4486 Ἀρειανικῆς
1653 4416 1915 4486 αἱρέσεως
1947 4419 2067 4488 ὲρα-

493 4501 641 4572 στῆς,
677 4503 994 4576 σοφιστικὴν
1016 4504 1115 4576 μὲν
1146 4507 1210 4558 ὲκ
1241 4505 1375 4559 νέων
1404 4507 1706 4577 μετήρχετο
1736 4507 1951 4577 τέχνην,
1975 4509 2068 4560 καὶ

489 4595 555 4663 τῇ
580 4593 688 4648 τῶν
736 4593 1004 4666 Ἐλλήνων
1048 4593 1419 4666 ἁνετέθραπτο
1467 4595 1676 4668 πλάνῃ·
1727 4595 1824 4664 ὀψὲ
1870 4595 1927 4648 δὲ
1975 4595 2065 4649 τὸν

489 4684 913 4756 Χριστιανισμὺν
947 4686 1402 4758 ὑποκρινάμενος,
1431 4687 1509 4750 εἰς
1551 4687 1648 4758 τὴν
1696 4688 1804 4741 τῶν
1852 4688 2066 4758 Ἀρεια-

490 4773 598 4828 νῶν
630 4775 887 4829 ἀπέκλινε
919 4780 1111 4848 μοῖραν
1134 4794 1146 4808 ·
1173 4778 1268 4830 καὶ
1288 4777 1316 4829 6
1343 4777 1440 4847 μὲν
1461 4777 1616 4848 δίκην
1639 4778 1834 4831 ἔδωκεν
1862 4779 1918 4830 ὲν
1954 4779 2072 4830 ’Λνο-

491 4867 696 4939 τιοχεία
737 4869 836 4940 τῆς
875 4868 1173 4923 ἀκολάστου
1203 4867 1474 4941 γλώσσης,
1514 4868 1674 4940 ἔργον
1710 4868 1946 4938 γεγονὼς
1971 4870 2070 4940 τῆς

503 4957 787 5011 Ἰουλιανοῦ
818 4958 912 5011 τοῦ
945 4957 1248 5028 Θαυμασίου
1279 4959 1587 5031 προσευχῆς
1608 4976 1619 4988 ·
1645 4962 1674 5012 6
1697 4959 1775 5024 δὲ,
1809 4959 1898 5013 τὸν
1925 4960 2070 5013 ὅσιον

491 5047 569 5109 εἰς
613 5048 712 5116 τὴν
757 5047 878 5099 κατ’
921 5047 1084 5102 αὐτοῦ
1121 5047 1334 5101 δικαίαν
1384 5049 1653 5121 τιμωρίαν
1694 5050 2066 5120 διανέστησεν·

493 5138 678 5209 ἕτερος
710 5134 802 5191 οὖν
836 5139 896 5192 τὸ
927 5138 1149 5210 Θρέμμα
1187 5141 1284 5210 τῆς
1314 5139 1639 5212 ὀρθοδοξίας,
1673 5142 1766 5195 καὶ
1812 5142 1994 5213 ἔτερος
2044 5143 2073 5194 6

489 5227 590 5298 τῆς
621 5229 826 5300 πλάνης
853 5229 1046 5301 κῆρυξ.
1075 5231 1212 5284 Ἀλλ’
1225 5232 1332 5285 οὐδ’
1352 5235 1382 5286 6
1401 5233 1500 5304 τὴν
1525 5232 1786 5310 ἐκφρασιν
1812 5234 1910 5304 τῆς
1933 5235 2072 5304 μάρ-

491 5335 653 5391 τυρος
685 5321 972 5393 Εὑφημίας
1002 5323 1404 5394 άναταξάμενος
1442 5315 1620 5377 κοινάν
1650 5342 1703 5376 τι
1751 5325 1902 5395 φέρει
1937 5324 2072 5394 πρὸς

490 5411 580 5465 τὸν
608 5412 709 5483 τῆς
749 5413 1062 5477 δυσσεϐείας
1107 5417 1457 5486 ὑπέρμαχον·
1509 5415 1724 5488 πρῶτον
1770 5418 1865 5487 μὲν
1909 5417 1967 5480 ἐξ
1998 5410 2073 5469 ὧν

493 5502 688 5557 θᾶττον
715 5507 744 5559 6
775 5505 1040 5578 δυσσεϐὴς
1070 5509 1294 5562 ἀπέτισε
1335 5509 1432 5579 τὴν
1455 5508 1610 5579 δίκην
1666 5508 1696 5562 6
1731 5509 1839 5580 γὰρ
1866 5511 1963 5579 τῆς
1991 5512 2070 5563 εἰ·

498 5593 731 5665 ρημένης
757 5597 961 5658 εἰκόνος
998 5597 1412 5669 λογογραφήσας
1455 5599 1550 5670 τὴν
1581 5599 1862 5670 ἕκφρασιν,
1909 5600 1983 5662 ὡς
2015 5600 2071 5652 ἐν

494 5699 632 5736 τισιν
671 5685 832 5740 αὑτοῦ
862 5687 968 5739 τῶν
1001 5687 1174 5753 λόγων
1209 5690 1582 5755 διαλαμϐάνει,
1618 5694 1696 5754 εἰς
1734 5690 1865 5749 Βαθυ
1901 5691 2073 5758 γῆρας

2173 3887 2290 3924 rum
2313 3869 2402 3936 qui
2432 3866 2755 3920 Arianorum
2794 3864 2996 3920 furoris
3023 3864 3202 3918 fautor
3233 3878 3297 3918 ac
3322 3863 3574 3918 defensor
3599 3864 3740 3930 fuit;

2173 3975 2237 4014 ac
2265 3960 2356 4027 qui
2393 3959 2602 4027 piorum
2640 3958 2948 4026 dogmotum
2979 3956 3190 4010 exstitit
3237 3955 3486 4010 alumnus
3519 3973 3532 4008 :
3560 3955 3651 4024 qui
3687 3962 3743 4010 et

2172 4050 2350 4119 magni
2386 4046 2588 4102 Juliani
2634 4046 2955 4114 discipulus,
2995 4061 3025 4099 α
3055 4046 3246 4115 puerili
3280 4056 3441 4100 aetate
3464 4047 3515 4100 in
3554 4060 3744 4098 mona-

2173 4140 2325 4195 sticae
2384 4139 2508 4190 vitae
2585 4134 2837 4204 palaestra
2889 4149 3010 4189 sese
3057 4133 3303 4188 exercuit
3335 4151 3348 4186 :
3385 4144 3567 4202 postea
3618 4150 3745 4187 vero

2175 4233 2338 4287 etiam
2393 4229 2767 4298 religiosorum
2816 4226 3146 4280 monasterio
3203 4224 3459 4293 praefuit:
3495 4224 3645 4294 cujus
3692 4237 3744 4280 et

2176 4321 2493 4392 discipulus,
2548 4330 2746 4388 praeter
2793 4317 2977 4385 plures
3019 4316 3155 4370 alios
3207 4315 3528 4382 conspicuos
3581 4316 3744 4380 viros,

2171 4411 2630 4468 celebratissimus
2684 4409 2772 4464 ille
2820 4407 3050 4462 Aeacius
3103 4407 3378 4461 Berrlimae
3427 4405 3547 4460 fuit.
3577 4405 3745 4460 Porro

2170 4505 2384 4558 Arianae
2433 4503 2522 4558 ille
2576 4502 2799 4556 hmresis
2837 4499 3155 4565 admirator,
3188 4513 3216 4552 ο
3253 4513 3419 4566 puero
3460 4514 3522 4552 ac
3571 4497 3742 4553 adole-

2171 4596 2372 4650 scent-ia
2393 4594 2445 4648 in
2464 4593 2740 4664 gentilium
2761 4606 2945 4648 errore
2963 4592 3242 4656 educatus,
3268 4590 3619 4659 sophisticam
3653 4604 3742 4644 co-

2172 4686 2298 4753 luit;
2345 4687 2668 4756 demumque
2715 4685 2965 4746 simulato
3011 4682 3468 4744 Christianismo,,
3504 4682 3554 4735 in
3598 4683 3756 4736 Aria-

2175 4794 2371 4835 norum
2405 4787 2616 4848 partem
2646 4776 2867 4833 deﬂexit
2896 4795 2908 4831 :
2942 4787 3104 4846 atque
3130 4775 3175 4830 is
3205 4773 3418 4844 quidem
3448 4774 3745 4829 Antiochia-

2175 4887 2364 4940 ptettas
2403 4871 2552 4927 dedit
2583 4871 2895 4940 petulantia:
2931 4870 3148 4940 lingua,
3183 4867 3524 4924 admirabilis
3549 4865 3746 4920 Juliani

2175 4964 2420 5033 precibus
2448 4965 2751 5019 exstinctus
2781 4979 2794 5028 ;
2847 4963 2982 5017 alter
3016 4977 3162 5026 vero,
3200 4963 3372 5015 virum
3406 4970 3650 5015 sanctum
3681 4957 3747 5010 ad

2167 5052 2368 5121 justam
2399 5053 2694 5108 vindictam
2730 5051 3066 5122 provocavit.
3105 5050 3262 5105 Alius
3284 5065 3414 5118 ergo
3446 5056 3528 5101 est
3562 5045 3750 5100 ortho-

2174 5143 2326 5196 doxm
2375 5139 2498 5194 fidei
2546 5140 2819 5206 alumnus,
2871 5139 3118 5202 aliusque
3173 5137 3378 5191 erroris
3442 5151 3642 5205 praeco.
3679 5134 3744 5185 Αι

2176 5246 2350 5300 neque
2413 5231 2479 5295 is,
2529 5229 2623 5300 qui
2679 5229 2989 5298 Eupltcmite
3041 5228 3296 5298 martyris
3349 5226 3746 5282 enarrationem

2177 5323 2497 5392 composuit,
2529 5335 2816 5376 commune
2859 5319 3057 5388 aliquid
3094 5319 3255 5373 habet
3291 5333 3412 5373 cum
3457 5313 3746 5386 impietatis

2177 5415 2385 5469 vindice
2422 5432 2432 5465 :
2467 5413 2700 5482 primmn
2736 5411 2982 5481 quidem:
3009 5411 3151 5480 quod
3197 5410 3392 5477 impius
3444 5408 3532 5462 ille
3588 5403 3745 5457 citius

2176 5521 2364 5574 poenas
2397 5502 2688 5559 exsolvcrit
2723 5521 2736 5556 :
2773 5518 2898 5556 nam
2931 5504 3018 5572 qui
3050 5501 3283 5570 praefatio
3319 5497 3567 5566 imaginis
3596 5505 3754 5547 enar-

2176 5600 2440 5652 rationem
2465 5610 2713 5651 sermone
2740 5603 3056 5664 prosccutus
3083 5603 3186 5656 est,
3217 5601 3273 5643 ut
3301 5591 3414 5657 ipse
3441 5589 3493 5641 iu
3519 5584 3770 5653 quibus-_

2179 5691 2301 5745 dam
2344 5691 2648 5746 orationum
2701 5699 2938 5742 suarum'
2970 5684 3098 5736 locis
3135 5679 3367 5743 disserit,
3403 5677 3469 5730 ad
3505 5672 3741 5739 decrepi-
