4076 6144
337 252 442 308 479

1357 252 1695 309 NEMESIUS
1734 252 2103 311 EPISCOPUS
2130 254 2509 310 EMESENUS.

3474 258 3583 313 480

341 382 445 425 tam
477 377 806 425 senectutem
851 368 1113 439 pervenit.
1144 367 1299 435 Item,
1327 370 1462 423 alter
1489 370 1704 439 quidem
1736 370 1892 423 Aria--

2004 371 2097 424 τοῦ
2133 372 2249 441 βίου
2285 374 2648 443 κατήντησεν·
2677 371 2946 441 δεύτερον,
2975 378 3003 429 ὁ
3043 369 3143 439 μὲν
3169 370 3265 438 τῆς
3317 372 3579 440 ’Λρειανι-

339 477 530 516 norum
557 461 738 515 furore
767 461 956 530 plenus
990 471 1108 514 crat
1136 476 1152 514 :
1177 462 1264 516 hic
1304 476 1432 514 vero
1462 461 1512 514 in
1553 462 1668 515 suis
1703 469 1903 515 tracta-

337 554 500 620 tibus,
535 567 653 622 qua:
679 563 802 607 sunt
833 551 953 605 ﬁdei
982 552 1290 606 orthodoxa:
1321 552 1554 606 docetac
1571 550 1732 606 tradit
1757 569 1773 618 ;
1795 567 1899 605 non

337 657 514 699 autem
567 645 708 713 quod
745 643 836 696 Dei
877 643 1046 698 Filius
1080 659 1144 698 ac
1196 643 1428 698 Verbum
1475 659 1539 698 ex
1593 643 1758 697 nihilo
1807 645 1898 709 sit,

338 735 412 786 uti
444 734 664 786 insanus
715 733 804 786 ille
855 731 1304 801 blaSpbemusque
1330 734 1574 787 Asterius
1607 734 1771 802 :quin
1809 750 1905 803 po-

336 829 440 879 tius
473 840 682 894 semper
702 839 840 888 esse,
856 840 919 879 ac
944 840 1154 893 semper
1178 824 1321 878 Patri
1347 826 1700 891 coexsistere,
1736 828 1898 880 Deum

335 917 571 981 tradens,
607 916 828 970 asserit.
863 916 1065 980 Tertio,
1097 916 1343 970 Asterius
1372 916 1458 971 ille
1483 917 1768 971 ltzereticus
1793 932 1896 971 non

331 1009 481 1062 urbis
530 1008 795 1072 Amasem,
833 1007 926 1062 sed
975 1007 1198 1061 alterius
1231 1007 1507 1076 cujusdam
1561 1006 1702 1060 haud
1737 1006 1894 1074 longe

328 1099 615 1152 Antiochia
651 1099 1018 1167 episcopatum
1067 1099 1360 1168 impietatis
1391 1099 1642 1152 mercede
1672 1112 1701 1150 a
1729 1097 1892 1152 sociis

331 1190 598 1244 haereticis
651 1190 1078 1258 accepitzunde
1139 1190 1300 1242 etiam
1351 1188 1645 1244 accersitus
1701 1187 1896 1243 Antio-

327 1282 501 1335 Chiam
560 1281 854 1349 impietatis
891 1280 1132 1334 subsidio
1161 1295 1190 1332 a
1229 1294 1336 1334 sum
1369 1289 1530 1333 secta:
1563 1279 1895 1341 hominibus,

327 1369 662 1424 admirabilis
719 1368 917 1424 Juliani
976 1371 1247 1439 precibus,
1283 1370 1358 1422 uti
1417 1384 1600 1424 sumus
1661 1367 1891 1435 przel‘ati,

327 1462 620 1516 miserabili
649 1463 794 1516 exitu
837 1463 998 1515 vitam
1042 1462 1231 1514 linivit.
1268 1459 1562 1525 Ptzeterea,
1596 1459 1732 1513 alter
1769 1461 1896 1528 qui-

325 1554 443 1606 dem
473 1567 688 1621 gregem
727 1551 904 1618 docet,
942 1551 1101 1619 inque
1128 1551 1420 1605 virtutibus
1468 1550 1704 1605 studiose
1745 1549 1895 1603 labo-

325 1653 427 1706 rat,
462 1659 526 1696 ac
584 1644 849 1712 religiosze
882 1643 1045 1696 totius
1073 1643 1507 1701 conversationis
1533 1657 1597 1696 ac
1630 1642 1755 1696 vitae
1783 1639 1887 1695 do-

2004 464 2107 534 κῆς
2129 463 2333 535 λύσσης
2380 465 2764 534 ἐπεπλήρωτο’
2804 458 2956 526 οὗτος
3006 461 3083 526 δὲ,
3121 463 3179 514 ὲν
3211 465 3324 524 τοῖς
3356 465 3576 528 οἰκείοις

1978 553 2180 639 ,λόγοις
2206 555 2271 608 τὰ
2300 555 2409 607 τῶν
2437 554 2732 626 όρθοδόξων
2763 553 3098 624 δογματίζει,
3133 554 3232 606 οὐκ
3273 556 3337 606 ἐκ
3377 555 3450 625 μὴ
3487 556 3576 608 όν-

2001 664 2108 699 των
2151 647 2242 700 τὸν
2272 647 2398 700 Υίδν
2448 648 2541 700 καὶ
2586 647 2754 714 Λόγον
2795 647 2889 699 τοῦ
2933 646 3089 709 Θεοῦ,
3137 645 3210 709 ὡς
3251 648 3279 700 ὁ
3324 646 3580 717 μεμηνὼς

2001 735 2301 807 δυσφημῶν
2348 736 2639 807 Ἀστέριος,
2668 737 2753 788 ἀεὶ
2797 735 2853 788 δὲ
2884 736 3010 787 ὄντα
3041 735 3322 803 θεολογῶν,
3365 737 3456 789 καὶ
3493 737 3578 790 ἀεὶ

2003 828 2228 882 συνόντα
2259 828 2337 899 τῷ
2374 829 2577 899 Πατρί·
2616 828 2817 900 τρίτον,
2853 828 2880 879 ό
2936 827 3035 897 μὲν
3082 828 3352 898 αίρετικὺς
3391 829 3577 881 Ἀστέ-

2003 937 2136 990 ριος,
2184 919 2243 972 οὐ
2295 920 2393 989 τῆς
2450 919 2763 989 Ἀμασείας,
2816 918 2928 970 ἀλλ’
2964 917 3127 988 ἄλλης
3173 917 3317 980 τινὸς
3372 921 3578 980 πόλεως

2001 1010 2402 1082 πλησιαζούσης
2425 1012 2488 1080 τῇ
2521 1009 2808 1079 Ἀντιόχου,
2827 1007 3012 1079 μισθὸν
3032 1009 3128 1078 τῆς
3150 1008 3402 1071 ἀσεϐείας
3425 1007 3576 1078 παρὰ

1997 1104 2107 1159 τῶν
2143 1103 2573 1176 συναιρεσιωτῶν
2614 1104 2712 1172 τὴν
2772 1102 3074 1172 ἐπισκοπὴν
3122 1101 3340 1171 εἴληφεν
3362 1115 3376 1130 ⁶
3413 1099 3470 1166 ἐξ
3507 1096 3576 1172 ἦς

1999 1199 2092 1249 καὶ
2127 1197 2461 1268 μετάκλητος
2501 1198 2557 1248 ἐν
2599 1195 2896 1265 Ἀντιοχείᾳ
2935 1194 3084 1265 παρὰ
3109 1193 3217 1245 τῶν
3258 1193 3573 1264 ὁμοφρόνων

1997 1285 2234 1354 γεγονὼς
2280 1287 2372 1338 ἐπὶ
2409 1285 2696 1355 συμμαχίᾳ
2740 1285 2833 1336 τοῦ
2866 1284 3292 1354 δυσσεϐήματος,
3326 1285 3445 1346 ταῖς
3478 1283 3570 1336 τοῦ

1997 1379 2300 1450 θαυμασίου
2356 1377 2644 1431 Ἰουλιανοῦ
2694 1379 3055 1448 προσευχαῖς,
3107 1375 3181 1438 ὡς
3226 1374 3569 1445 προείρηται,

1995 1469 2084 1520 τὶν
2116 1467 2230 1537 βίον
2260 1467 2458 1530 ἀθλίως
2491 1465 2883 1534 κατέστρεψεν*
2920 1465 3012 1517 ἐπὶ
3058 1463 3283 1526 τούτοις,
3316 1465 3344 1515 ὁ
3376 1463 3472 1532 μὲν
3495 1462 3572 1514 δι-

1993 1561 2179 1614 δάσκει
2209 1559 2272 1612 τὸ
2313 1559 2584 1629 ποίμνιον,
2610 1559 2703 1611 καὶ
2749 1559 3111 1626 φιλοπονείται
3141 1556 3269 1623 περὶ
3310 1553 3419 1607 τῶν
3445 1555 3574 1623 ἀρε-

1993 1652 2123 1717 τῶν,
2161 1653 2376 1721 ἁπάσης
2396 1652 2450 1704 δὲ
2474 1652 2747 1704 δείκνυται
2783 1648 3074 1719 θεαρέστου
3111 1645 3380 1708 πολιτείας
3407 1660 3575 1699 κατα-

325 1735 577 1789 micilimn
632 1735 918 1806 proditur:
953 1749 1180 1803 quorum
1245 1735 1377 1790 nihil
1436 1735 1810 1808 deprehendas
1835 1734 1887 1790 in

1999 1745 2229 1815 γώγιονο
2265 1746 2293 1797 ὁ
2319 1744 2376 1797 δὲ
2405 1744 2555 1797 οὐδὲν
2583 1742 2819 1796 τοιοῦτον
2857 1739 3283 1809 ὲπιγινώσκετα,

323 1827 513 1880 uilero.

323 2001 3559 2056 mm

1522 2184 1698 2227 CIRCA
1734 2179 1957 2226 ANNUM
1993 2179 2214 2222 DOMINI
2253 2177 2352 2223 CD.

1379 2486 2525 2667 NEMESIUS

1064 2783 1882 2899 EPISCOPUS

2038 2763 2794 2898 EMESENUS

1225 3089 1835 3292 NOTITIA
1887 3177 2674 3325 HISTORICA

1173 3400 1267 3462 (Ex
1293 3397 1588 3450 Bibliotheca
1613 3401 1821 3449 Patrum
1843 3399 2101 3462 Gallandii,
2129 3404 2164 3450 t.
2191 3398 2298 3462 VII,
2322 3400 2524 3462 Proleg.
2546 3411 2595 3461 ι).
2621 3394 2718 3463 ιι..)

389 3665 429 3718 I.
471 3663 697 3727 Emesae,
738 3677 858 3731 qua:
902 3673 956 3718 et
1001 3664 1202 3729 Emisa,
1253 3665 1306 3718 in
1349 3665 1624 3722 Phoenicia
1655 3671 1887 3725 secunda
1920 3675 1961 3731 (ἶ.
1999 3670 2073 3724 De
2099 3679 2291 3723 natura
2316 3669 2563 3733 hominis,
2600 3668 2714 3723 sive
2740 3668 2948 3739 aliquas
2976 3683 3043 3723 ex
3073 3682 3138 3723 eo
3168 3668 3386 3739 ecloga-5
3411 3671 3571 3725 exiti-

318 3758 606 3827 episcOpns
647 3754 811 3808 t'uisse
849 3754 1080 3808 traditur
1120 3753 1442 3824 Nemesius;
1485 3759 1642 3828 eique
1683 3761 1735 3814 in
1773 3762 1889 3831 epi-

319 3860 600 3915 scopormn
636 3844 1021 3898 Emesenorum
1051 3847 1191 3900 serie
1220 3847 1514 3902 ordinanda
1545 3850 1788 3918 quintum
1815 3851 1891 3906 lo-

315 3954 440 3993 cum
473 3946 618 3990 recte
644 3935 899 3992 tribuisse
925 3936 1136 3992 videtur
1165 3938 1235 3993 cl.
1268 3937 1594 4008 Lequienius
1620 3943 1696 4013 (a)
1730 3961 1743 3997 :
1781 3940 1898 3999 me?

319 4030 467 4083 dium
495 4028 698 4083 scilicet
724 4028 862 4081 inter
888 4028 1108 4082 Paulum
1133 4027 1176 4096 Ι,
1201 4031 1292 4099 qui
1318 4032 1370 4084 in
1403 4031 1732 4089 Seleuciensi
1761 4051 1887 4090 con-

318 4118 442 4172 cilio
479 4118 708 4186 Georgio
731 4118 1127 4187 Alexandrino,
1168 4123 1364 4176 Acacio
1393 4121 1712 4181 Cznsariensi
1741 4127 1890 4182 aliis-

317 4223 424 4278 que
456 4209 720 4264 Arianica:
764 4208 1014 4266 factionis
1067 4211 1386 4280 praesulibus
1429 4214 1745 4283 adhaerens,
1783 4215 1893 4270 for-

319 4299 476 4353 mula:
499 4299 731 4367 ipsorum
760 4299 879 4354 lidei
911 4302 1262 4370 subscripsit;
1287 4311 1339 4357 et
1364 4303 1674 4373 Cyriacum,
1697 4306 1810 4376 qui,
1835 4315 1894 4360 ut

320 4390 485 4444 rciert
515 4388 784 4445 Palladius
816 4391 914 4462 (b),
948 4391 1170 4448 Joannis
1193 4391 1564 4465 Cbrysostomi
1596 4411 1773 4450 causa:
1797 4413 1892 4466 pa-

317 4481 604 4536 trocinium
661 4492 882 4537 strenue
943 4485 1197 4554 suscepit.
1255 4485 1330 4541 De
1387 4485 1623 4542 Nemesii
1673 4489 1888 4558 quidem

313 4574 606 4644 episcopali
664 4576 790 4630 sede
842 4576 1104 4632 Emesena
1131 4617 1144 4640 ,
1187 4586 1240 4632 et
1272 4579 1336 4631 de
1373 4589 1612 4650 tempore
1649 4596 1755 4650 quo
1795 4581 1891 4637 llo-

286 4662 489 4752 jruerit
520 4667 771 4721 dubitant
807 4669 1043 4723 nonnulli
1078 4690 1090 4725 :
1121 4670 1248 4737 quin
1273 4681 1326 4724 et
1347 4670 1553 4726 Cavcus
1577 4687 1642 4727 eo
1671 4689 1888 4741 proces-

288 4757 382 4811 Tsit
409 4767 468 4813 ut
501 4757 832 4814 conﬁdenter
861 4761 1156 4814 asscrnerit
1189 4759 1280 4830 (c),
1317 4761 1382 4815 de
1403 4759 1656 4818 Nemcsio
1685 4764 1887 4819 incerta

310 4864 432 4904 csse
470 4851 672 4916 omnia,
705 4865 828 4904 cum
861 4849 926 4903 de
959 4864 1025 4905 eo
1064 4850 1221 4919 plane
1245 4852 1442 4907 sileant
1476 4862 1706 4910 veteres.
1740 4857 1809 4911 At
1837 4858 1920 4914 id'

316 4940 589 4996 immerito
639 4957 769 4997 sane
813 4944 1245 5010 pronuntiatum.
1285 4946 1500 5001 Nullum
1544 4949 1687 5004 enim
1725 4949 1886 5006 dubi-

315 5033 459 5085 tandi
495 5032 671 5087 locum
707 5032 1016 5103 relinquunt
1045 5034 1275 5105 primum
1307 5037 1546 5091 omnium
1580 5041 1886 5110 complures

313 5135 445 5179 mss.
474 5124 710 5190 codices,
737 5124 828 5194 qui
860 5125 975 5182 sive
1000 5126 1267 5196 integrum
1298 5130 1532 5184 auctoris
1558 5131 1726 5186 nostri
1750 5147 1885 5203 Opus

384 5364 460 5431 (a)
500 5363 764 5436 Lequien:
789 5363 882 5419 0r.
917 5363 1136 5436 Christ"
1173 5374 1302 5424 tom.
1331 5366 1395 5430 ll,
1427 5381 1550 5436 pag.
1583 5367 1708 5422 859.

384 5437 459 5507 (ὁ)
501 5435 711 5507 Pallad.
736 5435 876 5507 Dial.
914 5437 977 5490 de
1019 5434 1117 5490 Vit.
1145 5434 1441 5507 Chrysost.,
1477 5434 1597 5506 pag.
1626 5439 1744 5496 194.

408 5506 454 5576 c)
494 5506 626 5562 Cav.
665 5505 804 5560 Hist.
838 5506 966 5570 litt.,
1006 5518 1136 5577 tom.
1173 5506 1209 5571 I,
1241 5505 1360 5577 pag.
1386 5507 1513 5560 976.

408 5510 454 5576 ε)
494 5510 626 5562 Cav.
665 5510 804 5560 Hist.
838 5510 966 5570 litt.,
1006 5518 1136 5560 tom.
1173 5510 1209 5571 I,
1241 5523 1360 5577 pag.
1386 5510 1513 5560 976.

759 5578 894 5649 Opp.
947 5587 1078 5633 tom.
1113 5575 1176 5643 11,
1210 5594 1330 5648 pag.
1361 5577 1460 5632 155
1485 5580 1615 5635 edit.
1644 5579 1887 5637 Combcf.

361 5653 489 5702 uris.
523 5653 675 5702 1674.

1997 3761 2177 3826 beant,
2227 3775 2330 3812 non
2364 3759 2536 3814 solum
2575 3756 2810 3812 Nemesii
2847 3773 3040 3812 nomen
3065 3797 3081 3824 ,
3118 3759 3211 3814 sed
3250 3773 3371 3814 eum
3403 3763 3581 3819 etiam

1996 3852 2158 3907 fuisse
2188 3853 2520 3921 episcopum,
2553 3859 2607 3906 et
2639 3851 2846 3905 Emesa:
2879 3850 3093 3918 quidem
3124 3852 3349 3916 sedisse,
3387 3854 3565 3921 palam

1995 3947 2229 4014 produnt
2263 3965 2276 4000 :
2311 3955 2368 4000 ut
2398 3961 2462 4001 ex
2500 3961 2605 4000 uno
2634 3954 2794 4014 atque
2821 3945 2994 4001 altero
3027 3947 3202 4000 indice
3233 3946 3570 4001 Bibliotheca:

1995 4037 2425 4092 bibliothecarum
2443 4039 2918 4108 manuscriptorum
2937 4038 3416 4093 Moutlaucouiante
3435 4042 3569 4094 satis

1996 4139 2332 4198 compertum
2381 4129 2660 4183 habemus.
2731 4129 2953 4185 Accedit
3015 4139 3272 4198 prmterca
3322 4125 3569 4185 veterum

1995 4223 2322 4290 scriptorum
2381 4222 2875 4277 ecclesiasticorum
2942 4223 3270 4285 auctoritas,
3345 4221 3564 4275 Maximi

1995 4314 2322 4368 confessoris
2347 4323 2400 4368 et
2427 4313 2696 4368 Anastasii
2726 4313 2966 4380 Sinaitae,
3015 4329 3220 4369 necnon
3253 4314 3414 4369 Mosis
3439 4315 3568 4373 Bar-

1993 4405 2225 4476 Cephm;
2255 4421 2482 4474 quorum
2518 4402 2594 4459 illi
2626 4405 2820 4461 smculo
2854 4422 2950 4472 vn,
2989 4407 3077 4462 hic
3120 4416 3295 4461 autem
3333 4423 3388 4461 ix
3421 4407 3568 4461 desi-

1997 4509 2155 4552 nente
2185 4498 2450 4552 claruisse
2481 4499 2854 4566 perhibentur.
2887 4499 2950 4552 Et
2983 4498 3243 4553 Maximus
3269 4499 3484 4569 quidem
3516 4500 3566 4552 in

1998 4588 2277 4657 Opusculis
2313 4583 2616 4658 theologicis
2657 4599 2702 4643 et
2751 4590 3015 4658 polemicis
3051 4590 3157 4644 duo
3205 4589 3320 4643 loca
3367 4589 3573 4657 profert

1996 4677 2346 4742 Nemesiana,
2381 4694 2498 4748 quae
2539 4679 2618 4733 sic
2653 4680 2896 4734 inscribit
2941 4679 3019 4750 (d)
3059 4699 3072 4734 :
3125 4681 3232 4734 Τοῦ
3277 4682 3432 4750 ἁγίου
3465 4682 3571 4733 Νε-

1999 4769 2184 4840 μεσίου
2217 4770 2516 4823 ἐπισκόπου
2578 4771 2829 4841 Ἐμέσης,
2869 4771 3050 4826 Sancti
3084 4771 3316 4826 Nemesii
3346 4773 3568 4840 cpiscozii

1995 4861 2255 4918 Emeseni.
2299 4861 2483 4930 Neque
2521 4863 2678 4917 aliter
2722 4865 3038 4919 Anastasius
3078 4865 3313 4931 Sinaita,
3362 4864 3449 4932 qui
3500 4878 3564 4917 cx

1993 4953 2228 5009 Nemesii
2253 4969 2417 5022 opere
2442 4955 2549 5008 duo
2582 4955 2707 5010 item
2740 4967 2992 5024 excerpta
3023 4958 3160 5012 bene
3188 4958 3342 5026 longa
3373 4957 3423 5010 in
3454 4971 3565 5009 me-

1994 5045 2140 5100 dium
2175 5046 2448 5100 adducens
2478 5045 2568 5115 (ε),
2593 5046 2821 5101 alterum
2854 5048 2927 5102 De
2952 5049 3272 5116 prouidentia
3307 5048 3394 5118 (1),
3430 5049 3562 5102 alte-

1998 5151 2116 5192 rum
2151 5135 2226 5190 De
2267 5146 2461 5192 natura
2493 5138 2718 5192 hominis
2743 5137 2816 5209 (g)
2839 5156 2852 5206 ;
2878 5153 2939 5193 ea
2971 5155 3028 5194 se
3052 5141 3404 5210 descripsisse
3438 5155 3567 5210 pro-

2062 5375 2130 5445 (e)
2162 5375 2360 5451 Adest.
2386 5376 2527 5441 Sin.,
2551 5375 2782 5451 Quaestt.
2796 5394 2936 5451 svnt
2958 5388 3012 5451 et
3040 5395 3183 5434 xxw.
3204 5379 3340 5451 Opp.
3360 5379 3566 5446 Crete"

1994 5444 2125 5516 tom.
2160 5444 2298 5509 XIV,
2330 5457 2468 5515 part.
2502 5463 2559 5507 Il,
2603 5463 2722 5516 pag.
2757 5448 2885 5514 9.70,
2911 5449 3036 5502 994.

2065 5515 2131 5589 (ι’)
2173 5515 2493 5589 [fictaesabe
2525 5527 2634 5569 nat.
2657 5515 2830 5589 _hom.,
2868 5535 2983 5589 cap.
3019 5519 3102 5574 44.

2002 5615 2005 5638 ι
2066 5587 2140 5655 (g)
2184 5585 2257 5637 Id.
2302 5585 2455 5648 ibid.,
2499 5602 2615 5656 cap.
2653 5587 2699 5639 Ι.
2909 5629 2912 5634 .
