4062 6150
480 399 581 458 £8!

1864 395 2235 452 PROLEGOM
2244 397 2376 451 ENA
2387 438 2400 451 .

3637 402 3743 460 £82

478 518 661 573 litetur
683 529 750 569 ex
776 512 1022 569 Nemesio
1052 514 1290 581 episcopo
1321 511 1596 581 Emeseno,
1628 514 1899 585 Νεμεαίου
1929 517 2054 567 ὲπι-
2084 518 2126 575 Α
2159 513 2392 568 omittat.
2442 514 2524 570 Ad
2568 515 2682 571 haec
2720 517 2924 573 nullum
2981 527 3245 575 memorat
3288 530 3565 577 auctorem
3585 561 3600 586 ,
3644 524 3735 591 qui

479 609 683 665 σκόπου
735 606 990 678 Ἐμέσης.
1043 605 1219 661 Moses
1271 620 1398 661 vero
1436 605 1753 677 ~Bar-Cepha
1803 615 2057 671 nonnulla

477 717 544 758 ex
579 700 768 756 eodem
801 713 966 769 Opere
993 698 1156 753 verba
1189 696 1451 762 recitans,
1492 697 1794 754 Nemesium
1826 696 2059 768 philoso-

475 793 638 862 phum
663 787 1032 845 Christianum
1065 788 1308 842 nominat
1339 786 1441 858 (a),
1471 788 1660 857 operis
1689 787 1869 857 potius
1894 802 2059 857 argu-

477 891 717 939 mentum
750 880 995 945 scilicet,
1027 894 1190 950 quam
1240 881 1481 935 auctoris
1529 879 1848 949 dignitatem
1883 878 2059 948 respi-

470 976 648 1031 ciens.
684 972 938 1028 Praesulis
968 973 1184 1027 demum
1226 970 1394 1026 nostri
1429 970 1713 1036 meminit,
1746 970 1935 1024 eadem
1972 968 2058 1023 in-

477 1066 773 1135 scriptione
796 1077 928 1118 usus
956 1076 1061 1132 qua
1087 1060 1356 1116 Maximus
1376 1070 1431 1115 et
1454 1052 1798 1123 Anastasius,
1825 1058 2058 1128 scriptor

476 1170 775 1227 anonymus
803 1154 943 1224 apud
977 1151 1441 1207 Montfauconium
1472 1151 1547 1222 (b)
1579 1152 1757 1207 adhuc
1794 1150 2052 1214 ineditus,

476 1250 529 1303 in
559 1246 774 1318 Eclogis
813 1244 1005 1301 ordine
1047 1244 1393 1314 alphabetico
1439 1244 1683 1313 digestis,
1718 1257 1839 1311 quae
1879 1258 1907 1294 a
1942 1240 2057 1295 Pa-

473 1336 675 1393 rallelis
706 1334 1423 1396 Damascenicisnlillerunt.
1461 1334 1541 1389 Ex
1580 1335 1775 1403 quibus
1808 1349 1938 1404 ergo
1971 1334 2056 1387 in-

475 1432 717 1503 telligas,
754 1439 972 1486 rectene
1009 1445 1075 1483 an
1108 1442 1297 1495 secus,
1334 1428 1400 1483 de
1444 1437 1670 1483 auctore
1715 1438 1899 1484 nostro
1949 1425 2054 1482 Ca-

473 1539 604 1578 veas
633 1523 835 1592 aliique
866 1522 1201 1577 censuerint.

538 1670 605 1751 _Il.
648 1670 845 1725 Verum
877 1680 936 1725 ut
968 1685 1031 1726 ea
1069 1670 1245 1726 denuo
1279 1671 1451 1741 magis
1499 1672 1891 1727 conﬁrmentur
1935 1686 2055 1741 qua:

474 1764 721 1833 superius
778 1762 958 1818 obiter
1020 1773 1144 1837 post
1198 1762 1553 1833 Lequienium
1616 1763 1936 1833 attigimus,
1989 1764 2057 1817 de

2161 613 2284 673 post
2320 605 2912 673 quadringentesimum
2965 625 2993 664 a
3048 610 3269 667 Christo
3313 628 3513 667 annum
3566 613 3740 668 incla-

2162 696 2352 749 ruerit.
2393 693 2585 752 Omnia
2617 696 2833 753 demum
2866 699 2919 753 in
2951 710 3174 757 auctore
3207 713 3394 758 nostro
3422 704 3466 759 si
3497 704 3735 775 penitius

2161 787 2630 858 introspiciantur,
2664 803 2773 844 non
2800 791 3029 846 suadere
3055 793 3250 859 solum,
3286 795 3380 850 sed
3412 796 3575 850 etiam
3606 812 3736 866 per-

2159 881 2389 935 suadere
2432 880 2708 947 videntur,
2760 880 2957 937 saeculo
2999 898 3053 936 IV
3088 884 3368 941 desinente
3408 886 3581 956 ipsum
3636 887 3736 941 llo-

2162 984 2354 1027 ruisse.

2228 1121 2314 1176 Ill.
2352 1119 2537 1193 Neque
2577 1130 2755 1177 tamen
2807 1130 3094 1194 propterea
3142 1138 3265 1179 cum
3310 1114 3607 1195 Léquienio
3651 1127 3738 1180 af-

2160 1214 2378 1269 firmare
2421 1215 2618 1279 ausim,
2648 1214 2960 1270 Nemesium
3002 1223 3246 1270 nostrum
3282 1214 3480 1269 Basilio
3513 1227 3560 1270 et
3612 1215 3742 1270 Grc—

2155 1305 2303 1376 gorio
2349 1304 2696 1360 Nazianzeno
2732 1306 2971 1360 amicitia
3008 1305 3502 1376 conjunctissimum
3550 1307 3739 1375 fuisse,

2155 1395 2241 1448 cui
2262 1410 2463 1463 nempe,
2489 1394 2680 1465 inquit,
2704 1394 3053 1450 Philocaliam
3077 1412 3226 1449 suam
3251 1407 3617 1466 nuncuparunt
3654 1398 3739 1469 (Ι).

2157 1486 2313 1540 Aliud
2361 1486 2617 1541 nimirum
2664 1487 2854 1556 agebat
2905 1501 2956 1541 v.
2999 1501 3051 1542 c.
3104 1487 3231 1541 dum
3274 1486 3391 1543 haec
3460 1489 3738 1544 scriberet.

2156 1576 2340 1647 Neque
2369 1577 2512 1632 enim
2546 1577 2795 1632 Nemesio
2825 1577 3113 1646 Emeseno,
3147 1578 3241 1634 sed
3285 1577 3573 1633 Theodoro
3604 1580 3742 1651 Tya-

2156 1671 2312 1726 nensi
2342 1672 2598 1741 episcopo
2635 1686 2666 1725 a
2712 1670 2915 1726 Basilio
2957 1680 3012 1726 et
3037 1669 3302 1741 Gregorio
3335 1669 3503 1726 fuisse
3547 1673 3744 1726 inscri-

2157 1770 2324 1829 ptam,
2357 1761 2439 1815 vel
2483 1763 2662 1831 potius
2707 1762 2773 1817 ad
2806 1763 2952 1817 hunc
2988 1761 3308 1833 simpliciter
3345 1763 3563 1818 missam
3606 1762 3739 1817 Phi-

476 1868 716 1926 tempore
745 1870 854 1925 quo
893 1855 946 1909 in
993 1856 1253 1910 cathedra
1293 1855 1558 1910 Emesena
1613 1855 1815 1910 sederit
1860 1853 2054 1908 Ncme-
2086 1876 2128 1929 Β
2157 1852 2403 1908 localiam
2434 1853 2841 1925 Origenianam,
2878 1871 2947 1912 ex
2978 1858 3167 1910 eodem
3210 1854 3556 1910 Nazianzeno
3585 1856 3743 1911 intel-

473 1945 621 2011 sius;
661 1945 958 2000 observare
996 1945 1228 2013 primum
1250 1944 1461 2014 juverit
1494 1960 1615 1999 cum
1650 1945 1858 1999 editore
1904 1943 2050 2000 Oxo-

472 2038 686 2101 niensi,
721 2037 1019 2091 antistitem
1070 2046 1315 2093 nostrum
1344 2052 1415 2092 ea
1465 2044 1788 2106 tempestate
1830 2038 2049 2102 vixisse,

473 2144 582 2200 qua
616 2129 870 2185 Ecclesia:
910 2143 1096 2199 pacem
1117 2128 1421 2203 turbabant
1447 2127 1833 2199 Apollinarius,
1864 2127 2050 2183 Eone--

473 2223 615 2278 niius
661 2228 825 2290 atque
863 2219 1209 2290 Origenistae.
1255 2220 1322 2276 Et
1359 2221 1427 2275 de
1455 2218 1792 2290 Apollinario
1834 2220 2051 2290 quidem

471 2315 634 2371 verba
685 2312 893 2369 faciens
947 2311 1234 2369 Nemesius
1288 2314 1390 2369 sub
1434 2313 1626 2384 'operis
1674 2312 1890 2368 initium
1947 2311 2046 2387 (ε),

474 2407 650 2478 ipsum
692 2406 949 2476 deinceps
1000 2406 1243 2462 studiose
1287 2406 1490 2462 refellit
1530 2406 1630 2478 (ά).
1683 2407 1826 2463 Alibi
1870 2417 2052 2464 autem

475 2509 661 2555 contra
714 2498 1042 2555 Eunomium
1086 2498 1265 2569 palam
1310 2498 1551 2568 disputat
1597 2498 1706 2568 (e);
1760 2513 1919 2568 quem
1972 2501 2055 2553 ni-

477 2590 672 2645 mirum
711 2606 740 2644 a
773 2589 1060 2659 praecipuis
1095 2591 1270 2659 quarti
1314 2590 1499 2645 saeculi
1533 2590 1792 2646 Ecclesia:
1822 2592 2056 2660 scripto-

481 2681 655 2746 ribus;
691 2679 889 2748 Basilio
913 2682 1217 2751 praesertim,
1244 2690 1298 2735 et
1328 2690 1557 2750 utroque
1577 2680 1864 2751 Gregorio,
1888 2681 2056 2737 fuisse

479 2774 842 2844 impugnatum
866 2786 1025 2827 nemo
1052 2773 1246 2827 nescit.
1290 2771 1719 2843 Origenistarum
1747 2783 1928 2830 autem
1971 2773 2056 2827 in-

477 2862 682 2915 somnia
701 2863 771 2916 de
786 2861 1089 2916 animarum
1118 2862 1377 2917 descensu
1392 2877 1457 2917 ac
1483 2863 1954 2934 transmigratione
1975 2874 2056 2918 ta-

475 2953 580 3007 cite
596 2954 1203 3023 primum,postmodum
1231 2968 1358 3009 vero
1372 2955 1712 3025 apertissime
1736 2957 1942 3026 respuit
1957 2958 2053 3029 (1).

476 3044 628 3111 Quod
668 3044 713 3098 si
773 3041 1060 3099 Nemesius
1126 3044 1252 3099 dum
1316 3045 1604 3101 ereationis
1663 3061 1800 3114 opus
1855 3061 2055 3102 secun-

480 3137 607 3189 dum
630 3134 1048 3204 Scripturarum
1071 3134 1283 3204 eloquia
1311 3132 1572 3192 enarrare
1597 3139 1818 3207 satagit,
1847 3138 2056 3193 anima-

2152 1946 2366 2017 ligimus
2397 1945 2513 2018 (m).
2551 1947 2664 2002 Sub
2692 1947 2833 2001 idem
2867 1954 3081 2017 tempus
3113 1946 3392 2002 enimvero
3424 1946 3519 2001 fuit
3552 1946 3743 2003 Neme-

2152 2037 2264 2093 sius
2295 2037 2515 2107 quidam
2547 2037 2793 2107 Gregorii
2827 2037 3161 2093 Nazianzeni
3193 2037 3500 2100 familiaris.
3532 2039 3744 2117 Cappa-

2155 2130 2325 2187 dociae
2363 2129 2652 2201 praefectus
2692 2140 2855 2200 atque
2885 2146 2914 2185 a
2945 2131 3161 2185 Christo
3188 2130 3397 2186 alienus
3420 2170 3435 2195 ,
3478 2133 3546 2187 ad
3580 2147 3744 2201 quem

2153 2231 2626 2294 exstantquatuor
2671 2222 2916 2294 ejusdem
2967 2221 3298 2280 Nazianzeni
3351 2223 3595 2292 epistola:
3637 2224 3743 2297 (η),

2154 2325 2208 2371 et
2239 2330 2459 2369 carmen
2488 2314 2621 2369 satis
2650 2313 2917 2383 prolixum
2947 2314 3026 2386 (ο)
3054 2330 3161 2384 quo
3204 2315 3272 2370 ab
3300 2315 3623 2371 idololatria:
3658 2331 3747 2371 va-

2159 2406 2332 2460 nitate
2367 2407 2543 2476 ipsum
2585 2421 2814 2461 avocare
2841 2406 3023 2461 studet
3049 2422 3066 2462 :
3096 2422 3255 2477 quem
3283 2415 3462 2462 tamen
3489 2409 3556 2462 ab
3584 2407 3745 2462 Eme-

2155 2511 2287 2550 seno
2323 2496 2761 2568 distinguendum
2794 2511 2914 2551 esse
2954 2495 3236 2550 Fabricius
3273 2497 3351 2568 (ρ)
3386 2498 3586 2569 aliique
3620 2514 3747 2553 con-

2159 2588 2408 2641 tendunt.
2439 2587 2598 2656 Atqui
2633 2587 2775 2643 haud
2816 2587 2974 2657 longe
3008 2602 3037 2641 a
3079 2603 3206 2642 vero
3230 2591 3419 2644 abesse
3452 2599 3603 2659 putat
3635 2591 3744 2645 Til-

2159 2679 2448 2734 lemontius
2473 2679 2575 2751 (ᾳ),
2602 2680 2647 2735 si
2677 2680 2801 2750 quis
2826 2679 3135 2735 Nemcsium
3163 2680 3487 2735 Nazianzeni
3512 2683 3747 2737 amicum

2155 2770 2251 2840 qui
2276 2760 2633 2841 cappadocize
2663 2771 2977 2849 praefectum
3006 2772 3241 2842 agebat,
3272 2772 3394 2827 libri
3427 2772 3745 2847 Denatura

2157 2861 2382 2916 hominis
2404 2873 2685 2917 auctorem
2715 2863 3011 2918 existimet.
3045 2861 3218 2929 Quum
3252 2878 3387 2937 sane
3413 2865 3739 2918 sententiam

2159 2952 2230 3007 ita
2260 2952 2562 3009 Ineuientet‘
2590 2953 2810 3023 exponit
2834 2954 3011 3009 editor
3039 2952 3365 3009 Oxoniensis
3397 2952 3470 3025 (r)
3520 2970 3534 3006 :
3586 2973 3604 3005 ε
3639 2954 3748 3009 Bil-

2160 3043 2316 3112 lius,»
2336 3046 2532 3116 inquit,
2565 3065 2587 3098 ι
2618 3057 2670 3101 et
2693 3046 2784 3100 alii
2808 3046 3050 3100 nonnulli
3078 3046 3304 3100 minime
3331 3046 3625 3102 verisimile
3647 3063 3749 3117 pu-

2163 3144 2299 3200 lant,
2329 3136 2687 3207 Cappadocia:
2719 3137 3062 3206 prtefectum,
3091 3138 3362 3193 hominem
3388 3139 3572 3193 saeculi
3600 3142 3748 3196 curis

480 3241 596 3280 rum
625 3227 1110 3296 praeexsisteutiam
1149 3226 1341 3282 doceat
1369 3227 1475 3299 (θ),
1497 3243 1623 3284 eum
1648 3230 1863 3284 demum
1898 3244 2055 3285 secu-
2086 3216 2128 3275 C
2164 3226 2436 3281 addictum
2465 3236 2521 3281 et
2550 3242 2581 3281 a
2628 3226 2943 3297 Christiana
2971 3228 3173 3297 pietate
3205 3227 3464 3293 alienum,
3500 3239 3594 3284 aut
3623 3233 3742 3300 epi-

481 3318 592 3373 rius
631 3317 798 3373 fuisse
841 3318 1102 3382 locutum,
1138 3327 1194 3371 ut
1239 3318 1423 3386 phrasi
1471 3318 1865 3389 Augustiniana
1911 3328 2059 3382 utar,

476 3412 903 3468 existimaverim
942 3410 1227 3479 equidem;
1266 3426 1388 3465 cum
1440 3410 1742 3481 prmscrtim
1777 3419 1831 3466 et
1859 3425 2060 3473 eopve-

481 3505 736 3559 tustiores
768 3503 958 3558 Patres
991 3503 1062 3556 ita
1108 3517 1327 3571 quoque
1373 3500 1576 3555 fuerint
1618 3501 1808 3563 locuti,
1851 3500 2061 3557 Pierius

478 3597 871 3652 Alexandrinus
897 3595 1000 3667 (h),
1045 3594 1349 3649 Methodius
1375 3593 1436 3665 (i)
1464 3593 1682 3664 aliique.
1713 3593 1888 3647 Aliter
1915 3594 2058 3648 enim

482 3686 662 3756 procul
689 3686 853 3741 dubio
890 3685 1195 3740 censuisset
1225 3695 1408 3739 noster
1436 3692 1645 3748 auctor,
1678 3699 1745 3737 ac
1773 3683 2062 3757 προϋπάρ-

483 3777 617 3841 Eam;
658 3777 852 3845 dogma
890 3775 1283 3847 Origeniauum
1331 3777 1718 3846 impugnasset,
1755 3779 1801 3832 si
1848 3793 2064 3847 perspe-

490 3881 632 3923 ctum
705 3869 989 3923 habuisset
1068 3868 1375 3937 huiusmodi
1440 3869 1618 3939 magni
1678 3868 1877 3924 Leonis
1934 3867 2065 3923 eﬂ'a-

487 3971 593 4015 tum
618 3960 684 4032 (j)
724 3979 738 4016 :
769 3960 1043 4015 Catholica
1070 3961 1222 4031 ﬁJes,
1261 3961 1453 4031 inquit.
1482 3970 1784 4015 constanter
1806 3961 2062 4030 prwdicat

487 4063 638 4122 atque
683 4054 955 4119 ueraciter,
993 4053 1133 4124 quod
1164 4054 1358 4109 anima:
1397 4054 1687 4117 hominum,
1755 4052 2063 4123 priusquam

486 4144 870 4214 inspirarentur
893 4146 1216 4210 corporibus,
1265 4162 1365 4200 non
1406 4146 1570 4215 fuere,
1600 4162 1692 4199 nec
1720 4145 1785 4200 ab
1832 4145 1940 4199 alio
1982 4146 2066 4199 iu-

488 4247 833 4305 corporanlur
883 4238 984 4292 nisi
1027 4242 1091 4290 ab
1125 4238 1308 4308 cpi/ioc
1342 4238 1467 4302 Deo,
1510 4238 1599 4308 qui
1631 4249 1676 4291 et
1709 4238 1944 4300 ipsarum.
1988 4250 2062 4292 est

487 4338 691 4382 creator
725 4338 774 4384 et
820 4346 1119 4398 corporum.
1162 4329 1566 4385 Advertendum
1611 4338 1870 4398 praeterea
1924 4330 2064 4384 scri-

490 4420 658 4489 psisse
701 4420 1008 4477 Nemesium
1070 4431 1193 4477 ante
1244 4420 1477 4476 Nestorii
1535 4430 1696 4490 atque
1750 4421 2064 4493 Eutychetis

492 4518 751 4581 tempora,
776 4523 835 4567 ut
864 4512 1103 4583 pluribus
1127 4514 1307 4583 arguit
1328 4506 1504 4568 editor
1526 4511 1854 4567 Oxoniensis
1889 4531 1903 4567 :
1931 4513 2059 4581 quin

490 4613 546 4656 et
574 4615 701 4659 ante
725 4603 1024 4675 Pelagium,
1063 4620 1185 4660 cum
1217 4607 1269 4659 in
1298 4605 1502 4674 prolixa
1529 4604 1595 4658 de
1629 4604 1798 4659 libero
1833 4605 2063 4658 arbitrio

492 4693 852 4768 disputatione
904 4697 981 4770 (lt)
1036 4698 1413 4769 Pelagianismi
1463 4698 1792 4753 mentionem
1844 4713 2067 4767 prorsus

495 5003 630 5130 15%)
670 5002 845 5059 Moses
875 5000 959 5067 B.,
1008 5001 1081 5057 De
1116 5002 1329 5073 μανίαι,
1376 5014 1497 5071 pag.
1533 4998 1601 5054 55
1626 4997 1753 5051 edit.
1788 4999 2063 5088 Autwerp.

560 5114 646 5212 ὶῖἱ
681 5144 972 5199 Montfauc.
1003 5142 1142 5199 Bibl.
1176 5140 1369 5206 Coisl.,
1403 5154 1525 5211 pag.
1547 5137 1674 5192 ne.

566 5214 632 5297 lc)
673 5214 890 5297 ﬁctiles.
924 5213 999 5269 De
1031 5222 1157 5297 nat;
1177 5213 1493 5281 hom.,'cap.
1525 5210 1573 5265 l.

583 5288 637 5355 d)
679 5285 754 5339 Id.
781 5285 937 5347 ibid.,
973 5300 1094 5354 cap.
1124 5285 1180 5338 2.

586 5358 635 5426 e)
677 5354 751 5412 Id.
794 5355 1093 5423 ibid.,cap.
1129 5355 1181 5409 '5.

586 5358 635 5426 e)
677 5358 751 5412 Id.
794 5358 1093 5423 ibid.,cap.
1129 5358 1181 5409 5.

589 5427 633 5496 ί)
673 5427 751 5480 Id.
783 5426 938 5490 ibid.,
978 5442 1098 5494 cap.
1129 5426 1185 5491 2,
1220 5425 1274 5478 3.

563 5358 637 5570 39}
668 5495 746 5570 I_tI.
771 5496 927 5570 ibid.,
962 5512 1082 5565 cap.
1114 5496 1181 5570 2._
1218 5564 1274 5570 __

586 5498 637 5573 gl
668 5495 927 5573 I1l_.ihid._,
962 5512 1082 5565 cap.
1114 5496 1182 5573 2._
1218 5564 1274 5573 __
1414 5562 1472 5573 ω

494 5562 639 5692 28gb)
678 5566 822 5625 Pier.
856 5567 1010 5622 Alex.
1032 5562 1378 5637 'apud'Phot.
1406 5562 1548 5617 Bibl.
1584 5564 1710 5620 cod.
1739 5576 1890 5626 crux,
1940 5577 2060 5631 pag.

565 5709 624 5777 (i)
664 5706 897 5777 method.
929 5705 1141 5777 Goneiu.
1170 5706 1304 5776 uirg.
1344 5712 1484 5759 orat.
1514 5717 1576 5769 ll,
1610 5700 1722 5774 §5.
1759 5701 1846 5773 ['I‘.
1899 5700 2060 5756 XV'lll

496 5774 695 5848 nostra;
721 5774 861 5831 Bibl.
896 5775 1038 5848 PR]

567 5846 635 5920 υ)
675 5847 779 5904 ιιιξυ
823 5848 874 5913 I,
908 5840 1062 5917 epist.
1098 5862 1187 5908 xv,
1220 5846 1284 5903 ad
1328 5843 1573 5907 'I‘urrib.,
1607 5858 1729 5914 cap.
1774 5841 1867 5910 IO,
1899 5840 2036 5911 Opp.

2165 3331 2389 3384 scopum
2432 3316 2571 3380 lieri,
2602 3325 2697 3370 aut
2739 3315 2938 3370 librum
2971 3317 3276 3372 istiusmodi
3312 3318 3487 3386 qualis
3525 3320 3614 3376 hic
3648 3336 3747 3374 no-

2163 3417 2276 3463 ster
2301 3415 2385 3461 est
2412 3407 2502 3476 qui
2533 3422 2645 3479 pm
2672 3407 2922 3462 manibus
2955 3408 3208 3474 habetur,
3245 3409 3551 3477 scripsisse.
3590 3409 3743 3478 Quod

2168 3510 2348 3556 autem
2388 3500 2455 3556 ad
2506 3501 2888 3572 praefecturam
2939 3503 3137 3557 attinet
3181 3511 3237 3556 et
3279 3517 3475 3556 nomen
3529 3503 3752 3559 Christo

2168 3595 2407 3649 nondum
2438 3595 2646 3663 datum,
2680 3593 2838 3650 facile
2865 3595 2970 3650 erit
3011 3610 3308 3664 reponere;
3340 3611 3601 3663 remeam
3645 3613 3749 3649 non

2165 3686 2298 3741 adeo
2326 3687 2705 3743 incredibilem
2734 3687 2904 3742 videri
2943 3688 3012 3743 iis
3040 3689 3131 3758 qui
3167 3689 3437 3753 noverint,
3468 3689 3655 3759 quales
3688 3705 3754 3744 (ιο

2167 3774 2284 3843 ipso
2330 3773 2385 3828 in
2443 3776 2644 3831 sazculo
2695 3774 2919 3833 fuerunt
2959 3777 3316 3843 Ambrosius,
3363 3777 3645 3834 Nectarius
3697 3788 3754 3831 et

2170 3863 2465 3935 Syuesius,
2516 3881 2639 3920 cum
2678 3859 2745 3920 ad
2783 3869 2942 3922 sedes
2976 3884 3104 3923 suas
3139 3879 3608 3937 promoverentur.
3643 3867 3753 3921 Nec

2167 3965 2316 4011 certe
2349 3955 2629 4012 Nemesius
2666 3968 2852 4013 noster
2883 3959 3059 4014 sacris
3093 3959 3279 4015 infulis
3312 3961 3564 4030 indignus
3595 3975 3754 4029 pror-

2167 4062 2261 4103 sus
2291 4044 2598 4113 habebitur,
2633 4050 2724 4120 qui
2777 4064 2808 4104 a
2856 4050 3131 4120 Theologo
3181 4052 3465 4122 Gregorio,
3518 4052 3751 4121 philoso-
3796 4059 3821 4073 ‘

2167 4142 2323 4208 ρΙρῑτε,
2365 4142 2660 4212 probitatis,
2682 4145 2935 4212 justitim,
2972 4146 3221 4198 amicitia:
3256 4145 3473 4199 demum
3510 4146 3752 4210 nomine,

2173 4247 2277 4285 non
2337 4232 2498 4287 modo
2549 4233 2783 4299 laudari,
2828 4237 2920 4289 sed
2968 4250 3090 4290 cum
3131 4236 3478 4291 veneratione
3519 4237 3753 4305 quadam

2171 4323 2370 4392 suspici
2399 4335 2561 4393 atque
2594 4323 2697 4379 coli
2744 4335 3015 4379 meruerat
3056 4343 3070 4379 :
3112 4339 3273 4393 quem
3301 4327 3464 4379 etiam
3495 4336 3755 4395 utcunque

2170 4411 2294 4464 olim
2327 4412 2714 4475 charissimam,
2751 4412 2916 4482 magis
2945 4414 3233 4467 etiamnum
3258 4412 3475 4466 charum
3515 4413 3757 4480 futurum

2171 4503 2386 4573 ejusque
2416 4503 2589 4556 animo
2620 4504 2827 4572 penitus
2869 4519 2963 4557 ceu
2999 4503 3245 4557 columna
3294 4520 3430 4558 wrea
3466 4505 3755 4558 inscriben-

2104 4574 2146 4629 θ
2183 4596 2311 4648 dum
2352 4594 2579 4663 Spondet
2624 4595 2717 4667 (s),
2754 4595 2944 4665 ἐπειδὴ
2986 4595 3052 4650 ἂν
3080 4595 3239 4667 γένῃ,
3276 4594 3414 4648 Θεοῦ
3444 4596 3537 4649 καὶ
3571 4594 3757 4664 σαφῶς

2174 4690 2473 4764 ἡμέτεροςο
2509 4690 2735 4757 scilicet,
2768 4708 2891 4746 cum
2921 4692 3106 4761 pietati
3137 4690 3464 4748 Christiana:
3490 4701 3752 4747 se-totum

2175 5009 2308 5057 tom.
2334 5000 2374 5065 I,
2403 5016 2524 5069 pag.
2561 5001 2665 5055 705
2693 5002 2823 5057 edit.
2855 5002 3049 5058 Baller.

2268 5069 2319 5137 k)
2340 5070 2598 5141 _Nemes.,
2626 5088 2749 5141 cap.
2780 5073 2868 5139 59,
2899 5072 2989 5137 40,
3026 5072 3115 5126 44.

2268 5141 2304 5210 l)
2340 5138 2604 5211 Lequien.
2637 5138 2731 5196 0r.
2777 5138 2998 5206 Christ.,
3028 5151 3159 5196 tom.
3184 5139 3258 5211 _ll,
3295 5155 3417 5211 pag.
3455 5140 3582 5197 840.

2270 5209 2340 5276 m)
2366 5209 2543 5283 _Greg.
2583 5211 2713 5266 Naz.
2742 5214 2898 5283 epist.
2930 5227 3149 5267 uxxvn
3181 5209 3549 5283 [utincicxr].

2267 5283 2320 5352 η)
2363 5281 2437 5336 Id.
2487 5280 2790 5354 epist._79,
2841 5283 2967 5349 I85,
3022 5283 3142 5349 184,
3183 5280 3296 5338 ἶ83
3343 5280 3529 5354 [nunc
3578 5295 3757 5347 σχειν,

2171 5350 2395 5425 cxcvtn,
2412 5350 2625 5425 emicet
2658 5350 2700 5425 ].

2177 5423 2342 5565 l“(702]
2367 5422 2446 5476 Id.
2478 5420 2776 5480 eartn.'Lx1
2822 5421 3016 5496 [nunc
3060 5436 3160 5490 vn,
3193 5421 3288 5477 lib.
3322 5437 3382 5489 ιι,
3422 5430 3557 5476 sect.
3598 5420 3656 5479 2.
3704 5436 3758 5487 p.

2244 5556 2769 5651 (migarltri’cA'B‘ibl.
2820 5561 2916 5619 Gr.
2964 5571 3097 5619 tom.
3144 5562 3253 5629 VII,
3307 5576 3426 5631 pag.
3465 5558 3589 5613 549.
3633 5556 3758 5626 [Εά.

2175 5632 2364 5689 ilaﬂes
2390 5632 2480 5697 IX,
2516 5634 2677 5705 504.]

2243 5707 2319 5773 (ᾳ)
2359 5704 2744 5759 TillemJlém.
2795 5705 2943 5767 τεεί..
3008 5714 3138 5759 tom.
3177 5700 3267 5765 IX,
3304 5714 3425 5770 pag.
3464 5698 3589 5765 5-H,
3628 5696 3754 5754 607.

2247 5775 2317 5843 (r)
2354 5774 2528 5828 Oxon.
2556 5773 2772 5829 Pra'fat.
2806 5778 2871 5828 ad
2907 5776 3117 5828 Nemes.
3149 5787 3270 5840 pag.
3314 5784 3365 5823 ν.

2250 5848 2320 5915 ts)
2362 5843 2528 5914 Grvg.
2568 5843 2693 5898 Νη,
2725 5846 2884 5915 epist.
2919 5856 3151 5899 ccxxxtv
3182 5839 3348 5911 [uuuc
3372 5836 3483 5911 cc].
