4062 6150
328 371 431 425 ‘85

1388 365 1736 420 NEMESIUS
1769 363 2149 421 EPISCOPUS
2189 367 2585 426 EMESENUS.

3480 375 3581 430 481

335 485 639 537 tradiderit.
697 484 849 545 Quod
894 483 949 536 in
984 481 1318 536 carminibus
1349 481 1525 536 denuo
1561 480 1904 542 vaticinatur,
1936 485 1979 540 Α
2013 495 2128 533 rum
2163 496 2377 536 errores
2403 483 2573 538 solide
2609 483 2798 551 probat
2831 495 2992 553 atque
3020 485 3335 552 conﬁrmat;
3368 486 3464 542 lati
3495 504 3583 543 ne-

324 587 376 628 et
397 589 493 628 ceu
523 575 722 630 entheo
752 575 984 644 quodam
1015 573 1197 628 furore
1223 574 1460 643 percitus
1483 613 1498 638 ,
1523 588 1712 644 poema
1747 586 1901 625 suum

327 668 412 722 his
450 667 650 721 claudit
679 667 754 738 (a)
790 685 803 720 :

328 811 400 846 ._.
445 811 458 824 .
505 811 518 823 .
627 811 639 824 .
686 811 698 824 .
740 771 1442 846 Ν1μέσσιοςγῤ6ριμτρθυμος

325 843 726 915 Κᾳππαδᾴκῃῳ
755 843 990 915 τάλαντα
1007 842 1190 915 -Δξκής
1227 842 1364 896 ἰθεῖα
1380 842 1690 915 ςᾳνύᾳσᾳς,

324 912 400 983 ρύ
427 913 626 983 χρυσὸν
643 912 906 966 ’δολόεντα
933 913 1028 966 καὶ
1057 914 1313 983 ἄργυρον,
1339 913 1457 983 ορδὲ
1493 913 1589 983 μὲν
1618 913 1816 973 ἵππους

327 979 655 1053 Ε-ὑγένὲτας,
686 983 1034 1053 πτερόεᾼντας,
1068 979 1313 1053 ἅοίδίμᾳν
1347 979 1504 1053 εὖχοξ
1533 981 1777 1053 Exeo-rae,

328 1051 506 1120 Ὠχετ’
547 1053 698 1120 ἄγων
719 1075 731 1088 ·
767 1050 996 1116 τέλοῦτος
1027 1053 1136 1124 γὰρ
1164 1050 1489 1116 ὰύούτατόζ,
1525 1051 1644 1192 ἀνίτὶ
1676 1051 1732 1103 δὲ
1769 1052 1905 1105 πάν-

1618 1139 1745 1183 των,

1618 1139 1724 1173 των
1733 1161 1745 1183 ,

223 1233 226 1235 .
323 1191 625 1262 Μάργαρον
663 1191 956 1262 αἰγλήεντα
997 1192 1170 1262 μέγαν
1200 1191 1458 1261 ληΐσσατο
1475 1191 1726 1263 Χριάτόν.

331 1290 416 1362 En
451 1294 636 1362 uirtute
669 1294 839 1362 gravis
870 1293 1172 1362 meritisque
1207 1290 1480 1346 Nemesius
1512 1291 1654 1348 altis.
1681 1309 1684 1312 ·

322 1361 502 1430 Equo
540 1361 692 1415 Dices
724 1363 813 1428 qui
862 1361 1228 1430 Cappadocum
1264 1364 1416 1415 modo
1451 1363 1683 1426 pondera
1722 1361 1903 1425 librat,

323 1433 491 1496 Atque
521 1433 656 1484 idem
683 1431 828 1498 justo
856 1433 1066 1484 trutina?
1096 1449 1150 1484 se
1193 1435 1433 1485 examine
1465 1439 1667 1500 pensat.

327 1501 448 1553 Non
481 1503 594 1553 auri
627 1501 724 1560 vis,
758 1518 858 1554 non
883 1504 1084 1566 argenti
1113 1518 1265 1552 sacra
1297 1502 1460 1568 {antes
1497 1503 1634 1554 hunc

323 1568 634 1623 Sollicitavit
669 1585 823 1636 opum
855 1572 1152 1637 majorum;
1197 1575 1285 1622 sed
1317 1587 1407 1624 nec:
1439 1581 1681 1631 honores.

322 1638 744 1708 Pt‘wstantesque
779 1639 900 1691 aliis
932 1655 1115 1706 genere
1143 1653 1191 1692 et
1223 1639 1428 1694 levitate
1457 1641 1686 1694 caballos

334 1707 533 1762 Vesano
561 1707 775 1777 appetiit
811 1708 954 1775 fastu
983 1718 1140 1778 atque
1169 1710 1414 1776 cupitline
1447 1711 1614 1764 inani.

320 1779 385 1848 ᾼι
411 1796 504 1846 pro
535 1778 729 1830 divitiis
764 1789 811 1830 et
837 1780 981 1845 gazis
1011 1780 1310 1848 deliciisque

321 1847 599 1913 Omnibus,
627 1848 710 1900 hic
743 1850 953 1900 baccam
990 1847 1310 1915 radiantem,
1346 1865 1538 1905 numen
1572 1849 1724 1904 Iesu.

399 1960 520 2014 llaec
554 1960 662 2013 ille.
692 1960 868 2030 Atque
899 1961 1089 2015 horum
1124 1962 1362 2016 virorum
1396 1964 1676 2019 doctorum
1701 1963 1902 2034 judicio

322 2051 460 2103 haud
533 2051 783 2120 equidem
857 2053 1308 2122 repugnaverim;
1380 2055 1672 2110 dummodo
1724 2067 1900 2113 tamen

320 2143 632 2208 admittant,
673 2141 978 2198 Nemesium
1020 2145 1146 2200 olim
1179 2144 1533 2216 Cappadocia:
1568 2149 1898 2217 prtelectum,

319 2237 388 2290 ab
432 2235 647 2289 ethnica
696 2236 1081 2306 superstitione
1121 2239 1186 2291 ad
1223 2236 1424 2292 Christi
1464 2239 1620 2294 [idem
1669 2257 1899 2296 conver-

318 2342 460 2392 sum,
503 2328 778 2382 Emesente
828 2328 1080 2383 Ecclesiae
1127 2329 1368 2400 regimen
1415 2317 1668 2402 deinceps
1717 2348 1902 2387 susce-

318 2419 463 2488 pisse
493 2438 506 2471 :
535 2419 621 2473 his
645 2419 788 2473 enim
814 2419 1118 2488 insignibus
1147 2433 1398 2475 ornatum
1429 2421 1595 2478 fuisse
1622 2434 1895 2479 auctorem

319 2521 584 2575 nostrum,
635 2527 757 2564 cum
794 2525 859 2564 ex
896 2511 1140 2580 pluribus
1171 2513 1399 2567 vetustis
1431 2513 1712 2568 codicibus
1744 2532 1895 2582 tnss.,

321 2610 432 2653 tum
468 2614 532 2653 ex
567 2599 802 2670 antiquis
829 2601 1217 2657 ecclesiasticis
1253 2602 1609 2671 scriptoribus
1643 2604 1898 2671 superius

322 2689 508 2742 relatis
535 2689 1028 2757 comprobavimus.

394 2777 482 2834 IV.
526 2779 620 2833 llis
654 2780 864 2849 positis,
889 2779 1012 2848 jure
1042 2780 1250 2850 optimo
1283 2781 1646 2836 recensendas
1683 2782 1898 2834 videtur

322 2871 608 2926 Netnesius
644 2880 829 2927 noster
859 2872 1002 2926 inter
1029 2871 1328 2941 praecipuos
1355 2871 1537 2926 saeculi
1566 2871 1900 2926 tv'Ecelesizc

319 2963 590 3027 doctores,
621 2963 710 3031 qui
740 2961 1056 3030 religionem
1085 2959 1454 3016 Christianam
1483 2975 1695 3015 summo
1719 2962 1898 3014 studio

321 3047 711 3103 defendendam
743 3063 1052 3118 suscepere.
1091 3047 1148 3102 In
1177 3063 1274 3103 suo
1305 3050 1448 3104 enim
1494 3049 1632 3105 libro
1682 3050 1756 3104 De
1806 3068 1894 3102 na-

2011 571 2322 626 cessitatem
2357 574 2562 627 acriter
2593 583 2904 643 oppugnat;
2945 574 3240 630 voluntatis
3277 575 3585 634 libertatem

2008 672 2231 717 strenue
2294 663 2568 730 vindicat;
2646 665 2739 720 Dei
2807 666 3202 733 providentiam
3285 667 3588 726 luculenter

2011 755 2206 810 astruit
2261 771 2325 811 ac
2384 743 2595 824 tuetur;
2649 757 2954 829 divinaeque
3002 759 3305 830 sapientia,
3357 761 3586 818 bonitati

2009 857 2173 917 atque
2214 849 2467 917 potentiae
2514 850 2776 918 praeelara
2825 852 3028 920 passim
3062 852 3370 907 testimonia
3407 853 3592 924 perhi-

2008 937 2118 992 bet.
2151 937 2354 1008 tlpsius
2384 941 2616 1010 denique
2643 942 2832 1011 scripti
2863 942 3200 1009 character,»
3225 951 3282 998 ut
3311 959 3434 1000 cum
3469 947 3585 1000 viro

2008 1031 2216 1085 erudito
2233 1029 2422 1100 loquar
2445 1033 2546 1102 (ὁ),
2574 1034 3417 1104 «nobilissimorumingeniorum
3445 1037 3590 1091 fera-

2008 1120 2284 1174 cissimum
2315 1121 2442 1177 illud
2473 1125 2730 1180 saeculum
2760 1126 2936 1196 sapit;
2965 1126 3053 1181 ubi
3089 1128 3446 1184 ethnicismus
3472 1128 3586 1196 jam

2006 1215 2383 1284 exspiraturus
2428 1215 2648 1271 ultimos
2699 1232 2824 1273 suos
2868 1228 3096 1273 conatus
3136 1219 3438 1289 explicans,
3485 1223 3586 1276 sub

2008 1301 2290 1371 Hieroclis,
2323 1304 2543 1368 Plotini,
2569 1305 2837 1372 Jamblici,
2868 1307 3147 1379 Porphyrii
3172 1318 3228 1365 et
3258 1310 3585 1379 reliquorum

2007 1395 2098 1464 qui
2152 1396 2219 1450 ab
2280 1397 2524 1468 Eunapio
2574 1411 2965 1465 memorantur,
3025 1402 3295 1470 praesidiis
3347 1403 3586 1472 philoso—

2007 1487 2187 1554 phiatn
2237 1487 2654 1544 Christianismo
2684 1493 2934 1561 opposuit
2963 1479 2983 1546 1:
3019 1503 3079 1548 ttt
3107 1509 3172 1548 ex
3219 1494 3387 1548 altera
3434 1507 3587 1565 parte

2007 1579 2194 1632 eadem
2260 1590 2582 1648 tempestate
2645 1585 2898 1652 auspiciis
2948 1599 3054 1639 non
3118 1586 3457 1651 minoribus,
3517 1590 3584 1641 ah

2008 1669 2329 1734 Athanasio,
2363 1669 2579 1735 Basilio,
2633 1671 2901 1742 Ephrento
2955 1673 3112 1746 Syro,
3167 1675 3432 1747 Nysseno,
3477 1677 3584 1732 Na-

2013 1761 2297 1825 zianzeno,
2329 1761 2655 1832 Epiphanio,
2690 1765 2830 1819 idem
2861 1765 3311 1824 Cltristianistnus
3348 1770 3587 1840 philosoa

2006 1851 2142 1919 phire
2167 1851 2329 1906 etiam
2363 1855 2622 1924 suppetiis
2648 1855 3057 1914 defendebatur.
3086 1859 3166 1912 Ad
3201 1861 3313 1914 haec
3335 1861 3379 1914 si
3401 1861 3586 1917 lectio-

2006 1941 2092 1996 nis
2129 1943 2392 2012 varietas,
2435 1947 2720 2000 verborum
2746 1947 3008 2016 delectus,
3038 1951 3306 2005 rationum
3347 1953 3581 2021 pondu,

1999 2031 2188 2102 judicii
2217 2041 2392 2099 tenor,
2418 2038 2656 2092 methodi
2684 2038 2841 2105 ordo,
2866 2039 3174 2110 disputandi
3211 2058 3463 2110 acumen,
3492 2061 3583 2099 ar-

2005 2128 2246 2194 gumenti
2283 2129 2496 2183 demum
2543 2129 2779 2199 dignitas
2812 2139 3098 2186 tractatum
3145 2134 3380 2204 aliquem
3415 2136 3584 2191 laeto-

2007 2219 2155 2272 rihus
2185 2219 2301 2273 suis
2327 2220 2622 2275 conciliare
2653 2221 2883 2289 poterit;
2909 2223 3096 2292 utique
3118 2225 3206 2280 hic
3231 2224 3394 2280 fuerit
3428 2227 3585 2296 lenge

2003 2313 2594 2368 eommendatissimus.
2643 2333 2661 2366 ι
2699 2313 2824 2370 Haec
2858 2315 3071 2385 aliaque
3102 2317 3256 2387 plura
3296 2333 3381 2374 νη·
3411 2322 3584 2375 erudi-

2005 2413 2109 2459 tus.
2138 2405 2314 2474 Atque
2351 2404 2478 2459 hinc
2514 2405 2738 2474 proinde
2769 2407 3030 2462 accidisse
3062 2409 3300 2465 arbitror
3320 2452 3335 2478 ,
3365 2419 3425 2465 ttt
3450 2411 3584 2468 cele-

2003 2495 2128 2550 bres
2174 2495 2380 2565 aliquot
2414 2497 2580 2566 prisci
2624 2496 2722 2551 teri
2757 2498 3074 2566 scriptores,
3103 2498 3354 2557 Julianus
3390 2502 3582 2558 Pome-

2003 2587 2136 2653 rius,
2166 2584 2404 2642 Joannes
2427 2587 2816 2652 Damascenus,
2844 2589 2988 2644 Elias
3009 2590 3308 2657 Cretensis,
3335 2590 3584 2648 Meletius

2004 2681 2327 2744 monachus,
2357 2678 3034 2746 loannesCrammaticus,
3063 2684 3242 2752 operis
3273 2683 3579 2740 Nemesiani

2004 2771 2314 2840 prmstantia
2363 2771 2616 2840 permoti,
2649 2771 2989 2827 dissimulato
3028 2773 3153 2828 licet
3201 2776 3440 2829 auctoris
3485 2792 3581 2829 no-
3671 2797 3680 2802 -

2003 2863 2177 2928 mine,
2232 2877 2339 2917 non
2377 2863 2539 2918 modo
2586 2865 2842 2932 periodos
2894 2864 3182 2934 plurimas,
3235 2867 3329 2921 sed
3379 2866 3581 2921 solidas

2000 2953 2163 3005 etiam
2196 2951 2420 3020 paginas
2455 2951 2570 3007 suis
2602 2953 2823 3022 scriptis
2853 2953 3227 3010 intexuerint:
3271 2967 3330 3010 ut
3373 2955 3458 3010 hic
3505 2959 3578 3008 in.

2004 3043 2160 3096 tcrim
2193 3049 2511 3111 praeteream
2533 3082 2548 3105 ,
2581 3057 2742 3097 unam
2777 3053 2831 3098 et
2863 3043 3087 3099 alteram
3125 3043 3365 3113 ejusdem
3398 3046 3578 3114 operis

319 3146 440 3190 tura
473 3137 721 3202 hominis,
753 3145 812 3193 ut
835 3152 904 3193 ex
936 3137 1172 3206 capitum
1205 3135 1429 3190 elencho
1464 3136 1516 3190 in
1555 3137 1745 3204 primis
1788 3135 1900 3190 eol-
1924 3154 1969 3211 α
2003 3132 2250 3186 laciniam
2301 3132 2444 3188 inter
2482 3132 2709 3202 Nysseni
2763 3134 3067 3191 litterarum
3105 3137 3437 3190 monimenta
3479 3136 3579 3190 int-

320 3230 523 3303 ligitur,
549 3234 744 3288 animae
770 3233 1234 3288 immortalitatem
1265 3230 1527 3284 adversus
1552 3227 1891 3298 philosopho-

389 3350 466 3422 (a)
503 3350 579 3406 id.
624 3368 792 3407 carm.
831 3371 920 3408 ut
949 3350 1117 3424 [nunc
1141 3367 1236 3417 vtt,
1265 3366 1317 3420 p.
1357 3347 1540 3419 1071]-

1243 3517 1690 3528 ——-—————.-———_

322 3503 1242 3532 Μ

2002 3223 2194 3278 merito
2225 3225 2526 3279 etiamnum
2558 3227 2804 3294 reperiri.

2081 3345 2152 3414 ib)
2193 3345 2364 3399 Oxon.
2400 3344 2616 3400 Praefat.
2648 3347 2712 3399 ad
2746 3347 2982 3408 Netnes..
3012 3363 3132 3418 pag.
3165 3363 3262 3402 vn.

3311 3501 3563 3530 π

808 3685 1881 3867 NEMESIUS
1973 3685 2832 3866 EMESEN
2842 3689 3104 3869 US

1096 4012 1294 4136 DE
1357 4004 2012 4137 NATUBA
2073 4010 2790 4140 HOMINIS.

471 4355 628 4402 POST
659 4352 1002 4400 EDITIONEM
1030 4351 1550 4396 ANTVERPIENSEM
1582 4352 1658 4394 ET
1692 4351 2120 4407 OXONIENSEM,
2163 4351 2476 4394 ADHIBI’I‘IS
2507 4350 2731 4394 TRIBUS
2771 4351 2952 4395 CODD.
3001 4351 3414 4412 AUGUSTANIS,

593 4434 842 4479 DUOBUS
872 4430 1360 4487 DRESDENSIBUS,
1394 4429 1794 4484 TOTIDEMQUE
1831 4429 2392 4486 MONACHIENSIBUS,
2426 4429 2544 4473 NEC
2574 4429 2703 4473 NON
2730 4431 2977 4474 DUABUS
3005 4431 3244 4476 VETUST
3244 4434 3299 4478 IS

711 4509 1126 4556 VERSIONIBUS
1200 4509 1464 4566 LATINIS,
1516 4509 1784 4553 CONONIS
1821 4510 1899 4552 ET
1966 4508 2202 4563 VALLE,
2250 4508 2463 4552 DENUO
2508 4508 2715 4551 MULTO
2756 4509 2928 4561 QUAM
2975 4509 3179 4555 ANTEA

838 4588 1236 4633 EMENDATIUS
1299 4589 1509 4632 EDIDIT
1565 4589 1642 4631 ET

1697 4587 2288 4632 ANIMADVERSIONES
2335 4586 2586 4630 ADJECIT
2642 4588 3048 4634 CHRISTIANUS

904 4667 1274 4712 FRIDERICUS
1300 4667 1609 4724 MATTIUEI,
1641 4667 1956 4710 PROFESSO'

2029 4664 2560 4710 VITEMBERGENSIS
2574 4666 2652 4709 ΕΤ
2680 4667 2954 4713 COLLEGG
2964 4699 2974 4709 .

1359 4746 1710 4790 IMPERIALL.
1749 4745 2141 4789 ROSSICORUM
2169 4744 2471 4788 ASSESSOR

1135 4853 1295 4915 (Halm
1318 4853 1732 4918 Magdeburgicte,
1759 4854 1886 4916 apud
1911 4853 2053 4904 Joan.
2077 4854 2180 4903 Jac.
2208 4851 2453 4910 Gebauer,
2478 4850 2768 4912 MDCCCII.)

1605 5085 2281 5179 PRIEFATIO.

783 5276 1213 5343 LECTORIBUS
1255 5282 1500 5340 DOCTIS
1542 5281 1628 5336 ET
1668 5278 1956 5337 BENEVOI

2015 5281 2052 5336 S
2092 5281 2148 5338 S.
2193 5281 2252 5337 P.
2296 5283 2357 5337 D.
2398 5282 2556 5339 CIIR.
2601 5285 2710 5341 FB.
2748 5283 3104 5341 ΜΑΤΊῊΑΞΙ.

385 5555 516 5624 Quae
545 5557 612 5612 de
641 5555 893 5612 Nemesio
929 5564 1044 5625 post
1078 5553 1213 5608 duos
1240 5553 1550 5624 superiores
1583 5551 1821 5607 editores
1849 5554 1989 5608 dicta
2028 5565 2155 5610 sunt
2189 5571 2218 5609 a
2271 5553 2522 5612 Fabricio
2562 5555 2638 5625 (a)
2660 5593 2674 5618 ,
2725 5553 2994 5610 Brucltero
3017 5553 3115 5624 (ὁ),
3153 5551 3368 5607 llallero
3407 5553 3480 5622 (ε)
3510 5557 3566 5604 et

387 5673 463 5743 (a)
487 5673 622 5728 Bibl.
653 5671 748 5730 Gr.
775 5675 884 5729 vol.
925 5671 1032 5737 VII,
1069 5689 1189 5743 pag.
1211 5671 1325 5743 _5_b9
1365 5685 1486 5743 sqq.

387 5739 454 5814 (b'
504 5743 645 5798 Hist.
677 5746 794 5800 crit.
820 5739 1108 5814 pltilosopli.
1137 5739 1174 5796 ἶ.
1209 5741 1298 5805 Ill,
1330 5756 1386 5810 p.
1421 5739 1548 5795 550.

387 5748 462 5884 (σς
492 5812 631 5870 Bibl.
673 5827 904 5872 anatom.
942 5825 978 5872 t.
1009 5813 1050 5881 Ι,
1080 5830 1131 5884 p.
1159 5814 1280 5880 115,
1313 5810 1438 5866 114.
1470 5809 1548 5880 Tit

385 5815 436 5885 (ε

492 5812 631 5870 Bibl.
673 5807 904 5872 enatam.
942 5825 978 5872 t.
1009 5807 1050 5881 Ι,
1080 5830 1131 5884 p.
1159 5814 1280 5880 115,
1313 5807 1438 5866 1⁷14.
1470 5809 1651 5881 Tiguri
1682 5807 1838 5879 1771,
1869 5807 1918 5866 4.
