4062 6150
358 373 464 430 485
1739 373 1962 428 Ριιυωῐ

2018 376 2274 432 onem.
2484 435 2486 448 ί
3107 403 3110 410 η
3523 388 3622 446 iss

360 487 728 544 Schroeckhio
767 489 865 559 (α),
899 487 1125 543 summis
1161 488 1322 552 viris,
1373 499 1434 543 ea
1475 484 1568 543 hic
1593 529 1606 551 ,
1655 500 1715 544 ut
1762 499 1886 544 nota
1910 531 1924 553 ,
1979 491 2436 559 pra-termittcntla
2470 495 2731 564 judicavi.
2771 498 2958 556 Solum
2997 500 3098 556 hoc
3137 518 3283 566 noro,
3328 518 3413 556 mc
3451 505 3621 558 tribus

357 582 640 650 codicibus
667 582 1023 652 Augustanis,
1063 583 1274 638 duobus
1304 581 1702 639 Dresdensibus
1722 623 1737 649 ,
1770 584 2105 654 totidemque
2134 585 2610 644 Monachiensibus
2630 631 2645 657 ,
2671 605 2736 645 ac
2767 605 3026 661 przcterea
3057 595 3264 650 duabus
3299 597 3491 664 priscis
3516 596 3624 652 Go-

359 675 515 729 nonis
544 686 601 730 et
626 674 790 728 Valla:
818 672 1029 729 Latinis
1059 674 1404 730 versionibus
1434 675 1758 730 instructum
1790 677 1859 731 ad
1894 678 2036 732 hanc
2065 678 2357 733 editionem
2388 683 2708 737 accessisse.
2739 683 2833 736 llis
2872 694 3056 739 autem
3099 688 3295 755 capiis,
3334 687 3401 742 de
3430 690 3624 757 quibus

356 770 514 838 paulo
543 768 774 825 inferius
814 770 927 824 dixi
956 770 1140 836 latius,
1167 769 1239 824 ita
1275 785 1406 825 usus
1438 785 1578 836 sum,
1620 779 1680 824 ut
1713 781 1933 834 textum,
1977 787 2136 841 quem
2172 783 2388 839 vocant,
2416 773 2683 840 Graecum,
2722 777 2790 830 ab
2825 777 3098 835 Ellebodio
3125 795 3190 834 ex
3223 781 3434 836 duobus
3470 781 3621 832 Valde

359 863 568 920 vitiosis
601 865 880 918 codicibus
915 864 1152 930 editum,
1203 863 1449 934 adeoque
1480 864 1664 918 multis
1695 864 1748 918 in
1792 864 1926 920 locis
1977 876 2289 936 corruptum
2313 907 2326 933 ,
2361 867 2430 922 ab
2470 867 2681 922 editore
2711 869 3006 926 Oxoniensi
3058 887 3183 926 vero
3214 873 3302 926 vix
3332 872 3620 942 quinquies

357 967 683 1019 correctum,
715 969 975 1027 quantum
1007 959 1121 1012 lierl
1159 967 1342 1028 posset
1369 998 1382 1023 ,
1425 959 1856 1014 emendatiorem
1901 960 2139 1014 ederent.
2174 961 2246 1015 Eo
2273 976 2403 1032 ergo
2433 971 2641 1031 spectat
2669 964 3194 1020 animadversionum
3227 981 3463 1020 mearum
3498 979 3626 1033 pars

358 1050 617 1104 maxima.
651 1049 718 1105 Ut
746 1060 925 1105 autem
957 1052 1190 1106 lectores
1215 1051 1442 1116 scirent,
1473 1051 1600 1120 quid
1653 1051 1706 1104 in
1737 1059 1993 1119 perpetua
2039 1054 2286 1109 oratione
2316 1057 2638 1108 mutaverim
2671 1064 2724 1108 et
2754 1058 3108 1122 correxerim,
3139 1072 3257 1110 eam
3301 1057 3372 1112 ob
3403 1071 3620 1110 causam

358 1145 554 1210 ubique
581 1153 709 1196 ante
737 1142 1235 1198 animadversiones
1266 1157 1414 1196 meas
1442 1141 1622 1197 notavi
1655 1141 1916 1198 lectiones
1949 1141 2210 1199 Ellebodii
2243 1159 2270 1196 a
2307 1145 2440 1199 meis
2470 1145 2860 1214 discrepantes.
2895 1144 2970 1199 De
2997 1145 3222 1215 singulis
3246 1147 3516 1200 vocabulis
3554 1162 3617 1198 ae

357 1235 546 1288 formis
584 1234 795 1288 dicendi
828 1250 956 1298 non,
984 1234 1086 1289 nisi
1122 1235 1211 1288 ubi
1247 1249 1468 1289 necesse
1501 1233 1638 1299 fuit,
1677 1235 1898 1299 monui;
1932 1251 2056 1290 nam
2098 1236 2312 1290 dicendi
2344 1252 2511 1306 genus
2539 1235 2805 1300 Nemcsii,
2841 1237 2892 1292 in
2951 1246 3097 1292 tanta
3137 1239 3302 1292 etiam
3355 1253 3537 1291 rerum
3571 1251 3627 1294 ot

356 1329 752 1382 sententiarum
786 1326 1084 1382 subtilitate
1118 1339 1170 1380 et
1214 1324 1544 1392 dillicultate,
1582 1326 1648 1380 ad
1681 1325 2086 1394 intelligendum
2145 1319 2299 1382 valde
2347 1338 2429 1380 est
2465 1336 2708 1396 apertum
2743 1336 2904 1396 atque
2940 1328 3272 1398 expeditum.
3312 1325 3626 1382 Priscorum

356 1423 496 1476 cnim
529 1422 836 1491 sapientum
870 1420 1100 1489 quilibet
1145 1420 1617 1491 ingeniosissimus
1643 1429 1699 1474 et
1724 1419 2073 1474 doctissimus
2113 1429 2224 1472 tum
2257 1420 2471 1474 demum
2499 1422 2870 1476 arbitrabatur
2900 1423 3064 1496 licere
3111 1423 3211 1478 sibi
3245 1437 3439 1476 nomen
3469 1438 3623 1476 suum

356 1517 596 1581 proliteri
624 1514 767 1568 inter
795 1513 1166 1583 philosophos,
1197 1513 1241 1568 si
1265 1529 1387 1582 quae
1418 1514 1533 1582 ipse
1567 1512 1837 1567 subtiliter
1869 1520 1922 1565 et
1944 1522 2102 1565 acute
2134 1512 2606 1567 animadvertisset
2630 1525 2722 1568 aut
2752 1515 3134 1585 excogitasset,
3163 1515 3408 1569 oratione
3441 1525 3623 1582 posset

355 1621 626 1676 exponere
656 1605 908 1674 eleganti,
951 1606 1095 1659 culta
1138 1615 1193 1660 et
1246 1605 1554 1673 perspicua.
1601 1605 1803 1671 Quodsi
1845 1613 2024 1658 tamen
2057 1603 2354 1665 acciderit,
2407 1615 2463 1658 ut
2495 1603 3016 1661 adolescentulorum
3067 1607 3263 1676 aliquis
3317 1607 3369 1660 in
3418 1605 3624 1661 Graecis

353 1704 556 1757 luerent
583 1708 676 1752 aut
711 1698 954 1761 dubitet,
984 1712 1048 1753 eo
1091 1698 1143 1752 in
1178 1696 1506 1753 locoautem
1541 1697 1672 1750 nihil
1702 1712 1731 1750 a
1766 1710 1854 1751 me
1887 1696 2149 1750 monitum
2185 1696 2579 1761 sit,.Ellebodii
2626 1699 3074 1768 interpretatione
3109 1698 3300 1753 Latina
3337 1714 3434 1769 pro
3464 1714 3619 1754 com-

353 1793 623 1847 mentario
649 1791 725 1843 uti
755 1789 969 1858 poterit.
1007 1788 1133 1842 Eam
1167 1789 1330 1858 igitur
1373 1786 1459 1843 vel
1499 1788 1641 1842 hanc
1669 1789 1739 1843 ob
1768 1802 1990 1842 causam
2023 1786 2368 1842 immutatam
2397 1788 2649 1854 servavi,
2689 1789 2791 1845 nisi
2839 1789 2926 1845 ubi
2957 1790 3024 1844 ad
3051 1800 3248 1844 textum
3283 1789 3552 1855 Graecum,
3591 1804 3622 1844 a

355 1902 439 1940 me
470 1885 800 1939 auctoritate
829 1883 1075 1938 codicum
1110 1891 1453 1946 correctum,
1499 1881 1884 1937 conformanda
1913 1890 2077 1950 atque
2122 1881 2458 1937 immutanda
2503 1883 2624 1937 fuit.
2657 1883 2968 1954 Scriptores
3011 1895 3224 1940 veteres
3270 1887 3337 1940 ab
3371 1883 3623 1940 Nemesio

361 1977 617 2031 laudatos
644 1977 842 2045 saepius
871 1992 930 2028 ac
963 1974 1272 2045 diligentius
1302 1974 1356 2028 in
1388 1972 1947 2028 animadversionibus
1975 1984 2267 2041 natassem,
2301 1975 2402 2028 nisi
2435 1976 2508 2030 ita
2536 1991 2630 2032 eos
2670 1977 2962 2042 laudasset,
2992 1986 3050 2030 ut
3086 1977 3383 2030 sententias
3422 1977 3624 2044 potius,

352 2087 515 2140 quam
538 2071 736 2135 verba,
769 2068 1196 2122 retulerit.-lnde
1221 2067 1384 2123 etiam
1419 2067 1638 2133 accidit,
1669 2078 1729 2122 ut
1757 2081 1858 2122 nec
1890 2067 2072 2122 editor
2112 2066 2440 2123 Oxoniensis
2476 2078 2730 2123 accurate
2767 2077 2821 2124 et
2855 2069 3074 2123 deﬁnite
3107 2067 3222 2122 loca
3255 2067 3354 2122 ista
3387 2068 3626 2122 indicare

352 2161 608 2233 potuerit.
643 2158 904 2213 Joannem
957 2160 1350 2212 Damascenum
1372 2198 1388 2224 ,
1417 2158 1509 2228 qui
1547 2158 1717 2213 multa
1760 2175 1825 2213 ex
1859 2157 2113 2215 Nemesio
2145 2159 2345 2222 hausit,
2385 2160 2523 2214 satis
2568 2159 2783 2214 curiose
2820 2161 3004 2214 videor
3035 2171 3272 2215 notasse.
3303 2157 3623 2228 Gregorium

351 2254 660 2326 Nyssenum
692 2253 889 2317 etiam,
923 2255 1063 2307 inter
1092 2251 1245 2318 cuius
1277 2266 1440 2323 opera
1472 2265 1634 2324 caput
1657 2251 1956 2308 secundum
1982 2261 2037 2306 et
2071 2252 2286 2307 tertium
2322 2253 2540 2322 legitur,
2573 2254 2861 2324 diligenter
2911 2253 3245 2324 comparavi.
3275 2251 3622 2308 Anastasium

353 2349 620 2402 Sinaitam
671 2361 735 2399 ex
769 2344 1093 2399 bibliotheca
1134 2343 1454 2412 Noesseltii,
1483 2347 1678 2400 summi
1711 2347 1844 2413 viri,
1889 2345 2100 2414 accepit
2144 2355 2199 2399 et
2242 2346 2292 2398 in
2335 2362 2488 2399 usum
2531 2361 2706 2399 meum
2753 2347 2886 2399 duas
2929 2345 3258 2415 qumstiones
3296 2343 3632 2398 examinavit.

339 2427 649 2512 Gregorius
676 2438 914 2492 Gottlieb
944 2436 1374 2504 Wernsdorlius,
1401 2439 1481 2493 vir
1504 2439 1922 2504 eruditissimus,
1949 2438 2040 2507 qui
2067 2453 2207 2492 nunc
2235 2437 2382 2492 Halat
2407 2447 2797 2493 commoratur.
2830 2439 2936 2492 Sed
2956 2435 3174 2492 Juliano
3205 2437 3472 2500 i’omerio,
3506 2435 3626 2488 Elia

352 2534 623 2597 Cretensi,
652 2532 866 2588 Meletio
889 2531 1154 2586 Monacho
1175 2531 1463 2590 etJoanne
1485 2519 1805 2600 Philopono,
1831 2532 1922 2601 qui
1957 2533 2009 2585 in
2049 2530 2321 2596 nonnullis
2348 2530 2483 2586 locis
2506 2530 2750 2585 adhiberi
2773 2532 3092 2598 potuissent,
3121 2529 3208 2584 hic
3239 2528 3623 2614 Vite-inbergae’

360 2639 422 2682 nt
453 2626 706 2682 credibile
736 2635 839 2690 est,
867 2639 1095 2694 prorsus
1129 2624 1298 2677 carui.
1325 2622 1715 2678 Verumtamen
1752 2638 1853 2678 nec
1873 2621 2182 2691 Lipsiensis
2209 2622 2533 2677 bibliotheca
2561 2621 2870 2676 academica
2894 2635 3050 2690 Opem
3082 2621 3212 2675 mihi
3244 2619 3388 2676 ferre
3422 2621 3621 2690 potuit.

353 2723 521 2779 'Viros
548 2723 734 2775 doctos
760 2734 912 2789 ergo,
952 2717 1043 2787 qui
1071 2717 1466 2787 copiosioribus
1494 2715 1838 2771 bibliothecis
1868 2715 2118 2770 instructi
2147 2715 2277 2769 mihi
2326 2715 2462 2770 bene
2492 2715 2715 2784 cupiunt
2760 2723 2813 2769 et
2849 2713 2916 2770 de
2951 2713 3052 2768 hac
3084 2712 3320 2767 editione
3367 2728 3483 2766 mea
3520 2727 3616 2780 pa-

353 2819 464 2872 lam
487 2814 747 2883 judicium
782 2811 946 2866 laturi
982 2823 1128 2876 sunt,
1165 2809 1559 2865 humanissime
1605 2822 1756 2878 rogo,
1791 2817 1851 2862 u‘t
1879 2805 2071 2862 saltem
2104 2806 2330 2862 Joannis
2363 2807 2647 2877 Philoponi
2687 2805 3154 2862 Commentarium
3196 2806 3249 2858 iu
3302 2813 3409 2858 tres
3451 2805 3618 2860 libros

347 2907 664 2964 Aristotelis
704 2905 781 2961 De
829 2905 1008 2958 anima
1049 2903 1339 2958 consulant
1364 2909 1584 2970 propter
1609 2898 1784 2953 locum
1824 2899 2094 2952 Ammonii
2121 2913 2243 2968 pag.
2281 2898 2371 2962 41,
2407 2897 2538 2952 edit.
2572 2894 2746 2950 Oxon.
2784 2895 2968 2952 Locus
2998 2895 3098 2950 iste
3130 2895 3358 2950 fortasse
3392 2896 3627 2966 reperie-

343 3011 441 3054 tur
468 2999 520 3051 iu
552 2997 792 3052 editione
823 2993 1029 3049 Veneta
1070 2993 1198 3048 folio
1228 3015 1283 3056 ο,
1324 3005 1446 3062 pag.
1483 2989 1571 3057 15,
1619 2998 1714 3043 aut
1745 2987 1873 3043 folio
1902 3006 1961 3058 q.
1995 3003 2119 3060 pag.
2155 2988 2212 3043 5.
2254 2988 2364 3044 lloc
2399 3004 2564 3044 unum
2590 2999 2855 3060 praeterea
2885 2988 3049 3053 addo,
3077 2989 3220 3058 quod
3256 2997 3436 3043 tamen
3470 3005 3629 3044 nemo

358 3093 435 3145 ita
466 3090 671 3144 dictum
705 3096 878 3156 putet,
913 3095 973 3140 ut
1010 3095 1101 3139 aut
1137 3085 1268 3139 mihi
1305 3083 1504 3152 aliquid
1556 3083 1902 3138 ambitiosius
1944 3097 2282 3154 arrogarem,
2316 3092 2409 3137 aut
2441 3081 2691 3138 Nemesin
2719 3091 2924 3138 temere
2950 3083 3307 3152 gratilicarer.
3349 3081 3474 3152 Legi
3511 3083 3631 3152 phi-

348 3187 696 3255 iOSOphorum
726 3183 1038 3239 Graecorum
1074 3181 1274 3236 multas
1316 3180 1383 3235 de
1414 3180 1500 3234 his
1541 3178 1672 3249 ipsis
1703 3179 1865 3234 rebus
1908 3187 2016 3232 tam
2065 3193 2252 3242 veras,
2279 3194 2440 3248 quam
2479 3179 2774 3233 mirabiles:~
2794 3179 3128 3240 sententias,
3163 3179 3288 3230 item
3337 3181 3631 3246 scriptores

325 3279 755 3335 ecclesiasticos
783 3275 1001 3331 Graecos
1029 3275 1167 3330 bene
1198 3273 1418 3338 multos,
1453 3274 1505 3325 in
1541 3271 1626 3326 his
1653 3270 1912 3326 Basilium
1943 3271 2038 3336 Μ..
2071 3270 2395 3341 Gregorium
2423 3270 2758 3341 Nysseunm,
2789 3269 3240 3341 Chrysostomum
3265 3309 3279 3332 ,
3307 3269 3628 3325 Theodore-

341 3386 489 3440 tum,
528 3388 690 3443 atque
725 3372 1010 3442 Origenem
1044 3371 1242 3434 etiam,
1279 3367 1374 3438 qui
1421 3365 1731 3436 singulatim
1767 3367 1958 3422 eadem
1994 3377 2313 3436 argumenta
2357 3376 2548 3420 ornate
2588 3366 2913 3434 copioseque
2946 3371 3335 3434 exposuerunt.
3379 3363 3486 3417 Sed
3521 3365 3625 3417 ista

343 3468 579 3538 iunctim
614 3467 817 3530 omnia,
845 3467 1133 3520 multorum
1161 3463 1528 3533 antiquiorum
1566 3459 1815 3516 refutatis
1849 3461 2149 3526 erroribus,
2183 3476 2290 3517 uno
2327 3461 2427 3516 hoc
2462 3459 2640 3514 libello
2667 3457 2904 3524 brevius,
2939 3458 3250 3512 accuratius
3284 3465 3337 3510 et
3375 3454 3630 3510 subtilius

352 3580 384 3618 a
420 3561 670 3618 Nemesio
696 3562 964 3630 explicata
1001 3570 1147 3614 sunt.
1178 3558 1307 3625 Quae
1345 3572 1472 3612 vero
1506 3571 1571 3612 ea
1601 3557 1772 3611 sunt?
1804 3557 2025 3612 Scilicet
2067 3571 2128 3611 ea
2151 3597 2167 3621 ,
2210 3571 2331 3626 qum
2378 3557 2622 3622 homini,
2665 3565 2720 3609 nt
2767 3555 3008 3619 homini,
3045 3551 3184 3609 scitu
3225 3563 3351 3607 sunt
3396 3553 3631 3606 maxime

335 3651 685 3714 anecesSaria,
719 3665 946 3720 quaeque
966 3650 1033 3704 ad
1067 3655 1232 3711 recte,
1263 3645 1568 3715 tranquille,
1595 3654 1932 3709 constanter,
1954 3647 2226 3715 sapienter
2255 3646 2519 3716 beateque
2541 3647 2825 3700 vivendum
2862 3645 3190 3717 permultum
3218 3645 3415 3699 valent.
3441 3643 3630 3716 Neque

351 3745 498 3800 enim
538 3742 725 3796 dubito
755 3741 887 3811 quin
921 3740 966 3794 is
997 3738 1090 3809 qui
1123 3738 1267 3793 hunc
1308 3735 1551 3793 libellum
1601 3737 1863 3792 attentius
1896 3737 2088 3804 legerit
2123 3751 2187 3792 ac
2223 3737 2440 3805 penitus
2476 3738 2841 3806 intellexerit,
2881 3739 3107 3794 multum
3138 3753 3200 3796 se
3246 3739 3312 3794 ad
3353 3737 3628 3794 Christia-

357 3855 480 3894 nam
505 3837 844 3908 sapientiam,
881 3835 1159 3898 virtutem,
1201 3831 1567 3901 pietatemque
1612 3830 1908 3898 profecisse
1961 3830 2304 3899 proiiteatur.
2338 3831 2492 3896 Quod
2544 3832 2763 3900 quidem
2796 3833 3140 3890 commodum
3186 3839 3244 3886 ut
3278 3831 3343 3886 ad
3391 3830 3629 3888 lectores

347 3947 542 3989 Omnes
565 3929 844 3994 redundet,
879 3944 944 3984 ex
984 3931 1165 3983 animo
1196 3935 1344 3997 opto.
1379 3924 1694 3980 Scribebam
1722 3925 2088 3996 Vitemhergte
2129 3926 2184 3979 d.
2219 3924 2253 3980 6
2276 3925 2434 3980 Mart.
2470 3925 2632 3982 i801.

424 4156 502 4230 (α)
534 4157 841 4214 Christlirlte
883 4157 1424 4254 Kircltengesclticlue.
1460 4155 1616 4212 Theil
1646 4155 1702 4222 7,
1731 4155 1877 4212 Scite
1914 4154 2170 4210 l47-15l.
