4062 6150
373 400 566 485 ,ιδ-ι

1531 380 1871 438 NEMESIUS
1898 348 2292 434 cpiscopus
2325 365 2712 426 sumemus.

3587 347 3690 403 488

471 620 3678 694 ΝΜ
3724 614 3725 617 γ

1378 891 2119 994 EXPLICATIO
2191 884 2799 982 SIGLABUM

728 1177 809 1237 Et
835 1171 1066 1233 notitia
1106 1167 1470 1238 editionum,
1525 1160 1828 1233 codicum,
1857 1156 2215 1217 versionum
2241 1169 2313 1211 ac
2359 1147 2746 1229 reliquorum
2775 1157 3053 1221 operum,
3093 1154 3226 1219 qua:
3252 1136 3320 1197 in
3358 1133 3472 1193 hac

3398 1272 3429 1287 ο

1702 1331 1972 1394 editione
2009 1325 2297 1390 adhibita
2331 1328 2497 1385 sunt.

538 1736 663 1791 Ant.
724 1731 902 1788 Editio
948 1728 1357 1798 AntverpienSts
1406 1722 1532 1778 anni
1570 1721 1744 1786 1565,
1792 1720 1844 1775 8.
1901 1716 2052 1771 Hanc
2080 1725 2127 1777 Α
2156 1714 2423 1768 editiones
2455 1710 2505 1763 in
2549 1705 2803 1761 Auctario
2842 1702 3075 1757 Ducmno
3117 1699 3454 1798 Bibliothecrf
3507 1695 3731 1751 Patrum

469 1826 678 1887 curavit
711 1822 960 1879 Nicasius
984 1819 1292 1875 Ellebodius
1312 1856 1327 1881 ,
1356 1814 1698 1878 Caslelanus,
1730 1812 1815 1866 vir
1844 1808 2046 1866 doctis-

472 1922 660 1984 simus,
695 1916 785 1986 qui
827 1913 1033 1984 primus
1067 1910 1254 1967 Grmca
1291 1906 1460 1964 edidit
1498 1921 1564 1960 ex
1609 1904 1820 1958 duobus
1844 1900 2045 1957 codici-

473 2011 571 2066 bus
598 2024 659 2063 ac
692 2021 882 2061 novam
912 2004 1214 2058 versionem
1249 2002 1495 2056 Latinam
1524 1997 1738 2066 adjecit.
1781 1994 1857 2048 De
1896 2001 2045 2046 utro-

472 2117 576 2173 que
591 2100 788 2165 ,codice
810 2098 882 2151 ita
907 2097 1067 2150 habet
1093 2094 1144 2148 in
1174 2093 1488 2160 prmfatione
1513 2109 1528 2146 :
1550 2088 1720 2151 Μόλις
1741 2085 1875 2140 ποτὲ
1894 2082 2046 2137 δυσὶν

474 2194 802 2263 ἐνετύχομεν
825 2187 1201 2261 ἀντιγράφοις,
1233 2186 1328 2239 καὶ
1382 2184 1592 2247 τούτοις
1624 2182 1939 2252 ἀνηκέστως
1971 2178 2050 2233 δι-

473 2285 832 2357 εφθαρμένοις
855 2282 950 2337 καὶ
973 2279 1181 2352 μυρίων
1211 2276 1621 2350 ἁμαρτημάτων
1647 2274 1926 2344 γέμουσιν.
1955 2263 2051 2332 Οἷς

473 2377 892 2448 ἐπιμελέστερον
935 2369 1287 2433 ἐπιϐαλόντες
1313 2408 1328 2431 ,
1372 2369 1465 2421 καὶ
1500 2365 1611 2420 τῶν
1663 2366 1721 2417 ἐν
1769 2361 2051 2433 ἑκατέροις

474 2467 889 2540 ἁμαρτημάτων
935 2467 999 2518 ἐκ
1035 2463 1144 2516 τῶν
1197 2462 1328 2533 παρ’
1366 2459 1647 2531 ἑκατέροις
1684 2454 1859 2529 ὀρθῶς
1908 2453 2050 2524 ἔχειν

472 2557 769 2611 δοκούντων
794 2553 1355 2624 καταστοχασάμενοι,
1387 2552 1495 2604 κὰκ
1519 2547 1629 2602 τῶν
1663 2546 1892 2600 ἐνόντων
1927 2545 2050 2597 ἐπι-

475 2649 863 2722 διοροώσαντες
883 2688 897 2712 ,
936 2644 1256 2716 ὑγιεστέραν
1302 2642 1453 2716 παρὰ
1483 2641 1617 2695 πολῦ
1645 2640 1745 2711 τῆς
1775 2636 2051 2711 προτέρας

475 2738 573 2809 τὴν
613 2734 994 2808 πραγματείαν
1036 2732 1546 2804 παρεσκευάσαμεν.
1596 2729 1674 2782 Ex
1726 2727 1812 2782 his
1843 2726 2051 2779 duobus

479 2844 609 2898 ergo
639 2829 790 2880 valde
818 2826 1089 2894 corruptis
1135 2822 1413 2879 codicibus
1440 2862 1455 2885 ,
1487 2829 1546 2875 ut
1589 2819 1703 2889 ipse
1746 2815 2048 2888 profitetur,

479 2918 779 2972 orationem
828 2914 1070 2971 Graecam
1124 2915 1333 2983 primus
1363 2912 1533 2967 edidit
1590 2924 1655 2964 ac
1692 2925 1790 2979 pro
1841 2907 2051 2962 viribus

479 3009 591 3063 suis
620 3007 914 3061 constituit.
961 3004 1339 3074 Discrepantes
1370 3004 1630 3058 lectiones
1670 3010 1872 3063 autem,
1907 3007 2055 3054 certe

2152 1805 2337 1872 Paris,
2385 1802 2547 1867 1624,
2585 1810 2626 1855 t.
2672 1797 2737 1863 II,
2784 1812 2838 1867 p.
2888 1794 2991 1850 466
3036 1808 3155 1863 sqq.
3205 1804 3260 1848 et
3303 1793 3355 1847 in
3405 1789 3732 1845 Bibliotheca

2161 1898 2389 1953 Patrum
2423 1895 2753 1959 Morelliana,
2786 1890 2958 1954 Paris,
2987 1886 3145 1953 1644,
3178 1895 3216 1940 t.
3251 1884 3363 1949 XII,
3390 1899 3445 1954 p.
3475 1881 3579 1937 708
3605 1897 3728 1952 sqq.

2243 2036 2346 2091 0x.
2397 2033 2574 2089 Editio
2625 2028 2953 2086 Oxoniensis
3001 2039 3035 2078 e
3101 2023 3311 2078 theatro
3369 2019 3735 2076 Sheldoniano

2155 2128 2314 2193 1671,
2345 2126 2400 2182 8.
2434 2124 2602 2194 liuius
2633 2122 2833 2185 editor,
2860 2133 3020 2190 quem
3049 2114 3332 2177 Fabricius
3366 2121 3523 2182 putat
3565 2110 3736 2166 fuisse

2152 2220 2415 2277 Joannem
2450 2216 2679 2280 Fellum,
2710 2197 3026 2285 episcopum
3046 2207 3430 2271 Oxoniensem,
3470 2204 3740 2275 expressit

2151 2310 2440 2365 editionem
2460 2304 2739 2367 Ellebodii,
2754 2300 3097 2376 paucissimis
3110 2300 3160 2353 in
3176 2306 3347 2359 textu,
3368 2298 3529 2351 modo
3552 2296 3737 2362 tacite,

2153 2403 2311 2457 modo
2348 2399 2596 2456 codicum
2634 2395 2960 2451 auctoritate
3007 2390 3244 2446 mutatis.
3294 2387 3397 2455 Qui
3445 2387 3741 2444 contulerit

2154 2493 2291 2548 hanc
2326 2492 2617 2547 editionem
2652 2504 2682 2543 a
2708 2486 2900 2558 pagina
2932 2483 3020 2550 82,
3046 2493 3099 2537 et
3137 2481 3395 2536 Ellebodii
3422 2496 3453 2535 a
3477 2495 3530 2550 p.
3564 2479 3655 2543 50,
3692 2479 3740 2532 is

2156 2584 2420 2650 inveniet,
2447 2581 2672 2653 paginas
2706 2578 2987 2647 utriusque
3011 2573 3267 2631 editionis
3296 2573 3365 2626 ab
3394 2572 3496 2626 hoc
3521 2571 3637 2625 loco
3670 2571 3738 2623 ad

2158 2660 2318 2729 linem
2341 2673 2640 2730 convenire
2667 2671 2833 2726 etiam
2864 2670 2916 2722 in
2945 2682 3172 2723 numero
3196 2664 3609 2720 vocabulorum.
3640 2661 3740 2716 Va-

2157 2765 2362 2819 riantes
2412 2763 2675 2818 lectiones
2718 2759 2972 2816 editionis
3045 2755 3457 2826 Autverpiensis
3510 2768 3734 2824 prorsus

2156 2856 2417 2928 neglexit,
2446 2855 2591 2924 quod
2618 2868 2725 2908 non
2766 2853 2996 2921 debebat
3021 2850 3159 2905 ﬁeri.
3196 2850 3316 2919 ipse
3347 2848 3481 2901 duos
3517 2845 3736 2901 codices

2155 2944 2490 3001 Oxonienses
2527 2942 2807 3008 adhibuit,
2839 2956 2976 3011 quos
3008 2950 3188 2993 tamen
3220 2937 3387 2992 octies
3407 2936 3484 3008 (b)
3517 2933 3734 2999 solum,

2156 3037 2313 3107 quasi
2343 3037 2540 3102 obiter,
2566 3034 2827 3090 laudavit.
2884 3032 3197 3089 Versiouem
3230 3030 3479 3085 Latinam
3512 3026 3729 3081 Ellebo-

481 3098 864 3198 "°labili“_r°s’
911 3097 1142 3198 mf'rgi'ﬁ
1175 3096 1430 3198 ea"???
1465 3095 1683 3198 adjecit“
1714 3093 1921 3198 “3"”:
1956 3106 2053 3145 Μ’
2087 3111 2127 3165 Β
2161 3093 2232 3183 dii
2260 3127 2505 3198 pluribus
2526 3093 2596 3181 'in
2628 3125 2766 3181 locis
2795 3141 2858 3181 ac
2887 3124 3203 3196 plerumque
3233 3131 3435 3178 temere
3466 3120 3698 3175 mutavit
3720 3161 3737 3177 .

482 3203 587 3247 tem
621 3191 925 3245 versionem
963 3188 1210 3243 Latinam
1243 3187 1470 3252 addidit,
1497 3186 1642 3256 quod
1670 3185 1848 3240 vcrsio
1879 3183 2052 3240 Geor-

486 3284 557 3354 gii
595 3281 757 3337 Valla:
788 3281 862 3354 ta)
911 3280 1087 3336 niinus
1129 3282 1177 3335 ei
1212 3279 1559 3350 probabatur.
1611 3278 1683 3333 De
1714 3294 1773 3333 ea
1803 3278 1945 3331 enim
1978 3279 2050 3329 ita

480 3382 666 3430 censet
692 3374 743 3426 in
768 3372 1082 3442 praefatione
1106 3389 1121 3425 :
1158 3369 1222 3426 '0
1251 3369 1444 3443 πρώην
1468 3370 1529 3423 τὸ
1557 3369 1758 3440 βιϐλίον
1789 3366 1950 3421 τοῦτο
1977 3368 2056 3429 εἰς

479 3465 577 3536 τὴν
639 3463 928 3535 Ῥωμαίων
984 3461 1264 3516 διάλεκτον
1316 3462 1662 3532 μετενεγκεῖν
1723 3458 2054 3531 ἐγχειρήσας

482 3552 753 3624 Γεὼργιος
787 3555 815 3605 ὁ
846 3552 1079 3622 Βάλλης,
1116 3552 1176 3604 οὐ
1216 3551 1417 3621 μᾶλλον
1473 3551 1819 3622 ἡρμήνευσεν
1855 3548 1890 3619 ἢ
1935 3565 2057 3600 συν-

483 3644 603 3715 έχεε
632 3645 726 3696 καὶ
749 3642 1054 3714 κατῄσχυνε
1088 3642 1179 3695 τὸν
1197 3642 1502 3711 φιλόσοφον,
1528 3641 1652 3695 καθ’
1672 3640 1908 3709 ἑκάστην
1937 3656 2059 3709 σχε-

483 3735 571 3788 δὸν
602 3734 852 3805 περίοδον
877 3735 975 3803 τῆς
1003 3732 1099 3786 τοῦ
1124 3733 1396 3804 Νεμεαίου
1428 3733 1670 3795 διανοεας
1704 3731 2054 3794 ἀποπίπτων,

484 3825 587 3879 κάν
623 3828 733 3891 τοῖς
766 3824 1270 3895 κατημαξευμένοις
1301 3824 1537 3877 τουτοισὶ
1566 3823 1675 3875 τῶν
1698 3822 1896 3888 λέξεων
1926 3822 2060 3893 σχή-

490 3935 657 3988 μασιν
720 3917 811 3970 ὑπ’
862 3916 1133 3988 ἀμαθείας
1183 3919 1407 3987 γελοίως
1457 3915 1832 3970 ἀπαλλάττων.
1892 3913 2061 3982 Hujus

486 4008 738 4061 editionis
774 4011 1019 4077 exempla
1068 4009 1171 4063 vidi
1221 4008 1449 4077 duplicis
1490 4008 1737 4075 generis,
1792 4020 1911 4074 quae
1958 4006 2061 4059 hoc

487 4096 604 4153 solo
652 4097 792 4151 inter
833 4113 892 4153 se
930 4098 1203 4165 diﬂ'crunt,
1249 4101 1388 4169 quod
1421 4100 1614 4169 pagina
1654 4099 1751 4154 181
1793 4096 2067 4165 exempla,-

428 4197 443 4205 ‘
488 4198 547 4241 ut
587 4186 824 4254 videtur,
877 4190 1025 4259 prius
1071 4206 1348 4261 expressa,
1407 4200 1528 4261 post
1575 4191 1733 4243 linem
1789 4187 2053 4242 orationis

485 4277 688 4335 Graeca!
733 4279 908 4334 solum
941 4283 1253 4351 paginarum
1285 4283 1573 4345 custodem,
1618 4289 1676 4334 ut
1719 4289 1934 4343 vocant,
1964 4280 2061 4333 ha-

490 4367 647 4435 bent,
682 4369 932 4422 nimirum
981 4371 1124 4425 hunc
1169 4371 1215 4423 M
1258 4371 1312 4425 5.
1345 4369 1400 4424 In
1453 4370 1712 4440 exetnplis
1759 4379 1934 4424 autem
1963 4368 2062 4421 ali-

2157 3236 2261 3275 uec
2306 3233 2368 3274 ea
2409 3220 2476 3273 de
2514 3233 2573 3273 re
2605 3218 2843 3273 lectores
2888 3217 3187 3272 admonuit.
3232 3214 3504 3291 Praeterea
3535 3213 3587 3266 in
3637 3212 3742 3267 line

2158 3310 2655 3366 animadversiones
2703 3308 2987 3364 nonnullas
3031 3308 3263 3379 adjecit,
3297 3306 3348 3360 in
3393 3306 3591 3375 quibus
3624 3304 3737 3359 fore

2160 3402 2365 3458 notavit
2411 3412 2661 3457 auctores
2707 3416 2738 3455 a
2804 3400 3053 3456 Nemesio
3111 3400 3377 3465 laudatos.
3434 3398 3738 3467 Singularia

2161 3493 2342 3548 omnia
2372 3492 2532 3562 hujus
2565 3491 2818 3546 editionis
2851 3491 2963 3546 suis
2996 3490 3125 3545 locis
3158 3487 3391 3544 iudicavi
3426 3489 3477 3542 in
3511 3488 3673 3542 notis.

2229 3627 2299 3683 D.
2343 3628 2395 3681 1.
2437 3628 2618 3682 Codex
2648 3627 2964 3682 Dresdensis
2987 3625 3326 3680 bibliothecae
3348 3621 3667 3679 Electoralis
3686 3620 3739 3674 1.

2162 3720 2315 3775 lluoc
2338 3733 2439 3790 ego
2476 3719 2561 3774 bis
2586 3719 2892 3773 examinavi
2942 3718 3007 3771 ad
3046 3718 3340 3772 editionem
3372 3713 3735 3782 Antverpien-

2162 3826 2275 3867 sem
2310 3820 2366 3867 et
2397 3811 2786 3867 Oxoniensem.
2836 3809 2933 3865 E51
2982 3808 3427 3862 membranaceus
3474 3821 3602 3861 saec.
3637 3821 3740 3859 ιιι.

2165 3916 2222 3957 ιιι
2246 3902 2498 3957 arbitror.
2536 3900 2709 3956 Habet
2740 3899 2865 3954 folia
2899 3899 3043 3952 in-l-
3065 3898 3155 3962 81,
3201 3914 3320 3961 seu,
3358 3897 3743 3966 quaterniones

2162 3993 2349 4049 decem
2378 4001 2433 4047 et
2464 4006 2628 4045 unum
2682 3990 2890 4043 folium.
2955 3989 3061 4044 Sed
3108 3988 3396 4057 quaternio
3434 3989 3628 4043 tertius
3656 3995 3739 4040 te-

2165 4101 2311 4140 mere
2340 4085 2549 4138 insutus
2576 4091 2658 4138 est
2704 4091 2823 4151 post
2877 4084 3166 4139 decimum.
3221 4080 3276 4133 In
3306 4081 3544 4135 secundo
3573 4080 3733 4132 etiam

2163 4174 2367 4228 dissuta
2407 4181 2531 4226 sunt
2560 4170 2705 4224 folia.
2737 4170 2790 4224 In
2819 4171 2920 4224 hoc
2944 4184 2973 4221 a
2998 4184 3155 4221 manu
3175 4168 3460 4222 recentiori
3484 4167 3742 4236 scriptum

2162 4275 2278 4319 est:
2313 4262 2399 4317 Ea:
2426 4261 2732 4316 bibliotheca
2788 4260 3169 4314 Loesclteriana
3202 4258 3424 4313 Clodius
3469 4272 3743 4324 compara-

2164 4357 2229 4410 vit
2253 4372 2273 4420 ;
2301 4356 2366 4409 ab
2395 4354 2500 4407 alia
2551 4368 2710 4406 manu
2751 4369 2767 4405 :
2822 4350 3060 4405 Nemesii
3105 4349 3335 4419 episwpi
3374 4348 3647 4403 Tractatus
3678 4348 3744 4398 de

488 4455 808 4524 quantulum
859 4465 980 4525 post,
1025 4459 1297 4526 expressis
1322 4498 1336 4520 ,
1396 4438 1750 4513 οιηίεςοήῖςιο
1799 4456 2056 4520 custode,
2090 4492 2132 4548 Ο
2165 4449 2362 4500 anima.
2398 4445 2548 4499 Liber
2574 4445 2720 4498 bona:
2739 4454 2875 4497 nota:
2898 4457 2959 4496 oc
2980 4458 3261 4495 annorum.
3311 4439 3517 4494 ltemin
3552 4438 3741 4492 charta

488 4545 745 4600 continuo
796 4556 917 4614 post
948 4547 1264 4601 vocabulum
1304 4547 1455 4611 τέλος
1496 4548 1664 4602 notati
1693 4556 1819 4602 sunt
1845 4561 2059 4601 errores

490 4638 803 4707 typothelaa,
837 4652 971 4706 quos
993 4638 1043 4691 in
1075 4641 1176 4693 hac
1206 4639 1442 4694 editione
1469 4639 1632 4694 tacite
1661 4639 1897 4692 correxi.

566 4767 849 4824 Variantes
894 4770 1152 4827 lectiones
1207 4773 1492 4842 utriusque
1536 4773 1740 4828 codicis
1787 4774 1872 4829 hic
1924 4771 2060 4826 infra

490 4859 633 4914 inter
659 4859 890 4927 reliquas
912 4861 1092 4915 notavi
1118 4863 1298 4916 addita
1330 4873 1453 4916 nota
1481 4864 1604 4916 Ant.

560 4991 642 5045 Ab
679 4991 784 5047 hac
825 4992 1059 5048 editione
1090 5008 1312 5063 prorsus
1366 5009 1469 5047 non
1508 4992 1766 5050 dilfernnt
1819 4996 2062 5063 repetitae

566 5307 642 5377 (η)
680 5305 1049 5377 Λιιιθίνιιιιιιιιι
1079 5307 1222 5362 hunc
1250 5306 1485 5359 libellum
1514 5304 1702 5360 Latine
1726 5306 2055 5372 intérpreta-

2166 4537 2455 4606 separatim
2485 4535 2694 4605 adjecta
2720 4533 2949 4604 legitur:
2991 4532 3072 4586 Ea:
3098 4531 3409 4585 bibliotheca
3446 4528 3745 4584 Seideliana

2099 4628 2110 4640 '
2169 4628 2345 4680 Berol.
2381 4627 2594 4680 redemit
2622 4623 2685 4678 V.
2709 4625 2773 4678 Ε.
2809 4624 3127 4678 Loesclterus
3158 4624 3224 4677 D.
3255 4622 3510 4676 constat8
3531 4621 3750 4674 thaleris

2169 4718 2236 4772 18
2299 4720 2522 4787 grossis.
2555 4716 2631 4769 Ex
2667 4717 2751 4769 his
2808 4732 2937 4787 ergo
3004 4727 3248 4779 constat,
3308 4718 3451 4768 hunc
3500 4715 3744 4767 codicem

2170 4811 2344 4879 primo
2366 4819 2604 4877 emptum
2639 4823 2761 4862 csse
2793 4823 2859 4863 ex
2897 4808 3222 4861 bibliotheca
3269 4798 3485 4860 Seidelii
3539 4802 3748 4856 Beroli-

2169 4901 2350 4955 liensis
2364 4898 2680 4953 aValeutino
2704 4899 2932 4953 Erneslo
2949 4895 3749 4963 Loeschero,superintcudcnte

2169 4991 2441 5061 quondam
2488 4990 2800 5055 Dresdensi,
2861 4990 3056 5045 deinde
3109 5006 3171 5044 ex
3234 4986 3557 5042 bibliotheca
3611 4985 3749 5041 Loe-

2157 5303 2252 5359 l‘uit
2283 5320 2562 5376 expressa,
2599 5305 3035 5375 Burgundionem
3076 5316 3257 5360 autem
3302 5304 3493 5361 (ἐι-(ιτα
3530 5309 3745 5362 verbum

495 5376 583 5431 tus
620 5376 790 5432 fuerat
819 5376 1117 5431 Richardus
1145 5377 1475 5446 Burgundio,
1511 5377 1758 5441 Pisanus,
1794 5379 1882 5441 qui
1915 5388 2058 5446 anno
2154 5377 2305 5429 verba
2340 5376 2631 5446 reddidisse
2677 5388 2831 5446 atque
2866 5378 3045 5430 omnia
3077 5377 3319 5429 barbaris
3348 5378 3624 5431 vocabulis
3656 5378 3743 5429 ob-

495 5447 634 5516 1194
668 5446 821 5510 obiit,
858 5457 910 5502 et
936 5447 1174 5516 Joannes
1201 5444 1351 5502 Gono
1397 5445 1888 5516 Norimbergensisg
1930 5444 2061 5516 Vide
2154 5460 2394 5499 scurasse
2428 5462 2491 5498 ac
2525 5444 2786 5516 Iactasse,
2817 5455 3008 5499 auctor
3039 5457 3123 5501 est
3155 5447 3304 5501 Cooo
3340 5449 3389 5500 in
3429 5448 3742 5516 prmfatione

495 5515 711 5586 Fabric.
760 5517 901 5571 Bibl.
930 5515 1025 5572 Cr.
1052 5517 1159 5570 vol.
1192 5518 1271 5572 VII
1293 5557 1307 5579 ,
1353 5533 1403 5586 p.
1451 5514 1576 5576 550.
1609 5523 1664 5586 et
1692 5513 1744 5582 ᾗ).
1781 5514 1916 5574 617ξ
1954 5513 2058 5567 vol.

495 5585 630 5659 VIII,
659 5604 714 5659 p.
744 5587 867 5652 164,
898 5599 952 5642 et
979 5604 1040 5641 ea
1065 5602 1183 5656 qua:
1210 5583 1582 5641 inira'monui.
1610 5583 2062 5659 Utratoquenver-

2158 5515 2223 5567 ad
2261 5531 2414 5570 suam
2441 5517 2739 5569 versionem
2769 5515 3041 5572 Latinam.

2229 5584 2248 5654 (
2289 5586 2306 5654 )
2344 5586 2472 5638 Eam
2505 5586 2573 5638 ob
2606 5600 2827 5655 causam
2863 5603 2920 5641 se
2951 5597 3174 5641 exmtsat
3215 5586 3268 5640 in
3301 5586 3616 5655 praefatione
3644 5598 3734 5651 pa-

501 5652 714 5713 sionein
750 5659 1055 5714 Ellebodius
1082 5652 1294 5713 videtur
1320 5659 1617 5727 ignorasse.
1666 5652 2062 5727 Burgundionis
2162 5652 2295 5724 gina
2322 5655 2618 5724 pentlltitna
2649 5672 2662 5708 :
2705 5654 2758 5708 Is
2788 5666 2927 5710 certe
2951 5668 3064 5711 erat
3100 5652 3512 5719 auctor-noster,
3538 5663 3645 5710 etc.

498 5728 703 5793 Versio,
732 5737 791 5783 ut
830 5732 1086 5795 arbitror,
1135 5722 1408 5796 nuuqua'm
1444 5726 1634 5781 ferinis
1671 5722 2077 5793 typographicis
