4062 6150
323 345 429 404 185

1664 356 2194 413 l’llULEGOMENA.

3454 368 3557 422 4M

322 472 381 523 τὸ
410 467 766 538 κυριώτατον.
819 468 945 538 περὶ
980 462 1047 539 ἧς
1094 471 1142 520 οί
1196 470 1392 523 κλεινοὶ
1432 471 1536 524 τῶν
1587 472 1888 543 φιλοσόφων
1919 482 1959 535 Α
1992 477 2082 529 καὶ
2110 478 2216 530 τῶν
2244 480 2643 550 ἀκριϐεστέρων
2670 483 2925 553 ἐχόμενος
2945 485 3248 556 δογμάτων.
3280 490 3424 560 Πλὴν
3447 494 3567 550 ὅσον

323 557 521 622 πολλὰς
556 558 916 612 κατεδάλοντο
944 562 1342 631 πραγματείας,
1389 562 1596 616 ἀνωθεν
1626 565 1717 617 τὸν
1762 569 1890 637 περὶ

322 649 410 703 τοῦ
446 649 692 703 ἑκουσίου
731 651 1128 715 καὶ’ἀκουσίου,
1165 653 1535 725 προαιρέσεώς
1567 673 1624 708 τε
1665 659 1758 709 καὶ
1798 657 1888 711 τοῦ

322 741 667 811 βουλεύεσθαι
698 741 853 810 λόγον
896 743 1199 810 ἀναλαϐὼν,
1229 747 1357 818 περὶ
1384 739 1458 801 ὧν
1495 747 1523 800 ὃ
1555 764 1614 800 τε
1649 748 1891 818 Ἀριστο-

320 834 476 903 τέλης
503 835 561 886 ἐν
588 833 666 903 τῷ
701 832 869 903 τρίτῳ
904 832 1012 886 τῶν
1056 832 1328 898 Ἠθικῶν,
1357 836 1451 889 καὶ
1478 839 1505 890 ὁ
1536 839 1889 910 Δαμασκηνὸς

331 927 581 996 Ἰωάννης
607 928 667 979 ἐν
695 928 761 997 τῇ
793 927 892 997 τῆς
916 926 1196 997 ὀρθοδόξου
1230 927 1466 992 πίστεως
1495 929 1722 994 ἐκδόσει,
1764 946 1888 999 σχε-

318 1016 403 1070 δὸν
430 1020 538 1080 τοῖς
568 1017 750 1080 αὐτοῖς
769 1019 992 1088 ’ῥήμασι
1034 1017 1386 1087 διαλέγονται,
1418 1021 1511 1073 ἐπὶ
1544 1021 1604 1073 τί,
1637 1020 1891 1092 θρυλλού-

321 1122 478 1174 μενον
508 1105 715 1175 μέτεισι
760 1105 994 1175 ζήτημα.
1030 1105 1091 1158 τὸ
1135 1108 1262 1178 περὶ
1309 1109 1648 1181 εἱμαρμένης
1677 1111 1888 1165 καὶτοῦ

318 1195 400 1263 ἐφ’
429 1197 581 1266 ἡμῖν.
612 1196 724 1249 Καὶ
748 1193 921 1249 ταῦτα
950 1197 1260 1268 φιλαλήθως
1286 1216 1349 1252 τε
1402 1201 1493 1253 καὶ
1532 1202 1774 1273 ἀκριϐῶς
1802 1205 1889 1269 ἐξ-

318 1284 515 1347 ετάσας
544 1286 637 1337 καὶ
660 1284 1115 1354 διασκεψάμενος,
1142 1286 1295 1348 τέλος
1326 1288 1544 1355 ἄριστον
1558 1290 1793 1361 ἐπέθηκε
1820 1296 1885 1364 τῇ

317 1374 686 1445 πραγματείᾳ,
719 1377 798 1440 είς
844 1378 934 1430 τὸν
974 1377 1100 1446 περὶ
1156 1379 1417 1448 Προνοίας
1464 1380 1620 1449 λόγον
1651 1383 1888 1453 καταλή-

314 1463 427 1529 ξας,
472 1465 569 1517 καὶ
618 1463 743 1518 νοῦν
777 1465 969 1537 ἔφορον
1008 1470 1099 1521 καὶ
1146 1469 1410 1538 πρύτανιν
1448 1474 1569 1534 ταῖς
1607 1471 1749 1525 κατὰ
1796 1474 1886 1526 τὸν

313 1554 422 1622 βίον
486 1555 747 1626 πράξεσιν
804 1559 1119 1630 ἐπιστήσας,
1178 1561 1291 1623 καὶ,
1351 1562 1621 1615 συνελόντι
1681 1564 1885 1632 φάναι,

312 1648 523 1702 ἅπαντα
573 1649 676 1719 τῆς
728 1649 935 1704 ἐκεῖθεν
983 1652 1293 1723 ἀναρτήσας
1332 1654 1656 1725 κηδεμονίας
1698 1672 1755 1707 τε
1789 1657 1883 1707 καὶ

308 1740 739 1815 διακοσμήσεως.
787 1742 1036 1808 Τοιοῦτος
1088 1745 1184 1813 μὲν
1215 1746 1243 1797 ὁ
1273 1745 1561 1816 Νεμέσιος,
1592 1746 1689 1816 οὐχ
1722 1742 1883 1819 ἦττον

308 1832 404 1902 τῆς
478 1850 539 1885 τε
618 1834 838 1903 μεθόδου
903 1834 1013 1888 τῶν
1086 1835 1456 1907 θεωρημάτων
1524 1839 1617 1892 καὶ
1674 1837 1880 1903 τάξεως

307 1924 486 1977 αὐτῶν
549 1927 645 1978 καὶ
717 1926 1044 1997 εύκρινείας,
1096 1928 1129 1995 ἢ
1182 1929 1283 1998 τῆς
1341 1929 1681 2000 πολυμαθίας
1731 1930 1879 1995 ἄξιος

306 2012 703 2085 θαυμάζεσθαι.
775 2017 1022 2070 Φαίνεται
1096 2016 1204 2090 γὰρ
1255 2017 1419 2089 ὀλίγῳ
1493 2020 1877 2089 μεταγενέστε-

310 2124 398 2177 ρος
428 2107 671 2176 γεγονὼς
718 2108 826 2161 τῶν
878 2112 1006 2181 περὶ
1059 2109 1322 2180 Εὐνόμιον
1361 2111 1456 2164 καὶ
1509 2111 1878 2183 Ἀπολινάριον

306 2200 393 2253 τὸν
428 2201 602 2272 Σύρον
655 2202 747 2255 καὶ
778 2201 1051 2256 Βασίλειον
1092 2203 1186 2257 καὶ
1229 2203 1522 2275 Γρηγόριον
1566 2204 1690 2268 τοὺς
1719 2206 1878 2259 Καπ-

306 2289 563 2359 παδόκας,
598 2295 687 2346 ὅτε
717 2294 809 2347 καὶ
838 2296 1190 2349 παντοδαπῶν
1216 2291 1283 2366 ἦν
1316 2295 1545 2365 εὐπορία
1590 2313 1873 2368 συγγραμο

309 2386 511 2454 μάτων,
570 2386 630 2437 αῖ
679 2402 739 2437 τε
788 2386 929 2440 κατά
984 2386 1296 2455 φιλοσοφίαν
1335 2386 1572 2457 αἱρέσεις
1619 2386 1698 2438 ἐτι
1750 2388 1877 2458 παρ’

308 2475 563 2545 Ἕλλησιν
593 2475 876 2539 ἐσώζοντο.
901 2468 999 2529 Ὧν
1027 2476 1251 2547 οὐδεμιᾷ
1275 2476 1523 2544 φαίνεται
1571 2466 1874 2547 προσέχων,

308 2565 430 2620 οὐτε
462 2570 578 2629 ταῖς
608 2566 807 2636 ἐτέρων
842 2566 1240 2635 πιθανολογίαις
1286 2568 1568 2638 ἀγόμενος,
1600 2568 1874 2637 πανταχοῦ

309 2658 365 2711 δὲ
395 2657 490 2728 τὴν
532 2657 781 2729 ἀλήθειαν
816 2659 1115 2729 προτιμῶν,
1157 2658 1243 2710 ἐπ’
1274 2657 1455 2721 ἀδείας
1499 2659 1756 2728 πειρᾶται
1787 2676 1874 2727 φι-

309 2749 576 2818 λοσοφεῖν,
620 2749 685 2804 τὰ
742 2751 840 2820 μὲν
887 2749 1143 2820 ἐλέγχων,
1196 2750 1301 2820 ὅπη
1358 2749 1630 2821 παρείκοι,
1681 2753 1793 2814 τοῖς
1830 2750 1874 2802 δ’

305 2843 626 2911 ἐφιστάνων,
658 2842 724 2895 τὰ
764 2842 810 2894 δ’
842 2841 1108 2914 ὲγκρίνων
1151 2839 1258 2894 τῶν
1296 2840 1598 2911 δογμάτων.
1629 2840 1874 2909 Γεγονὼς

302 2950 361 2986 τε
402 2932 502 3003 τὴν
545 2932 841 3003 θρησκείαν
893 2931 1232 3003 Χριστιανὸς,
1278 2930 1370 2984 καὶ
1413 2928 1580 2983 ταῦτα
1633 2928 1872 3006 Ἐμέσης

303 3025 438 3089 (ἔστι
462 3024 520 3077 δὲ
552 3025 587 3094 ἡ
620 3025 835 3094 Ἔμεσα
868 3021 1020 3086 πόλις
1045 3021 1314 3092 Φοινίκης)
1338 3021 1652 3087 ἐπίσκοπος,
1678 3021 1875 3075 πολλα-

302 3116 394 3188 χοῦ
413 3116 507 3170 τοῦ
537 3117 964 3187 συγγράμματος
990 3132 1056 3167 πε
1066 3116 1116 3188 pl
1137 3114 1245 3169 τῶν
1266 3113 1601 3184 ἀρεσκόντων
1618 3114 1875 3185 Χριστια-

303 3213 408 3273 νοῖς
442 3209 576 3281 πρὸς
604 3208 731 3271 τούς
758 3207 1078 3277 φιλοσόφους
1105 3204 1448 3274 ἀγωνίζεται,
1480 3202 1873 3265 ἀποδεικτικῶς

304 3303 442 3356 πάνυ
478 3302 573 3355 καὶ
607 3300 909 3370 φιλοσόφως
946 3300 1044 3370 τὴν
1091 3298 1211 3353 καθ’
1264 3299 1413 3368 ἡμᾶς
1459 3295 1722 3351 συνιστῶν
1754 3293 1873 3347 θεο-

303 3394 506 3463 λογίαν,
545 3387 657 3447 οἷον
699 3393 876 3445 ἐκεῖνο
908 3392 966 3444 τὸ
1001 3391 1128 3461 περὶ
1158 3389 1258 3458 τῆς
1296 3388 1431 3461 πρὸς
1456 3387 1547 3441 τὸν
1585 3385 1869 3456 ἄνθρωπον

303 3485 545 3549 ἐνώσεως
559 3483 655 3538 τοῦ
677 3483 811 3537 Θεοῦ
829 3482 1025 3551 Λόγου,
1044 3481 1102 3535 τὺ
1124 3481 1252 3552 περὶ
1270 3478 1360 3532 τοῦ
1384 3479 1466 3548 ἐφ’
1491 3480 1642 3549 ἡμῖν,
1665 3477 1725 3530 τὸ
1746 3476 1872 3547 περὶ

304 3577 582 3649 Προνοίας.
627 3577 715 3629 Ἑν
754 3570 834 3639 οἷς
872 3575 1073 3629 ἅπασιν
1107 3572 1281 3644 ὀρθῶς
1330 3570 1574 3641 φαίνεται
1615 3566 1881 3635 θεολογῶν

1997 566 2075 627 εἰς
2099 564 2196 636 τὴν
2225 566 2331 619 τῶν
2354 568 2541 638 ψυχῶν
2572 570 2907 641 προύπαρξιν
2936 573 3080 643 ἥκει.
3116 573 3272 643 δῆλός
3300 577 3416 630 ἐστι
3470 581 3569 651 τὴν

1996 653 2276 718 Πλάτωνος
2333 658 2426 709 καὶ
2485 659 2800 730 Πυθαγόρου
2854 660 3010 724 δόξαν
3058 665 3316 732 εἰσάγων,
3361 662 3472 720 οἶόν
3513 685 3568 721 τε

1995 745 2087 796 καὶ
2132 745 2410 816 Ὠριγένης
2455 750 2761 810 ἐπεπόνθει,
2799 753 2891 803 καί
2936 772 3079 817 τινες
3124 755 3272 809 ἄλλοι
3307 738 3416 811 τῶν
3446 762 3558 814 κατ’

1992 837 2166 887 ἐκεῖνο
2214 838 2405 908 καιροῦ
2437 841 2797 910 Χριστιανῶν,
2833 844 3005 908 ἄλλως
3035 864 3091 898 τε
3123 848 3230 901 τῶν
3259 850 3388 920 περὶ
3414 850 3560 919 φιλο-

1994 928 2183 995 σοφίαν
2212 929 2607 1000 διατριϐόντων,
2643 931 2796 986 οὖπω
2835 935 2953 987 τότε
3000 937 3099 1006 τῆς
3137 939 3398 1009 αἱρέσεως
3426 941 3552 994 ταὺ-

1991 1034 2091 1086 της
2115 1019 2277 1089 κοινῴ
2309 1020 2536 1091 δόγματι
2566 1023 2665 1093 τῆς
2701 1025 3022 1096 Ἐκκλησίας
3057 1030 3550 1102 κατεψηφισμένης·

1997 1125 2015 1157 t
2052 1110 2139 1175 Ἐξ
2167 1104 2239 1163 ὦν
2269 1113 2363 1164 καὶ
2408 1113 2679 1168 δείκνυται
2718 1117 2745 1168 ὁ
2787 1116 3073 1188 φιλόσοφος
3115 1116 3266 1185 οὗτος
3316 1123 3420 1194 πρδ
3453 1125 3555 1176 τῶν

1990 1197 2083 1252 τοῦ
2110 1193 2483 1256 Ἰουστινιανοῦ
2516 1206 2720 1275 χρόνων
2761 1206 3059 1277 βεϐιωκὼς,
3092 1210 3205 1278 εἴγε
3239 1213 3329 1264 ἐπὶ
3370 1214 3554 1267 τούτο)

1991 1291 2204 1362 πρῶτον
2232 1294 2325 1347 τοῦ
2355 1294 2617 1366 βασιλέως
2647 1300 2703 1351 αἱ
2735 1298 2828 1352 τοῦ
2868 1301 3174 1371 Ὠριγένους
3209 1304 3385 1368 θέσεις
3428 1323 3555 1360 κατ-

1990 1382 2399 1454 εψηφίσθησαν,
2452 1388 2543 1440 ἐπί
2607 1387 2779 1460 τούτῳ
2854 1393 2933 1454 είς
2996 1392 3056 1444 τὸ
3119 1393 3408 1458 Βυζάντιον
3460 1398 3556 1465 τῆς

1990 1474 2245 1545 πέμπτης
2270 1479 2652 1549 οἰκουμενικῆς
2682 1481 3036 1553 συναχθείσης
3057 1486 3292 1539 συνόδου.
3324 1508 3341 1537 ι
3371 1487 3555 1556 Ἔδοξε

1987 1565 2043 1618 δέ
2085 1584 2173 1637 μοι
2212 1568 2271 1620 τὸ
2309 1567 2510 1637 βιϐλίον
2542 1573 2622 1635 είς
2655 1573 2753 1644 την
2794 1573 2902 1626 τῶν
2955 1577 3239 1648 Ῥωμαίων
3282 1578 3557 1637 διάλεκτον

1991 1659 2350 1730 μεταφράσαι,
2386 1660 2493 1713 τῶν
2528 1662 2841 1733 φιλομαθῶν
2881 1667 3037 1736 χάριν
3087 1664 3285 1740 διπλῆν,
3331 1687 3551 1744 ποιησα-

1991 1749 2135 1821 μένῳ
2182 1750 2279 1822 τὴν
2328 1750 2557 1815 ἔκδοσιν,
2613 1756 2706 1807 καὶ
2756 1756 2889 1826 μηδὲ
2934 1759 3032 1829 τὴν
3093 1759 3410 1835 Ἑλληνικὴν
3467 1765 3557 1818 ὐπ’

1989 1842 2340 1914 ἀρχαιότητος
2365 1844 2638 1901 διαπεσεῖν
2665 1847 3074 1903 κινδυνεύουσαν
3109 1852 3391 1923 περιιδεῖν·
3422 1871 3440 1906 ι
3464 1853 3552 1925 μό-

1987 1933 2069 1994 λις
2094 1932 2203 2003 γάρ
2231 1949 2358 1987 ποτε
2378 1933 2528 1988 δυσὶν
2562 1937 2882 2008 ἐνετύχομεν
2908 1942 3281 2012 ἀντιγράφοις,
3315 1948 3411 2000 καὶ
3437 1948 3557 2001 ratio

1986 2041 2096 2086 τοις
2137 2023 2449 2094 ἀνηκέστως
2490 2025 2900 2098 διεφθαρμένοις
2937 2030 3032 2083 καὶ
3067 2033 3274 2102 μυρίων
3305 2035 3547 2108 ἁμαρτη-

1989 2113 2171 2184 μάτων
2215 2114 2537 2185 γέμουσινί
2588 2112 2677 2181 οἷς
2725 2120 3139 2193 ἐπιμελέστερον
3188 2126 3548 2192 ἐπιϐαλόνπς,

1986 2203 2078 2255 καὶ
2123 2201 2232 2255 τῶν
2270 2204 2328 2255 ἐν
2370 2204 2649 2276 ἑκατέροις
2703 2207 3110 2279 ἁμαρτημάτων
3163 2214 3227 2265 ἐκ
3271 2212 3379 2266 τῶν
3426 2230 3559 2284 παρ’

1984 2291 2263 2363 ἑκατέροις
2293 2293 2467 2364 ὀρθῶς
2497 2294 2639 2364 ἔχειν
2676 2295 2970 2351 δοκούντων
2997 2304 3551 2373 καταστοχασάμενοι,

1984 2385 2092 2437 κάκ
2117 2384 2224 2436 τῶν
2270 2385 2493 2438 ἐνόντων
2524 2386 3026 2457 ἐπιδιορθώσαντες,
3054 2392 3372 2464 ὐγιεστέραν
3404 2397 3549 2468 παρὸ

1985 2475 2116 2528 πολὺ
2145 2476 2243 2546 τῆς
2281 2477 2546 2547 προτέρας
2575 2478 2672 2549 τὴν
2718 2482 3097 2550 πραγματείαν
3139 2486 3544 2552 παρεσκευάσα·

1986 2582 2105 2636 μεν.
2147 2565 2203 2617 '0
2239 2565 2419 2635 μέντοι
2450 2565 2641 2639 πρώην
2678 2569 2739 2621 τὸ
2766 2569 2966 2637 βιϐλίον
2992 2572 3071 2634 εἰς
3114 2571 3213 2643 τὴν
3266 2576 3546 2646 Ῥωμαίων

1980 2656 2256 2711 διάλεκτον
2302 2660 2643 2727 μετενεγκεῖν
2690 2660 3032 2731 ἐγχειρήσας,
3069 2661 3338 2733 Γεὼργιος
3362 2668 3390 2715 ὁ
3417 2666 3544 2720 Βάλ-

1982 2750 2099 2822 λης,
2134 2751 2194 2803 οὐ
2228 2750 2424 2822 μᾶλλον
2453 2752 2796 2823 ἡρμήνευσεν
2823 2752 2862 2823 ἢ
2887 2753 3103 2823 συνέχεε
3130 2755 3223 2807 καὶ
3246 2758 3547 2827 κατῄσχυνε

1981 2840 2070 2894 τὸν
2110 2841 2415 2911 φιλόσοφον,
2466 2841 2587 2895 καθ’
2636 2844 2872 2912 ἑκάστην
2926 2844 3109 2915 σχεδὸν
3158 2848 3401 2918 περίοδον
3452 2851 3547 2920 τῆς

1980 2932 2073 2986 τοῦ
2097 2933 2361 3002 Νεμεσίου
2398 2933 2630 2998 διανοίας
2665 2936 3012 3005 ἀποπίπτων,
3037 2935 3134 2992 κάν
3162 2941 3273 3001 τοῖς
3304 2957 3543 3011 κατημα·

1982 3022 2260 3094 ξευμένοις
2292 3023 2526 3080 τουτοισὶ
2566 3023 2675 3076 τῶν
2720 3023 2914 3089 λέξεων
2968 3029 3232 3099 σχήμασιν
3270 3031 3361 3083 ὑπ’
3402 3033 3547 3101 ἀμαυ

1981 3112 2131 3178 θείας
2178 3114 2398 3183 γελοίως
2450 3114 2823 3169 ἀπαλλάττων.
2893 3118 2955 3170 Ἠ
3019 3118 3115 3188 μὲν
3161 3114 3253 3173 οὖν
3308 3122 3547 3192 ἡμετέρα

1932 3200 1945 3218 ⁸
1979 3203 2181 3274 σπουδή
2238 3221 2298 3255 τε
2349 3204 2443 3256 καὶ
2502 3205 2818 3274 προαίρεσις
2868 3203 3005 3275 α’ύτη
3040 3224 3141 3269 σοι,
3202 3208 3546 3279 λαμπρότατε

1978 3294 2290 3366 Καρδινάλι.
2325 3295 2397 3347 Σὺ
2423 3293 2479 3346 δέ
2504 3293 2706 3366 ταύτης
2725 3298 2873 3366 ἡμᾶς
2904 3298 3321 3369 ἀποδεξάμενος,
3344 3302 3545 3364 δίκαιος

1979 3383 2045 3439 ἂν
2093 3386 2207 3455 εἴης
2257 3384 2366 3438 τῶν
2403 3385 2500 3453 μὲν
2547 3385 2992 3457 κατωρθωμένων
3036 3390 3296 3456 ἐπαινεῖν,
3344 3392 3452 3445 τῶν
3491 3393 3547 3447 δὲ

1978 3478 2322 3549 παρειμένων
2362 3476 2689 3548 συγγνώμην
2735 3477 2896 3548 ἔχειν.
2933 3480 3198 3552 Ἔρῥωσο.
3249 3482 3340 3536 Ἐκ
3366 3484 3540 3536 Πατα-

1980 3567 2116 3631 ϐίου,
2153 3568 2337 3639 logi-'3',
2373 3569 2835 3639 Μεταγειτνιῶνος
2871 3572 3036 3643 μηνὸς
3062 3574 3220 3647 τρίτῃ
3250 3575 3544 3643 φθίνοντος.

1358 3847 1678 3923 ’Νἱεαείιιε
1739 3858 2104 3920 Ellebodius
2154 3859 2395 3920 lectori.

370 4019 503 4084 Quae
550 4031 635 4069 me
679 4015 817 4069 ratio
859 4015 925 4067 ad
974 4012 1206 4068 Nemesii
1254 4013 1545 4068 editionem
1583 4013 1866 4067 adhortatu

293 4107 393 4166 sit,
432 4105 630 4159 Lector
671 4104 892 4172 Optime,
924 4103 1169 4171 pluribus
1200 4103 1329 4156 mihi
1363 4101 1542 4157 verbis
1589 4115 1870 4171 exponen-

294 4199 425 4251 dum
463 4212 583 4251 esse
622 4212 728 4250 nou
760 4195 1014 4249 arbitror.
1042 4193 1172 4247 Nam
1192 4193 1239 4248 si
1270 4193 1392 4263 quis
1412 4201 1518 4255 est,
1546 4192 1635 4260 qui
1659 4200 1871 4245 veteres

295 4290 593 4356 scriptores
635 4303 668 4342 ο
701 4286 1147 4341 bibliothecarum
1197 4285 1422 4340 latebris
1469 4282 1683 4337 evocari
1731 4290 1785 4336 et.
1816 4283 1866 4335 iu

297 4390 579 4448 aspectum
617 4379 898 4446 lucemque
918 4375 1148 4445 proferri
1171 4375 1333 4441 nolit;
1363 4384 1452 4428 aut
1484 4389 1588 4426 uou
1614 4387 1868 4440 magnum

1971 4012 2275 4081 prodidere.
2309 4008 2453 4063 Nam
2495 4024 2666 4079 neque
2709 4013 3051 4079 praestantius
3094 4028 3217 4067 esse
3249 4015 3539 4084 quidquam

1969 4103 2307 4173 philos0phia
2330 4111 2527 4170 potest,
2563 4101 2941 4171 quippe‘cujus
2965 4111 3019 4155 et
3049 4106 3328 4171 praeceptis
3360 4110 3538 4159 omnis

1971 4196 2076 4248 vita
2105 4194 2169 4247 ad
2202 4194 2542 4247 honestatem
2577 4192 2895 4260 laudemque
2923 4190 3323 4257 conformatur;
3360 4207 3413 4247 et
3450 4214 3529 4249 rc-

1968 4285 2105 4355 gulis
2131 4284 2369 4336 omnium
2402 4285 2597 4335 artium
2624 4293 2677 4336 et
2709 4283 3056 4336 scientiarum
3084 4286 3323 4338 rationes
3357 4289 3538 4341 nituit-

1979 4386 2095 4441 tur;
2137 4384 2191 4429 e:
2218 4390 2397 4429 sermo
2423 4374 2642 4428 Gratctts
2671 4373 2811 4443 (fieri
2842 4384 3044 4443 potest,
3077 4386 3134 4429 ut
3162 4376 3335 4435 fallar.
3365 4380 3538 4434 dicant

291 4471 496 4538 judicio
527 4485 625 4523 suo
653 4470 886 4524 fructum
913 4483 1100 4523 eorum
1130 4467 1273 4521 laudi
1303 4466 1643 4520 tribuendum
1670 4466 1867 4522 existi-
1897 4494 1939 4547 ι)
1971 4476 2145 4521 tamen
2213 4466 2354 4535 quod
2402 4465 2595 4532 sentio)
2630 4465 2886 4533 ejusmodi
2931 4475 3034 4531 est,
3072 4477 3129 4520 ut
3163 4468 3262 4521 hoc
3309 4485 3416 4521 uno
3448 4485 3535 4531 ea.

300 4574 426 4626 met,
473 4577 707 4633 quorum
759 4561 1038 4615 industria
1081 4558 1409 4614 curriculum
1449 4560 1500 4613 in
1537 4558 1642 4613 hoc
1666 4574 1864 4629 genere

297 4657 598 4709 studiorum
640 4653 900 4715 elaboret,
952 4651 1098 4716 huic,
1154 4667 1183 4703 a
1228 4649 1432 4717 judicio
1463 4661 1517 4704 et
1549 4650 1768 4703 omnino
1800 4651 1868 4703 ab

297 4747 635 4803 humanitate
667 4744 945 4809 derelicto,
977 4743 1460 4810 studereprobare
1495 4755 1555 4796 se
1583 4756 1741 4795 neruo
1768 4742 1866 4795 de-

297 4839 404 4893 bet.
453 4839 550 4893 Siu
602 4838 902 4907 producere
934 4845 1172 4889 veterum
1212 4832 1544 4887 eruditorum
1591 4832 1778 4899 libros,
1812 4841 1868 4886 et

295 4932 361 4983 ad
380 4931 645 4993 omnium,
672 4930 765 4999 qui
791 4928 984 4981 litteris
1011 4927 1301 4987 ducuntur,
1329 4923 1692 4993 cognitionem
1733 4939 1859 4993 pro-

294 5037 493 5091 pagare
527 5031 734 5074 rectum
781 5018 1027 5087 inprimis
1057 5025 1113 5071 et
1171 5014 1477 5084 reipublicae
1529 5013 1860 5069 fructuosum

291 5127 479 5167 omnes
501 5111 763 5181 judicaut,
798 5109 1004 5164 scilicet
1029 5106 1307 5162 verbosius
1328 5107 1861 5160 commemorandum

292 5206 423 5259 mihi
460 5220 566 5257 nou
599 5214 701 5264 est.
734 5217 833 5254 cur
854 5217 973 5254 eam
1005 5215 1112 5253 rem
1137 5197 1490 5266 susceperim,
1524 5198 1575 5249 itt
1607 5211 1713 5265 qua
1741 5202 1862 5248 wr-

288 5297 399 5351 σετί
435 5295 747 5366 prter-larum
788 5309 930 5359 esse,
964 5302 1018 5346 et
1055 5292 1328 5345 hominum
1360 5290 1484 5342 vita:
1516 5289 1864 5343 veheme..ter

289 5387 440 5451 utile,
481 5388 619 5440 inter
650 5401 837 5440 omnes
868 5391 1103 5440 constat.
1156 5382 1476 5451 Quanquam
1511 5396 1610 5449 ego
1641 5380 1860 5451 quidem

286 5492 411 5530 cum
457 5478 694 5531 omnium
733 5478 1008 5530 doctorum
1044 5484 1410 5538 monumenta,
1451 5488 1681 5542 quorum
1718 5475 1860 5522 ditii-

286 5582 441 5625 taxat
492 5582 624 5626 tetas
678 5569 748 5623 ab
787 5579 965 5624 uestra
1022 5568 1278 5623 memoria
1330 5568 1546 5639 longius
1600 5565 1854 5630 abfuerit,

282 5664 392 5717 emi
434 5675 487 5718 et
532 5664 786 5717 illustrari
844 5662 991 5724 volo;
1034 5671 1145 5715 tum
1188 5675 1316 5715 vero
1362 5674 1548 5715 eorum
1605 5657 1858 5723 maxime,

281 5754 377 5823 qui
413 5751 482 5808 de
509 5752 838 5823 philosophia
874 5752 1165 5821 etquidem
1194 5748 1396 5804 Grmcis
1427 5750 1619 5804 litteris
1656 5748 1857 5816 aliquid

1970 4575 2132 4630 quam
2178 4558 2461 4625 probitatis
2495 4556 2807 4623 magistram
2841 4567 2895 4609 et
2941 4558 3180 4610 omnium
3210 4560 3406 4613 artium
3450 4578 3534 4614 re~

1969 4651 2147 4717 gulam
2175 4652 2430 4711 diximus,
2458 4649 2791 4718 philosophia
2822 4664 2879 4702 se
2909 4649 3223 4704 mortalibus
3249 4652 3535 4720 explicari,

1969 4745 2035 4797 ad
2073 4756 2394 4811 omnemque
2428 4743 2796 4808 posteritatem
2848 4743 3137 4796 transmitti
3176 4743 3333 4805 velit;
3371 4757 3534 4799 caue--

1970 4851 2148 4888 rarum
2183 4846 2422 4905 gentium
2460 4834 2657 4905 linguis
2690 4834 2913 4889 tractari
2961 4835 3119 4895 nolit,
3155 4836 3533 4890 vehementer

1967 4941 2071 4995 que
2104 4935 2332 4981 recuset.
2369 4924 2483 4980 Hoc
2513 4925 2565 4978 itt
2613 4938 2808 4995 genere
2855 4939 2977 4979 cum
3013 4927 3253 4980 viderem
3280 4941 3399 4980 esse
3427 4926 3535 4981 Ne-

1969 5018 2215 5081 mesium,
2248 5019 2337 5086 qui
2365 5018 2555 5074 Graece
2585 5020 2650 5071 de
2679 5019 2945 5087 prteciptta
2978 5032 3043 5072 ac
3070 5020 3377 5073 necessaria
3411 5022 3501 5088 phi
3523 5049 3537 5061 -

1967 5105 2225 5172 losophie
2260 5118 2430 5175 parte,
2468 5117 2521 5160 et
2560 5122 2679 5175 qum
2723 5106 2939 5176 proprie
2992 5109 3057 5160 ad
3109 5122 3206 5161 nos
3244 5110 3532 5177 pertineat.

1968 5196 2068 5248 hoc
2091 5207 2197 5259 est,
2236 5198 2302 5250 de
2331 5207 2519 5251 natura
2545 5198 2800 5264 hominis,
2837 5210 2981 5267 apte,
3015 5200 3270 5263 dilucide,
3298 5204 3530 5262 erudite,

1965 5296 2040 5349 et,
2067 5288 2117 5339 iu
2162 5302 2267 5354 quo
2292 5286 2411 5355 plus
2437 5298 2520 5341 est
2544 5289 2799 5354 positum,
2825 5306 2985 5359 quant
3018 5290 3072 5343 in
3102 5291 3311 5346 cmteris
3348 5292 3528 5345 omni-

1967 5377 2083 5443 bus,
2111 5380 2196 5445 p‘e
2222 5378 2471 5443 disserat,
2500 5378 2617 5433 dedi
2640 5393 2879 5447 operam,
2914 5390 2971 5433 ut
2999 5390 3054 5435 et
3080 5379 3325 5436 Gl‘iBClﬂll
3350 5398 3534 5436 exem-

1966 5470 2080 5537 plar
2125 5472 2362 5538 prodiret
2407 5471 2459 5524 itt
2508 5470 2807 5538 publicum,
2855 5472 2998 5541 quod
3057 5473 3326 5527 sexcentis
3376 5473 3555 5547 locis,

1963 5562 2062 5615 etsi
2094 5560 2148 5614 iu
2189 5570 2297 5615 tam
2345 5576 2512 5630 parvo
2542 5575 2708 5630 opere
2741 5563 2998 5616 credibile
3023 5565 3111 5617 vix
3153 5573 3254 5627 est,
3310 5561 3533 5613 mirabi-

1963 5654 2086 5708 liter
2132 5656 2338 5709 tuendis
2387 5654 2720 5725 inquinatum
2757 5657 2983 5709 duorum
3021 5664 3350 5709 vetustorum
3382 5654 3531 5708 codi-

1961 5760 2083 5801 cum
2135 5761 2236 5816 ope
2283 5748 2698 5817 expurgavimus
2727 5766 2741 5800 :
2774 5756 2826 5800 et
2861 5745 3052 5799 Latina
3106 5758 3317 5811 quoque
3350 5746 3531 5799 inter-
