4076 6144
515 344 619 396 ιειὸ

1541 336 1839 391 NEMESIU
1852 336 1888 388 S
1928 335 2258 392 EPISCOI‘U
2271 335 2306 389 S
2351 335 2626 388 I-IMESEN
2639 335 2741 390 US.

3680 332 3786 392 £96

515 463 766 532 pretatio,
801 475 906 530 quo
937 459 1179 513 omnium
1215 454 1582 524 intelligentia!
1611 456 1967 516 serviremus,
1999 452 2091 506 ad-
2123 462 2164 516 Α
2197 469 2358 519 quam
2391 454 2606 521 probari
2663 452 2756 506 tibi
2796 453 2976 522 cupio,
3028 454 3246 508 nescire
3277 462 3326 506 te
3363 450 3528 505 nolui.
3564 449 3639 505 De
3671 464 3784 502 cte-

514 552 846 624 jungeretur.
895 551 1016 605 Ilaec
1069 563 1234 619 pauca
1275 547 1340 602 de
1373 546 1601 602 consilio
1641 561 1759 599 meo
1810 555 1862 599 et
1905 559 2093 614 opera.

2205 547 2356 609 teris,
2413 562 2533 600 cum
2561 547 2729 615 leges,
2752 561 2850 615 pro
2874 545 3098 601 arbitrio
3125 557 3215 600 tuo
3248 544 3606 600 existimabis.
3627 539 3778 608 Vale.

1747 792 1816 854 C.
1864 790 2199 856 Plautinus
2241 795 2459 858 lectori
2506 816 2534 855 s

586 915 700 968 Non
751 913 994 968 inutilem
1062 912 1318 967 studi-esis
1368 912 1538 975 viris,
1609 926 1783 979 neque
1833 913 2096 981 ingratam

518 1022 628 1060 rem
664 1005 902 1060 tacturus
936 1003 1066 1058 mihi
1091 1004 1334 1068 videbar,
1365 1003 1428 1066 si,
1460 1002 1585 1071 quia
1622 1000 1930 1056 Nemesium
1958 1018 2100 1058 nunc

521 1100 761 1167 primum
815 1097 867 1151 in
925 1098 1100 1150 lucem
1153 1095 1537 1164 producimus,
1595 1092 1818 1162 paucula
1869 1093 1935 1147 de
1985 1094 2101 1163 ipso

519 1188 765 1242 Nemesio
787 1188 1069 1253 adderem;
1104 1201 1207 1239 non
1237 1195 1294 1238 ut
1319 1184 1464 1238 illum
1504 1184 1738 1246 laudem,
1782 1199 1904 1235 nam
1956 1184 2098 1238 bona

526 1294 698 1344 merx,
747 1290 804 1332 ut
849 1280 1066 1342 dicitur,
1112 1293 1362 1348 prmeone
1411 1292 1515 1332 non
1563 1286 1682 1347 eget
1711 1295 1722 1331 :
1755 1277 1882 1345 quid
1919 1286 2098 1331 autem

524 1370 625 1423 hoc
659 1347 1051 1423 commentario
1082 1367 1134 1420 in
1171 1367 1333 1422 simili
1382 1375 1703 1434 argumento
1729 1373 1908 1419 exstat
1937 1379 2100 1418 aecu-

520 1461 732 1514 ratius?
769 1459 884 1522 sed,
925 1469 983 1513 ut
1030 1459 1150 1528 quis
1190 1458 1276 1512 ille
1317 1458 1535 1512 tandem
1589 1456 1771 1521 fuerit,
1809 1456 1978 1510 verbo
2011 1455 2096 1508 iit-

527 1554 724 1608 dicem.
775 1551 1158 1620 Philosophum
1209 1551 1380 1622 igitur,
1430 1549 1598 1603 fuisse
1646 1558 1700 1604 et
1752 1548 2102 1616 episcopum,

530 1643 667 1697 liber
712 1642 934 1713 ejusque
981 1643 1141 1697 iudex
1192 1651 1496 1697 testantur:
1531 1651 1585 1695 et
1623 1655 1689 1694 ex
1733 1640 1959 1708 epistola
2005 1638 2107 1692 hac

525 1733 855 1789 Nazianzeni
884 1734 982 1803 (η),
1020 1748 1180 1804 quam
1208 1732 1294 1788 hic
1317 1733 1480 1788 etiam
1515 1730 1869 1802 adjiciendum
1900 1729 2105 1799 putavi,

591 1871 669 1942 (a)
712 1870 952 1942 Epistula
999 1870 1244 1942 Gregorii
1292 1879 1376 1926 est
1419 1869 1510 1931 79,
1547 1884 1666 1938 qua!
1692 1865 2100 1942 iucipit:Ei_co:

519 1937 661 1997 δοκῶ
695 1937 970 2014 adp-am.
1007 1941 1078 1994 Ea
1099 1937 1232 1996 iero
1257 1942 1327 1994 ita
1353 1937 1665 2008 comparata
1695 1948 1799 2003 est,
1833 1949 1890 1991 ut
1917 1937 2106 1991 eodem

2206 916 2364 970 facile
2429 915 2786 984 intelligitur,
2850 923 3065 983 quantm
3121 911 3284 965 fuerit
3330 909 3669 962 auctoritatis
3719 926 3784 966 ac

2201 1007 2436 1062 nominis
2498 1007 2872 1077 philosophus.
2936 1005 3008 1058 Es
3061 1005 3247 1059 eadem
3302 1003 3646 1071 perspicuum
3681 1013 3784 1064 est,

2199 1115 2322 1156 eum
2367 1099 2616 1156 floruisse
2669 1099 2997 1168 imperatore
3037 1095 3302 1150 Gratiano
3351 1109 3416 1148 ac
3457 1092 3786 1156 Theodosio,

2201 1213 2307 1268 quo
2379 1207 2621 1266 tempore
2687 1193 2953 1248 Maximus
3019 1191 3181 1245 etiam
3249 1187 3627 1258 philosophus,
3697 1185 3788 1240 Li-

2202 1289 2445 1355 banius,
2514 1285 2792 1350 Basilius,
2861 1283 3126 1352 multique
3197 1280 3284 1333 alii
3350 1279 3786 1348 prteslantissimi

2199 1379 2301 1432 viri
2352 1379 2626 1433 vivebant.
2679 1374 2926 1429 Meminit
2985 1374 3097 1442 ipse
3121 1369 3370 1439 Origenis
3399 1382 3455 1423 et
3487 1366 3788 1437 Apolinarii

2203 1487 2338 1541 quos
2381 1470 2696 1524 adolescens
2750 1467 2949 1521 vidisse
3007 1465 3238 1518 fortasse
3293 1461 3486 1531 potuit.
3544 1459 3618 1513 De
3670 1459 3790 1512 loco

2205 1564 2508 1634 ἐπισκοπῆς
2584 1560 2714 1616 nihil
2785 1559 3046 1625 comperi.
3114 1556 3266 1609 Nunc
3343 1555 3409 1608 ad
3480 1553 3789 1623 epistolam.

2210 1658 2358 1712 Vale.

2208 1859 2728 1934 juregad_qucmvis
2783 1856 2946 1911 alimn
2998 1851 3309 1934 Nemesium
3345 1851 3568 1934 scripta
3621 1849 3793 1905 videri

2218 1930 2403 2002 possit.
2443 1930 2702 1984 Consulto
2734 1943 2862 1998 ergo
2885 1943 3005 1982 eam
3039 1930 3504 1996 praetermisimus.

987 2203 1634 2294 PRIEFATIO
1714 2199 2293 2293 EDITORIS
2365 2197 3125 2291 OXONIENSIS
3196 2181 3274 2258 (α)

591 2537 884 2590 Auctorem
921 2535 1008 2588 hic
1051 2533 1242 2591 damus
1283 2540 1542 2597 veterem,
1591 2527 1881 2596 eruditum,
1929 2529 2102 2599 pium,
2139 2533 2181 2592 Β
2217 2529 2404 2583 scrtim
2437 2528 2576 2596 apud
2609 2525 2884 2590 librarios,
2929 2525 3018 2596 qui
3061 2523 3112 2579 id
3145 2538 3356 2595 semper
3382 2535 3568 2594 agunt,
3603 2536 3656 2581 ut
3695 2543 3790 2584 no-

522 2630 611 2698 qui
661 2629 712 2682 in
760 2627 936 2697 Lyi-eo
976 2627 1180 2696 pariter
1210 2635 1264 2681 et
1293 2625 1538 2680 Ecelesia
1569 2624 1894 2678 dictaturam
1943 2636 2100 2675 exer-

523 2723 671 2788 cuit;
713 2731 920 2774 natura:
960 2718 1113 2787 juxta
1159 2729 1212 2772 et
1253 2719 1468 2788 pietatis
1498 2719 1747 2781 antistes,
1783 2718 1834 2768 in
1864 2715 2105 2782 philoso-

525 2810 663 2877 phia:
704 2807 975 2877 mysteriis
1013 2817 1229 2875 epopta,
1285 2806 1404 2859 fidei
1447 2805 1750 2873 episcopus.
1789 2803 1894 2856 Sed
1923 2803 2104 2856 nescio

524 2915 631 2966 quo
685 2898 815 2957 fato,
869 2898 1118 2949 lnnnauae
1167 2897 1360 2949 animm
1410 2895 1540 2959 ritu,
1589 2909 1752 2963 quam
1800 2891 2106 2946 felicissime

526 2993 768 3045 enarrat,
807 2985 1008 3052 reliqua
1044 2993 1233 3037 cuneta
1269 2984 1391 3036 dum
1425 2982 1670 3050 intelligit
1700 2991 1753 3036 et
1788 2993 2102 3051 perscruta-

528 3089 634 3139 tin',
683 3075 815 3128 latet
851 3075 984 3143 ipse,
1035 3089 1132 3128 nec
1177 3075 1307 3128 satis
1355 3074 1710 3144 dignoscitur.
1763 3072 2107 3127 Dissimulato

525 3171 642 3239 ejus
673 3185 768 3238 per
798 3183 956 3239 quem
1002 3167 1293 3236 plurimmn
1327 3167 1666 3236 profecerunt
1696 3166 1931 3228 nomine,
1968 3165 2107 3219 cele-

533 3265 656 3318 bres
685 3263 884 3332 aliquot
916 3262 1076 3330 prisci
1122 3261 1218 3314 aeri
1266 3261 1581 3328 scriptores,
1627 3257 1870 3313 Julianus
1910 3256 2104 3310 Pome-

545 3363 658 3412 rius
699 3358 794 3427 ('b),
823 3352 978 3409 Joau.
1027 3352 1594 3416 Damascenosflilias
1622 3351 1915 3415 Cretensis,
1948 3348 2108 3403 Mele-

542 3452 668 3513 tius,
697 3449 941 3502 Eretrins
967 3447 1061 3518 (c),
1095 3462 1198 3498 non
1237 3446 1393 3498 modo
1427 3443 1674 3511 periodos
1697 3442 1973 3511 plurimas,
2011 3441 2105 3495 sed

526 3541 728 3594 solidas
755 3540 979 3607 paginas
1018 3538 1356 3604 schedasquc
1397 3534 1760 3587 voluminibus
1807 3536 1918 3586 suis
1964 3532 2108 3584 iuse-

530 3646 704 3684 ruere.
742 3632 878 3694 Quin
909 3629 1115 3682 leviora
1159 3628 1273 3680 inec
1318 3626 1521 3679 iuerint
1550 3642 1566 3689 ;
1601 3640 1694 3693 per
1725 3625 1874 3692 plura
1911 3625 2104 3677 saecula

533 3738 670 3792 opus
717 3723 986 3790 integrum
1016 3720 1169 3773 titulo
1205 3732 1358 3772 tenus
1399 3717 1762 3782 immutatum,
1795 3727 1847 3771 et
1876 3717 2108 3786 philoso-

530 3817 672 3883 phiae
727 3814 899 3881 elogio
952 3823 1190 3876 anetum,
1223 3811 1488 3880 Gregorio
1540 3809 1804 3874 accessit;
1865 3819 1918 3862 et
1967 3809 2108 3863 inter

2211 2619 2452 2675 minibus
2494 2616 2944 2673 celebratissimis
2982 2630 3192 2670 merces
3221 2631 3346 2670 suas
3391 2617 3790 2684 commendent,

2209 2712 2492 2767 Nemesius
2526 2710 2668 2764 illico
2699 2711 2749 2763 in
2801 2708 3120 2778 Gregorium
3163 2709 3401 2768 transiit.
3439 2719 3493 2763 et
3518 2708 3791 2781 Nyssenus

2209 2804 2262 2856 in
2293 2803 2618 2857 Emesenum
2647 2802 3078 2870 permutabatur.

2283 2893 2351 2946 Ut
2401 2892 2570 2946 verbo
2605 2892 2808 2955 dicam,
2852 2907 3162 2960 quanquam
3215 2891 3302 2945 vix
3351 2892 3637 2966 quisquam
3689 2901 3792 2955 est,

2210 2985 2362 3050 cujus
2412 2983 2572 3037 ell‘ala
2625 2983 2807 3052 plures
2860 2984 3088 3037 subinde
3139 2983 3308 3037 citant
3353 2995 3405 3038 et
3459 2994 3791 3048 mutuantur,

2216 3076 2402 3130 videre
2441 3076 2678 3130 nondum
2715 3075 2941 3143 contigit
2975 3089 3037 3128 ex
3073 3075 3347 3128 veteribus
3374 3075 3628 3143 aliquem,
3654 3090 3797 3143 prm-

2209 3176 2294 3222 ter
2337 3167 2700 3222 Anastasium'
2727 3165 3001 3221 Nicwnum
3047 3165 3099 3218 in
3140 3163 3339 3229 Quwst.
3373 3165 3426 3218 in
3464 3164 3524 3220 S.
3567 3163 3793 3228 διῆρε..

2211 3273 2264 3317 et
2310 3261 2495 3316 Mosen
2547 3259 2915 3330 BaroCepbam
2965 3257 3015 3311 iu
3065 3257 3204 3311 libro
3258 3255 3334 3309 De
3385 3257 3656 3325 paradiso,
3703 3259 3794 3324 qui

2218 3354 2392 3423 ipsqu
2448 3353 2766 3409 nominatim
2831 3350 3151 3404 laudaverit.
3226 3349 3506 3416 Superiori
3574 3349 3794 3419 quidem

2209 3447 2426 3510 siccolo,
2457 3461 2578 3500 cum
2609 3444 2812 3500 Graeca:
2847 3443 3040 3498 littera:
3085 3440 3242 3512 pulsa
3277 3441 3528 3495 barbarie
3569 3441 3796 3508 Europae

2211 3537 2545 3607 postliminio
2589 3536 2964 3598 redderentur,
3013 3532 3175 3587 Vallae
3226 3542 3283 3588 et
3347 3533 3610 3588 Ellebodii
3651 3534 3791 3588 indi-

2207 3631 2328 3693 ciis,
2375 3639 2428 3681 et
2471 3644 2600 3683 mss.
2643 3627 2998 3696 plurimorum
3025 3623 3307 3695 sullragio,
3337 3625 3596 3695 appositis
3631 3627 3792 3681 etiam

2209 3721 2526 3774 criticorum
2575 3719 2824 3785 calculis,
2883 3719 2972 3772 diu
3023 3733 3315 3787 Oppressus
3388 3718 3674 3773 Nemesius
3742 3719 3792 3770 in

2209 3813 2476 3884 integrum
2529 3814 2930 3868 restituebatur.
2982 3812 3119 3879 Quin
3163 3822 3218 3866 et
3249 3811 3396 3866 card.
3435 3811 3796 3866 Beliarminus

534 3905 787 3960 l’raisulis
827 3904 1054 3975 Nysscni
1094 3905 1293 3971 scripta
1327 3903 1521 3972 passim
1552 3899 1937 3969 evulgabatur:
1967 3899 2109 3969 quiid
2139 3897 2179 3952 C
2220 3906 2292 3959 De
2333 3908 2515 3975 script.
2551 3905 2738 3960 ercles.
2771 3907 2834 3959 ad
2864 3921 3062 3959 annum
3095 3904 3218 3968 500,
3255 3917 3386 3970 etc.,
3416 3905 3794 3960 observatione

531 4001 603 4050 ita
645 3997 868 4058 factum,
906 4007 964 4048 ut
1008 3995 1300 4062 Gregorius
1343 3994 1601 4061 deinceps
1643 3993 1781 4062 apud
1827 3991 2109 4061 pleresque

530 4097 636 4134 non
684 4080 957 4151 Nyssenus
1002 4078 1163 4144 ultra,
1204 4078 1296 4132 sed
1327 4077 1627 4131 Emescnus
1657 4077 1902 4142 audiret;
1952 4079 2104 4145 (μηώὶ

529 4177 626 4226 ista
673 4171 1009 4242 cognominis
1057 4171 1453 4239 permutatione
1494 4183 1614 4223 cum
1666 4180 1850 4223 nostro
1893 4169 2106 4224 decide-

531 4277 713 4327 retur,
766 4275 819 4318 et
873 4266 953 4332 de
1005 4262 1161 4332 plagii
1217 4261 1410 4330 injuria
1466 4261 1774 4316 satisfieret.
1827 4260 1901 4314 lta
1959 4261 2102 4313 enim

525 4357 846 4424 Gregorium
899 4355 1224 4424 appellatum
1273 4369 1414 4417 esse,
1466 4363 1679 4408 constat
1725 4369 1828 4408 non
1883 4353 2040 4407 modo
2078 4368 2107 4404 e

527 4447 807 4502 'I‘rithemii
853 4447 944 4500 lib.
990 4447 1062 4500 l)e
1104 4447 1331 4514 imagine
1380 4455 1428 4500 et
1483 4447 1782 4500 conditione
1839 4446 2100 4508 hominis,

527 4539 750 4594 llonorii
802 4540 894 4593 lib.
939 4539 1012 4592 De
1052 4538 1414 4592 ecclesiasticis
1452 4540 1840 4607 scriptoribus;
1874 4538 2103 4591 Vincen-

533 4636 606 4684 tio
651 4632 701 4683 iu
738 4630 890 4697 Spec.
933 4630 1056 4683 hist.
1103 4629 1196 4681 lib.
1231 4645 1339 4689 xrv,
1375 4645 1423 4683 c.
1455 4629 1558 4694 9.8;
1594 4629 1828 4683 Bostono
1860 4629 2104 4682 Burieusi

529 4726 580 4776 iit
627 4738 725 4776 suo
767 4722 980 4785 Catal.;
1023 4721 1330 4775 Leunclavii
1375 4720 1655 4775 Pandectis
1695 4723 1836 4776 Hist.
1871 4721 2104 4790 '1"ttrcic.,

527 4819 620 4870 sed
653 4817 816 4870 etiam
854 4814 1126 4867 nonnullis
1169 4813 1478 4882 Ilieronymi
1511 4813 1787 4868 codicibus
1828 4815 1967 4885 typis
2011 4817 2110 4868 im-

530 4906 758 4978 pressis,
801 4917 856 4958 et
902 4905 1174 4973 plerisipte
1203 4922 1332 4959 mss.
1368 4905 1576 4960 Revera
1610 4916 1895 4961 tractatum
1942 4911 2108 4963 edidit

530 5001 600 5054 Μ.
631 4997 813 5050 Basilii
846 4998 1014 5049 frater
1045 4996 1338 5067 Nyssenus,
1373 4995 1451 5049 De
1480 4998 1688 5065 api/icio
1736 5000 1988 5065 hominis,
2014 5003 2104 5070 qui

529 5105 652 5145 cum
693 5090 832 5143 idem
875 5088 1150 5141 videretur
1200 5103 1321 5140 eum
1375 5089 1476 5143 hoc
1523 5101 1728 5154 uestro,
1773 5093 1861 5158 qui
1907 5092 1980 5146 De
2011 5109 2107 5145 na-

533 5192 654 5233 tura
687 5181 914 5232 hominis
946 5180 1262 5234 inscribitur
1287 5220 1303 5246 ,
1336 5182 1739 5250 promptissimo
1771 5183 1942 5250 lapsu,
1974 5200 2108 5253 pra:-

2218 3999 2374 4052 tcrtia
2407 3995 2793 4066 inCregorium
2834 3997 3134 4052 ait:libros
3174 4009 3290 4051 octo
3341 3999 3415 4052 De
3455 3997 3792 4067 philosophia

2217 4107 2318 4146 non
2346 4090 2515 4156 pideri
2554 4106 2665 4144 esse
2703 4089 2762 4144 S.
2803 4087 3044 4160 Gregorii
3094 4089 3344 4160 Nysseni,
3393 4090 3660 4144 rationem
3697 4091 3796 4144 ad-

2216 4182 2371 4247 dens,
2405 4182 2540 4236 satis
2595 4181 2803 4235 futilcm
2839 4182 2982 4236 illam
3019 4183 3256 4252 quidem,
3285 4182 3403 4236 scil.
3436 4181 3592 4247 Quod
3623 4183 3675 4236 in
3701 4181 3794 4238 lib.

2214 4274 2438 4326 secundo
2478 4273 2624 4327 docet
2665 4275 2900 4326 animum
2953 4290 3055 4328 non
3099 4274 3268 4327 creari
3315 4275 3369 4328 in
3419 4289 3656 4344 corpore,
3704 4274 3794 4327 sed

2212 4376 2332 4417 ante
2353 4380 2540 4432 corpus
2580 4365 2740 4434 fuisse
2780 4376 3045 4430 creatam;
3091 4366 3181 4428 qui
3221 4376 3295 4418 est
3340 4382 3488 4418 error
3520 4364 3788 4435 Origcnis.

2211 4456 2376 4523 Quasi
2423 4474 2549 4512 vero
2593 4474 2696 4512 non
2749 4459 2848 4512 sub
2896 4459 3085 4513 eadem
3120 4458 3318 4512 invidia
3357 4457 3625 4513 laboraret
3660 4456 3795 4528 Nys-

2213 4566 2395 4613 seuus,
2421 4550 2575 4620 cujus
2608 4553 2805 4620 scripta
2834 4553 2902 4606 ab
2926 4552 3249 4620 Origenistis
3276 4553 3599 4621 interpolata
3626 4553 3791 4607 fuisse

2211 4651 2403 4695 auctor
2431 4653 2513 4696 est
2558 4641 2925 4712 Nieephorus;
2981 4645 3086 4697 imo
3119 4644 3257 4698 adeo
3298 4646 3516 4711 penitus
3549 4644 3797 4715 Nysseno
3829 4689 3838 4706 ι

2211 4733 2495 4788 calumnia:
2534 4733 2681 4790 labes
2726 4737 2825 4789 ista
2879 4736 3128 4799 adhazsit,
3164 4745 3219 4789 ut
3259 4735 3530 4790 Germano
3565 4737 3798 4803 patriar-

2211 4826 2326 4879 cha:
2370 4842 2586 4881 neceSse
2607 4841 2752 4882 esset
2787 4828 2981 4881 librum
3035 4829 3302 4897 integrum
3337 4827 3701 4886 conscribere,
3738 4842 3796 4882 ιιι

2213 4915 2386 4982 ipsum
2423 4932 2486 4969 ea
2523 4916 2587 4970 de
2651 4933 2709 4970 re
2767 4926 3092 4978 excusaret;
3132 4918 3273 4984 quod
3322 4915 3504 4967 videre
3545 4923 3630 4967 est
3677 4923 3791 4967 tum

2210 5007 2361 5070 alibi,
2391 5017 2500 5059 tum
2535 5007 2584 5060 in
2613 5006 2785 5061 Photii
2814 5006 3158 5076 Myriobiblo.
3188 5009 3256 5060 At
3285 5021 3410 5058 vero
3436 5004 3480 5056 si
3514 5004 3636 5057 libri
3669 5014 3794 5059 octo

2211 5097 2285 5149 De
2323 5099 2654 5169 philosophia
2701 5113 2805 5151 nou
2853 5111 2978 5150 sunt
3011 5099 3278 5166 Gregorii,
3325 5099 3465 5151 hanc
3500 5099 3697 5150 saltem
3724 5097 3792 5150 ob

2205 5203 2444 5249 causam,
2474 5189 2614 5256 quod
2644 5189 2799 5244 docet
2827 5189 3064 5242 animam
3101 5205 3204 5242 non
3243 5188 3417 5242 creari
3453 5188 3505 5240 in
3538 5202 3791 5257 corpore,

601 5335 676 5460 pi)
711 5333 989 5414 Fabricius
1034 5334 1086 5387 in
1137 5332 1458 5414 Bibliotheca
1507 5331 1602 5388 Gr.
1649 5337 1757 5391 vol.
1811 5337 1920 5403 VII,
1971 5356 2089 5409 pag.
2129 5345 2172 5401 D
2207 5353 2362 5392 catur
2400 5343 2666 5411 expiscari
2717 5359 2820 5395 non
2865 5344 3036 5411 potui,
3083 5343 3181 5397 etsi
3228 5341 3378 5411 plura
3411 5341 3539 5394 Elia:
3567 5343 3789 5406 scripta,

530 5409 597 5460 iiii
639 5448 653 5460 .
706 5405 1022 5460 :tt'bllt'atttr.
1070 5407 1212 5457 Ittlnt:
1245 5406 1407 5460 fuisse
1441 5403 1698 5458 Joannem
1744 5407 1970 5460 Fellum.
2002 5413 2093 5460 nui
2205 5427 2326 5460 unm
2359 5413 2407 5460 in
2437 5413 2713 5460 (tollit-ibus
2745 5413 3154 5460 Mosuntmsihns
3184 5415 3550 5460 reneriuntur-
3587 5423 3788 5460 lraela-

529 5429 597 5462 ἱιὲ)

639 5403 665 5471 ,⁷
706 5405 1022 5466 arbitratur,
1070 5407 1212 5479 hunc
1245 5403 1698 5479 l'ttisseAJoannent
1744 5403 2093 5479 Fellum,'qui

531 5485 1063 5546 pesteaicreatuspst
1091 5476 1373 5542 episcopus
1393 5474 1736 5546 Osoniensis.

603 5551 674 5617 (ιι)
713 5545 918 5620 Julia-ni
967 5543 1199 5620 Pomerii
1242 5548 1406 5620 libros
1441 5545 1628 5620 habet)
1653 5547 1728 5620 _iu
1774 5546 2098 5603 Bibliotheca

533 5615 776 5670 Patrum.
821 5615 1091 5669 Meletium
1146 5615 1663 5685 beneficiorllangeri
1711 5620 1892 5685 accepi
1925 5634 1986 5671 ex
2018 5622 2100 5674 bi-

531 5689 798 5743 bliotheca
861 5685 1352 5756 Guelpberbytana.
1412 5683 1490 5738 Ex
1552 5683 1744 5741 neutro
1803 5683 2096 5757 quidquam

534 5758 755 5816 proieci.
789 5758 860 5811 De
887 5773 996 5827 quo
1021 5767 1198 5813 autem
1240 5759 1378 5811 libro
1422 5757 1548 5810 Elia:
1574 5758 1850 5813 Cretensis
1885 5762 1972 5814 hic
2011 5762 2095 5814 tli-

2205 5427 2326 5491 quae
2359 5413 2407 5464 in
2437 5413 2713 5467 codicibus
2745 5413 3154 5483 Mesquensibus
3184 5415 3550 5481 reperiuntur,
3587 5423 3788 5466 tracta-

2211 5497 2399 5536 \Cl'llll.

2281 5554 2350 5621 (ι’)
2395 5553 2637 5607 I'Iretrius
2690 5570 2883 5608 nomen
2935 5564 3016 5608 est
3070 5553 3288 5623 gentile,
3352 5569 3458 5605 non
3515 5553 3789 5621 proprium

2210 5623 2332 5674 viri.
2386 5623 2521 5676 I’uto
2559 5641 2689 5690 ergo
2718 5626 3102 5692 corrigendum
3141 5638 3264 5677 esse
3299 5641 3312 5676 :
3347 5623 3590 5676 Meletius
3629 5635 3787 5675 iatro-

2211 5695 2478 5758 sophista,
2521 5697 2610 5760 qui
2647 5697 2840 5748 Iib'rnm
2878 5698 2950 5746 De
2980 5694 3186 5748 homine
3217 5695 3454 5762 Scripsit.
3483 5693 3602 5747 Vid.
3629 5692 3788 5746 Fabr.

2211 5762 2348 5815 Bibl.
2383 5765 2475 5818 Gr.
2513 5766 2617 5818 νυΙ.
2657 5765 2784 5826 VIII.
2822 5781 2872 5824 ι).
2903 5764 3026 5818 405.
