4076 6144
321 382 425 438 497

1673 389 2208 448 PROLEGOMENA.

3474 396 3580 450 498

319 499 506 554 mirari
541 501 684 556 satis
708 516 816 555 non
864 515 1111 571 possunt,
1157 504 1285 572 quid
1327 506 1380 557 in
1425 512 1659 561 mentem
1695 510 1902 564 venerit
1926 513 1976 569 Α
2010 508 2218 561 ninrmn
2248 505 2643 559 feracissimum
2670 504 2798 557 illud
2823 503 3075 558 smcnlum
3106 503 3265 572 sapit.
3287 505 3373 559 ubi
3399 507 3580 560 ethni-

319 591 539 659 nuperis
584 592 837 648 omnibus
880 589 1112 664 Nysseni
1155 596 1474 662 editoribus,
1523 607 1581 652 ut
1633 599 1898 671 integrant

320 684 624 738 secundum
646 696 831 755 caput,
867 688 1008 755 quod
1036 688 1217 756 aperis
1245 688 1481 745 Nemesii
1504 708 1606 746 non
1654 703 1900 749 contem-

320 775 553 829 nendam
583 786 789 844 partem
813 777 995 842 cilicit,
1022 788 1076 832 et
1096 779 1244 833 illum
1274 781 1464 847 ipsum
1488 783 1554 836 de
1592 785 1898 839 animarum

320 867 751 941 praeexsistentia
783 882 1023 922 errorem
1062 870 1114 923 in
1158 884 1217 924 se
1257 871 1438 938 habet,
1493 884 1776 943 postquam
1820 885 1901 929 to-

322 968 437 1011 tum
457 973 593 1027 opus
614 957 878 1030 Gregorio
894 960 1194 1032 justissimo
1208 963 1412 1034 judicio
1431 966 1631 1019 dudum
1655 977 1901 1035 ereptmn

325 1049 598 1106 Emeseno
636 1061 824 1107 nostro
868 1053 1142 1108 addictum
1184 1053 1395 1121 fuisset,
1441 1058 1738 1114 etiamnum
1778 1070 1902 1114 tan-

321 1152 485 1206 quam
526 1136 771 1209 Gregorii
823 1141 1112 1210 genuinum
1172 1141 1340 1199 fetum
1396 1146 1538 1200 inter
1573 1163 1737 1217 opera
1788 1150 1905 1218 ejus

320 1229 662 1296 evulgarent.
720 1230 858 1298 Quin
910 1241 965 1288 et
1026 1234 1230 1304 pariter
1283 1235 1469 1291 mirari
1525 1240 1689 1299 subit,
1737 1256 1906 1309 quare

326 1331 619 1375 tractatum
659 1324 977 1392 praedictum
1005 1336 1169 1397 caput
1194 1329 1563 1385 continentem
1605 1348 1633 1386 a
1664 1332 1907 1403 Burgun-

324 1411 485 1465 dione
536 1410 727 1467 Latine
767 1413 997 1480 editum,
1046 1431 1146 1473 nec
1191 1433 1297 1473 non
1332 1419 1595 1486 Cononis,
1633 1422 1902 1493 Rhenani,

330 1501 515 1566 Vallw,
547 1502 807 1559 Ellebodii
834 1508 983 1562 curis
1005 1509 1401 1578 elucubratum,
1435 1514 1613 1570 denuo
1656 1515 1908 1572 Frederi-

324 1608 425 1649 cus
454 1594 708 1669 Morellus
747 1598 1218 1669 interpretaretur,
1265 1604 1407 1659 nulla
1445 1605 1644 1663 laboris
1690 1619 1798 1664 tam
1826 1626 1910 1666 su-

323 1688 578 1756 pervacui
612 1668 821 1745 ratione
848 1668 1077 1747 reddita.

398 1776 455 1832 In
494 1778 731 1834 editione
784 1780 1065 1849 Ellebodii,
1114 1792 1172 1838 ut
1228 1793 1283 1841 et.
1346 1786 1543 1859 Digna-i
1613 1793 1814 1859 etiam,
1853 1794 1905 1849 in

2003 600 2205 652 cismns
2238 596 2349 663 jam
2380 595 2751 664 exspiraturus
2774 595 2990 649 ultimas
3018 609 3143 648 suos
3176 603 3404 650 conatus
3431 596 3580 650 vide-

2008 696 2094 741 tur
2123 687 2379 752 edidisse,
2416 695 2475 739 et
2514 687 2612 741 sub
2654 684 2940 749 Hieroclis,
2974 685 3193 749 Plotini,
3235 686 3565 750 Jamblichii,

2007 778 2287 850 Porphyrii
2313 787 2367 831 et
2398 776 2748 846 reliquorum,
2780 776 2869 845 qui
2906 776 2973 829 ab
3005 776 3244 844 Eunapio
3271 761 3578 831 memoran-

2011 879 2119 930 tur.
2163 869 2447 938 praesidiis,
2511 867 2902 939 philosophiam
2952 868 3366 924 Chri'stianismo
3420 885 3583 939 oppo-

2009 965 2140 1024 suit,
2171 974 2228 1016 ut
2260 978 2324 1017 ex
2352 963 2518 1017 altera
2560 970 2711 1030 parte
2740 962 2925 1015 eadem
2971 970 3287 1029 tempestate
3319 963 3576 1031 auspiciis

2010 1069 2119 1107 non
2182 1052 2503 1118 minoribus,
2550 1052 2619 1105 ab
2675 1051 2989 1113 Athanasio,
3045 1050 3264 1115 Basilio,
3311 1051 3580 1119 Ephremo

2009 1147 2167 1217 Syro,
2209 1144 2472 1215 Nysscno,
2519 1141 2880 1203 Nazianzeno,
2925 1140 3224 1212 Epiphanio
3253 1144 3390 1196 idem
3426 1143 3587 1205 Chri:

2009 1238 2322 1292 stianisnms
2375 1235 2726 1306 philosophiae
2780 1235 2941 1288 etiam
2974 1234 3237 1304 Suppetiis
3267 1234 3581 1286 defemieha-

2009 1340 2115 1383 tur.
2161 1326 2269 1382 Sed
2327 1328 2380 1380 in
2428 1343 2485 1380 re
2521 1337 2624 1379 tam
2660 1325 2864 1379 lubrica
2902 1326 3034 1380 certi
3068 1326 3269 1394 aliquid
3318 1333 3579 1387 statuere,

2011 1420 2198 1475 nimiae
2228 1429 2375 1474 esset
2404 1418 2681 1482 audacize;
2714 1418 3015 1486 pra-sertim
3048 1418 3263 1488 quando
3293 1418 3421 1471 nihil
3454 1433 3582 1488 pro-

2009 1513 2178 1576 hibet,
2227 1512 2408 1581 plures
2442 1511 2606 1564 fuisse
2640 1506 2942 1573 Nemesios,
2988 1523 3190 1579 eosque
3232 1509 3583 1581 philosolihns

2008 1615 2062 1658 et
2092 1604 2430 1659 Christianos
2478 1603 2621 1657 circa
2663 1601 2987 1656 Nazianzeui
3040 1613 3298 1671 tempora.
3333 1603 3491 1657 Certe
3527 1602 3579 1655 in

2009 1695 2198 1751 lsidori
2244 1696 2531 1750 Pelusioue
2574 1696 2791 1765 scriptis
2831 1693 3068 1750 Nemesii
3111 1696 3271 1749 etiam
3300 1694 3578 1765 cujusdam

2014 1788 2342 1842 mentionem
2376 1802 2686 1848 occurrere.
2718 1795 2772 1840 et
2820 1786 3059 1855 quinque
3089 1786 3346 1854 epistolas
3379 1786 3580 1838 nomini

327 1864 580 1920 Biblioth.
619 1865 775 1922 Patr.
807 1870 912 1924 vol.
950 1870 1063 1937 XII,
1098 1874 1184 1928 hic
1224 1876 1406 1930 no'ster
1440 1878 1727 1938 Nemesius
1760 1882 1900 1940 Gre-
1939 1865 1985 1923 Β
2016 1877 2104 1931 isti
2157 1877 2360 1933 dicatas
2412 1877 2655 1945 reperiri,
2688 1878 2822 1932 satis
2868 1884 3115 1940 constat;
3150 1875 3266 1929 scil.
3302 1875 3580 1945 Νεμεσίῳ,

325 1957 467 2024 gorii
493 1956 815 2015 Nazianzeni
844 1962 1129 2021 fatniliaris
1148 1977 1202 2020 et
1234 1967 1583 2038 Cappadocia:
1616 1975 1903 2042 praefectus

328 2047 501 2103 fuisse
554 2050 786 2115 dicitur;
849 2052 899 2106 in
953 2053 1106 2125 cujus
1165 2061 1449 2116 sententiae
1504 2064 1903 2123 iirmamentmn

324 2140 557 2209 epistola
596 2141 669 2197 79
701 2157 732 2196 a
763 2140 1103 2202 Nazianzeno
1170 2150 1237 2205 ad
1292 2154 1537 2207 eumdem
1591 2157 1790 2227 scripta
1848 2159 1903 2215 in

328 2232 567 2287 medium
604 2234 942 2303 producitur.
973 2237 1293 2296 Debuissent
1338 2245 1554 2314 quidem
1584 2249 1698 2319 pari
1731 2252 1906 2306 omni-

330 2335 402 2375 no
424 2322 552 2391 jure
585 2332 698 2378 tres
728 2323 847 2379 alite
874 2328 1138 2397 epistolae,
1169 2332 1428 2387 nimirum
1475 2334 1597 2401 185,
1626 2337 1749 2404 184,
1782 2341 1903 2409 185,

328 2426 432 2468 nec
476 2428 583 2468 non
640 2425 696 2469 et
747 2430 967 2473 carmen
1009 2421 1141 2476 satis
1179 2422 1470 2491 prolixum,
1532 2431 1599 2482 ad
1655 2433 1903 2487 eumdem

332 2504 563 2572 scripta,
608 2505 666 2559 iu
715 2506 1079 2564 testimonium
1131 2512 1314 2566 citari.
1362 2514 1549 2571 Billius
1575 2520 1816 2592 quidem,
1850 2534 1909 2578 ut

334 2604 391 2686 et.
412 2593 500 2648 alii
522 2596 782 2663 nonnulli,
814 2600 1036 2656 minime
1074 2605 1365 2658 verisimile
1390 2618 1602 2675 putant,
1628 2610 1908 2686 Cappado-

336 2685 438 2740 ciae
470 2687 800 2759 praefectum,
834 2693 1110 2749 hominem
1158 2696 1341 2752 saeculi
1374 2701 1520 2754 cutis
1546 2685 1819 2760 addictum
1854 2715 1911 2760 et

333 2793 368 2830 a
399 2775 704 2837 Christiana
736 2783 941 2851 pietate
978 2784 1235 2855 alienum,
1281 2801 1375 2844 aut
1420 2792 1731 2864 episcopum
1769 2796 1910 2863 ﬂeri,

331 2879 432 2923 aut
477 2869 674 2927 librum
720 2873 1051 2944 istiusmodi,
1087 2878 1263 2947 qualis
1315 2880 1405 2936 hie
1460 2895 1645 2940 noster
1675 2897 1777 2954 est,
1819 2892 1909 2962 qui

331 2976 448 3032 pra:
477 2965 733 3021 manibus
768 2966 1017 3033 habetur,
1059 2971 1558 3040 scripsissesouod
1609 2986 1791 3033 autem
1845 2983 1913 3036 ad

330 3052 713 3123 praefecturam
786 3059 1002 3125 attinet,
1051 3070 1106 3115 et
1154 3077 1349 3118 nomen
1413 3066 1627 3123 Christo
1675 3071 1911 3126 nondum

331 3146 544 3212 datum,
575 3147 736 3205 facile
761 3152 866 3206 erit
897 3167 1192 3222 reponere:
1236 3171 1350 3211 rem
1377 3172 1498 3213 eam
1531 3174 1640 3215 non
1662 3164 1798 3217 adeo
1827 3164 1914 3217 in-

331 3237 652 3294 credibilem
681 3241 849 3297 videri
890 3220 1076 3314 iis—qui
1099 3249 1369 3315 noverint,
1400 3250 1590 3318 quales
1622 3266 1687 3306 eo
1713 3255 1828 3323 ipso
1859 3254 1915 3309 in
1943 3220 1990 3281 Ο

333 3332 536 3387 seculo
572 3333 787 3391 fuerunt
826 3338 1167 3406 Ambrosius,
1205 3340 1484 3398 Nectarius
1532 3353 1585 3398 et
1631 3343 1915 3416 Synesius,

334 3425 553 3479 cumad
592 3428 753 3483 sedes
793 3443 920 3485 suas
954 3443 1424 3500 promoverentur.
1472 3433 1583 3490 Nec
1626 3446 1773 3493 certe
1814 3437 1919 3493 Ne-

339 3515 547 3570 mesius
574 3526 760 3572 noster
790 3521 964 3576 sacris
995 3520 1181 3576 infulis
1212 3523 1464 3592 indiguus
1491 3537 1715 3593 prorsus
1750 3524 1918 3579 habe-

337 3606 509 3676 bitur,
536 3609 628 3677 qui
659 3624 689 3663 a
722 3610 994 3682 Theologo
1025 3612 1292 3685 Gregorio
1340 3612 1710 3684 philosophiae,
1736 3616 1919 3685 probi—

336 3700 503 3765 batis,
527 3700 773 3769 iustitia,
801 3704 1059 3759 amicitiae
1087 3707 1301 3761 demum
1345 3710 1585 3776 nomine,
1621 3724 1726 3765 non
1761 3712 1921 3766 modo

337 3793 574 3858 laudari,
611 3796 705 3849 sed
738 3811 860 3850 cum
888 3798 1237 3854 veneratione
1259 3800 1490 3867 quadam
1527 3803 1728 3872 suspici
1761 3813 1922 3873 atque

337 3888 445 3941 coli
482 3893 786 3952 meruerat;
821 3906 983 3958 quem
1020 3893 1184 3946 etiam
1228 3902 1502 3964 utcunque
1544 3896 1670 3951 olim
1709 3898 1921 3952 charis-

338 3978 564 4045 simam,
595 3979 765 4047 magis
797 3981 1093 4036 etiamnum
1130 3984 1356 4039 charum
1399 3984 1664 4052 futurum,
1694 3986 1923 4057 ejusque

338 4070 529 4126 animo
583 4073 797 4142 penitus
851 4087 949 4129 ceu
996 4075 1247 4129 columna
1312 4092 1453 4132 terea
1513 4077 1920 4133 inscribendum

338 4165 594 4233 spondet,
626 4165 814 4237 ἐπειδὴ
842 4165 910 4221 ἂν
938 4167 1071 4239 γένῃ
1105 4167 1240 4222 Θεοῦ
1274 4169 1366 4222 καὶ
1403 4168 1589 4242 σαφῶς
1622 4168 1886 4242 ἡμέτερος
1907 4185 1921 4201 ο

340 4260 464 4316 scil.
512 4259 701 4326 pietati
751 4261 1077 4316 Chrisuanaa
1109 4277 1167 4316 se
1209 4272 1378 4318 totum
1417 4265 1733 4330 tradiderit;
1782 4264 1924 4333 quod

343 4354 398 4408 in
460 4354 798 4409 carminibus
859 4356 1038 4410 denuo
1094 4356 1443 4419 vaticinatur,
1499 4365 1555 4411 et
1598 4372 1697 4412 ceu
1730 4358 1926 4412 entheo

340 4442 581 4512 quodam
609 4442 790 4499 furore
816 4446 1072 4514 percitus,
1101 4461 1289 4515 poema
1322 4461 1477 4500 suum
1510 4445 1709 4502 claudit
1741 4464 1757 4502 :

988 4582 1290 4655 Nsuéuato;
1313 4582 1680 4655 ὀὸριμόθυμος

344 4649 752 4723 Κᾳππαδᾷκῃσξ
775 4651 1033 4723 τάλαντα
1051 4649 1207 4723 δίκης
1232 4649 1694 4718 ἰθεῖα’τὰνύσάας,

456 4720 926 4794 χρψσὺνδολόενῖα
954 4722 1048 4775 καὶ
1086 4720 1343 4794 ἄργυρον,
1377 4723 1495 4794 νζύδὲ
1527 4724 1624 4794 μὲν
1662 4724 1859 4788 ἵππους

347 4789 674 4865 egissem.
715 4791 1059 4865 πιτςξρεξεντειις2
1094 4789 1335 4865 ἆοίδιρον
1360 4789 1787 4865 εὖχοςέχογτας,

351 4862 699 4934 ξῼχεΐᾰγων
727 4861 982 4934 ’πλοῦτος
999 4862 1109 4934 γὰρ
1135 4861 1433 4934 ἀνᾳῦτατοέ
1445 4861 1458 4894 δ
1492 4861 1612 4919 ἀν’ἑὶ
1630 4863 1687 4916 δὲ
1714 4865 1929 4919 πάντων

346 4931 650 5004 Μάργαρον
688 4931 984 5003 αἰγλήεντα
1010 4931 1183 5004 μέγαν
1211 4932 1438 5008 ληῖσατο
1460 4935 1715 5008 Χριστόν.

420 5066 518 5122 llis
566 5068 766 5123 addere
825 5068 1030 5135 licebit,
1084 5069 1315 5140 plurima
1362 5085 1485 5126 esse
1513 5070 1712 5126 indicia
1758 5086 1929 5139 eaque

349 5176 456 5214 non
505 5161 925 5229 contemnenda,
967 5177 1087 5231 qua:
1120 5163 1444 5233 scriptorem
1497 5165 1642 5218 hunc
1696 5162 1928 5218 Naziaue

349 5251 467 5305 zeni
498 5250 699 5305 sacculo
734 5250 1043 5307 addixerint
1069 5268 1083 5305 :
1118 5252 1373 5309 nimirum
1400 5254 1577 5324 primo
1602 5255 1655 5309 in
1687 5240 1926 5311 loco'to-

351 5352 434 5397 tus
485 5344 600 5398 fere
642 5352 728 5398 est
781 5343 835 5397 in
867 5346 1280 5413 controversiis,
1314 5362 1436 5418 qua:
1488 5361 1554 5402 ea
1609 5356 1927 5417 tempestate

348 5434 402 5488 in
458 5433 701 5489 Ecclesia
753 5434 1143 5503 versabantur,
1192 5433 1619 5506 Origenistarum
1666 5435 1930 5507 intelligo,

348 5526 811 5598 Apollinariornm
853 5538 909 5584 et
942 5529 1403 5585 Eunomianorum
1438 5528 1733 5585 haeresibus
1773 5528 1932 5584 refel-

348 5619 547 5675 tendis.
571 5619 823 5677 Secundo
848 5632 1104 5678 auctores
1128 5622 1303 5679 solum
1327 5625 1481 5687 citat,
1522 5623 1613 5692 qui
1647 5632 1775 5677 ante
1803 5638 1937 5692 qua-

351 5708 840 5779 dringentesimum
890 5726 1094 5765 annum
1123 5726 1153 5766 a
1190 5710 1413 5768 Christo
1462 5712 1787 5766 inclaruere.
1845 5712 1937 5766 Dc-

351 5817 502 5857 mum
537 5801 729 5867 scripti
765 5802 931 5869 ipsius
966 5806 1247 5860 charattcr
1277 5806 1731 5860 nobilissimorum
1784 5805 1934 5874 inge-

2011 1968 2102 2022 lib.
2134 1984 2197 2031 lt,
2233 1968 2397 2037 epist.
2427 1968 2550 2033 1M,
2590 1968 2681 2023 lib.
2714 1983 2786 2032 tv,
2822 1968 2980 2037 epist.
3008 1967 3098 2027 35,
3124 1975 3177 2019 et
3213 1966 3306 2020 lib.
3335 1981 3387 2030 v,
3423 1965 3580 2034 epist.

2009 2061 2098 2125 56‘;
2132 2059 2386 2130 Νεμεσίῳ
2416 2059 2716 2131 Πραίτωρι,
2750 2059 2843 2113 lib.
2876 2073 2916 2121 ι,
2958 2058 3117 2128 epist.
3165 2056 3258 2122 44,
3289 2067 3342 2113 et
3370 2056 3583 2111 demum

2010 2151 2265 2223 Νεμεσίῳ
2286 2150 2642 2222 Μαστριανῷ,
2677 2149 2768 2203 lib.
2801 2165 2872 2211 tv,
2899 2150 3059 2216 epist.
3085 2148 3173 2203 8|.
3207 2148 3335 2219 Qua:
3367 2148 3584 2218 quidem

2013 2255 2189 2299 utrum
2222 2257 2386 2295 unum
2418 2242 2675 2310 aliquem,
2703 2257 2769 2294 an
2797 2241 3045 2296 diversos
3077 2240 3382 2310 designent,
3413 2255 3480 2293 an
3515 2240 3581 2292 ad

2013 2344 2290 2388 auctorem
2329 2342 2572 2387 nostrum
2618 2333 2886 2389 ullatenus
2935 2341 3198 2403 spectent,
3252 2332 3480 2386 aliormn
3516 2332 3588 2385 sit

2011 2427 2293 2495 judicium.
2356 2428 2483 2481 Mihi
2541 2427 2780 2496 quidem,
2825 2436 2923 2490 ut,
2961 2442 3078 2495 quae
3128 2426 3381 2490 sentiam,
3418 2425 3589 2479 libere

2021 2521 2266 2589 eloquar,
2305 2519 2752 2573 verisimillimmn
2778 2534 3000 2587 prorsus
3029 2519 3262 2579 videtur.
3282 2516 3587 2572 Nerinesimn

2017 2613 2159 2666 hunc
2186 2621 2429 2665 nostrum
2465 2610 2667 2664 vixisse
2708 2609 2924 2664 demum
2955 2619 3239 2681 appetente
3264 2619 3457 2677 quarto
3488 2625 3590 2664 sa:-

2017 2702 2160 2767 culo,
2185 2702 2304 2757 scil.
2348 2712 2474 2756 ante
2501 2712 2592 2756 aut
2623 2701 2877 2765 Nestorii,
2913 2712 3007 2756 aut
3039 2701 3351 2777 Eutychetis
3379 2710 3587 2772 tempo-

2020 2807 2110 2859 ra,
2141 2793 2241 2847 boc
2268 2801 2369 2857 est,
2402 2800 2691 2862 antequam
2725 2790 2925 2844 Paulus
2960 2791 3137 2844 Emesi
3177 2790 3431 2854 sedisset,
3464 2804 3588 2843 eum

2019 2885 2283 2955 intelligo,
2314 2885 2404 2954 qui
2451 2885 2711 2939 adversus
2753 2884 3059 2938 Nestorium
3089 2898 3146 2937 re
3172 2892 3391 2937 strenue
3438 2889 3590 2948 gesta

2017 2977 2335 3032 eonomine
2396 2990 2425 3027 a
2480 2974 2683 3045 C'yrillo
2732 2973 3099 3027 Alexandrino
3167 2972 3593 3026 cunntlatissime

2020 3067 2227 3122 laudari
2268 3066 2486 3129 meruit,
2514 3076 2567 3119 et
2599 3065 2666 3119 ab
2710 3064 2986 3119 historicis
3044 3062 3433 3119 ecclesiasucis
3465 3077 3593 3131 pas-

2020 3160 2124 3215 sim
2155 3157 2440 3213 celebrari.
2481 3154 2647 3222 llujus
2688 3158 2763 3211 rei
2807 3156 3060 3211 indicimn
3104 3168 3207 3207 non
3245 3154 3360 3207 lere
3389 3163 3590 3218 statuo,

2023 3251 2317 3319 quodcum
2342 3261 2461 3315 cap.
2490 3247 2545 3312 5,
2590 3246 2727 3314 Περὶ
2756 3245 3023 3310 ἐνώσεως
3038 3243 3243 3313 ψυχῆς
3272 3243 3369 3297 καὶ
3392 3241 3594 3312 σώμα-

2019 3359 2123 3407 τος
2157 3337 2316 3395 verba
2357 3338 2587 3402 facturo,
2628 3337 2695 3391 de
2742 3337 3084 3408 bypostatica
3131 3336 3331 3389 unione
3379 3335 3595 3390 deitatis

2021 3446 2143 3487 cum
2174 3427 2512 3483 humanitate
2543 3427 2595 3480 in
2631 3441 2858 3496 persona
2908 3425 3213 3481 Servat-tris
3243 3424 3413 3479 nostri
3445 3441 3598 3479 men-

2022 3522 2098 3577 tio
2144 3520 2445 3584 iucidisset,
2492 3529 2680 3572 contra
2741 3517 3066 3572 Eunomium
3121 3529 3306 3586 aperte
3360 3517 3598 3585 disputat

2023 3612 2117 3668 his
2152 3612 2378 3667 verbis:
2419 3608 2693 3681 Καθαρῶς
2734 3608 3022 3680 ἀσώματος
3066 3609 3227 3678 φύσις
3284 3610 3453 3680 χωρεῖ
3500 3608 3598 3678 μὲν

2022 3701 2316 3767 ἀκωλύτως
2349 3701 2437 3756 διὰ
2483 3702 2719 3767 πάντων,
2749 3700 2814 3754 δι’
2836 3701 3009 3771 αὐτῆς
3048 3700 3105 3753 δὲ
3151 3701 3323 3765 οὐδὲν,
3356 3700 3494 3759 ὥστε
3522 3698 3600 3769 τῷ

2027 3797 2123 3867 μὲν
2154 3798 2349 3867 χωρεῖν
2374 3795 2462 3848 διὰ
2492 3796 2708 3850 πάντων
2730 3792 2990 3865 ἡνῶσθαι,
3019 3791 3096 3863 τῷ
3123 3792 3177 3846 δὲ
3209 3793 3373 3864 μηδὲν
3405 3793 3472 3851 δι’
3504 3794 3599 3847 αὖ·

2024 3886 2144 3957 τῆς,
2182 3885 2363 3957 μένειν
2402 3886 2632 3956 ἄμικτον
2686 3886 2780 3939 καὶ
2821 3885 3155 3956 ἀσύγχυτον·
3190 3900 3310 3952 qua:
3360 3885 3599 3950 quidem,

2025 3983 2067 4036 si
2097 3994 2157 4035 ea
2207 3985 2529 4047 tempestate
2582 3975 2865 4030 Nestorius
2909 3986 3001 4028 aut
3039 3974 3309 4049 Eutychos
3349 3975 3603 4046 dogmata

2023 4084 2119 4125 sua
2149 4068 2510 4137 evulgassent,
2548 4065 2714 4120 multo
2745 4065 3102 4135 opportunius
3155 4066 3417 4118 adversus
3452 4065 3600 4133 ipsos

2026 4159 2256 4214 fuissent
2310 4159 2604 4224 intentata;
2642 4155 2840 4224 quippe
2889 4153 2980 4223 qui
3031 4154 3242 4207 altioris
3284 4152 3442 4225 longe
3484 4154 3603 4206 sub-

2027 4251 2163 4308 sellii
2214 4248 2615 4310 hazresiarchte,
2643 4256 2697 4301 et
2750 4245 3073 4300 Eunomium
3114 4243 3301 4298 multis
3331 4258 3604 4313 parasan-

2027 4343 2108 4412 gis
2154 4341 2481 4411 antegressi,
2533 4349 2701 4394 totum
2732 4337 2847 4393 fere
2892 4337 3262 4392 Christianum
3295 4337 3505 4401 orbem,
3540 4349 3604 4390 o-

2037 4436 2268 4489 rientem
2302 4431 2624 4500 praesertim,
2660 4430 2966 4484 turbavere.
3009 4429 3075 4483 Et
3105 4428 3320 4498 quidem
3363 4426 3606 4496 pauculis

2037 4526 2174 4591 istis,
2218 4539 2338 4595 qua:
2366 4522 2605 4589 laudavi,
2638 4522 2836 4586 verbis,
2873 4519 3155 4589 utriusque
3202 4518 3359 4572 istius
3387 4518 3607 4572 nefaria!

2040 4619 2312 4671 haereseos
2364 4614 2610 4685 jugulum
2665 4613 2839 4684 ipsum
2896 4610 3184 4666 manifeste
3219 4610 3439 4681 petitur.
3474 4610 3608 4665 Cum

2038 4707 2181 4762 enim
2213 4705 2446 4762 Nestorii
2479 4720 2743 4759 venenum
2782 4703 2834 4757 in
2865 4704 2967 4757 hoc
2991 4702 3114 4772 poni
3143 4702 3418 4757 asserebat
3444 4701 3608 4770 Ephe-

2038 4798 2157 4853 siua
2196 4801 2456 4869 synodus,
2516 4797 2659 4867 quod
2720 4807 2968 4850 naturam
3044 4796 3338 4849 humanam
3418 4795 3610 4847 divinae

2037 4889 2302 4960 ὲνωοῆναι
2348 4887 2490 4942 κατὰ
2553 4888 2736 4959 σχέσιν
2775 4888 2991 4950 dixerit,
3025 4888 3102 4940 ait
3139 4886 3440 4950 Nemesius,
3482 4885 3610 4941 re:.li

2037 4981 2331 5049 intimoque
2363 4997 2501 5036 nexu
2524 4981 2793 5052 conjungi,
2813 4978 2890 5050 τῷ
2922 4978 3021 5050 μὲν
3046 4980 3244 5050 χωρεῖν
3273 4974 3369 5032 διὰ
3397 4977 3613 5031 πάντων

2035 5071 2295 5143 ἡνῶσθαι.
2343 5071 2599 5138 Quinimo
2643 5072 2857 5141 Quando
2888 5085 2918 5125 e
2956 5081 3146 5125 contra
3185 5069 3452 5140 Eutycltes
3508 5067 3614 5121 Do-

2037 5163 2168 5219 mini
2199 5164 2366 5218 nostri
2384 5172 2624 5218 naturas
2650 5162 2872 5217 omnino
2898 5160 3287 5226 confunderet,
3323 5159 3614 5229 ipsissimis

2040 5253 2279 5311 Nemesii
2329 5255 2507 5310 verbis
2560 5255 2802 5325 synodus
2854 5250 3314 5308 Chalcedonensis
3343 5250 3610 5312 decernit,

2037 5348 2180 5419 quod
2232 5349 2302 5403 sit
2349 5348 2581 5420 ἄμικτος
2612 5348 2706 5402 καὶ
2733 5345 3040 5417 ἀσύγχυτος
3060 5361 3080 5379 ·-
3112 5344 3254 5413 quod
3294 5344 3497 5412 pariter
3531 5343 3615 5395 di-

2040 5437 2270 5503 cendum
2300 5438 2364 5492 de
2393 5438 2597 5492 omissa
2637 5437 2852 5506 penitus
2879 5438 2935 5491 in
2984 5436 3140 5505 longa
3172 5435 3239 5489 de
3267 5433 3438 5488 libero
3471 5431 3617 5484 arbi-

2040 5529 2143 5584 trio
2163 5527 2526 5600 disputatione
2555 5527 2938 5599 Pelagianismi
2973 5527 3263 5581 mentimte.
3294 5525 3613 5590 Quanquam

2040 5619 2189 5673 enim
2256 5621 2308 5674 in
2333 5619 2623 5676 Occidente
2694 5619 3031 5689 potissimum
3081 5622 3322 5686 grassata
3383 5620 3465 5665 est
3527 5610 3613 5663 illa

2040 5709 2228 5778 pestis,
2271 5711 2502 5779 reliquas
2560 5720 2738 5763 tamen
2802 5708 2950 5762 orbis
2999 5702 3289 5761 Christiani
3366 5698 3615 5767 regiones

2044 5803 2229 5871 utique
2255 5802 2565 5865 atllaverat;
2605 5801 2869 5870 siquidem
2897 5813 3037 5852 anno
3066 5794 3269 5850 Christi
3300 5791 3427 5856 415,
3459 5806 3616 5861 syno-
