4062 6150
424 381 520 450 439
1435 380 1782 437 NEMESIUS
1821 380 2203 438 EPISCOPUS
2241 381 2512 438 EMESEN
2521 381 2627 438 US.
3581 385 3685 437 500

420 497 518 548 dus
543 492 594 547 in
641 491 840 562 Pelagii
868 499 923 546 et
957 491 1187 547 Czelestii
1234 507 1395 546 causa
1432 493 1668 564 Diospoli
1700 494 2000 550 Paltestina:
2033 505 2077 557 Α
2184 497 2338 564 Quod
2379 495 2444 550 ad
2479 492 2769 549 editionem
2805 494 2975 563 ipsam
3017 494 3245 560 attinet,
3290 494 3513 548 breviter
3560 512 3687 565 pro-

420 581 797 637 t-elebrabatur
861 599 874 635 :
929 572 1197 635 maturius
1259 583 1424 637 etiam
1486 585 1893 656 Hierosolymis,
1956 588 2000 641 si

421 674 611 728 Orosio
644 674 778 729 lides
843 673 894 728 in
953 673 1134 728 libello
1170 673 1248 729 De
1277 677 1488 730 arbitrii
1516 676 1759 732 libertate
1798 679 1870 733 ita
1927 688 2004 732 te-

420 764 606 819 stanti.

490 856 627 922 Quin
659 867 714 912 et
752 860 1031 913 mantissa:
1077 858 1195 914 loco
1229 858 1428 917 addere
1487 861 1691 926 licebit,
1736 863 2002 934 siquidem

422 948 544 1013 iit»!
575 958 828 1017 quartum
884 949 1140 1005 saeculum
1177 952 1575 1024 προῦπάρξεως
1623 954 1815 1024 dogma
1869 953 2006 1008 male

423 1039 475 1093 in
512 1037 757 1096 Ecclesia
784 1039 975 1097 audire
998 1041 1186 1113 ctepit,
1221 1051 1276 1096 et
1313 1045 1528 1098 tandem
1564 1042 1858 1099 Iustiniani
1889 1059 2004 1098 arvo

421 1147 450 1183 a
500 1133 708 1204 synodo
737 1132 1329 1203 Constantinopolitano
1377 1150 1601 1207 prorsus
1624 1135 2001 1201 damnabatur,

424 1225 539 1280 ﬁeri
572 1240 679 1279 non
717 1236 915 1294 p0test,
948 1235 1006 1281 ut
1036 1227 1108 1280 ita
1137 1241 1331 1283 secure
1362 1228 1427 1282 de
1469 1228 1557 1282 illo
1592 1229 2006 1299 philosophare-

391 1297 513 1369 ‘tur
541 1314 846 1382 Nemesius,
877 1319 923 1374 si
959 1318 1252 1389 quidquam
1277 1334 1339 1374 ea
1368 1333 1436 1374 ex
1470 1297 1646 1389 parte,
1679 1319 1766 1374 illa
1795 1297 2003 1392 tempe-

421 1418 583 1474 state,
607 1425 712 1480 qua
738 1411 783 1466 is
814 1411 1129 1480 scripserat,
1165 1412 1356 1467 fuisset
1392 1412 1700 1468 deﬁnitum.

495 1499 602 1554 Sed
650 1500 717 1555 de
756 1512 977 1556 anetore
1008 1512 1192 1556 nostro
1220 1502 1488 1558 hactenus
1517 1520 1534 1570 ;
1562 1504 1628 1559 de
1653 1504 1859 1574 scripto
1890 1505 2006 1573 ipso

423 1591 678 1645 nonnulla
705 1602 999 1662 supersunt
1029 1594 1280 1649 dicenda.
1313 1591 1382 1648 Et
1412 1595 1630 1663 quidem
1662 1596 1707 1650 si
1754 1595 2006 1651 lectionis

423 1684 682 1748 varietas,
719 1687 1010 1740 verborum
1046 1686 1306 1751 delectus,
1346 1686 1616 1741 rationum
1662 1691 1894 1757 pondus,
1918 1687 2007 1756 ju-

422 1775 544 1830 dicii
575 1786 754 1842 tenor,
806 1777 1045 1832 methodi
1100 1779 1258 1842 ordo,
1286 1780 1592 1848 disputandi
1634 1793 1885 1843 acumen,
1915 1793 2007 1831 ar-

425 1866 662 1934 gumenti
712 1866 931 1921 demum
980 1865 1238 1937 dignitas,
1269 1879 1323 1923 et
1355 1868 1520 1937 (quod
1566 1868 1634 1922 ad
1661 1862 1891 1938 gratiam
1918 1867 2002 1921 in-
2035 1851 2081 1906 Β

425 1957 652 2011 cumlazn
697 1972 804 2012 non
847 1957 982 2012 levis
1011 1965 1095 2013 est
1131 1960 1413 2030 momenti)
1449 1973 1662 2014 summa
1691 1972 1814 2013 cmn
1842 1958 2004 2014 rebus

425 2048 627 2103 nostris
678 2049 1046 2111 necessitudo,
1102 2060 1388 2106 tractatum
1425 2049 1661 2119 aliquem
1711 2048 2007 2105 lectoribus

425 2139 852 2196 suis.conciliare
878 2141 1111 2211 poterit;
1148 2145 1334 2214 utique
1360 2143 1447 2197 hic
1473 2142 1636 2197 fuerit
1667 2143 1822 2213 longe
1859 2156 2006 2197 com-

427 2231 883 2289 memlatissimus.

500 2326 730 2383 Unicum
785 2329 866 2383 vel
925 2329 1103 2384 adhuc
1156 2328 1350 2394 omisi,
1410 2329 1513 2383 hoc
1565 2339 1741 2382 tamen
1806 2325 2007 2382 sarculo

427 2418 652 2474 minime
678 2419 1114 2489 praetereundum
1146 2439 1159 2474 :
1196 2419 1245 2475 si
1274 2420 1327 2473 in
1360 2418 1700 2489 philosophia
1735 2417 2003 2489 naturali,

429 2510 694 2584 medicina
754 2523 809 2568 et
860 2521 1115 2568 anatome
1169 2496 1385 2567 inventa
1430 2526 1568 2567 nova
1652 2511 1719 2566 ad
1770 2511 2007 2580 palatum

429 2600 668 2666 faciant,
718 2615 819 2656 nec
855 2600 957 2656 bac
1007 2616 1073 2656 ex
1112 2610 1266 2671 parte
1304 2601 1674 2657 destituiumr.
1727 2600 2005 2656 Habemus

432 2689 522 2744 hic
573 2699 808 2759 praesto,
842 2698 897 2747 et
923 2691 1047 2759 jure
1079 2688 1277 2744 merito
1313 2703 1410 2757 pro
1440 2688 1638 2743 nostris
1672 2688 2008 2745 vindicamus

430 2796 495 2834 ea
522 2820 540 2843 ,
572 2791 796 2851 propter
830 2796 950 2852 qua:
984 2781 1218 2853 pridiani
1267 2780 1475 2849 aliquot
1525 2781 1580 2835 in
1632 2794 1690 2836 re
1743 2780 2009 2834 litteraria

432 2876 621 2928 heroes
661 2872 859 2928 cristas
891 2874 1147 2944 erigunt,
1197 2882 1253 2928 et
1293 2872 1652 2927 aiter-nitatem
1690 2868 2008 2926 nominibus

430 2961 543 3016 suis
593 2960 864 3031 spondent
904 2960 1312 3032 postulantque.
1340 2957 1698 3029 Doctissimus
1747 2955 1991 3026 Sylvius,

433 3068 485 3106 tn
515 3051 975 3123 disputationibus
1005 3053 1235 3107 medicis
1287 3066 1391 3105 non
1430 3050 1502 3104 ita
1546 3048 1754 3118 pridem
1805 3046 2002 3111 editis,

431 3161 554 3200 eum
590 3145 920 3202 adversariis
949 3145 1274 3216 quibusdam
1303 3143 1437 3199 satis
1463 3142 1666 3197 acriter
1694 3140 2008 3205 contendit,

434 3238 541 3292 utri
578 3254 642 3292 ex
677 3239 743 3292 iis
777 3208 1137 3309 hypotbeseos
1166 3236 1448 3306 cujusdam
1482 3234 1602 3289 laus
1635 3242 1690 3288 et
1721 3233 1913 3298 decus,
1947 3232 2013 3286 de
2041 3208 2084 3266 (ἶ

440 3345 538 3385 usu
570 3328 694 3385 bilis
722 3329 776 3383 in
808 3328 1133 3398 corporibus
1167 3326 1561 3393 animantium,
1605 3325 1889 3381 debeatur.
1943 3321 2014 3381 Ut

434 3438 535 3492 pax
585 3422 842 3492 deinceps
895 3422 1037 3477 inter
1094 3436 1195 3483 eos,
1243 3421 1494 3491 componi
1545 3421 1752 3490 possit,
1805 3419 2014 3483 sciant,

438 3515 592 3570 velim
613 3555 630 3583 ,
658 3530 773 3569 rem
810 3522 977 3569 totam
1010 3512 1080 3568 ab
1110 3522 1334 3571 auctore
1366 3522 1551 3568 nostro
1571 3552 1586 3578 ,
1620 3522 1746 3568 ante
1775 3512 1921 3566 mille
1966 3520 2025 3565 et

438 3616 738 3661 tercentum
775 3606 887 3663 lere
918 3620 1090 3660 annos
1110 3643 1131 3670 ,Α
1155 3619 1261 3658 non
1298 3605 1630 3675 propositam
1680 3604 1842 3659 modo
1871 3642 1886 3665 .
1921 3601 2017 3658 sed

434 3710 488 3753 et
515 3707 775 3753 accurate
799 3706 1107 3751 enarratam
1137 3739 1153 3761 ,
1182 3697 1359 3764 capite
1389 3696 1645 3751 nimirum
1673 3694 1774 3758 28.
1800 3709 1855 3765 p.
1891 3692 2017 3748 2‘25.

439 3790 496 3846 Si
533 3792 648 3845 haec
681 3795 862 3843 autem
895 3787 1100 3844 leviora
1131 3787 1434 3854 videantur,
1469 3787 1601 3856 quid
1630 3786 1844 3842 demum
1877 3785 2021 3839 dice-

441 3896 562 3936 ιιιηε
585 3919 600 3945 ,
638 3881 683 3935 si
732 3881 871 3936 ratio
916 3879 1288 3935 circulationis
1323 3879 1639 3949 sanguinis,
1680 3879 1731 3931 in
1766 3891 1876 3949 quo
1910 3891 2018 3929 uno

441 3976 659 4029 invento
690 3973 947 4028 smculum
980 3974 1083 4026 hoc
1113 3980 1395 4041 tantopere
1425 3986 1485 4027 se
1528 3969 1680 4025 eﬁert
1708 4011 1724 4036 ,
1773 3969 2023 4025 Nemesio

441 4066 641 4119 dudum
668 4062 739 4119 sit
758 4064 962 4135 agnita,
989 4063 1279 4132 verbisque
1306 4061 1439 4116 satis
1467 4059 1808 4132 signautibus
1835 4058 2022 4112 adum-

441 4154 642 4227 bruta?
672 4156 932 4211 Consulat
980 4156 1150 4210 lector
1178 4170 1297 4224 cap.
1332 4152 1403 4209 Ἡ
1425 4195 1442 4220 ,
1475 4169 1527 4223 p.
1558 4151 1696 4215 209,
1728 4161 1783 4206 et
1826 4148 2025 4220 dijudi‘

443 4258 556 4317 eet,
595 4264 724 4303 num
760 4258 964 4304 temere
995 4247 1112 4303 haec
1141 4248 1413 4303 dicantur.
1460 4248 1506 4302 A
1558 4244 1803 4317 pluribus
1837 4256 2026 4297 recen—

443 4344 626 4399 sendis
658 4344 1024 4413 supersedeo;
1058 4345 1163 4398 hoc
1194 4352 1401 4398 tantum
1435 4357 1579 4397 nunc
1605 4340 1851 4411 agimus,
1881 4339 2024 4407 quod

443 4435 677 4505 propolae
705 4436 943 4503 iaciunt,
979 4437 1071 4507 qui
1098 4437 1364 4492 Attalicas
1394 4444 1572 4492 vestes
1606 4445 1665 4489 et
1692 4431 1897 4491 Milesia
1929 4446 2025 4500 pe—

447 4527 755 4587 ristromata
789 4530 997 4584 venalia
1030 4539 1381 4598 proponunt:
1422 4527 1615 4596 tapetis
1649 4524 1878 4594 alicujus
1903 4537 2027 4578 oras

2111 589 2290 655 ﬁteor,
2339 602 2423 643 uie
2480 586 2530 641 id
2578 587 2789 655 egisse,
2845 596 2903 641 ut
2946 585 3147 643 librum
3191 588 3501 657 egregium,
3554 603 3688 657 pau-

2110 681 2194 735 cis
2256 678 2547 734 admodum
2594 677 2902 748 cognitum,
2954 687 3010 731 et
3046 683 3141 731 aut
3193 678 3301 732 situ
3343 678 3688 749 tenebrisque

2109 772 2385 838 obsitum,
2437 780 2533 825 aut
2579 771 2771 827 saltem
2824 770 2876 824 in
2941 768 3161 823 Patrum
3211 769 3534 825 Bibliotheca
3588 774 3689 828 sub

2110 872 2261 917 arcta
2318 861 2564 918 custodia
2623 862 2900 928 habitum,
2960 870 3016 915 et
3071 861 3322 916 servilem
3377 864 3431 917 in
3479 878 3687 919 morem

2109 965 2420 1011 catenatum
2442 997 2458 1021 ,
2494 955 2744 1011 libertate
2784 957 3041 1008 donarem
3070 994 3085 1018 ,
3125 965 3181 1009 et
3219 955 3683 1023 studiosaejuven-

2114 1048 2245 1103 tutis
2282 1046 2538 1102 familiari
2579 1046 2861 1102 convictui:
2899 1047 3334 1101 commendatum
3384 1049 3684 1103 redderem.

2114 1136 2371 1205 Quinimo
2398 1137 2644 1192 laxatum
2674 1151 2799 1191 eum
2821 1173 2838 1201 ,
2869 1136 3176 1207 saepiusque
3220 1137 3501 1205 mutilum,
3548 1141 3687 1194 duo-

2111 1245 2230 1284 rum
2280 1245 2412 1285 mss.
2441 1244 2544 1300 ope
2567 1268 2583 1294 ,
2619 1242 2720 1283 nec
2751 1242 2859 1282 non
2894 1240 3176 1283 auctorum
3205 1228 3520 1297 collatione,
3554 1248 3692 1301 quos

2113 1333 2206 1379 aut
2237 1322 2351 1391 ipse
2379 1322 2583 1391 passim
2613 1320 2828 1384 laudat,
2858 1330 2948 1374 aut
2976 1320 3067 1390 qui
3096 1322 3270 1391 ipsum
3297 1323 3653 1394 compilarant
3673 1366 3687 1389 ,

2112 1413 2344 1485 subinde
2374 1413 2719 1468 restituerem
2748 1428 2763 1477 ;
2814 1410 3085 1466 recensita
3119 1412 3446 1481 aliquando,
3482 1413 3567 1467 ubi
3604 1429 3692 1468 ros

2112 1505 2163 1558 id
2192 1504 2432 1559 maxime
2468 1502 2807 1574 postulabat,
2839 1513 2895 1557 et
2925 1517 3023 1572 per
3063 1503 3235 1558 otium
3267 1503 3454 1570 licuit,
3500 1504 3688 1560 Latina

2111 1598 2394 1663 versione,
2460 1594 2686 1663 adjectis
2736 1596 2900 1650 etiam
2947 1595 3271 1665 quibusdam
3322 1598 3690 1653 annotationi-

2112 1690 2218 1745 bus
2252 1704 2268 1755 ;
2301 1703 2425 1759 quae
2447 1688 2628 1742 ontnia
2679 1688 2868 1757 quanti
2908 1688 3019 1741 sint
3068 1687 3249 1758 pretii,
3307 1698 3547 1745 nostrum
3584 1706 3691 1747 non

2120 1781 2285 1837 fuerit
2319 1781 2696 1852 pronuntiare.

2188 1894 2245 1949 Is
2283 1905 2423 1950 certe
2454 1907 2564 1948 erat
2602 1904 2787 1948 auctor
2820 1904 3013 1960 noster,
3043 1895 3133 1966 qui
3158 1895 3376 1950 editoris
3409 1896 3695 1966 diligentis-

2120 1988 2241 2041 simi
2270 2003 2427 2040 cures
2452 1987 2677 2056 exigeret
2704 2005 2725 2038 :
2757 2002 2857 2039 non
2897 1987 3078 2055 quales
3109 2003 3237 2042 mea:
3275 1986 3485 2059 [nerant
3506 2027 3522 2053 ,
3554 1988 3694 2041 alio-

2118 2094 2234 2130 rum
2257 2078 2494 2131 arbit-riis
2518 2086 2765 2147 perpetuo
2799 2077 3039 2130 obnoxiw
3058 2121 3072 2144 ,
3105 2087 3152 2130 et
3186 2078 3406 2146 proinde
3436 2079 3695 2133 intercise

2116 2186 2335 2238 semper,
2366 2179 2416 2223 et
2447 2169 2772 2224 desultorim.

2185 2307 2256 2362 At
2295 2306 2434 2376 sequi
2470 2306 2703 2375 bonique
2737 2306 2984 2363 consulat
3015 2307 3224 2361 amicus
3252 2307 3441 2373 lector,
3470 2316 3529 2362 et
3556 2309 3699 2365 inter

2118 2398 2402 2468 legendum
2438 2397 2635 2467 sapius
2668 2395 3012 2461 meminerit,
3042 2410 3195 2450 suam
3227 2397 3319 2451 hic
3348 2396 3555 2467 ubique
3581 2412 3697 2452 rem

2117 2490 2201 2560 agi
2234 2507 2249 2557 ;
2287 2489 2406 2544 scil.
2440 2488 2531 2543 hic
2556 2488 2657 2543 loci
2705 2488 2987 2555 exhiberi,
3017 2503 3124 2543 non
3171 2486 3552 2544 Cartesiasium
3594 2504 3696 2543 au-

2117 2590 2387 2647 tomaton,
2433 2580 2653 2636 ﬁctilem
2709 2588 2932 2644 testam,
2986 2578 3290 2649 ligueamve
3350 2581 3696 2644 machinam,
3754 2580 3759 2583 ’

2118 2689 2236 2744 qua:
2265 2673 2445 2728 saeculi
2480 2671 2639 2741 hujus
2691 2670 2999 2727 Promethei
3033 2680 3088 2727 et
3113 2670 3335 2729 fabriles
3364 2671 3571 2728 θεότιιί
3599 2675 3699 2727 lino

2119 2780 2290 2832 sere;
2336 2765 2430 2819 sed
2468 2763 2643 2817 vivam
2688 2763 2781 2817 Dei
2818 2762 3052 2818 viventis
3083 2763 3421 2835 imaginem,
3461 2764 3697 2817 numinis

2117 2856 2506 2925 omnipotentis
2553 2867 2851 2926 ectypum;
2907 2868 3028 2923 qua:
3089 2855 3272 2910 mundi
3333 2854 3694 2910 architectum

2121 2948 2395 3012 Condere,
2449 2948 2740 3018 virumque
2780 2948 3151 3005 Christianum
3189 2947 3501 3003 describere
3526 2985 3541 3009 ,
3582 2961 3691 2998 non

2120 3044 2421 3099 dedecoret.
2455 3042 2557 3096 Alii
2585 3042 2651 3095 ad
2680 3042 2956 3112 speculum
2989 3056 3050 3097 se
3082 3039 3533 3108 contemplemur,
3575 3038 3692 3107 pal-

2121 3137 2316 3205 pebras
2350 3134 2656 3205 intingant,
2691 3136 2883 3191 dentes
2919 3135 3251 3198 iustam-eat,
3284 3130 3481 3186 faciem
3524 3130 3698 3185 medi-

2120 3240 2334 3296 centur,
2375 3227 2735 3298 capillitium,
2769 3227 2968 3296 duplici
3010 3226 3228 3284 nomine
3277 3223 3552 3291 alienum,
3598 3235 3697 3275 ve-

2122 3330 2242 3375 xenl
2282 3330 2716 3390 torqueantquc;
2757 3329 2810 3375 tu
2859 3321 3104 3384 interim,
3135 3320 3288 3374 bonas
3324 3316 3524 3371 mentis
3557 3316 3702 3371 Cau-

2120 3412 2414 3480 didate,_ad
2443 3412 2822 3482 politissimum
2857 3415 2959 3468 hoc
2990 3413 3301 3483 κάτοπτραν
3325 3410 3552 3478 teipsqu
3582 3406 3701 3461 exi-

2123 3520 2254 3575 gas,
2296 3506 2543 3577 corporis
2580 3518 2748 3573 opes,
2791 3504 2986 3560 animae
3019 3503 3446 3574 praerogativae,
3488 3507 3701 3555 natura;

2124 3597 2392 3651 universa:
2421 3596 2601 3652 dotem
2629 3635 2644 3662 ,
2678 3596 2731 3650 in
2763 3595 2974 3651 tabulas
2999 3606 3167 3666 atque
3195 3610 3420 3650 censum
3453 3591 3659 3653 referas
3684 3610 3698 3647 :

2122 3688 2431 3758 pudeatque
2454 3688 2694 3743 divinum
2720 3687 2958 3750 animal,
2982 3686 3180 3743 summi
3211 3685 3450 3743 numinis
3469 3726 3484 3752 ,
3516 3684 3704 3739 mundi

2125 3781 2394 3846 universi,
2428 3781 2682 3853 quodque
2713 3781 2820 3836 illis
2858 3780 3167 3850 proximum
3193 3819 3210 3846 ,
3244 3779 3326 3834 sui
3355 3778 3527 3847 ipsius
3569 3792 3704 3834 cou-

2128 3870 2459 3942 templationi
2499 3882 2707 3939 uatum,
2761 3872 2828 3925 ad
2862 3873 3142 3927 brutorum
3173 3869 3353 3927 studia
3380 3879 3438 3925 et
3467 3868 3707 3925 delecta-

2126 3972 2308 4018 menta
2365 3963 2719 4020 descendere.
2773 3961 2915 4029 Quin
2954 3963 3171 4030 dignam
3211 3960 3487 4021 natalibus
3521 3972 3706 4013 sumas

2126 4053 2435 4125 superbiam
2465 4070 2481 4118 ;
2525 4053 2749 4117 divitiis,
2791 4052 3110 4116 honoribus,
3144 4051 3543 4122 voluptatibus,
3580 4065 3704 4105 cor-

2129 4144 2388 4215 porisque
2426 4143 2700 4200 illecebris
2737 4143 3153 4213 quibuscunque
3192 4143 3420 4211 insuper
3461 4143 3695 4209 habitis,

2129 4237 2414 4292 veritatem
2446 4244 2501 4291 et
2535 4236 2789 4290 virtutem
2823 4235 3036 4289 ambias
3068 4234 3228 4290 unice
3264 4242 3323 4291 el.
3352 4234 3705 4290 consecteris.

2130 4326 2360 4381 Tantum
2398 4337 2448 4381 te
2479 4327 2531 4379 in
2567 4325 2794 4380 scientia
2828 4324 3126 4394 profecisse
3162 4324 3359 4383 eredas
3383 4364 3398 4390 ,
3441 4331 3713 4389 quantum.

2130 4419 2183 4472 in
2217 4420 2462 4472 moribus
2500 4416 2669 4471 lueris
2706 4417 3085 4483 emendatior;
3128 4432 3194 4471 eo
3234 4431 3405 4486 usque
3442 4415 3702 4478 doctum,

2132 4513 2182 4564 in
2224 4520 2483 4581 quantum
2524 4512 2725 4565 bonum
2756 4553 2773 4578 ,
2814 4510 2887 4565 ita
2920 4509 3328 4579 phil050phum,
3365 4517 3422 4563 ut
3448 4505 3706 4562 Christia—

448 4616 826 4688 ﬁmhriamque
853 4619 1230 4681 ostendimus,
1264 4634 1368 4675 non
1407 4617 1680 4672 volumina
1711 4614 1894 4669 omnia
1928 4612 2015 4670 ob-

2136 4618 2283 4656 num.
2343 4599 2606 4656 Parentes
2654 4600 2872 4670 quidem
2933 4600 3100 4655 nostri
3160 4608 3490 4669 praepostera
3541 4595 3708 4663 gula,

439 4708 660 4779 jicimus
691 4720 746 4763 et
777 4709 1130 4777 explicamus.

519 4801 786 4853 Audarter
816 4802 1077 4866 dixerim,
1114 4803 1351 4871 quisquis
1391 4801 1735 4870 hypomnema
1783 4800 1879 4851 hoc
1924 4813 2025 4850 non

448 4910 665 4962 prorsus
701 4894 1022 4964 negligenter
1054 4895 1293 4949 evaluerit
1321 4934 1335 4959 ,
1371 4910 1489 4953 eum
1522 4893 1753 4962 plurima
1788 4899 2024 4959 repertu-

450 5001 599 5051 rum,
631 5001 794 5056 eaque
826 5002 928 5039 non
959 4984 1084 5040 levis
1111 4989 1357 5043 momenti
1376 5028 1391 5052 ,
1423 5002 1539 5057 quw
1568 4986 1710 5053 apud
1742 4982 2027 5036 neotericos

451 5076 728 5145 magistros
750 5117 764 5141 ,
815 5077 1003 5147 quibus
1031 5076 1260 5133 solemne
1286 5077 1510 5132 habetur
1547 5075 1776 5130 scribere
1803 5086 2024 5142 semper,

454 5181 718 5231 nunquam
753 5168 923 5239 legere
946 5209 961 5235 ,
994 5170 1207 5225 omnino
1248 5188 1377 5223 nova
1411 5169 1744 5224 videbuntur.

2135 4695 2445 4765 priusquam
2525 4695 2647 4746 vitae
2725 4692 2973 4747 arborem
3033 4689 3398 4754 delibassent,
3469 4685 3713 4741 scientiae

2138 4789 2347 4849 l‘ructus
2387 4785 2708 4840 devorantes
2732 4825 2747 4850 ,
2788 4792 3019 4838 mortem
3059 4783 3159 4837 sibi
3211 4780 3551 4851 posterisque
3594 4776 3712 4831 suis

2137 4880 2505 4941 atressivere;
2549 4893 2646 4933 nos
2696 4878 2814 4932 vice
2863 4890 3015 4930 versa
3066 4874 3415 4931 scientiarum
3465 4866 3713 4923 surculos

2138 4976 2262 5027 vita:
2319 4973 2496 5027 arbori
2557 4972 2892 5037 inserentes,
2938 4985 3041 5024 non
3082 4970 3343 5024 innocuas
3381 4962 3570 5027 modo,
3609 4963 3706 5015 scd

2135 5076 2189 5118 et
2245 5065 2511 5122 salutares
2548 5068 2744 5136 dapes,
2789 5064 2897 5118 imo
2951 5063 3307 5118 aeternitatem
3343 5058 3514 5124 ipsam
3571 5067 3707 5123 epu-

2074 5184 2077 5185 ν
2137 5159 2383 5213 labimur.
