4076 6144
523 363 624 423 527

1645 355 1921 412 NEMESll
1963 351 2268 438 Μήδωνι
2313 353 2602 410 EMESENI

3662 343 3760 403 528

530 499 749 540 munere
779 481 1090 552 funguntur,
1122 475 1361 546 quando,
1400 485 1457 530 ut
1496 475 1724 529 traditur
1759 475 1955 528 divinis
1984 473 2093 527 Lit-

2211 473 2317 527 tMt
2361 474 2566 527 δικαίου
2585 489 2596 502 ·
2620 471 2757 523 κατὰ
2790 469 2850 522 τὸ
2883 467 3266 539 γεγραμμένον
3291 483 3303 495 ·
3333 466 3548 528 Δίκαιος
3570 466 3760 519 οἰκτεί-

530 575 677 640 teris;
697 573 874 640 justus
910 569 1198 623 miseretur
1229 565 1532 619 animarum
1568 563 1934 633 jumentorum
1959 575 2086 615 suo-

531 678 668 718 rum.
704 662 808 716 Sed
858 661 1092 713 fortasse
1126 656 1266 712 dicet
1299 656 1450 724 quis,
1484 653 1618 708 nihil
1639 652 1860 707 alterius
1890 665 2048 706 causa
2070 693 2084 715 ,

529 755 620 808 sed
643 752 895 822 quodque
923 757 1141 818 propter
1189 761 1250 800 se
1281 746 1481 801 factum
1513 759 1654 799 esse.
1687 743 1983 811 Quocirca,
2003 757 2090 798 se-

522 850 726 919 junctis
751 848 982 918 primum
1003 843 1254 900 animatis
1273 844 1340 896 ab
1367 841 1640 906 inanimis,
1666 839 2087 902 consideremus,

530 959 595 996 an
629 941 743 995 ﬁeri
787 939 988 1009 possit,
1025 947 1084 991 ut
1107 935 1340 989 inanima
1371 947 1523 987 suam
1551 931 1620 986 ob
1656 946 1875 987 causam
1909 939 2090 985 creata

529 1035 655 1088 sint.
698 1031 754 1085 Si
783 1030 926 1084 enim
963 1037 1185 1097 propter
1213 1026 1412 1094 seipsa,
1472 1022 1776 1092 quomodo,
1809 1029 1900 1076 aut
1949 1019 2090 1075 unde

531 1123 840 1178 nutrientur
883 1116 1172 1172 animalia?
1205 1112 1460 1168 Videmus
1491 1112 1634 1168 enim
1680 1119 1926 1166 naturam
1969 1124 2094 1178 sup-

531 1215 776 1286 peditare
803 1209 1125 1265 animalibus
1157 1214 1364 1276 pastum
1394 1220 1424 1260 e
1452 1212 1619 1266 terra,
1651 1201 1856 1256 fructus
1885 1208 1939 1256 et
1967 1201 2093 1256 stir-

533 1320 662 1374 pes,
698 1301 937 1370 exceptis
993 1298 1218 1368 paucis,
1264 1312 1383 1366 qua:
1427 1307 1649 1349 carnem
1695 1301 1917 1357 vorant,
1974 1305 2093 1361 quin

533 1407 709 1450 tamen
743 1395 855 1464 ipsa
901 1399 1190 1463 pascuntur
1225 1376 1577 1452 animalibus,
1613 1385 1805 1454 quibus
1840 1393 1983 1438 terra
2017 1383 2094 1438 ci-

533 1489 630 1542 bus
661 1496 764 1550 est,
794 1494 849 1539 ut
883 1483 991 1551 lupi
1033 1490 1086 1538 et
1121 1481 1302 1535 leones
1327 1518 1343 1543 ,
1385 1478 1537 1549 agnis
1557 1517 1572 1542 ,
1625 1478 1806 1547 capris
1826 1520 1840 1542 ,
1872 1475 2092 1541 suibus,

531 1578 743 1642 cervis;
785 1574 1009 1646 aquilae,
1040 1571 1371 1643 perdicibus,
1403 1569 1761 1640 palumbibus,
1800 1567 2092 1638 leporibus,

531 1680 584 1723 et
627 1667 930 1738 ejusmodi,
975 1679 1095 1735 quae
1153 1674 1310 1718 terra:
1369 1661 1633 1716 fructibus
1687 1661 1925 1715 aluntur.
1961 1657 2094 1712 Nam

533 1761 727 1827 pisces,
754 1757 844 1824 qui
876 1755 1015 1809 inter
1054 1767 1114 1808 se
1147 1753 1285 1808 alius
1312 1752 1476 1807 alium
1508 1758 1734 1814 vorant,
1768 1761 1873 1802 non
1909 1759 2098 1802 omnes

537 1852 589 1904 in
637 1862 855 1902 carnem
903 1854 1259 1914 grassantur:
1311 1845 1404 1899 sed
1458 1843 1572 1897 haec
1615 1839 1794 1896 carnis
1847 1836 2099 1908 appetitio
2130 1831 2175 1889 Β

536 1937 741 1993 insistit
772 1936 822 1989 in
862 1935 925 1988 iis
952 1973 967 1999 ,
1008 1949 1128 1998 qua:
1167 1941 1462 2004 pascuntur
1491 1930 1609 2000 alga
1639 1936 1693 1982 et
1721 1926 1847 1980 aliis
1880 1925 2101 1994 quibus-

536 2033 682 2095 dam,
709 2044 830 2098 quze
864 2029 915 2081 in
945 2041 1082 2096 aqua
1109 2036 1420 2082 nascuntur.
1447 2024 1580 2079 Nam
1605 2023 1649 2078 si
1671 2021 1852 2077 Omnia
1877 2019 2098 2090 piscium

538 2137 732 2192 genera
755 2135 917 2174 carne
951 2129 1320 2184 vescerentur,
1353 2117 1667 2186 nullumque
1699 2125 1862 2180 esset,
1902 2112 2042 2184 quod
2071 2126 2100 2165 a

539 2227 702 2266 carne
732 2211 1082 2275 abhorreret,
1119 2223 1186 2263 ne
1223 2209 1291 2262 ad
1334 2208 1587 2278 exiguum
1637 2204 1853 2276 quidem
1890 2213 2102 2271 tempus

538 2301 896 2367 suﬂ'ecissent,
926 2315 989 2355 ac
1009 2299 1325 2370 jamdudum
1350 2299 1452 2351 alia
1476 2295 1677 2350 mutuis
1709 2294 1967 2355 caedibus,
1997 2291 2102 2345 alia

539 2395 642 2448 cibi
697 2394 874 2463 inopia
925 2393 1232 2460 periissem.
1292 2389 1446 2456 Quod
1517 2403 1584 2443 ne
1627 2385 1876 2451 eveniat,
1938 2381 2101 2451 aliqui

541 2485 715 2551 pisces
742 2499 770 2536 a
803 2482 1056 2536 carnibus
1093 2495 1151 2536 se
1177 2479 1485 2543 abstinent,
1521 2486 1576 2532 et
1605 2476 1891 2540 marinam,
1927 2481 1984 2526 ut
2029 2472 2100 2525 ita

540 2576 740 2639 dicam,
772 2574 992 2628 herbam
1021 2573 1356 2642 depascunt,
1397 2576 1456 2623 ut
1484 2583 1551 2623 ex
1591 2567 1720 2636 ipsis
1741 2565 1902 2619 etiam
1925 2562 2103 2617 caeteri

540 2674 929 2722 sustententur.
981 2662 1182 2719 Horum
1229 2661 1372 2716 enim
1415 2659 1668 2731 pabulum
1700 2657 1827 2726 .alga
1854 2664 1970 2718 est,
2004 2653 2103 2722 ipsi

541 2757 766 2812 aliorum
789 2794 805 2820 ,
829 2768 885 2810 et
922 2754 1008 2809 isti
1039 2767 1227 2808 rursus
1272 2750 1498 2805 aliorum
1527 2787 1542 2811 ,
1584 2755 1644 2802 ut
1668 2747 1978 2801 ultimorum
2007 2743 2106 2797 ali-

543 2857 744 2912 mento,
769 2845 910 2915 quod
941 2853 1199 2913 perpetuo
1240 2857 1270 2896 e
1302 2853 1516 2896 terreno
1542 2839 1661 2906 illo,
1710 2838 1849 2906 quod
1885 2837 1937 2891 in
1972 2835 2107 2890 mari

543 2948 650 2999 est,
713 2937 1041 3007 suggeritur,
1091 2933 1284 3002 reliqui
1336 2931 1634 2986 incolumes
1693 2935 2104 2984 conserventur.

546 3029 704 3084 Ratio
733 3029 894 3098 igitur
928 3027 1162 3090 edocet,
1201 3024 1401 3094 stirpes
1434 3038 1539 3077 non
1577 3037 1669 3076 sua
1701 3034 1886 3083 causa,
1920 3018 2015 3074 sed
2040 3018 2110 3074 ob

547 3121 744 3174 victum
773 3128 828 3174 et
866 3127 1117 3174 naturam
1154 3115 1430 3170 hominum
1462 3123 1516 3168 et
1542 3124 1862 3169 cancrorum
1903 3110 2110 3166 anima-

548 3215 676 3268 lium
705 3221 857 3267 ortas
895 3225 1034 3266 esse.
1079 3207 1239 3278 quue
1271 3207 1317 3262 si
1367 3220 1553 3262 verum
1583 3214 1694 3269 est,
1739 3203 1961 3258 dubium
2004 3217 2110 3257 non
2137 3178 2179 3236 ο

546 3314 646 3368 est,
686 3304 813 3374 quin
844 3302 1009 3358 etiam
1048 3313 1225 3356 causa;
1271 3299 1482 3354 illarum
1531 3293 1854 3351 aceretionis
1883 3301 1937 3348 et
1965 3300 2121 3348 ortus

546 3406 766 3468 propter
795 3397 982 3449 eadem
1016 3391 1268 3447 animalia
1313 3389 1623 3445 constituta:
1663 3388 1790 3443 sint.
1817 3385 1959 3455 Ergo
1986 3385 2119 3440 stel-

550 3487 722 3539 Iarum
772 3493 952 3539 motus
979 3491 1036 3537 et
1061 3481 1222 3537 orbes
1247 3479 1500 3535 caelestes
1538 3487 1594 3532 et
1632 3478 1760 3532 anni
1790 3486 2030 3545 tempora
2067 3484 2120 3530 et

551 3576 749 3630 imbres
775 3585 828 3628 et
853 3574 1032 3629 omnia
1063 3573 1188 3626 talia
1217 3579 1504 3642 propterea
1537 3569 1780 3623 instituta
1821 3577 1947 3622 sunt
1976 3606 1991 3632 ,
2024 3577 2118 3631 ut,

551 3664 821 3718 alimentis
849 3663 1211 3724 continenter,
1239 3661 1386 3715 velut
1429 3659 1480 3714 in
1515 3659 1700 3713 orbem
1722 3699 1737 3725 ,
1769 3659 2113 3727 suppeditan-

553 3753 695 3806 tibus
721 3793 733 3814 ,
785 3753 926 3806 nullo
959 3762 1196 3821 tempore
1242 3765 1425 3806 eorum
1481 3759 1670 3803 natura
1709 3748 1954 3814 occidat,
1996 3765 2115 3819 quae

2197 584 2278 640 ρει
2303 566 2483 636 ψυχὰς
2531 564 2742 634 κτηνῶν
2776 563 2940 616 αὑτοῦ
2969 562 3103 633 (18).
3151 560 3291 613 Ἀλλ’
3322 560 3451 622 ἴσως
3500 561 3616 630 ἐρεῖ
3659 577 3764 624 τις,

2195 659 2270 721 ὼς
2301 658 2448 710 οὐδὲν
2481 659 2548 710 δι’
2582 656 2728 718 ἄλλο,
2764 655 2876 708 ἀλλ’
2906 654 3135 707 ἕκαστον
3162 651 3228 706 δι’
3261 652 3418 706 ἑαυτὸ
3454 652 3563 722 (19)
3601 652 3763 720 γέγο-

2197 763 2303 799 νεν.
2335 745 2560 809 Οὐκοῦν,
2597 744 2927 815 χωρίσαντες
2955 741 3169 812 πρῶτον
3196 739 3264 793 τά
3284 739 3500 810 ἔμψυχα
3532 738 3639 792 ἀπὸ
3659 738 3764 791 τῶν

2197 839 2437 909 ἀψύχων,
2471 839 2688 904 ἴδωμεν,
2718 837 2766 888 εί
2797 836 2901 906 23
2923 833 3145 888 δύναται
3185 832 3253 886 τὰ
3281 832 3462 902 ἄψυχα
3505 831 3573 885 δι’
3601 829 3765 883 ἑαυτὰ

2196 929 2538 999 γεγενῆσθαι.
2580 929 2640 981 Εἰ
2685 927 2792 998 γάρ
2825 925 2998 980 ταῦτα
3027 926 3092 979 δι’
3129 926 3315 989 ἑαυτὰ,
3360 925 3476 987 πῶς
3527 924 3560 994 ἢ
3601 923 3766 975 πόθεν

2197 1027 2531 1096 τραφήσεται
2577 1024 2646 1078 τὰ
2677 1023 2820 1090 ζῶα;
2863 1021 3105 1092 Ὁρῶμεν
3134 1019 3243 1090 γὰρ
3269 1017 3364 1088 τὴν
3397 1014 3556 1084 φύσιν
3581 1015 3766 1082 ὲπιχο-
3800 1001 3802 1003 ’

2204 1120 2476 1191 ρηγοῦσαν
2511 1123 2624 1183 τοῖς
2666 1117 2824 1182 ζώοις
2856 1115 3060 1188 τροφὰς
3103 1113 3212 1184 (20)
3246 1115 3309 1165 ἐκ
3342 1113 3439 1181 τῆς
3474 1109 3601 1179 γῆς,
3636 1125 3765 1179 καρ.

2201 1211 2315 1265 πῶν
2331 1229 2389 1264 τε
2424 1213 2516 1265 καὶ
2545 1211 2745 1280 φυτῶν,
2775 1209 2913 1281 πλὴν
2963 1205 3258 1276 ἐλαχίστων
3292 1203 3400 1274 (21)
3434 1201 3544 1254 τῶν
3575 1216 3759 1270 σαρκο·

2202 1302 2538 1372 φάγων(2⁶ὶ).
2579 1303 2688 1355 Καὶ
2737 1299 2876 1354 αὐτὰ
2906 1298 2962 1351 δὲ
3004 1297 3175 1351 ταῦτα
3207 1295 3276 1348 τὰ
3317 1293 3636 1364 σαρκοφάγα
3659 1309 3774 1362 τρο-

2203 1394 2308 1465 φὴν
2343 1396 2573 1446 ποιεῖται
2609 1392 2717 1445 τῶν
2747 1390 2898 1455 ζώων
2940 1389 3007 1441 τὰ
3050 1388 3148 1459 τὴν
3205 1387 3307 1456 γῆν
3350 1383 3645 1455 νεμόμενα,
3699 1381 3767 1446 ὡς

2201 1483 2353 1536 λύκοι
2387 1483 2484 1553 μὲν
2512 1481 2608 1535 καὶ
2624 1481 2856 1543 λέοντες,
2887 1479 3055 1548 ἄρνας
3082 1478 3174 1530 καὶ
3202 1470 3362 1542 αἶγας
3391 1472 3504 1541 (25)
3529 1473 3620 1524 καὶ
3643 1470 3768 1534 σύας

2203 1577 2299 1631 καὶ
2335 1577 2583 1645 ἐλάφους
2618 1574 2763 1626 ἀετοὶ
2790 1571 2845 1625 δὲ
2895 1571 3154 1642 πέρδικας
3194 1570 3285 1620 καὶ
3318 1566 3530 1636 φάσσας
3573 1565 3667 1616 καὶ
3687 1563 3766 1617 λα-

2203 1670 2379 1738 γωοὺς
2430 1669 2523 1722 καὶ
2575 1665 2646 1719 τὰ
2672 1667 2854 1734 ὃμοια,
2895 1663 3054 1717 ἆτινα
3101 1662 3224 1723 τοὺς
3256 1658 3500 1730 καρποὺς
3545 1656 3645 1726 τῆς
3673 1654 3770 1726 γῆς

2205 1760 2428 1829 νέμεται
2460 1757 2592 1827 (‘24).
2626 1759 2737 1813 Καὶ
2773 1755 2881 1826 γὰρ
2913 1753 3020 1806 τῶν
3062 1751 3312 1822 ίχθύωνή
3341 1749 3521 1818 φύσις,
3561 1746 3769 1815 ἀλληλο-

2203 1853 2372 1922 φάγος
2408 1847 2560 1915 οὖσα,
2595 1849 2654 1902 ού
2689 1849 2850 1920 μέχρι
2878 1846 3095 1901 πάντων
3125 1847 3301 1916 διήκει
3331 1840 3770 1913 σαρκοφαγοῦσα,

2201 1943 2336 1997 ἀλλὰ
2370 1942 2482 2013 (‘25)
2524 1941 2818 2010 κατέληξεν
2856 1941 2914 1992 ὲν
2944 1942 3055 2000 τοῖς
3099 1935 3417 2007 νεμομένοις
3450 1933 3619 2000 φυκία
3665 1930 3775 1993 (261

2201 2035 2295 2088 καὶ
2330 2034 2466 2089 ἄλλα
2491 2032 2614 2086 τινὰ
2643 2034 2700 2084 ὲν
2733 2031 2808 2102 τῷ
2837 2031 2987 2084 ὕδατι
3013 2029 3258 2099 φυόμενα
3299 2026 3430 2096 (27).
3465 2026 3527 2078 Ei
3557 2025 3666 2094 γὰρ
3707 2018 3774 2093 ἦν

2204 2123 2380 2177 πάντα
2411 2123 2480 2176 τὰ
2510 2120 2644 2193 γένη
2689 2120 2797 2174 τῶν
2843 2119 3040 2190 ἰχθύων
3077 2114 3424 2188 σαρκοφάγα,
3469 2114 3563 2166 καὶ
3609 2114 3773 2183 μηδὲν

2201 2213 2268 2289 ἦν
2295 2215 2563 2286 ὲκφεῦγον
2611 2215 2709 2286 τὴν
2757 2212 2858 2283 τῆς
2892 2211 3094 2283 σαρκὸς
3139 2209 3370 2279 σίτησιν,
3409 2206 3513 2260 οὐκ
3543 2205 3610 2260 ἂν
3660 2203 3776 2258 οὐδὲ

2204 2309 2290 2362 ἐπ’
2330 2307 2508 2374 ὀλίγον
2543 2307 2867 2376 ἐπήρκεσεν,
2912 2298 3047 2356 ἀλλὰ
3102 2300 3388 2371 διεφθάρη,
3446 2299 3515 2353 τὰ
3561 2299 3660 2368 μὲν
3688 2298 3776 2351 ὑπ’

2204 2398 2467 2469 ἀλλήλων,
2508 2395 2578 2448 τὰ
2601 2396 2658 2448 δὲ
2680 2395 2766 2447 διὰ
2798 2393 3002 2465 τροφῆς
3036 2391 3261 2446 ἔνδειαν.
3304 2390 3419 2444 Ἵνα
3438 2389 3494 2444 δὲ
3515 2387 3674 2442 τοῦτο
3705 2387 3776 2458 μὴ

2205 2492 2431 2562 γένηται
2485 2490 2618 2560 (28),
2667 2486 2812 2549 τινὲς
2867 2485 2974 2538 τῶν
3031 2483 3230 2556 ίχθύων
3267 2481 3777 2550 κατεσκευάσθησαν

2208 2581 2425 2652 σαρκῶν
2455 2581 2552 2649 μὲν
2571 2578 2920 2648 ἀπεχόμενοι,
2944 2574 3044 2647 τὴν
3065 2575 3142 2640 δὲ,
3170 2575 3244 2639 ὡς
3277 2575 3340 2630 ἄν
3373 2591 3455 2639 τις
3483 2574 3648 2635 εἴποι,
3683 2571 3765 2624 θα·

2205 2670 2431 2724 λασσίαν
2480 2668 2711 2738 βοτάνην
2743 2665 2852 2736 (29)
2893 2665 3202 2735 νεμόμενοι,
3235 2664 3321 2716 ἴνα
3350 2665 3414 2717 ὲκ
3456 2662 3661 2716 τούτων
3690 2663 3775 2714 καὶ

2207 2763 2275 2816 τὰ
2305 2761 2437 2816 ἄλλα
2481 2758 2831 2829 διασὼζηται.
2869 2757 3084 2810 Γίνεται
3127 2756 3233 2827 γὰρ
3271 2754 3403 2826 βορὰ
3451 2754 3548 2824 μὲν
3577 2751 3779 2806 τούτων

2208 2851 2274 2903 τὰ
2305 2849 2491 2918 φυκία,
2522 2849 2704 2901 ὲκεῖνα
2732 2845 2790 2899 δὲ
2819 2845 2928 2900 τῶν
2952 2845 3149 2912 ἄλλων,
3181 2845 3276 2898 καὶ
3301 2844 3460 2898 πάλιν
3477 2840 3650 2896 ταῦτα
3673 2839 3780 2893 τῶν

2209 2941 2382 2996 ἄλλων
2423 2940 2556 3010 (50),
2743 2937 2832 2991 διὰ
2873 2939 2972 3007 τὴν
3026 2937 3136 2990 τῶν
3183 2932 3501 2988 τελευταίων
3550 2931 3778 3002 τροφὴν,

2209 3030 2565 3092 ἀδιαλείπτως
2607 3030 2669 3082 ἐκ
2696 3028 2788 3081 τοῦ
2815 3027 3048 3097 γεώδους
3087 3027 3180 3080 τοῦ
3211 3025 3348 3080 κατὰ
3379 3023 3473 3095 τὴν
3503 3021 3776 3075 Θάλασσαν

2213 3121 2613 3192 παρεχομένην,
2667 3121 2761 3173 καὶ
2789 3121 2888 3191 τὴν
2922 3120 3030 3172 τῶν
3076 3119 3251 3172 ἄλλων
3282 3116 3572 3170 ὑπόστασιν
3609 3111 3781 3176 σῶζε-

2217 3210 2363 3263 σθαι.
2405 3209 2710 3276 Ἀπέδειξεν
2753 3207 2846 3262 οὖν
2887 3211 2914 3262 ὁ
2953 3208 3128 3277 λόγος,
3157 3208 3255 3278 τὴν
3287 3206 3396 3260 τῶν
3422 3203 3602 3273 φυτῶν
3632 3203 3783 3270 γένε-

2218 3320 2301 3356 σιν
2331 3303 2405 3371 μὴ
2434 3302 2498 3353 δι’
2527 3301 2743 3365 ἑαυτὴν,
2779 3300 2889 3353 ἀλλ’
2922 3302 3000 3363 είς
3033 3300 3238 3370 τροφὴν
3265 3299 3358 3352 κα).
3385 3299 3642 3350 σύστασιν
3679 3294 3783 3347 τῶν

2217 3393 2518 3465 ἀνθρώπων
2553 3393 2663 3462 (51)
2689 3393 2782 3445 καὶ
2826 3392 2933 3444 τῶν
2976 3391 3147 3446 ἄλλων
3197 3391 3348 3455 ζώων
3391 3387 3782 3457 γεγενημένην.

2219 3485 2280 3537 El
2309 3484 2365 3536 δὲ
2406 3483 2580 3536 ταῦτα
2602 3482 2687 3536 διὰ
2714 3483 2802 3535 τὸν
2829 3483 3111 3552 ἄνθρωπον
3139 3483 3230 3535 καὶ
3257 3481 3324 3533 τὰ
3352 3479 3486 3543 ζῶα,
3515 3478 3693 3549 δῆλον,
3713 3476 3785 3538 ὡς

2219 3574 2394 3628 καὶτὰ
2423 3573 2531 3646 24
2550 3575 2646 3643 τῆς
2673 3574 2875 3626 τούτων
2912 3573 3186 3645 αὐξήσεως
3215 3576 3308 3626 κα)⁵
3341 3571 3608 3640 γενέσεως
3642 3569 3784 3622 αῐτια

2217 3666 2304 3719 διὰ
2325 3665 2495 3718 ταῦτα
2523 3667 2766 3734 γέγονεν.
2787 3665 2994 3718 Οὐκοῦν
3021 3665 3263 3735 ἀστέρων
3285 3663 3395 3732 (3‘2)
3430 3664 3671 3732 κινήσεις
3695 3661 3786 3713 καὶ

2219 3758 2445 3828 οὐρανὸς
2486 3759 2579 3811 καὶ
2632 3752 2772 3829 ὧραι
2825 3759 2917 3810 καὶ
2967 3757 3161 3828 ὄμϐροι
3212 3756 3325 3824 (55)
3386 3756 3478 3808 καὶ
3519 3754 3695 3808 πάντα
3721 3753 3788 3807 τά

1720 3927 1881 3984 VAR.
1924 3927 2121 3989 LECT.
2159 3932 2247 3987 ET
2286 3934 2593 3988 ANIMADV

626 4069 735 4140 (18)
763 4065 1032 4140 ΚτηνῶνΔ
1053 4065 1512 4140 αὐτοῦηΚτηνῶν
1553 4064 1742 4140 αύτού,
1783 4067 1842 4119 D.
1864 4068 1928 4140 _1,
1962 4069 2026 4123 Α.
2062 4071 2114 4134 5,

553 4136 653 4197 Ox.
707 4136 828 4193 Post
860 4141 971 4191 haec
1021 4136 1094 4190 ita
1130 4137 1302 4205 pergit
1329 4137 1477 4190 (Ζοιιο
1515 4154 1528 4189 :
1571 4137 1637 4188 At
1665 4138 1805 4188 dicat
1849 4137 1983 4204 forte
2013 4143 2116 4192 ali-

554 4215 689 4281 quis,
723 4208 853 4263 Cum
901 4219 1107 4275 propter
1141 4207 1397 4281 nominent
1448 4206 1590 4274 facta
1622 4207 1724 4258 sint
1771 4207 1966 4270 omnia,
1989 4226 2119 4262 nuu-

551 4275 676 4351 quid
705 4280 928 4351 aliorum
958 4293 1156 4351 quoque
1179 4277 1346 4351 grath
1370 4275 1510 4351 facta
1537 4279 1960 4351 suntqufmjan}?

627 4352 733 4420 (t9)
780 4349 929 4420 14.1.1:
1272 4346 1346 4398 δι’
1395 4345 1588 4420 ἑαυτᾴ.
1629 4344 1764 4420 ’ᾼλγ
1801 4343 2124 4420 ἒνΑΞκαστον

555 4415 852 4483 δι”ὲαυτό,
902 4417 963 4472 D.
1035 4417 1086 4470 1.
1140 4417 1277 4470 Idem
1331 4429 1454 4468 mox
1515 4415 1730 4478 οὐκοῦν,
1796 4417 1886 4468 sed
1947 4420 2122 4471 deleto

557 4491 748 4614 :pirgtu
798 4489 900 4542 leui
953 4489 1004 4541 in
1057 4484 1168 4540 οὖν.
1220 4485 1419 4540 Deinde
1475 4487 1778 4553 proximum
1842 4484 1912 4538 τά
1972 4490 2123 4541 abest

558 4631 759 4755 A1120;
780 4626 1000 4750 Ίξοφὰς
1033 4624 1152 4690 τοῖς
1181 4622 1358 4688 ζώοις.
1401 4624 1522 4686 Τοῖς
1551 4624 1702 4688 ζώοις
1738 4625 1962 4695 τροφάς,
1997 4624 2124 4693 D.1,

631 4768 741 4840 ('21)
779 4765 1171 4840 ’EMzithr.
1214 4761 1466 4840 ,Ὀλίγωη
1503 4761 1566 4840 1)Σ
1598 4764 1648 4816 1.
1681 4761 2125 4840 1ηιειίῑεθιζώων,

560 4831 754 4909 printer
789 4833 1052 4909 animalia
1074 4831 1393 4909 paucissima
1417 4833 1722 4909 carnivora,
1745 4831 1986 4902 exceptis
2011 4835 2128 4887 aui-

562 4901 788 4963 ittalihtts
823 4901 1183 4969 paucissimis,
1213 4914 1332 4968 qua:
1376 4901 1630 4956 carnibus
1663 4901 1972 4956 vescuntur.
2014 4903 2126 4957 Ex-

561 4979 719 5044 ceptis
747 4974 1086 5044 quibusdau'i,
1111 4969 1246 5044 Vall_.

633 5044 743 5113 (ῃ)
767 5039 1191 5113 Σαρκοφάχων.
1223 5039 1595 5110 Σαρκοϐόρων.
1647 5039 1750 5093 Sed
1797 5055 1915 5113 mox
1952 5051 2130 5096 servat

564 5109 905 5186 σαρκοφάγα,
940 5110 1255 5186 Λζὲηίίιος
1306 5109 1560 5165 construe
1598 5129 1610 5164 :
1652 5109 1856 5181 τροφὴν
1891 5113 2128 5166 ποιεῖται

562 5180 645 5238 τά·
661 5203 714 5236 νε
724 5180 931 5251 μόμενα
950 5181 1068 5251 Δτῶν
1099 5180 1272 5251 ζώων.

661 5205 714 5236 νε
735 5205 931 5251 λομενα
961 5205 1068 5233 των
1099 5205 1272 5244 ειωων.

777 5251 882 5332 Egi
907 5247 1232 5332 ίιῖγας.,Καί
1263 5250 1432 5332 absit,
1462 5251 1536 5332 DL
1555 5250 1603 5303 1.

633 5319 744 5400 (2!)
779 5321 890 5400 ἳῖῆς
918 5319 1030 5400 γῑῆς
1047 5321 1302 5390 νέμεται
1334 5319 1446 5388 Τῆς
1474 5321 1574 5400 γῆς
1602 5321 1873 5400 “timet:
1906 5322 1969 5400 βε
2006 5321 2056 5375 lo

636 5391 747 5484 (2.5)
761 5392 1133 5484 οοὺλμεχριιμὶ
1143 5391 1644 5484 Ηαρκοὲαχοῦρνα,
1667 5391 1846 5445 ἀλλὰ.
1905 5393 2128 5484 Absurtl;

568 5461 651 5521 A.‘
683 5461 736 5526 1,
761 5462 813 5516 2.
854 5461 968 5514 Non
1010 5464 1075 5514 ad
1105 5475 1294 5515 omnes
1328 5462 1558 5528 pertinet
1587 5476 1779 5514 carnes
1821 5477 2036 5520 vorans.
2077 5463 2129 5517 id

563 5547 647 5590 est
698 5549 802 5588 non
847 5546 1035 5588 omnes
1081 5530 1301 5584 omnino
1339 5530 1513 5598 pisces
1543 5546 1735 5584 carnes
1775 5540 1983 5585 vorant.
2015 5530 2128 5585 Non

565 5619 740 5660 autem
778 5614 860 5658 est
893 5600 1244 5672 periphrasis,
1281 5600 1314 5670 ἡ
1345 5598 1503 5668 φύσις
1541 5598 1648 5652 τῶν
1687 5599 1902 5670 ἰχθύων,
1937 5600 2051 5655 loco
2081 5604 2130 5655 οἱ

567 5677 764 5737 tre-32;.

586 5697 987 5813 χυῶῖξίφίαια,
1025 5741 1216 5804 φυκία,
1267 5741 1326 5796 Ι).
1362 5741 1412 5807 1,
1464 5742 1528 5798 Α.
1582 5742 1630 5806 1,
1679 5739 1731 5794 2.
1787 5739 1874 5794 Sic
1903 5750 1956 5795 et
1987 5756 2124 5796 mox.

2226 4071 2358 4128 Vide
2393 4073 2604 4128 Scholia
2643 4071 2709 4126 ad
2733 4070 3002 4124 Theocrit.
3030 4069 3190 4132 ldyll.
3226 4085 3318 4132 vn,
3353 4069 3442 4124 58.
3486 4071 3786 4126 Utiturltoc

2224 4143 2377 4197 Plato
2431 4160 2482 4211 p.
2513 4143 2616 4196 469
2643 4159 2656 4206 ;
2716 4141 2981 4211 Arrianus,
3003 4142 3054 4193 in
3086 4139 3284 4211 Indicis
3314 4154 3365 4211 p.
3389 4140 3532 4211 355;
3567 4141 3788 4196 Aristot.

2227 4211 2380 4335 illiset;
2404 4208 2620 4266 a—m'mul.
2653 4225 2722 4274 γι,
2758 4210 2843 4277 15,
2882 4208 3190 4280 Τούτῳ(τῷ
3219 4209 3415 4279 φυκίῳ)
3440 4210 3696 4280 τρέφεται
3726 4212 3790 4265 τὰ

2252 4301 2279 4335 γ
2322 4297 2462 4335 υοια.

2252 4284 2462 4335 γθύδια.

2251 4301 2543 4422 χῗέὲῗἝν
2568 4347 2644 4414 τῷ
2657 4349 2823 4403 ὕδατι
2846 4350 3136 4418 φυόμενα.
3175 4349 3262 4402 Ἐν
3281 4347 3364 4471 “cie
3384 4347 3539 4403 ὕδατι
3560 4367 3614 4402 νε
3621 4351 3792 4420 μόμε-

2251 4438 2311 4471 ια.
2345 4428 2407 4471 Α.
2439 4422 2487 4471 1.
2528 4421 2669 4471 Mox.
2703 4420 3027 4471 σαρκοφάγα
3061 4419 3289 4471 reddidit
3371 4419 3462 4471 all.
3491 4437 3542 4471 se
3579 4423 3791 4471 invicem

2224 4419 2315 4481 να,
2345 4419 2407 4475 Α.
2439 4422 2487 4474 1.
2528 4421 2669 4482 Mox,
2703 4420 3027 4488 σαρκοφάγα
3061 4419 3289 4473 reddidit
3328 4419 3462 4472 Vall.
3491 4437 3542 4472 se
3579 4419 3791 4473 invicem

2224 4491 2514 4544 comedunt.
2568 4491 2705 4559 Ergo
2747 4488 3112 4559 ἀλληλοφάγα.
3148 4488 3368 4554 Deinde,
3415 4489 3705 4558 ὲκφεύγον,
3731 4491 3792 4543 1).

2228 4559 2279 4622 1,
2313 4569 2385 4622 et,
2416 4559 2524 4612 οὐδ’
2550 4560 2637 4610 ἐπ’
2665 4559 2868 4627 ὀλίγον,
2903 4561 3062 4614 idem.

2300 4629 2410 4699 (‘28)
2440 4628 2534 4695 Μὴ
2559 4628 2739 4700 τοῦτο
2769 4630 3027 4700 γένηται.
3076 4627 3246 4682 Τοῦτο
3273 4629 3348 4700 μὴ
3374 4629 3618 4698 γένηται,
3653 4628 3711 4682 1).
3743 4629 3763 4663 ⁸

2226 4698 2315 4760 Δέ,
2345 4708 2466 4769 ante
2503 4699 2598 4769 μή,
2638 4700 2808 4769 abest,
2839 4699 2904 4752 3|.

2301 4768 2410 4838 (29)
2437 4767 2786 4822 Θαλασσίαν
2807 4767 3101 4835 βοτάνην.
3127 4767 3480 4838 ίΘαλασσείαν
3521 4769 3635 4834 (sed
3683 4767 3794 4838 iota

2230 4853 2294 4918 ex
2316 4836 2651 4918 cui-reetione
2673 4853 2830 4918 supra
2861 4837 3143 4918 scriptum)
3200 4838 3450 4918 βοτάνην.
3487 4837 3541 4892 D.
3585 4838 3635 4918 1_.
3673 4836 3794 4888 Ma—

2231 4909 2426 4970 rinum,
2482 4918 2534 4959 ut
2593 4909 2666 4960 ita
2717 4912 2911 4972 dicam,
2954 4906 3228 4961 herbarum
3278 4918 3326 4960 et
3366 4906 3524 4975 φύτια
3553 4911 3793 4960 edentes.

2230 4977 2364 5033 Con.
2410 4977 2606 5046 voluit,
2639 4979 2851 5030 herbam
2905 4987 2954 5031 et
3006 4977 3191 5046 φυκία.
3235 4977 3353 5032 Mox
3393 4976 3489 5042 τά,
3542 4989 3667 5029 ante
3700 4976 3794 5030 άλ-

2230 5046 2316 5108 λα,
2345 5047 2519 5108 abesl,
2558 5045 2630 5099 M.
2662 5047 2712 5098 1.

2302 5115 2410 5183 (50)
2444 5116 2552 5169 Καὶ
2573 5114 2759 5170 πάλιν
2788 5116 2972 5170 ταῦτα
2997 5116 3113 5170 τῶν
3141 5116 3362 5170 ἄλλων.
3398 5116 3629 5182 Absuut,
3660 5116 3718 5168 D.
3747 5115 3795 5168 1.

2234 5185 2404 5238 Habet
2430 5184 2589 5246 Con.,
2611 5185 2743 5239 Vall.

2303 5255 2413 5324 (51)
2453 5257 2758 5309 Σύστασιν
2784 5255 2902 5309 τῶν
2919 5255 3259 5324 ἀνθρώπων.
3291 5254 3414 5324 Τῶν
3440 5257 3618 5321 abest,
3654 5259 3720 5312 Μ.
3749 5259 3796 5319 1,

2236 5322 2379 5386 1).⁷1,
2397 5322 2464 5377 Α.
2489 5327 2541 5377 5.
2566 5325 2851 5390 Σύστασιν,
2871 5322 3252 5384 ornamentum,
3290 5322 3424 5378 Vall.

2304 5393 2416 5463 (32)
2452 5395 2684 5448 Οὐκοῦν
2713 5394 2997 5463 ἀστέρων.
3030 5396 3109 5448 Ab
3127 5392 3320 5447 οὐκοῦν
3347 5396 3414 5449 ad
3440 5394 3612 5448 ταῦτα
3646 5397 3798 5464 γέγο·

2233 5479 2322 5515 νεν
2348 5465 2545 5517 omittit
2576 5465 2640 5517 A.
2677 5465 2727 5517 5.
2761 5465 2968 5519 Οὐκοῦν
3005 5479 3192 5519 rursus
3222 5478 3286 5516 ex
3330 5472 3561 5520 correct.
3605 5477 3661 5518 ut
3706 5480 3800 5518 an-

2237 5533 2441 5604 teaLD.
2476 5533 2524 5586 1.
2549 5531 2947 5604 γούνάστέρων,
2983 5535 3050 5588 Μ.
3083 5535 3134 5586 1.

2303 5603 2413 5673 (55)
2453 5603 2563 5655 Καὶ
2587 5603 2828 5672 ὄμϐροιζ
2857 5607 3022 5674 Abest
3071 5605 3140 5660 Μ.
3179 5606 3231 5670 1,
3282 5606 3336 5660 in
3374 5620 3542 5674 marg.
3575 5619 3606 5658 a
3656 5617 3800 5674 man.

2236 5672 2639 5794 additum
2696 5674 2756 5728 D.
2812 5675 2864 5729 1.
2921 5673 2986 5729 Et
3041 5676 3220 5740 nubes,
3273 5674 3407 5731 Con.
3465 5672 3532 5728 Et
3590 5672 3800 5736 imbres.
