  <div class='ocr_page' id='page_1' title='image "/cluster/home/n/w/nwhite01/storage/ocr_20150623/40/mdp.39015041198055/295.png"; bbox 0 0 4072 6148; ppageno 0'>
   <div class='ocr_carea' id='block_1_1' title="bbox 476 274 580 345">
    <p class='ocr_par' dir='ltr' id='par_1_1' title="bbox 476 274 580 345">
     <span class='ocr_line' id='line_1_1' title="bbox 476 274 580 345; baseline 0 -12"><span class='ocrx_word' id='word_1_1' title='bbox 476 274 580 345; x_wconf 71' lang='grc' dir='ltr'><strong>5·ίὸ</strong></span> 
     </span>
    </p>
   </div>
   <div class='ocr_carea' id='block_1_2' title="bbox 1869 278 2325 336">
    <p class='ocr_par' dir='ltr' id='par_1_2' title="bbox 1869 278 2325 336">
     <span class='ocr_line' id='line_1_2' title="bbox 1869 278 2325 336; baseline 0.002 -2"><span class='ocrx_word' id='word_1_2' title='bbox 1869 278 1928 335; x_wconf 88' lang='lat' dir='ltr'><strong>S.</strong></span> <span class='ocrx_word' id='word_1_3' title='bbox 1971 278 2325 336; x_wconf 71' lang='lat' dir='ltr'><strong>EPIPIIANII&#39;</strong></span> 
     </span>
    </p>
   </div>
   <div class='ocr_carea' id='block_1_3' title="bbox 3654 278 3756 334">
    <p class='ocr_par' dir='ltr' id='par_1_3' title="bbox 3654 278 3756 334">
     <span class='ocr_line' id='line_1_3' title="bbox 3654 278 3756 334; baseline 0.01 -1"><span class='ocrx_word' id='word_1_4' title='bbox 3654 278 3756 334; x_wconf 77' lang='lat'><strong>578</strong></span> 
     </span>
    </p>
   </div>
   <div class='ocr_carea' id='block_1_4' title="bbox 473 397 2079 475">
    <p class='ocr_par' dir='ltr' id='par_1_4' title="bbox 473 397 2068 471">
     <span class='ocr_line' id='line_1_4' title="bbox 473 397 2068 471; baseline 0.001 -16"><span class='ocrx_word' id='word_1_5' title='bbox 473 397 819 471; x_wconf 78' lang='lat' dir='ltr'><strong>singulorum</strong></span> <span class='ocrx_word' id='word_1_6' title='bbox 849 413 913 455; x_wconf 84' lang='lat' dir='ltr'><strong>se</strong></span> <span class='ocrx_word' id='word_1_7' title='bbox 946 404 1135 457; x_wconf 83' lang='lat' dir='ltr'><strong>aetates</strong></span> <span class='ocrx_word' id='word_1_8' title='bbox 1163 397 1592 457; x_wconf 78' lang='lat' dir='ltr'><strong>accommodans</strong></span> <span class='ocrx_word' id='word_1_9' title='bbox 1628 398 1896 471; x_wconf 75' lang='lat' dir='ltr'><strong>paulatim</strong></span> <span class='ocrx_word' id='word_1_10' title='bbox 1940 415 2068 456; x_wconf 81' lang='lat' dir='ltr'><strong>eru-</strong></span> 
     </span>
    </p>
   </div>
   <div class='ocr_carea' id='block_1_5' title="bbox 2180 397 3762 475">
    <p class='ocr_par' dir='ltr' id='par_1_5' title="bbox 2180 397 3762 475">
     <span class='ocr_line' id='line_1_5' title="bbox 2180 397 3762 475; baseline -0.001 -20"><span class='ocrx_word' id='word_1_11' title='bbox 2180 401 2266 456; x_wconf 75' lang='grc' dir='ltr'>καὶ</span> <span class='ocrx_word' id='word_1_12' title='bbox 2289 400 2497 475; x_wconf 76' lang='grc' dir='ltr'>ἑκάστῃ</span> <span class='ocrx_word' id='word_1_13' title='bbox 2522 398 2709 473; x_wconf 75' lang='grc' dir='ltr'>ἡλικίᾳ</span> <span class='ocrx_word' id='word_1_14' title='bbox 2729 397 3111 471; x_wconf 74' lang='grc' dir='ltr'><strong>ἁρμοζόμενος</strong></span> <span class='ocrx_word' id='word_1_15' title='bbox 3130 397 3420 471; x_wconf 70' lang='grc' dir='ltr'>προϐαίνει</span> <span class='ocrx_word' id='word_1_16' title='bbox 3440 398 3516 469; x_wconf 75' lang='grc' dir='ltr'>τῇ</span> <span class='ocrx_word' id='word_1_17' title='bbox 3535 400 3762 473; x_wconf 66' lang='grc' dir='ltr'>παιδείᾳ</span> 
     </span>
    </p>
   </div>
   <div class='ocr_carea' id='block_1_6' title="bbox 474 486 2062 560">
    <p class='ocr_par' dir='ltr' id='par_1_6' title="bbox 474 486 2062 560">
     <span class='ocr_line' id='line_1_6' title="bbox 474 486 2062 560; baseline 0 -15"><span class='ocrx_word' id='word_1_18' title='bbox 474 490 609 554; x_wconf 83' lang='lat' dir='ltr'><strong>diat,</strong></span> <span class='ocrx_word' id='word_1_19' title='bbox 647 503 748 545; x_wconf 88' lang='lat' dir='ltr'><strong>nec</strong></span> <span class='ocrx_word' id='word_1_20' title='bbox 779 488 1044 546; x_wconf 74' lang='lat' dir='ltr'><strong>infantem</strong></span> <span class='ocrx_word' id='word_1_21' title='bbox 1084 486 1277 545; x_wconf 89' lang='lat' dir='ltr'><strong>eadem</strong></span> <span class='ocrx_word' id='word_1_22' title='bbox 1325 503 1436 560; x_wconf 87' lang='lat' dir='ltr'><strong>qua</strong></span> <span class='ocrx_word' id='word_1_23' title='bbox 1478 487 1949 546; x_wconf 80' lang='lat' dir='ltr'><strong>adolescentulum</strong></span> <span class='ocrx_word' id='word_1_24' title='bbox 1976 490 2062 545; x_wconf 89' lang='lat' dir='ltr'><strong>di-</strong></span> 
     </span>
    </p>
   </div>
   <div class='ocr_carea' id='block_1_7' title="bbox 476 578 2067 653">
    <p class='ocr_par' dir='ltr' id='par_1_7' title="bbox 476 578 2067 653">
     <span class='ocr_line' id='line_1_7' title="bbox 476 578 2067 653; baseline 0.004 -19"><span class='ocrx_word' id='word_1_25' title='bbox 476 578 763 649; x_wconf 85' lang='lat' dir='ltr'><strong>sciplinam</strong></span> <span class='ocrx_word' id='word_1_26' title='bbox 814 581 1128 645; x_wconf 89' lang='lat' dir='ltr'><strong>contineat,</strong></span> <span class='ocrx_word' id='word_1_27' title='bbox 1177 595 1280 636; x_wconf 90' lang='lat' dir='ltr'><strong>nec</strong></span> <span class='ocrx_word' id='word_1_28' title='bbox 1328 580 1802 638; x_wconf 87' lang='lat' dir='ltr'><strong>adolescentulum</strong></span> <span class='ocrx_word' id='word_1_29' title='bbox 1836 583 2067 653; x_wconf 81' lang='lat' dir='ltr'><strong>perinde</strong></span> 
     </span>
    </p>
   </div>
   <div class='ocr_carea' id='block_1_8' title="bbox 476 670 2068 742">
    <p class='ocr_par' dir='ltr' id='par_1_8' title="bbox 476 670 2068 742">
     <span class='ocr_line' id='line_1_8' title="bbox 476 670 2068 742; baseline 0.004 -19"><span class='ocrx_word' id='word_1_30' title='bbox 476 685 541 724; x_wconf 90' lang='lat' dir='ltr'><strong>ac</strong></span> <span class='ocrx_word' id='word_1_31' title='bbox 591 670 884 740; x_wconf 80' lang='lat' dir='ltr'><strong>juvenem,</strong></span> <span class='ocrx_word' id='word_1_32' title='bbox 912 680 1030 725; x_wconf 39' lang='lat' dir='ltr'><strong>[aut</strong></span> <span class='ocrx_word' id='word_1_33' title='bbox 1085 671 1235 726; x_wconf 91' lang='lat' dir='ltr'><strong>hunc</strong></span> <span class='ocrx_word' id='word_1_34' title='bbox 1283 679 1343 726; x_wconf 90' lang='lat' dir='ltr'><strong>ut</strong></span> <span class='ocrx_word' id='word_1_35' title='bbox 1401 673 1628 728; x_wconf 85' lang='lat' dir='ltr'><strong>robusta</strong></span> <span class='ocrx_word' id='word_1_36' title='bbox 1657 672 1773 742; x_wconf 89' lang='lat' dir='ltr'><strong>jam</strong></span> <span class='ocrx_word' id='word_1_37' title='bbox 1811 688 1876 729; x_wconf 88' lang='lat' dir='ltr'><strong>ac</strong></span> <span class='ocrx_word' id='word_1_38' title='bbox 1918 674 2068 739; x_wconf 74' lang='lat' dir='ltr'><strong>yirili</strong></span> 
     </span>
    </p>
   </div>
   <div class='ocr_carea' id='block_1_9' title="bbox 452 764 2070 838">
    <p class='ocr_par' dir='ltr' id='par_1_9' title="bbox 452 764 2070 838">
     <span class='ocr_line' id='line_1_9' title="bbox 452 764 2070 838; baseline 0.004 -22"><span class='ocrx_word' id='word_1_39' title='bbox 452 770 633 818; x_wconf 51' lang='lat' dir='ltr'><strong>atate</strong></span> <span class='ocrx_word' id='word_1_40' title='bbox 678 771 950 820; x_wconf 73' lang='lat' dir='ltr'><strong>coerceat.</strong></span> <span class='ocrx_word' id='word_1_41' title='bbox 978 764 1237 829; x_wconf 84' lang='lat' dir='ltr'><strong>Quinimo</strong></span> <span class='ocrx_word' id='word_1_42' title='bbox 1296 764 1555 820; x_wconf 89' lang='lat' dir='ltr'><strong>tenellum</strong></span> <span class='ocrx_word' id='word_1_43' title='bbox 1587 764 1802 830; x_wconf 86' lang='lat' dir='ltr'><strong>adhuc,</strong></span> <span class='ocrx_word' id='word_1_44' title='bbox 1827 781 1890 822; x_wconf 89' lang='lat' dir='ltr'><strong>ac</strong></span> <span class='ocrx_word' id='word_1_45' title='bbox 1931 783 2070 838; x_wconf 89' lang='lat' dir='ltr'><strong>pene</strong></span> 
     </span>
    </p>
   </div>
   <div class='ocr_carea' id='block_1_10' title="bbox 478 851 2067 929">
    <p class='ocr_par' dir='ltr' id='par_1_10' title="bbox 478 851 2067 929">
     <span class='ocr_line' id='line_1_10' title="bbox 478 851 2067 929; baseline 0.005 -24"><span class='ocrx_word' id='word_1_46' title='bbox 478 851 768 909; x_wconf 85' lang='lat' dir='ltr'><strong>lactentem</strong></span> <span class='ocrx_word' id='word_1_47' title='bbox 820 854 992 926; x_wconf 90' lang='lat' dir='ltr'><strong>digito</strong></span> <span class='ocrx_word' id='word_1_48' title='bbox 1041 854 1311 924; x_wconf 74' lang='lat' dir='ltr'><strong>castigat;</strong></span> <span class='ocrx_word' id='word_1_49' title='bbox 1369 856 1663 927; x_wconf 86' lang='lat' dir='ltr'><strong>puerulum</strong></span> <span class='ocrx_word' id='word_1_50' title='bbox 1730 872 1858 912; x_wconf 87' lang='lat' dir='ltr'><strong>vero</strong></span> <span class='ocrx_word' id='word_1_51' title='bbox 1904 859 2067 929; x_wconf 88' lang='lat' dir='ltr'><strong>paulo</strong></span> 
     </span>
    </p>
   </div>
   <div class='ocr_carea' id='block_1_11' title="bbox 474 945 2070 1020">
    <p class='ocr_par' dir='ltr' id='par_1_11' title="bbox 474 945 2070 1020">
     <span class='ocr_line' id='line_1_11' title="bbox 474 945 2070 1020; baseline 0.005 -22"><span class='ocrx_word' id='word_1_52' title='bbox 474 945 829 1017; x_wconf 71' lang='lat' dir='ltr'><strong>grandiorem</strong></span> <span class='ocrx_word' id='word_1_53' title='bbox 877 947 1136 1018; x_wconf 81' lang='lat' dir='ltr'><strong>colapho,</strong></span> <span class='ocrx_word' id='word_1_54' title='bbox 1185 948 1320 1003; x_wconf 89' lang='lat' dir='ltr'><strong>loris</strong></span> <span class='ocrx_word' id='word_1_55' title='bbox 1374 948 1883 1017; x_wconf 84' lang='lat' dir='ltr'><strong>adolescentulum,</strong></span> <span class='ocrx_word' id='word_1_56' title='bbox 1910 951 2070 1020; x_wconf 85' lang='lat' dir='ltr'><strong>juve-</strong></span> 
     </span>
    </p>
   </div>
   <div class='ocr_carea' id='block_1_12' title="bbox 477 1039 2072 1112">
    <p class='ocr_par' dir='ltr' id='par_1_12' title="bbox 477 1039 2072 1112">
     <span class='ocr_line' id='line_1_12' title="bbox 477 1039 2072 1112; baseline 0.004 -17"><span class='ocrx_word' id='word_1_57' title='bbox 477 1055 605 1095; x_wconf 85' lang='lat' dir='ltr'><strong>nem</strong></span> <span class='ocrx_word' id='word_1_58' title='bbox 634 1040 808 1111; x_wconf 77' lang='lat' dir='ltr'><strong>virgis</strong></span> <span class='ocrx_word' id='word_1_59' title='bbox 836 1040 1111 1112; x_wconf 87' lang='lat' dir='ltr'><strong>objurgat.</strong></span> <span class='ocrx_word' id='word_1_60' title='bbox 1153 1039 1327 1097; x_wconf 90' lang='lat' dir='ltr'><strong>Porro</strong></span> <span class='ocrx_word' id='word_1_61' title='bbox 1356 1040 1449 1097; x_wconf 88' lang='lat' dir='ltr'><strong>ubi</strong></span> <span class='ocrx_word' id='word_1_62' title='bbox 1488 1042 1573 1097; x_wconf 89' lang='lat' dir='ltr'><strong>vir</strong></span> <span class='ocrx_word' id='word_1_63' title='bbox 1603 1042 1745 1098; x_wconf 88' lang='lat' dir='ltr'><strong>inter</strong></span> <span class='ocrx_word' id='word_1_64' title='bbox 1773 1043 1922 1099; x_wconf 84' lang='lat' dir='ltr'><strong>viros</strong></span> <span class='ocrx_word' id='word_1_65' title='bbox 1947 1058 2072 1101; x_wconf 88' lang='lat' dir='ltr'><strong>esse</strong></span> 
     </span>
    </p>
   </div>
   <div class='ocr_carea' id='block_1_13' title="bbox 479 1132 2071 1206">
    <p class='ocr_par' dir='ltr' id='par_1_13' title="bbox 479 1132 2071 1206">
     <span class='ocr_line' id='line_1_13' title="bbox 479 1132 2071 1206; baseline 0.003 -19"><span class='ocrx_word' id='word_1_66' title='bbox 479 1132 669 1204; x_wconf 65' lang='lat' dir='ltr'><strong>capit,</strong></span> <span class='ocrx_word' id='word_1_67' title='bbox 699 1133 747 1189; x_wconf 90' lang='lat' dir='ltr'><strong>si</strong></span> <span class='ocrx_word' id='word_1_68' title='bbox 769 1134 993 1204; x_wconf 75' lang='lat' dir='ltr'><strong>gravius</strong></span> <span class='ocrx_word' id='word_1_69' title='bbox 1020 1134 1282 1205; x_wconf 85' lang='lat' dir='ltr'><strong>quiddam</strong></span> <span class='ocrx_word' id='word_1_70' title='bbox 1315 1132 1631 1204; x_wconf 85' lang='lat' dir='ltr'><strong>deliquerit,</strong></span> <span class='ocrx_word' id='word_1_71' title='bbox 1656 1134 1840 1206; x_wconf 88' lang='lat' dir='ltr'><strong>gladio</strong></span> <span class='ocrx_word' id='word_1_72' title='bbox 1858 1151 1923 1191; x_wconf 83' lang='lat' dir='ltr'><strong>ex</strong></span> <span class='ocrx_word' id='word_1_73' title='bbox 1956 1136 2071 1206; x_wconf 79' lang='lat' dir='ltr'><strong>lege</strong></span> 
     </span>
    </p>
   </div>
   <div class='ocr_carea' id='block_1_14' title="bbox 482 1224 2072 1299">
    <p class='ocr_par' dir='ltr' id='par_1_14' title="bbox 482 1224 2072 1299">
     <span class='ocr_line' id='line_1_14' title="bbox 482 1224 2072 1299; baseline 0.003 -19"><span class='ocrx_word' id='word_1_74' title='bbox 482 1225 876 1297; x_wconf 87' lang='lat' dir='ltr'><strong>plectetur.lta</strong></span> <span class='ocrx_word' id='word_1_75' title='bbox 923 1224 1194 1284; x_wconf 88' lang='lat' dir='ltr'><strong>Dominus</strong></span> <span class='ocrx_word' id='word_1_76' title='bbox 1242 1228 1544 1299; x_wconf 88' lang='lat' dir='ltr'><strong>unicuique</strong></span> <span class='ocrx_word' id='word_1_77' title='bbox 1591 1227 1875 1283; x_wconf 86' lang='lat' dir='ltr'><strong>hominum</strong></span> <span class='ocrx_word' id='word_1_78' title='bbox 1920 1228 2072 1285; x_wconf 63' lang='lat' dir='ltr'><strong>aetati</strong></span> 
     </span>
    </p>
   </div>
   <div class='ocr_carea' id='block_1_15' title="bbox 483 1318 2073 1389">
    <p class='ocr_par' dir='ltr' id='par_1_15' title="bbox 483 1318 2073 1389">
     <span class='ocr_line' id='line_1_15' title="bbox 483 1318 2073 1389; baseline 0.004 -20"><span class='ocrx_word' id='word_1_79' title='bbox 483 1322 851 1372; x_wconf 83' lang='lat' dir='ltr'><strong>consentanea</strong></span> <span class='ocrx_word' id='word_1_80' title='bbox 880 1319 1233 1389; x_wconf 84' lang='lat' dir='ltr'><strong>praescripsit.</strong></span> <span class='ocrx_word' id='word_1_81' title='bbox 1265 1318 1478 1389; x_wconf 84' lang='lat' dir='ltr'><strong>Quippe</strong></span> <span class='ocrx_word' id='word_1_82' title='bbox 1508 1327 1718 1375; x_wconf 82' lang='lat' dir='ltr'><strong>veteres</strong></span> <span class='ocrx_word' id='word_1_83' title='bbox 1748 1319 1906 1387; x_wconf 91' lang='lat' dir='ltr'><strong>illos,</strong></span> <span class='ocrx_word' id='word_1_84' title='bbox 1949 1328 2073 1376; x_wconf 85' lang='lat' dir='ltr'><strong>tan-</strong></span> 
     </span>
    </p>
   </div>
   <div class='ocr_carea' id='block_1_16' title="bbox 481 1410 2073 1484">
    <p class='ocr_par' dir='ltr' id='par_1_16' title="bbox 481 1410 2073 1484">
     <span class='ocr_line' id='line_1_16' title="bbox 481 1410 2073 1484; baseline 0.004 -23"><span class='ocrx_word' id='word_1_85' title='bbox 481 1423 646 1478; x_wconf 83' lang='lat' dir='ltr'><strong>quam</strong></span> <span class='ocrx_word' id='word_1_86' title='bbox 683 1424 808 1463; x_wconf 93' lang='lat' dir='ltr'><strong>cum</strong></span> <span class='ocrx_word' id='word_1_87' title='bbox 841 1411 1113 1479; x_wconf 88' lang='lat' dir='ltr'><strong>puerulis,</strong></span> <span class='ocrx_word' id='word_1_88' title='bbox 1160 1426 1225 1466; x_wconf 90' lang='lat' dir='ltr'><strong>ac</strong></span> <span class='ocrx_word' id='word_1_89' title='bbox 1255 1412 1363 1467; x_wconf 84' lang='lat' dir='ltr'><strong>vim</strong></span> <span class='ocrx_word' id='word_1_90' title='bbox 1412 1412 1590 1467; x_wconf 86' lang='lat' dir='ltr'><strong>sancti</strong></span> <span class='ocrx_word' id='word_1_91' title='bbox 1633 1410 1874 1482; x_wconf 86' lang='lat' dir='ltr'><strong>Spiritus</strong></span> <span class='ocrx_word' id='word_1_92' title='bbox 1914 1415 2073 1484; x_wconf 88' lang='lat' dir='ltr'><strong>igno-</strong></span> 
     </span>
    </p>
   </div>
   <div class='ocr_carea' id='block_1_17' title="bbox 482 1484 2071 1574">
    <p class='ocr_par' dir='ltr' id='par_1_17' title="bbox 482 1484 2071 1574">
     <span class='ocr_line' id='line_1_17' title="bbox 482 1484 2071 1574; baseline 0.003 -20"><span class='ocrx_word' id='word_1_93' title='bbox 482 1500 734 1555; x_wconf 83' lang='lat' dir='ltr'><strong>rantibus</strong></span> <span class='ocrx_word' id='word_1_94' title='bbox 775 1484 994 1571; x_wconf 82' lang='lat' dir='ltr'><strong>ageret,</strong></span> <span class='ocrx_word' id='word_1_95' title='bbox 1037 1511 1184 1557; x_wconf 91' lang='lat' dir='ltr'><strong>metu</strong></span> <span class='ocrx_word' id='word_1_96' title='bbox 1217 1518 1283 1558; x_wconf 90' lang='lat' dir='ltr'><strong>ac</strong></span> <span class='ocrx_word' id='word_1_97' title='bbox 1322 1512 1534 1559; x_wconf 85' lang='lat' dir='ltr'><strong>terrore</strong></span> <span class='ocrx_word' id='word_1_98' title='bbox 1573 1502 1898 1574; x_wconf 78' lang='lat' dir='ltr'><strong>castigabat.</strong></span> <span class='ocrx_word' id='word_1_99' title='bbox 1930 1502 2071 1558; x_wconf 81' lang='lat' dir='ltr'><strong>Tum</strong></span> 
     </span>
    </p>
   </div>
   <div class='ocr_carea' id='block_1_18' title="bbox 483 1592 2073 1677">
    <p class='ocr_par' dir='ltr' id='par_1_18' title="bbox 483 1592 2073 1677">
     <span class='ocr_line' id='line_1_18' title="bbox 483 1592 2073 1677; baseline 0.003 -29"><span class='ocrx_word' id='word_1_100' title='bbox 483 1592 908 1662; x_wconf 87' lang='lat' dir='ltr'><strong>perfectioribus</strong></span> <span class='ocrx_word' id='word_1_101' title='bbox 936 1595 1265 1666; x_wconf 82' lang='lat' dir='ltr'><strong>perfectiora</strong></span> <span class='ocrx_word' id='word_1_102' title='bbox 1298 1598 1558 1668; x_wconf 83' lang='lat' dir='ltr'><strong>mysteria</strong></span> <span class='ocrx_word' id='word_1_103' title='bbox 1590 1599 1900 1669; x_wconf 85' lang='lat' dir='ltr'><strong>preposuit.</strong></span> <span class='ocrx_word' id='word_1_104' title='bbox 1935 1596 2073 1677; x_wconf 86' lang='lat' dir='ltr'><strong>Nam</strong></span> 
     </span>
    </p>
   </div>
   <div class='ocr_carea' id='block_1_19' title="bbox 483 1685 2074 1762">
    <p class='ocr_par' dir='ltr' id='par_1_19' title="bbox 483 1685 2074 1762">
     <span class='ocr_line' id='line_1_19' title="bbox 483 1685 2074 1762; baseline 0.006 -24"><span class='ocrx_word' id='word_1_105' title='bbox 483 1685 538 1738; x_wconf 90' lang='lat' dir='ltr'><strong>in</strong></span> <span class='ocrx_word' id='word_1_106' title='bbox 564 1685 726 1756; x_wconf 71' lang='lat'><strong>227</strong></span> <span class='ocrx_word' id='word_1_107' title='bbox 750 1685 1044 1758; x_wconf 84' lang='lat' dir='ltr'><strong>Evangelio</strong></span> <span class='ocrx_word' id='word_1_108' title='bbox 1068 1689 1274 1759; x_wconf 89' lang='lat' dir='ltr'><strong>passim</strong></span> <span class='ocrx_word' id='word_1_109' title='bbox 1301 1690 1376 1744; x_wconf 89' lang='lat' dir='ltr'><strong>ita</strong></span> <span class='ocrx_word' id='word_1_110' title='bbox 1395 1690 1697 1762; x_wconf 85' lang='lat' dir='ltr'><strong>discipulos</strong></span> <span class='ocrx_word' id='word_1_111' title='bbox 1714 1690 2074 1760; x_wconf 88' lang='lat' dir='ltr'><strong>compellasse</strong></span> 
     </span>
    </p>
   </div>
   <div class='ocr_carea' id='block_1_20' title="bbox 2174 487 3762 567">
    <p class='ocr_par' dir='ltr' id='par_1_20' title="bbox 2174 487 3762 567">
     <span class='ocr_line' id='line_1_20' title="bbox 2174 487 3762 567; baseline -0.001 -19"><span class='ocrx_word' id='word_1_112' title='bbox 2174 493 2271 549; x_wconf 74' lang='lat' dir='ltr'><strong>ml.</strong></span> <span class='ocrx_word' id='word_1_113' title='bbox 2306 494 2409 548; x_wconf 81' lang='grc' dir='ltr'>οὐκ</span> <span class='ocrx_word' id='word_1_114' title='bbox 2441 493 2572 559; x_wconf 73' lang='grc' dir='ltr'>ἴσως</span> <span class='ocrx_word' id='word_1_115' title='bbox 2596 493 2657 547; x_wconf 85' lang='grc' dir='ltr'><strong>τὺ</strong></span> <span class='ocrx_word' id='word_1_116' title='bbox 2699 493 2896 565; x_wconf 78' lang='grc' dir='ltr'>μικρὸν</span> <span class='ocrx_word' id='word_1_117' title='bbox 2940 487 3140 565; x_wconf 80' lang='grc' dir='ltr'><strong>βρέφος</strong></span> <span class='ocrx_word' id='word_1_118' title='bbox 3176 490 3420 546; x_wconf 83' lang='grc' dir='ltr'><strong>παιδεύει</strong></span> <span class='ocrx_word' id='word_1_119' title='bbox 3451 491 3531 563; x_wconf 79' lang='grc' dir='ltr'><strong>τῷ</strong></span> <span class='ocrx_word' id='word_1_120' title='bbox 3568 510 3762 567; x_wconf 83' lang='grc' dir='ltr'>μειρα-</span> 
     </span>
    </p>
   </div>
   <div class='ocr_carea' id='block_1_21' title="bbox 2169 581 3764 658">
    <p class='ocr_par' dir='ltr' id='par_1_21' title="bbox 2169 581 3764 658">
     <span class='ocr_line' id='line_1_21' title="bbox 2169 581 3764 658; baseline 0 -18"><span class='ocrx_word' id='word_1_121' title='bbox 2169 584 2295 658; x_wconf 81' lang='grc' dir='ltr'>κίῳ,</span> <span class='ocrx_word' id='word_1_122' title='bbox 2325 585 2450 639; x_wconf 75' lang='grc' dir='ltr'>οὐδὲ</span> <span class='ocrx_word' id='word_1_123' title='bbox 2478 585 2538 639; x_wconf 84' lang='grc' dir='ltr'>τὸ</span> <span class='ocrx_word' id='word_1_124' title='bbox 2572 584 2858 657; x_wconf 83' lang='grc' dir='ltr'>μειράκιον</span> <span class='ocrx_word' id='word_1_125' title='bbox 2905 583 3168 648; x_wconf 77' lang='grc' dir='ltr'><strong>ὡσαύτως</strong></span> <span class='ocrx_word' id='word_1_126' title='bbox 3197 581 3276 654; x_wconf 75' lang='grc' dir='ltr'>τῷ</span> <span class='ocrx_word' id='word_1_127' title='bbox 3312 584 3604 656; x_wconf 82' lang='grc' dir='ltr'>νεανίσκῳ,</span> <span class='ocrx_word' id='word_1_128' title='bbox 3641 585 3764 641; x_wconf 65' lang='grc' dir='ltr'>οὐδὲ</span> 
     </span>
    </p>
   </div>
   <div class='ocr_carea' id='block_1_22' title="bbox 2168 673 3766 749">
    <p class='ocr_par' dir='ltr' id='par_1_22' title="bbox 2168 673 3766 749">
     <span class='ocr_line' id='line_1_22' title="bbox 2168 673 3766 749; baseline 0.002 -19"><span class='ocrx_word' id='word_1_129' title='bbox 2168 677 2262 732; x_wconf 78' lang='grc' dir='ltr'>τὸν</span> <span class='ocrx_word' id='word_1_130' title='bbox 2333 676 2555 732; x_wconf 86' lang='grc' dir='ltr'>νεανίαν</span> <span class='ocrx_word' id='word_1_131' title='bbox 2606 675 2686 747; x_wconf 81' lang='grc' dir='ltr'>τῷ</span> <span class='ocrx_word' id='word_1_132' title='bbox 2737 674 2929 747; x_wconf 79' lang='grc' dir='ltr'>τελείῳ</span> <span class='ocrx_word' id='word_1_133' title='bbox 2963 674 3137 747; x_wconf 82' lang='grc' dir='ltr'>ἀνδρί.</span> <span class='ocrx_word' id='word_1_134' title='bbox 3181 673 3347 729; x_wconf 69' lang='grc' dir='ltr'>Ἀλλὰ</span> <span class='ocrx_word' id='word_1_135' title='bbox 3377 675 3458 748; x_wconf 84' lang='grc' dir='ltr'><strong>τῷ</strong></span> <span class='ocrx_word' id='word_1_136' title='bbox 3492 677 3596 749; x_wconf 79' lang='grc' dir='ltr'>μὲν</span> <span class='ocrx_word' id='word_1_137' title='bbox 3632 678 3766 733; x_wconf 79' lang='grc' dir='ltr'>ὐπο-</span> 
     </span>
    </p>
   </div>
   <div class='ocr_carea' id='block_1_23' title="bbox 2170 766 3764 840">
    <p class='ocr_par' dir='ltr' id='par_1_23' title="bbox 2170 766 3764 840">
     <span class='ocr_line' id='line_1_23' title="bbox 2170 766 3764 840; baseline 0.001 -19"><span class='ocrx_word' id='word_1_138' title='bbox 2170 768 2361 839; x_wconf 86' lang='grc' dir='ltr'>τιτθίῳ</span> <span class='ocrx_word' id='word_1_139' title='bbox 2391 768 2480 823; x_wconf 80' lang='grc' dir='ltr'>διὰ</span> <span class='ocrx_word' id='word_1_140' title='bbox 2506 766 2771 822; x_wconf 82' lang='grc' dir='ltr'><strong>δακτύλου</strong></span> <span class='ocrx_word' id='word_1_141' title='bbox 2810 766 3028 820; x_wconf 84' lang='grc' dir='ltr'>παιδεία</span> <span class='ocrx_word' id='word_1_142' title='bbox 3052 766 3287 836; x_wconf 81' lang='grc' dir='ltr'>γίνεται,</span> <span class='ocrx_word' id='word_1_143' title='bbox 3321 766 3520 839; x_wconf 84' lang='grc' dir='ltr'>παιδίῳ</span> <span class='ocrx_word' id='word_1_144' title='bbox 3552 766 3610 823; x_wconf 84' lang='grc' dir='ltr'>δὲ</span> <span class='ocrx_word' id='word_1_145' title='bbox 3639 768 3764 840; x_wconf 77' lang='grc' dir='ltr'>μεί-</span> 
     </span>
    </p>
   </div>
   <div class='ocr_carea' id='block_1_24' title="bbox 2172 855 3768 932">
    <p class='ocr_par' dir='ltr' id='par_1_24' title="bbox 2172 855 3768 932">
     <span class='ocr_line' id='line_1_24' title="bbox 2172 855 3768 932; baseline -0.002 -19"><span class='ocrx_word' id='word_1_146' title='bbox 2172 856 2289 923; x_wconf 77' lang='grc' dir='ltr'>ξονι</span> <span class='ocrx_word' id='word_1_147' title='bbox 2311 858 2403 913; x_wconf 80' lang='grc' dir='ltr'><strong>διὰ</strong></span> <span class='ocrx_word' id='word_1_148' title='bbox 2429 859 2612 932; x_wconf 79' lang='grc' dir='ltr'>χειρὸς</span> <span class='ocrx_word' id='word_1_149' title='bbox 2644 856 3007 931; x_wconf 76' lang='grc' dir='ltr'>ῤαὶσματος,</span> <span class='ocrx_word' id='word_1_150' title='bbox 3034 856 3308 929; x_wconf 78' lang='grc' dir='ltr'><strong>μειρακίῳ</strong></span> <span class='ocrx_word' id='word_1_151' title='bbox 3331 855 3388 910; x_wconf 82' lang='grc' dir='ltr'>δὲ</span> <span class='ocrx_word' id='word_1_152' title='bbox 3420 855 3510 911; x_wconf 78' lang='grc' dir='ltr'>διὰ</span> <span class='ocrx_word' id='word_1_153' title='bbox 3541 857 3768 928; x_wconf 83' lang='grc' dir='ltr'>ἱμάντος</span> 
     </span>
    </p>
   </div>
   <div class='ocr_carea' id='block_1_25' title="bbox 2171 947 3769 1024">
    <p class='ocr_par' dir='ltr' id='par_1_25' title="bbox 2171 947 3769 1024">
     <span class='ocr_line' id='line_1_25' title="bbox 2171 947 3769 1024; baseline -0.004 -16"><span class='ocrx_word' id='word_1_154' title='bbox 2171 952 2441 1024; x_wconf 82' lang='grc' dir='ltr'>νεανίσκῳ</span> <span class='ocrx_word' id='word_1_155' title='bbox 2497 952 2586 1006; x_wconf 84' lang='grc' dir='ltr'>διὰ</span> <span class='ocrx_word' id='word_1_156' title='bbox 2632 950 2867 1023; x_wconf 54' lang='grc' dir='ltr'><strong>ῥάϐδου(</strong></span> <span class='ocrx_word' id='word_1_157' title='bbox 2888 949 3050 1020; x_wconf 78' lang='grc' dir='ltr'>ἀνδρὶ</span> <span class='ocrx_word' id='word_1_158' title='bbox 3083 948 3142 1003; x_wconf 84' lang='grc' dir='ltr'>δὲ</span> <span class='ocrx_word' id='word_1_159' title='bbox 3178 948 3460 1018; x_wconf 79' lang='grc' dir='ltr'><strong>ἐκδίκησις</strong></span> <span class='ocrx_word' id='word_1_160' title='bbox 3488 947 3603 1003; x_wconf 86' lang='grc' dir='ltr'><strong>τῶν</strong></span> <span class='ocrx_word' id='word_1_161' title='bbox 3644 965 3769 1021; x_wconf 78' lang='grc' dir='ltr'>μει·</span> 
     </span>
    </p>
   </div>
   <div class='ocr_carea' id='block_1_26' title="bbox 2174 1040 3771 1116">
    <p class='ocr_par' dir='ltr' id='par_1_26' title="bbox 2174 1040 3771 1116">
     <span class='ocr_line' id='line_1_26' title="bbox 2174 1040 3771 1116; baseline -0.001 -18"><span class='ocrx_word' id='word_1_162' title='bbox 2174 1044 2342 1110; x_wconf 79' lang='grc' dir='ltr'>ζόνων</span> <span class='ocrx_word' id='word_1_163' title='bbox 2405 1044 2872 1116; x_wconf 80' lang='grc' dir='ltr'>παραπτωμάτων</span> <span class='ocrx_word' id='word_1_164' title='bbox 2927 1042 3175 1114; x_wconf 84' lang='grc' dir='ltr'>μάχαιρα</span> <span class='ocrx_word' id='word_1_165' title='bbox 3225 1041 3315 1095; x_wconf 81' lang='grc' dir='ltr'>διὰ</span> <span class='ocrx_word' id='word_1_166' title='bbox 3356 1040 3523 1113; x_wconf 80' lang='grc' dir='ltr'>νόμου</span> <span class='ocrx_word' id='word_1_167' title='bbox 3543 1058 3560 1072; x_wconf 75' lang='grc' dir='ltr'>ο</span> <span class='ocrx_word' id='word_1_168' title='bbox 3622 1040 3771 1097; x_wconf 79' lang='grc' dir='ltr'>οὕτω</span> 
     </span>
    </p>
   </div>
   <div class='ocr_carea' id='block_1_27' title="bbox 2172 1134 3773 1208">
    <p class='ocr_par' dir='ltr' id='par_1_27' title="bbox 2172 1134 3773 1208">
     <span class='ocr_line' id='line_1_27' title="bbox 2172 1134 3773 1208; baseline 0 -19"><span class='ocrx_word' id='word_1_169' title='bbox 2172 1135 2271 1190; x_wconf 68' lang='grc' dir='ltr'>καὶ</span> <span class='ocrx_word' id='word_1_170' title='bbox 2322 1137 2351 1190; x_wconf 85' lang='grc' dir='ltr'><strong>δ</strong></span> <span class='ocrx_word' id='word_1_171' title='bbox 2402 1136 2608 1208; x_wconf 82' lang='grc' dir='ltr'>Κύριος</span> <span class='ocrx_word' id='word_1_172' title='bbox 2641 1134 2772 1207; x_wconf 78' lang='grc' dir='ltr'><strong>ἑξῆς</strong></span> <span class='ocrx_word' id='word_1_173' title='bbox 2806 1136 3118 1208; x_wconf 71' lang='grc' dir='ltr'><strong>ἐνομοθέτει</strong></span> <span class='ocrx_word' id='word_1_174' title='bbox 3146 1135 3352 1207; x_wconf 78' lang='grc' dir='ltr'>ἑκάστῃ</span> <span class='ocrx_word' id='word_1_175' title='bbox 3385 1136 3551 1207; x_wconf 83' lang='grc' dir='ltr'><strong>γενεᾷ</strong></span> <span class='ocrx_word' id='word_1_176' title='bbox 3596 1135 3773 1208; x_wconf 80' lang='grc' dir='ltr'>ἁρμό-</span> 
     </span>
    </p>
   </div>
   <div class='ocr_carea' id='block_1_28' title="bbox 2174 1224 3776 1300">
    <p class='ocr_par' dir='ltr' id='par_1_28' title="bbox 2174 1224 3776 1300">
     <span class='ocr_line' id='line_1_28' title="bbox 2174 1224 3776 1300; baseline 0 -20"><span class='ocrx_word' id='word_1_177' title='bbox 2174 1226 2359 1291; x_wconf 78' lang='grc' dir='ltr'>ζοντα.</span> <span class='ocrx_word' id='word_1_178' title='bbox 2424 1227 2697 1291; x_wconf 88' lang='grc' dir='ltr'>Ἐκείνους</span> <span class='ocrx_word' id='word_1_179' title='bbox 2748 1227 2846 1299; x_wconf 75' lang='grc' dir='ltr'>μὲν</span> <span class='ocrx_word' id='word_1_180' title='bbox 2902 1226 3013 1300; x_wconf 79' lang='grc' dir='ltr'><strong>γὰρ</strong></span> <span class='ocrx_word' id='word_1_181' title='bbox 3067 1226 3218 1298; x_wconf 73' lang='grc' dir='ltr'>φέϐῳ</span> <span class='ocrx_word' id='word_1_182' title='bbox 3268 1224 3657 1299; x_wconf 74' lang='grc' dir='ltr'>ὲσωφρόνιζεν,</span> <span class='ocrx_word' id='word_1_183' title='bbox 3695 1227 3776 1292; x_wconf 85' lang='grc' dir='ltr'><strong>ὡς</strong></span> 
     </span>
    </p>
   </div>
   <div class='ocr_carea' id='block_1_29' title="bbox 2174 1317 3777 1392">
    <p class='ocr_par' dir='ltr' id='par_1_29' title="bbox 2174 1317 3777 1392">
     <span class='ocr_line' id='line_1_29' title="bbox 2174 1317 3777 1392; baseline 0 -20"><span class='ocrx_word' id='word_1_184' title='bbox 2174 1318 2409 1383; x_wconf 82' lang='grc' dir='ltr'>παιδίοις</span> <span class='ocrx_word' id='word_1_185' title='bbox 2452 1322 2668 1391; x_wconf 84' lang='grc' dir='ltr'>μικροῖς</span> <span class='ocrx_word' id='word_1_186' title='bbox 2705 1319 3109 1392; x_wconf 86' lang='grc' dir='ltr'>διαλεγόμενος,</span> <span class='ocrx_word' id='word_1_187' title='bbox 3144 1318 3242 1373; x_wconf 75' lang='grc' dir='ltr'>καὶ</span> <span class='ocrx_word' id='word_1_188' title='bbox 3272 1317 3526 1388; x_wconf 77' lang='grc' dir='ltr'>ἀγνοοῦσι</span> <span class='ocrx_word' id='word_1_189' title='bbox 3555 1319 3659 1391; x_wconf 77' lang='grc' dir='ltr'>τὴν</span> <span class='ocrx_word' id='word_1_190' title='bbox 3679 1318 3777 1372; x_wconf 77' lang='grc' dir='ltr'><strong>δύο</strong></span> 
     </span>
    </p>
   </div>
   <div class='ocr_carea' id='block_1_30' title="bbox 2175 1409 3777 1483">
    <p class='ocr_par' dir='ltr' id='par_1_30' title="bbox 2175 1409 3777 1483">
     <span class='ocr_line' id='line_1_30' title="bbox 2175 1409 3777 1483; baseline -0.001 -19"><span class='ocrx_word' id='word_1_191' title='bbox 2175 1429 2341 1483; x_wconf 84' lang='grc' dir='ltr'>ναμιν</span> <span class='ocrx_word' id='word_1_192' title='bbox 2393 1411 2488 1466; x_wconf 78' lang='grc' dir='ltr'>τοῦ</span> <span class='ocrx_word' id='word_1_193' title='bbox 2526 1412 2684 1480; x_wconf 85' lang='grc' dir='ltr'>ἁγίου</span> <span class='ocrx_word' id='word_1_194' title='bbox 2724 1411 3044 1483; x_wconf 86' lang='grc' dir='ltr'>Πνεὺματος</span> <span class='ocrx_word' id='word_1_195' title='bbox 3066 1428 3081 1444; x_wconf 86' lang='grc'>·</span> <span class='ocrx_word' id='word_1_196' title='bbox 3110 1412 3243 1475; x_wconf 83' lang='grc' dir='ltr'>τοὺς</span> <span class='ocrx_word' id='word_1_197' title='bbox 3287 1409 3345 1464; x_wconf 80' lang='grc' dir='ltr'>δὲ</span> <span class='ocrx_word' id='word_1_198' title='bbox 3389 1409 3653 1475; x_wconf 80' lang='grc' dir='ltr'>τελείους,</span> <span class='ocrx_word' id='word_1_199' title='bbox 3686 1427 3777 1463; x_wconf 84' lang='grc' dir='ltr'>τε·</span> 
     </span>
    </p>
   </div>
   <div class='ocr_carea' id='block_1_31' title="bbox 2174 1500 3778 1576">
    <p class='ocr_par' dir='ltr' id='par_1_31' title="bbox 2174 1500 3778 1576">
     <span class='ocr_line' id='line_1_31' title="bbox 2174 1500 3778 1576; baseline -0.001 -21"><span class='ocrx_word' id='word_1_200' title='bbox 2174 1502 2335 1558; x_wconf 82' lang='grc' dir='ltr'>λείων</span> <span class='ocrx_word' id='word_1_201' title='bbox 2393 1502 2546 1574; x_wconf 70' lang='grc' dir='ltr'>ἠξίου</span> <span class='ocrx_word' id='word_1_202' title='bbox 2591 1503 2930 1576; x_wconf 81' lang='grc' dir='ltr'>μυστηρίων.</span> <span class='ocrx_word' id='word_1_203' title='bbox 2963 1505 3078 1558; x_wconf 54' lang='grc' dir='ltr'><strong>Καὶ⁸</strong></span> <span class='ocrx_word' id='word_1_204' title='bbox 3103 1504 3161 1556; x_wconf 82' lang='grc' dir='ltr'><strong>ὲν</strong></span> <span class='ocrx_word' id='word_1_205' title='bbox 3192 1502 3273 1574; x_wconf 84' lang='grc' dir='ltr'>τῷ</span> <span class='ocrx_word' id='word_1_206' title='bbox 3312 1500 3634 1573; x_wconf 78' lang='grc' dir='ltr'>Εὕαγγελίῳ</span> <span class='ocrx_word' id='word_1_207' title='bbox 3663 1501 3778 1573; x_wconf 84' lang='grc' dir='ltr'><strong>γὰρ</strong></span> 
     </span>
    </p>
   </div>
   <div class='ocr_carea' id='block_1_32' title="bbox 2176 1592 3773 1666">
    <p class='ocr_par' dir='ltr' id='par_1_32' title="bbox 2176 1592 3773 1666">
     <span class='ocr_line' id='line_1_32' title="bbox 2176 1592 3773 1666; baseline -0.001 -18"><span class='ocrx_word' id='word_1_208' title='bbox 2176 1593 2320 1648; x_wconf 77' lang='grc' dir='ltr'>οὕτω</span> <span class='ocrx_word' id='word_1_209' title='bbox 2375 1611 2495 1658; x_wconf 88' lang='grc' dir='ltr'><strong>πως</strong></span> <span class='ocrx_word' id='word_1_210' title='bbox 2551 1594 2698 1664; x_wconf 84' lang='grc' dir='ltr'>λέγει</span> <span class='ocrx_word' id='word_1_211' title='bbox 2742 1597 2858 1659; x_wconf 67' lang='grc' dir='ltr'>τοῖς</span> <span class='ocrx_word' id='word_1_212' title='bbox 2900 1595 3167 1666; x_wconf 77' lang='grc' dir='ltr'>μαθηταῖς</span> <span class='ocrx_word' id='word_1_213' title='bbox 3207 1595 3267 1647; x_wconf 80' lang='grc' dir='ltr'><strong>ὲν</strong></span> <span class='ocrx_word' id='word_1_214' title='bbox 3306 1592 3520 1657; x_wconf 79' lang='grc' dir='ltr'>πολλοῖς</span> <span class='ocrx_word' id='word_1_215' title='bbox 3547 1594 3773 1657; x_wconf 76' lang='grc' dir='ltr'>τόποις’</span> 
     </span>
    </p>
   </div>
   <div class='ocr_carea' id='block_1_33' title="bbox 2189 1684 3780 1756">
    <p class='ocr_par' dir='ltr' id='par_1_33' title="bbox 2189 1684 3780 1756">
     <span class='ocr_line' id='line_1_33' title="bbox 2189 1684 3780 1756; baseline -0.003 -14"><span class='ocrx_word' id='word_1_216' title='bbox 2189 1688 2313 1742; x_wconf 84' lang='grc' dir='ltr'><strong>Οὐκ</strong></span> <span class='ocrx_word' id='word_1_217' title='bbox 2343 1685 2543 1741; x_wconf 78' lang='grc' dir='ltr'>οῖδατε</span> <span class='ocrx_word' id='word_1_218' title='bbox 2575 1687 2632 1741; x_wconf 83' lang='grc' dir='ltr'><strong>τι</strong></span> <span class='ocrx_word' id='word_1_219' title='bbox 2675 1686 2866 1742; x_wconf 60' lang='grc' dir='ltr'>ποιῶ*</span> <span class='ocrx_word' id='word_1_220' title='bbox 2884 1688 3143 1756; x_wconf 77' lang='grc' dir='ltr'>ὕστερον</span> <span class='ocrx_word' id='word_1_221' title='bbox 3159 1685 3229 1739; x_wconf 79' lang='grc' dir='ltr'>δὲ</span> <span class='ocrx_word' id='word_1_222' title='bbox 3256 1684 3587 1756; x_wconf 79' lang='grc' dir='ltr'>γνώσεσθε,</span> <span class='ocrx_word' id='word_1_223' title='bbox 3620 1701 3780 1738; x_wconf 87' lang='grc' dir='ltr'>τουτ-</span> 
     </span>
    </p>
   </div>
   <div class='ocr_carea' id='block_1_34' title="bbox 483 1775 2079 1853">
    <p class='ocr_par' dir='ltr' id='par_1_34' title="bbox 483 1776 2073 1853">
     <span class='ocr_line' id='line_1_34' title="bbox 483 1776 2073 1853; baseline 0.002 -21"><span class='ocrx_word' id='word_1_224' title='bbox 483 1776 684 1848; x_wconf 87' lang='lat' dir='ltr'><strong>legitur</strong></span> <span class='ocrx_word' id='word_1_225' title='bbox 711 1798 723 1834; x_wconf 92' lang='lat'><strong>:</strong></span> <span class='ocrx_word' id='word_1_226' title='bbox 751 1778 983 1835; x_wconf 75' lang='lat' dir='ltr'><strong>Nescitis</strong></span> <span class='ocrx_word' id='word_1_227' title='bbox 1012 1782 1139 1851; x_wconf 79' lang='lat' dir='ltr'><strong>quid</strong></span> <span class='ocrx_word' id='word_1_228' title='bbox 1169 1782 1333 1851; x_wconf 79' lang='lat' dir='ltr'><strong>facio,</strong></span> <span class='ocrx_word' id='word_1_229' title='bbox 1367 1783 1549 1836; x_wconf 76' lang='lat' dir='ltr'><strong>scietis</strong></span> <span class='ocrx_word' id='word_1_230' title='bbox 1590 1791 1765 1837; x_wconf 86' lang='lat' dir='ltr'><strong>autem</strong></span> <span class='ocrx_word' id='word_1_231' title='bbox 1805 1791 1988 1853; x_wconf 83' lang='lat' dir='ltr'><strong>postea</strong></span> <span class='ocrx_word' id='word_1_232' title='bbox 2016 1783 2032 1814; x_wconf 75' lang='grc' dir='ltr'><strong>ί</strong></span> <span class='ocrx_word' id='word_1_233' title='bbox 2057 1820 2073 1847; x_wconf 89' lang='grc'><strong>,</strong></span> 
     </span>
    </p>
   </div>
   <div class='ocr_carea' id='block_1_35' title="bbox 2180 1775 3777 1853">
    <p class='ocr_par' dir='ltr' id='par_1_35' title="bbox 2180 1775 3777 1850">
     <span class='ocr_line' id='line_1_35' title="bbox 2180 1775 3777 1850; baseline -0.002 -17"><span class='ocrx_word' id='word_1_234' title='bbox 2180 1780 2324 1835; x_wconf 84' lang='grc' dir='ltr'>ἐστιν</span> <span class='ocrx_word' id='word_1_235' title='bbox 2371 1777 2501 1833; x_wconf 83' lang='grc' dir='ltr'>ὅταν</span> <span class='ocrx_word' id='word_1_236' title='bbox 2534 1779 2730 1834; x_wconf 86' lang='grc' dir='ltr'>τέλειοι</span> <span class='ocrx_word' id='word_1_237' title='bbox 2771 1778 3004 1850; x_wconf 80' lang='grc' dir='ltr'>γένησθε</span> <span class='ocrx_word' id='word_1_238' title='bbox 3026 1793 3042 1810; x_wconf 84' lang='lat'><strong>&#39;</strong></span> <span class='ocrx_word' id='word_1_239' title='bbox 3083 1777 3180 1832; x_wconf 70' lang='grc' dir='ltr'><strong>καὶ</strong></span> <span class='ocrx_word' id='word_1_240' title='bbox 3215 1776 3413 1831; x_wconf 70' lang='grc' dir='ltr'>πάλιν*</span> <span class='ocrx_word' id='word_1_241' title='bbox 3453 1778 3578 1830; x_wconf 65' lang='grc' dir='ltr'><strong>Οὐκ</strong></span> <span class='ocrx_word' id='word_1_242' title='bbox 3612 1775 3777 1844; x_wconf 78' lang='grc' dir='ltr'>ᾔδει-</span> 
     </span>
    </p>
   </div>
   <div class='ocr_carea' id='block_1_36' title="bbox 484 1868 2072 1941">
    <p class='ocr_par' dir='ltr' id='par_1_36' title="bbox 484 1868 2072 1941">
     <span class='ocr_line' id='line_1_36' title="bbox 484 1868 2072 1941; baseline 0.004 -19"><span class='ocrx_word' id='word_1_243' title='bbox 484 1868 746 1923; x_wconf 87' lang='lat' dir='ltr'><strong>nimirum</strong></span> <span class='ocrx_word' id='word_1_244' title='bbox 781 1884 904 1925; x_wconf 90' lang='lat' dir='ltr'><strong>cum</strong></span> <span class='ocrx_word' id='word_1_245' title='bbox 952 1869 1312 1941; x_wconf 88' lang='lat' dir='ltr'><strong>perfectiores</strong></span> <span class='ocrx_word' id='word_1_246' title='bbox 1347 1874 1525 1929; x_wconf 86' lang='lat' dir='ltr'><strong>eritis.</strong></span> <span class='ocrx_word' id='word_1_247' title='bbox 1559 1872 1690 1929; x_wconf 85' lang='lat' dir='ltr'><strong>Item</strong></span> <span class='ocrx_word' id='word_1_248' title='bbox 1736 1875 1872 1928; x_wconf 92' lang='lat' dir='ltr'><strong>illud</strong></span> <span class='ocrx_word' id='word_1_249' title='bbox 1910 1894 1923 1928; x_wconf 91' lang='lat'>:</span> <span class='ocrx_word' id='word_1_250' title='bbox 1961 1872 2072 1928; x_wconf 82' lang='lat' dir='ltr'><strong>Ne-</strong></span> 
     </span>
    </p>
   </div>
   <div class='ocr_carea' id='block_1_37' title="bbox 481 1960 2073 2036">
    <p class='ocr_par' dir='ltr' id='par_1_37' title="bbox 481 1960 2073 2036">
     <span class='ocr_line' id='line_1_37' title="bbox 481 1960 2073 2036; baseline 0.003 -21"><span class='ocrx_word' id='word_1_251' title='bbox 481 1960 754 2025; x_wconf 80' lang='lat' dir='ltr'><strong>sciebant,</strong></span> <span class='ocrx_word' id='word_1_252' title='bbox 783 1961 947 2017; x_wconf 85' lang='lat' dir='ltr'><strong>donec</strong></span> <span class='ocrx_word' id='word_1_253' title='bbox 984 1981 1016 2018; x_wconf 90' lang='lat' dir='ltr'><strong>a</strong></span> <span class='ocrx_word' id='word_1_254' title='bbox 1050 1966 1275 2019; x_wconf 81' lang='lat' dir='ltr'><strong>mortuis</strong></span> <span class='ocrx_word' id='word_1_255' title='bbox 1308 1968 1667 2036; x_wconf 75' lang='lat' dir='ltr'><strong>resurgeret’.</strong></span> <span class='ocrx_word' id='word_1_256' title='bbox 1709 1965 1799 2019; x_wconf 88' lang='lat' dir='ltr'><strong>Sic</strong></span> <span class='ocrx_word' id='word_1_257' title='bbox 1845 1974 1899 2021; x_wconf 87' lang='lat' dir='ltr'><strong>et</strong></span> <span class='ocrx_word' id='word_1_258' title='bbox 1928 1964 2073 2020; x_wconf 78' lang='lat' dir='ltr'><strong>Pau-</strong></span> 
     </span>
    </p>
   </div>
   <div class='ocr_carea' id='block_1_38' title="bbox 480 2050 2074 2128">
    <p class='ocr_par' dir='ltr' id='par_1_38' title="bbox 480 2050 2074 2128">
     <span class='ocr_line' id='line_1_38' title="bbox 480 2050 2074 2128; baseline 0.004 -21"><span class='ocrx_word' id='word_1_259' title='bbox 480 2053 573 2107; x_wconf 86' lang='lat' dir='ltr'><strong>lus</strong></span> <span class='ocrx_word' id='word_1_260' title='bbox 610 2072 623 2106; x_wconf 91' lang='lat'><strong>:</strong></span> <span class='ocrx_word' id='word_1_261' title='bbox 657 2050 912 2108; x_wconf 85' lang='lat' dir='ltr'><strong>Nondum</strong></span> <span class='ocrx_word' id='word_1_262' title='bbox 950 2056 1092 2110; x_wconf 87' lang='lat' dir='ltr'><strong>enim</strong></span> <span class='ocrx_word' id='word_1_263' title='bbox 1141 2059 1396 2123; x_wconf 82' lang='lat' dir='ltr'><strong>poteratis</strong></span> <span class='ocrx_word' id='word_1_264' title='bbox 1423 2097 1438 2121; x_wconf 90' lang='lat'><strong>,</strong></span> <span class='ocrx_word' id='word_1_265' title='bbox 1493 2056 1584 2111; x_wconf 78' lang='lat' dir='ltr'><strong>sed</strong></span> <span class='ocrx_word' id='word_1_266' title='bbox 1633 2073 1725 2112; x_wconf 84' lang='lat' dir='ltr'><strong>nec</strong></span> <span class='ocrx_word' id='word_1_267' title='bbox 1777 2056 1950 2112; x_wconf 81' lang='lat' dir='ltr'><strong>adhuc</strong></span> <span class='ocrx_word' id='word_1_268' title='bbox 1978 2074 2074 2128; x_wconf 81' lang='lat' dir='ltr'><strong>po-</strong></span> 
     </span>
    </p>
   </div>
   <div class='ocr_carea' id='block_1_39' title="bbox 491 2145 2075 2222">
    <p class='ocr_par' dir='ltr' id='par_1_39' title="bbox 491 2145 2075 2222">
     <span class='ocr_line' id='line_1_39' title="bbox 491 2145 2075 2222; baseline 0.007 -24"><span class='ocrx_word' id='word_1_269' title='bbox 491 2146 640 2199; x_wconf 81' lang='lat' dir='ltr'><strong>testis</strong></span> <span class='ocrx_word' id='word_1_270' title='bbox 677 2145 740 2201; x_wconf 75' lang='grc' dir='ltr'>³ι</span> <span class='ocrx_word' id='word_1_271' title='bbox 790 2155 850 2200; x_wconf 85' lang='grc' dir='ltr'><strong>ιιι</strong></span> <span class='ocrx_word' id='word_1_272' title='bbox 887 2147 1230 2215; x_wconf 83' lang='lat' dir='ltr'><strong>ostenderet,</strong></span> <span class='ocrx_word' id='word_1_273' title='bbox 1277 2148 1701 2219; x_wconf 83' lang='lat' dir='ltr'><strong>procedentibus</strong></span> <span class='ocrx_word' id='word_1_274' title='bbox 1733 2152 2075 2222; x_wconf 85' lang='lat' dir='ltr'><strong>temporibus</strong></span> 
     </span>
    </p>
   </div>
   <div class='ocr_carea' id='block_1_40' title="bbox 493 2236 2077 2312">
    <p class='ocr_par' dir='ltr' id='par_1_40' title="bbox 493 2236 2077 2312">
     <span class='ocr_line' id='line_1_40' title="bbox 493 2236 2077 2312; baseline 0.004 -22"><span class='ocrx_word' id='word_1_275' title='bbox 493 2236 823 2305; x_wconf 80' lang='lat' dir='ltr'><strong>perfectiora</strong></span> <span class='ocrx_word' id='word_1_276' title='bbox 872 2238 991 2294; x_wconf 89' lang='lat' dir='ltr'><strong>dari</strong></span> <span class='ocrx_word' id='word_1_277' title='bbox 1036 2250 1340 2309; x_wconf 59' lang='lat' dir='ltr'><strong>praecepta;</strong></span> <span class='ocrx_word' id='word_1_278' title='bbox 1376 2257 1498 2312; x_wconf 70' lang='lat' dir='ltr'><strong>qua:</strong></span> <span class='ocrx_word' id='word_1_279' title='bbox 1551 2241 1678 2297; x_wconf 85' lang='lat' dir='ltr'><strong>licet</strong></span> <span class='ocrx_word' id='word_1_280' title='bbox 1723 2242 1913 2298; x_wconf 85' lang='lat' dir='ltr'><strong>eadem</strong></span> <span class='ocrx_word' id='word_1_281' title='bbox 1965 2245 2077 2299; x_wconf 89' lang='lat' dir='ltr'><strong>sint</strong></span> 
     </span>
    </p>
   </div>
   <div class='ocr_carea' id='block_1_41' title="bbox 492 2332 2077 2400">
    <p class='ocr_par' dir='ltr' id='par_1_41' title="bbox 492 2332 2077 2400">
     <span class='ocr_line' id='line_1_41' title="bbox 492 2332 2077 2400; baseline 0.004 -14"><span class='ocrx_word' id='word_1_282' title='bbox 492 2340 732 2400; x_wconf 72' lang='lat' dir='ltr'><strong>semper,</strong></span> <span class='ocrx_word' id='word_1_283' title='bbox 772 2332 933 2387; x_wconf 85' lang='lat' dir='ltr'><strong>aliam</strong></span> <span class='ocrx_word' id='word_1_284' title='bbox 960 2334 1321 2390; x_wconf 88' lang='lat' dir='ltr'><strong>nihilominus</strong></span> <span class='ocrx_word' id='word_1_285' title='bbox 1371 2335 1638 2391; x_wconf 89' lang='lat' dir='ltr'><strong>rationem</strong></span> <span class='ocrx_word' id='word_1_286' title='bbox 1673 2335 1937 2400; x_wconf 89' lang='lat' dir='ltr'><strong>induunt,</strong></span> <span class='ocrx_word' id='word_1_287' title='bbox 1976 2352 2077 2392; x_wconf 82' lang='lat' dir='ltr'><strong>nec</strong></span> 
     </span>
    </p>
   </div>
   <div class='ocr_carea' id='block_1_42' title="bbox 484 2425 2081 2500">
    <p class='ocr_par' dir='ltr' id='par_1_42' title="bbox 484 2425 2081 2500">
     <span class='ocr_line' id='line_1_42' title="bbox 484 2425 2081 2500; baseline 0.003 -21"><span class='ocrx_word' id='word_1_288' title='bbox 484 2425 683 2481; x_wconf 84' lang='lat' dir='ltr'><strong>eodem</strong></span> <span class='ocrx_word' id='word_1_289' title='bbox 752 2426 1071 2497; x_wconf 76' lang='lat' dir='ltr'><strong>junioribus</strong></span> <span class='ocrx_word' id='word_1_290' title='bbox 1135 2444 1245 2499; x_wconf 90' lang='lat' dir='ltr'><strong>quo</strong></span> <span class='ocrx_word' id='word_1_291' title='bbox 1283 2429 1527 2484; x_wconf 88' lang='lat' dir='ltr'><strong>robustis</strong></span> <span class='ocrx_word' id='word_1_292' title='bbox 1567 2429 1730 2484; x_wconf 84' lang='lat' dir='ltr'><strong>modo</strong></span> <span class='ocrx_word' id='word_1_293' title='bbox 1769 2436 2081 2500; x_wconf 83' lang='lat' dir='ltr'><strong>temperan-</strong></span> 
     </span>
    </p>
   </div>
   <div class='ocr_carea' id='block_1_43' title="bbox 486 2518 2078 2597">
    <p class='ocr_par' dir='ltr' id='par_1_43' title="bbox 486 2518 2078 2597">
     <span class='ocr_line' id='line_1_43' title="bbox 486 2518 2078 2597; baseline 0.003 -25"><span class='ocrx_word' id='word_1_294' title='bbox 486 2525 596 2572; x_wconf 89' lang='lat' dir='ltr'><strong>tur.</strong></span> <span class='ocrx_word' id='word_1_295' title='bbox 643 2518 779 2575; x_wconf 89' lang='lat' dir='ltr'><strong>Cum</strong></span> <span class='ocrx_word' id='word_1_296' title='bbox 827 2521 971 2597; x_wconf 74' lang='lat' dir='ltr'><strong>enim</strong></span> <span class='ocrx_word' id='word_1_297' title='bbox 1017 2522 1154 2592; x_wconf 78' lang='lat' dir='ltr'><strong>legis</strong></span> <span class='ocrx_word' id='word_1_298' title='bbox 1198 2523 1313 2577; x_wconf 81' lang='lat' dir='ltr'><strong>haec</strong></span> <span class='ocrx_word' id='word_1_299' title='bbox 1345 2531 1495 2579; x_wconf 86' lang='lat' dir='ltr'><strong>esset</strong></span> <span class='ocrx_word' id='word_1_300' title='bbox 1530 2523 1765 2577; x_wconf 90' lang='lat' dir='ltr'><strong>formula</strong></span> <span class='ocrx_word' id='word_1_301' title='bbox 1801 2541 1814 2577; x_wconf 92' lang='lat'>:</span> <span class='ocrx_word' id='word_1_302' title='bbox 1850 2522 2078 2579; x_wconf 79' lang='lat' dir='ltr'><strong>Oculum</strong></span> 
     </span>
    </p>
   </div>
   <div class='ocr_carea' id='block_1_44' title="bbox 473 2609 2076 2682">
    <p class='ocr_par' dir='ltr' id='par_1_44' title="bbox 473 2609 2076 2682">
     <span class='ocr_line' id='line_1_44' title="bbox 473 2609 2076 2682; baseline 0.004 -22"><span class='ocrx_word' id='word_1_303' title='bbox 473 2623 583 2676; x_wconf 65' lang='lat' dir='ltr'><strong>pro</strong></span> <span class='ocrx_word' id='word_1_304' title='bbox 630 2609 817 2675; x_wconf 86' lang='lat' dir='ltr'><strong>oculo,</strong></span> <span class='ocrx_word' id='word_1_305' title='bbox 866 2625 977 2665; x_wconf 90' lang='lat' dir='ltr'><strong>non</strong></span> <span class='ocrx_word' id='word_1_306' title='bbox 1028 2609 1168 2665; x_wconf 75' lang='lat' dir='ltr'><strong>dixit</strong></span> <span class='ocrx_word' id='word_1_307' title='bbox 1200 2628 1213 2665; x_wconf 90' lang='lat'><strong>:</strong></span> <span class='ocrx_word' id='word_1_308' title='bbox 1244 2610 1436 2667; x_wconf 87' lang='lat' dir='ltr'><strong>Eruite</strong></span> <span class='ocrx_word' id='word_1_309' title='bbox 1470 2611 1691 2666; x_wconf 91' lang='lat' dir='ltr'><strong>oculum</strong></span> <span class='ocrx_word' id='word_1_310' title='bbox 1740 2627 1842 2682; x_wconf 88' lang='lat' dir='ltr'><strong>pro</strong></span> <span class='ocrx_word' id='word_1_311' title='bbox 1879 2614 2076 2680; x_wconf 88' lang='lat' dir='ltr'><strong>oculo;</strong></span> 
     </span>
    </p>
   </div>
   <div class='ocr_carea' id='block_1_45' title="bbox 490 2699 2076 2770">
    <p class='ocr_par' dir='ltr' id='par_1_45' title="bbox 490 2699 2076 2770">
     <span class='ocr_line' id='line_1_45' title="bbox 490 2699 2076 2770; baseline 0.003 -16"><span class='ocrx_word' id='word_1_312' title='bbox 490 2699 620 2764; x_wconf 88' lang='lat' dir='ltr'><strong>sed,</strong></span> <span class='ocrx_word' id='word_1_313' title='bbox 665 2700 712 2756; x_wconf 92' lang='lat' dir='ltr'><strong>si</strong></span> <span class='ocrx_word' id='word_1_314' title='bbox 763 2701 890 2770; x_wconf 86' lang='lat' dir='ltr'><strong>quis</strong></span> <span class='ocrx_word' id='word_1_315' title='bbox 939 2702 1162 2756; x_wconf 87' lang='lat' dir='ltr'><strong>oculqu</strong></span> <span class='ocrx_word' id='word_1_316' title='bbox 1202 2703 1442 2768; x_wconf 88' lang='lat' dir='ltr'><strong>eruerit,</strong></span> <span class='ocrx_word' id='word_1_317' title='bbox 1490 2703 1541 2759; x_wconf 90' lang='lat' dir='ltr'><strong>ei</strong></span> <span class='ocrx_word' id='word_1_318' title='bbox 1588 2704 1782 2759; x_wconf 91' lang='lat' dir='ltr'><strong>oculus</strong></span> <span class='ocrx_word' id='word_1_319' title='bbox 1832 2715 2076 2759; x_wconf 85' lang='lat' dir='ltr'><strong>eruetur.</strong></span> 
     </span>
    </p>
   </div>
   <div class='ocr_carea' id='block_1_46' title="bbox 492 2789 2079 2865">
    <p class='ocr_par' dir='ltr' id='par_1_46' title="bbox 492 2789 2079 2865">
     <span class='ocr_line' id='line_1_46' title="bbox 492 2789 2079 2865; baseline 0.005 -22"><span class='ocrx_word' id='word_1_320' title='bbox 492 2789 616 2846; x_wconf 89' lang='lat' dir='ltr'><strong>ldeo</strong></span> <span class='ocrx_word' id='word_1_321' title='bbox 650 2792 882 2861; x_wconf 87' lang='lat' dir='ltr'><strong>quilibet</strong></span> <span class='ocrx_word' id='word_1_322' title='bbox 929 2800 988 2847; x_wconf 91' lang='lat' dir='ltr'><strong>ut</strong></span> <span class='ocrx_word' id='word_1_323' title='bbox 1033 2795 1253 2865; x_wconf 88' lang='lat' dir='ltr'><strong>corpori</strong></span> <span class='ocrx_word' id='word_1_324' title='bbox 1281 2810 1385 2850; x_wconf 85' lang='lat' dir='ltr'><strong>suo</strong></span> <span class='ocrx_word' id='word_1_325' title='bbox 1416 2795 1765 2861; x_wconf 87' lang='lat' dir='ltr'><strong>consuleret,</strong></span> <span class='ocrx_word' id='word_1_326' title='bbox 1800 2797 2079 2851; x_wconf 78' lang='lat' dir='ltr'><strong>maxillam</strong></span> 
     </span>
    </p>
   </div>
   <div class='ocr_carea' id='block_1_47' title="bbox 488 2875 1858 2956">
    <p class='ocr_par' dir='ltr' id='par_1_47' title="bbox 488 2875 1858 2956">
     <span class='ocr_line' id='line_1_47' title="bbox 488 2875 1858 2956; baseline 0.005 -20"><span class='ocrx_word' id='word_1_327' title='bbox 488 2884 797 2940; x_wconf 78' lang='lat' dir='ltr'><strong>verberanti</strong></span> <span class='ocrx_word' id='word_1_328' title='bbox 829 2886 1136 2954; x_wconf 80' lang='lat' dir='ltr'><strong>praebebat,</strong></span> <span class='ocrx_word' id='word_1_329' title='bbox 1169 2902 1276 2941; x_wconf 92' lang='lat' dir='ltr'><strong>non</strong></span> <span class='ocrx_word' id='word_1_330' title='bbox 1308 2887 1425 2956; x_wconf 90' lang='lat' dir='ltr'><strong>ipse</strong></span> <span class='ocrx_word' id='word_1_331' title='bbox 1449 2887 1795 2943; x_wconf 84' lang='lat' dir='ltr'><strong>verberabat.</strong></span> <span class='ocrx_word' id='word_1_332' title='bbox 1846 2875 1858 2888; x_wconf 79' lang='grc'><em>’</em></span> 
     </span>
    </p>
   </div>
   <div class='ocr_carea' id='block_1_48' title="bbox 564 2972 2080 3057">
    <p class='ocr_par' dir='ltr' id='par_1_48' title="bbox 564 2972 2080 3057">
     <span class='ocr_line' id='line_1_48' title="bbox 564 2972 2080 3057; baseline 0.005 -31"><span class='ocrx_word' id='word_1_333' title='bbox 564 2972 684 3039; x_wconf 77' lang='lat' dir='ltr'><strong>Qua</strong></span> <span class='ocrx_word' id='word_1_334' title='bbox 720 2975 931 3031; x_wconf 82' lang='lat' dir='ltr'><strong>ratione</strong></span> <span class='ocrx_word' id='word_1_335' title='bbox 981 2977 1094 3046; x_wconf 88' lang='lat' dir='ltr'><strong>jam</strong></span> <span class='ocrx_word' id='word_1_336' title='bbox 1132 2983 1247 3032; x_wconf 91' lang='lat' dir='ltr'><strong>tum</strong></span> <span class='ocrx_word' id='word_1_337' title='bbox 1293 2992 1359 3033; x_wconf 84' lang='lat' dir='ltr'><strong>ea</strong></span> <span class='ocrx_word' id='word_1_338' title='bbox 1412 2978 1800 3045; x_wconf 79' lang='lat' dir='ltr'><strong>servabantur,</strong></span> <span class='ocrx_word' id='word_1_339' title='bbox 1848 2994 1971 3057; x_wconf 40' lang='lat' dir='ltr'><strong>qua:</strong></span> <span class='ocrx_word' id='word_1_340' title='bbox 2024 2980 2080 3035; x_wconf 90' lang='lat' dir='ltr'><strong>in</strong></span> 
     </span>
    </p>
   </div>
   <div class='ocr_carea' id='block_1_49' title="bbox 480 3061 2076 3141">
    <p class='ocr_par' dir='ltr' id='par_1_49' title="bbox 480 3061 2076 3141">
     <span class='ocr_line' id='line_1_49' title="bbox 480 3061 2076 3141; baseline 0.006 -25"><span class='ocrx_word' id='word_1_341' title='bbox 480 3061 788 3134; x_wconf 79' lang='lat' dir='ltr'><strong>&#39;Evangelio</strong></span> <span class='ocrx_word' id='word_1_342' title='bbox 819 3065 984 3120; x_wconf 80' lang='lat' dir='ltr'><strong>medo</strong></span> <span class='ocrx_word' id='word_1_343' title='bbox 1011 3073 1122 3120; x_wconf 90' lang='lat' dir='ltr'><strong>tam</strong></span> <span class='ocrx_word' id='word_1_344' title='bbox 1152 3067 1356 3137; x_wconf 87' lang='lat' dir='ltr'><strong>apertis</strong></span> <span class='ocrx_word' id='word_1_345' title='bbox 1384 3067 1869 3141; x_wconf 84' lang='lat' dir='ltr'><strong>verbis_eoncepta</strong></span> <span class='ocrx_word' id='word_1_346' title='bbox 1899 3078 2030 3125; x_wconf 88' lang='lat' dir='ltr'><strong>sunt</strong></span> <span class='ocrx_word' id='word_1_347' title='bbox 2062 3090 2076 3126; x_wconf 90' lang='lat'><strong>:</strong></span> 
     </span>
    </p>
   </div>
   <div class='ocr_carea' id='block_1_50' title="bbox 2146 1867 3774 1946">
    <p class='ocr_par' dir='ltr' id='par_1_50' title="bbox 2146 1867 3774 1946">
     <span class='ocr_line' id='line_1_50' title="bbox 2146 1867 3774 1946; baseline -0.009 -12"><span class='ocrx_word' id='word_1_348' title='bbox 2146 1897 2314 1946; x_wconf 71' lang='grc' dir='ltr'><strong>⁹σαν,</strong></span> <span class='ocrx_word' id='word_1_349' title='bbox 2349 1881 2460 1946; x_wconf 75' lang='grc' dir='ltr'>ἕως</span> <span class='ocrx_word' id='word_1_350' title='bbox 2513 1874 2739 1941; x_wconf 81' lang='grc' dir='ltr'><strong>ἀνέστη</strong></span> <span class='ocrx_word' id='word_1_351' title='bbox 2781 1872 2850 1925; x_wconf 79' lang='grc' dir='ltr'>ἐκ</span> <span class='ocrx_word' id='word_1_352' title='bbox 2882 1869 3002 1925; x_wconf 82' lang='grc' dir='ltr'><strong>τῶν</strong></span> <span class='ocrx_word' id='word_1_353' title='bbox 3043 1868 3276 1939; x_wconf 76' lang='grc' dir='ltr'>νεκρῶν</span> <span class='ocrx_word' id='word_1_354' title='bbox 3292 1885 3313 1900; x_wconf 56' lang='grc' dir='ltr'><strong>’π</strong></span> <span class='ocrx_word' id='word_1_355' title='bbox 3344 1870 3372 1923; x_wconf 84' lang='grc' dir='ltr'>ὁ</span> <span class='ocrx_word' id='word_1_356' title='bbox 3416 1868 3476 1921; x_wconf 83' lang='grc' dir='ltr'>δὲ</span> <span class='ocrx_word' id='word_1_357' title='bbox 3518 1867 3736 1932; x_wconf 78' lang='grc' dir='ltr'>Παῦλος</span> <span class='ocrx_word' id='word_1_358' title='bbox 3760 1888 3774 1901; x_wconf 90' lang='grc'><strong>·</strong></span> 
     </span>
    </p>
   </div>
   <div class='ocr_carea' id='block_1_51' title="bbox 2156 1960 3777 2041">
    <p class='ocr_par' dir='ltr' id='par_1_51' title="bbox 2156 1960 3777 2041">
     <span class='ocr_line' id='line_1_51' title="bbox 2156 1960 3777 2041; baseline -0.007 -15"><span class='ocrx_word' id='word_1_359' title='bbox 2156 1973 2352 2026; x_wconf 76' lang='grc' dir='ltr'>Οὔπω</span> <span class='ocrx_word' id='word_1_360' title='bbox 2403 1971 2516 2041; x_wconf 76' lang='grc' dir='ltr'>γὰρ</span> <span class='ocrx_word' id='word_1_361' title='bbox 2578 1966 2911 2036; x_wconf 74' lang='grc' dir='ltr'>ἠδύνασθε,</span> <span class='ocrx_word' id='word_1_362' title='bbox 2958 1964 3097 2018; x_wconf 71' lang='grc' dir='ltr'><strong>ἀλλ’</strong></span> <span class='ocrx_word' id='word_1_363' title='bbox 3153 1962 3296 2018; x_wconf 85' lang='grc' dir='ltr'>οὐδὲ</span> <span class='ocrx_word' id='word_1_364' title='bbox 3337 1961 3425 2015; x_wconf 77' lang='grc' dir='ltr'>ἔτι</span> <span class='ocrx_word' id='word_1_365' title='bbox 3473 1960 3777 2017; x_wconf 79' lang='grc' dir='ltr'>δύνασθε⁶</span> 
     </span>
    </p>
   </div>
   <div class='ocr_carea' id='block_1_52' title="bbox 2179 2053 3779 2129">
    <p class='ocr_par' dir='ltr' id='par_1_52' title="bbox 2179 2053 3779 2129">
     <span class='ocr_line' id='line_1_52' title="bbox 2179 2053 3779 2129; baseline -0.007 -12"><span class='ocrx_word' id='word_1_366' title='bbox 2179 2063 2418 2126; x_wconf 81' lang='grc' dir='ltr'>δεικνὺς,</span> <span class='ocrx_word' id='word_1_367' title='bbox 2463 2061 2545 2114; x_wconf 77' lang='grc' dir='ltr'><strong>δτι</strong></span> <span class='ocrx_word' id='word_1_368' title='bbox 2595 2057 2803 2129; x_wconf 78' lang='grc' dir='ltr'>καιρῶν</span> <span class='ocrx_word' id='word_1_369' title='bbox 2831 2056 3131 2127; x_wconf 78' lang='grc' dir='ltr'>προϊόντων</span> <span class='ocrx_word' id='word_1_370' title='bbox 3169 2053 3508 2127; x_wconf 79' lang='grc' dir='ltr'>τελειότεραι</span> <span class='ocrx_word' id='word_1_371' title='bbox 3538 2053 3779 2119; x_wconf 71' lang='grc' dir='ltr'>ἐντολαὶ,</span> 
     </span>
    </p>
   </div>
   <div class='ocr_carea' id='block_1_53' title="bbox 2174 2144 3783 2225">
    <p class='ocr_par' dir='ltr' id='par_1_53' title="bbox 2174 2144 3783 2225">
     <span class='ocr_line' id='line_1_53' title="bbox 2174 2144 3783 2225; baseline -0.004 -18"><span class='ocrx_word' id='word_1_372' title='bbox 2174 2150 2332 2208; x_wconf 74' lang='grc' dir='ltr'>οὖσαι</span> <span class='ocrx_word' id='word_1_373' title='bbox 2383 2153 2481 2225; x_wconf 86' lang='grc' dir='ltr'>μὲν</span> <span class='ocrx_word' id='word_1_374' title='bbox 2529 2152 2587 2205; x_wconf 80' lang='grc' dir='ltr'>αἱ</span> <span class='ocrx_word' id='word_1_375' title='bbox 2643 2149 2827 2212; x_wconf 79' lang='grc' dir='ltr'>αὐταὶ,</span> <span class='ocrx_word' id='word_1_376' title='bbox 2866 2144 3336 2219; x_wconf 79' lang='grc' dir='ltr'>μεταϐαλλόμεναι</span> <span class='ocrx_word' id='word_1_377' title='bbox 3380 2145 3438 2200; x_wconf 78' lang='grc' dir='ltr'>δὲ</span> <span class='ocrx_word' id='word_1_378' title='bbox 3469 2147 3550 2208; x_wconf 85' lang='grc' dir='ltr'><strong>είς</strong></span> <span class='ocrx_word' id='word_1_379' title='bbox 3580 2146 3783 2217; x_wconf 81' lang='grc' dir='ltr'>ἑτέραν</span> 
     </span>
    </p>
   </div>
   <div class='ocr_carea' id='block_1_54' title="bbox 2178 2235 3779 2316">
    <p class='ocr_par' dir='ltr' id='par_1_54' title="bbox 2178 2235 3779 2316">
     <span class='ocr_line' id='line_1_54' title="bbox 2178 2235 3779 2316; baseline -0.006 -18"><span class='ocrx_word' id='word_1_380' title='bbox 2178 2244 2363 2316; x_wconf 81' lang='grc' dir='ltr'>σχέσιν</span> <span class='ocrx_word' id='word_1_381' title='bbox 2386 2262 2400 2276; x_wconf 92' lang='grc'><strong>·</strong></span> <span class='ocrx_word' id='word_1_382' title='bbox 2429 2243 2565 2298; x_wconf 71' lang='grc' dir='ltr'>ἀλλὰ</span> <span class='ocrx_word' id='word_1_383' title='bbox 2604 2245 2718 2305; x_wconf 75' lang='grc' dir='ltr'>τοῖς</span> <span class='ocrx_word' id='word_1_384' title='bbox 2759 2240 2900 2303; x_wconf 86' lang='grc' dir='ltr'>νέοις</span> <span class='ocrx_word' id='word_1_385' title='bbox 2937 2238 3036 2311; x_wconf 72' lang='grc' dir='ltr'><strong>μὲν</strong></span> <span class='ocrx_word' id='word_1_386' title='bbox 3074 2237 3252 2301; x_wconf 75' lang='grc' dir='ltr'>ἄλλως</span> <span class='ocrx_word' id='word_1_387' title='bbox 3277 2235 3779 2309; x_wconf 81' lang='grc' dir='ltr'>σχηματιζόμεναι,</span> 
     </span>
    </p>
   </div>
   <div class='ocr_carea' id='block_1_55' title="bbox 2156 2328 3780 2407">
    <p class='ocr_par' dir='ltr' id='par_1_55' title="bbox 2156 2328 3780 2407">
     <span class='ocr_line' id='line_1_55' title="bbox 2156 2328 3780 2407; baseline -0.006 -18"><span class='ocrx_word' id='word_1_388' title='bbox 2156 2336 2383 2407; x_wconf 80' lang='grc' dir='ltr'>’ἑτέρως</span> <span class='ocrx_word' id='word_1_389' title='bbox 2431 2334 2490 2388; x_wconf 80' lang='grc' dir='ltr'>δὲ</span> <span class='ocrx_word' id='word_1_390' title='bbox 2539 2336 2652 2398; x_wconf 82' lang='grc' dir='ltr'>τοῖς</span> <span class='ocrx_word' id='word_1_391' title='bbox 2682 2331 3101 2403; x_wconf 83' lang='grc' dir='ltr'>ὲντελεστέροις.</span> <span class='ocrx_word' id='word_1_392' title='bbox 3145 2328 3541 2402; x_wconf 84' lang='grc' dir='ltr'>Νομοθετήσας</span> <span class='ocrx_word' id='word_1_393' title='bbox 3592 2328 3706 2400; x_wconf 82' lang='grc' dir='ltr'>γὰρ</span> <span class='ocrx_word' id='word_1_394' title='bbox 3748 2330 3780 2381; x_wconf 81' lang='grc'>6</span> 
     </span>
    </p>
   </div>
   <div class='ocr_carea' id='block_1_56' title="bbox 2175 2416 3782 2500">
    <p class='ocr_par' dir='ltr' id='par_1_56' title="bbox 2175 2416 3782 2500">
     <span class='ocr_line' id='line_1_56' title="bbox 2175 2416 3782 2500; baseline -0.005 -19"><span class='ocrx_word' id='word_1_395' title='bbox 2175 2428 2339 2500; x_wconf 76' lang='grc' dir='ltr'>νόμος</span> <span class='ocrx_word' id='word_1_396' title='bbox 2371 2428 2472 2499; x_wconf 90' lang='lat'><strong>(7),</strong></span> <span class='ocrx_word' id='word_1_397' title='bbox 2511 2425 2856 2497; x_wconf 69' lang='grc' dir='ltr'>Ὀφθαλμὸν</span> <span class='ocrx_word' id='word_1_398' title='bbox 2882 2424 3017 2479; x_wconf 79' lang='grc' dir='ltr'><strong>ἀντὶ</strong></span> <span class='ocrx_word' id='word_1_399' title='bbox 3038 2421 3372 2493; x_wconf 69' lang='grc' dir='ltr'>ὀφθαλμοῦ,</span> <span class='ocrx_word' id='word_1_400' title='bbox 3391 2422 3491 2475; x_wconf 83' lang='grc' dir='ltr'>οὑκ</span> <span class='ocrx_word' id='word_1_401' title='bbox 3509 2416 3667 2475; x_wconf 77' lang='grc' dir='ltr'>εἶπεν</span> <span class='ocrx_word' id='word_1_402' title='bbox 3685 2420 3782 2474; x_wconf 81' lang='grc' dir='ltr'><strong>αὒ-</strong></span> 
     </span>
    </p>
   </div>
   <div class='ocr_carea' id='block_1_57' title="bbox 2178 2512 3761 2588">
    <p class='ocr_par' dir='ltr' id='par_1_57' title="bbox 2178 2512 3761 2588">
     <span class='ocr_line' id='line_1_57' title="bbox 2178 2512 3761 2588; baseline -0.005 -15"><span class='ocrx_word' id='word_1_403' title='bbox 2178 2522 2322 2583; x_wconf 74' lang='grc' dir='ltr'>τοῖςο</span> <span class='ocrx_word' id='word_1_404' title='bbox 2389 2517 2710 2573; x_wconf 80' lang='grc' dir='ltr'>Ἐκὸάλλετε</span> <span class='ocrx_word' id='word_1_405' title='bbox 2752 2515 3030 2588; x_wconf 79' lang='grc' dir='ltr'>ὀφθαλμὸν</span> <span class='ocrx_word' id='word_1_406' title='bbox 3082 2514 3203 2569; x_wconf 73' lang='grc' dir='ltr'><strong>ἀντὶ</strong></span> <span class='ocrx_word' id='word_1_407' title='bbox 3254 2512 3568 2584; x_wconf 76' lang='grc' dir='ltr'>ὀφθαλμοῦ·</span> <span class='ocrx_word' id='word_1_408' title='bbox 3621 2512 3761 2577; x_wconf 77' lang='grc' dir='ltr'>ἀλλ’,</span> 
     </span>
    </p>
   </div>
   <div class='ocr_carea' id='block_1_58' title="bbox 2194 2602 3824 2683">
    <p class='ocr_par' dir='ltr' id='par_1_58' title="bbox 2194 2602 3824 2683">
     <span class='ocr_line' id='line_1_58' title="bbox 2194 2602 3824 2683; baseline -0.006 -17"><span class='ocrx_word' id='word_1_409' title='bbox 2194 2612 2322 2666; x_wconf 79' lang='grc' dir='ltr'><strong>Ἐὰν</strong></span> <span class='ocrx_word' id='word_1_410' title='bbox 2355 2610 2564 2683; x_wconf 75' lang='grc' dir='ltr'><strong>ἐκϐάλῃ</strong></span> <span class='ocrx_word' id='word_1_411' title='bbox 2595 2627 2678 2673; x_wconf 87' lang='grc' dir='ltr'><strong>τις</strong></span> <span class='ocrx_word' id='word_1_412' title='bbox 2691 2607 2990 2679; x_wconf 82' lang='grc' dir='ltr'>ὀφθαλμὸν,</span> <span class='ocrx_word' id='word_1_413' title='bbox 3008 2604 3411 2677; x_wconf 72' lang='grc' dir='ltr'>ἐκϐληθήσεται</span> <span class='ocrx_word' id='word_1_414' title='bbox 3441 2606 3471 2657; x_wconf 83' lang='grc' dir='ltr'>ὁ</span> <span class='ocrx_word' id='word_1_415' title='bbox 3498 2602 3782 2673; x_wconf 69' lang='grc' dir='ltr'>ὀφθαλμὸς</span> <span class='ocrx_word' id='word_1_416' title='bbox 3820 2673 3824 2675; x_wconf 17' lang='grc' dir='ltr'><em>Α</em></span> 
     </span>
    </p>
   </div>
   <div class='ocr_carea' id='block_1_59' title="bbox 2179 2693 3778 2768">
    <p class='ocr_par' dir='ltr' id='par_1_59' title="bbox 2179 2693 3778 2768">
     <span class='ocr_line' id='line_1_59' title="bbox 2179 2693 3778 2768; baseline -0.008 -9"><span class='ocrx_word' id='word_1_417' title='bbox 2179 2705 2276 2759; x_wconf 73' lang='grc' dir='ltr'>τοῦ</span> <span class='ocrx_word' id='word_1_418' title='bbox 2321 2703 2668 2767; x_wconf 73' lang='grc' dir='ltr'>ἐκϐαλόντος.</span> <span class='ocrx_word' id='word_1_419' title='bbox 2720 2702 2989 2765; x_wconf 73' lang='grc' dir='ltr'>Ἕκαστος</span> <span class='ocrx_word' id='word_1_420' title='bbox 3035 2697 3112 2765; x_wconf 82' lang='grc' dir='ltr'>δὲ,</span> <span class='ocrx_word' id='word_1_421' title='bbox 3156 2696 3469 2768; x_wconf 84' lang='grc' dir='ltr'>φειδόμενος</span> <span class='ocrx_word' id='word_1_422' title='bbox 3508 2693 3605 2749; x_wconf 84' lang='grc' dir='ltr'>τοῦ</span> <span class='ocrx_word' id='word_1_423' title='bbox 3644 2694 3778 2747; x_wconf 80' lang='grc' dir='ltr'>ίδίου</span> 
     </span>
    </p>
   </div>
   <div class='ocr_carea' id='block_1_60' title="bbox 2185 2786 3780 2868">
    <p class='ocr_par' dir='ltr' id='par_1_60' title="bbox 2185 2786 3780 2868">
     <span class='ocr_line' id='line_1_60' title="bbox 2185 2786 3780 2868; baseline -0.008 -18"><span class='ocrx_word' id='word_1_424' title='bbox 2185 2798 2459 2868; x_wconf 86' lang='grc' dir='ltr'>σώματος,</span> <span class='ocrx_word' id='word_1_425' title='bbox 2496 2793 2788 2866; x_wconf 87' lang='grc' dir='ltr'>παρεδίδου</span> <span class='ocrx_word' id='word_1_426' title='bbox 2816 2791 2916 2863; x_wconf 80' lang='grc' dir='ltr'><strong>τὴν</strong></span> <span class='ocrx_word' id='word_1_427' title='bbox 2947 2788 3173 2860; x_wconf 81' lang='grc' dir='ltr'>σιαγόνα</span> <span class='ocrx_word' id='word_1_428' title='bbox 3200 2787 3513 2853; x_wconf 75' lang='grc' dir='ltr'>τύπτεσθαι,</span> <span class='ocrx_word' id='word_1_429' title='bbox 3547 2786 3644 2840; x_wconf 82' lang='grc' dir='ltr'><strong>καὶ</strong></span> <span class='ocrx_word' id='word_1_430' title='bbox 3673 2787 3780 2839; x_wconf 80' lang='grc' dir='ltr'>οὐκ</span> 
     </span>
    </p>
   </div>
   <div class='ocr_carea' id='block_1_61' title="bbox 2185 2891 2405 2943">
    <p class='ocr_par' dir='ltr' id='par_1_61' title="bbox 2185 2891 2405 2943">
     <span class='ocr_line' id='line_1_61' title="bbox 2185 2891 2405 2943; baseline -0.009 0"><span class='ocrx_word' id='word_1_431' title='bbox 2185 2891 2405 2943; x_wconf 78' lang='grc' dir='ltr'>ἔτυπτε.</span> 
     </span>
    </p>
   </div>
   <div class='ocr_carea' id='block_1_62' title="bbox 2255 2968 3777 3049">
    <p class='ocr_par' dir='ltr' id='par_1_62' title="bbox 2255 2968 3777 3049">
     <span class='ocr_line' id='line_1_62' title="bbox 2255 2968 3777 3049; baseline -0.009 -14"><span class='ocrx_word' id='word_1_432' title='bbox 2255 2982 2367 3036; x_wconf 70' lang='grc' dir='ltr'><strong>Καὶ</strong></span> <span class='ocrx_word' id='word_1_433' title='bbox 2405 2980 2515 3035; x_wconf 81' lang='grc' dir='ltr'><strong>ἀπὸ</strong></span> <span class='ocrx_word' id='word_1_434' title='bbox 2534 2979 2656 3034; x_wconf 76' lang='grc' dir='ltr'>τότε</span> <span class='ocrx_word' id='word_1_435' title='bbox 2683 2978 3016 3049; x_wconf 69' lang='grc' dir='ltr'>ἐφυλάττετο</span> <span class='ocrx_word' id='word_1_436' title='bbox 3047 2978 3116 3032; x_wconf 83' lang='grc' dir='ltr'><strong>τὰ</strong></span> <span class='ocrx_word' id='word_1_437' title='bbox 3132 2975 3225 3030; x_wconf 80' lang='grc' dir='ltr'>νῦν</span> <span class='ocrx_word' id='word_1_438' title='bbox 3257 2977 3313 3029; x_wconf 83' lang='grc' dir='ltr'><strong>ὲν</strong></span> <span class='ocrx_word' id='word_1_439' title='bbox 3348 2972 3425 3043; x_wconf 82' lang='grc' dir='ltr'>τῷ</span> <span class='ocrx_word' id='word_1_440' title='bbox 3452 2968 3777 3042; x_wconf 79' lang='grc' dir='ltr'>Εὑαγγελίῳ</span> 
     </span>
    </p>
   </div>
   <div class='ocr_carea' id='block_1_63' title="bbox 2185 3055 3780 3145">
    <p class='ocr_par' dir='ltr' id='par_1_63' title="bbox 2185 3055 3780 3145">
     <span class='ocr_line' id='line_1_63' title="bbox 2185 3055 3780 3145; baseline -0.008 -19"><span class='ocrx_word' id='word_1_441' title='bbox 2185 3055 2474 3145; x_wconf 66' lang='grc' dir='ltr'>τηλαυγῶς</span> <span class='ocrx_word' id='word_1_442' title='bbox 2534 3070 2822 3143; x_wconf 81' lang='grc' dir='ltr'>εἰρημένα,</span> <span class='ocrx_word' id='word_1_443' title='bbox 2860 3068 2991 3124; x_wconf 81' lang='grc' dir='ltr'>τότε</span> <span class='ocrx_word' id='word_1_444' title='bbox 3017 3068 3113 3141; x_wconf 77' lang='grc' dir='ltr'>μὲν</span> <span class='ocrx_word' id='word_1_445' title='bbox 3150 3066 3386 3137; x_wconf 69' lang='grc' dir='ltr'>ἀνάγκη,</span> <span class='ocrx_word' id='word_1_446' title='bbox 3408 3063 3481 3127; x_wconf 85' lang='grc' dir='ltr'>ὼς</span> <span class='ocrx_word' id='word_1_447' title='bbox 3505 3061 3645 3116; x_wconf 84' lang='grc' dir='ltr'>νέων</span> <span class='ocrx_word' id='word_1_448' title='bbox 3673 3078 3780 3115; x_wconf 90' lang='grc' dir='ltr'>σω-</span> 
     </span>
    </p>
   </div>
   <div class='ocr_carea' id='block_1_64' title="bbox 493 3134 2079 3236">
    <p class='ocr_par' dir='ltr' id='par_1_64' title="bbox 493 3159 2079 3232">
     <span class='ocr_line' id='line_1_64' title="bbox 493 3159 2079 3232; baseline 0.007 -21"><span class='ocrx_word' id='word_1_449' title='bbox 493 3171 619 3211; x_wconf 91' lang='lat' dir='ltr'><strong>cum</strong></span> <span class='ocrx_word' id='word_1_450' title='bbox 649 3173 716 3213; x_wconf 86' lang='lat' dir='ltr'><strong>eo</strong></span> <span class='ocrx_word' id='word_1_451' title='bbox 744 3166 926 3225; x_wconf 83' lang='lat' dir='ltr'><strong>tamen</strong></span> <span class='ocrx_word' id='word_1_452' title='bbox 958 3159 1296 3225; x_wconf 86' lang='lat' dir='ltr'><strong>discrimine,</strong></span> <span class='ocrx_word' id='word_1_453' title='bbox 1332 3164 1477 3232; x_wconf 90' lang='lat' dir='ltr'><strong>quod</strong></span> <span class='ocrx_word' id='word_1_454' title='bbox 1512 3164 1587 3218; x_wconf 82' lang='lat' dir='ltr'><strong>illi</strong></span> <span class='ocrx_word' id='word_1_455' title='bbox 1618 3174 1765 3219; x_wconf 86' lang='lat' dir='ltr'><strong>metu</strong></span> <span class='ocrx_word' id='word_1_456' title='bbox 1797 3179 1861 3218; x_wconf 90' lang='lat' dir='ltr'><strong>ac</strong></span> <span class='ocrx_word' id='word_1_457' title='bbox 1892 3180 2079 3222; x_wconf 85' lang='lat' dir='ltr'><strong>neces—</strong></span> 
     </span>
    </p>
   </div>
   <div class='ocr_carea' id='block_1_65' title="bbox 2180 3134 3779 3236">
    <p class='ocr_par' dir='ltr' id='par_1_65' title="bbox 2188 3134 3779 3236">
     <span class='ocr_line' id='line_1_65' title="bbox 2188 3134 3779 3236; baseline -0.009 -17"><span class='ocrx_word' id='word_1_458' title='bbox 2188 3134 2613 3236; x_wconf 63' lang='grc' dir='ltr'>φρονιξομένων,</span> <span class='ocrx_word' id='word_1_459' title='bbox 2646 3134 2759 3216; x_wconf 50' lang='grc' dir='ltr'><strong>’νῦν</strong></span> <span class='ocrx_word' id='word_1_460' title='bbox 2806 3160 2863 3214; x_wconf 80' lang='grc' dir='ltr'>δὲ</span> <span class='ocrx_word' id='word_1_461' title='bbox 2919 3134 3279 3231; x_wconf 68' lang='grc' dir='ltr'>προαιρέσει,</span> <span class='ocrx_word' id='word_1_462' title='bbox 3305 3134 3402 3210; x_wconf 43' lang='lat' dir='ltr'><strong>aee</strong></span> <span class='ocrx_word' id='word_1_463' title='bbox 3445 3153 3510 3226; x_wconf 84' lang='grc' dir='ltr'>δὴ</span> <span class='ocrx_word' id='word_1_464' title='bbox 3551 3152 3779 3206; x_wconf 88' lang='grc' dir='ltr'>τελείων</span> 
     </span>
    </p>
   </div>
   <div class='ocr_carea' id='block_1_66' title="bbox 498 3250 2082 3324">
    <p class='ocr_par' dir='ltr' id='par_1_66' title="bbox 498 3250 2082 3324">
     <span class='ocr_line' id='line_1_66' title="bbox 498 3250 2082 3324; baseline 0.005 -20"><span class='ocrx_word' id='word_1_465' title='bbox 498 3250 658 3305; x_wconf 88' lang='lat' dir='ltr'><strong>sitatc</strong></span> <span class='ocrx_word' id='word_1_466' title='bbox 693 3251 839 3305; x_wconf 70' lang='lat' dir='ltr'><strong>velut</strong></span> <span class='ocrx_word' id='word_1_467' title='bbox 879 3250 1260 3309; x_wconf 75' lang='lat' dir='ltr'><strong>adolescentes</strong></span> <span class='ocrx_word' id='word_1_468' title='bbox 1304 3253 1360 3308; x_wconf 88' lang='lat' dir='ltr'><strong>in</strong></span> <span class='ocrx_word' id='word_1_469' title='bbox 1398 3254 1576 3310; x_wconf 89' lang='lat' dir='ltr'><strong>ollicio</strong></span> <span class='ocrx_word' id='word_1_470' title='bbox 1615 3258 1999 3324; x_wconf 88' lang='lat' dir='ltr'><strong>continentur,</strong></span> <span class='ocrx_word' id='word_1_471' title='bbox 2029 3258 2082 3313; x_wconf 91' lang='lat' dir='ltr'><strong>hi</strong></span> 
     </span>
    </p>
   </div>
   <div class='ocr_carea' id='block_1_67' title="bbox 499 3342 2084 3419">
    <p class='ocr_par' dir='ltr' id='par_1_67' title="bbox 499 3342 2084 3419">
     <span class='ocr_line' id='line_1_67' title="bbox 499 3342 2084 3419; baseline 0.005 -23"><span class='ocrx_word' id='word_1_472' title='bbox 499 3350 688 3411; x_wconf 85' lang='lat' dir='ltr'><strong>utpote</strong></span> <span class='ocrx_word' id='word_1_473' title='bbox 719 3342 1042 3399; x_wconf 84' lang='lat' dir='ltr'><strong>confirmata</strong></span> <span class='ocrx_word' id='word_1_474' title='bbox 1083 3345 1200 3415; x_wconf 89' lang='lat' dir='ltr'><strong>jam</strong></span> <span class='ocrx_word' id='word_1_475' title='bbox 1230 3352 1391 3402; x_wconf 86' lang='lat' dir='ltr'><strong>aetate</strong></span> <span class='ocrx_word' id='word_1_476' title='bbox 1436 3355 1630 3419; x_wconf 89' lang='lat' dir='ltr'><strong>sponte</strong></span> <span class='ocrx_word' id='word_1_477' title='bbox 1662 3364 1761 3403; x_wconf 89' lang='lat' dir='ltr'><strong>sua</strong></span> <span class='ocrx_word' id='word_1_478' title='bbox 1791 3364 1856 3404; x_wconf 90' lang='lat' dir='ltr'><strong>ac</strong></span> <span class='ocrx_word' id='word_1_479' title='bbox 1893 3350 2084 3404; x_wconf 82' lang='lat' dir='ltr'><strong>volun-</strong></span> 
     </span>
    </p>
   </div>
   <div class='ocr_carea' id='block_1_68' title="bbox 498 3421 2079 3507">
    <p class='ocr_par' dir='ltr' id='par_1_68' title="bbox 498 3421 2079 3507">
     <span class='ocr_line' id='line_1_68' title="bbox 498 3421 2079 3507; baseline 0.005 -18"><span class='ocrx_word' id='word_1_480' title='bbox 498 3443 609 3489; x_wconf 82' lang='lat' dir='ltr'><strong>tate</strong></span> <span class='ocrx_word' id='word_1_481' title='bbox 640 3438 1042 3507; x_wconf 85' lang='lat' dir='ltr'><strong>obtemperent.</strong></span> <span class='ocrx_word' id='word_1_482' title='bbox 1073 3438 1143 3492; x_wconf 90' lang='lat' dir='ltr'><strong>At</strong></span> <span class='ocrx_word' id='word_1_483' title='bbox 1173 3441 1317 3495; x_wconf 90' lang='lat' dir='ltr'><strong>enim</strong></span> <span class='ocrx_word' id='word_1_484' title='bbox 1347 3421 1627 3495; x_wconf 64' lang='lat' dir='ltr'><strong>contraria</strong></span> <span class='ocrx_word' id='word_1_485' title='bbox 1655 3442 1760 3497; x_wconf 86' lang='lat' dir='ltr'><strong>ista</strong></span> <span class='ocrx_word' id='word_1_486' title='bbox 1787 3443 2079 3497; x_wconf 86' lang='lat' dir='ltr'><strong>videntur:</strong></span> 
     </span>
    </p>
   </div>
   <div class='ocr_carea' id='block_1_69' title="bbox 500 3526 2081 3604">
    <p class='ocr_par' dir='ltr' id='par_1_69' title="bbox 500 3526 2081 3604">
     <span class='ocr_line' id='line_1_69' title="bbox 500 3526 2081 3604; baseline 0.003 -21"><span class='ocrx_word' id='word_1_487' title='bbox 500 3526 726 3583; x_wconf 84' lang='lat' dir='ltr'><strong>Oculum</strong></span> <span class='ocrx_word' id='word_1_488' title='bbox 758 3544 854 3597; x_wconf 83' lang='lat' dir='ltr'><strong>pro</strong></span> <span class='ocrx_word' id='word_1_489' title='bbox 874 3531 1026 3585; x_wconf 86' lang='lat' dir='ltr'><strong>oculo</strong></span> <span class='ocrx_word' id='word_1_490' title='bbox 1046 3570 1062 3596; x_wconf 94' lang='lat'><strong>,</strong></span> <span class='ocrx_word' id='word_1_491' title='bbox 1088 3540 1142 3587; x_wconf 88' lang='lat' dir='ltr'><strong>et</strong></span> <span class='ocrx_word' id='word_1_492' title='bbox 1164 3532 1570 3589; x_wconf 87' lang='lat' dir='ltr'><strong>interfectorem</strong></span> <span class='ocrx_word' id='word_1_493' title='bbox 1599 3535 1832 3591; x_wconf 80' lang='lat' dir='ltr'><strong>interﬁci</strong></span> <span class='ocrx_word' id='word_1_494' title='bbox 1868 3535 2081 3604; x_wconf 87' lang='lat' dir='ltr'><strong>jubere.</strong></span> 
     </span>
    </p>
   </div>
   <div class='ocr_carea' id='block_1_70' title="bbox 499 3618 2087 3696">
    <p class='ocr_par' dir='ltr' id='par_1_70' title="bbox 499 3618 2087 3696">
     <span class='ocr_line' id='line_1_70' title="bbox 499 3618 2087 3696; baseline 0.008 -22"><span class='ocrx_word' id='word_1_495' title='bbox 499 3618 605 3675; x_wconf 88' lang='lat' dir='ltr'><strong>Sed</strong></span> <span class='ocrx_word' id='word_1_496' title='bbox 645 3621 711 3677; x_wconf 90' lang='lat' dir='ltr'><strong>de</strong></span> <span class='ocrx_word' id='word_1_497' title='bbox 741 3622 831 3676; x_wconf 90' lang='lat' dir='ltr'><strong>illa</strong></span> <span class='ocrx_word' id='word_1_498' title='bbox 870 3624 1066 3694; x_wconf 89' lang='lat' dir='ltr'><strong>judicii</strong></span> <span class='ocrx_word' id='word_1_499' title='bbox 1109 3624 1197 3680; x_wconf 87' lang='lat' dir='ltr'><strong>die</strong></span> <span class='ocrx_word' id='word_1_500' title='bbox 1240 3626 1323 3681; x_wconf 89' lang='lat' dir='ltr'><strong>sic</strong></span> <span class='ocrx_word' id='word_1_501' title='bbox 1346 3626 1657 3696; x_wconf 86' lang='lat' dir='ltr'><strong>loquentem</strong></span> <span class='ocrx_word' id='word_1_502' title='bbox 1695 3627 1974 3684; x_wconf 89' lang='lat' dir='ltr'><strong>Christum</strong></span> <span class='ocrx_word' id='word_1_503' title='bbox 2004 3631 2087 3686; x_wconf 83' lang='lat' dir='ltr'><strong>vi-</strong></span> 
     </span>
    </p>
   </div>
   <div class='ocr_carea' id='block_1_71' title="bbox 498 3711 2087 3790">
    <p class='ocr_par' dir='ltr' id='par_1_71' title="bbox 498 3711 2087 3790">
     <span class='ocr_line' id='line_1_71' title="bbox 498 3711 2087 3790; baseline 0.006 -23"><span class='ocrx_word' id='word_1_504' title='bbox 498 3711 692 3768; x_wconf 82' lang='lat' dir='ltr'><strong>demus</strong></span> <span class='ocrx_word' id='word_1_505' title='bbox 726 3732 738 3767; x_wconf 92' lang='lat'>:</span> <span class='ocrx_word' id='word_1_506' title='bbox 777 3713 990 3780; x_wconf 80' lang='lat' dir='ltr'><strong>Veniet,</strong></span> <span class='ocrx_word' id='word_1_507' title='bbox 1017 3714 1215 3785; x_wconf 88' lang='lat' dir='ltr'><strong>inquit,</strong></span> <span class='ocrx_word' id='word_1_508' title='bbox 1239 3716 1353 3786; x_wconf 83' lang='lat' dir='ltr'><strong>ejus</strong></span> <span class='ocrx_word' id='word_1_509' title='bbox 1395 3717 1683 3783; x_wconf 84' lang='lat' dir='ltr'><strong>Dominus,</strong></span> <span class='ocrx_word' id='word_1_510' title='bbox 1716 3719 1955 3790; x_wconf 89' lang='lat' dir='ltr'><strong>seipsum</strong></span> <span class='ocrx_word' id='word_1_511' title='bbox 1988 3737 2087 3777; x_wconf 88' lang='lat' dir='ltr'><strong>au-</strong></span> 
     </span>
    </p>
   </div>
   <div class='ocr_carea' id='block_1_72' title="bbox 498 3806 2087 3878">
    <p class='ocr_par' dir='ltr' id='par_1_72' title="bbox 498 3806 2087 3878">
     <span class='ocr_line' id='line_1_72' title="bbox 498 3806 2087 3878; baseline 0.004 -18"><span class='ocrx_word' id='word_1_512' title='bbox 498 3812 608 3860; x_wconf 89' lang='lat' dir='ltr'><strong>tem</strong></span> <span class='ocrx_word' id='word_1_513' title='bbox 647 3806 922 3877; x_wconf 80' lang='lat' dir='ltr'><strong>intelligit,</strong></span> <span class='ocrx_word' id='word_1_514' title='bbox 960 3808 1053 3877; x_wconf 89' lang='lat' dir='ltr'><strong>qui</strong></span> <span class='ocrx_word' id='word_1_515' title='bbox 1079 3808 1152 3862; x_wconf 91' lang='lat' dir='ltr'><strong>sit</strong></span> <span class='ocrx_word' id='word_1_516' title='bbox 1193 3808 1439 3862; x_wconf 86' lang='lat' dir='ltr'><strong>omnium</strong></span> <span class='ocrx_word' id='word_1_517' title='bbox 1477 3808 1850 3878; x_wconf 86' lang='lat' dir='ltr'><strong>Dominus,et</strong></span> <span class='ocrx_word' id='word_1_518' title='bbox 1878 3829 2087 3867; x_wconf 77' lang='lat' dir='ltr'><strong>servum</strong></span> 
     </span>
    </p>
   </div>
   <div class='ocr_carea' id='block_1_73' title="bbox 499 3899 2084 3975">
    <p class='ocr_par' dir='ltr' id='par_1_73' title="bbox 499 3899 2084 3975">
     <span class='ocr_line' id='line_1_73' title="bbox 499 3899 2084 3975; baseline 0.006 -24"><span class='ocrx_word' id='word_1_519' title='bbox 499 3899 671 3969; x_wconf 77' lang='lat' dir='ltr'><strong>ipsum</strong></span> <span class='ocrx_word' id='word_1_520' title='bbox 700 3900 755 3953; x_wconf 82' lang='lat' dir='ltr'><strong>in</strong></span> <span class='ocrx_word' id='word_1_521' title='bbox 795 3899 930 3954; x_wconf 88' lang='lat' dir='ltr'><strong>duas</strong></span> <span class='ocrx_word' id='word_1_522' title='bbox 968 3909 1145 3970; x_wconf 82' lang='lat' dir='ltr'><strong>partes</strong></span> <span class='ocrx_word' id='word_1_523' title='bbox 1186 3900 1414 3966; x_wconf 82' lang='lat' dir='ltr'><strong>secubit;</strong></span> <span class='ocrx_word' id='word_1_524' title='bbox 1454 3911 1504 3956; x_wconf 87' lang='lat' dir='ltr'><strong>et</strong></span> <span class='ocrx_word' id='word_1_525' title='bbox 1546 3912 1749 3971; x_wconf 83' lang='lat' dir='ltr'><strong>partem</strong></span> <span class='ocrx_word' id='word_1_526' title='bbox 1798 3905 1914 3975; x_wconf 80' lang='lat' dir='ltr'><strong>ejus</strong></span> <span class='ocrx_word' id='word_1_527' title='bbox 1963 3923 2084 3961; x_wconf 86' lang='lat' dir='ltr'><strong>cum</strong></span> 
     </span>
    </p>
   </div>
   <div class='ocr_carea' id='block_1_74' title="bbox 500 3990 2085 4064">
    <p class='ocr_par' dir='ltr' id='par_1_74' title="bbox 500 3990 2085 4064">
     <span class='ocr_line' id='line_1_74' title="bbox 500 3990 2085 4064; baseline 0.007 -21"><span class='ocrx_word' id='word_1_528' title='bbox 500 3990 806 4060; x_wconf 65' lang='lat' dir='ltr'><strong>inﬁdelibus</strong></span> <span class='ocrx_word' id='word_1_529' title='bbox 854 4002 1009 4062; x_wconf 87' lang='lat' dir='ltr'><strong>ponet</strong></span> <span class='ocrx_word' id='word_1_530' title='bbox 1034 3992 1073 4047; x_wconf 69' lang='grc'><strong>⁸.</strong></span> <span class='ocrx_word' id='word_1_531' title='bbox 1109 3992 1298 4049; x_wconf 82' lang='lat' dir='ltr'><strong>llcstat</strong></span> <span class='ocrx_word' id='word_1_532' title='bbox 1346 3994 1512 4064; x_wconf 79' lang='lat' dir='ltr'><strong>igitur</strong></span> <span class='ocrx_word' id='word_1_533' title='bbox 1554 4005 1613 4050; x_wconf 92' lang='lat' dir='ltr'><strong>ut</strong></span> <span class='ocrx_word' id='word_1_534' title='bbox 1657 4005 1851 4051; x_wconf 89' lang='lat' dir='ltr'><strong>contra</strong></span> <span class='ocrx_word' id='word_1_535' title='bbox 1892 3998 2085 4054; x_wconf 86' lang='lat' dir='ltr'><strong>Salva-</strong></span> 
     </span>
    </p>
   </div>
   <div class='ocr_carea' id='block_1_75' title="bbox 501 4087 2088 4156">
    <p class='ocr_par' dir='ltr' id='par_1_75' title="bbox 501 4087 2088 4156">
     <span class='ocr_line' id='line_1_75' title="bbox 501 4087 2088 4156; baseline 0.004 -17"><span class='ocrx_word' id='word_1_536' title='bbox 501 4095 675 4141; x_wconf 84' lang='lat' dir='ltr'><strong>torem</strong></span> <span class='ocrx_word' id='word_1_537' title='bbox 733 4087 911 4156; x_wconf 87' lang='lat' dir='ltr'><strong>ipsum</strong></span> <span class='ocrx_word' id='word_1_538' title='bbox 945 4087 1250 4143; x_wconf 87' lang='lat' dir='ltr'><strong>calumnias</strong></span> <span class='ocrx_word' id='word_1_539' title='bbox 1283 4098 1406 4144; x_wconf 85' lang='lat' dir='ltr'><strong>tuas</strong></span> <span class='ocrx_word' id='word_1_540' title='bbox 1437 4104 1502 4144; x_wconf 91' lang='lat' dir='ltr'><strong>ac</strong></span> <span class='ocrx_word' id='word_1_541' title='bbox 1533 4090 1823 4145; x_wconf 86' lang='lat' dir='ltr'><strong>maledicta</strong></span> <span class='ocrx_word' id='word_1_542' title='bbox 1857 4106 2088 4147; x_wconf 83' lang='lat' dir='ltr'><strong>conver-</strong></span> 
     </span>
    </p>
   </div>
   <div class='ocr_carea' id='block_1_76' title="bbox 500 4178 2087 4249">
    <p class='ocr_par' dir='ltr' id='par_1_76' title="bbox 500 4178 2087 4249">
     <span class='ocr_line' id='line_1_76' title="bbox 500 4178 2087 4249; baseline 0.004 -19"><span class='ocrx_word' id='word_1_543' title='bbox 500 4184 608 4242; x_wconf 85' lang='lat' dir='ltr'><strong>tas,</strong></span> <span class='ocrx_word' id='word_1_544' title='bbox 638 4188 875 4249; x_wconf 82' lang='lat' dir='ltr'><strong>cumque</strong></span> <span class='ocrx_word' id='word_1_545' title='bbox 906 4193 1031 4235; x_wconf 80' lang='lat' dir='ltr'><strong>csse</strong></span> <span class='ocrx_word' id='word_1_546' title='bbox 1076 4178 1281 4235; x_wconf 87' lang='lat' dir='ltr'><strong>bonum</strong></span> <span class='ocrx_word' id='word_1_547' title='bbox 1336 4179 1596 4236; x_wconf 85' lang='lat' dir='ltr'><strong>inficieris</strong></span> <span class='ocrx_word' id='word_1_548' title='bbox 1616 4222 1629 4249; x_wconf 89' lang='lat'><strong>,</strong></span> <span class='ocrx_word' id='word_1_549' title='bbox 1661 4181 1878 4236; x_wconf 87' lang='lat' dir='ltr'><strong>tametsi</strong></span> <span class='ocrx_word' id='word_1_550' title='bbox 1910 4182 2087 4238; x_wconf 88' lang='lat' dir='ltr'><strong>bonus</strong></span> 
     </span>
    </p>
   </div>
   <div class='ocr_carea' id='block_1_77' title="bbox 499 4267 2087 4342">
    <p class='ocr_par' dir='ltr' id='par_1_77' title="bbox 499 4267 2087 4342">
     <span class='ocr_line' id='line_1_77' title="bbox 499 4267 2087 4342; baseline 0.003 -18"><span class='ocrx_word' id='word_1_551' title='bbox 499 4285 624 4324; x_wconf 87' lang='lat' dir='ltr'><strong>cum</strong></span> <span class='ocrx_word' id='word_1_552' title='bbox 661 4267 821 4324; x_wconf 87' lang='lat' dir='ltr'><strong>Pater</strong></span> <span class='ocrx_word' id='word_1_553' title='bbox 846 4271 1124 4341; x_wconf 88' lang='lat' dir='ltr'><strong>genuerit,</strong></span> <span class='ocrx_word' id='word_1_554' title='bbox 1157 4270 1444 4342; x_wconf 85' lang='lat' dir='ltr'><strong>bonusque</strong></span> <span class='ocrx_word' id='word_1_555' title='bbox 1480 4271 1553 4327; x_wconf 92' lang='lat' dir='ltr'><strong>sit</strong></span> <span class='ocrx_word' id='word_1_556' title='bbox 1584 4285 1649 4326; x_wconf 88' lang='lat' dir='ltr'><strong>ac</strong></span> <span class='ocrx_word' id='word_1_557' title='bbox 1676 4272 1891 4342; x_wconf 87' lang='lat' dir='ltr'><strong>justus,</strong></span> <span class='ocrx_word' id='word_1_558' title='bbox 1921 4288 2021 4329; x_wconf 88' lang='lat' dir='ltr'><strong>nec</strong></span> <span class='ocrx_word' id='word_1_559' title='bbox 2056 4289 2087 4328; x_wconf 89' lang='lat' dir='ltr'><strong>a</strong></span> 
     </span>
    </p>
   </div>
   <div class='ocr_carea' id='block_1_78' title="bbox 499 4358 2086 4435">
    <p class='ocr_par' dir='ltr' id='par_1_78' title="bbox 499 4358 2086 4435">
     <span class='ocr_line' id='line_1_78' title="bbox 499 4358 2086 4435; baseline 0.003 -21"><span class='ocrx_word' id='word_1_560' title='bbox 499 4358 661 4415; x_wconf 83' lang='lat' dir='ltr'><strong>Patre</strong></span> <span class='ocrx_word' id='word_1_561' title='bbox 689 4361 960 4418; x_wconf 82' lang='lat' dir='ltr'><strong>diversus.</strong></span> <span class='ocrx_word' id='word_1_562' title='bbox 993 4361 1266 4429; x_wconf 85' lang='lat' dir='ltr'><strong>Quocirca</strong></span> <span class='ocrx_word' id='word_1_563' title='bbox 1308 4372 1366 4418; x_wconf 90' lang='lat' dir='ltr'><strong>tu</strong></span> <span class='ocrx_word' id='word_1_564' title='bbox 1394 4363 1489 4434; x_wconf 90' lang='lat' dir='ltr'><strong>qui</strong></span> <span class='ocrx_word' id='word_1_565' title='bbox 1527 4364 1707 4435; x_wconf 89' lang='lat' dir='ltr'><strong>legum</strong></span> <span class='ocrx_word' id='word_1_566' title='bbox 1731 4363 1890 4421; x_wconf 88' lang='lat' dir='ltr'><strong>nobis</strong></span> <span class='ocrx_word' id='word_1_567' title='bbox 1915 4365 2086 4435; x_wconf 84' lang='lat' dir='ltr'><strong>parti—</strong></span> 
     </span>
    </p>
   </div>
   <div class='ocr_carea' id='block_1_79' title="bbox 2188 3242 3778 3328">
    <p class='ocr_par' dir='ltr' id='par_1_79' title="bbox 2188 3242 3778 3328">
     <span class='ocr_line' id='line_1_79' title="bbox 2188 3242 3778 3328; baseline -0.009 -16"><span class='ocrx_word' id='word_1_568' title='bbox 2188 3256 2545 3328; x_wconf 81' lang='grc' dir='ltr'>πειθομένων.</span> <span class='ocrx_word' id='word_1_569' title='bbox 2574 3255 2639 3308; x_wconf 89' lang='grc' dir='ltr'><strong>Εί</strong></span> <span class='ocrx_word' id='word_1_570' title='bbox 2665 3253 2719 3306; x_wconf 80' lang='grc' dir='ltr'>δὲ</span> <span class='ocrx_word' id='word_1_571' title='bbox 2746 3252 2979 3322; x_wconf 83' lang='grc' dir='ltr'>φάσκεις</span> <span class='ocrx_word' id='word_1_572' title='bbox 3008 3248 3347 3322; x_wconf 80' lang='grc' dir='ltr'>περιπλοκὴν</span> <span class='ocrx_word' id='word_1_573' title='bbox 3378 3242 3517 3300; x_wconf 75' lang='grc' dir='ltr'>εἶναι</span> <span class='ocrx_word' id='word_1_574' title='bbox 3548 3244 3778 3316; x_wconf 77' lang='grc' dir='ltr'>ταύτην,</span> 
     </span>
    </p>
   </div>
   <div class='ocr_carea' id='block_1_80' title="bbox 2185 3334 3781 3417">
    <p class='ocr_par' dir='ltr' id='par_1_80' title="bbox 2185 3334 3781 3417">
     <span class='ocr_line' id='line_1_80' title="bbox 2185 3334 3781 3417; baseline -0.009 -14"><span class='ocrx_word' id='word_1_575' title='bbox 2185 3334 2247 3403; x_wconf 81' lang='grc' dir='ltr'>τὸ</span> <span class='ocrx_word' id='word_1_576' title='bbox 2281 3348 2483 3417; x_wconf 77' lang='grc' dir='ltr'>λέγειν,</span> <span class='ocrx_word' id='word_1_577' title='bbox 2531 3345 2868 3415; x_wconf 70' lang='grc' dir='ltr'>Ὀφθαλμὸν</span> <span class='ocrx_word' id='word_1_578' title='bbox 2921 3342 3053 3398; x_wconf 75' lang='grc' dir='ltr'><strong>ἀντὶ</strong></span> <span class='ocrx_word' id='word_1_579' title='bbox 3101 3338 3435 3410; x_wconf 72' lang='grc' dir='ltr'>ὀφθαλμοῦ,</span> <span class='ocrx_word' id='word_1_580' title='bbox 3475 3337 3571 3391; x_wconf 73' lang='grc' dir='ltr'>καὶ</span> <span class='ocrx_word' id='word_1_581' title='bbox 3602 3337 3664 3391; x_wconf 81' lang='grc' dir='ltr'>τὸ</span> <span class='ocrx_word' id='word_1_582' title='bbox 3689 3336 3781 3390; x_wconf 83' lang='grc' dir='ltr'><strong>τὸν</strong></span> 
     </span>
    </p>
   </div>
   <div class='ocr_carea' id='block_1_81' title="bbox 2188 3426 3779 3510">
    <p class='ocr_par' dir='ltr' id='par_1_81' title="bbox 2188 3426 3779 3510">
     <span class='ocr_line' id='line_1_81' title="bbox 2188 3426 3779 3510; baseline -0.009 -17"><span class='ocrx_word' id='word_1_583' title='bbox 2188 3439 2353 3510; x_wconf 85' lang='grc' dir='ltr'>φονέα</span> <span class='ocrx_word' id='word_1_584' title='bbox 2380 3436 2723 3507; x_wconf 81' lang='grc' dir='ltr'>φονεύεσθαι,</span> <span class='ocrx_word' id='word_1_585' title='bbox 2765 3434 2875 3489; x_wconf 71' lang='grc' dir='ltr'><strong>ἰδοὺ</strong></span> <span class='ocrx_word' id='word_1_586' title='bbox 2907 3433 3003 3487; x_wconf 67' lang='grc' dir='ltr'>καὶ</span> <span class='ocrx_word' id='word_1_587' title='bbox 3032 3432 3160 3503; x_wconf 71' lang='grc' dir='ltr'>περὶ</span> <span class='ocrx_word' id='word_1_588' title='bbox 3179 3431 3277 3502; x_wconf 78' lang='grc' dir='ltr'>τῆς</span> <span class='ocrx_word' id='word_1_589' title='bbox 3292 3428 3506 3501; x_wconf 80' lang='grc' dir='ltr'>ἡμέρας</span> <span class='ocrx_word' id='word_1_590' title='bbox 3530 3428 3630 3498; x_wconf 83' lang='grc' dir='ltr'>τῆς</span> <span class='ocrx_word' id='word_1_591' title='bbox 3656 3426 3779 3499; x_wconf 82' lang='grc' dir='ltr'>κρί-</span> 
     </span>
    </p>
   </div>
   <div class='ocr_carea' id='block_1_82' title="bbox 2189 3521 3783 3602">
    <p class='ocr_par' dir='ltr' id='par_1_82' title="bbox 2189 3521 3783 3602">
     <span class='ocr_line' id='line_1_82' title="bbox 2189 3521 3783 3602; baseline -0.008 -15"><span class='ocrx_word' id='word_1_592' title='bbox 2189 3550 2325 3596; x_wconf 82' lang='grc' dir='ltr'>σεως</span> <span class='ocrx_word' id='word_1_593' title='bbox 2354 3530 2624 3602; x_wconf 83' lang='grc' dir='ltr'>βλέπομεν</span> <span class='ocrx_word' id='word_1_594' title='bbox 2637 3529 2729 3583; x_wconf 85' lang='grc' dir='ltr'>τὸν</span> <span class='ocrx_word' id='word_1_595' title='bbox 2769 3526 2998 3599; x_wconf 82' lang='grc' dir='ltr'>Σωτῆρα</span> <span class='ocrx_word' id='word_1_596' title='bbox 3028 3524 3275 3593; x_wconf 70' lang='grc' dir='ltr'>λέγοντα,</span> <span class='ocrx_word' id='word_1_597' title='bbox 3310 3522 3393 3575; x_wconf 85' lang='grc' dir='ltr'>ὃτι</span> <span class='ocrx_word' id='word_1_598' title='bbox 3442 3521 3783 3575; x_wconf 78' lang='grc' dir='ltr'>Ἐλεύσεται</span> 
     </span>
    </p>
   </div>
   <div class='ocr_carea' id='block_1_83' title="bbox 2186 3602 3782 3689">
    <p class='ocr_par' dir='ltr' id='par_1_83' title="bbox 2186 3602 3782 3689">
     <span class='ocr_line' id='line_1_83' title="bbox 2186 3602 3782 3689; baseline -0.011 -9"><span class='ocrx_word' id='word_1_599' title='bbox 2186 3628 2221 3680; x_wconf 84' lang='grc' dir='ltr'><em>ὀ</em></span> <span class='ocrx_word' id='word_1_600' title='bbox 2283 3622 2471 3679; x_wconf 80' lang='grc' dir='ltr'>αὑτοῦ</span> <span class='ocrx_word' id='word_1_601' title='bbox 2523 3622 2873 3689; x_wconf 80' lang='grc' dir='ltr'>Δεσπότης·</span> <span class='ocrx_word' id='word_1_602' title='bbox 2921 3616 3080 3670; x_wconf 79' lang='grc' dir='ltr'>τοῦτο</span> <span class='ocrx_word' id='word_1_603' title='bbox 3120 3614 3177 3667; x_wconf 76' lang='grc' dir='ltr'>δὲ</span> <span class='ocrx_word' id='word_1_604' title='bbox 3200 3612 3330 3685; x_wconf 75' lang='grc' dir='ltr'>περὶ</span> <span class='ocrx_word' id='word_1_605' title='bbox 3370 3602 3563 3665; x_wconf 70' lang='grc' dir='ltr'>ἑαυτοῦ</span> <span class='ocrx_word' id='word_1_606' title='bbox 3597 3609 3782 3678; x_wconf 70' lang='grc' dir='ltr'>ἔλεγεν</span> 
     </span>
    </p>
   </div>
   <div class='ocr_carea' id='block_1_84' title="bbox 2188 3700 3784 3779">
    <p class='ocr_par' dir='ltr' id='par_1_84' title="bbox 2188 3700 3784 3779">
     <span class='ocr_line' id='line_1_84' title="bbox 2188 3700 3784 3779; baseline -0.011 -10"><span class='ocrx_word' id='word_1_607' title='bbox 2188 3714 2350 3779; x_wconf 82' lang='grc' dir='ltr'>αὐτὸς</span> <span class='ocrx_word' id='word_1_608' title='bbox 2376 3713 2594 3767; x_wconf 78' lang='grc' dir='ltr'>πάντων</span> <span class='ocrx_word' id='word_1_609' title='bbox 2627 3710 2701 3764; x_wconf 84' lang='grc' dir='ltr'><strong>ὢν</strong></span> <span class='ocrx_word' id='word_1_610' title='bbox 2733 3708 3030 3779; x_wconf 84' lang='grc' dir='ltr'>Δεσπότης,</span> <span class='ocrx_word' id='word_1_611' title='bbox 3070 3706 3165 3761; x_wconf 86' lang='grc' dir='ltr'><strong>καί</strong></span> <span class='ocrx_word' id='word_1_612' title='bbox 3199 3720 3366 3777; x_wconf 73' lang='grc' dir='ltr'>φησισ</span> <span class='ocrx_word' id='word_1_613' title='bbox 3395 3701 3506 3757; x_wconf 77' lang='lat' dir='ltr'><strong>Kal</strong></span> <span class='ocrx_word' id='word_1_614' title='bbox 3551 3700 3784 3771; x_wconf 79' lang='grc' dir='ltr'>διχοτο-</span> 
     </span>
    </p>
   </div>
   <div class='ocr_carea' id='block_1_85' title="bbox 2186 3791 3783 3877">
    <p class='ocr_par' dir='ltr' id='par_1_85' title="bbox 2186 3791 3783 3877">
     <span class='ocr_line' id='line_1_85' title="bbox 2186 3791 3783 3877; baseline -0.011 -15"><span class='ocrx_word' id='word_1_615' title='bbox 2186 3807 2368 3877; x_wconf 79' lang='grc' dir='ltr'>μήσει</span> <span class='ocrx_word' id='word_1_616' title='bbox 2395 3804 2585 3877; x_wconf 78' lang='grc' dir='ltr'>αὐτὸν</span> <span class='ocrx_word' id='word_1_617' title='bbox 2598 3803 2706 3858; x_wconf 77' lang='grc' dir='ltr'>τὸν</span> <span class='ocrx_word' id='word_1_618' title='bbox 2730 3802 2988 3857; x_wconf 70' lang='grc' dir='ltr'>δοῦλον·</span> <span class='ocrx_word' id='word_1_619' title='bbox 3013 3798 3113 3854; x_wconf 75' lang='grc' dir='ltr'>καὶ</span> <span class='ocrx_word' id='word_1_620' title='bbox 3143 3800 3209 3852; x_wconf 82' lang='grc' dir='ltr'>τὸ</span> <span class='ocrx_word' id='word_1_621' title='bbox 3229 3796 3412 3867; x_wconf 81' lang='grc' dir='ltr'>μέρος</span> <span class='ocrx_word' id='word_1_622' title='bbox 3427 3793 3615 3849; x_wconf 81' lang='grc' dir='ltr'>αὑτοῦ</span> <span class='ocrx_word' id='word_1_623' title='bbox 3633 3791 3783 3863; x_wconf 80' lang='grc' dir='ltr'>μετὰ</span> 
     </span>
    </p>
   </div>
   <div class='ocr_carea' id='block_1_86' title="bbox 2188 3876 3781 3967">
    <p class='ocr_par' dir='ltr' id='par_1_86' title="bbox 2188 3876 3781 3967">
     <span class='ocr_line' id='line_1_86' title="bbox 2188 3876 3781 3967; baseline -0.011 -13"><span class='ocrx_word' id='word_1_624' title='bbox 2188 3876 2594 3954; x_wconf 77' lang='grc' dir='ltr'>τῶνάπίστων</span> <span class='ocrx_word' id='word_1_625' title='bbox 2623 3895 2815 3965; x_wconf 77' lang='grc' dir='ltr'>θήσει.</span> <span class='ocrx_word' id='word_1_626' title='bbox 2848 3892 3056 3948; x_wconf 81' lang='grc' dir='ltr'>Οὐκοῦν</span> <span class='ocrx_word' id='word_1_627' title='bbox 3077 3893 3098 3925; x_wconf 78' lang='grc'>⁸</span> <span class='ocrx_word' id='word_1_628' title='bbox 3132 3892 3227 3946; x_wconf 76' lang='grc' dir='ltr'>καὶ</span> <span class='ocrx_word' id='word_1_629' title='bbox 3254 3889 3381 3962; x_wconf 73' lang='grc' dir='ltr'>περὶ</span> <span class='ocrx_word' id='word_1_630' title='bbox 3413 3887 3507 3941; x_wconf 79' lang='grc' dir='ltr'><strong>τοῦ</strong></span> 
     </span>
    </p>
   </div>
   <div class='ocr_carea' id='block_1_87' title="bbox 2191 3975 3783 4063">
    <p class='ocr_par' dir='ltr' id='par_1_87' title="bbox 2191 3975 3783 4063">
     <span class='ocr_line' id='line_1_87' title="bbox 2191 3975 3783 4063; baseline -0.008 -20"><span class='ocrx_word' id='word_1_631' title='bbox 2191 3988 2453 4063; x_wconf 53' lang='lat' dir='ltr'><strong>agonum</strong></span> <span class='ocrx_word' id='word_1_632' title='bbox 2510 3988 2867 4057; x_wconf 70' lang='grc' dir='ltr'>συκοφαντεῖν</span> <span class='ocrx_word' id='word_1_633' title='bbox 2906 3983 3067 4039; x_wconf 84' lang='grc' dir='ltr'>πάλιν</span> <span class='ocrx_word' id='word_1_634' title='bbox 3098 3984 3342 4054; x_wconf 73' lang='grc' dir='ltr'>ῥήματα,</span> <span class='ocrx_word' id='word_1_635' title='bbox 3377 3978 3472 4034; x_wconf 66' lang='grc' dir='ltr'>καὶ</span> <span class='ocrx_word' id='word_1_636' title='bbox 3502 3979 3678 4043; x_wconf 74' lang='grc' dir='ltr'>εἴποις</span> <span class='ocrx_word' id='word_1_637' title='bbox 3719 3975 3783 4031; x_wconf 80' lang='grc' dir='ltr'>ἂν</span> 
     </span>
    </p>
   </div>
   <div class='ocr_carea' id='block_1_88' title="bbox 2186 4066 3781 4156">
    <p class='ocr_par' dir='ltr' id='par_1_88' title="bbox 2186 4066 3781 4156">
     <span class='ocr_line' id='line_1_88' title="bbox 2186 4066 3781 4156; baseline -0.012 -16"><span class='ocrx_word' id='word_1_638' title='bbox 2186 4085 2374 4141; x_wconf 73' lang='grc' dir='ltr'>τοῦτον</span> <span class='ocrx_word' id='word_1_639' title='bbox 2409 4084 2483 4156; x_wconf 82' lang='grc' dir='ltr'>μὴ</span> <span class='ocrx_word' id='word_1_640' title='bbox 2510 4078 2650 4137; x_wconf 75' lang='grc' dir='ltr'>εἶναι</span> <span class='ocrx_word' id='word_1_641' title='bbox 2674 4077 3098 4151; x_wconf 79' lang='grc' dir='ltr'>ἀγαθὸν,καίτοι</span> <span class='ocrx_word' id='word_1_642' title='bbox 3131 4091 3195 4144; x_wconf 87' lang='grc' dir='ltr'><strong>γε</strong></span> <span class='ocrx_word' id='word_1_643' title='bbox 3226 4076 3291 4127; x_wconf 81' lang='grc' dir='ltr'>ὲκ</span> <span class='ocrx_word' id='word_1_644' title='bbox 3322 4070 3539 4143; x_wconf 74' lang='grc' dir='ltr'>Πατρὸς</span> <span class='ocrx_word' id='word_1_645' title='bbox 3573 4066 3781 4139; x_wconf 79' lang='grc' dir='ltr'>ἀγαθοῦ</span> 
     </span>
    </p>
   </div>
   <div class='ocr_carea' id='block_1_89' title="bbox 2188 4161 3783 4248">
    <p class='ocr_par' dir='ltr' id='par_1_89' title="bbox 2188 4161 3783 4248">
     <span class='ocr_line' id='line_1_89' title="bbox 2188 4161 3783 4248; baseline -0.013 -15"><span class='ocrx_word' id='word_1_646' title='bbox 2188 4176 2607 4248; x_wconf 82' lang='grc' dir='ltr'>γεγεννημένον,</span> <span class='ocrx_word' id='word_1_647' title='bbox 2653 4173 2749 4228; x_wconf 72' lang='grc' dir='ltr'>καὶ</span> <span class='ocrx_word' id='word_1_648' title='bbox 2807 4170 3012 4240; x_wconf 68' lang='grc' dir='ltr'>ἀγαθον</span> <span class='ocrx_word' id='word_1_649' title='bbox 3060 4168 3211 4233; x_wconf 75' lang='grc' dir='ltr'>ὄντα,</span> <span class='ocrx_word' id='word_1_650' title='bbox 3253 4165 3390 4219; x_wconf 83' lang='grc' dir='ltr'>ἀλλὰ</span> <span class='ocrx_word' id='word_1_651' title='bbox 3435 4164 3667 4226; x_wconf 86' lang='grc' dir='ltr'>δίκαιον,</span> <span class='ocrx_word' id='word_1_652' title='bbox 3688 4161 3783 4215; x_wconf 73' lang='grc' dir='ltr'>καὶ</span> 
     </span>
    </p>
   </div>
   <div class='ocr_carea' id='block_1_90' title="bbox 2188 4252 3784 4342">
    <p class='ocr_par' dir='ltr' id='par_1_90' title="bbox 2188 4252 3784 4342">
     <span class='ocr_line' id='line_1_90' title="bbox 2188 4252 3784 4342; baseline -0.014 -16"><span class='ocrx_word' id='word_1_653' title='bbox 2188 4271 2301 4326; x_wconf 74' lang='grc' dir='ltr'>οὗθ’</span> <span class='ocrx_word' id='word_1_654' title='bbox 2332 4271 2518 4342; x_wconf 74' lang='grc' dir='ltr'>ἕτερον</span> <span class='ocrx_word' id='word_1_655' title='bbox 2548 4266 2701 4340; x_wconf 70' lang='grc' dir='ltr'>παρὰ</span> <span class='ocrx_word' id='word_1_656' title='bbox 2731 4264 2823 4320; x_wconf 87' lang='grc' dir='ltr'>τὸν</span> <span class='ocrx_word' id='word_1_657' title='bbox 2854 4262 3099 4334; x_wconf 85' lang='grc' dir='ltr'>Πατέρα.</span> <span class='ocrx_word' id='word_1_658' title='bbox 3140 4259 3380 4314; x_wconf 81' lang='grc' dir='ltr'>Δύνασαι</span> <span class='ocrx_word' id='word_1_659' title='bbox 3425 4253 3659 4342; x_wconf 24' lang='grc' dir='ltr'>ἄραᾼκαί</span> <span class='ocrx_word' id='word_1_660' title='bbox 3686 4252 3784 4305; x_wconf 85' lang='grc' dir='ltr'><strong>αὐ-</strong></span> 
     </span>
    </p>
   </div>
   <div class='ocr_carea' id='block_1_91' title="bbox 2188 4339 3779 4433">
    <p class='ocr_par' dir='ltr' id='par_1_91' title="bbox 2188 4339 3779 4433">
     <span class='ocr_line' id='line_1_91' title="bbox 2188 4339 3779 4433; baseline -0.013 -16"><span class='ocrx_word' id='word_1_661' title='bbox 2188 4355 2278 4417; x_wconf 68' lang='grc' dir='ltr'>τὸν</span> <span class='ocrx_word' id='word_1_662' title='bbox 2339 4339 2737 4433; x_wconf 79' lang='grc' dir='ltr'>ἀπαλλοτριοῦν</span> <span class='ocrx_word' id='word_1_663' title='bbox 2773 4356 2874 4427; x_wconf 84' lang='grc' dir='ltr'>τῆς</span> <span class='ocrx_word' id='word_1_664' title='bbox 2919 4353 3013 4408; x_wconf 78' lang='grc' dir='ltr'>τοῦ</span> <span class='ocrx_word' id='word_1_665' title='bbox 3048 4352 3265 4424; x_wconf 81' lang='grc' dir='ltr'>Πατρὺς</span> <span class='ocrx_word' id='word_1_666' title='bbox 3308 4349 3516 4412; x_wconf 76' lang='grc' dir='ltr'>οὐσίας,</span> <span class='ocrx_word' id='word_1_667' title='bbox 3539 4339 3779 4409; x_wconf 76' lang='grc' dir='ltr'>ὧοῦτος,</span> 
     </span>
    </p>
   </div>
   <div class='ocr_carea' id='block_1_92' title="bbox 501 4433 2079 4533">
    <p class='ocr_par' dir='ltr' id='par_1_92' title="bbox 501 4433 2079 4525">
     <span class='ocr_line' id='line_1_92' title="bbox 501 4433 2079 4525; baseline 0.003 -20"><span class='ocrx_word' id='word_1_668' title='bbox 501 4461 587 4506; x_wconf 93' lang='lat' dir='ltr'><strong>tor</strong></span> <span class='ocrx_word' id='word_1_669' title='bbox 613 4468 679 4508; x_wconf 90' lang='lat' dir='ltr'><strong>ac</strong></span> <span class='ocrx_word' id='word_1_670' title='bbox 701 4462 979 4524; x_wconf 86' lang='lat' dir='ltr'><strong>geometra</strong></span> <span class='ocrx_word' id='word_1_671' title='bbox 1016 4463 1240 4525; x_wconf 86' lang='lat' dir='ltr'><strong>repente</strong></span> <span class='ocrx_word' id='word_1_672' title='bbox 1266 4433 1543 4525; x_wconf 88' lang='lat' dir='ltr'><strong>prodiisti,</strong></span> <span class='ocrx_word' id='word_1_673' title='bbox 1569 4433 1633 4509; x_wconf 75' lang='lat' dir='ltr'><strong>ac</strong></span> <span class='ocrx_word' id='word_1_674' title='bbox 1664 4433 1934 4510; x_wconf 81' lang='lat' dir='ltr'><strong>trifariam</strong></span> <span class='ocrx_word' id='word_1_675' title='bbox 1964 4456 2079 4511; x_wconf 91' lang='lat' dir='ltr'><strong>uni-</strong></span> 
     </span>
    </p>
   </div>
   <div class='ocr_carea' id='block_1_93' title="bbox 2180 4433 3781 4533">
    <p class='ocr_par' dir='ltr' id='par_1_93' title="bbox 2189 4433 3781 4527">
     <span class='ocr_line' id='line_1_93' title="bbox 2189 4433 3781 4527; baseline -0.011 -18"><span class='ocrx_word' id='word_1_676' title='bbox 2189 4457 2218 4509; x_wconf 88' lang='grc' dir='ltr'><strong>ὁ</strong></span> <span class='ocrx_word' id='word_1_677' title='bbox 2270 4452 2548 4525; x_wconf 84' lang='grc' dir='ltr'>προελθὼν</span> <span class='ocrx_word' id='word_1_678' title='bbox 2602 4454 2736 4524; x_wconf 77' lang='grc' dir='ltr'>ἡμῖν</span> <span class='ocrx_word' id='word_1_679' title='bbox 2783 4449 2945 4504; x_wconf 78' lang='grc' dir='ltr'>πάλιν</span> <span class='ocrx_word' id='word_1_680' title='bbox 2988 4433 3290 4520; x_wconf 75' lang='grc' dir='ltr'>διαιρέτης,</span> <span class='ocrx_word' id='word_1_681' title='bbox 3333 4443 3427 4497; x_wconf 75' lang='grc' dir='ltr'>καὶ</span> <span class='ocrx_word' id='word_1_682' title='bbox 3461 4438 3781 4527; x_wconf 69' lang='grc' dir='ltr'>γεωμέτρης</span> 
     </span>
    </p>
   </div>
   <div class='ocr_carea' id='block_1_94' title="bbox 500 4546 2082 4618">
    <p class='ocr_par' dir='ltr' id='par_1_94' title="bbox 500 4546 2082 4618">
     <span class='ocr_line' id='line_1_94' title="bbox 500 4546 2082 4618; baseline 0.003 -18"><span class='ocrx_word' id='word_1_683' title='bbox 500 4562 659 4603; x_wconf 82' lang='lat' dir='ltr'><strong>versa</strong></span> <span class='ocrx_word' id='word_1_684' title='bbox 686 4546 915 4613; x_wconf 78' lang='lat' dir='ltr'><strong>dividis,</strong></span> <span class='ocrx_word' id='word_1_685' title='bbox 951 4554 1105 4618; x_wconf 86' lang='lat' dir='ltr'><strong>potes</strong></span> <span class='ocrx_word' id='word_1_686' title='bbox 1134 4548 1287 4603; x_wconf 86' lang='lat' dir='ltr'><strong>illum</strong></span> <span class='ocrx_word' id='word_1_687' title='bbox 1326 4564 1358 4603; x_wconf 88' lang='lat' dir='ltr'><strong>a</strong></span> <span class='ocrx_word' id='word_1_688' title='bbox 1393 4547 1572 4605; x_wconf 89' lang='lat' dir='ltr'><strong>Patris</strong></span> <span class='ocrx_word' id='word_1_689' title='bbox 1619 4548 1936 4605; x_wconf 85' lang='lat' dir='ltr'><strong>abalienare</strong></span> <span class='ocrx_word' id='word_1_690' title='bbox 1980 4565 2082 4604; x_wconf 89' lang='lat' dir='ltr'><strong>na-</strong></span> 
     </span>
    </p>
   </div>
   <div class='ocr_carea' id='block_1_95' title="bbox 501 4631 2088 4713">
    <p class='ocr_par' dir='ltr' id='par_1_95' title="bbox 501 4631 2088 4713">
     <span class='ocr_line' id='line_1_95' title="bbox 501 4631 2088 4713; baseline 0.004 -20"><span class='ocrx_word' id='word_1_691' title='bbox 501 4647 646 4695; x_wconf 84' lang='lat' dir='ltr'><strong>tura.</strong></span> <span class='ocrx_word' id='word_1_692' title='bbox 707 4638 863 4706; x_wconf 86' lang='lat' dir='ltr'><strong>Quod</strong></span> <span class='ocrx_word' id='word_1_693' title='bbox 911 4649 1091 4695; x_wconf 88' lang='lat' dir='ltr'><strong>autem</strong></span> <span class='ocrx_word' id='word_1_694' title='bbox 1130 4642 1393 4696; x_wconf 89' lang='lat' dir='ltr'><strong>nonnulla</strong></span> <span class='ocrx_word' id='word_1_695' title='bbox 1452 4640 1646 4698; x_wconf 83' lang='lat' dir='ltr'><strong>definis</strong></span> <span class='ocrx_word' id='word_1_696' title='bbox 1698 4643 1751 4696; x_wconf 89' lang='lat' dir='ltr'><strong>in</strong></span> <span class='ocrx_word' id='word_1_697' title='bbox 1797 4631 1914 4713; x_wconf 82' lang='lat' dir='ltr'><strong>lege</strong></span> <span class='ocrx_word' id='word_1_698' title='bbox 1963 4659 2088 4700; x_wconf 82' lang='lat' dir='ltr'><strong>esse</strong></span> 
     </span>
    </p>
   </div>
   <div class='ocr_carea' id='block_1_96' title="bbox 501 4729 2089 4805">
    <p class='ocr_par' dir='ltr' id='par_1_96' title="bbox 501 4729 2089 4805">
     <span class='ocr_line' id='line_1_96' title="bbox 501 4729 2089 4805; baseline 0.006 -22"><span class='ocrx_word' id='word_1_699' title='bbox 501 4729 867 4785; x_wconf 90' lang='lat' dir='ltr'><strong>adumbrandi</strong></span> <span class='ocrx_word' id='word_1_700' title='bbox 898 4731 1357 4803; x_wconf 83' lang='lat' dir='ltr'><strong>significandique</strong></span> <span class='ocrx_word' id='word_1_701' title='bbox 1382 4748 1548 4788; x_wconf 89' lang='lat' dir='ltr'><strong>causa</strong></span> <span class='ocrx_word' id='word_1_702' title='bbox 1577 4736 1807 4805; x_wconf 87' lang='lat' dir='ltr'><strong>scripta,</strong></span> <span class='ocrx_word' id='word_1_703' title='bbox 1841 4736 2089 4792; x_wconf 84' lang='lat' dir='ltr'><strong>veritatis</strong></span> 
     </span>
    </p>
   </div>
   <div class='ocr_carea' id='block_1_97' title="bbox 501 4822 2091 4897">
    <p class='ocr_par' dir='ltr' id='par_1_97' title="bbox 501 4822 2091 4897">
     <span class='ocr_line' id='line_1_97' title="bbox 501 4822 2091 4897; baseline 0.004 -20"><span class='ocrx_word' id='word_1_704' title='bbox 501 4822 755 4877; x_wconf 87' lang='lat' dir='ltr'><strong>nonnihil</strong></span> <span class='ocrx_word' id='word_1_705' title='bbox 782 4822 1035 4894; x_wconf 82' lang='lat' dir='ltr'><strong>attigisti,</strong></span> <span class='ocrx_word' id='word_1_706' title='bbox 1074 4831 1133 4876; x_wconf 91' lang='lat' dir='ltr'><strong>ut</strong></span> <span class='ocrx_word' id='word_1_707' title='bbox 1172 4824 1362 4895; x_wconf 82' lang='lat' dir='ltr'><strong>paucis</strong></span> <span class='ocrx_word' id='word_1_708' title='bbox 1394 4825 1462 4880; x_wconf 88' lang='lat' dir='ltr'><strong>iis</strong></span> <span class='ocrx_word' id='word_1_709' title='bbox 1507 4829 1749 4897; x_wconf 86' lang='lat' dir='ltr'><strong>aspersis</strong></span> <span class='ocrx_word' id='word_1_710' title='bbox 1770 4869 1785 4893; x_wconf 92' lang='lat'><strong>,</strong></span> <span class='ocrx_word' id='word_1_711' title='bbox 1818 4830 1962 4884; x_wconf 75' lang='lat' dir='ltr'><strong>viam</strong></span> <span class='ocrx_word' id='word_1_712' title='bbox 1991 4829 2091 4884; x_wconf 84' lang='lat' dir='ltr'><strong>tibi</strong></span> 
     </span>
    </p>
   </div>
   <div class='ocr_carea' id='block_1_98' title="bbox 505 4901 2091 4987">
    <p class='ocr_par' dir='ltr' id='par_1_98' title="bbox 505 4901 2091 4987">
     <span class='ocr_line' id='line_1_98' title="bbox 505 4901 2091 4987; baseline 0.006 -21"><span class='ocrx_word' id='word_1_713' title='bbox 505 4912 560 4967; x_wconf 88' lang='lat' dir='ltr'><strong>in</strong></span> <span class='ocrx_word' id='word_1_714' title='bbox 599 4912 812 4969; x_wconf 65' lang='lat' dir='ltr'><strong>caeteris</strong></span> <span class='ocrx_word' id='word_1_715' title='bbox 851 4913 918 4968; x_wconf 89' lang='lat' dir='ltr'><strong>ad</strong></span> <span class='ocrx_word' id='word_1_716' title='bbox 968 4913 1238 4969; x_wconf 88' lang='lat' dir='ltr'><strong>fallaciam</strong></span> <span class='ocrx_word' id='word_1_717' title='bbox 1278 4901 1635 4987; x_wconf 67' lang='lat' dir='ltr'><strong>fraudemque</strong></span> <span class='ocrx_word' id='word_1_718' title='bbox 1678 4920 1944 4978; x_wconf 89' lang='lat' dir='ltr'><strong>munircs.</strong></span> <span class='ocrx_word' id='word_1_719' title='bbox 1976 4918 2091 4976; x_wconf 87' lang='lat' dir='ltr'><strong>Nec</strong></span> 
     </span>
    </p>
   </div>
   <div class='ocr_carea' id='block_1_99' title="bbox 504 5005 2093 5083">
    <p class='ocr_par' dir='ltr' id='par_1_99' title="bbox 504 5005 2093 5083">
     <span class='ocr_line' id='line_1_99' title="bbox 504 5005 2093 5083; baseline 0.006 -24"><span class='ocrx_word' id='word_1_720' title='bbox 504 5006 651 5060; x_wconf 86' lang='lat' dir='ltr'><strong>enim</strong></span> <span class='ocrx_word' id='word_1_721' title='bbox 684 5005 1021 5062; x_wconf 83' lang='lat' dir='ltr'><strong>dillitendum</strong></span> <span class='ocrx_word' id='word_1_722' title='bbox 1049 5016 1152 5074; x_wconf 88' lang='lat' dir='ltr'><strong>est,</strong></span> <span class='ocrx_word' id='word_1_723' title='bbox 1186 5008 1317 5080; x_wconf 80' lang='lat' dir='ltr'><strong>quiti</strong></span> <span class='ocrx_word' id='word_1_724' title='bbox 1343 5008 1460 5064; x_wconf 62' lang='lat' dir='ltr'><strong>hanc</strong></span> <span class='ocrx_word' id='word_1_725' title='bbox 1499 5009 1607 5064; x_wconf 85' lang='lat' dir='ltr'><strong>illis</strong></span> <span class='ocrx_word' id='word_1_726' title='bbox 1652 5009 1706 5064; x_wconf 89' lang='lat' dir='ltr'><strong>in</strong></span> <span class='ocrx_word' id='word_1_727' title='bbox 1740 5010 1913 5083; x_wconf 80' lang='lat' dir='ltr'><strong>ﬁgura</strong></span> <span class='ocrx_word' id='word_1_728' title='bbox 1956 5027 2093 5067; x_wconf 85' lang='lat' dir='ltr'><strong>con-</strong></span> 
     </span>
    </p>
   </div>
   <div class='ocr_carea' id='block_1_100' title="bbox 507 5097 2092 5172">
    <p class='ocr_par' dir='ltr' id='par_1_100' title="bbox 507 5097 2092 5172">
     <span class='ocr_line' id='line_1_100' title="bbox 507 5097 2092 5172; baseline 0.003 -22"><span class='ocrx_word' id='word_1_729' title='bbox 507 5097 757 5169; x_wconf 84' lang='lat' dir='ltr'><strong>tigerint,</strong></span> <span class='ocrx_word' id='word_1_730' title='bbox 794 5099 997 5170; x_wconf 87' lang='lat' dir='ltr'><strong>scripta</strong></span> <span class='ocrx_word' id='word_1_731' title='bbox 1034 5101 1151 5156; x_wconf 87' lang='lat' dir='ltr'><strong>sint</strong></span> <span class='ocrx_word' id='word_1_732' title='bbox 1192 5107 1373 5154; x_wconf 88' lang='lat' dir='ltr'><strong>autem</strong></span> <span class='ocrx_word' id='word_1_733' title='bbox 1426 5100 1495 5155; x_wconf 90' lang='lat' dir='ltr'><strong>ad</strong></span> <span class='ocrx_word' id='word_1_734' title='bbox 1535 5102 1938 5172; x_wconf 89' lang='lat' dir='ltr'><strong>correptionem</strong></span> <span class='ocrx_word' id='word_1_735' title='bbox 1989 5116 2092 5156; x_wconf 70' lang='lat' dir='ltr'><strong>“no-</strong></span> 
     </span>
    </p>
   </div>
   <div class='ocr_carea' id='block_1_101' title="bbox 507 5190 2094 5262">
    <p class='ocr_par' dir='ltr' id='par_1_101' title="bbox 507 5190 2094 5262">
     <span class='ocr_line' id='line_1_101' title="bbox 507 5190 2094 5262; baseline 0.002 -19"><span class='ocrx_word' id='word_1_736' title='bbox 507 5197 708 5255; x_wconf 85' lang='lat' dir='ltr'><strong>stram,</strong></span> <span class='ocrx_word' id='word_1_737' title='bbox 755 5191 809 5244; x_wconf 89' lang='lat' dir='ltr'><strong>in</strong></span> <span class='ocrx_word' id='word_1_738' title='bbox 851 5206 993 5262; x_wconf 89' lang='lat' dir='ltr'><strong>quos</strong></span> <span class='ocrx_word' id='word_1_739' title='bbox 1041 5190 1174 5246; x_wconf 83' lang='lat' dir='ltr'><strong>ﬁnes</strong></span> <span class='ocrx_word' id='word_1_740' title='bbox 1221 5191 1547 5247; x_wconf 65' lang='lat' dir='ltr'><strong>saeculorum</strong></span> <span class='ocrx_word' id='word_1_741' title='bbox 1597 5191 1972 5256; x_wconf 85' lang='lat' dir='ltr'><strong>devenerunt,</strong></span> <span class='ocrx_word' id='word_1_742' title='bbox 2017 5194 2094 5247; x_wconf 93' lang='lat' dir='ltr'><strong>ait</strong></span> 
     </span>
    </p>
   </div>
   <div class='ocr_carea' id='block_1_102' title="bbox 505 5284 2095 5355">
    <p class='ocr_par' dir='ltr' id='par_1_102' title="bbox 505 5284 2095 5355">
     <span class='ocr_line' id='line_1_102' title="bbox 505 5284 2095 5355; baseline 0.001 -15"><span class='ocrx_word' id='word_1_743' title='bbox 505 5291 731 5340; x_wconf 86' lang='lat' dir='ltr'><strong>sanctus</strong></span> <span class='ocrx_word' id='word_1_744' title='bbox 760 5284 1055 5355; x_wconf 84' lang='lat' dir='ltr'><strong>Apostolus</strong></span> <span class='ocrx_word' id='word_1_745' title='bbox 1089 5285 1132 5353; x_wconf 82' lang='lat'><strong>&#39;,</strong></span> <span class='ocrx_word' id='word_1_746' title='bbox 1156 5300 1282 5341; x_wconf 88' lang='lat' dir='ltr'><strong>cum</strong></span> <span class='ocrx_word' id='word_1_747' title='bbox 1311 5284 1378 5342; x_wconf 88' lang='lat' dir='ltr'><strong>de</strong></span> <span class='ocrx_word' id='word_1_748' title='bbox 1401 5286 1844 5353; x_wconf 89' lang='lat' dir='ltr'><strong>circumcisione,</strong></span> <span class='ocrx_word' id='word_1_749' title='bbox 1865 5302 1930 5340; x_wconf 90' lang='lat' dir='ltr'><strong>ac</strong></span> <span class='ocrx_word' id='word_1_750' title='bbox 1955 5285 2095 5342; x_wconf 88' lang='lat' dir='ltr'><strong>Sab-</strong></span> 
     </span>
    </p>
   </div>
   <div class='ocr_carea' id='block_1_103' title="bbox 2187 4533 3783 4620">
    <p class='ocr_par' dir='ltr' id='par_1_103' title="bbox 2187 4533 3783 4620">
     <span class='ocr_line' id='line_1_103' title="bbox 2187 4533 3783 4620; baseline -0.011 -15"><span class='ocrx_word' id='word_1_751' title='bbox 2187 4550 2297 4605; x_wconf 84' lang='grc' dir='ltr'><strong>τῶν</strong></span> <span class='ocrx_word' id='word_1_752' title='bbox 2314 4542 2327 4620; x_wconf 21' lang='grc' dir='ltr'><strong>λ’</strong></span> <span class='ocrx_word' id='word_1_753' title='bbox 2346 4549 2548 4620; x_wconf 83' lang='grc' dir='ltr'>νόμων,</span> <span class='ocrx_word' id='word_1_754' title='bbox 2595 4546 2797 4619; x_wconf 82' lang='grc' dir='ltr'>τριχῶς</span> <span class='ocrx_word' id='word_1_755' title='bbox 2831 4545 2902 4600; x_wconf 74' lang='grc' dir='ltr'><strong>τὰ</strong></span> <span class='ocrx_word' id='word_1_756' title='bbox 2948 4544 3125 4598; x_wconf 80' lang='grc' dir='ltr'>πάντα</span> <span class='ocrx_word' id='word_1_757' title='bbox 3155 4538 3399 4613; x_wconf 82' lang='grc' dir='ltr'>διαιρῶν.</span> <span class='ocrx_word' id='word_1_758' title='bbox 3431 4537 3544 4591; x_wconf 77' lang='grc' dir='ltr'><strong>Καὶ</strong></span> <span class='ocrx_word' id='word_1_759' title='bbox 3579 4533 3659 4606; x_wconf 82' lang='grc' dir='ltr'>τῷ</span> <span class='ocrx_word' id='word_1_760' title='bbox 3687 4534 3783 4606; x_wconf 85' lang='grc' dir='ltr'>μὲν</span> 
     </span>
    </p>
   </div>
   <div class='ocr_carea' id='block_1_104' title="bbox 2189 4616 3784 4708">
    <p class='ocr_par' dir='ltr' id='par_1_104' title="bbox 2189 4626 3784 4708">
     <span class='ocr_line' id='line_1_104' title="bbox 2189 4626 3784 4708; baseline -0.011 -12"><span class='ocrx_word' id='word_1_761' title='bbox 2189 4643 2385 4705; x_wconf 81' lang='grc' dir='ltr'>εἰπεῖν,</span> <span class='ocrx_word' id='word_1_762' title='bbox 2410 4640 2494 4693; x_wconf 84' lang='grc' dir='ltr'>ὃτι</span> <span class='ocrx_word' id='word_1_763' title='bbox 2527 4641 2608 4702; x_wconf 84' lang='grc' dir='ltr'>εἰς</span> <span class='ocrx_word' id='word_1_764' title='bbox 2634 4638 2841 4701; x_wconf 86' lang='grc' dir='ltr'>τύπους</span> <span class='ocrx_word' id='word_1_765' title='bbox 2886 4632 3230 4708; x_wconf 78' lang='grc' dir='ltr'>συμϐολικῶς</span> <span class='ocrx_word' id='word_1_766' title='bbox 3271 4648 3394 4685; x_wconf 88' lang='grc' dir='ltr'>τινα</span> <span class='ocrx_word' id='word_1_767' title='bbox 3423 4631 3482 4683; x_wconf 82' lang='grc' dir='ltr'>ὲν</span> <span class='ocrx_word' id='word_1_768' title='bbox 3529 4627 3609 4698; x_wconf 85' lang='grc' dir='ltr'>τῷ</span> <span class='ocrx_word' id='word_1_769' title='bbox 3635 4626 3784 4697; x_wconf 82' lang='grc' dir='ltr'>νόμῳ</span> 
     </span>
    </p>
   </div>
   <div class='ocr_carea' id='block_1_105' title="bbox 2189 4717 3783 4805">
    <p class='ocr_par' dir='ltr' id='par_1_105' title="bbox 2189 4717 3783 4805">
     <span class='ocr_line' id='line_1_105' title="bbox 2189 4717 3783 4805; baseline -0.013 -17"><span class='ocrx_word' id='word_1_770' title='bbox 2189 4734 2526 4805; x_wconf 84' lang='grc' dir='ltr'>γέγραπται,</span> <span class='ocrx_word' id='word_1_771' title='bbox 2553 4731 2713 4800; x_wconf 87' lang='grc' dir='ltr'>ὀλίγα</span> <span class='ocrx_word' id='word_1_772' title='bbox 2742 4728 2985 4801; x_wconf 75' lang='grc' dir='ltr'>παρήψω</span> <span class='ocrx_word' id='word_1_773' title='bbox 3010 4727 3109 4798; x_wconf 77' lang='grc' dir='ltr'>τῆς</span> <span class='ocrx_word' id='word_1_774' title='bbox 3138 4723 3419 4797; x_wconf 82' lang='grc' dir='ltr'>ἀληθείας,</span> <span class='ocrx_word' id='word_1_775' title='bbox 3442 4720 3530 4773; x_wconf 85' lang='grc' dir='ltr'>ἵνα</span> <span class='ocrx_word' id='word_1_776' title='bbox 3556 4718 3648 4771; x_wconf 80' lang='grc' dir='ltr'>διὰ</span> <span class='ocrx_word' id='word_1_777' title='bbox 3673 4717 3783 4771; x_wconf 85' lang='grc' dir='ltr'><strong>τῶν</strong></span> 
     </span>
    </p>
   </div>
   <div class='ocr_carea' id='block_1_106' title="bbox 2189 4807 3780 4896">
    <p class='ocr_par' dir='ltr' id='par_1_106' title="bbox 2189 4807 3780 4896">
     <span class='ocr_line' id='line_1_106' title="bbox 2189 4807 3780 4896; baseline -0.011 -18"><span class='ocrx_word' id='word_1_778' title='bbox 2189 4823 2386 4894; x_wconf 83' lang='grc' dir='ltr'>ὀλίγων</span> <span class='ocrx_word' id='word_1_779' title='bbox 2412 4821 2646 4896; x_wconf 78' lang='grc' dir='ltr'>δυνηθῇς</span> <span class='ocrx_word' id='word_1_780' title='bbox 2688 4821 2784 4876; x_wconf 76' lang='grc' dir='ltr'>καὶ</span> <span class='ocrx_word' id='word_1_781' title='bbox 2826 4823 2905 4885; x_wconf 88' lang='grc' dir='ltr'><strong>εἰς</strong></span> <span class='ocrx_word' id='word_1_782' title='bbox 2936 4819 3006 4874; x_wconf 86' lang='grc' dir='ltr'><strong>τὰ</strong></span> <span class='ocrx_word' id='word_1_783' title='bbox 3038 4818 3174 4874; x_wconf 77' lang='grc' dir='ltr'>ἄλλα</span> <span class='ocrx_word' id='word_1_784' title='bbox 3211 4813 3505 4884; x_wconf 82' lang='grc' dir='ltr'>ἀπατῆσαι.</span> <span class='ocrx_word' id='word_1_785' title='bbox 3536 4807 3642 4863; x_wconf 72' lang='grc' dir='ltr'><strong>Καὶ</strong></span> <span class='ocrx_word' id='word_1_786' title='bbox 3672 4807 3780 4881; x_wconf 79' lang='grc' dir='ltr'>γὰρ</span> 
     </span>
    </p>
   </div>
   <div class='ocr_carea' id='block_1_107' title="bbox 2191 4899 3782 4988">
    <p class='ocr_par' dir='ltr' id='par_1_107' title="bbox 2191 4899 3782 4988">
     <span class='ocr_line' id='line_1_107' title="bbox 2191 4899 3782 4988; baseline -0.006 -18"><span class='ocrx_word' id='word_1_787' title='bbox 2191 4916 2272 4988; x_wconf 82' lang='grc' dir='ltr'>τῷ</span> <span class='ocrx_word' id='word_1_788' title='bbox 2301 4916 2411 4972; x_wconf 83' lang='grc' dir='ltr'>δντι</span> <span class='ocrx_word' id='word_1_789' title='bbox 2430 4915 2661 4979; x_wconf 77' lang='grc' dir='ltr'>ἐκείνοις</span> <span class='ocrx_word' id='word_1_790' title='bbox 2679 4912 2926 4976; x_wconf 85' lang='grc' dir='ltr'>τυπικῶς</span> <span class='ocrx_word' id='word_1_791' title='bbox 2949 4909 3262 4965; x_wconf 82' lang='grc' dir='ltr'>συνέϐαινεν</span> <span class='ocrx_word' id='word_1_792' title='bbox 3284 4925 3297 4937; x_wconf 72' lang='grc' dir='ltr'><strong>ο</strong></span> <span class='ocrx_word' id='word_1_793' title='bbox 3320 4902 3537 4979; x_wconf 64' lang='grc' dir='ltr'>ἐγράφη</span> <span class='ocrx_word' id='word_1_794' title='bbox 3565 4899 3623 4954; x_wconf 74' lang='grc' dir='ltr'><strong>δὲ</strong></span> <span class='ocrx_word' id='word_1_795' title='bbox 3653 4901 3782 4972; x_wconf 75' lang='grc' dir='ltr'>ἡμῖν</span> 
     </span>
    </p>
   </div>
   <div class='ocr_carea' id='block_1_108' title="bbox 2187 4994 3781 5076">
    <p class='ocr_par' dir='ltr' id='par_1_108' title="bbox 2187 4994 3781 5076">
     <span class='ocr_line' id='line_1_108' title="bbox 2187 4994 3781 5076; baseline -0.011 -13"><span class='ocrx_word' id='word_1_796' title='bbox 2187 5011 2268 5073; x_wconf 82' lang='grc' dir='ltr'><strong>εἰς</strong></span> <span class='ocrx_word' id='word_1_797' title='bbox 2293 5010 2598 5076; x_wconf 82' lang='grc' dir='ltr'>νουθεσίαν,</span> <span class='ocrx_word' id='word_1_798' title='bbox 2625 5010 2709 5073; x_wconf 85' lang='grc' dir='ltr'><strong>είς</strong></span> <span class='ocrx_word' id='word_1_799' title='bbox 2729 5007 2825 5071; x_wconf 85' lang='grc' dir='ltr'>οὒς</span> <span class='ocrx_word' id='word_1_800' title='bbox 2848 5006 2918 5060; x_wconf 78' lang='grc' dir='ltr'>τὰ</span> <span class='ocrx_word' id='word_1_801' title='bbox 2938 5004 3068 5075; x_wconf 85' lang='grc' dir='ltr'>τέλη</span> <span class='ocrx_word' id='word_1_802' title='bbox 3086 5001 3195 5055; x_wconf 87' lang='grc' dir='ltr'><strong>τῶν</strong></span> <span class='ocrx_word' id='word_1_803' title='bbox 3217 4997 3428 5054; x_wconf 78' lang='grc' dir='ltr'>αἰώνων</span> <span class='ocrx_word' id='word_1_804' title='bbox 3448 4994 3781 5066; x_wconf 82' lang='grc' dir='ltr'>κατήντησε,</span> 
     </span>
    </p>
   </div>
   <div class='ocr_carea' id='block_1_109' title="bbox 2192 5084 3785 5175">
    <p class='ocr_par' dir='ltr' id='par_1_109' title="bbox 2192 5084 3785 5175">
     <span class='ocr_line' id='line_1_109' title="bbox 2192 5084 3785 5175; baseline -0.012 -18"><span class='ocrx_word' id='word_1_805' title='bbox 2192 5103 2355 5175; x_wconf 66' lang='grc' dir='ltr'>φησιν</span> <span class='ocrx_word' id='word_1_806' title='bbox 2383 5104 2411 5156; x_wconf 87' lang='grc' dir='ltr'><strong>ὀ</strong></span> <span class='ocrx_word' id='word_1_807' title='bbox 2455 5100 2758 5171; x_wconf 82' lang='grc' dir='ltr'>ἀγιώτατος</span> <span class='ocrx_word' id='word_1_808' title='bbox 2809 5094 3133 5158; x_wconf 78' lang='grc' dir='ltr'>Ἀπόστολος</span> <span class='ocrx_word' id='word_1_809' title='bbox 3156 5134 3171 5160; x_wconf 91' lang='grc'><strong>,</strong></span> <span class='ocrx_word' id='word_1_810' title='bbox 3211 5089 3340 5162; x_wconf 86' lang='grc' dir='ltr'>περί</span> <span class='ocrx_word' id='word_1_811' title='bbox 3377 5105 3439 5142; x_wconf 90' lang='grc' dir='ltr'><strong>τε</strong></span> <span class='ocrx_word' id='word_1_812' title='bbox 3483 5084 3785 5159; x_wconf 82' lang='grc' dir='ltr'>περιτομῆς</span> 
     </span>
    </p>
   </div>
   <div class='ocr_carea' id='block_1_110' title="bbox 2191 5177 3784 5262">
    <p class='ocr_par' dir='ltr' id='par_1_110' title="bbox 2191 5177 3784 5262">
     <span class='ocr_line' id='line_1_110' title="bbox 2191 5177 3784 5262; baseline -0.011 -16"><span class='ocrx_word' id='word_1_813' title='bbox 2191 5193 2386 5262; x_wconf 71' lang='grc' dir='ltr'>λέγων,</span> <span class='ocrx_word' id='word_1_814' title='bbox 2419 5195 2514 5247; x_wconf 76' lang='grc' dir='ltr'>καὶ</span> <span class='ocrx_word' id='word_1_815' title='bbox 2536 5193 2836 5255; x_wconf 73' lang='grc' dir='ltr'>Σαϐὃάτου,</span> <span class='ocrx_word' id='word_1_816' title='bbox 2869 5189 2965 5243; x_wconf 70' lang='grc' dir='ltr'>καὶ</span> <span class='ocrx_word' id='word_1_817' title='bbox 2989 5186 3098 5241; x_wconf 81' lang='grc' dir='ltr'><strong>τῶν</strong></span> <span class='ocrx_word' id='word_1_818' title='bbox 3130 5181 3329 5239; x_wconf 50' lang='lat' dir='ltr'><strong>mox</strong></span> <span class='ocrx_word' id='word_1_819' title='bbox 3356 5180 3487 5235; x_wconf 75' lang='grc' dir='ltr'>Εἴθε</span> <span class='ocrx_word' id='word_1_820' title='bbox 3518 5178 3577 5234; x_wconf 79' lang='grc' dir='ltr'>δὲ</span> <span class='ocrx_word' id='word_1_821' title='bbox 3610 5177 3784 5252; x_wconf 72' lang='grc' dir='ltr'>πάντα</span> 
     </span>
    </p>
   </div>
   <div class='ocr_carea' id='block_1_111' title="bbox 2192 5272 3783 5359">
    <p class='ocr_par' dir='ltr' id='par_1_111' title="bbox 2192 5272 3783 5359">
     <span class='ocr_line' id='line_1_111' title="bbox 2192 5272 3783 5359; baseline -0.011 -18"><span class='ocrx_word' id='word_1_822' title='bbox 2192 5287 2485 5359; x_wconf 79' lang='grc' dir='ltr'>ὴλήθευες,</span> <span class='ocrx_word' id='word_1_823' title='bbox 2517 5289 2612 5341; x_wconf 75' lang='grc' dir='ltr'>καὶ</span> <span class='ocrx_word' id='word_1_824' title='bbox 2639 5284 2826 5340; x_wconf 74' lang='grc' dir='ltr'>οὐκέτι</span> <span class='ocrx_word' id='word_1_825' title='bbox 2855 5284 3036 5357; x_wconf 86' lang='grc' dir='ltr'>τρίτον</span> <span class='ocrx_word' id='word_1_826' title='bbox 3069 5277 3235 5352; x_wconf 80' lang='grc' dir='ltr'>μέσον</span> <span class='ocrx_word' id='word_1_827' title='bbox 3264 5274 3386 5331; x_wconf 77' lang='grc' dir='ltr'>θεὸν</span> <span class='ocrx_word' id='word_1_828' title='bbox 3419 5275 3511 5330; x_wconf 79' lang='grc' dir='ltr'><strong>τὸν</strong></span> <span class='ocrx_word' id='word_1_829' title='bbox 3552 5274 3627 5347; x_wconf 82' lang='grc' dir='ltr'>μὴ</span> <span class='ocrx_word' id='word_1_830' title='bbox 3661 5272 3783 5326; x_wconf 81' lang='grc' dir='ltr'>δντα</span> 
     </span>
    </p>
   </div>
   <div class='ocr_carea' id='block_1_112' title="bbox 581 5448 2079 5537">
    <p class='ocr_par' dir='ltr' id='par_1_112' title="bbox 581 5448 2014 5531">
     <span class='ocr_line' id='line_1_112' title="bbox 581 5448 2014 5531; baseline -0.003 -7"><span class='ocrx_word' id='word_1_831' title='bbox 581 5468 598 5500; x_wconf 80' lang='grc'>⁸</span> <span class='ocrx_word' id='word_1_832' title='bbox 628 5466 787 5524; x_wconf 83' lang='lat' dir='ltr'><strong>Joan.</strong></span> <span class='ocrx_word' id='word_1_833' title='bbox 816 5483 936 5528; x_wconf 79' lang='lat' dir='ltr'><strong>xm,</strong></span> <span class='ocrx_word' id='word_1_834' title='bbox 964 5468 1016 5522; x_wconf 89' lang='lat'><strong>7.</strong></span> <span class='ocrx_word' id='word_1_835' title='bbox 1090 5470 1110 5501; x_wconf 86' lang='grc'><strong>²</strong></span> <span class='ocrx_word' id='word_1_836' title='bbox 1130 5448 1297 5524; x_wconf 72' lang='grc' dir='ltr'><strong>εἰοιιιι.⁸</strong></span> <span class='ocrx_word' id='word_1_837' title='bbox 1324 5483 1383 5527; x_wconf 87' lang='grc' dir='ltr'>ιι.</span> <span class='ocrx_word' id='word_1_838' title='bbox 1418 5466 1509 5521; x_wconf 69' lang='lat'><strong>22.</strong></span> <span class='ocrx_word' id='word_1_839' title='bbox 1586 5467 1606 5499; x_wconf 87' lang='grc'>³</span> <span class='ocrx_word' id='word_1_840' title='bbox 1635 5465 1655 5520; x_wconf 91' lang='grc'><strong>1</strong></span> <span class='ocrx_word' id='word_1_841' title='bbox 1684 5466 1813 5522; x_wconf 85' lang='lat' dir='ltr'><strong>Cor.</strong></span> <span class='ocrx_word' id='word_1_842' title='bbox 1850 5482 1929 5531; x_wconf 89' lang='grc' dir='ltr'>ιιι,</span> <span class='ocrx_word' id='word_1_843' title='bbox 1958 5466 2014 5520; x_wconf 74' lang='grc'><strong>2.</strong></span> 
     </span>
    </p>
   </div>
   <div class='ocr_carea' id='block_1_113' title="bbox 2180 5448 3767 5537">
    <p class='ocr_par' dir='ltr' id='par_1_113' title="bbox 2180 5458 3767 5537">
     <span class='ocr_line' id='line_1_113' title="bbox 2180 5458 3767 5537; baseline -0.008 -16"><span class='ocrx_word' id='word_1_844' title='bbox 2180 5464 2345 5535; x_wconf 87' lang='lat' dir='ltr'><strong>latth,</strong></span> <span class='ocrx_word' id='word_1_845' title='bbox 2379 5484 2529 5535; x_wconf 80' lang='lat' dir='ltr'><strong>xxw,</strong></span> <span class='ocrx_word' id='word_1_846' title='bbox 2564 5468 2655 5537; x_wconf 85' lang='lat'><strong>50,</strong></span> <span class='ocrx_word' id='word_1_847' title='bbox 2681 5468 2773 5526; x_wconf 79' lang='lat' dir='ltr'><strong>5i.</strong></span> <span class='ocrx_word' id='word_1_848' title='bbox 2850 5469 2869 5500; x_wconf 88' lang='lat'><strong>&#39;</strong></span> <span class='ocrx_word' id='word_1_849' title='bbox 2901 5465 2923 5522; x_wconf 89' lang='grc' dir='ltr'>Ι</span> <span class='ocrx_word' id='word_1_850' title='bbox 2959 5466 3084 5523; x_wconf 70' lang='lat' dir='ltr'><strong>(lor.</strong></span> <span class='ocrx_word' id='word_1_851' title='bbox 3127 5481 3182 5534; x_wconf 84' lang='lat' dir='ltr'><strong>x,</strong></span> <span class='ocrx_word' id='word_1_852' title='bbox 3213 5464 3297 5521; x_wconf 87' lang='lat' dir='ltr'><strong>ll.</strong></span> <span class='ocrx_word' id='word_1_853' title='bbox 3377 5464 3397 5495; x_wconf 78' lang='grc'>⁸</span> <span class='ocrx_word' id='word_1_854' title='bbox 3424 5462 3585 5519; x_wconf 80' lang='lat' dir='ltr'><strong>Deest</strong></span> <span class='ocrx_word' id='word_1_855' title='bbox 3615 5458 3688 5523; x_wconf 77' lang='grc' dir='ltr'><strong>εἰ,</strong></span> <span class='ocrx_word' id='word_1_856' title='bbox 3717 5464 3767 5510; x_wconf 85' lang='lat' dir='ltr'><strong>ct</strong></span> 
     </span>
    </p>
   </div>
   <div class='ocr_carea' id='block_1_114' title="bbox 509 5541 1145 5611">
    <p class='ocr_par' dir='ltr' id='par_1_114' title="bbox 509 5541 1145 5611">
     <span class='ocr_line' id='line_1_114' title="bbox 509 5541 1145 5611; baseline -0.003 -16"><span class='ocrx_word' id='word_1_857' title='bbox 509 5541 745 5597; x_wconf 85' lang='lat' dir='ltr'><strong>tollenda</strong></span> <span class='ocrx_word' id='word_1_858' title='bbox 768 5541 1145 5611; x_wconf 82' lang='lat' dir='ltr'><strong>interrogatio.</strong></span> 
     </span>
    </p>
   </div>
   <div class='ocr_carea' id='block_1_115' title="bbox 583 5714 2079 5790">
    <p class='ocr_par' dir='ltr' id='par_1_115' title="bbox 583 5714 2079 5790">
     <span class='ocr_line' id='line_1_115' title="bbox 583 5714 2079 5790; baseline 0.001 -20"><span class='ocrx_word' id='word_1_859' title='bbox 583 5717 660 5785; x_wconf 85' lang='lat' dir='ltr'><strong>t7)</strong></span> <span class='ocrx_word' id='word_1_860' title='bbox 702 5715 1123 5790; x_wconf 74' lang='grc' dir='ltr'>Νομοθετήσας</span> <span class='ocrx_word' id='word_1_861' title='bbox 1158 5714 1267 5784; x_wconf 80' lang='grc' dir='ltr'>γὰρ</span> <span class='ocrx_word' id='word_1_862' title='bbox 1326 5716 1356 5770; x_wconf 80' lang='grc' dir='ltr'><em>ὀ</em></span> <span class='ocrx_word' id='word_1_863' title='bbox 1385 5714 1588 5787; x_wconf 76' lang='grc' dir='ltr'>νόμος.</span> <span class='ocrx_word' id='word_1_864' title='bbox 1621 5715 1853 5789; x_wconf 77' lang='lat' dir='ltr'><strong>August.</strong></span> <span class='ocrx_word' id='word_1_865' title='bbox 1904 5727 2079 5773; x_wconf 80' lang='lat' dir='ltr'><strong>contra</strong></span> 
     </span>
    </p>
   </div>
   <div class='ocr_carea' id='block_1_116' title="bbox 2180 5714 2574 5790">
    <p class='ocr_par' dir='ltr' id='par_1_116' title="bbox 2185 5714 2574 5789">
     <span class='ocr_line' id='line_1_116' title="bbox 2185 5714 2574 5789; baseline 0.01 -19"><span class='ocrx_word' id='word_1_866' title='bbox 2185 5714 2334 5781; x_wconf 81' lang='lat' dir='ltr'><strong>dam,</strong></span> <span class='ocrx_word' id='word_1_867' title='bbox 2370 5733 2490 5789; x_wconf 66' lang='lat' dir='ltr'><strong>cap.</strong></span> <span class='ocrx_word' id='word_1_868' title='bbox 2523 5719 2574 5774; x_wconf 86' lang='lat'><strong>8.</strong></span> 
     </span>
    </p>
   </div>
  </div>
