4072 6148
351 371 450 426 CUI

1593 367 1679 448 QE
1716 369 1902 426 ΝΑἸύ
1917 370 2006 424 RA
2047 371 2352 430 llOMlNlS.

3499 384 3601 440 66!

364 477 646 550 Ὤριγένης
685 476 795 544 (40)
842 477 1026 546 φησὶν,
1081 478 1347 545 φαντασία
1395 479 1928 552 ἐγκαταλελειμμένη

2038 484 2128 550 ait,
2187 487 2464 553 phantasia
2517 486 2660 541 intus
2713 486 2898 542 relicta
2945 485 3012 541 ab
3056 486 3236 557 aliquo
3267 503 3455 555 sensu,
3506 473 3599 560 qui

347 571 458 624 ἀπό
497 586 641 631 τινος
671 567 974 636 αἰσθήσεως
1002 569 1099 639 τῆς
1129 569 1247 622 κατ’
1277 570 1559 641 ἐνέργειαν
1597 571 1710 640 (41)
1740 590 1927 641 φαινο-

353 663 542 732 μένης·
589 659 664 721 ὼς
714 658 770 710 δὲ
812 658 1058 721 Πλάτων,
1110 660 1349 730 σωτηρία
1386 659 1688 732 αἰσθήσεώς
1732 679 1791 714 τε
1838 663 1931 715 καὶ

346 755 608 824 νοήσεως.
652 751 715 803 Ἡ
741 749 850 820 γὰρ
868 750 1014 820 ψυχὴ
1034 749 1141 802 τῶν
1170 751 1269 820 μὲν
1291 751 1559 822 αἰσθητῶν
1579 752 1667 807 διὰ
1691 754 1798 806 τῶν
1822 753 1930 823 92

348 846 722 918 αἰσθητηρίων
763 845 1237 915 ἀντιλαμϐάνεται,
1274 845 1368 898 καὶ
1396 843 1603 914 γίνεται
1635 845 1790 912 δόξαο
1823 845 1932 898 τῶν

345 940 404 993 δὲ
442 939 672 1009 νοητῶν,
709 939 796 992 διὰ
829 936 924 991 τοῦ
965 937 1082 1002 νοῦ,
1129 939 1224 991 καὶ
1260 938 1470 1008 γίνεται⁵
1513 938 1715 1007 νόησις.
1764 939 1930 992 Ὅταν

345 1027 442 1087 οὖν
490 1033 617 1095 τοὺς
648 1031 873 1095 τύπους,
904 1021 979 1086 ὦν
1011 1047 1072 1083 τε
1097 1030 1369 1098 ἐδόξασεν,
1401 1025 1477 1086 ὧν
1508 1047 1568 1084 τε
1597 1030 1785 1102 ἐνόησε
1817 1031 1929 1084 sia-

349 1124 498 1198 σώζῃ
527 1124 662 1194 (4'2),
697 1123 1056 1194 μνημονεύειν
1081 1123 1297 1191 λέγεται
1329 1124 1463 1193 (43).
1498 1124 1683 1177 Ἔοικε
1717 1123 1774 1176 δὲ
1807 1124 1932 1194 νόηο

348 1234 434 1271 σιν
454 1216 633 1284 λέγειν
661 1217 690 1268 ὁ
713 1215 936 1270 Πλάτων
963 1216 1022 1268 ὲν
1043 1214 1272 1278 τούτοις,
1296 1214 1358 1267 ού
1379 1214 1476 1286 τὴν
1501 1215 1706 1284 κυρίως
1726 1215 1931 1286 νόησιν,

346 1309 484 1363 ἀλλά
528 1309 628 1378 τὴν
678 1307 971 1378 διανόησιν.
1011 1306 1092 1359 Τά
1141 1307 1237 1376 μὲν
1284 1305 1393 1378 γὰρ
1444 1306 1679 1376 αἰσθητά
1729 1323 1934 1377 μνημο-

347 1399 562 1454 νεύεται
596 1399 715 1453 καθ’
751 1399 938 1465 ἑαυτά,
987 1398 1055 1453 τά
1096 1399 1154 1453 δὲ
1199 1397 1365 1470 νοητά
1399 1399 1513 1466 (44)
1548 1398 1690 1452 κατά
1729 1399 1930 1470 συμὸεέ

346 1491 536 1563 6ηκὺς,
576 1491 762 1562 ἐπειδὴ
801 1491 897 1544 καὶ
931 1491 1040 1544 τῶν
1085 1491 1379 1561 δια-νοητῶν
1418 1493 1451 1561 ἠ
1485 1492 1672 1562 μνήμη
1707 1493 1772 1544 ἐκ
1801 1509 1933 1563 προ-

344 1579 617 1650 λασούσης
643 1579 942 1649 φαντασίας
966 1580 1334 1650 περιγίνεται·
1353 1578 1421 1630 τά
1442 1578 1499 1631 δὲ
1520 1575 1724 1648 κυρίως
1745 1576 1930 1648 νοητὰ,

344 1673 428 1726 ὃτι
469 1673 566 1742 μὲν
615 1671 891 1743 ἐμάθομεν
939 1670 1049 1741 (45)
1097 1670 1130 1742 ἢ
1183 1670 1517 1740 ἠκούσαμεν,
1567 1669 1929 1739 μεμνήμεθω

344 1763 445 1834 τῆς
477 1763 533 1816 δὲ
565 1763 753 1825 ούσίας
777 1762 954 1816 αὐτῶν
997 1765 1217 1834 μνήμην
1252 1763 1352 1816 ούκ
1385 1761 1608 1832 ἔχομεν·
1644 1763 1704 1814 οὐ
1727 1761 1836 1833 γὰρ
1869 1764 1932 1815 ὲκ

345 1855 810 1927 προηγησαμένης
843 1855 1143 1923 φαντασίας
1173 1857 1206 1924 ή
1256 1853 1363 1908 τῶν
1399 1853 1604 1926 νοητῶν
1646 1853 1931 1924 ἀνάληψις,

345 1949 460 2002 ἀλλ’
486 1951 550 2001 ὲκ
596 1946 942 2018 μαθήσεωςῆ
979 1947 1212 2018 φυσικῆς
1249 1947 1474 2011 ἐννοίας.
1533 1947 1596 1999 Ei
1633 1947 1690 2000 δὲ
1732 1963 1935 2018 μνημο-

345 2037 523 2090 νεύειν
541 2035 828 2105 λεγόμεθα,
847 2035 882 2090 ἂ
901 2035 1163 2108 πρότερον
1190 2034 1405 2105 εἴδομεν
1429 2035 1462 2106 ἢ
1486 2035 1798 2107 ἠκούσαμεν
1819 2036 1930 2107 (46)

344 2129 379 2199 ἦ
411 2128 586 2191 ἄλλως
611 2144 729 2190 πως
761 2127 1006 2198 ἔγνωμεν
1033 2127 1116 2196 (τὸ
1142 2127 1199 2180 δὲ
1230 2128 1494 2199 πρότερον
1523 2127 1622 2198 τὴν
1652 2127 1932 2199 ἀναφορὰν

344 2220 460 2291 ἔχει
503 2219 640 2290 πρὸς
681 2219 774 2272 τὸν
824 2218 1157 2290 παρελθόντα
1205 2219 1441 2292 χρόνον),
1479 2219 1660 2290 δῆλον,
1692 2221 1769 2284 ὡς
1797 2239 1935 2292 μνη-

348 2310 588 2382 μονευτά
618 2311 734 2363 ἐστι
776 2308 846 2363 τά
892 2310 1152 2380 γινόμενα
1199 2311 1295 2364 καὶ.
1347 2309 1674 2384 φθειρόμενα
1705 2310 1841 2380 (47),
1865 2311 1935 2365 τά

345 2403 404 2455 ἐν
464 2401 644 2472 χρόνῳ
698 2399 1093 2471 συνιστάμενα⁶
1147 2401 1242 2454 καὶ
1292 2399 1407 2455 ἐστι
1463 2400 1562 2472 μὲν
1606 2400 1715 2454 τῶν
1768 2402 1934 2455 ἀπόν⁸

343 2509 453 2546 των
477 2493 590 2564 (48)
625 2493 658 2560 ὴ
696 2494 903 2563 μνήμη,
933 2493 994 2544 ού
1025 2491 1130 2562 μὴν
1157 2491 1262 2545 ὑπὸ
1288 2490 1396 2545 τῶν
1428 2490 1674 2546 ἀπόντων
1706 2492 1818 2560 (49)
1849 2493 1930 2562 γί-

345 2603 517 2641 νεται.
562 2585 888 2656 ’Δνάμνησις
919 2582 976 2636 δὲ
1005 2583 1243 2651 λέγεται,
1271 2584 1399 2636 ὅταν
1421 2581 1559 2653 λήθη
1586 2582 1931 2655 μεσο).α6ήσῃ

347 2677 444 2748 τήν
509 2678 747 2749 μνήμην.
796 2677 951 2729 Ἔστι
1009 2675 1118 2749 γὰρ
1180 2675 1482 2745 ἀνάμνησις
1527 2674 1662 2744 (50),
1715 2675 1934 2746 μνήμης

347 2769 592 2839 ἐξιτήλου
637 2769 934 2841 γενομένης
979 2769 1311 2839 ἀνάκτησις⁸
1359 2768 1570 2836 γίνεται
1597 2768 1654 2822 δὲ
1694 2766 1934 2837 ἐξίτηλος

349 2856 455 2908 ὑπὸ
482 2857 579 2927 τῆς
609 2855 809 2928 λήθης·
845 2855 984 2928 λήθη
1017 2857 1075 2910 δέ
1099 2857 1217 2910 ἐστι
1255 2857 1477 2934 μνήμης
1509 2857 1750 2929 ἀποϐολή
1781 2857 1930 2930 (51)-

347 2949 461 3002 ἀλλ’
509 2950 570 3019 ήι
598 2949 695 3020 μὲν
740 2948 994 3020 διηνεκὴς
1037 2949 1170 3019 (52),
1198 2952 1231 3021 ἡ
1257 2949 1314 3003 δὲ
1343 2951 1435 3003 ἐπὶ
1481 2950 1666 3014 ποσὸν,
1689 2946 1758 3024 ἦς
1787 2952 1934 3005 ἐστιν

346 3043 380 3111 ἡ
420 3041 726 3111 ἀνάμνησις
758 3040 890 3108 (55).
932 3040 1124 3112 Ἑτέρα
1155 3041 1212 3094 δέ
1250 3043 1396 3095 ἐστιν
1435 3041 1762 3114 ἀνάμνησις,
1814 3043 1936 3112 ἥτις

2033 586 2154 628 actu
2194 575 2294 640 sit;
2331 588 2389 630 ut
2415 575 2568 631 Plato
2597 593 2724 633 vero
2764 578 3074 644 deﬁniebat,
3113 595 3304 635 sensus
3329 591 3384 635 et
3435 583 3600 637 intel-

2034 664 2290 732 ligentiac.
2322 665 2556 721 notionis
2609 671 2972 726 conservatio.
3013 673 3238 727 Animus
3289 676 3435 728 enim
3486 692 3604 743 qua:

2033 757 2135 812 ειιιι
2161 771 2356 814 sensus
2397 759 2607 826 zadunt,
2639 775 2733 828 per
2773 763 3039 818 sentiendi
3086 767 3444 822 instrumenta
3479 783 3605 837 per-

2033 849 2185 918 cipit,
2230 849 2821 919 opinioquenascitur;
2859 869 2978 922 quae
3015 869 3144 910 vero
3171 858 3272 912 sub
3303 857 3606 928 intelligen-

2034 939 2185 1003 tiam,
2219 938 2594 1006 intelligentia,
2645 940 2985 1011 gigniturque
3021 943 3388 1016 intelligentiae
3435 948 3603 1002 notio.

2034 1027 2167 1082 Cum
2217 1026 2382 1098 igitur
2420 1029 2680 1100 imagines
2709 1040 2764 1085 et
2805 1044 2994 1085 eorum
3042 1049 3162 1102 quas
3206 1035 3458 1104 opinatus
3503 1043 3606 1098 est,

2034 1128 2088 1173 et
2129 1133 2250 1186 qua:
2285 1119 2636 1187 intelligentia
2693 1124 3106 1188 comprehendit
3153 1136 3460 1190 conservat,
3496 1142 3611 1181 me-

2034 1208 2254 1264 minisse
2285 1210 2504 1266 dicitur.
2531 1211 2647 1276 Quo
2676 1212 2798 1266 loco
2834 1213 2985 1267 Plato
3013 1230 3118 1268 non
3155 1231 3272 1268 eam
3307 1218 3610 1286 intelligen-

2036 1299 2121 1353 tiaz
2176 1301 2473 1366 notionem,
2508 1318 2627 1373 qua!
2663 1319 2792 1359 vere
2827 1306 3045 1370 dicitur,
3082 1308 3297 1362 videtur
3339 1310 3607 1377 accipere,

2034 1391 2130 1445 sed
2163 1392 2567 1463 cogitationem.
2623 1395 2756 1450 Nam
2797 1413 2917 1465 quae
2949 1399 3049 1452 sub
3103 1415 3322 1454 sensum
3372 1400 3609 1467 subjecta

2035 1493 2183 1551 sunt,
2230 1499 2324 1554 per
2369 1499 2428 1540 se
2459 1488 2719 1542 memoria
2752 1499 3038 1558 tenentur;
3069 1506 3190 1560 quae
3250 1491 3608 1563 intelligentia

2034 1585 2348 1641 cernuntur,
2405 1592 2471 1632 ex
2526 1579 2788 1635 accidenti
2833 1601 2846 1636 :
2907 1583 3338 1651 quandoquidem
3387 1597 3609 1647 eorum,

2034 1679 2153 1734 quae
2201 1665 2519 1735 cogitamus,
2555 1683 2622 1723 ex
2657 1682 2968 1741 antegressa
3017 1673 3295 1740 phantasia
3349 1677 3610 1730 memoria

2033 1767 2136 1812 est.
2169 1757 2300 1824 Quae
2333 1775 2462 1815 vero
2491 1763 2707 1832 proprie
2736 1763 3086 1834 intelligentia
3127 1766 3423 1830 intuemur,
3477 1781 3612 1836 qne-

2035 1849 2180 1903 niam
2221 1849 2512 1906 didicimus
2558 1862 2651 1908 aut
2687 1854 3015 1919 audivimus,
3061 1855 3428 1918 meminimus,
3479 1856 3610 1910 sub-

2034 1941 2248 1996 stantiae
2275 1957 2406 1998 vero
2448 1958 2636 2000 eorum
2667 1947 2927 2001 memoria
2973 1946 3117 2000 nulla
3163 1956 3262 2001 est.
3316 1946 3430 2001 Non
3467 1948 3611 2000 enim

2032 2043 2100 2084 ex
2149 2038 2468 2101 antegressa
2513 2035 2825 2104 phantasia,
2866 2049 2988 2104 quas
3034 2036 3388 2102 intelligentia
3428 2037 3616 2090 cerni-

2033 2135 2176 2184 mus,
2201 2121 2548 2191 percipimus,
2576 2125 2671 2179 sed
2695 2139 2764 2178 ex
2804 2124 3092 2196 disciplina
3121 2134 3215 2180 aut
3251 2126 3481 2180 naturali
3518 2141 3618 2180 no-

2038 2210 2204 2266 tione.
2233 2212 2387 2280 Quod
2421 2214 2466 2268 si
2507 2215 2820 2271 meminisse
2851 2214 3105 2284 dicimur,
3148 2231 3270 2286 qute
3305 2217 3454 2285 prius
3477 2217 3617 2270 vidi-

2033 2319 2156 2361 mus
2186 2315 2279 2360 aut
2317 2305 2622 2363 audivimus
2653 2316 2745 2362 aut
2791 2307 2899 2364 alio
2935 2293 3130 2379 quovis
3159 2309 3320 2364 modo
3350 2309 3611 2378 cognovi-

2035 2411 2158 2451 mus
2185 2396 2361 2468 (prius
2389 2405 2571 2453 autem
2606 2399 2672 2452 ad
2722 2409 2933 2469 tempus
2974 2401 3312 2470 prateritum
3335 2400 3613 2472 refertur),

2034 2487 2256 2542 dubium
2309 2502 2416 2542 non
2461 2498 2548 2544 est
2595 2490 2726 2560 quin
2792 2490 2894 2547 sub
2936 2493 3252 2548 memoriam
3302 2493 3502 2548 cadant
3551 2507 3616 2548 ea

2037 2597 2159 2653 qua;
2192 2582 2346 2646 lium,
2375 2597 2497 2650 quae
2521 2593 2772 2653 pereunt,
2813 2598 3043 2652 quorum
3081 2583 3135 2637 in
3172 2593 3409 2653 tempore
3436 2583 3617 2638 cohm-

2034 2673 2208 2730 rentia
2241 2681 2344 2729 est.
2394 2672 2461 2727 Et
2505 2689 2818 2745 quanquam
2861 2675 3167 2732 absentium
3201 2676 3462 2731 memoria
3499 2687 3606 2740 est,

2035 2778 2142 2819 non
2167 2762 2336 2817 etiam
2375 2763 2444 2818 ab
2486 2763 2804 2820 absentibus
2851 2773 3244 2820 commovetur.
3295 2764 3620 2821 Recordatiu

2035 2857 2256 2918 dicitur,
2313 2871 2436 2914 cum
2485 2855 2688 2910 oblivio
2737 2857 3059 2912 memoriam
3109 2858 3480 2928 interruperit.
3524 2857 3620 2912 Est

2035 2948 2179 3003 enim
2210 2946 2519 3005 recordatio
2549 2945 2824 3000 memoria:
2856 2960 2977 3015 qua:
2999 2947 3284 3002 evanuerit
3327 2961 3617 3016 recupera-

2040 3041 2134 3095 tio.
2161 3039 2450 3094 Evanescit
2479 3045 2661 3092 autem
2705 3051 2803 3106 per
2832 3034 3178 3094 oblivionem.
3215 3036 3424 3092 Oblivio
3461 3052 3620 3105 porro

344 3136 449 3188 οὐκ
484 3133 598 3219 ἔστι
632 3132 768 3205 λήθη
793 3132 901 3186 τῶν
937 3133 995 3199 ἐξ
1040 3133 1342 3205 αἰσθήσεως
1391 3133 1484 3188 καὶ
1513 3135 1770 3205 νοήσεως,
1800 3131 1933 3187 ἀλλά

2039 3133 2315 3188 memoriae
2340 3133 2561 3187 amissio
2583 3139 2690 3186 est.
2720 3130 2826 3185 Sed
2859 3130 2962 3184 alia
2985 3141 3068 3186 est
3094 3144 3375 3201 perpetua,
3411 3133 3515 3186 alia
3549 3133 3617 3188 ad

345 3225 456 3278 τῶν
487 3215 732 3294 φύσικῶν
780 3224 1025 3277 ὲννοιῶν·
1064 3225 1296 3294 φυσικὰς
1334 3225 1392 3278 δὲ
1438 3225 1665 3296 λέγομεν
1705 3225 1932 3289 ἑννοίας,

347 3318 448 3380 τὰς
497 3316 794 3382 ἀδιδάκτως
845 3319 980 3370 πᾶσι
1026 3316 1351 3388 προσούσας,
1399 3316 1508 3387 93
1539 3317 1616 3379 ὼς
1655 3315 1747 3382 τὸ,
1797 3312 1935 3370 εἶναι

346 3410 519 3463 Θεόνο
564 3409 767 3479 ταύτην
824 3411 879 3462 δὲ
919 3411 948 3461 ὁ
992 3409 1218 3462 Πλάτων
1261 3409 1564 3479 ἀνάμνησιν
1608 3403 1748 3461 εἷναι
1789 3406 1936 3475 λέγει

349 3501 460 3554 τῶν
495 3500 645 3554 ἰδεῶν
673 3501 811 3571 (51)·
841 3501 893 3554 τί
919 3500 976 3553 δέ
1004 3505 1150 3554 εστιν
1179 3502 1213 3571 ή
1246 3500 1378 3561 ἰδέα,
1408 3501 1467 3554 ἐν
1491 3502 1600 3562 τοῖς
1628 3498 1754 3569 ἑξῆς
1782 3497 1938 3570 ὲροῦ-

351 3610 476 3664 μεν.
524 3591 599 3646 Τὸ
640 3591 740 3662 μὲν
790 3587 881 3645 οὖν
923 3591 1282 3660 φανταστικὸν
1326 3591 1438 3659 (55)
1494 3589 1824 3662 παραδίδωσι
1861 3589 1939 3660 τῷ

2045 3235 2279 3294 tempus,
2310 3239 2416 3292 quo
2439 3223 2506 3277 de
2544 3235 2741 3292 genere
2768 3230 2853 3276 est
2894 3223 3215 3277 recordatio.
3268 3224 3387 3276 Alia
3440 3235 3618 3278 autem

2044 3323 2130 3367 est
2179 3313 2512 3378 recordatio,
2551 3326 2671 3379 quae
2699 3325 2805 3364 non
2845 3319 2932 3365 est
2982 3310 3182 3364 oblivio
3239 3325 3448 3377 eorum,
3501 3327 3621 3380 quae

2045 3418 2204 3459 sensu
2247 3413 2313 3460 et.
2337 3401 2686 3486 intelligentia
2742 3411 2994 3470 percepta
3047 3411 3196 3466 sunt,
3257 3403 3350 3457 sed
3403 3412 3622 3455 natura-

2046 3495 2176 3550 lium
2236 3494 2538 3550 notionum.
2600 3492 2885 3548 Naturales
2937 3493 3187 3548 notiones
3247 3493 3616 3564 appellamus,

2047 3603 2165 3658 qua:
2205 3592 2323 3644 sine
2361 3588 2605 3644 doctrina
2633 3586 2884 3644 omnibus
2923 3586 3232 3653 adsunt,.ut
3264 3587 3410 3642 verbi
3435 3601 3618 3652 causa,

1523 3766 1683 3822 VAR.
1725 3765 1923 3824 ωεστ.
1965 3765 2054 3821 ΕΤ
2094 3765 2420 3822 ANIMADV.

354 3930 532 4011 larclt_.
571 3937 608 3982 t.
641 3928 703 4011 l1,
738 3927 876 4011 ρ.
914 3929 1152 4000 Μνήμην
1198 3927 1507 4011 appellavit,
1553 3927 1650 4011 τῆς
1689 3926 1936 4011 παιδείας

353 4001 601 4070 ταμεῖον.
660 3996 1361 4070 Deﬁnitionent:memerita
1397 4013 1464 4052 ex
1507 3996 1685 4070 mente
1725 3996 1962 4070 Stoico-.

353 4063 680 4193 Sginﬂntztat
719 4069 847 4124 ibid.
890 4084 944 4140 p.
977 4068 1100 4125 961.
1130 4067 1274 4134 Mox,
1313 4066 1458 4122 ἐστιν
1506 4063 1618 4134 οὖν,
1670 4067 1788 4124 loco
1820 4065 1934 4120 ἐστι

421 4181 546 4280 ⁹(ιῖθ)
578 4181 914 4280 ’ᾑριγένῃο
958 4208 1353 4280 Ἀριστοτέλης,
1376 4206 1448 4280 1).
1464 4209 1534 4280 1.
1551 4206 1628 4261 lla
1649 4205 1930 4280 legendum

357 4277 614 4334 arbitror.
643 4277 777 4333 Nam
805 4277 1063 4348 Origenes
1097 4277 1297 4347 parum
1313 4279 1415 4332 fuit
1446 4277 1672 4348 diligens
1708 4278 1761 4330 in
1796 4277 1931 4331 deli—

360 4349 574 4403 niendis
614 4351 806 4419 rebus,
834 4345 1228 4419 eumqueliaud
1263 4348 1442 4419 magni
1471 4347 1613 4419 facit
1628 4345 1932 4419 Nemesius.

358 4419 743 4474 Verumtamen
797 4418 938 4472 hanc
991 4416 1375 4472 dellnitionem'
1408 4417 1548 4487 apud
1589 4416 1934 4487 Aristotelem

360 4504 466 4542 non
500 4490 698 4543 inveni.
739 4489 811 4543 De
841 4488 1100 4557 memoria
1124 4487 1359 4557 diSputat
1385 4486 1700 4543 At‘istoteles
1740 4497 1778 4540 t.
1812 4486 1831 4541 l

359 4558 485 4629 417.
524 4559 679 4629 Ἔστι
716 4559 813 4629 μὲν
843 4555 936 4629 οὖν
959 4555 1230 4629 ήμνήμη,
1257 4575 1313 4629 κ.
1353 4575 1401 4610 τ.
1426 4557 1477 4612 λ.

433 4628 543 4699 (41)
589 4629 704 4698 Τῆς
720 4627 739 4699 ξ
757 4631 883 4699 κατ’
915 4627 1236 4699 ἐνέργειαν.
1263 4627 1600 4699 φαινομένης
1630 4627 1830 4681 addunt
1867 4627 1930 4699 D.

361 4701 415 4763 1',
444 4697 601 4763 Λρι,
635 4697 690 4762 2,
725 4697 795 4752 Μ.
838 4702 882 4763 Ι,
922 4697 1069 4752 Con.
1102 4697 1246 4751 Valla
1287 4697 1427 4751 hanc
1456 4699 1819 4750 tlclinitionem
1864 4697 1936 4749 ita

360 4769 581 4824 exhibet
613 4787 627 4822 :
662 4787 679 4819 ι
707 4768 1019 4839 lmaginatio
1045 4775 1130 4823 est
1162 4767 1230 4821 ab
1253 4782 1414 4839 sensu
1444 4765 1628 4839 aliquo
1651 4782 1745 4836 per
1768 4767 1938 4839 actio-

361 4854 486 4910 nem
521 4836 1304 4910 signiAlicato'cxpressaatque
1343 4837 1393 4890 in
1423 4837 1641 4910 cerebri
1668 4847 1818 4910 parte
1846 4836 1938 4910 de-

363 4904 603 4962 relirtaﬁ
629 4908 904 4979 lllox_at,_in
929 4904 1174 4979 σωτηρία
1189 4904 1254 4979 εξ
1276 4915 1507 4979 correct.
1538 4905 1598 4979 υ.
1620 4905 1670 4979 1.
1700 4904 1937 4979 Platonis

363 4979 604 5034 definitio
638 4989 721 5032 est
743 4977 795 5030 in
813 4973 1036 5046 Philebo
1062 4973 1123 5046 'p.
1154 4974 1276 5046 165.
1302 4974 1540 5030 Platonis
1569 4973 1934 5046 deﬁnitionem

365 5048 436 5102 ita
461 5047 796 5172 reflertValla
828 5065 840 5101 :
879 5066 898 5099 ι
929 5045 1134 5102 Sensus
1153 5054 1206 5100 et
1228 5045 1591 5115 intelligentia:
1609 5045 1755 5101 salus
1776 5055 1937 5114 atque

365 5128 523 5172 custo
563 5133 631 5172 ia.
676 5137 696 5172 ι

365 5121 631 5172 custodia.
676 5137 696 5172 ι

437 5187 548 5257 (4‘2)
586 5185 875 5248 Διασώζει.
924 5183 1194 5256 Διασώζῃ,
1238 5185 1300 5241 ι).
1338 5187 1392 5250 1,
1439 5185 1505 5240 Α.
1545 5185 1596 5240 1.
1641 5182 1784 5249 Mox,
1844 5184 1938 5237 καὶ

372 5274 475 5328 μνη
483 5259 746 5327 μονεύειν,
775 5257 846 5312 Μ.
868 5258 919 5328 1.

439 5324 550 5398 (ῐὸ)
589 5329 852 5398 Λέγεται.
889 5327 1018 5382 Post
1049 5324 1163 5398 lioc
1201 5327 1255 5381 in
1295 5341 1469 5398 marg.
1507 5340 1536 5378 a
1571 5332 1785 5398 recent.
1819 5334 1936 5377 tan-

368 5394 540 5467 quam
557 5394 972 5467 pnutermissum
993 5394 1210 5467 additur
1241 5417 1252 5451 :
1283 5394 1484 5466 Μνήμη
1509 5395 1623 5467 γάρ
1656 5395 1771 5467 ἐστι
1805 5412 1936 5467 κατ-

369 5462 986 5592 ξξῦὲορὲνῦήῆησκ
1025 5463 1133 5517 τῶν
1181 5462 1627 5538 προκεκριμένων
1680 5466 1746 5534 τῇ
1792 5462 1936 5535 ψυχῇ

369 5553 728 5601 πραγματων,
759 5553 816 5592 υ.
849 5553 870 5592 ι
884 5576 898 5589 .

415 5553 1022 5675 ρῗᾶςαῖἒνδὲ.νζῆτὰ.
1059 5607 1141 5660 Τά
1179 5607 1236 5660 δὲ
1269 5606 1544 5676 διανοητά,
1689 5604 1736 5676 1.
1881 5603 1936 5657 δὲ

368 5673 700 5797 διανῗιτιὲκά,
732 5684 794 5734 Α.
814 5679 868 5732 2.
897 5677 1308 5747 Μνημονεύεται
1332 5678 1421 5730 καὶ
1442 5673 1640 5737 έαυτά,
1663 5675 1729 5726 τὰ
1752 5673 1807 5726 δὲ
1833 5675 1939 5727 διαο

371 5760 496 5797 νοητ
543 5785 555 5797 .
588 5787 599 5797 .
639 5787 649 5797 .
681 5748 731 5797 5.

371 5748 555 5804 νοητά,
588 5748 649 5798 Α.
681 5748 731 5801 5.

588 5783 855 5887 μὲν
881 5815 1189 5888 ἐμάθομεν.
1215 5815 1352 5873 Inter
1371 5819 1450 5872 ὅτι
1482 5826 1527 5870 ct
1555 5815 1650 5886 μέν
1669 5816 1826 5870 credo
1851 5815 1936 5868 tle-

1839 4502 2016 4592 ,μου

2043 3929 2220 4001 Ιυιιιιιι⁸
2241 3943 2362 4001 esse
2388 3932 2614 4001 κυρίως,
2645 3931 2703 3986 D.
2735 3932 2796 3986 1..

2116 3995 2230 4073 (46_)
2263 3995 2518 4073 ιιξῖδρμρν
2557 4001 3049 4073 καὶ-ἠκούσαμεν.
3086 4005 3295 4073 ’ἴδομεν
3323 4002 3622 4073 ῆηηκούσα-

2116 4018 2228 4066 (eo)
2263 4018 2518 4121 αιοὲρεν
2557 4018 2655 4054 και
2680 4018 3049 4072 ηκουσαμεν.
3087 4018 3295 4073 ἰοομεν
3323 4018 3353 4072 η
3389 4018 3619 4071 ηκουσα-

2047 4085 2174 4143 μεν,
2201 4069 2256 4124 D.
2283 4070 2331 4122 1.
2414 4069 2677 4143 Δἴδομεν-ἢ
2723 4072 3056 4143 ἠκούσαμεν,
3100 4077 3163 4126 Α.
3216 4078 3266 4143 1.
3303 4070 3546 4143 Εῗῐδωμεν
3586 4073 3619 4141 ἢ

2044 4137 2374 4208 ἠκούσαμεν,
2399 4139 2460 4191 Α.
2494 4137 2546 4192 2.
2586 4137 2727 4202 Mox,
2748 4137 3098 4206 Ekkwg'rrtbg,
3116 4143 3174 4195 D.
3209 4142 3258 4195 1.
3291 4142 3381 4205 Ἥ,
3407 4137 3498 4195 seu
3524 4137 3619 4203 rei,

2040 4208 2206 4261 habet
2225 4209 2384 4261 etiam
2409 4208 2576 4274 Con.;
2605 4220 2716 4271 aut,
2745 4209 2879 4264 Vall.

2111 4278 2230 4351 (47)
2263 4279 2589 4351 Γινόέέενα,
2619 4279 2727 4351 λτὰ-
2773 4282 3147 4351 φθειρόμενα.
3212 4279 3474 4351 Γινόμενα
3527 4282 3622 4334 καὶ

2041 4345 2480 4417 etiamm“).
2514 4348 2566 4410 1,
2603 4349 2666 4400 Α.
2707 4345 2846 4413 1,”2,
2874 4345 2928 4410 5,
2964 4345 3124 4412 Cum,
3161 4350 3296 4405 Vall.

2113 4416 2373 4488 (48)Kai
2418 4416 2550 4488 ἐστι
2593 4417 2710 4488 μέν
2743 4417 2863 4488 τῶν
2899 4419 3196 4474 ἀπόντων.
3234 4421 3340 4472 Καὶ
3379 4419 3493 4472 ἔστι
3521 4419 3620 4488 μὲν

2042 4485 2151 4560 τῶν
2181 4487 2455 4560 άπάντων,
2488 4487 2546 4560 l_)_.
2574 4485 2620 4560 1.
2655 4485 2721 4540 Et
2768 4487 2856 4543 hic
2901 4500 2953 4543 et
3004 4490 3161 4558 paulo
3193 4500 3316 4560 post
3343 4485 3616 4555 ἁπάντων,

2044 4555 2162 4612 loco
2195 4557 2462 4618 ἀπόντων,
2499 4557 2566 4610 Μ.
2595 4557 2645 4608 1.

2040 4697 2082 4750 Α
2109 4627 2251 4750 (ξθέ
2264 4629 2345 4750 Οέ)
2372 4627 2500 4695 μὴν
2526 4626 2645 4681 ἀπὸ
2672 4624 2791 4680 τῶν
2823 4628 3118 4685 ἀπόντων.
3163 4629 3318 4696 Ὑπό,
3344 4629 3460 4684 loco
3489 4630 3617 4694 ἀπό,

2109 4766 2222 4838 (50)
2265 4769 2438 4839 Ἔστι
2484 4766 2592 4839 γὰρ
2639 4766 2998 4839 ᾀνάμνησις.
3041 4767 3163 4826 Vitl.
3208 4767 3362 4825 Joan.
3413 4768 3619 4839 ι).185,

2037 4835 2180 4895 MM.
2204 4835 2528 4906 γινομένης,
2555 4837 2618 4889 Α.
2648 4837 2702 4890 5.

2108 4906 2224 4978 (51)
2249 4905 2836 4978 ,Μνήμῄςλάειοϐολῄ
2881 4907 3032 4962 Plato
3077 4909 3127 4978 in
3194 4906 3455 4964 Phwdone
3496 4925 3615 4978 cap.

2034 4975 2341 5048 20.7A7ﬂ0qv
2367 4976 2570 5048 deﬁnit,
2604 4975 2911 5048 ἐπιστήμης
2938 4977 3228 5048 ἀποϐολήν.

2038 5117 2081 5172 D
2109 5045 2455 5170 (52);"A‘1én
2622 5045 2929 5115 διηνέκής.
2971 5048 3110 5101 Ἀλλ’
3211 5049 3309 5119 μὲν
3338 5049 3617 5120 διηνεκής,

2086 5153 2099 5168 .
2136 5131 2190 5175 ι.
2222 5131 2285 5170 Α.
2315 5131 2448 5181 1,2.
2479 5131 2579 5170 ux.

2108 5182 2356 5257 (55)_'Hc
2381 5186 2553 5257 ἐστιν
2575 5186 2618 5257 νή
2632 5185 2992 5257 ᾀνάμνησις.
3023 5189 3222 5254 Ἔργον
3255 5188 3306 5242 in
3346 5188 3451 5243 line
3475 5189 3624 5242 addit

2040 5257 2100 5311 D.
2121 5253 2184 5310 1.
2204 5253 2292 5328 "ﬂ
2322 5260 2468 5308 ἐστιν
2501 5256 2534 5326 ή
2560 5253 2895 5326 ἀνάμνησις,
2919 5253 2982 5312 Α.
3008 5257 3062 5312 2.
3099 5253 3263 5312 Paulo
3297 5270 3418 5328 post
3445 5259 3616 5322 abest,

2040 5327 2129 5378 καὶ
2159 5327 2414 5378 νοήσεως.
2442 5325 2502 5378 D.
2535 5327 2585 5378 1.

2037 5343 2129 5379 και
2159 5343 2414 5388 νοήσεως,
2442 5343 2502 5378 υ.
2535 5343 2585 5378 1.

2109 5327 2129 5377 ‘t
2159 5327 2414 5396 νοήσεως,
2442 5327 2502 5378 D.
2535 5327 2585 5378 1.
3302 5327 3306 5328 ⁷

2109 5395 2220 5465 (54)
2263 5392 2433 5467 Εἶναι
2656 5394 2994 5467 τῶν-ιδεῶν.
3041 5398 3204 5467 Λέγει
3247 5413 3275 5450 a
3311 5414 3454 5467 man.
3505 5412 3614 5450 rec.

2038 5463 2335 5591 iinsgrtum,
2364 5466 2424 5520 D.
2466 5465 2517 5519 1.
2548 5463 2702 5530 νοις,
2747 5465 2799 5519 τί
2835 5466 2892 5520 δέ
2925 5468 3071 5521 ἐστιν
3186 5467 3318 5534 ἰδέα,
3354 5466 3418 5523 1).
3470 5467 3520 5527 1.
3549 5467 3613 5522 A.

2080 5577 2221 5676 ’(55)
2266 5605 2335 5660 Τὸ
2361 5604 2476 5676 μέν
2494 5600 2607 5660 οὖν
2632 5608 3061 5676 φανταστικόν.
3084 5606 3231 5660 Cono
3256 5605 3344 5657 hic
3373 5604 3616 5676 quamam

2039 5675 2204 5742 addit,
2238 5677 2308 5730 ita
2340 5692 2353 5727 :
2383 5675 2522 5744 Ergo
2550 5675 2865 5746 imaginaria
2905 5679 3072 5731 virtus
3091 5684 3300 5746 accepta
3322 5675 3616 5746 aaensibus

2040 5746 2297 5798 materiati
2327 5742 2513 5811 specie,
2545 5762 2607 5800 ea
2649 5742 2767 5816 quze
2799 5755 3056 5817 apparent
3097 5742 3464 5811 cxcogitativa:
3509 5753 3616 5802 tra-

2042 5816 2135 5869 dit.
2175 5811 2280 5867 Ούν
2311 5815 2506 5869 omittit
2539 5817 2604 5869 Μ.
2643 5820 2691 5869 1.

2081 5817 2135 5869 it.
2175 5811 2280 5867 Ούν
2311 5815 2506 5871 omittit
2539 5817 2604 5870 Μ.
2643 5811 2691 5870 1⁷.
