4070 6146
543 364 649 421 675

1686 364 1962 420 ΝΕΜΕΞΙΙ
2004 364 2311 421 EPiSCOPl
2352 363 2651 418 EilEbENl

3703 366 3824 421 676·

543 493 626 540 est
656 482 880 538 validior
906 481 1152 551 agitatio,
1180 479 1272 536 sed
1305 488 1500 551 praeter
1517 489 1792 545 naturam,
1829 481 1896 536 ab
1923 483 2110 535 eodem

2222 481 2328 551 γάρ
2361 482 2478 533 ἐστι
2499 481 2593 532 καὶ
2623 481 2656 550 ἠ
2687 479 2828 532 κατὰ
2865 477 2991 542 τοὺς
3036 479 3286 550 παλμοὺς
3325 477 3561 548 κίνησις,
3595 479 3708 533 ἀλλ’
3741 483 3804 534 οὐ

543 575 729 647 pulsus
767 578 1099 637 moderatus,
1163 573 1259 627 sed
1321 573 1617 627 secundum
1651 581 1920 626 naturam.
1977 572 2118 627 Nihil

544 667 708 736 igitur
730 664 873 728 miri,
908 679 1068 718 unam
1102 673 1156 719 et
1177 665 1423 718 eamdem
1461 680 1602 729 rem,
1626 673 1680 719 et
1703 663 2040 730 alfectionem
2067 673 2121 720 et

544 757 788 810 muneris
845 754 1172 810 iunctionem
1234 757 1523 810 nominari.
1583 755 1716 810 Nam
1752 773 1874 829 [qua
1940 769 2118 812 motus

541 856 688 912 sunt,
717 863 743 901 a
774 847 984 916 patibili
1026 847 1218 900 animae
1250 856 1405 916 parte
1432 847 1692 915 profecti,
1727 849 2121 918 mulierisque:-

541 938 662 990 dam
697 936 1004 991 functiones
1022 947 1153 991 sunt
1178 953 1193 1002 ;
1217 952 1320 1007 qua
1345 952 1472 991 vero
1489 938 1826 992 inunoderati
1853 951 1906 992 et
1925 949 2119 1007 praeter

549 1036 827 1093 naturam,
859 1042 968 1080 non
1005 1030 1245 1081 muneris
1296 1027 1623 1090 litttctiones,
1680 1029 1774 1081 sed
1805 1027 2117 1082 aﬂectiones

541 1127 684 1172 sunt.
711 1118 884 1173 Metus
918 1120 1083 1188 igitur
1131 1120 1300 1188 partis
1354 1120 1549 1173 anima:
1585 1121 1812 1173 rationis
1853 1123 2113 1189 expertis,

541 1213 837 1265 secundum
869 1221 1153 1280 utramque
1185 1211 1333 1265 verbi
1392 1213 1662 1265 notionem
1691 1253 1704 1275 ,
1751 1211 1966 1267 all‘eetio
1994 1224 2112 1267 est:

545 1317 649 1355 non
678 1303 855 1356 omnis
888 1313 1064 1356 tamen
1100 1310 1276 1355 motus
1309 1304 1550 1370 patibilis
1591 1304 1760 1371 partis
1788 1301 2003 1358 aﬂ‘ectio
2031 1305 2114 1358 di-

540 1394 714 1458 citur;
751 1395 842 1448 sed
873 1394 964 1462 qui
993 1395 1374 1448 vehementior
1404 1404 1561 1448 estet
1587 1397 1652 1448 ad
1693 1410 1908 1449 sensum
1933 1411 2117 1464 perve-

541 1486 638 1538 nit.
672 1484 804 1538 Nam
829 1485 1004 1553 exigui
1041 1496 1219 1539 motus
1249 1494 1305 1540 et
1356 1500 1573 1540 sensum
1623 1483 2116 1552 ell‘ugientes,al.'le-

537 1577 746 1632 ctiones
773 1592 878 1631 non
908 1588 1054 1634 sunt.
1093 1579 1258 1632 Debet
1290 1579 1432 1632 enim
1465 1576 1738 1632 aifectioui
1793 1578 1970 1631 inesse
2001 1593 2115 1630 ma-

537 1669 785 1736 gnitudo,
823 1685 939 1738 quae
971 1669 1199 1739 alicujus
1229 1670 1484 1723 momenti
1511 1670 1601 1723 sit.
1625 1668 1890 1734 Quocirca
1918 1668 2113 1722 delini-

538 1758 672 1813 tioni
708 1758 1008 1814 affectionis
1059 1761 1360 1829 appositum
1387 1769 1490 1821 est,
1537 1770 1716 1813 motus
1757 1761 1855 1813 sub
1891 1775 2109 1814 scnsmn

2221 573 2361 625 κατὰ
2419 571 2580 640 φύσιν
2602 589 2613 601 ·
2672 570 2731 634 ἐξ
2757 572 2923 642 αὐτῆς
2954 571 3010 624 δὲ
3031 573 3126 626 καὶ
3153 573 3184 642 ἡ
3215 570 3326 640 (64)
3349 570 3457 624 τῶν
3517 573 3803 643 σφυγμῶν,

2219 663 2356 718 ἀλλὰ
2381 663 2522 716 κατά
2553 663 2732 732 φύσιν.
2771 664 2934 717 Οὐδὲν
2963 661 3055 717 οὖν
3093 663 3426 734 θαυμαστὸν,
3478 662 3535 717 ἓν
3562 663 3653 716 καὶ
3673 681 3806 718 ταυ-

2218 755 2309 809 τὸν
2332 757 2585 826 πρᾶγμα,
2627 756 2722 809 καὶ
2751 755 2920 820 πάθος
2949 757 3043 809 καὶ
3094 756 3376 826 ἐνέργειαν
3421 756 3802 826 ὀνομάζεσθαι.

2219 845 2356 897 Καθ’
2385 846 2413 898 ὃ
2433 847 2528 916 μὲν
2559 846 2666 917 γὰρ
2693 846 2934 915 κινήσεις
2964 845 3100 898 εἰσὶν
3152 845 3209 911 ἐξ
3248 843 3412 897 αὑτοῦ
3446 843 3540 896 τοῦ
3571 845 3803 913 παθητι-

2218 933 2314 985 κοῦ
2340 935 2451 1003 (65)
2491 935 2590 1003 τῆς
2645 935 2841 1004 ψυχῆς,
2888 935 3159 1004 ἐνέργειαί
3193 935 3340 998 τινές
3372 937 3476 988 εἱσι
3501 952 3514 965 ·
3543 935 3664 988 καθ’
3691 937 3720 988 ὃ
3749 936 3805 990 δὲ

2218 1027 2442 1095 ἄμετροι
2470 1025 2604 1096 (66),
2637 1027 2729 1079 καὶ
2757 1027 2818 1078 οὐ
2849 1026 2988 1078 κατὰ
3021 1025 3202 1094 φύσιν,
3224 1027 3324 1079 οὐκ
3351 1027 3639 1097 ἐνέργειαι,
3667 1029 3805 1083 ἀλλὰ

2220 1117 2386 1186 πάθη.
2426 1116 2611 1181 Οὕτως
2659 1112 2751 1170 οὖν
2801 1120 2833 1187 ἡ
2871 1117 3086 1188 κίνησις
3119 1115 3231 1184 (67)
3262 1116 3355 1168 τοῦ
3392 1118 3609 1186 ἀλόγου,
3632 1119 3805 1183 πάθος

2217 1209 2334 1262 ἐστὶ
2363 1197 2482 1260 κατ’
2517 1210 2682 1278 ἄμφω
2731 1207 2801 1261 τὰ
2833 1209 3228 1278 σημαινόμενα.
3276 1209 3350 1260 Οὐ
3389 1211 3536 1261 πᾶσα
3564 1209 3620 1262 δὲ
3646 1212 3802 1282 κίνη-

2219 1319 2301 1365 σις
2335 1301 2444 1373 (68)
2501 1301 2594 1354 τοῦ
2650 1300 2976 1372 παθητικοῦ,
3021 1301 3192 1364 πάθος
3242 1300 3524 1365 καλεῖται,
3595 1301 3712 1354 ἀλλ’
3743 1304 3802 1355 αἱ

2219 1395 2569 1465 σφοδρότεραι
2603 1393 2696 1444 καὶ
2725 1395 2804 1456 εἰς
2853 1391 3104 1462 αἴσθησιν
3149 1393 3559 1463 προϐαίνουσαι.
3599 1395 3665 1445 Αἱ
3692 1394 3803 1467 γὰρ

2221 1489 2414 1558 μικραὶ
2472 1487 2565 1539 καὶ
2613 1484 3022 1553 ἀνεπαίσθητοι,
3085 1485 3300 1538 οὐδέπω
3332 1485 3499 1555 πάθη.
3558 1487 3650 1539 Δεῖ
3690 1487 3801 1557 γὰρ

2215 1579 2360 1648 ἔχειν
2383 1579 2440 1631 τὸ
2468 1578 2636 1639 πάθος
2681 1576 2776 1629 καὶ
2814 1575 3042 1646 μέγεθος
3079 1575 3375 1644 ἀξιόλογον.
3431 1576 3523 1628 Διὸ
3545 1577 3801 1648 πρόσκει-

2214 1684 2302 1718 ται
2340 1665 2418 1735 τῷ
2437 1667 2547 1737 ὅρῳ
2572 1666 2664 1719 τοῦ
2703 1665 2907 1728 πάθους
2937 1665 3018 1730 τὸ,
3053 1666 3266 1735 κίνησις
3302 1665 3556 1736 αἰσθητή.
3586 1668 3652 1720 Αἱ
3690 1667 3798 1739 γὰρ

2219 1759 2409 1828 μικραὶ
2439 1760 2696 1828 κινήσεις,
2733 1757 3092 1810 λανθάνουσαι
3125 1758 3222 1829 τὴν
3239 1757 3511 1829 αἴσθησιν,
3535 1761 3596 1813 οὐ
3611 1760 3798 1814 ποιοῦ-

534 1851 757 1904 cadens.
785 1850 918 1904 Nam
943 1853 1120 1918 exigui
1161 1861 1356 1915 motus,
1387 1860 1442 1904 ut
1465 1850 1577 1920 jam
1603 1852 1734 1914 dixi,
1763 1866 1900 1920 quos
1920 1868 2110 1907 sensus

2214 1864 2265 1900 σι
2289 1849 2476 1916 πάθος,
2507 1850 2579 1912 ώς
2601 1849 2836 1920 εἴρηται.

537 1955 644 1996 non
674 1942 924 2011 percipit,
950 1940 1292 1998 affectionem
1329 1958 1432 1997 non
1464 1943 1710 2012 gignunt.

1133 2034 1286 2088 CAP.
1339 2033 1502 2088 XVII.

1121 2124 1198 2178 De
1224 2127 1528 2193 cupiditate.

607 2214 878 2270 Dividitur
908 2231 1032 2284 pars
1059 2217 1252 2270 anima:
1281 2217 1501 2271 rationis
1531 2231 1744 2286 expers,
1771 2228 1828 2272 ut
1856 2218 2111 2284 diximus,

541 2322 662 2376 quae
689 2309 881 2361 rationi
907 2310 1264 2377 obtemperat,
1293 2309 1346 2362 in
1374 2309 1510 2362 duas
1529 2320 1730 2379 partes,
1760 2312 2110 2378 cupiditatem

538 2409 594 2451 et
627 2399 786 2452 iram.
816 2399 1023 2452 Rursus
1062 2399 1330 2467 cupiditas
1357 2385 1610 2468 bipartito
1657 2399 2015 2464 distribuitur,
2058 2403 2110 2453 in

541 2487 842 2555 voluptates
871 2495 924 2542 et
950 2487 1320 2541 dolores.Nam
1343 2489 1607 2556 cupiditas
1630 2528 1644 2553 ,
1678 2488 1802 2542 dum
1831 2490 1972 2558 quod
2000 2489 2112 2543 vult

540 2584 864 2646 assequitur,
889 2579 1210 2646 voluptatem
1239 2578 1434 2632 eliicit:
1467 2580 1804 2643 contra,dum
1832 2594 1935 2633 non
1958 2595 2108 2634 assc-

532 2674 736 2740 quitnr,
769 2669 1154 2725 dolorem.Alio
1181 2670 1338 2722 modo
1361 2669 1528 2722 divisa
1567 2671 1856 2737 cupiditas,
1881 2679 2111 2738 quatuor

542 2762 763 2816 Omnino
791 2763 996 2829 species
1020 2761 1166 2814 lacit.
1195 2758 1330 2812 Nam
1366 2763 1417 2812 in
1451 2763 1635 2822 rebus,
1670 2762 1772 2813 alia
1790 2769 1918 2814 sunt
1948 2762 2108 2825 bona,

533 2852 634 2904 alia
674 2861 800 2905 sunt
831 2853 987 2914 tnala,
1015 2861 1068 2905 et
1097 2851 1199 2903 alia
1221 2854 1330 2918 jam
1363 2851 1575 2914 adsunt,
1615 2852 1717 2903 alia
1781 2861 2106 2919 exspectan-

540 2951 647 2997 tur.
677 2943 770 2995 His
805 2943 1091 3008 generibus
1140 2942 1470 3001 constitutis.
1533 2943 1576 2996 si
1624 2943 1731 2997 duo
1783 2957 1878 3010 per
1904 2942 2111 3012 reliqua

533 3036 642 3087 duo
678 3033 1127 3102 inultiplicentur,
1163 3035 1214 3085 in
1269 3045 1505 3101 quatuor
1533 3045 1716 3102 partes
1752 3034 2016 3102 cupiditas
2039 3036 2113 3089 di-

2784 2028 2942 2084 ΚΕΦ.
2981 2029 3056 2080 IZ'
3087 2029 3220 2100 (69).

2623 2118 2764 2188 Περὶ
2790 2119 2896 2174 τοῦ
2922 2120 3374 2190 ἐπιθυμητικοῦ.

2283 2212 2582 2281 Διαιρεῖται
2623 2211 2721 2280 μὲν
2751 2207 2866 2272 οὖν,
2890 2211 2965 2274 ὡς
2992 2211 3222 2282 ἔφαμεν,
3263 2212 3323 2264 τὸ
3351 2213 3542 2282 ἄλογον
3567 2214 3666 2286 τῆς
3697 2215 3798 2285 ψυ-

2213 2305 2334 2374 χῆς,
2372 2303 2430 2356 τὸ
2464 2303 2743 2368 ἐπιπειθὲς
2773 2303 2884 2375 (70)
2918 2304 3080 2374 λόγῳ,
3112 2306 3191 2367 εἰς
3221 2304 3336 2369 δύο,
3357 2305 3418 2357 τό
3443 2324 3501 2358 τε
3528 2307 3798 2378 ἐπιθυμη-

2214 2396 2366 2448 τικὸν
2395 2396 2490 2448 καὶ
2519 2395 2578 2446 τὸ
2602 2394 2859 2466 θυμικόν·
2888 2395 3047 2448 πάλιν
3080 2395 3136 2448 δέ
3159 2397 3220 2448 τὸ
3245 2396 3639 2468 ἐπιθυμητικὸν
3662 2399 3799 2452 διαι-

2218 2490 2390 2556 ρεῖται
2416 2488 2494 2548 εἰς
2531 2485 2645 2546 δύο,
2673 2488 2752 2548 εἱς
2767 2487 2960 2556 ἡδονὰς
2984 2486 3079 2540 καὶ
3108 2485 3280 2551 λύπας
3307 2504 3320 2516 ’
3360 2490 3796 2559 ἐπιτυγχάνουσα

2217 2578 2313 2648 μὲν
2331 2578 2492 2648 γὰρὴ
2523 2576 2805 2647 ἐπιθυμία,
2832 2577 3023 2648 ἡδονὴν
3057 2581 3276 2649 ἐμποιεῖ
3299 2596 3310 2606 ·
3345 2581 3798 2651 ἀποτυγχάνουσα

2211 2669 2287 2732 δὲ,
2341 2668 2537 2738 λύπην.
2609 2667 2776 2720 Πάλιν
2819 2668 2875 2721 δὲ
2909 2667 3029 2721 καθ’
3065 2669 3250 2740 ἕτερον
3290 2672 3510 2742 τρόπον,
3541 2674 3574 2743 ἡ
3608 2672 3796 2726 ἐπιθυ-

2216 2760 2312 2831 μία
2341 2760 2711 2831 διαιρουμένη,
2753 2761 2990 2830 τέσσαρα
3030 2765 3125 2816 σὺν
3172 2764 3337 2835 ἑαυτῇ
3376 2765 3488 2834 (71)
3519 2764 3589 2817 τὰ
3619 2765 3797 2818 πάντα
3827 2813 3830 2816 .

2212 2851 2326 2920 εἴδη
2377 2855 2538 2906 ποιεῖ.
2589 2853 2738 2906 Ἐπεὶ
2772 2853 2879 2924 γὰρ
2905 2855 3011 2908 τῶν
3044 2856 3212 2908 ὄντων
3247 2855 3356 2927 (72)
3392 2855 3456 2908 τά
3500 2856 3603 2925 μὲν
3645 2856 3796 2910 ἔστιν

2217 2943 2374 3013 ιοο
2396 2944 2595 3012 ἀγαθὰ,
2613 2943 2681 2997 τά
2695 2946 2751 2998 δὲ
2768 2946 2946 3014 φαῦλα
2963 2962 2980 2979 ·
3008 2948 3101 3001 καὶ
3128 2947 3195 3000 τὰ
3214 2948 3309 3018 μὲν
3327 2948 3425 3018 ἤδη
3447 2947 3698 3017 πάρεστι,
3722 2949 3794 3001 τά

2211 3032 2267 3084 δέ
2293 3033 2677 3103 προσδοκᾶται·
2710 3037 2850 3090 κατὰ
2865 3037 3088 3101 τούτους
3111 3039 3233 3101 τοὺς
3266 3038 3516 3108 τρόπους,
3551 3038 3660 3090 τῶν
3693 3036 3792 3090 δύο

532 3125 756 3180 viditur.
793 3124 888 3178 Est
916 3124 1059 3178 enim
1088 3125 1286 3179 bonum
1313 3135 1366 3178 et
1397 3125 1618 3189 malum,
1645 3125 1770 3180 item
1796 3141 2032 3194 prasens
2055 3135 2110 3180 et

2216 3128 2296 3189 εἰς
2339 3125 2432 3178 δύο
2483 3125 3103 3199 πολυπλασιαζομένων,
3133 3130 3199 3183 τὰ
3239 3131 3335 3200 τῆς
3381 3128 3679 3200 ἐπιθυμίας
3711 3132 3793 3194 εἰς

529 3227 927 3287 exspectatum.
966 3215 1346 3284 Exspectat-int
1370 3217 1514 3270 enim
1551 3217 1770 3281 bonum,
1807 3217 1969 3271 libido
1994 3229 2106 3284 est;

2214 3217 2454 3288 τέσσαρα
2471 3216 2777 3288 διαιρεῖται.
2811 3219 2970 3272 Ἐστι
2987 3219 3096 3291 γὰρ
3114 3219 3312 3289 ἀγαθον
3343 3217 3435 3273 καὶ
3459 3220 3630 3274 κακόν
3649 3237 3662 3250 ’
3701 3223 3797 3275 καὶ

523 3308 636 3380 jam
669 3325 798 3364 vero
837 3324 1096 3377 prmaens,
1138 3309 1418 3377 voluptas:
1466 3323 1654 3363 rursus
1693 3309 1889 3361 malum
1919 3323 2112 3376 exspe-

529 3413 756 3470 ctatum,
811 3415 986 3460 metus
1039 3415 1158 3471 est;
1201 3419 1460 3472 praesens,
1509 3400 1791 3471 aegritudo.
1840 3400 1896 3454 Ιιι
1937 3400 2108 3455 .bonis

528 3497 678 3552 enim
711 3497 957 3560 voluptas
979 3505 1034 3550 et
1065 3497 1229 3550 libido
1263 3507 1579 3557 versantur,
1639 3495 1691 3546 in
1729 3491 1886 3546 malis
1937 3501 2114 3546 metus

531 3599 588 3641 et
616 3588 901 3656 aegritudo.
931 3587 1062 3653 Quae
1092 3588 1232 3640 ratio
1260 3585 1546 3640 nonnullos
1569 3585 1755 3642 movit.
1785 3591 1842 3636 ut
1871 3582 2112 3636 allectio—

529 3691 653 3730 nem
689 3677 740 3729 in
771 3688 1004 3746 quatuor
1035 3686 1216 3747 partes
1263 3677 1578 3739 tribuerent,
1615 3674 1923 3739 libidinem,
1954 3671 2106 3727 volu-

531 3776 760 3836 ptatem,
794 3777 993 3820 metum
1021 3778 1076 3821 et
1108 3767 1501 3836 a-gritudinem.
1526 3764 1672 3818 Bona
1690 3775 1870 3817 autem
1893 3771 1948 3817 et
1973 3763 2110 3818 mala

531 3857 780 3924 dicimus,
809 3867 902 3911 aut
927 3873 1046 3926 qua:
1077 3872 1204 3912 vere
1227 3866 1379 3922 sunt,
1407 3864 1500 3910 aut
1532 3871 1650 3925 quae
1703 3855 2102 3912 existimantur.

529 3945 892 4002 innascuntur
922 3956 1100 4004 autem
1140 3948 1293 4002 mala:
1345 3946 1655 4001 aliectiones
1699 3947 1986 4000 in'animo
2016 3960 2112 4015 per

531 4039 634 4095 tria
662 4040 811 4095 haec:
850 4042 1045 4096 malam
1083 4042 1502 4103 institutionem,
1562 4040 1854 4104 inscitiam,
1885 4054 2110 4107 pravum

2215 3309 2374 3362 πάλιν
2422 3309 2594 3380 παρὸν
2655 3310 2748 3364 καὶ
2797 3310 3266 3382 προσδοκώμενον.
3335 3311 3796 3382 Προσδοκώμενον

2214 3400 2321 3472 γὰρ
2376 3400 2579 3469 ἀγαθὸν
2621 3400 2767 3471 (75),
2816 3401 3081 3472 ἐπιθυμία
3112 3402 3292 3455 ἐστίν·
3343 3402 3441 3473 ήδη
3493 3403 3550 3456 δὲ
3597 3403 3792 3474 παρὸν,

2212 3493 2395 3564 ἡδονή.
2429 3492 2596 3546 Πάλιν
2627 3492 3070 3564 προσδοκώμενον
3099 3495 3210 3561 (74)
3243 3494 3341 3565 μὲν
3369 3495 3557 3556 κακὸν,
3595 3495 3790 3564 φόϐος·

2214 3584 2384 3654 παρὸν
2411 3583 2487 3648 δὲ,
2524 3582 2689 3654 λύπη.
2731 3585 2865 3656 Περὶ
2897 3585 2965 3638 τὰ
3000 3585 3180 3654 ἀγαθὰ
3224 3585 3322 3656 μὲν
3365 3586 3471 3658 γὰρ
3501 3585 3792 3658 στρέφεται

2214 3674 2374 3745 ἡδονὴ
2415 3675 2528 3747 (75)
2561 3676 2654 3728 καὶ
2697 3675 2992 3747 ἐπιθυμία·
3030 3678 3158 3748 περὶ
3200 3677 3267 3730 τὰ
3307 3677 3485 3747 φαῦλα
3521 3677 3600 3744 δὲ,
3629 3678 3818 3747 φόϐοςΓ

2211 3765 2304 3817 καὶ
2333 3766 2498 3837 λύπη.
2534 3767 2624 3819 Διό
2656 3785 2800 3831 τινες
2837 3767 2898 3820 τὸ
2927 3768 3097 3832 πάθος
3143 3769 3222 3831 εἰς
3264 3769 3507 3840 τέσσαρα
3549 3769 3790 3840 διαιροῦ-

2211 3874 2315 3924 σιν,
2334 3857 2649 3928 ἐπιθυμίαν,
2672 3859 2887 3930 ἡδονὴν,
2907 3859 3068 3927 φόϐον
3103 3861 3195 3913 καὶ
3220 3859 3396 3930 λύπην
3419 3861 3554 3931 (76).
3586 3861 3792 3930 Ἀγαθὰ

2209 3947 2266 4000 δὲ
2306 3949 2401 4000 καὶ
2442 3947 2619 4016 φαῦλα
2657 3948 2912 4019 λέγομεν,
2944 3949 2980 4020 ἢ
3007 3950 3075 4004 τὰ
3117 3950 3284 4014 ὅντως
3321 3951 3466 4016 ὄντα,
3510 3952 3543 4022 ἢ
3583 3952 3648 4004 τά
3700 3967 3790 4004 νο-

2215 4038 2503 4110 μιζόμενα.
2546 4041 2849 4110 Ἐγγίνεται
2896 4041 2952 4094 δὲ
3008 4043 3076 4094 τά
3125 4041 3304 4111 φαῦλα
3354 4043 3467 4114 (77)
3508 4042 3657 4113 πάθη
3716 4042 3788 4113 τῇ

1699 4237 1860 4292 νΑΒ.
1902 4235 2103 4290 LECT.
2142 4236 2230 4292 ET
2270 4236 2607 4294 ANIMADV.

601 4381 690 4453 (64
747 4379 849 4442 Ἐξ
874 4375 1064 4443 αὐτῆς
1091 4373 1159 4427 δὲ
1182 4375 1276 4428 καὶ
1310 4375 1370 4440 ἡ.
1411 4377 1478 4430 Δέ
1506 4379 1676 4437 abest,
1705 4376 1768 4427 Α.
1800 4374 1854 4428 ‘2.

601 4380 712 4523 (65)
751 4450 852 4523 Ἐῌξ
883 4447 1069 4523 αὑτοῦ
1104 4446 1208 4523 τοῦ
1226 4447 1597 4523 Απαθητιξιοῦ.
1646 4444 1732 4523 ’ξξξ
1771 4445 1854 4496 ἐαι

659 4471 690 4505 ί)

2284 4371 2701 4443 (71)-Τέσσαρα
2729 4371 2850 4425 σὺν
2876 4369 3085 4440 ἑαυτῇ.
3143 4372 3382 4440 Quatuor
3415 4372 3634 4443 omnino
3665 4387 3788 4443 spe-

751 4441 852 4513 Ἐξ
883 4441 1074 4537 αὑῖὸιξ
1104 4446 1208 4537 rei)
1223 4447 1597 4537 ἆταθηξιξιοῦ.
1646 4444 1732 4537 ‘EE
1771 4444 1978 4496 ἑαυτῶν
2013 4443 2105 4496 τοῦ

804 4520 829 4530 η’
884 4521 920 4537 In
1302 4517 1330 4537 ⁸3
1385 4519 1404 4537 ι
1441 4534 1448 4537 .
1482 4519 1518 4537 I,
1560 4535 1569 4537 _
1618 4535 1627 4537 _
1706 4531 1761 4537 η-.
1795 4519 1930 4537 η..Α.Ι
1963 4516 2099 4537 ...ιζ-.-

2214 4441 2324 4497 cies
2344 4441 2627 4537 .ellicitnin
2656 4443 2850 4537 quibus
2877 4448 3005 4537 ipsa.
3042 4441 3782 4537 nntn‘eraturllstaiqnalgior

528 4511 856 4593 παθητικοῦ,
884 4521 942 4572 υ.
972 4518 1022 4580 1,
1045 4518 1108 4567 Α.
1141 4515 1191 4579 1,
1217 4515 1278 4593 ’2,
1302 4517 1352 4569 5.
1385 4517 1526 4593 Valla
1558 4535 1572 4570 :
1605 4535 1628 4593 _(
1661 4515 1761 4566 Per
1791 4519 1930 4593 quod
1959 4516 2102 4593 enim

2214 4513 2419 4593 species
2443 4521 2586 4576 sunt,
2619 4520 2677 4565 ut
2705 4528 2826 4568 mox
2859 4514 3032 4574 docet,
3070 4512 3353 4583 ἐπιθυμία,
3384 4513 3568 4583 ἡδονὴ,
3598 4511 3782 4580 φόϐος,

529 4585 696 4647 motu}
718 4607 781 4644 ex
802 4605 909 4642 sese
940 4597 1062 4640 sunt
1089 4586 1312 4651 passivae
1336 4587 1501 4648 partis
1531 4589 1742 4638 animae.
1760 4603 1778 4635 ι
1805 4585 1944 4650 Ergo
1975 4585 2104 4635 ἐαυ-

526 4663 637 4716 τῶν
660 4661 946 4729 expressit.
1001 4657 1106 4707 Sed
1157 4654 1379 4729 Cono,_¢
1409 4672 1473 4709 ex
1512 4657 1719 4729 passiva
1749 4655 1795 4729 vi
1829 4656 2020 4729 anima;
2052 4663 2105 4706 et

528 4723 864 4786 all'crtidne.»
903 4727 1040 4793 Ergo
1065 4738 1160 4793 nec
1189 4724 1377 4793 αὑτοῦ,
1410 4741 1507 4779 nec
1536 4725 1743 4777 ἑαυτῶν
1782 4723 1960 4776 habet.

598 4797 710 4869 (66)
734 4791 1072 4869 Κᾳᾷίὸσοφχ
1102 4791 1170 4843 δὲ
1222 4791 1480 4869 ἀμετροέ.
1509 4815 1516 4821 ·
1548 4795 1700 4849 Καθὸ
1751 4793 1807 4846 δὲ
1853 4794 2100 4864 άμετροι,

529 4862 844 4925 Ῑ).’1.’Καθ’
867 4866 895 4918 ὃ
924 4864 1017 4931 κα).
1043 4862 1293 4931 ἄμετροι,
1333 4866 1392 4917 Α,
1423 4864 1477 4916 9,,

596 4940 707 5008 (67)
734 4937 930 5002 Οὕτως
952 4929 1064 5008 οὖν
1088 4929 1127 4998 ἢ
1163 4929 1421 5008 κίνησις,
1447 4951 1500 4986 κ.
1535 4951 1586 4986 τ.
1617 4943 1665 4989 Α,
1695 4934 1880 4989 Cono:
1917 4953 1933 4983 ι
1967 4933 2106 5008 Ergo

533 5004 713 5063 motus
747 5006 1072 5059 irrationalis
1101 5004 1273 5069 partis
1304 5018 1482 5057 ntotus
1511 5014 1594 5057 est
1626 5011 1915 5058 secundum
1947 5004 2106 5058 ambo

528 5080 643 5132 haec
670 5077 895 5131 divisus.
943 5096 961 5127 ι

600 5148 710 5218 (68)
739 5148 820 5199 Οὐ
841 5146 1008 5202 πᾶσα
1029 5146 1096 5200 δὲ
1123 5147 1384 5211 κίνησις.
1433 5143 1549 5218 Viti.
1575 5144 1754 5203 Joan.,
1784 5160 1834 5212 ιι.
1867 5142 1986 5196 186.

605 5211 717 5286 (69)
743 5219 872 5285 Cap.
909 5218 996 5271 17.
1032 5220 1191 5271 Index
1253 5220 1412 5278 idem,
1447 5217 1537 5286 sed
1571 5218 1687 5269 sine
1734 5211 1856 5268 nota
1885 5211 2100 5282 capitis,

531 5289 592 5341 D.
618 5285 670 5340 1.
702 5288 867 5348 Idem,
899 5290 989 5341 sed
1019 5295 1113 5352 ις’,
1140 5289 1253 5339 loco
1286 5287 1368 5350 ιζ’,
1400 5287 1460 5338 Α.
1498 5285 1545 5337 1.
1574 5287 1661 5338 Sic
1691 5289 1853 5350 etiam
1887 5300 1920 5333 ιι·
1943 5299 2104 5336 manu

528 5372 662 5421 rec.,
681 5359 744 5410 Α.
769 5356 822 5408 2.
855 5356 994 5409 Loco
1022 5375 1144 5426 κεφ.
1177 5356 1265 5418 ιζ’,
1299 5359 1459 5410 habet
1485 5355 1638 5426 λόγος
1665 5354 1752 5418 ιζ’,
1778 5353 1844 5406 Μ,
1862 5353 1912 5426 1.
1945 5352 2106 5426 Pror-

527 5444 620 5483 sus
681 5428 931 5482 convenit
987 5422 1112 5480 cnni
1163 5431 1324 5486 edito.
1381 5431 1441 5478 Α.
1483 5422 1656 5480 5.1):
1698 5422 2104 5488 concupiscibili,

527 5515 647 5568 cap.
682 5498 769 5561 16,
806 5495 1118 5568 νιίιιεϋοιιο
1145 5498 1328 5564 incipit
1361 5496 1482 5549 libri
1513 5511 1584 5558 tv,
1617 5510 1736 5562 cap.
1767 5496 1819 5547 9.
1848 5510 1871 5568 ιΔ
1899 5491 2105 5568 licet-n-

525 5562 610 5624 sei
635 5580 866 5638 quatuor
898 5567 1120 5622 alit-ctus
1153 5562 1342 5628 animi,
1403 5570 1614 5619 virtutis
1646 5562 2104 5632 eoncnpiscibilis,

527 5649 582 5693 et
611 5637 711 5708 qua
747 5655 810 5692 cx
837 5653 998 5708 causa
1029 5637 1272 5692 homines
1301 5645 1409 5690 tam
1436 5638 1781 5689 vehementer
1811 5646 1940 5686 suas
1977 5646 2104 5702 pro-

527 5720 826 5777 sequantur
857 5707 1188 5762 :tliectiones.
1233 5725 1252 5756 ι

605 5772 717 5852 (Ἧι)
752 5780 819 5836 Τὸ
849 5779 1164 5845 ἑπιπειθές.
1192 5776 1282 5848 Τῷ
1313 5773 1612 5840 ἐπιπειθές,
1643 5775 1702 5826 Δ.
1732 5772 1786 5825 2.

2207 4597 2372 4634 Λυπη.

2277 4599 2390 4720 (ᾫέ)
2448 4650 2579 4722 Ἐπὶ
2627 4651 2750 4722 γὰρ
2785 4649 2903 4703 τῶν
2949 4651 3158 4722 ὄντων.
3227 4652 3377 4704 Ἐπεὶ
3420 4653 3527 4722 γὰρ
3551 4653 3660 4705 τών
3692 4654 3784 4704 ἦν·

2205 4739 2332 4787 των,
2373 4724 2430 4774 D.
2465 4721 2513 4782 1,
2545 4723 2608 4774 Α.
2631 4723 2683 4776 5.
2715 4720 3008 4786 Utrumque
3039 4720 3165 4773 ferri
3207 4731 3404 4788 potest.
3439 4720 3642 4776 Laudat
3671 4724 3785 4776 haec

2205 4789 2386 4856 Joan.,
2429 4808 2482 4858 p.
2520 4793 2635 4846 181.
2695 4791 2818 4843 Ἐπὶ
2869 4791 2975 4842 τών
3021 4790 3188 4844 ὄντων
3228 4802 3329 4861 νει,
3376 4795 3507 4845 inter
3547 4809 3628 4857 ea,
3668 4809 3786 4861 qua:

2206 4873 2348 4914 sunt.
2384 4861 2644 4927 Quoniam
2681 4876 2865 4913 eorum
2902 4876 3018 4927 qum
3042 4873 3186 4922 sunt,
3221 4860 3354 4914 Vall.

2246 4930 2940 5055 ά(75))1ζροὲδρκίίἐμενον
2997 4933 3106 5000 γὰρ
3164 4933 3408 5000 ἀγαθόν.
3468 4931 3611 4995 Μέν,
3668 4931 3785 4985 loco

2287 5018 2336 5055 ο.
2422 5039 2436 5054 .
2503 5040 2517 5055 .
2597 5042 2607 5052 .
2675 5041 2687 5055 .
2762 5039 2776 5053 .

2207 5018 2336 5072 γαρ,
2377 5018 2436 5054 υ.
2469 5018 2517 5060 1,
2546 5018 2687 5058 Α.1.
2722 5018 2776 5055 o.

2278 5071 2390 5140 (74)
2443 5070 2661 5135 Ἡδονή
2690 5087 2702 5099 ·
2783 5069 3460 5138 παραπροσδοκὼμενον.
3551 5071 3737 5140 Ἡδονή
3766 5087 3781 5101 ³

2208 5141 2369 5193 πάλιν
2404 5140 2870 5211 προσδοκώμενον,
2925 5142 2989 5193 Α.
3036 5144 3084 5204 1,
3106 5141 3141 5194 2
3163 5181 3175 5200 ,
3216 5142 3280 5193 Μ.
3314 5142 3362 5204 1,
3392 5150 3444 5192 et
3481 5140 3563 5211 1).
3597 5144 3639 5194 l.
3680 5141 3785 5211 Sed

2208 5210 2660 5282 προσδοκόμενον,
2690 5212 2831 5282 A.75.
2872 5212 2947 5265 lla
2982 5212 3140 5282 habet
3164 5211 3408 5282 εξΗδονή
3431 5227 3442 5238 ·
3483 5210 3578 5262 καὶ
3621 5210 3783 5264 πάλιν

2208 5279 2654 5351 προσδοκώμενον
2715 5281 2814 5350 μὲν
2869 5281 3057 5334 κακόν.
3128 5281 3300 5333 Πάλιν
3359 5279 3567 5333 videtur
3622 5284 3782 5333 etiam

2210 5352 2406 5420 legisse
2443 5352 2766 5405 Elleboditts.
2807 5351 2976 5405 liabet
3017 5351 3157 5404 enim
3199 5354 3249 5404 in
3285 5351 3553 5420 versione,
3602 5366 3784 5403 rursus

2211 5418 2410 5474 malum
2448 5431 2840 5488 exspectatum.
2867 5423 3036 5490 Cotto.
3066 5419 3129 5472 Et
3163 5437 3366 5475 rursus.
3403 5418 3572 5480 Valla,
3602 5434 3778 5490 porro.

2280 5492 2389 5562 (75)
2430 5491 2746 5561 Στρέερεται
2777 5489 2987 5558 ἡδονή.
3020 5490 3291 5562 Τρέφεται
3326 5490 3508 5562 ἡδονή,
3534 5488 3699 5562 με..

2209 5559 2718 5685 D('176)A'He6og~izr,
2773 5562 2961 5630 φόϐον
3012 5559 3110 5614 καὶ
3157 5559 3378 5628 λύπην.
3437 5559 3545 5612 Καὶ
3600 5562 3784 5622 aheSt,

2281 5674 2806 5770 (77)-ζΕ-ιίιγῖιιονται
2837 5700 2906 5754 δὲ
2930 5700 3003 5755 τὰ
3037 5698 3259 5772 φαῦλα.
3301 5698 3604 5768 Ἐγγίνεται
3634 5697 3692 5750 δὲ
3721 5695 3792 5750 τὰ

2212 5771 2410 5840 φαῦλα,
2450 5774 2510 5826 Λ.
2544 5779 2589 5838 1,
2632 5773 2685 5837 ‘2,
2722 5771 2775 5838 5,
2813 5772 2870 5825 υ.
2905 5775 2955 5826 1.

2783 5069 3460 5138 παραπροσδοκὼμενον.
