4070 6146
396 308 497 365 707

1552 307 1835 364 NEMESII
1875 306 2185 363 EPISCOPI
2223 306 2523 363 EMESENI

3538 307 3645 367 708

393 440 528 497 ergo
554 441 651 496 per
687 439 884 482 nervos
919 433 973 480 et
1003 425 1277 481 musculos
1306 433 1613 491 moventur,
1640 426 1751 480 haec
1781 424 1961 480 omnia

2077 423 2132 478 ιά
2178 424 2365 496 σκέλη,
2398 427 2543 481 κατά
2576 442 2636 480 τε
2665 426 2725 479 τὺ
2752 427 2922 497 ίσχίον
2948 428 3042 482 καὶ
3059 427 3160 498 τὴν
3192 427 3349 495 ἰγνὺν
3371 426 3510 499 (9.4),
3553 431 3649 501 τὴν

395 519 466 574 ab
492 518 668 573 anima
712 518 945 586 pendent
976 525 1030 571 et
1073 517 1337 573 electione
1378 516 1533 583 ﬁniit,
1586 520 1639 572 in
1674 517 1871 587 quibus
1911 526 1966 573 et

398 625 593 667 sensus
618 620 673 666 et
701 625 887 665 vocem
914 610 1302 665 numeraudam
1328 625 1449 666 esse
1469 609 1823 665 ostendimus.

461 788 642 860 Atque
671 788 796 845 hinc
842 789 1037 843 anima:
1063 796 1120 843 et
1166 794 1374 843 natura:
1416 802 1640 858 operum
1670 788 1967 858 probabilis

393 890 477 938 est
534 881 812 937 distinctio
870 880 967 950 (et
1013 880 1332 949 dijudicatio
1389 882 1649 935 sumenda
1702 882 1852 951 est).
1899 881 1969 935 At

397 972 537 1029 Deus
562 988 775 1029 summa
810 989 908 1029 sua
942 972 1281 1042 providentia
1312 988 1436 1027 cum
1470 972 1813 1028 naturalibus
1845 974 1965 1027 aui-

395 1079 499 1119 mte
540 1080 738 1134 opera,
767 1074 822 1118 et
857 1063 1096 1118 vicissim
1132 1078 1256 1119 cum
1290 1066 1486 1119 auimze
1519 1064 1776 1133 operibus
1810 1072 1968 1117 natu-

396 1155 533 1210 ralia
561 1157 865 1226 conjunxit.
896 1154 1166 1222 Quoniam
1203 1155 1349 1210 enim
1382 1155 1577 1223 ejectio
1620 1155 1966 1223 reliquiarum

396 1247 504 1302 cibi
539 1255 595 1300 et
625 1247 896 1316 potionis,
931 1246 1231 1316 depellendi
1266 1247 1535 1302 facultatis
1568 1258 1681 1314 ost,
1718 1261 1837 1317 quae
1864 1261 1967 1300 uua

395 1346 479 1392 est
510 1337 578 1391 de
604 1337 941 1392 naturalibus
969 1338 1177 1392 viribus
1199 1380 1213 1403 ,
1249 1352 1314 1392 ne
1345 1347 1539 1409 pra‘ter
1567 1339 1885 1394 electionem
1916 1345 1970 1392 et

398 1429 729 1485 voluntatem
778 1438 1020 1485 nostram
1074 1429 1276 1500 aliquid
1331 1431 1583 1487 indecore
1625 1444 1886 1502 agamus,
1922 1429 1969 1484 si

397 1522 520 1589 vel,
553 1523 646 1578 ubi
695 1538 802 1578 non
855 1532 1100 1594 oportet.
1149 1523 1265 1589 vel,
1299 1526 1516 1593 quando
1569 1539 1674 1578 non
1726 1529 1966 1592 oportet,

398 1613 517 1679 vel,
549 1614 601 1668 iu
634 1615 830 1683 quibus
860 1628 964 1668 non
996 1623 1245 1683 oportet,
1281 1629 1672 1681 excernumus,
1703 1615 1969 1684 ianitores

397 1708 658 1775 quosdam
710 1705 953 1774 praefecit
1000 1705 1407 1773 depulsionibns
1465 1706 1738 1762 musculos
1791 1715 1847 1761 et
1894 1705 1967 1760 ita

2067 515 2168 585 μὲν
2196 517 2287 570 ἐπὶ
2308 517 2378 570 τά
2402 517 2569 582 ἔνδον,
2604 518 2704 589 τὴν
2731 519 2787 572 δὲ
2825 519 2918 573 ἐπὶ
2943 520 3013 573 τὰ
3040 518 3167 586 ἔξω.
3188 518 3328 573 Ὅσα
3355 520 3534 574 τοίνυν
3565 521 3652 577 διά

2064 607 2272 678 νεύρων
2305 610 2400 661 καὶ
2427 608 2578 679 μυῶν
2599 611 2850 675 κινεῖται,
2873 610 3045 665 ταῦτα
3090 610 3270 664 πάντα
3304 611 3511 682 ψυχικά
3539 613 3648 686 I25)

2063 699 2126 753 τέ
2159 701 2276 753 ἐστι
2312 701 2408 756 καὶ
2451 701 2594 755 κατά
2624 702 2943 773 προαίρεσιν
2965 703 3306 757 ἀποτελεῖται
3340 704 3472 775 ('26).

2137 791 2357 844 Τούτων
2396 792 2454 845 δὲ
2503 794 2597 846 καὶ
2614 791 2725 863 (27)
2753 793 2850 857 τὰς
2890 793 3171 866 αἰσθήσεις
3219 794 3310 848 καὶ
3338 794 3435 866 τὴν
3469 796 3653 869 φωνὴν

2066 880 2352 952 ἐδείξαμεν
2404 878 2565 936 εἶναι.
2606 881 2756 953 Αὕτη
2793 885 2889 954 μὲν
2932 881 3025 938 οὖν
3075 887 3222 939 ἐστιν
3252 889 3285 955 ή
3320 887 3460 940 κατὰ
3495 887 3652 957 λόγον

2066 972 2174 1025 τῶν
2206 989 2266 1025 τε
2299 972 2544 1043 ψυχικῶν
2579 974 2672 1026 καὶ
2708 973 2951 1042 φυσικῶν
2978 973 3155 1045 ἔργων
3182 975 3491 1044 διάγνωσις.
3521 979 3651 1031 Ὀδὲ

2067 1066 2409 1137 Δημιουργὸς
2438 1064 2581 1118 κατά
2603 1064 2700 1136 τὴν
2724 1064 2900 1135 ἀκραν
2932 1065 3125 1119 ἐαυτοῦ
3157 1068 3498 1138 προμήθειαν
3524 1086 3644 1123 συν-

2069 1154 2260 1222 ἐπλεξε
2314 1159 2428 1219 τοῖς
2486 1159 2737 1224 φυσικοῖς
2786 1155 2854 1209 τά
2902 1155 3112 1226 ψυχικά
3140 1197 3154 1221 ,
3210 1160 3305 1212 καὶ
3360 1160 3648 1214 ἀνάπαλιν.

2082 1247 2299 1319 Ἐπειδὴ
2332 1248 2441 1318 γὰρ
2471 1248 2505 1318 ὴ
2536 1246 2782 1320 ἔκκρισις
2803 1247 2910 1302 τῶν
2940 1250 3366 1319 περιττωμάτων
3387 1251 3525 1323 (28).
3549 1251 3653 1321 τῆς

2068 1339 2431 1411 ἀποκριτικῇ
2476 1340 2592 1392 ἐστι
2626 1339 2928 1409 δυνάμεως,
2957 1340 3080 1411 ἥτις
3128 1342 3225 1411 μία
3265 1342 3373 1395 τῶν
3404 1344 3652 1411 φυσικῶν

2069 1433 2185 1485 ἐστι
2238 1431 2522 1502 δυνάμεων
2550 1430 2685 1501 (29),
2734 1431 2820 1484 ἵνα
2865 1432 2939 1503 μὴ
2982 1433 3360 1504 ἀπροαιρέτως
3403 1435 3649 1506 ἀσχημο-

2069 1523 2270 1595 νῶμεν,
2299 1522 2428 1577 ἔνθα
2458 1524 2519 1575 οὐ
2551 1522 2649 1584 δεῖ,
2682 1523 2773 1576 καὶ
2804 1524 2893 1575 ὅτε
2927 1524 2989 1577 οὐ
3023 1523 3122 1589 δεῖ,
3156 1525 3250 1578 καὶ
3281 1527 3364 1595 ἐφ’
3388 1521 3462 1579 ὧν
3486 1528 3546 1580 οὐ
3572 1527 3654 1581 δεῖ

2070 1614 2384 1686 προϊέμενοι
2409 1613 2548 1685 (50),
2583 1612 2870 1685 πυλωρούς
2899 1630 3052 1678 τινας
3091 1614 3357 1685 ἐπέστησε
3396 1620 3517 1679 ταῖς
3562 1618 3650 1669 ἐκ·

2070 1706 2289 1777 κρίσεσι
2319 1707 2444 1769 τοὺς
2483 1704 2610 1776 μῦς,
2638 1705 2735 1758 καὶ
2759 1705 2930 1770 οὕτως
2960 1706 3184 1776 ἐποίησε
3222 1706 3289 1760 τὰ
3314 1708 3411 1778 τῆς
3436 1709 3653 1778 φύσεως

398 1809 605 1852 naturae
639 1812 800 1866 opera
824 1838 839 1863 ,
870 1807 929 1851 ut
960 1798 1154 1854 anima;
1188 1808 1369 1854 essent
1391 1839 1406 1865 ,
1441 1798 1637 1855 eﬂecit.
1666 1797 1799 1852 Nam
1831 1800 1970 1852 hanc

2077 1772 2207 1867 ἔργα
2247 1772 2618 1869 ψυχικάίΤάς
2653 1797 2783 1865 γοῦν
2819 1772 3116 1868 ἐκκρίσεις-
3141 1772 3477 1869 ἐπέχειν-διά
3498 1801 3654 1853 τοῦτο

399 1891 469 1946 ob
518 1905 738 1946 causam
797 1900 852 1945 et
900 1906 1044 1959 smpe
1095 1901 1149 1945 et
1191 1894 1279 1946 ditt
1328 1893 1599 1947 sustinere
1632 1890 1971 1961 depulsioues

2077 1885 2350 1957 δυνάμεθα
2376 1886 2513 1957 (51),
2547 1886 2641 1941 καὶ
2679 1885 2959 1951 πολλάκις,
2992 1887 3087 1940 καὶ
3130 1886 3221 1940 ἐπὶ
3268 1884 3420 1941 πολύ.
3464 1890 3650 1942 Κατα-

399 1996 713 2052 possumus.
755 1981 1118 2035 Demittuutur
1152 1991 1330 2036 autem
1361 1983 1659 2037 sentientes
1689 1989 1743 2036 et
1782 1979 1971 2035 molles

2077 1978 2354 2048 πέμπεται
2393 1977 2451 2032 δὲ
2507 1978 2574 2031 τά
2624 1978 2722 2050 μὲν
2778 1978 3071 2049 αἰσθητικά
3106 1980 3199 2032 καὶ
3237 1979 3455 2050 μαλακά
3488 1981 3655 2053 νεῦρα

403 2073 555 2128 nervi
601 2088 630 2127 a
664 2072 841 2126 medio
875 2081 928 2124 et
961 2073 1323 2128 anteriorihus
1370 2073 1689 2128 ventriculis
1720 2072 1968 2127 cerebri:

2077 2070 2179 2123 ἀπό
2217 2085 2281 2120 τε
2324 2068 2425 2137 τῆς
2477 2068 2647 2137 μέσης
2695 2067 2790 2121 κα)¹
2833 2066 2941 2120 τῶν
2982 2067 3289 2139 ἔμπροσθεν
3325 2070 3540 2123 κοιλιῶν
3560 2070 3651 2124 τοῦ

398 2165 648 2220 duriores
705 2178 837 2218 vero
878 2173 932 2218 et
982 2164 1035 2217 in
1083 2163 1280 2233 quibus
1325 2165 1572 2219 movendi
1618 2165 1697 2219 vis
1731 2164 1906 2229 inest,
1942 2179 1972 2218 a

2077 2160 2408 2230 ἐγκεφάλου⁸
2462 2159 2530 2213 τά
2581 2161 2637 2212 δέ
2704 2159 3040 2231 σκληρότερα
3097 2163 3189 2214 καὶ
3241 2164 3494 2233 κινητικὰ
3521 2164 3654 2233 (52),

397 2267 674 2326 postremo
749 2254 1053 2312 ventriculo
1106 2265 1159 2310 et
1216 2257 1360 2312 dorsi
1415 2256 1667 2311 medulla.
1736 2256 1842 2311 Sed
1877 2256 1975 2311 du-

2077 2253 2181 2306 άπὺ
2226 2253 2322 2322 τῆς
2354 2250 2576 2304 ὄπισθεν
2607 2250 2819 2315 κοιλίας
2869 2251 2963 2305 καὶ
3000 2251 3093 2305 τοῦ
3147 2253 3397 2307 νωτιαίου
3421 2254 3617 2325 μυελοῦ
3638 2271 3650 2285 ·

399 2348 571 2404 riores
633 2355 786 2415 sunt,
842 2346 933 2417 qui
965 2360 1029 2402 ex
1068 2346 1478 2403 dorsi-medulla
1501 2387 1517 2413 ,
1554 2359 1608 2403 et
1658 2348 1709 2402 in
1745 2347 1831 2402 his
1859 2363 1974 2401 ma-

2078 2344 2423 2415 σκληρότερα
2456 2342 2512 2396 δὲ
2559 2342 2756 2414 μᾶλλόν
2793 2344 2910 2396 ἐστι
2941 2342 3009 2396 τά
3040 2346 3103 2397 ἐκ
3133 2344 3225 2397 τοῦ
3266 2347 3537 2413 νωτιαίου,
3564 2349 3656 2401 καὶ

401 2440 546 2494 xime
568 2478 584 2504 ,
615 2438 706 2508 qui
739 2452 807 2492 ex
834 2436 1184 2493 inferioribus
1208 2439 1325 2507 ejus
1351 2439 1594 2509 partibus
1619 2438 1975 2509 proﬁciscun-

2077 2436 2276 2490 τούτων
2307 2434 2362 2489 δὲ
2394 2434 2474 2488 ἔτι
2499 2436 2719 2506 μᾶλλον,
2757 2434 2827 2489 τὰ
2865 2437 2929 2489 ἐκ
2956 2437 3063 2489 τῶν
3086 2437 3329 2491 κάτωθεν
3357 2440 3538 2510 μερῶν
3563 2440 3655 2494 τοῦ

402 2544 510 2589 tur.
558 2533 679 2601 Quo
720 2535 863 2590 enim
888 2535 1078 2604 _magis
1128 2533 1366 2590 abscedit
1414 2544 1443 2587 a
1482 2533 1707 2589 cerebro
1741 2532 1976 2588 medulla

2078 2527 2331 2581 νωτιαίου
2351 2525 2489 2598 (55).
2525 2528 2675 2599 Ὀσῳ
2704 2528 2813 2600 γὰρ
2856 2528 3016 2582 πλέον
3068 2530 3348 2600 ἀποχωρεῖ
3378 2530 3473 2584 τοῦ
3504 2534 3657 2600 ἐγκε-

401 2626 588 2693 dorsi,
621 2641 684 2681 eo
715 2640 836 2681 cum
872 2627 989 2697 ipsa
1022 2627 1082 2681 tit
1108 2627 1313 2689 durior,
1343 2634 1455 2681 tum
1485 2625 1665 2690 nervi,
1697 2628 1786 2695 qui
1818 2642 1884 2681 ex
1912 2639 1976 2681 ea

2079 2619 2246 2689 φάλου
2263 2616 2435 2687 .118
2453 2618 2481 2669 ὁ
2514 2621 2780 2683 νωτιαῖος,
2809 2618 3048 2691 τοσούτῳ
3074 2618 3234 2672 πλέον
3264 2618 3375 2691 (54)
3407 2622 3569 2685 αὐτός
3598 2639 3658 2677 τε

406 2731 725 2775 nascuntur.
753 2718 909 2774 Sicut
934 2731 1114 2774 autem
1145 2733 1338 2773 sensus
1374 2718 1617 2787 duplices
1644 2719 1973 2787 accepimus,

2080 2710 2443 2781 σκληρότερος
2466 2709 2698 2777 γίνεται,
2731 2710 2827 2762 καὶ
2861 2710 2930 2763 τά
2957 2708 3123 2781 νεῦρα
3157 2710 3224 2763 τὰ
3242 2709 3302 2774 ἐξ
3340 2710 3502 2764 αὐτοῦ
3528 2711 3657 2779 φυό-

401 2810 483 2863 sic
509 2818 687 2864 ortum
738 2823 1028 2863 nervorum
1084 2808 1353 2877 duplicem
1406 2807 1690 2862 habemus.
1739 2807 1976 2877 Quaeque

2081 2818 2237 2874 μενα.
2275 2799 2487 2871 Ὥσπερ
2536 2798 2593 2852 δὲ
2624 2800 2723 2864 τάς
2775 2802 3059 2872 αἰσθήσεις
3114 2801 3305 2866 διπλᾶς
3359 2802 3651 2872 ἐλάϐομεν,

396 2902 546 2956 enim
585 2900 834 2956 medulla
860 2900 1009 2954 dorsi
1060 2901 1309 2955 vertebra
1366 2898 1799 2968 coniugationem
1853 2912 1976 2951 ner-

2077 2896 2217 2949 οὖτω
2246 2892 2342 2947 καὶ
2369 2891 2467 2954 τὰς
2513 2891 2771 2959 ἐκφύσεις
2815 2893 2924 2945 τῶν
2955 2893 3160 2964 νεύρων
3200 2894 3390 2958 διπλᾶς
3437 2893 3646 2964 ἔχομεν.

404 3007 601 3047 verum
635 2992 878 3047 emittit:
928 2991 1083 3062 cujus
1111 2991 1281 3046 altera
1331 2989 1397 3045 ad
1443 2986 1976 3058 dextram-corporis

2081 2987 2351 3050 Ἕκαστος
2382 2981 2491 3055 γὰρ
2546 2984 2836 3053 σφόνδυλος
2857 2985 2970 3055 (55)
2992 2986 3085 3039 τοῦ
3117 2986 3363 3040 νωτιαίου
3395 2984 3648 3054 συζυγίαν

407 3095 619 3154 partem
654 3083 860 3150 tendit,
891 3082 1060 3138 altera
1089 3082 1156 3137 ad
1203 3082 1413 3137 laevam.
1445 3079 1583 3137 Fere
1629 3081 1774 3136 enim
1808 3090 1975 3136 totum

2081 3079 2356 3151 ἐκπέμπει
2385 3074 2615 3151 νεύρων,
2650 3070 2717 3149 ἦς
2751 3077 2812 3130 τὸ
2844 3078 2943 3148 μὲν
2972 3078 3064 3131 ἐπὶ
3110 3078 3179 3133 τὰ
3217 3076 3361 3146 δεξιά
3389 3077 3527 3149 μέρη
3555 3075 3652 3130 τοῦ

404 3191 602 3245 corpus
653 3185 898 3232 nostrum
948 3174 1002 3230 in
1044 3177 1151 3231 duo
1199 3175 1430 3231 divisum
1478 3181 1561 3230 est
1599 3213 1615 3239 ,
1650 3173 1703 3228 in
1729 3172 1976 3229 dextrum

2086 3170 2340 3242 σώματος
2371 3169 2561 3243 χωρεῖ,
2595 3166 2822 3240 θάτερον
2864 3167 2921 3221 δὲ
2965 3171 3058 3222 ἐπὶ
3093 3170 3163 3224 τά
3219 3168 3482 3240 ἀριστερά
3521 3166 3655 3237 (56).

404 3279 461 3324 et
491 3270 704 3324 laevum.
734 3269 826 3323 Sic
857 3278 913 3324 et
946 3267 1109 3337 pedes
1147 3276 1203 3323 et
1235 3281 1427 3323 manus
1455 3276 1510 3321 et
1556 3264 1808 3338 quodque
1852 3264 1976 3321 reli-

2084 3260 2278 3333 Σχεδὸν
2320 3261 2430 3333 γὰρ
2471 3261 2591 3323 ὅλον
2634 3259 2792 3334 ἡμῶν
2816 3259 2881 3317 τὸ
2903 3259 3058 3330 σῶμα
3084 3263 3162 3324 εἰς
3189 3260 3282 3313 δύο
3314 3259 3658 3331 μεμέρισται,

407 3374 637 3430 quorum
657 3400 672 3426 ,
705 3361 1160 3430 quemadmodum
1196 3369 1252 3415 et
1287 3360 1645 3415 instrumenta
1678 3357 1975 3424 sentiendi,

405 3456 594 3510 dextra
618 3495 634 3522 ,
670 3453 911 3522 laevaque
941 3452 1269 3522 accepimus.

980 3623 1135 3679 CAP.
1179 3623 1408 3680 XXVIII.

957 3713 1031 3770 De
1070 3716 1432 3785 respiratione.

478 3806 783 3876 Respiratio
822 3807 985 3862 etiam
1030 3822 1095 3862 ex
1137 3807 1332 3863 anima:
1370 3809 1685 3866 muneribus
1718 3825 1979 3868 numera-

2083 3356 2164 3418 είς
2211 3353 2362 3421 δεξιά
2410 3355 2504 3408 καὶ
2556 3356 2819 3428 ἀριστερά
2847 3355 2981 3428 (57).
3014 3353 3172 3411 Οὕτω
3228 3353 3321 3409 καὶ
3366 3352 3524 3417 πόδες
3571 3352 3656 3406 καὶ

2081 3448 2264 3518 χεῖρες
2289 3446 2384 3500 καὶ
2409 3444 2520 3500 τῶν
2552 3445 2727 3502 ἄλλων
2759 3448 3009 3513 ἕκαστον,
3044 3453 3120 3512 ὡς
3144 3449 3238 3502 καὶ
3271 3447 3380 3502 τῶν
3404 3447 3667 3519 αἰσθητη-

2122 3537 2235 3592 ίων.

2084 3556 2235 3609 ριων.

2623 3632 2782 3686 ΚΕΦ.
2822 3633 2938 3686 KH'
2972 3631 3107 3702 (‘58).

2609 3723 2751 3794 Περὶ
2800 3723 3114 3793 ἀναπνοῆς

2151 3812 2262 3867 Kal.
2296 3814 2330 3884 ἡ
2357 3812 2601 3886 ἀναπνοὴ
2637 3814 2695 3868 δέ
2723 3813 2833 3869 τῶν
2862 3814 3107 3885 ψυχικῶν
3135 3816 3285 3866 ἐστιν
3317 3812 3494 3885 ἔργων
3528 3808 3661 3882 (59).

1601 3963 1760 4022 VAR.
1801 3962 2002 4023 LECT.
2042 3962 2133 4023 ET
2171 3964 2502 4025 ANIMADV.

478 4126 592 4192 (9.6)
621 4124 735 4179 Kal
767 4124 883 4198 τὴν
929 4126 1121 4196 ὶγνῦν.
1172 4124 1318 4198 Loco
1352 4128 1447 4182 καὶ
1480 4128 1581 4198 τήν
1610 4139 1698 4182 est
1742 4130 1971 4198 spatium

404 4212 673 4322 xncgum;
712 4196 930 4253 exhibet
962 4206 1143 4252 autem
1171 4197 1344 4265 ἰγνύν,
1368 4200 1502 4254 ΑΛ.
1535 4196 1645 4251 Καὶ
1667 4196 1969 4270 τὴνΊγνύν,

404 4302 590 4463 ζ’(ἓέῑ)
628 4336 819 4392 Ταῦτα
839 4337 1039 4393 πάντα
1061 4335 1316 4408 ψυχικοί.
1345 4336 1532 4392 Πάντα
1561 4336 1736 4393 ταῦτα
1754 4338 1979 4409 ψυχικά,

405 4549 516 4606 rec.
565 4549 617 4603 In
660 4563 828 4616 marg.
879 4560 1131 4618 tanquam
1174 4551 1335 4603 verba
1383 4561 1561 4603 textus
1605 4549 1786 4602 addita
1830 4557 1976 4612 sunt,

405 4620 544 4691 πλὴν
573 4619 673 4690 τῆς
696 4617 997 4691 ἀναπνοῆς,
1024 4618 1090 4673 Ι).
1115 4621 1168 4673 1.
1202 4620 1352 4674 Cono
1384 4619 1496 4674 lucc
1521 4618 1770 4685 reddidit,
1797 4627 1844 4671 et
1875 4619 1979 4671 ele-

405 4690 577 4744 ctione
600 4690 844 4758 prwdt'la.

479 4754 610 4829 (27)
635 4759 867 4829 Τούτων
882 4756 951 4829 δὲ
967 4756 1089 4829 καί.
1122 4756 1233 4829 Καί
1259 4756 1441 4829 abest,
1462 4754 1523 4829 Ι).
1562 4758 1613 4812 I.
1643 4757 1810 4813 Paulo
1834 4766 1977 4828 post,

408 4825 699 4893 συνέπλεξε
729 4830 844 4890 τοῖς
872 4826 1120 4897 ψυχικοῖς
1145 4825 1216 4897 τά
1246 4825 1470 4897 φυσικά,
1496 4827 1562 4880 Α.
1590 4830 1658 4882 ’5.⁸

479 4895 1094 4970 (28)]1ῳιττωμάτων.
1152 4895 1603 4970 ῌεριττομένων.
1650 4895 1760 4961 Sic,
1788 4896 1886 4970 _M.

406 4964 605 5038 Supra,
640 4964 760 5037 pars.
805 4964 929 5031 “5,
975 4969 1121 5038 iuit._
1147 4964 1341 5038 similis
1380 4964 1477 5038 est?
1494 4968 1749 5038 varietas.
1788 4967 1978 5021 Proxi-

407 5035 575 5110 mam,
598 5035 724 5110 ante
755 5036 1219 5110 hanc,_ueriodum
1245 5035 1570 5110 _l$lle_bodius
1598 5052 1662 5092 ex
1695 5046 1844 5110 parte
1878 5038 1978 5090 duo

406 5107 529 5177 plici
584 5108 744 5160 modo
788 5108 1040 5162 reddidit.
1088 5104 1412 5177 Oxoniensis
1462 5120 1592 5176 ergo
1638 5104 1979 5177 editor-ipost

400 5176 702 5249 probabitis,
723 5176 902 5249 otnisit
937 5176 1214 5249 ubiquod
1250 5176 1426 5232 loreum
1464 5192 1570 5231 non
1603 5177 1786 5233 habet.
1817 5176 1978 5232 Forte

409 5245 587 5300 tamen
631 5245 933 5302 Ellchodius
972 5248 1230 5301 voluitet.

481 5314 592 5387 (9.9}
630 5315 790 5370 Ἐστι
827 5316 1157 5387 δυνάμεων.
1213 5314 1506 5387 Δυνάμεὼν
1554 5317 1700 5370 ἐστιν
1725 5357 1740 5379 ,
1795 5316 1858 5370 Α.
1918 5315 1974 5369 2.

417 5384 586 5458 Ἐστι,
619 5395 732 5458 post
790 5386 890 5457 μία
938 5384 1203 5458 habetA.
1235 5384 1288 5442 5.
1320 5384 1405 5458 Αἰ)
1432 5388 1553 5457 ἥτις
1583 5388 1650 5443 ad
1695 5386 1978 5458 δυνάμεων

401 5457 575 5520 abest,
605 5457 739 5511 Con.
780 5456 923 5523 Mox,
955 5457 1016 5511 οὐ
1049 5456 1127 5511 δεῖ
1158 5457 1358 5511 omittit
1384 5456 1531 5511 Α.ί5.

476 5527 588 5598 (50)
625 5529 806 5584 Ἔνθα
848 5532 921 5584 οὺ
954 5528 1046 5582 δεῖ
1076 5557 1142 5567 -
1167 5526 1521 5598 προϊέμενοι.
1555 5525 1654 5598 Ubi
1696 5526 1980 5579 honestate

403 5610 540 5664 opus
573 5608 654 5651 est
693 5610 746 5652 et
777 5599 863 5654 ιιιή
908 5615 1011 5654 non
1038 5602 1211 5662 decet,
1248 5597 1581 5661 omittamus,
1616 5597 1753 5664 (Ion.

476 5664 589 5738 (5|)
625 5668 727 5721 Διὰ
752 5671 969 5725 τούτου
996 5668 1319 5738 δυνάμεθα.
1361 5666 1459 5738 ᾼιά
1486 5666 1650 5738 τοῦτο
1679 5662 1976 5738 δυνάμεθα,

406 5734 545 5802 ΔΑ,
570 5734 645 5803 ’5;
674 5738 733 5794 Ι).
777 5745 828 5808 1,
860 5743 929 5795 Μ.
968 5741 1019 5798 I.
1050 5734 1161 5795 Aut
1185 5736 1271 5792 διὰ
1301 5736 1478 5803 τοῦτο,
1511 5746 1601 5791 aut
1632 5735 1719 5791 διὰ
1751 5734 1974 5804 τούτων,

456 4447 591 4551 ’(έθῄ)
629 4476 793 4532 Κατὰ
828 4478 1180 4547 προαίρεσιν
1212 4478 1609 4534 ἀποτελεῖται.
1658 4477 1754 4551 liis
1776 4493 1804 4530 a
1836 4493 1978 4531 man.
2015 4465 2064 4524 D

2082 4129 2134 4184 id
2179 4141 2285 4203 est,
2318 4130 2488 4203 μυῶν,
2530 4132 2828 4203 legendum.
2865 4130 3033 4203 Ceno,
3080 4145 3191 4203 per:
3212 4130 3332 4187 hos.
3380 4129 3555 4191 Valla,
3587 4124 3655 4182 oh

2091 4211 2214 4274 uoc_.
2227 4200 2356 4274 Mox
2368 4242 2382 4265 ,
2400 4200 2760 4274 ἐμπροσθίων
2788 4200 3032 4274 κοιλιῶν,Δ
3064 4203 3140 4274 Α.
3162 4200 3216 4274 5.

2160 4270 2274 4407 (5Ξ)
2303 4273 2414 4325 Καὶ
2434 4270 2725 4339 κινὴτικὰ.
2750 4274 2818 4325 Ἢ
2844 4270 3059 4342 κινητὰ,
3100 4271 3168 4324 Μ.
3207 4270 3258 4323 I.

2183 4341 2273 4406 55)
2305 4340 2415 4395 Kal
2452 4345 2678 4396 τούτων
2730 4340 2799 4394 δὲ
2845 4340 2932 4395 ἔτι
2963 4372 3034 4381 —
3070 4356 3258 4394 νωτιαι

2183 4341 2273 4406 55)
2305 4340 2415 4395 Kal
2452 4345 2678 4396 τούτων
2730 4340 2799 4394 δὲ
2845 4340 2932 4395 ἔτι
2956 4339 3034 4381 ⁷-
3070 4340 3368 4395 νωτιαίου.
3426 4339 3655 4406 Absunt,

2092 4409 2368 4484 νδίΕ-,Μςιι
2395 4412 2517 4484 δσρν
2549 4413 2679 4484 γάρς
2715 4411 2831 4484 loco
2861 4413 2971 4484 δειρ
2994 4411 3123 4484 γᾴρ,
3159 4412 3223 4484 Ας
3254 4410 3307 4484 .5-

2158 4480 2271 4549 (54)
2309 4478 2577 4548 Τοσούτῳ
2624 4478 2834 4536 πλέον.
2885 4478 3133 4549 Τοσοῦτοί
3167 4480 3347 4549 πλέον,
3408 4479 3469 4532 Δ.
3522 4478 3577 4541 2,
3603 4478 3655 4532 5.

2086 4547 2499 4673 Μιῖκὺέῗφῦὂσῗις
2543 4547 2794 4627 reddidit,
2828 4565 3066 4618 naturas,
3092 4548 3232 4604 Vall.
3273 4548 3467 4612 Φύσεις
3497 4551 3656 4601 etiam

2086 4635 2148 4673 ex
2174 4637 2206 4671 ιι
2251 4636 2280 4673 e
2385 4659 2399 4671 .

2084 4630 2302 4674 extubet
2327 4630 2399 4673 Μ.

2157 4689 2267 4759 (55⁸
2302 4689 2674 4759 Σφόνδυλος.
2715 4689 2827 4750 Sic,
2859 4694 3041 4754 credo,
3081 4701 3265 4752 antea;
3309 4704 3447 4744 nunc
3484 4704 3512 4740 a
3546 4703 3652 4741 rec.

2085 4758 2296 4825 σπόνδ.,
2328 4758 2390 4812 υ.
2420 4760 2469 4812 1.
2499 4759 2816 4822 Σπόνδυλος,
2844 4759 2912 4813 Μ.
2947 4760 2997 4823 l,
3023 4763 3084 4815 A.
3112 4760 3164 4812 5.
3194 4759 3496 4822 Spondilus,
3520 4760 3652 4812 Con.

2097 4827 2363 4892 Vertebra,
2391 4827 2527 4881 Vall.
2553 4829 2671 4883 Mox
2714 4831 2904 4883 vitiose
2930 4828 3185 4889 vortaiou.
3218 4829 3277 4881 ι).
3326 4831 3372 4883 1.

2156 4898 2270 4966 (56)
2293 4899 2536 4967 ’Ἕτερον
2572 4898 2640 4951 δὲ
2673 4899 2774 4953 ἐπὶ
2805 4900 2876 4952 τὰ
2904 4898 3205 4966 ἀριστερά.
3238 4898 3496 4968 Θάτερον,
3540 4897 3655 4948 loco

2084 4968 2290 5091 ξτιίροῦ,
2308 4969 2441 5092 151.2,
2471 4970 2524 5036 ὃς
2550 4970 2609 5025 D.
2635 4970 2685 5022 i.
2710 4970 2818 5034 Sic,
2839 4973 2932 5024 sed
2945 4972 3144 5024 omisso
3170 4968 3374 5032 rd,0a‘.
3396 4969 3507 5032 Εἰς,
3541 4970 3656 5020 Ιυυο

2115 5056 2155 5091 π
2181 5079 2195 5092 .
2286 5078 2298 5090 .
2374 5080 2388 5092 .

2115 5056 2195 5096 πι.
2230 5056 2298 5091 Μ.
2336 5056 2388 5094 1.

2154 5108 2268 5179 (57)
2301 5112 2403 5177 Είς
2445 5109 2613 5174 δεξιὰ
2662 5107 2968 5179 ἀριστερά.
3008 5109 3125 5179 Εῖς,
3187 5118 3312 5162 ante
3368 5106 3654 5179 ἀριστερά,

2086 5178 2327 5234 οὐαὶιΑ.
2374 5182 2430 5234 2.
2481 5180 2622 5243 Mox,
2671 5179 2786 5244 καί,
2827 5190 2952 5233 ante
2989 5178 3168 5241 πόδες,
3198 5178 3542 5232 οιηίιιίιυι.
3601 5179 3654 5230 lu

2084 5249 2206 5322 επις
2218 5250 2416 5322 capitis
2442 5249 2766 5322 αἰσθήσεων,
2796 5251 2912 5304 loco
2947 5247 3336 5322 αἰσθητηρίων,
3360 5247 3429 5302 Μ.
3448 5247 3515 5322 _l.

2154 5266 2192 5301 ne
2225 5266 2416 5319 captus
2442 5266 2766 5322 αισοησεων,
2796 5266 2912 5304 loco
2947 5266 3336 5372 αισυητιὶριων,
3360 5266 3429 5302 tu.
3462 5266 3515 5299 ι.

2154 5317 2264 5390 (58)
2296 5319 2427 5390 Cap.
2454 5321 2546 5374 28.
2580 5322 2740 5375 Index
2783 5322 2949 5381 idem,
2985 5321 3052 5390 Α,
3087 5320 3141 5390 5.
3194 5320 3343 5390 dem,
3366 5319 3459 5390 sed
3494 5326 3655 5390 t‘_apul.

2083 5384 2189 5453 κζ’,
2213 5384 2277 5442 AL
2311 5384 2459 5453 l,'D.
2488 5391 2539 5445 l.
2581 5390 2673 5444 Sic
2705 5406 2734 5443 a
2761 5400 2965 5443 recent.
3013 5389 3122 5442 Sed
3168 5394 3277 5457 κη’,
3323 5386 3477 5457 mg.
3514 5384 3655 5457 Loro

2084 5474 2190 5527 κεφ
2250 5471 2333 5513 est
2357 5459 2532 5528 λόγος,
2560 5460 2628 5513 Μ.
2661 5461 2711 5515 I.
2743 5459 2818 5514 De
2847 5460 3210 5524 respiratione,
3232 5456 3357 5525 ’cap.
3391 5456 3478 5509 27.
3521 5456 3654 5511 Volt.

2084 5528 2231 5582 Cano
2273 5527 2459 5596 incipd
2495 5531 2612 5598 libri
2645 5547 2696 5583 Iv
2730 5546 2848 5598 Cap.
2886 5529 2972 5590 I9,
3009 5529 3084 5580 De
3107 5530 3152 5580 vi
3190 5527 3520 5598 respirativu.

2117 5604 2125 5613 '
2157 5597 2582 5669 (59)Ψυχικῶν
2630 5597 2807 5653 ἐστινι
2845 5599 3041 5669 ἔργον.
3067 5598 3208 5666 Ψυχ.
3253 5598 3419 5669 ἐστιν·
3457 5597 3653 5669 gmw",

2085 5663 2260 5721 Α.’·ὶ.’
2290 5668 2361 5737 Ita
2397 5663 2653 5723 Videntur
2708 5663 2901 5737 legisse
2921 5663 3264 5722 'I'leebodius
3294 5675 3347 5721 et
3380 5663 3557 5721 Velia.
3592 5666 3644 5721 Id

2084 5737 2216 5792 mihi
2248 5736 2412 5792 etiam
2439 5739 2713 5809 probatur.
2742 5738 2882 5805 Mox,
2917 5737 3070 5809 μύες,
3115 5736 3172 5791 D.
3216 5738 3266 5791 l.
