4048 6156
476 338 576 395 751

1605 337 1883 395 NEMESII
1921 336 2228 397 EPISCOPI
2270 339 2573 398 EMESENI

3608 332 3716 388 752

475 449 729 515 quoniam
755 447 1010 516 quidquid
1037 462 1099 501 ex
1130 447 1391 504 electione
1432 448 1508 513 lit,
1538 450 1701 504 etiam
1732 460 1928 521 sponte
1954 451 2047 506 liti

2155 471 2265 508 σιον
2296 452 2430 525 (52),
2455 449 2644 521 ἐπειδὴ
2681 449 2787 503 πᾶν
2813 449 2873 503 τὸ
2901 446 3042 502 κατὰ
3070 446 3385 520 προαίρεσιν
3428 446 3522 501 καὶ
3562 413 3724 501 {xed-

478 540 583 596 Sed
612 556 715 595 non
747 551 955 603 contra,
991 554 1172 593 verum
1197 552 1298 604 est,
1333 541 1479 609 quod
1521 541 1692 607 ﬁeret,
1729 543 1772 596 si
1798 543 1937 597 idem
1956 557 2036 598 es-

475 643 559 689 set
587 643 775 703 sponte
808 630 1005 685 factum
1035 643 1087 685 et
1123 632 1314 686 electio
1340 652 1352 686 :
1381 647 1523 686 nunc
1560 647 1688 686 vero
1715 632 1875 688 latius
1901 645 2052 703 pate-

476 736 536 776 re
557 720 1029 791 deprehendimus,
1054 723 1196 789 quod
1231 733 1419 790 sponte
1440 722 1515 776 lit.
1547 720 1736 777 Omnis
1753 725 1896 777 enim
1936 723 2049 779 ele-

470 812 582 867 ctio
619 820 811 880 sponte
862 812 1175 880 suscipitur,
1227 827 1332 865 non
1369 814 1553 877 etiam,
1588 814 1847 883 quidquid
1877 829 2046 883 spon-

476 911 528 959 te
549 904 858 973 suscipitur,
883 904 1074 958 electio
1101 913 1201 957 est.
1232 902 1367 958 Nam
1403 906 1552 972 pueri
1577 915 1632 958 et
1670 905 1855 959 bestiae
1884 920 2048 975 spon-

472 1001 529 1050 te
556 996 773 1068 quidem
809 994 1034 1059 faciunt,
1066 1012 1170 1050 non
1204 1005 1383 1049 tamen
1408 996 1682 1065 eligentes.
1708 996 1774 1050 Et
1795 1012 2051 1065 quaecun-

473 1110 579 1164 que
595 1109 689 1162 per
707 1094 862 1156 iram.
887 1109 993 1148 non
1010 1093 1302 1148 deliberate
1323 1091 1568 1156 facimus,
1586 1102 1775 1160 sponte
1799 1092 2048 1157 facimus,

473 1199 541 1238 ex
571 1184 831 1237 electione
866 1198 972 1237 non
1003 1183 1151 1238 item.
1200 1182 1424 1236 Amicus
1455 1182 1618 1236 etiam
1653 1184 1920 1250 quispiam
1955 1198 2052 1236 no-

472 1274 558 1329 bis
591 1284 811 1343 repente
856 1274 1089 1338 advenit,
1123 1283 1315 1342 sponte
1342 1274 1580 1342 quidem,
1624 1273 1880 1342 quoniam
1912 1288 2051 1341 gau-

474 1364 682 1431 demus,
715 1379 826 1418 uon
860 1375 1054 1429 tamen,
1093 1372 1152 1418 ut
1184 1366 1275 1431 qui
1318 1364 1659 1435 elegerimus.
1694 1363 1759 1417 Et
1802 1362 1890 1432 qui
1917 1377 2052 1432 pra:-

474 1459 556 1507 ter
600 1452 1057 1521 exspectationem
1118 1453 1433 1507 thesaurum
1500 1454 1801 1515 iuvenerit,
1857 1462 2050 1522 sponte

473 1542 706 1609 lucrum,
755 1559 853 1599 nec
899 1545 1174 1612 opinatum
1225 1555 1421 1600 nactus
1467 1552 1571 1609 est,
1624 1558 1731 1598 non
1763 1551 1946 1598 tamen
1980 1557 2045 1598 ex

472 1632 751 1689 electione.
787 1632 972 1704 Itaque
1000 1649 1066 1689 ex
1104 1636 1355 1690 omnibus
1402 1636 1521 1691 istis
1550 1636 1909 1701 concluditur,
1942 1648 2048 1688 uou

470 1724 614 1778 idem
645 1724 827 1779 valere
859 1736 1049 1793 sponte
1076 1725 1274 1781 factum
1306 1739 1358 1782 et
1392 1727 1731 1781 electionem.
1762 1728 1843 1780 Au
1887 1725 2050 1794 igitur

472 1815 736 1882 appetitus
765 1826 849 1869 est
882 1816 1113 1872 electio?
1136 1818 1205 1871 At
1231 1833 1298 1872 ne
1335 1818 1440 1873 hoc
1469 1817 1683 1884 quidem
1723 1831 1906 1871 verum
1938 1824 2039 1869 est.

2155 545 2268 599 σιόν
2299 547 2479 608 ἑστιν;
2520 541 2657 595 Ἀλλ’
2681 541 2784 595 οὐκ
2820 538 3184 611 ἀντιστρέφει,
3213 540 3350 610 ὅπερ
3374 538 3592 607 ἐγένετο
3619 538 3720 602 ἃν,

2132 636 2197 686 -εἰ
2226 631 2421 687 ταυτὸν
2443 627 2512 701 ἦν
2546 630 2790 684 ἑκούσιον
2829 628 2924 683 καὶ
2950 627 3266 700 προαίρεσις
3286 643 3299 656 ο
3350 627 3503 697 131
3536 626 3631 681 νῦν
3661 627 3723 682 δὲ

2149 724 2243 776 ἐπὶ
2271 723 2430 776 πλέοιι
2453 721 2561 796 (55)
2584 720 2906 793 εὑρίσκομεν
2934 718 2995 771 τὸ
3018 718 3281 773 ἑκούσιον.
3307 719 3465 772 Πᾶσα
3493 718 3591 788 μὲν
3611 717 3725 789 γὰρ

2152 815 2469 887 προαίρεσις
2505 810 2749 874 ἑκούσιος
2779 810 2921 882 (54)·
2951 810 3011 862 οὐ
3051 810 3159 863 πᾶν
3194 809 3252 862 δὲ
3292 809 3355 862 τὸ
3378 808 3625 862 ἑκούσιον
3662 811 3724 861 ἑν

2153 904 2489 976 προαιρέσει.
2520 903 2628 957 Καὶ
2663 901 2771 973 γὰρ
2814 900 2886 954 τὰ
2925 898 3112 953 παιδία
3147 898 3260 970 (55)
3302 899 3396 952 καὶ
3430 898 3499 952 τά
3550 898 3727 966 ἄλογα

2152 996 2413 1058 ἑκουσίως
2448 994 2545 1066 μὲν
2586 996 2747 1058 ποιεῖ,
2781 991 2842 1045 ού
2872 990 2977 1062 μὴν
3016 990 3111 1044 καὶ
3147 988 3575 1060 προαιρούμενα.
3613 987 3729 1040 Καὶ

2151 1089 2251 1140 ὅσα
2277 1086 2333 1138 δὲ
2363 1083 2450 1138 διὰ
2481 1082 2648 1154 θυμὸν
2675 1081 2788 1151 (56)
2823 1080 3135 1152 πράττομεν
3156 1118 3172 1143 ,
3208 1077 3282 1148 μὴ
3320 1075 3731 1148 προϐουλευσα-

2157 1193 2307 1249 μενοι
2345 1175 2482 1248 (57),
2520 1173 2695 1227 ταῦτα
2737 1172 2998 1235 ἑκουσίως
3050 1169 3148 1241 μὲν
3191 1168 3481 1237 ποιοῦμεν,
3513 1168 3575 1221 ού
3617 1167 3729 1239 μὴν

2152 1271 2249 1322 κα)⁵
2278 1266 2418 1321 κατά
2457 1265 2770 1338 προαίρεσιν
2805 1263 2939 1332 (58).
2995 1260 3156 1314 Ἀλλά
3199 1261 3294 1314 καὶ
3333 1262 3363 1313 6
3399 1260 3553 1330 φίλος
3592 1261 3730 1332 ἡμῖν

2152 1359 2411 1429 ἐξαίφνης
2436 1358 2671 1427 ἑπέσττγ
2698 1353 2962 1417 ἑκουσίως
2990 1353 3110 1425 μὲν,
3136 1351 3212 1416 ὡς
3234 1350 3456 1422 ἥδεσθαι
3478 1367 3493 1383 ο
3524 1351 3586 1404 οὐ
3620 1350 3731 1422 μὴν

2152 1451 2207 1505 δὲ
2244 1467 2330 1505 πρ·
2351 1448 2647 1521 ῃρημένοις
2692 1448 2825 1519 (59).
2856 1445 2967 1500 Kal
2994 1447 3024 1500 6
3069 1444 3345 1517 θησαυρὸν
3381 1444 3731 1516 ἀπροσδοκή-

2151 1558 2259 1604 τως
2306 1539 2503 1611 εὑρὼν,
2547 1538 2807 1601 ἑκουσίως
2856 1536 2955 1608 μὲν
3007 1535 3220 1607 ἑρμαίῳ
3274 1534 3611 1607 περιέτυχεν,
3663 1534 3731 1587 οὐ

2153 1629 2602 1702 προαιρουμένως
2633 1628 2743 1699 (40)
2773 1628 2851 1682 δέ.
2907 1628 3004 1681 Ἐκ
3036 1627 3252 1681 πάντων
3284 1621 3378 1678 οὖν
3409 1625 3734 1693 συνάγεται,

2152 1722 2213 1774 τὸ
2248 1721 2322 1791 μὴ
2352 1719 2544 1775 ταυτὸν
2582 1714 2721 1772 εῖναι
2762 1718 2825 1771 τὸ
2850 1717 3096 1773 ἑκούσιον
3120 1718 3186 1786 τῇ
3227 1714 3566 1787 προαιρέσει.
3597 1708 3728 1783 ’Ἆρ’

2148 1805 2240 1864 οὗν
2267 1806 2446 1880 ὄρεξίς
2470 1809 2618 1861 ἑστιν
2647 1808 2680 1878 ὴ
2718 1805 3068 1878 προαίρεσις;
3107 1804 3247 1860 Ἀλλ’
3274 1803 3569 1860 οὐδὲτοῦτο
3590 1801 3732 1876 (41).

472 1902 742 1958 Dividitur
795 1907 938 1960 enim
1008 1909 1277 1976 appetitus
1341 1909 1393 1963 in
1449 1910 1593 1975 tria,
1657 1907 2047 1977 cupiditatem,

2151 1903 2448 1972 Διαιρεῖται
2480 1899 2591 1968 γάρ
2628 1900 2662 1970 ὴ
2694 1898 2874 1968 ὄρεξις
2903 1898 2983 1961 εἰς
3010 1897 3159 1971 τρία,
3202 1898 3282 1960 είς
3313 1894 3607 1966 ἐπιθυμίαν
3634 1894 3733 1950 καὶ

474 1995 607 2049 iram
642 2004 696 2051 et
730 1996 1078 2065 voluptatem.
1107 1998 1436 2053 Electionem
1473 2007 1652 2051 autem
1686 2012 1859 2065 neque
1889 1996 2046 2058 iram,

473 2101 646 2156 neque
690 2088 1036 2156 cupiditatem
1087 2104 1227 2155 esse,
1271 2104 1335 2142 ex
1382 2104 1447 2143 eo
1499 2089 1706 2143 clarum
1756 2097 1859 2151 est,
1907 2088 2048 2156 quod

472 2175 722 2229 hOmines
761 2191 884 2229 cum
918 2177 1107 2232 bestiis
1143 2178 1272 2232 nihil
1304 2179 1501 2232 habent
1538 2193 1826 2233 commune
1856 2179 1906 2231 in
1940 2176 2050 2232 ele-

470 2267 669 2330 ctione,
702 2270 798 2321 sed
831 2268 884 2321 in
913 2269 989 2321 ira
1019 2277 1072 2322 et
1106 2269 1418 2337 cupiditate.
1452 2270 1509 2324 Si
1537 2270 1678 2323 enim
1705 2269 1821 2323 istis
1844 2268 2052 2323 duobus

469 2355 822 2410 convenimus
855 2371 977 2410 cum
1006 2358 1210 2423 bestiis,
1235 2358 1500 2413 electione
1530 2358 1830 2412 differimus
1867 2375 1880 2412 :
1908 2355 2053 2410 aliud

468 2457 592 2499 esse
621 2445 960 2513 electionem,
996 2448 1139 2503 aliud
1178 2447 1318 2502 iram
1346 2458 1401 2502 et
1426 2448 1773 2517 cupiditatem
1796 2489 1811 2514 ,
1845 2447 2055 2517 perspi-

470 2557 631 2597 cuum
684 2554 788 2599 est.
832 2544 1081 2601 Ostendit
1108 2545 1247 2600 idem
1293 2545 1652 2611 incontinens,
1686 2544 1777 2612 qui
1809 2543 1960 2598 dedit
1996 2557 2054 2598 se

470 2634 770 2703 cupiditati,
795 2644 850 2690 et
870 2650 933 2690 ex
958 2652 1019 2691 ea
1047 2635 1179 2707 agit,
1203 2651 1307 2691 non
1333 2638 1492 2691 etiam
1518 2650 1586 2690 ex
1607 2635 1890 2691 electione.
1920 2633 2051 2688 Nam

473 2722 526 2779 in
547 2723 637 2778 illo
663 2725 856 2781 electio
884 2726 1165 2796 cupiditati
1189 2727 1527 2782 adversatur.
1555 2726 1709 2792 Quod
1739 2726 1783 2780 si
1809 2725 1950 2779 idem
1968 2738 2056 2779 es-

471 2825 731 2882 sent,non
754 2816 937 2884 utique
959 2817 1126 2871 altera
1149 2831 1270 2869 cum
1293 2816 1462 2870 altera
1487 2825 1765 2886 pugnaret.
1788 2815 1854 2868 Et
1878 2814 2053 2869 conti-

474 2917 608 2958 nens
648 2905 835 2970 etiam,
866 2905 958 2977 qui
999 2905 1109 2976 agit
1138 2920 1204 2960 ex
1231 2904 1509 2968 electione,
1538 2920 1601 2959 ex
1633 2905 1920 2974 cupiditate
1946 2918 2055 2958 non

473 2995 600 3062 agit.
634 2992 750 3047 Jam
770 3011 917 3063 vero,
937 3011 1039 3049 non
1062 3010 1182 3050 esse
1208 2994 1696 3060 voluntatem,hinc
1727 2994 2055 3065 intelligitur.

472 3081 589 3139 Non
618 3085 670 3140 in
691 3086 963 3154 omnibus,
1000 3089 1053 3144 in
1076 3087 1273 3159 quibus
1300 3086 1523 3158 eligere,
1552 3088 1711 3142 etiam
1746 3086 1880 3142 velle
1932 3095 2055 3155 apte

472 3175 691 3231 dicitur.

2152 1991 2320 2062 θυμὸν
2350 1990 2444 2043 καὶ
2474 1988 2746 2059 βούλησιν.
2797 1985 2935 2040 Ἀλλ’
2972 1987 3054 2040 ὅτι
3085 1985 3185 2057 μὲν
3213 1982 3337 2039 οὔτε
3371 1982 3572 2053 θυμὸς,
3604 1981 3727 2037 οὕτε

2149 2082 2411 2153 ἐπιθυμία
2454 2079 2601 2133 ἐστὶν
2651 2080 2685 2149 ἡ
2733 2079 3085 2149 προαίρεσις,
3134 2074 3365 2146 φανερὸν
3415 2074 3480 2130 ἑκ
3524 2072 3617 2127 τοῦ
3652 2071 3735 2145 μὴ

2150 2168 2289 2226 εἶναι
2318 2171 2602 2225 κοινωνίαν
2627 2174 2742 2234 τοῖς
2768 2167 3075 2240 ἀνθρώποις
3104 2166 3242 2237 πρὸς
3284 2165 3353 2220 τὰ
3388 2163 3558 2234 ἄλογα
3588 2165 3729 2221 κατὰ

2150 2265 2490 2336 προαίρεσιν,
2524 2263 2659 2317 άλλά
2688 2264 2808 2317 κατ’
2842 2258 3138 2330 ἑπιθυμίαν
3169 2258 3264 2313 καὶ
3300 2257 3490 2330 θυμόν.
3517 2257 3582 2310 Et
3621 2257 3729 2328 γὰρ

2151 2355 2292 2410 κατὰ
2330 2353 2503 2409 ταῦτα
2544 2354 2642 2426 μὲν
2681 2352 3084 2424 κοινωνοῦμεν,
3127 2349 3269 2404 κατὰ
3312 2349 3628 2422 προαίρεσιν
3671 2348 3732 2404 δὲ

2149 2447 2475 2520 διαφέρομεν
2506 2447 2619 2517 (42)
2640 2486 2655 2510 ,
2689 2444 2867 2517 δῆλον,
2896 2444 2973 2508 ὡς
3002 2443 3129 2498 ἄλλο
3161 2442 3259 2513 μέν
3292 2459 3346 2495 τι
3389 2441 3729 2513 προαίρεσις,

2151 2538 2279 2595 ἄλλο
2305 2539 2363 2592 δὲ
2392 2536 2563 2610 θυμὸς
2589 2537 2682 2591 καὶ
2713 2537 2998 2607 ἐπιθυμία.
3023 2535 3275 2588 Δείκνυσι
3295 2533 3353 2587 δὲ
3376 2533 3473 2586 καὶ
3503 2535 3531 2587 6
3557 2533 3730 2604 ἀκρα-

2150 2629 2250 2703 τὴς
2293 2629 2426 2700 (45),
2467 2628 2838 2698 κρατούμενος
2891 2626 2989 2700 μὲν
3020 2625 3125 2680 ὑπὸ
3151 2625 3252 2695 τῆς
3279 2622 3575 2695 ἐπιθυμίας
3595 2662 3610 2686 ,
3638 2623 3734 2679 καὶ

2153 2721 2408 2794 πράττων
2437 2721 2557 2774 κατ’
2589 2717 2779 2790 αὐτὴν,
2823 2719 2896 2791 μὴ
2927 2716 3110 2789 μέντοι
3144 2714 3285 2768 κατά
3330 2714 3442 2786 (44)
3475 2714 3730 2786 προαίρε·

2156 2827 2256 2863 σιν.
2301 2807 2624 2863 Ἀντιόαίνει
2656 2807 2763 2878 γὰρ
2790 2806 2878 2860 ἐπ’
2904 2805 3067 2859 αὑτοῦ
3104 2807 3137 2876 ἠ
3176 2803 3494 2877 προαίρεσις
3521 2807 3587 2875 τῇ
3619 2805 3731 2857 ἑπι-

2153 2899 2339 2972 θυμίᾳ.
2392 2898 2456 2953 Et
2502 2898 2559 2952 δὲ
2609 2898 2804 2954 ταυτὸν
2846 2893 3022 2970 ἦσαν,
3069 2896 3170 2950 οὐκ
3207 2894 3490 2967 ἐμάχοντο.
3542 2894 3653 2948 Καὶ
3696 2895 3728 2948 6

2122 2990 2425 3063 ,ἐγκρατὴς
2449 2989 2526 3053 δὲ,
2555 2988 2810 3060 πράττων
2843 2987 2986 3043 κατὰ
3019 2987 3357 3059 προαίρεσιν,
3398 2986 3459 3038 οὐ
3496 2984 3723 3056 πράττει

2153 3082 2272 3136 κατ’
2327 3080 2642 3152 ἐπιθυμίαν.
2692 3081 2816 3134 Ὀτι
2853 3082 2910 3134 δὲ
2953 3078 3077 3134 οὔτε
3111 3078 3358 3150 βούλησίς
3400 3076 3514 3147 (45)
3565 3074 3729 3146 132

2153 3176 2299 3228 ἑστιν
2341 3176 2374 3246 ή
2406 3173 2746 3244 προαίρεσις,
2786 3172 2943 3244 δῆλον
2988 3170 3256 3226 ἐντεῦθεν.
3296 3169 3370 3223 Οὐ
3403 3170 3606 3231 πᾶσιν,
3647 3162 3731 3231 οἷς

2148 3267 2379 3340 ἁρμόζει
2422 3267 2483 3320 τὸ
2534 3265 2946 3339 προαιρεῖσθαι,
3001 3265 3207 3328 τούτοις
3258 3263 3487 3335 ἁρμόζει
3528 3262 3627 3316 καὶ
3673 3261 3733 3315 τὸ

2155 3359 2463 3430 βούλεσθαι.

546 3445 785 3501 Dicimus
813 3446 957 3501 enim
987 3447 1120 3503 velle
1167 3464 1264 3502 nos
1292 3447 1485 3503 bonam
1520 3449 1914 3516 valetudinem;
1946 3449 2044 3503 eli-

2216 3452 2400 3523 Φαμὲν
2439 3452 2548 3524 γὰρ
2597 3452 2879 3523 βούλεσθαι
2931 3452 3217 3521 ὑγιαίνειν,
3264 3447 3647 3521 προαιρεῖσθαι
3675 3447 3731 3501 δὲ

474 3551 603 3604 gere
654 3547 835 3590 autem
875 3538 1073 3591 bonam
1104 3539 1463 3592 valetudinem
1506 3554 1663 3593 nemo
1701 3541 1862 3593 dicat.
1899 3538 2050 3593 Velle

475 3628 602 3680 item
634 3631 947 3693 opulentum
979 3643 1099 3683 esse
1141 3627 1360 3693 dicitur,
1409 3630 1610 3697 eligere
1653 3644 1780 3683 vero
1823 3629 2049 3699 opulen-

480 3726 588 3770 tum
616 3731 756 3783 esse,
782 3733 886 3770 non
920 3718 1138 3773 dicitur.
1179 3718 1440 3773 Przeterca
1474 3720 1608 3775 velle
1659 3721 1821 3773 etiam
1859 3720 1910 3773 iu
1957 3720 2046 3787 iis,

475 3818 595 3870 quae
635 3806 749 3857 lleri
777 3820 880 3859 non
912 3817 1157 3875 possunt,
1200 3809 1460 3876 ponitur:
1503 3808 1702 3879 eligere
1754 3809 1807 3863 in
1838 3809 1921 3863 his
1961 3824 2050 3864 so-

476 3892 605 3961 lum,
631 3909 752 3964 qua:
778 3896 829 3948 iu
872 3906 1055 3952 nostra
1093 3907 1220 3952 sunt
1255 3907 1537 3970 potestate.
1587 3899 1660 3952 lta
1702 3901 1844 3954 enim
1876 3901 2050 3970 loqui-

2149 3543 2413 3611 ὑγιαίνειν
2451 3543 2563 3615 (46)
2593 3544 2768 3609 οὐδεὶς
2796 3543 2861 3598 ἂν
2891 3545 3065 3597 εἴποι·
3100 3543 3196 3596 καὶ
3237 3540 3524 3612 βούλεσθαι
3569 3539 3727 3592 πλου·

2146 3635 2279 3697 τεῖν,
2314 3633 2413 3685 οὐκ
2442 3633 2520 3687 ἑτι
2549 3635 2605 3688 δὲ
2633 3634 2729 3688 καὶ
2757 3632 3132 3708 προαιρεῖσθαι
3168 3631 3414 3685 πλουτεῖν
3435 3630 3545 3700 (47)
3573 3628 3728 3691 λέγε-

2145 3741 2257 3776 ται.
2298 3724 2418 3777 Ἔτι
2456 3724 2517 3778 τὸ
2549 3726 2648 3798 μὲν
2679 3725 2965 3797 βούλεσθαι
2986 3724 3098 3795 (48)
3130 3724 3224 3777 καὶ
3263 3723 3357 3776 ἑπὶ
3387 3721 3496 3774 τῶν
3528 3720 3725 3774 ἀδυνά-

2145 3830 2250 3866 των
2293 3815 2576 3871 τάττεται·
2611 3817 2672 3870 τὸ
2726 3818 2781 3871 δὲ
2827 3815 3228 3888 προαιρεῖσθαι,
3279 3815 3371 3867 ἐπὶ
3412 3812 3589 3883 μόνων
3618 3809 3730 3863 τῶν

2145 3905 2228 3974 ἐφ’
2255 3907 2403 3978 ἡμῖν.
2436 3906 2592 3962 Οὕτω
2624 3907 2752 3977 γοῦν
2786 3924 2965 3978 φαμεν
2995 3907 3129 3979 (19)·
3167 3905 3434 3976 Βούλομαι
3462 3900 3728 3961 ἀθάνατος

1678 4039 1839 4098 VAR.
1883 4041 2081 4099 LECT.
2125 4044 2215 4101 ΕΤ
2253 4046 2586 4103 ANIMADV.

553 4148 665 4221 (52)
708 4150 848 4219 Ἄρα
874 4150 943 4205 τὸ
975 4152 1277 4208 ἑκούσιον.
1307 4149 1454 4221 Ἀρα
1481 4153 1541 4206 τὸ
1565 4153 1811 4221 ἑκούσιον
1832 4195 1846 4218 ,
1876 4156 1940 4209 Α.
1990 4157 2046 4221 1,

479 4218 541 4272 D.
560 4220 610 4272 1.
638 4218 741 4274 Sed
767 4218 849 4275 hic
880 4222 1038 4290 paulo
1056 4234 1186 4295 ante
1199 4224 1359 4277 etiam
1380 4218 1538 4295 habet
1557 4220 1686 4295 ἆρα,
1708 4238 1760 4295 et
1795 4225 1847 4276 in
1873 4218 2043 4295 marg.

475 4305 505 4341 ιι
544 4304 693 4364 _ma_u.
726 4306 847 4364 _re_c.
901 4293 1219 4364 προαίρεσίς
1261 4295 1406 4364 ἑστιν
1449 4293 1747 4349 ἀδούλωτὸν
1778 4311 1829 4348 τι
1857 4293 2044 4364 χρῆμα

475 4359 567 4412 καὶ
584 4359 927 4434 αὐτεξούσιον
951 4359 1138 4434 ἑνᾳτοῖς
1157 4363 1458 4434 ἐλευθέροις
1480 4364 1579 4432 τῆς
1616 4359 2047 4434 διανοίαξκινή-

2151 4160 2202 4220 1,
2232 4158 2288 4214 2.
2317 4158 2422 4213 Sed
2454 4158 2595 4211 inud
2628 4157 2914 4224 respondet
2950 4155 3030 4227 τῷ
3061 4157 3343 4218 ἑκουσίως.
3385 4151 3498 4227 lloe
3521 4153 3639 4209 loco
3673 4154 3726 4207 in

2151 4244 2319 4295 marg.
2348 4229 2546 4282 codicis
2591 4229 2654 4281 A.
2680 4228 2714 4283 5
2735 4243 2764 4280 a
2797 4243 2956 4280 mauu
3003 4226 3297 4282 recentiori
3324 4226 3580 4294 scriptum
3603 4233 3685 4278 est
3708 4240 3727 4278 ι

2167 4297 2434 4358 Ἀντόνιος
2459 4298 2487 4349 6
2511 4296 2931 4367 Μαυρογένητος
2952 4313 3043 4366 γρ.

2222 4367 2333 4438 (di)
2389 4368 2541 4422 Ἀλλ’
2564 4363 2931 4423 οὐδὲτοῦτο.
2963 4363 3061 4420 llic
3089 4381 3274 4422 rursus
3313 4363 3500 4433 incipit
3539 4378 3728 4417 manus

478 4445 668 4514 tim;
700 4430 961 4514 ιἐινιίςιμὶιι
993 4428 1912 4514 ἆρε.εξοε·ιιξι¹εὲ.¹οιτίξἐροέτηματική
1937 4428 2038 4514 e35.

2151 4428 2463 4514 secundum:
2491 4441 2677 4514 charta
2706 4441 2768 4489 Α.
2796 4438 2850 4489 2.

477 4496 747 4573 Ergpﬁpa
776 4496 1189 4573 scribiturIVide
1217 4505 1414 4556 St'htiliu
1433 4505 1497 4554 ad
1513 4496 1853 4572 sophoclem,
1951 4503 2041 4558 55.

546 4571 657 4637 (55)
684 4570 835 4624 "Exi
865 4571 1075 4624 πλέον.
1122 4573 1430 4637 Ἐπιπλέον,
1470 4574 1529 4625 l).
1564 4570 1609 4625 1.

546 4572 636 4636 (55
706 4572 835 4624 Ἐπὶ
865 4572 1075 4624 πλέον.
1122 4573 1430 4637 Ἐπιπλέον,
1470 4574 1529 4625 l).
1564 4575 1609 4625 1.
1884 4572 1891 4573 ί

545 4572 657 4709 (5L;
683 4640 856 4694 Πᾶσα
871 4642 985 4708 μὲν
1008 4641 1117 4711 γὰρ
1139 4643 1485 4710 προαίρεσις
1514 4643 1819 4707 ἀκούσιος.
1862 4642 2050 4696 Ἐκού-

476 4724 610 4777 σιος,
654 4711 768 4761 loco
806 4712 1076 4773 ἀκούσιος,
1123 4711 1185 4765 D.
1227 4715 1277 4775 1,
1322 4714 1385 4763 Α.
1434 4713 1484 4773 1,
1525 4714 1578 4775 2,
1623 4713 1675 4775 5,
1721 4712 1846 4777 0x.,
1890 4714 2048 4775 Cum,

475 4774 648 4837 Vali.,
686 4779 752 4853 ill.
794 4780 1024 4853 l._.ilox,
1063 4781 1310 4833 ἑκούσιον
1343 4781 1436 4834 καὶ
1474 4774 1791 4853 προαίρεσις
1891 4784 1947 4835 ἑν
1980 4774 2046 4853 τῇ

474 4848 810 4917 προαιρέσει,
856 4849 1016 4902 idem.

545 4918 656 4989 (55)
684 4918 792 4989 Kal
823 4917 931 4989 γὰρ
958 4918 1030 4989 τὰ
1062 4917 1289 4974 παιδία.
1330 4919 1449 4973 Vid.
1483 4918 1663 4986 Joan.,
1697 4937 1749 4989 p.
1784 4920 1908 4975 192.

547 4986 795 5061 (56Lqu
814 4986 934 5061 ὅσα
953 4986 1070 5056 μὲν
1096 4988 1201 5061 δια
1220 4994 1431 5061 θυμόν.
1463 4990 1531 5042 Δέ
1584 4986 1708 5044 loco
1744 4991 1861 5061 μέν,
1901 4993 1959 5046 D.
1997 4992 2047 5058 1,

476 5057 710 5130 A._l:_5.
744 5057 857 5130 Μέν
888 5060 1057 5117 abest,
1176 5059 1230 5111 2.
1260 5057 1399 5123 Mox,
1427 5057 1777 5130 πράττωμεν.
1806 5062 1864 5114 1).
1893 5063 1942 5116 1.
1992 5107 1995 5111 .

549 5125 783 5204 (ξΠλΜῂ
815 5128 1358 5204 βοιιλερσάιιενοι.-
1374 5125 1482 5201 Μὴ”
1498 5125 2048 5204 προϐουλευσάμενοι,

471 5197 539 5251 Α.
566 5199 615 5262 1,
651 5197 704 5258 2,
737 5198 790 5250 5.
817 5198 907 5250 Sic
930 5207 982 5250 et
1003 5197 1154 5253 Jouu.
1184 5201 1218 5254 Ι.
1248 5216 1288 5255 ι.
1318 5197 1740 5266 Ριιιίίείὶὺειεαιὶ,
1764 5197 1897 5255 Con.
1928 5202 2047 5254 Mox

472 5268 627 5338 deest
666 5266 785 5338 μέν,
821 5271 884 5338 Α.
927 5268 980 5322 2.

545 5336 655 5410 (58)
668 5336 772 5410 ’,οὺ
799 5337 927 5407 μὴν
959 5338 1110 5393 κατὰ
1148 5341 1516 5408 προαίρεσιν.
1546 5341 1679 5410 Τήν,
1730 5353 1849 5410 post
1881 5339 2047 5405 κατά,

471 5408 721 5483 δοριξ-Α,
828 5410 901 5483 (ξύ
934 5411 1041 5483 μὴν
1068 5412 1161 5467 καὶ
1190 5408 1713 5483 κατὰπροαίρεσιν,
1733 5408 1800 5466 ἰ).
1830 5411 1877 5463 1.

542 5476 654 5547 (59)
688 5479 771 5553 (ζύ
800 5476 1016 5553 μὴνδέ
1050 5476 1511 5550 προῃρημένοις.
1543 5476 1631 5533 ’ού
1660 5482 1771 5553 μὴν
1800 5496 2053 5553 προειρη-

542 5500 654 5547 (av)
688 5500 771 5531 υυ
800 5500 928 5549 μην
948 5500 1016 5532 οε
1050 5500 1511 5550 προτιρημενοις.
1556 5500 1631 5533 υυ
1655 5500 1766 5603 iam)
1800 5500 2050 5553 προειρη-

474 5548 675 5617 μένοις,
721 5549 872 5621 υ.γ1.
910 5548 979 5602 Δέ
1010 5553 1187 5621 solum
1221 5555 1497 5621 omittunt,
1549 5553 1612 5603 Α.
1692 5590 1705 5610 ,
1748 5552 1804 5605 2.
1838 5551 1910 5603 Οὐ
1944 5551 2050 5621 μὴν

476 5620 940 5689 προαιρουμένοις.
1005 5620 1063 5673 ’0
1107 5619 1399 5690 θησαυρόν,
1423 5620 1488 5672 Α.
1544 5621 1598 5675 5.
1642 5621 1801 5685 Mox,
1871 5619 2049 5690 εὑρὼν

474 5686 894 5761 ἀπροσδοκήτως
922 5689 1155 5761 ἑκουσίῳ
1183 5690 1287 5761 μὲν
1305 5687 1541 5761 ἑρμαίῳ,
1570 5689 1630 5740 D.
1661 5690 1710 5742 1.
1780 5759 1803 5761 _
1896 5760 1901 5761 ν

544 5728 1720 5833 (26ἶῖἲὲὁὲιὲιέὗῖιὲηἶπῖςέύῥξσῗξξὸξιέᾀοξ,
1777 5759 1838 5818 D.
1886 5760 1935 5832 ι,
1978 5762 2043 5818 Α.

2225 4506 2342 4570 (42)
2374 4509 2537 4561 Κατὰ
2585 4506 2654 4558 δὲ
2711 4506 3087 4575 προαίρεσιν,
3123 4503 3499 4574 διαφέρομεν.
3568 4503 3725 4556 Κατὰ

2152 4578 2471 4647 προαίρεσιν
2498 4577 2553 4629 δὲ
2581 4574 2908 4647 διαφέρομεν
2927 4615 2941 4640 ,
2976 4577 3035 4647 υ.
3073 4574 3118 4636 1,
3144 4575 3190 4627 Α
3210 4577 3282 4647 ’1,
3307 4576 3363 4647 2,

2223 4641 2333 4716 (45)
2363 4647 2642 4699 Δείκνυσι
2680 4641 2757 4698 δὲ’
2787 4641 2883 4716 καὶ
2928 4648 2959 4698 ό
2999 4643 3282 4716 ἀκρατής.
3315 4641 3725 4716 Δείκνυσιῃδὲίὸ

2149 4712 2454 4787 ἀκροατής,
2499 4718 2562 4770 Λ.
2615 4716 2668 4769 2.
2722 4715 2982 4787 Aeixyuor
3024 4715 3117 4787 καὶ
3166 4717 3197 4787 6
3244 4714 3525 4787 axpatjjg,
3561 4712 3626 4787 DL
3670 4712 3724 4763 1.

2163 4748 2454 4787 ικριιανιιις,
2499 4748 2562 4770 ιι.
2617 4748 2668 4769 ι..
2722 4748 2972 4767 nam”...
3026 4748 3117 4767 ριν..
3169 4748 3197 4767 υ
3244 4748 3511 4787 ...δράμῃ
3562 4748 3620 4765 υ.
3674 4748 3724 4763 ..

2163 4786 2484 4856 Ἀκροατής,
2511 4788 2632 4840 loco
2660 4784 3022 4856 ἀκρατήςνΑ.
3061 4786 3111 4839 1.
3141 4784 3385 4848 Auditor,
3415 4748 3549 4836 νύιι.
3586 4778 3728 4835 Cou-

2150 4855 2340 4916 linens,
2367 4857 2503 4925 Con.
2538 4858 2679 4925 Ergo
2713 4855 3007 4925 ἐγκρατής.

2222 4926 2332 4996 (44)
2383 4918 2662 4996 Πρὰττωῖί·
2698 4918 3076 4996 λτιιύτηνίμὴ
3129 4922 3345 4996 μέντοι
3386 4918 3720 4996 καλ-κατά.

2151 4989 2567 5067 Πράττωιίκαβ
2589 4994 2775 5067 αύτὴν,
2803 4989 3095 5067 μὴ’μέντοι
3122 4989 3282 5067 κατά,
3306 4991 3427 5067 1).)
3443 5028 3458 5043 .
3493 4989 3605 5056 Sic,
3631 4992 3722 5045 sed

2151 5061 2364 5119 servato
2393 5065 2507 5128 καί,
2532 5068 2598 5122 A.
2631 5065 2683 5118 5.
2714 5061 2827 5117 Καί
2858 5061 3031 5116 Solum
3064 5063 3263 5116 omittit
3293 5062 3357 5114 Α.
3382 5061 3436 5113 2.

2222 5134 2334 5206 (15)
2363 5136 2493 5188 ’Ότι
2522 5135 2590 5187 δὲ
2617 5134 2754 5206 οὔτε
2773 5135 3098 5206 βούλησις.
3132 5132 3228 5194 Οὐ,
3255 5132 3375 5206 loco
3400 5129 3546 5206 οὗτε,

2221 5199 2332 5273 (46)
2365 5204 2777 5273 Προαιρεῑσίθαι
2804 5203 2872 5255 δὲ
2902 5199 3212 5271 ὑγιαίνειν.
3240 5202 3472 5263 Absunl,
3501 5203 3564 5273 ᾼ.
3594 5199 3723 5273 1,2.

2222 5268 2330 5339 (47)
2511 5268 2599 5327 ἔτι
2630 5272 2699 5326 δὲ
2723 5273 2819 5328 καὶ
2846 5268 3249 5341 προαιρεῖσθαι
3277 5270 3579 5325 πλουτεῖν.
3614 5268 3723 5322 Καί

2222 5356 2322 5397 est.
2400 5384 2414 5397 .
2490 5383 2503 5397 .

2151 5346 2322 5410 abest,
2355 5346 2414 5398 D.
2455 5346 2503 5398 1.

2222 5408 2331 5484 (48)
2366 5414 2474 5484 Kal
2504 5412 2571 5484 τι)
2597 5415 2715 5484 μέν
2728 5414 3085 5484 βούλεσᾷψ.
3118 5412 3259 5476 Ἔτι,
3289 5410 3408 5464 loco
3435 5410 3550 5484 καί,
3574 5408 3642 5462 Α.
3665 5408 3723 5484 1,

2149 5485 2206 5546 2,
2232 5477 2403 5544 ’5,’Μ.
2443 5484 2492 5547 1,
2523 5477 2624 5537 Οί.
2653 5477 2939 5545 Ρνὶιιιετεα,
2976 5481 3106 5534 Vall.
3136 5484 3307 5535 Antea
3331 5481 3494 5534 credo
3516 5477 3595 5548 ἑτι
3623 5478 3723 5548 μὲν

2151 5554 2245 5609 καὶ
2280 5553 2342 5606 τὸ
2374 5552 2674 5623 βούλεσθαι.
2714 5554 2819 5623 Sed
2858 5552 2951 5604 καί
2982 5551 3042 5605 τό
3074 5566 3274 5616 rasum,
3294 5560 3349 5605 et
3376 5561 3497 5620 post
3527 5547 3609 5601 ἑτι
3628 5547 3727 5602 iu-

2152 5635 2352 5681 sertmu
2378 5622 2414 5674 ιι
2447 5635 2644 5678 recent.
2684 5622 2766 5686 τό,
2801 5622 2869 5676 Ι).
2903 5623 2944 5675 1.

2224 5693 2331 5762 (49)
2369 5692 2716 5762 Οὓτωνγοῦν
2752 5684 2979 5762 φαμεν.Δ
3015 5689 3147 5762 Γάρ,
3198 5688 3335 5762 loco,
3373 5686 3521 5762 γοῦν,
3567 5686 3634 5741 Α.
3665 5684 3730 5757 5,

2153 5758 2475 5825 D.'l.'Aute
2504 5758 2644 5820 οὕτω
2672 5758 3020 5835 habetqu
3051 5758 3167 5817 loco
3207 5760 3355 5833 ἡμῖν,
3397 5758 3465 5816 Μ.
3496 5760 3543 5815 1.
