4208 6312
742 402 799 454 Η
1846 395 2050 453 PHlLO
2092 394 2486 453 CARPASIUS
2529 394 2857 454 El’lSCOPU
2872 397 2928 452 S.
3946 398 4016 451 12

740 522 1021 576 denotare.
1060 520 1243 591 Itaque
1271 532 1487 574 sensum
1533 518 1740 589 Polybii
1774 519 1912 574 bene
1948 527 2076 575 sunt
2105 534 2326 575 assecu-
2358 528 2402 579 Α
2435 529 2599 589 atque
2659 522 2729 574 ita
2775 536 2959 575 vocem
3017 519 3154 574 illaut
3188 518 3376 572 Latine
3410 513 3588 569 reddit
3635 512 3903 567 Fabrotus
3945 515 4014 565 ad

740 616 777 667 ti
812 626 920 668 tttm
954 614 1044 684 qui
1075 629 1193 668 eam
1225 610 1513 682 Epipltanii
1552 611 1724 666 Vitam
1760 612 1947 667 Latine
1993 613 2174 674 vertit,
2210 618 2323 664 tum

744 705 1012 761 Meursius
1067 705 1166 774 (α),
1228 703 1534 773 Ducangins
1587 703 1684 773 (ὁ),
1735 703 1944 757 Caveus
2002 702 2070 773 (c)
2106 712 2158 755 et
2187 702 2322 765 alii;

741 796 831 862 qui
873 794 977 849 illis
1009 793 1211 856 verbis,
1264 793 1530 866 κληρικὸς
1565 792 1675 846 ἀπὸ
1731 792 1996 863 ῥητόρων,
2031 792 2323 861 signiﬁcari

740 886 1074 948 existimant,
1124 883 1407 939 Philonem
1455 882 1709 937 clericum
1767 882 1935 937 fuisse
1988 882 2053 935 de
2101 895 2326 935 numero

744 979 1045 1039 rhetorum,
1098 990 1285 1032 eorum
1330 976 1535 1031 scilicet
1566 975 1657 1044 qui
1701 989 1764 1028 ex
1791 974 1936 1029 clero
1968 974 2216 1027 rhetores
2247 973 2327 1027 di-

741 1070 1022 1121 rebantur.

816 1158 888 1212 De
927 1158 1008 1212 his
1049 1159 1357 1214 rhetoribus
1383 1172 1444 1211 ex
1478 1158 1624 1212 clero
1662 1156 1814 1212 testis
1844 1168 1925 1211 est
1948 1158 2184 1213 Codinus
2212 1157 2323 1212 Cu-

743 1252 981 1317 ropal-tta
1010 1249 1112 1323 (tl),
1168 1250 1311 1320 apud
1352 1266 1510 1319 quem
1549 1261 1667 1318 post
1697 1260 1805 1304 tres
1836 1250 2127 1321 Evangelii,
2181 1253 2324 1320 Apo-

741 1340 863 1394 stoli
896 1340 1221 1395 etPsalterii
1255 1342 1524 1403 doctores,
1577 1355 1806 1409 quorum
1838 1342 2046 1407 primus
2094 1353 2327 1410 quatuor

741 1431 1125 1500 cvangelistas,
1171 1434 1441 1486 secundus
1496 1430 1764 1501 Epistolas
1799 1431 1860 1484 D.
1920 1430 2093 1495 Pauli,
2135 1433 2327 1488 tertius

744 1517 986 1572 l‘salmos
1020 1519 1504 1588 interpretabatur,
1538 1520 1753 1586 ponitur
1784 1537 1836 1575 ιι.
1877 1521 1987 1575 22:
2037 1522 2098 1574 Ὀ
2141 1523 2325 1595 ῥήτωρ

740 1609 819 1669 εἰς
848 1607 907 1660 τὸ
942 1608 1270 1679 ἑρμηνῑύειν
1294 1608 1392 1673 τὰς
1417 1608 1665 1679 Γραφάς,
1694 1608 1889 1663 thetor
1918 1613 1985 1664 ad
2018 1612 2325 1681 Scripturas

739 1701 1186 1765 interpretandas.
1256 1699 1489 1756 Goatius
1530 1702 1716 1757 eadem
1754 1701 1928 1756 oliicia
1983 1704 2199 1774 subjicit
2260 1720 2327 1760 ex

740 1790 922 1862 Regiis
966 1806 1095 1846 mss.
1132 1795 1226 1860 (ε),
1269 1794 1321 1845 in
1356 1791 1551 1861 quibus
1581 1794 1830 1858 habetur,
1879 1797 1907 1847 ὁ
1938 1796 2125 1867 ῥήτωρ
2158 1797 2239 1859 εἰς
2268 1795 2328 1847 τὸ

742 1882 1078 1953 ῥητορεύειν,
1104 1887 1279 1938 rhetor
1303 1885 1369 1936 ad
1405 1886 1685 1938 orandum.
1750 1886 1812 1939 Et
1844 1886 2177 1955 splendidam
2206 1902 2324 1940 eam
2360 1870 2400 1924 Β

741 1977 909 2032 luisse
945 1976 1255 2046 dignitatem
1285 1975 1568 2032 Matthmus
1595 1979 1892 2032 monachus
1934 1978 2153 2040 iudicat,
2176 1978 2329 2048 cujus

744 2070 793 2122 in
830 2068 1088 2136 opusculo
1123 2068 1197 2122 De
1227 2069 1404 2138 officiis
1426 2069 1610 2137 palatii
1637 2079 1686 2122 et
1722 2067 1971 2123 Ecclesia:
2021 2067 2326 2123 Constanti-

743 2159 982 2226 nopoleos
1031 2160 1226 2228 legitur
1256 2158 1361 2230 (f),
1396 2159 1542 2229 Ὅρα
1570 2158 1660 2211 τὸν
1698 2158 1949 2228 λαμπρὸν
1977 2159 2199 2230 ῥήτορα,
2232 2156 2331 2211 Re-

741 2252 881 2317 spice
915 2250 1171 2304 illustre»:
1206 2250 1480 2304 rhetorem.
1536 2250 1602 2303 lit
1626 2250 1764 2318 apud
1803 2248 2046 2302 Nicetam
2094 2247 2328 2302 Chonia-

745 2356 850 2395 tam
875 2342 952 2415 (g)
982 2341 1208 2397 Michael
1243 2343 1464 2412 quidam
1496 2350 1717 2394 vocatur
1761 2339 1853 2392 τὸν
1886 2338 2175 2410 ῥητορικὸν
2205 2337 2329 2408 θρό-

743 2450 831 2486 νον
885 2433 1146 2504 κοσμῶν⁵
1205 2446 1324 2499 quae
1383 2430 1546 2483 verba
1589 2444 1711 2483 cum
1764 2428 1949 2498 jejune
2007 2427 2330 2482 reddidisset

743 2525 1103 2596 lliernnymus
1128 2523 1353 2579 Wollius
1380 2537 1474 2592 per
1504 2524 1716 2575 unicam
1746 2536 1932 2575 vocem
1964 2520 2328 2582 concionator,

744 2621 811 2672 ab
855 2617 1052 2671 Allatio
1087 2616 1165 2682 (lt)
1232 2614 1600 2684 reprehensus
1638 2623 1739 2667 est.
1795 2612 2155 2678 Quamobrem
2199 2624 2329 2664 ano-

746 2722 939 2777 nymus
985 2721 1013 2759 a
1048 2705 1249 2762 Goario
1284 2704 1467 2758 editus
1514 2703 1574 2773 (i)
1612 2703 1711 2764 ait,
1741 2700 2049 2770 φιλοσόφων
2098 2700 2326 2765 ὕπατος,

746 2798 990 2871 ρητόρων
1043 2796 1285 2868 πρῶτος·
1343 2794 1409 2849 ad
1441 2810 1560 2865 quae
1612 2796 1771 2849 verba
1821 2792 2054 2849 Goarius
2107 2794 2172 2865 (ᾖ
2216 2794 2331 2847 hac

747 2891 1024 2945 adnotavit
1063 2907 1076 2941 :
1116 2888 1335 2943 Summa
1361 2888 1695 2957 imperatoris
1729 2886 1892 2940 virtus
1930 2896 2028 2950 est,
2061 2896 2114 2938 ut
2146 2886 2328 2940 erudi-

746 2982 907 3045 tionis
961 2983 1165 3051 copiam
1200 2981 1336 3035 inter
1383 2980 1701 3049 loquendum
1752 2980 1949 3033 diserte
2003 2980 2168 3049 possit
2202 2995 2322 3043 pro-

747 3074 963 3144 fundere
994 3090 1012 3127 :
1039 3083 1088 3128 et
1106 3075 1198 3143 jus
1226 3073 1509 3141 unicuique
1532 3072 1783 3136 debitum,
1814 3082 1868 3124 ut
1896 3070 2049 3139 facile
2077 3087 2329 3140 agnosce-

746 3183 821 3229 re,
854 3168 925 3220 ita
951 3174 1250 3219 constanter
1278 3164 1493 3217 reddere
1525 3170 1591 3217 sit
1619 3173 1861 3232 paratus.
1893 3161 1949 3217 Si
1978 3164 2104 3231 quid
2140 3163 2327 3218 harant

746 3270 937 3312 natura
983 3257 1057 3312 rel
1109 3258 1415 3310 exercitium
1470 3257 1782 3325 denegabat,
1827 3254 1892 3309 ab
1942 3255 2061 3309 aliis
2108 3271 2327 3325 quorum

746 3349 1075 3412 eruditione,
1120 3346 1454 3418 eloquentia,
1525 3347 1694 3417 legunt
1757 3346 1944 3413 peritia
1994 3363 2055 3398 ac
2103 3347 2331 3415 justitia:

746 3456 925 3495 amore
949 3443 1230 3494 duceretur
1274 3449 1321 3493 et
1356 3437 1734 3501 sublevaretur,
1769 3454 1914 3507 apem
1947 3439 2180 3491 mutuari
2229 3452 2333 3490 non

746 3532 1079 3587 erubescebat
1113 3534 1376 3603 quondam
1415 3530 1469 3583 in
1496 3527 1711 3584 Oriente
1752 3531 2075 3597 imperator:
2103 3528 2210 3582 τῶν
2246 3546 2334 3598 φι-

746 3621 1025 3692 λοσόφων,
1067 3624 1366 3676 divinarum
1414 3619 1871 3689 humanarumque
1916 3636 2087 3673 rerum
2152 3620 2335 3688 cogni-

748 3716 887 3769 tione
921 3715 1209 3768 instructus
1260 3712 1654 3776 eruditionem;
1698 3710 1948 3784 ρητόρων
1994 3709 2211 3783 πρῶτος
2250 3710 2335 3763 tli-

748 3807 898 3859 cendi
924 3805 1261 3875 facilitatem.
1300 3842 1311 3854 .
1360 3842 1372 3855 .
1412 3844 1425 3857 .
1477 3803 1802 3872 suggerebat.
1836 3801 2098 3858 Veniebat
2129 3801 2338 3857 scilicet

752 3900 989 3953 rhetoris
1030 3899 1244 3951 nemine
1302 3894 1537 3965 palatina
1596 3894 1761 3948 etiam
1795 3893 2030 3962 dignitas
2073 3910 2090 3950 :
2140 3894 2226 3947 cui
2265 3894 2339 3947 si-

750 3992 894 4047 milis
926 3990 1013 4044 illa
1048 3988 1411 4043 ecclesiastica
1438 4005 1452 4052 ;
1479 3987 1621 4056 quod
1660 3986 1898 4040 indicant
1922 4000 1985 4040 ea
2010 3986 2168 4039 verba
2196 4000 2336 4056 quae,

751 4093 807 4137 ιιι
824 4097 982 4152 supra
1007 4080 1208 4137 dictum
1244 4090 1348 4144 est,
1373 4078 1550 4133 attulit
1579 4076 1808 4133 Goarius
1826 4076 1897 4147 (k)
1915 4092 1946 4132 e
1970 4092 2099 4133 mss.
2134 4078 2339 4149 Regiis,

751 4176 779 4227 ὁ
814 4176 999 4247 ῥήτωρ
1022 4175 1104 4237 εἰς
1132 4172 1191 4225 τὸ
1221 4170 1559 4243 ῥητορεύειν.
1596 4167 1727 4223 Nam
1764 4169 2059 4239 Evangelii,
2097 4171 2342 4241 velApo—

752 4266 873 4321 stoli
923 4267 1046 4336 (hoc
1096 4276 1178 4319 est
1227 4264 1590 4335 Epistolarum
1641 4260 1705 4315 Ι).
1739 4259 1934 4330 Pauli),
1978 4261 2059 4316 vel
2091 4261 2338 4319 Psalterii

752 4361 1004 4415 doctores
1059 4372 1245 4412 sacras
1301 4355 1620 4425 Scriptores
1677 4352 1911 4408 strictim
1945 4353 2335 4423 exponebant:

754 4453 939 4507 rhetor
967 4466 1096 4506 vero
1134 4450 1187 4505 in
1210 4449 1418 4515 ,iisdetn
1449 4444 1671 4501 uberius
1721 4445 2143 4513 pet-tractandis,
2179 4454 2234 4499 et
2272 4447 2338 4500 ad

2428 609 2674 666 Nicetam
2701 611 2768 683 (ι)
2803 629 2815 666 :
2852 614 3059 683 ῥήτωρ,
3090 613 3179 682 qui
3215 610 3522 679 Scripturas
3572 607 3744 659 instar
3787 605 4016 657 oratoris

2428 703 2763 759 ecclesiastici
2822 704 3311 772 interpretabatur;
3367 716 3486 771 qua:
3536 706 3662 752 sunt
3696 698 3811 764 ipsa
3852 693 4016 747 verba

2431 795 2648 850 Meursii
2702 798 2751 849 in
2793 796 3086 851 Glossario.
3125 796 3410 849 Gretserus
3440 791 3534 861 (m)
3572 803 3785 860 quoque
3809 785 3876 841 ad
3907 785 4015 840 Co-

2428 887 2612 940 dinum
2650 905 2661 938 :
2704 886 2941 941 Ritetoris
2996 886 3221 955 oﬂicium
3266 894 3341 938 est
3392 880 3675 952 generatim
3708 876 4016 945 Scripturas

2428 994 2607 1033 sacras
2635 979 3003 1047 interpretari;
3034 988 3080 1031 et
3113 978 3314 1030 videtur
3339 974 3449 1037 ille,
3499 988 3647 1041 quem
3691 985 3783 1023 nos
3803 965 4015 1022 concio-

2429 1079 2674 1123 natorem
2700 1071 3055 1123 nominamus.
3109 1067 3213 1120 Sed
3248 1064 3478 1120 Allatius
3520 1061 3598 1132 (η)
3638 1055 4017 1116 animadvertit

2428 1162 2688 1215 rhetorem
2721 1160 2961 1229 patuisse
2992 1158 3155 1211 latius
3181 1171 3342 1225 quam
3378 1157 3653 1209 doctorem
3702 1145 4013 1217 Evangelii;

2429 1262 2483 1306 et
2542 1244 2786 1306 rhetores
2812 1251 2901 1318 qui
2955 1260 3223 1319 praecepta
3273 1247 3394 1301 aliis
3422 1245 3720 1308 traderent,
3758 1250 4015 1308 tanquam

2428 1340 3112 1411 eloquentiteprol‘essores
3165 1340 3230 1393 ad
3285 1339 3334 1392 id
3388 1336 3558 1393 ferme
3606 1347 3802 1388 munus
3831 1328 4013 1385 vocari

2429 1432 2794 1486 consuevisse.
2824 1430 2936 1484 Non
2970 1446 3158 1496 unum,
3181 1431 3272 1485 sed
3299 1428 3478 1498 plures
3502 1426 3552 1479 in
3580 1425 3816 1479 Ecclesia
3848 1420 4018 1475 fuisse

2432 1524 2681 1578 rhetores
2713 1522 2793 1575 vel
2818 1522 2905 1576 illa
2933 1524 3094 1577 verba
3132 1522 3372 1575 indicant
3403 1515 3591 1586 plurali
3626 1527 3852 1568 numero
3887 1525 4019 1565 con-

2430 1625 2583 1683 cepta
2616 1614 2682 1667 tle
2720 1612 2945 1667 Philone
2981 1621 3168 1667 nostro
3201 1612 3251 1666 in
3278 1607 3561 1678 Epipltanii
3603 1604 3756 1668 V.ta;
3782 1614 3834 1658 et
3862 1597 3928 1656 es
3951 1615 4021 1655 eo

2431 1704 2669 1757 maxime
2695 1712 2929 1765 constat,
2964 1702 3102 1770 quod
3138 1715 3277 1755 unus
3329 1698 3565 1766 ipsorum
3613 1693 3814 1761 primas
3866 1700 4019 1743 tene-

2432 1804 2537 1857 ret,
2596 1803 2758 1862 atque
2812 1792 3060 1863 μαῖα-τωρ
3115 1792 3223 1845 τῶν
3275 1790 3547 1862 ρητόρων,
3601 1785 3773 1856 μέγας
3831 1782 4015 1853 ῥήτωρ

2432 1896 2851 1956 nuncuparetur,
2887 1886 2950 1940 tle
3001 1884 3106 1955 quo
3163 1883 3427 1939 Meursius
3462 1880 3558 1950 (ο),
3600 1889 3653 1933 et
3680 1876 3886 1932 Caveus
3916 1872 4019 1943 (p),

2432 1979 2522 2047 qui
2566 1978 2681 2033 fuse
2710 1978 2774 2031 de
2822 1978 3046 2033 Philone
3081 1986 3269 2031 nostro
3305 1976 3594 2044 disputat;
3644 1986 3706 2024 ac
3743 1969 3793 2023 in
3826 1966 4023 2036 quavis

2432 2070 2546 2123 fere
2583 2070 2776 2137 majori
2801 2069 3031 2125 ecclesia
3066 2066 3236 2123 fuisse
3287 2066 3444 2121 docet
3477 2063 3732 2133 aliquem,
3773 2059 3862 2129 qui
3889 2058 4019 2114 rhe-

2430 2150 2565 2216 toris
2620 2177 2843 2217 munere
2886 2161 3228 2232 fungeretur,
3289 2166 3449 2227 atque
3499 2171 3562 2212 ex
3625 2155 3741 2222 ejus
3776 2151 4023 2207 ecclesias

2435 2255 2693 2308 reditibus
2726 2255 2996 2319 aleretur;
3047 2268 3078 2305 a
3115 2265 3222 2320 quo
3266 2251 3426 2305 etiam
3450 2246 3695 2317 iuniores
3728 2243 3909 2299 clerici
3949 2242 4021 2295 ad

2435 2344 2642 2398 futuras
2671 2345 2810 2399 sacri
2839 2343 3047 2397 ordinis
3088 2341 3390 2395 functiones
3421 2336 3792 2408 promerendi,
3848 2333 4023 2388 sacris

2438 2436 2636 2490 litteris
2666 2445 2720 2489 ct
2750 2435 3055 2505 disciplinis
3095 2432 3479 2488 ecclesiasticis
3508 2428 3871 2485 erudirentur.

2505 2523 2611 2579 Sed
2640 2537 2695 2576 ut
2721 2525 2785 2576 ad
2817 2523 3102 2578 Philonem
3141 2523 3447 2585 redeamus,
3481 2529 3627 2573 tanta
3679 2522 3747 2572 de
3802 2532 3867 2573 eo
3918 2515 4024 2571 fuit

2435 2614 2495 2670 S.
2530 2616 2814 2684 Epiphauii
2846 2614 3051 2684 opinio,
3091 2621 3149 2667 ut
3178 2612 3405 2666 Romam
3434 2607 3774 2679 profecturus
3808 2608 3879 2661 illi
3925 2622 4023 2661 ac-

2434 2707 2735 2778 cersito.(qi
2757 2714 3079 2775 potestatem
3115 2704 3321 2758 dederit
3355 2700 3799 2756 administranda:
3832 2698 4024 2754 Eccle-

2440 2798 2531 2852 sia:
2552 2797 2880 2852 Constantia:
2910 2815 2925 2863 ;
2951 2807 3003 2851 et
3030 2797 3074 2853 si
3110 2810 3244 2865 opus
3278 2794 3492 2859 fuisset,
3524 2792 3807 2847 ordinandi
3862 2789 4024 2846 cleri-

2432 2906 2527 2945 cos
2562 2889 2895 2956 facultatem,
2932 2899 2992 2943 ut
3029 2896 3214 2942 narrat
3257 2887 3397 2942 idem
3433 2899 3592 2955 quem
3624 2899 3781 2953 supra
3816 2896 4027 2939 memo-

2437 2982 2698 3046 raviu.us,
2725 2980 3159 3035 Rhinocurorum
3190 2978 3475 3057 episcopus
3510 2975 3781 3047 Polybius.

2506 3072 2765 3128 Novimus
2817 3074 3061 3144 quidem,
3107 3064 3365 3125 Vita‘illa
3411 3064 3471 3125 S.
3499 3068 3787 3138 Epipltanii
3825 3066 4026 3125 multas

2434 3167 2699 3222 contineri
2754 3165 2991 3229 tabulas,
3024 3179 3129 3235 quo
3174 3164 3396 3218 nomine
3436 3176 3498 3217 ea
3551 3161 3703 3215 valde
3749 3159 4026 3228 diSplicuis

2433 3257 2803 3328 Papebrochio
2850 3258 2921 3331 (r)
2976 3267 3028 3312 et
3086 3254 3429 3312 Tillemontio
3480 3252 3569 3325 (s),
3609 3267 3768 3322 quem
3818 3252 4021 3322 passim

2442 3351 2531 3405 alii
2577 3360 2897 3419 sequuntur.
2935 3348 3193 3418 Dupinius
3249 3345 3401 3403 nihili
3454 3358 3573 3400 eam
3599 3344 3866 3411 testimat;
3924 3345 4023 3400 sed

2438 3443 2555 3512 ejus
2595 3442 2897 3497 rationibus
2930 3441 3127 3511 quibus
3156 3438 3305 3492 illaut
3335 3435 3557 3492 omnino
3590 3434 3936 3504 rejiciendam
3964 3435 4021 3490 in

2437 3536 2689 3590 omnibus
2721 3542 2891 3605 putat,
2918 3546 3252 3589 summorum
3289 3530 3529 3583 virorum
3559 3527 3820 3599 judicium
3854 3540 4028 3597 oppo-

2443 3628 2641 3682 nimus.
2683 3623 2818 3703 Nam
2859 3626 3034 3694 primo
3070 3639 3175 3680 non
3228 3622 3450 3677 omnino
3474 3635 3592 3676 eam
3630 3619 4023 3690 aspernandam

2438 3720 2690 3775 Petavius
2721 3719 2933 3781 censuit
2979 3717 3068 3788 (t),
3104 3716 3194 3787 qui
3223 3735 3236 3771 :
3272 3713 3541 3785 Subjecta,
3575 3714 3768 3783 inquit,
3803 3729 3833 3764 a
3871 3711 4024 3766 nobis

2438 3825 2511 3867 est
2559 3811 2842 3882 Epipha’nii
2876 3809 2996 3865 Vita
3025 3852 3041 3877 ,
3103 3808 3291 3863 Latine
3348 3808 3474 3862 olim
3543 3824 3574 3859 a
3624 3803 3801 3871 Suria,
3843 3805 4025 3861 Grtece

2442 3914 2615 3957 autem
2639 3918 2775 3957 nunc
2807 3902 3019 3973 vulgata
3052 3902 3303 3970 primum,
3331 3916 3391 3953 ac
3425 3898 3609 3953 multis
3638 3900 3691 3951 in
3722 3898 3848 3951 locis
3877 3914 4024 3951 reco-

2440 3994 2609 4062 gnita.
2645 3992 2775 4057 Qute
2803 4009 3107 4063 quanquam
3146 3992 3200 4044 in
3247 3989 3507 4059 plerisque
3539 3988 3734 4057 fabula:
3766 3999 3838 4041 est
3866 4006 4029 4058 quam

2440 4085 2673 4139 historia:
2697 4086 2931 4154 prOpior,
2988 4093 3046 4137 ut
3076 4084 3396 4154 jamdudum
3440 4083 3495 4136 in
3521 4080 3821 4136 Annalibus
3851 4080 4027 4137 Baro-

2442 4179 2559 4231 ut'us
2590 4178 2905 4242 admonuit;
2949 4178 3046 4231 erit
3099 4169 3273 4231 tamen
3300 4176 3352 4227 in
3412 4176 3669 4230 lutulenta
3702 4175 3795 4229 illa
3832 4192 4027 4230 narra-

2442 4270 2581 4322 tione
2624 4268 2847 4338 fortasse
2892 4270 3028 4338 quod
3080 4270 3261 4323 tollere
3311 4272 3498 4339 possis.
3538 4269 3603 4321 Et
3634 4268 3832 4335 alioqui
3858 4266 4029 4321 multa

2444 4361 2671 4413 continet
2692 4377 2809 4431 qua:
2826 4377 2945 4413 cum
2968 4376 3088 4413 uera
3114 4371 3418 4430 receptaque
3454 4361 3518 4413 ab
3541 4359 3781 4412 omnibus
3805 4356 4031 4409 historia

2444 4458 2791 4503 consentanea
2819 4458 2963 4503 sunt.
2988 4440 3185 4503 Deinde
3206 4464 3324 4503 eam
3361 4449 3519 4504 veluti
3555 4448 3804 4503 idoneum
3831 4454 4026 4501 testem

755 4541 933 4611 populi
964 4550 1183 4611 captum
1212 4536 1547 4605 explicandis
1575 4534 1972 4603 dilatandisque
1997 4537 2337 4591 versabatur.
2374 4552 2420 4610 ι)
2448 4538 2551 4594 sibi
2590 4541 2857 4594 advocare
2891 4555 3077 4596 eorum
3113 4556 3233 4611 qua:
3262 4540 3535 4605 dicebant,
3571 4555 3678 4593 non
3708 4538 4024 4593 dubitarunt

754 4630 1119 4699 Quamobrem
1161 4628 1393 4683 Allatius
1420 4625 1459 4679 ι.
1484 4626 1575 4680 cit.
1601 4624 1884 4681 adnatavit
1919 4623 2175 4678 rhetorem
2202 4642 2339 4685 non-

754 4724 930 4779 nullos
961 4719 1308 4792 interpretari
1341 4718 1799 4780 conciouatorem;
1838 4717 1981 4785 quod
2005 4730 2190 4771 verum
2220 4728 2341 4773 est:

824 4858 903 4927 (η)
938 4858 992 4912 In
1032 4853 1270 4927 Glossar.

938 4928 994 4998 ιη
1024 4923 1263 4998 Glossar.

827 4992 899 5069 (c)
926 4996 1000 5051 De
1046 4996 1289 5069 scriptor.
1322 4998 1615 5052 ecclesiast.
1662 4995 1879 5069 incerta:
1903 5003 2049 5069 (etot.
2105 4994 2158 5047 in
2207 5008 2342 5069 nova

771 5062 1032 5123 Historia:
1054 5062 1351 5120 ecclesiast.
1383 5070 1629 5131 scriptor.
1658 5066 1789 5119 edit.
1828 5062 2095 5117 Basileen.
2136 5080 2187 5131 p.
2224 5064 2310 5116 16.

826 5139 904 5208 (d)
945 5137 1017 5191 De
1042 5137 1223 5208 officiis
1253 5138 1444 5208 eccles.
1468 5132 2087 5208 constantinopolitanw,
2120 5147 2238 5198 cap.
2288 5134 2339 5201 1,

753 5206 1095 5280 quinariae,
1130 5206 1330 5280 pag._3,
1362 5207 1495 5262 edit.
1523 5206 1691 5260 Paris.

828 5278 895 5348 (ε)
918 5277 1053 5348 ιωάο
1082 5291 1200 5345 ρειε-
1233 5276 1286 5348 7-

828 5345 893 5415 (f)
927 5346 1057 5401 lhid.
1081 5362 1201 5416 pag.
1226 5345 1279 5400 8.

830 5411 903 5487 (ᾖ)
942 5411 1183 5487 ξηιλ-η’,
1219 5416 1468 5487 ιιπςᾼόῖ
1501 5414 1680 5486 Regia!
1707 5411 2039 5487 edit._Paris.

948 5484 1165 5541 Prmlat.
1212 5481 1784 5558 all-Excerptaivaria
1828 5482 2063 5539 Cm'cor.
2117 5481 2342 5551 sapitist.

830 5555 896 5626 (il
926 5559 1077 5625 Apud
1105 5556 1391 5626 Collinum,
1421 5572 1540 5625 pag.
1573 5555 1662 5609 42.

832 5624 898 5697 (λ’)
930 5624 1067 5682 Ibid.
1102 5644 1223 5697 pag.
1257 5624 1346 5689 44,
1382 5624 1529 5681 num.
1560 5629 1613 5680 9.

832 5644 898 5697 (υ
930 5644 1067 5682 toto.
1102 5644 1223 5748 ρειξ.

830 5697 1065 5769 (k)_lbid.
1097 5715 1147 5765 ι).
1214 5735 1226 5747 .

832 5764 869 5832 (ι
876 5764 893 5835 j
923 5767 976 5820 lu
1006 5764 1249 5823 Glossar.
1278 5769 1346 5821 ad
1380 5764 1625 5820 Nicetam
1659 5764 1897 5835 przelixo.

833 5830 927 5911 (at)
950 5839 1064 5893 Lib.
1109 5852 1146 5904 ι,
1192 5851 1307 5907 Cap.
1358 5838 1390 5893 8
1418 5830 1700 5894 Obset'vai.
1756 5837 1809 5888 in
1840 5832 2027 5887 Codiu.
2067 5834 2115 5887 in
2152 5830 2339 5887 Codini

2451 4631 2782 4689 Possevinus
2818 4634 2871 4687 in
2907 4636 3182 4703 Apparatu
3235 4650 3410 4698 sacro,
3444 4633 3702 4697 Oudinus,
3741 4629 4026 4697 Meursius,

2454 4720 2799 4789 Dul’resnius,
2828 4724 3075 4791 Allatius,
3116 4724 3378 4794 Lequien,
3412 4725 3714 4791 Fabricius,
3745 4722 4029 4779 Garetius.

2445 4856 2573 4913 edit.
2608 4857 2738 4928 Reg.
2776 4859 2947 4913 Paris.
2974 4875 3103 4981 pag.
3133 4860 3255 4916 168.

2516 4928 2593 4981 (ni
2631 4928 2846 4981 Praefat.
2876 4932 2942 4981 ad
3008 4928 3235 4981 ‘xcernta

2516 4928 2593 4999 (η)
2631 4928 2846 4999 Prmfat.
2876 4932 2942 4983 ad
2974 4928 3235 4989 Excernta
3265 4928 3496 4985 (ἔνατον.
3531 4933 3751 4999 sopltist.

2517 4997 2592 5067 (υ)
2629 4999 2683 5051 lu
2710 4997 2953 5055 Clossar.

2516 5068 2590 5139 (ρ)
2617 5068 2755 5139 Loco
2778 5071 2864 5122 ubi
2908 5086 3090 5139 supra.

2515 5142 2585 5259 ὃτι)
2620 5138 3197 5222 Μεταστέλλεέαιητὸν
3250 5142 3649 5261 πῗοειρημένον
3691 5140 3900 5194 Φίλωνα
3938 5140 4031 5193 τὸν

2449 5209 2520 5283 tr:
2547 5225 2772 5283 catonem
2821 5211 3107 5283 {abutitur
3143 5211 3281 5283 ἀποδ
3304 5212 3434 5265 δωσι
3478 5213 3576 5283 τὴν
3609 5211 3892 5283 αὑθεντίαν
3930 5210 4032 5279 τῆς

2463 5278 2785 5399 ’βκκλῦισίας
2810 5279 2906 5347 τῆς
2924 5278 3357 5344 Κωνσλταντείας.
3395 5299 3514 5351 qua:
3536 5278 3762 5335 barbare
3791 5278 4032 5333 incertus

2463 5362 2569 5399 eius
2661 5352 2750 5399 ttae
2796 5352 3060 5399 interpres
3094 5354 3312 5399 reddit:
3356 5356 3547 5399 datnne
3578 5354 3624 5399 ei
3664 5351 4031 5399 auctoritatem

2451 5351 2576 5420 ejus
2619 5351 3060 5420 Vitae_interpres
3094 5354 3267 5420 reddit
3298 5369 3312 5403 :
3356 5356 3547 5420 datque
3578 5354 3624 5404 ei
3664 5351 4031 5404 auctoritatem

2448 5414 2700 5490 Ecclesia:
2736 5414 3080 5490 Constantine.
3125 5419 3239 5473 Vita
3268 5421 3325 5474 S.
3361 5414 3527 5489 Epiph
3563 5460 3577 5485 ,
3604 5436 3727 5490 cap.
3758 5420 3848 5473 49.

2520 5487 2589 5557 (ν)
2622 5489 2737 5557 get.
2774 5487 2878 5557 SS.
2910 5488 2975 5542 ad
3004 5494 3142 5543 diem
3183 5506 3259 5543 xu
3293 5485 3471 5543 Man.
3674 5485 3688 5490 ⁷
3848 5485 3884 5549 ’.

2484 5624 2497 5628 _
2521 5556 2590 5627 (s)
2616 5556 2771 5614 Tom.
2810 5556 2876 5623 Χ,
2910 5574 3028 5628 ρος.
3066 5559 3191 5624 487,
3220 5562 3351 5614 edit.
3406 5560 3579 5613 Paris.
3606 5561 3671 5614 de
3702 5557 3760 5612 S.
3806 5557 4037 5628 Epipha-

2449 5627 2561 5688 nio,
2584 5638 2636 5681 et
2664 5638 2775 5682 not.
2804 5629 2852 5691 1,
2887 5627 3009 5697 pag.
3040 5628 3163 5684 8‘05.

2525 5697 2587 5767 (t)
2624 5698 2781 5753 Tom.
2812 5697 2854 5752 ll
2880 5701 3040 5768 Oper.
3075 5700 3130 5753 S.
3162 5700 3467 5769 Epipbauii,
3503 5699 3708 5771 praefat.
3744 5699 3810 5753 ad
3856 5698 4034 5753 lecto-

2452 5782 2584 5823 rem.
