4208 6312
660 414 727 469 l5
1758 407 1962 464 PlllLO
2002 405 2400 464 CARPASHTS
2436 404 2835 461 EPISCOPUS.
3863 404 3928 459 lii

657 530 718 583 lli
755 541 884 582 vero
905 540 1097 581 omnes
1123 525 1268 580 clare
1304 525 1446 580 lumc
1477 524 1688 579 titulum
1724 522 2053 593 praeierunt:
2085 520 2253 574 Φίλω-
2284 528 2330 581 Α
2360 520 2510 588 tiqua
2545 518 2720 574 Graeci
2757 518 2917 587 hujus
2955 515 3327 571 commentarii
3357 516 3743 585 interpretatio.
3782 514 3931 573 Illam

659 628 749 681 νος
781 617 1082 671 ἐπισκόπου
1117 615 1210 670 τοῦ
1246 618 1569 688 Καρπασίου
1603 618 1698 671 σὺν
1726 615 1845 686 Θεῷ
1871 615 2136 687 ἑρμηνεία
2161 616 2248 679 εις

658 710 729 764 τὰ
752 711 1023 780 "Italiam
1050 707 1168 761 τῶν
1198 708 1486 778 ᾀσμάτων
1520 708 1654 781 πρὸς
1682 707 1973 761 Εὑστὰθιον
2006 706 2247 779 πρεσδύ-

655 818 813 872 τερον
838 802 929 854 καὶ
959 800 1217 854 Εὐσέϐιον
1244 800 1490 855 διάκονον
1514 818 1527 831 ·
1570 801 1805 855 Philonis
1841 801 2067 868 episcopi
2116 800 2250 852 Car-

658 894 817 963 pasii,
856 892 961 945 Deo
1012 893 1253 959 jut'nnte,
1298 894 1566 947 enarratio
1605 894 1658 946 itt
1693 892 1977 945 Canticum
2009 893 2250 944 cantico-

659 996 779 1037 rum
802 983 868 1034 ad
902 982 1238 1035 Eustuthinut
1284 986 1641 1053 presbyterum
1669 993 1715 1035 et
1743 979 2030 1034 Eusebium
2071 982 2251 1033 diaco-

658 1091 808 1129 num.
847 1072 1102 1127 Eamdem
1153 1073 1321 1128 luisse
1370 1075 1715 1144 cpigraphetu
1743 1074 1889 1127 credi
1952 1073 2247 1142 oportetin

660 1165 765 1219 alio
786 1166 971 1219 codice
1010 1163 1223 1229 Graeco,
1264 1180 1423 1233 quem
1457 1173 1603 1219 certe
1642 1166 1838 1219 vidisse
1886 1166 2122 1218 arbitror
2145 1164 2251 1217 Lu-

660 1277 778 1313 t-aut
804 1257 1161 1311 Holslenium.
1196 1257 1325 1310 Nam
1365 1256 1416 1309 itt
1470 1259 1611 1310 notis
1650 1264 1715 1309 ad
1753 1254 2138 1327 Ceogt'aphiam
2160 1274 2251 1309 sa-

658 1365 800 1400 crant
833 1347 1008 1402 Caroli
1052 1362 1078 1399 a
1112 1348 1169 1399 S.
1202 1346 1368 1400 Paulo
1407 1346 1507 1416 (tt),
1553 1345 1747 1415 Hujus,
1802 1346 1995 1415 inquit,
2025 1347 2249 1415 (Carpa-

659 1442 775 1511 site)
804 1441 1073 1508 episcopus
1116 1438 1268 1493 Philo
1319 1439 1665 1509 Καρπάσιος,
1718 1438 1869 1506 cujus
1918 1446 2252 1492 exstutcom-

661 1533 947 1587 mentcrius
984 1529 1200 1585 Crazcus
1233 1547 1330 1583 ms.
1362 1532 1411 1583 in
1445 1531 1666 1584 Cantica
1707 1530 2061 1595 canticorum,
2104 1544 2253 1597 quem

662 1629 816 1697 t'ulgo
871 1628 1006 1680 male
1064 1624 1431 1694 Carpathium,
1481 1626 1633 1694 quasi
1672 1639 1703 1675 a
1758 1619 2025 1690 Carpatho
2080 1618 2252 1671 insula

661 1721 946 1789 appellant.
1010 1720 1143 1774 Cum
1179 1717 1457 1771 Holsteuio
1482 1716 1755 1771 consentit
1806 1714 2056 1779 Allatius,
2086 1714 2176 1783 qui
2202 1714 2253 1766 itt

663 1812 894 1863 diatriba
949 1817 1013 1863 tte
1066 1794 1406 1873 Philonihus,
1481 1806 1691 1860 Philoni
1745 1804 2008 1874 Carpasio
2069 1803 2255 1857 tribuit

662 1902 1113 1954 commentarium
1150 1901 1201 1952 iu
1234 1898 1509 1954 Canticum
1535 1898 1859 1951 canticorum
1894 1911 1911 1948 :
1946 1895 2251 1957 Succincta,
2285 1878 2326 1932 Β

665 1992 858 2059 inquit,
893 1992 982 2044 sed
1005 1991 1317 2044 acutissima
1363 1990 1843 2057 laudatissimaque
1877 1988 2257 2041 commentaria

662 2084 867 2149 scripsit
913 2084 967 2136 itt
1036 2082 1317 2135 Canticum
1388 2082 1719 2135 canticorum
1779 2080 1848 2131 ad
1918 2076 2257 2131 Eustathium

662 2175 1018 2243 piesbyterum
1042 2184 1088 2226 et
1120 2170 1403 2225 Eusebium
1435 2172 1737 2224 diaconum.
1768 2169 1875 2223 Nec
1909 2169 2069 2223 aliam
2097 2183 2257 2237 quam

664 2281 787 2333 quae
821 2265 873 2317 in
908 2265 1223 2319 memoratis
1256 2262 1537 2317 codicibus
1570 2262 1881 2328 cxltihetur,
1909 2262 2255 2332 epigrapheut

668 2353 923 2409 habuisse
978 2354 1186 2406 videtur
1236 2350 1457 2407 Graccus
1512 2353 1677 2406 codex
1744 2351 1972 2406 Emerici
2039 2350 2256 2419 BigOtii.

663 2444 797 2497 Cum
833 2444 978 2496 enim
1006 2441 1362 2496 Cassiodorus
1387 2440 1673 2510 scripserit
1712 2440 1810 2511 (ὁ),
1838 2437 1897 2493 S.
1926 2436 2258 2509 Epiphanius

663 2535 883 2589 antistes
914 2534 1137 2604 Cyprius
1156 2540 1319 2586 latum
1345 2531 1538 2585 librum
1568 2529 1750 2586 Gra'co
1777 2547 2013 2585 sermone
2034 2546 2137 2585 uno
2172 2547 2260 2583 vo-

664 2626 861 2680 lumine
887 2625 1190 2691 complexus
1213 2634 1308 2678 est.
1332 2622 1489 2677 Hunc
1517 2639 1630 2688 nos,
1660 2634 1713 2677 ut
1742 2623 1899 2686 alios,
1933 2624 1985 2675 in
2014 2621 2257 2676 Latinam

663 2719 902 2789 linguam
934 2733 1025 2785 per
1053 2717 1285 2769 anticum
1338 2726 1595 2779 nostrum,
1652 2717 1824 2769 uirum
1853 2715 2257 2768 disertissimum

669 2809 1023 2878 Epiphanium
1056 2808 1299 2871 fecimus,
1335 2805 1441 2860 Deo
1468 2806 1709 2874 iuuante,
1739 2806 2051 2873 transferri;
2094 2806 2262 2861 Gere-

667 2904 776 2957 tius
816 2902 881 2954 ad
916 2901 1061 2954 hunc
1088 2899 1266 2955 locum
1312 2900 1452 2953 hanc
1486 2908 1670 2953 notam
1703 2899 1953 2969 apposuit
1990 2915 2003 2951 :
2054 2896 2142 2952 Vel
2168 2915 2262 2967 po-

665 2997 773 3048 titts
811 2992 965 3046 Philo
998 2993 1271 3045 ordinatus
1303 2993 1574 3059 episc0pus
1600 2989 1843 3059 Carpasii
1868 2992 1921 3043 in
1948 2990 2123 3044 insula
2155 2989 2261 3060 Cy-

666 3102 762 3156 pro
795 3103 825 3138 a
854 3084 911 3139 S.
950 3084 1242 3153 Epiphanio
1286 3084 1601 3138 Salaminios
1644 3085 1902 3147 antistite,
1935 3094 1989 3136 ut
2015 3085 2072 3137 in
2096 3084 2259 3153 ipsius

2351 624 2399 662 ν.
2444 609 2514 665 cl.
2558 608 2749 664 Petrus
2798 607 3120 662 Francis-ens
3176 606 3466 676 Foggiuios
3523 623 3667 661 anno
3711 608 3849 663 i750
3880 611 3933 663 in

2351 699 2519 753 lucem
2555 698 2749 753 estolit
2781 712 2812 751 e
2838 698 3255 752 ntentbt'auaceo
3291 698 3564 753 Vaticana:
3598 698 3936 755 bibliotheca:

2350 792 2553 856 codice,
2596 791 2749 861 cujus
2788 800 2999 845 aetatem
3028 791 3307 845 existimat
3334 792 3717 846 millenariam.
3752 792 3934 847 Codex

2354 884 2439 939 ille
2468 885 2776 951 interpretis
2806 884 3021 954 quidem
3058 899 3161 937 non
3204 883 3422 938 exhibet
3455 900 3680 950 nomen;
3721 884 3813 939 sed
3840 898 3937 937 au-

2352 986 2556 1029 ctorem
2612 974 2832 1046 praefert
2872 974 2931 1028 S.
2994 974 3375 1043 Epiphaniam.
3433 974 3582 1029 Hanc
3605 976 3746 1028 enim
3777 974 3936 1029 habet

2354 1067 2758 1137 inscriptionem
2798 1086 2811 1123 :
2848 1067 3123 1135 Expositio
3159 1066 3218 1121 S.
3256 1066 3540 1135 Epiphanii
3578 1068 3802 1136 episcopi
3839 1065 3939 1135 συ-

2353 1161 2433 1227 pii
2460 1162 2508 1212 in
2542 1158 2760 1213 Cantica
2799 1162 3153 1213 canticorum.
3207 1160 3353 1213 Hanc
3394 1161 3688 1213 versionem
3748 1157 3939 1229 Ροεςί-

2358 1254 2475 1303 nius
2508 1252 2663 1320 putat
2704 1254 2771 1304 ab
2815 1250 3115 1319 Epiphanio
3146 1250 3484 1304 Scholastico
3512 1266 3633 1305 esse
3668 1250 3938 1318 CompOai-

2357 1352 2486 1407 tam,
2519 1352 2570 1395 et
2600 1345 2845 1396 eamdem
2880 1342 3027 1395 illaut
3054 1350 3172 1397 ease
3197 1353 3387 1398 censet
3416 1343 3937 1413 interpretationem,

2355 1450 2516 1504 quam
2551 1433 2908 1490 Cassiodorus
2936 1434 3052 1489 loco
3074 1450 3232 1505 quem
3268 1435 3548 1490 attulimus
3591 1450 3749 1503 supra
3791 1450 3940 1490 com-

2358 1538 2641 1583 memorat.
2689 1527 2834 1583 lllius
2877 1529 3016 1582 tituli
3070 1531 3352 1583 veritatem
3378 1530 3595 1599 agnovit
3629 1529 3939 1583 Adrianusl

2358 1635 2494 1689 papa
2527 1620 2576 1673 in
2608 1620 2809 1689 scripto
2838 1621 2911 1674 De
2932 1621 3246 1687 imaginibus
3272 1620 3337 1673 ad
3357 1620 3606 1675 Carolum
3638 1636 3811 1690 regem
3836 1624 3937 1689 (e):

2360 1710 2423 1764 In
2494 1727 2751 1780 persona,
2816 1712 3022 1779 iuqttit,
3078 1710 3275 1765 Christi
3329 1722 3375 1765 et
3424 1710 3676 1765 Ecclesia:
3737 1710 3943 1767 diversa

2357 1813 2657 1857 sanctorum
2686 1800 2905 1857 Patrum
2960 1803 3210 1869 opuscula
3266 1803 3317 1857 in
3344 1803 3565 1858 Cantica
3606 1804 3941 1857 canticorum

2359 1896 2641 1964 explanata
2666 1908 2786 1950 sunt
2809 1915 2827 1950 .·
2862 1910 2907 1951 et
2943 1898 2989 1950 si
3018 1897 3227 1966 quando
3247 1896 3639 1966 intelligendum
3670 1905 3767 1962 est,
3812 1897 3947 1950 scire

2360 1990 2539 2053 uelint,
2567 1988 2624 2043 S.
2657 1988 2943 2057 Epiphanii
2970 1989 3199 2056 episcopi
3252 1987 3412 2057 Cypri
3439 1988 3758 2056 proferimus
3787 2002 3948 2056 expo-

2360 2077 2623 2142 sitionem,
2664 2079 2841 2147 inqua
2866 2080 3002 2131 inter
3047 2078 3211 2129 multa
3238 2077 3445 2130 diversa
3473 2078 3639 2146 inquit
3664 2092 3683 2131 :
3710 2076 3949 2133 Ostende

2362 2175 2491 2230 tttilti
2520 2175 2710 2230 faciem
2750 2184 2917 2240 tuam,
2942 2184 2994 2229 et
3018 2175 3255 2229 auditam
3284 2173 3371 2228 l'ac
3399 2174 3529 2229 mihi
3550 2189 3731 2228 vocem
3761 2181 3947 2239 tuam;

2362 2267 2465 2321 hoc
2489 2276 2570 2321 est
2602 2282 2695 2336 per
2733 2267 2905 2337 legem
2943 2276 2997 2319 et
3033 2266 3327 2334 prophetas
3383 2281 3485 2319 non
3521 2265 3650 2318 tnihi
3682 2264 3946 2333 loquaris,

2362 2356 2454 2409 sed
2489 2356 2831 2423 temetipsum
2888 2364 3056 2411 totum
3096 2356 3222 2408 mihi
3259 2355 3503 2419 ostende,
3533 2365 3579 2409 et
3616 2366 3803 2409 ca'tera
3829 2369 3951 2423 qua

2364 2457 2667 2515 sequuntur.
2704 2443 2825 2497 lla-c
2857 2458 2984 2497 vero
3039 2454 3161 2497 sunt
3195 2443 3461 2511 ipsissima
3514 2452 3700 2508 verba,
3746 2456 3864 2512 quae.
3893 2442 3951 2497 in

2361 2538 2596 2592 editione
2620 2535 2948 2605 Fogginiaua
2979 2538 3225 2604 leguntur
3253 2550 3374 2603 pag.
3401 2534 3504 2596 59;
3548 2534 3722 2604 iisque
3762 2534 3953 2590 Graeca

2364 2627 2691 2697 respondent
2737 2627 2787 2679 itt
2845 2625 2943 2679 hac
2991 2625 3226 2680 editione
3274 2635 3455 2679 nostra
3509 2641 3657 2680 num.
3693 2626 3780 2679 74.
3838 2625 3952 2682 Nec

2368 2734 2493 2773 vero
2539 2720 2705 2771 codex
2746 2716 2834 2771 ille
2874 2715 3162 2769 Vaticanus
3194 2726 3279 2771 est
3318 2717 3541 2779 unicus;
3574 2716 3665 2771 sed
3689 2727 3864 2772 exstat
3895 2719 3950 2773 iu

2366 2810 2694 2865 bibliotheca
2728 2807 2893 2877 Regia
2942 2808 3235 2863 Parisieusi
3268 2810 3429 2874 inter
3469 2808 3807 2862 miscellanea
3866 2808 3955 2862 Bi-

2364 2901 2493 2973 gotii
2532 2901 2672 2955 idem
2709 2900 2938 2975 Latinus
2969 2900 3419 2964 commentarius,
3452 2915 3612 2969 quem
3643 2916 3706 2953 ex
3740 2896 3957 2953 Vatica—

2366 3007 2434 3046 uo
2462 2992 2651 3046 codice
2682 2991 2897 3061 quidam
2938 2992 3283 3061 suspicantur
3316 3005 3437 3045 esse
3463 2991 3811 3061 descriptum.
3844 2990 3953 3045 Sed

2368 3084 2521 3140 falso.
2551 3083 2689 3138 Nam
2731 3084 2781 3138 in
2811 3083 3093 3154 Bigotiano
3111 3084 3296 3138 codice
3330 3085 3477 3137 deest
3506 3082 3768 3151 prmfatio,
3790 3098 3954 3153 quam

675 3177 848 3231 sancti
885 3176 1005 3231 Vita
1036 3176 1245 3245 legitur.
1299 3175 1417 3229 Vidi
1458 3175 1673 3243 hujusce
1730 3176 2093 3230 commentarii
2146 3187 2260 3230 tex-
2289 3213 2331 3269 Ο
2376 3177 2663 3230 Vaticanus
2690 3177 2857 3231 codex
2891 3177 3155 3243 integram
3203 3174 3382 3230 habet.
3416 3174 3649 3244 Aﬂq‘uum
3676 3175 3843 3245 igitur
3869 3185 3958 3229 est

667 3280 785 3323 tum
806 3266 1049 3343 Gnaeum
1094 3270 1149 3322 in
1190 3268 1430 3321 manibus
1458 3284 1505 3321 υ.
1542 3269 1611 3321 cl.
1643 3267 1872 3321 Emerici
1908 3266 2103 3336 Bigotii
2142 3284 2258 3321 cum

670 3360 1024 3416 translatione
1063 3357 1280 3423 Latina,
1322 3360 1476 3428 cujus
1499 3358 1583 3413 hic
1620 3359 1853 3412 meminit
1887 3356 2259 3413 Cassiodorus.

666 3453 803 3519 Cum
838 3449 1119 3507 Holsteuio
1148 3459 1202 3503 et
1251 3446 1861 3505 Caretio~concordant
1897 3448 2177 3503 Fabricius
2210 3461 2262 3504 et

668 3543 929 3613 Lequieu.
966 3542 1063 3597 llic
1096 3543 1239 3597 enim
1279 3544 1330 3595 in
1363 3541 1578 3596 Oriente
1624 3540 1929 3596 Christiano
1981 3540 2051 3612 (ε)
2091 3559 2104 3595 :
2136 3539 2265 3595 Phi-

669 3635 831 3702 lonis,
859 3634 1053 3704 inquit,
1111 3634 1339 3703 episcopi
1352 3631 1619 3699 'Carpasii
1651 3643 1818 3686 exstat
1856 3634 2263 3687 comntentarius

670 3728 722 3781 iu
764 3728 1050 3781 Canticum
1106 3730 1469 3790 canticorum,
1532 3724 1682 3794 cujus
1733 3722 1927 3778 Latina
1986 3724 2265 3780 translatio

669 3818 1067 3889 circumfertur,
1096 3835 1127 3871 a
1168 3817 1356 3872 Gra'co
1407 3817 1586 3871 codice
1621 3817 1907 3870 admodum
1934 3818 2260 3886 discrepans.

670 3908 966 3966 Genuinum
996 3914 1110 3974 eius
1140 3908 1407 3979 exemplar
1464 3908 1530 3962 cl.
1564 3908 1807 3978 Bigotius
1848 3909 1902 3961 in
1942 3924 2045 3962 sua
2073 3908 2263 3961 biblio-

672 4005 822 4058 theca
847 4006 1105 4064 seruabat.
1134 4002 1275 4073 quod
1300 3999 1482 4055 Greece
1509 3999 1789 4068 Latineque
1822 4016 1853 4052 a
1895 4016 1949 4053 se
1965 4000 2265 4068 propediem

671 4096 927 4150 edendum
962 4095 1255 4148 Casimirus
1283 4092 1464 4148 Oudin
1488 4093 1542 4147 in
1582 4108 1681 4145 suo
1713 4092 1782 4144 ad
1813 4090 2142 4144 Labbeanam
2174 4088 2270 4144 Bi-

673 4186 981 4241 bliothecam
1005 4184 1365 4255 supplemento
1386 4200 1531 4253 spem
1565 4184 1712 4237 nobis
1743 4182 1956 4251 fecerat.
1985 4181 2269 4239 Fabricius

624 4312 627 4313 ν
675 4294 803 4333 vero
838 4277 916 4349 (d)
974 4295 989 4331 :
1042 4275 1365 4341 Genuinum,
1424 4275 1620 4344 inquit,
1672 4272 1913 4328 Philonis
1948 4284 2272 4327 commenta-

677 4373 815 4423 rium
846 4369 1033 4425 Crteco
1071 4385 1099 4423 e
1127 4369 1305 4423 codice
1353 4367 1630 4438 Bigotiano
1681 4367 1945 4420 editurum
1977 4367 2179 4437 pridem
2218 4366 2270 4419 in

678 4481 733 4517 se
757 4463 944 4531 recepit
976 4462 1054 4515 vir
1086 4461 1424 4514 doctissimus
1446 4457 1725 4513 Anselmus
1749 4456 2053 4512 Bandurius
2091 4473 2274 4511 mona-

676 4559 804 4612 chus
822 4554 1216 4611 Benedictinus.

749 4649 933 4718 Itaque
957 4663 1077 4701 cum
1108 4644 1362 4716 praeclara
1392 4640 1633 4697 doctrina
1663 4648 1980 4709 praestantes
1999 4638 2271 4703 Garetius,

677 4741 939 4809 Lequieu,
994 4737 1299 4799 Fabricius,
1352 4734 1663 4788 Baudurius
1722 4741 1776 4786 et
1822 4733 1930 4784 duo
1956 4730 2058 4785 viri
2092 4730 2270 4800 magni

681 4835 909 4889 Allutius
937 4842 991 4887 et
1020 4829 1334 4885 llolstenius
1366 4828 1418 4881 in
1467 4827 1569 4881 hoc
1596 4822 1959 4886 consentiant,
1992 4820 2269 4877 Philonem

680 4926 997 4997 Carpasium
1053 4934 1330 4978 auctorem
1387 4917 1555 4973 fuisse
1587 4917 1758 4973 Grmci
1790 4912 2163 4970 commentarii
2216 4913 2271 4966 in

682 5017 960 5074 Canticum
1002 5014 1354 5076 cantiromm,
1381 5020 1434 5065 et
1472 5009 1645 5064 Gra'ci
1675 5006 1892 5062 codices
1918 5020 2145 5075 quorum
2177 5019 2273 5058 uo-

687 5110 801 5165 titia
830 5108 897 5162 ad
952 5121 1049 5161 nos
1084 5104 1351 5175 pervenit,
1394 5102 1632 5156 Philonis
1690 5098 1938 5168 Carpasii
1983 5094 2277 5167 pra-lerant

686 5216 920 5265 nomen;
984 5199 1124 5253 haud
1158 5208 1306 5252 certe
1366 5197 1561 5251 iecisse
1601 5205 1800 5248 temere
1856 5192 2120 5257 videatur,
2185 5189 2274 5259 qui

690 5296 834 5350 hunc
857 5308 1019 5362 quem
1061 5289 1258 5359 publici
1283 5288 1420 5359 juris
1453 5287 1610 5348 iacio,
1653 5283 2123 5346 commentarium,
2157 5297 2279 5335 cum

688 5388 877 5442 iisdem
901 5384 1107 5440 Graecis
1134 5381 1406 5435 codicibus
1424 5379 1694 5441 collatum,
1721 5376 1893 5431 eidem
1919 5374 2129 5429 I'hiloni
2150 5372 2281 5428 Car-

688 5477 823 5549 pasii
855 5476 1107 5545 episcopo
1143 5470 1404 5525 tribuerit.

762 5567 1143 5623 Verumtamen
1170 5559 1541 5632 gravissimam
1590 5556 1958 5611 dill‘tcultatetn
1987 5554 2144 5610 oilert
2176 5569 2276 5608 au-

766 5703 841 5774 (a)
874 5702 990 5756 Lib.
1018 5717 1073 5774 t_l,
1102 5695 1439 5774 pag._297._h
1622 5750 1627 5753 .

764 5761 839 5839 ibi
873 5775 987 5827 Lib.
1024 5761 1558 5839 lle-institttt.‘l_t'l_lerat
1589 5804 1603 5828 ,
1640 5778 1759 5831 cttp.
1797 5761 1850 5815 5.

764 5834 832 5905 tri
870 5842 1024 5897 Tom.
1054 5843 1115 5907 ιι,
1149 5854 1267 5907 pag.
1299 5834 1457 5888 t067.

2367 3267 2679 3322 existimare
2727 3266 2907 3335 plures
2932 3264 3155 3321 Latinos
3186 3265 3353 3321 fuisse
3388 3267 3514 3320 olim
3569 3267 3771 3323 similes
3801 3267 3951 3321 codi-

2366 3375 2478 3423 ces,
2510 3369 2565 3415 et
2613 3358 2847 3413 fortasse
2902 3360 3080 3413 adhuc
3123 3359 3320 3415 alicubi
3387 3360 3739 3426 delitescere;
3794 3361 3953 3429 idque

2366 3454 2531 3523 probe
2566 3452 3133 3519 animadvertendum,
3167 3469 3232 3507 ne
3273 3453 3391 3523 quis
3430 3468 3494 3508 es
3527 3468 3591 3508 eo
3630 3454 3771 3524 quod
3815 3469 3957 3508 unus

2369 3545 2741 3599 tantummodo
2786 3554 2841 3598 et
2878 3545 3172 3613 singularis
3200 3546 3544 3601 existimetur
3583 3562 3703 3602 esse
3740 3545 3957 3602 Vatica-

2368 3652 2468 3691 nus
2507 3638 2700 3701 codes,
2751 3635 2823 3690 illi
2876 3652 3095 3707 parvam
3138 3638 3295 3692 iidem
3348 3638 3647 3694 habendam
3677 3653 3797 3693 esse
3824 3654 3957 3693 cou-

2370 3730 2572 3783 tendat.
2597 3728 2729 3782 Cum
2781 3728 2940 3798 igitur
2970 3727 3219 3783 Latinum
3249 3732 3699 3784 commentarium
3745 3739 3955 3785 constet

2366 3835 2488 3875 esse
2511 3820 2682 3876 Graeci
2704 3819 3002 3874 Philoniaui
3035 3823 3364 3879 versionem:
3392 3822 3704 3876 alterutrum
3729 3822 3961 3890 pseudo.

2367 3914 2716 3983 epigraphuut
2774 3928 2895 3967 esse
2933 3924 3163 3982 oportet.
3220 3913 3368 3969 Hanc
3427 3912 3794 3968 dilIicultatem
3860 3915 3959 3967 ha-

2374 4020 2489 4058 rum
2546 4018 2726 4058 rerum
2786 4004 3209 4075 intelligentibus
3254 4006 3639 4075 expediendam
3687 4006 3955 4074 relinquo.

2384 4098 2544 4153 Certe
2576 4099 2828 4152 Garetius
2856 4098 2945 4167 qui
2994 4100 3133 4166 apud
3168 4098 3432 4167 Bigotiqu
3487 4107 3773 4167 utrumque
3804 4099 3956 4165 vidit,

2389 4190 2838 4243 commentarium
2865 4188 3109 4245 Graecum
3145 4202 3197 4244 et
3234 4189 3505 4255 Latinum,
3551 4191 3749 4244 nodum
3794 4191 3959 4243 auda-

2372 4291 2488 4337 ctcr
2555 4291 2801 4350 amputat
2859 4293 2914 4337 et
2972 4283 3188 4352 oblique
3230 4283 3536 4337 Cassiodori
3587 4283 3955 4337 teStimoniutn

2374 4374 2594 4426 videtur
2618 4371 2869 4441 rejicere,
2904 4372 3273 4443 lectoremque
3313 4374 3700 4443 propemodum
3747 4374 3800 4427 in
3839 4388 3959 4428 eam

2379 4463 2650 4518 adducere
2681 4461 3108 4527 dubitationem,
3133 4471 3313 4515 utrum
3363 4461 3696 4531 Epiphanius
3734 4460 3961 4515 antistes

2307 4564 2350 4618 υ
2379 4551 2610 4621 Cyprius
2653 4550 3106 4605 commentarium
3176 4544 3563 4618 conscripserit
3610 4545 3847 4616 aliquem
3906 4546 3963 4600 in

2383 4643 2657 4697 Canticum
2696 4642 3039 4695 canticorum.

2459 4733 2595 4801 Quid
2626 4734 2670 4789 si
2708 4734 3001 4788 contendat
3060 4731 3255 4800 aliquis
3284 4730 3546 4785 memoria
3588 4727 3795 4798 lapsum
3830 4725 3965 4782 Cas-

2381 4826 2682 4889 siodorum,
2731 4838 2827 4893 pro
2860 4823 3086 4878 Philone
3140 4820 3421 4891 Epiphanii
3453 4819 3643 4889 aequali
3679 4827 3735 4874 et
3764 4818 3965 4881 amico,

2383 4913 2739 4995 Epipbaqium
2769 4912 3059 4982 posuisse?
3082 4910 3220 4977 Quid
3257 4909 3563 4973 sicodicem
3588 4924 3747 4977 quem
3776 4907 3967 4977 habuit

2381 5006 2764 5071 Cassiodorus,
2802 5015 2861 5058 ut
2899 5005 3101 5073 majore
3132 5004 3302 5073 pretio
3334 5002 3554 5070 dignum
3588 5000 3789 5054 iaceret
3817 5014 3968 5053 anta-

2384 5100 2625 5165 nuensis,
2672 5098 2953 5167 Epiphanii
2988 5110 3197 5166 magna:
3231 5095 3392 5148 famae
3422 5108 3616 5148 nomen
3654 5109 3750 5163 pro
3772 5095 3967 5147 obscu-

2385 5188 2528 5241 riore
2556 5185 2799 5240 Philonis
2832 5186 3049 5239 nomine
3078 5184 3151 5237 illi
3183 5184 3501 5251 inscripsit?
3527 5184 3590 5237 Et
3622 5182 3968 5237 consuevisse

2388 5280 2603 5349 quidem
2657 5276 2929 5339 librarios,
2986 5275 3159 5330 utch
3217 5276 3466 5344 peritiam
3503 5275 3583 5328 vel
3634 5273 3967 5343 diligentiam

2390 5368 2835 5422 connuendarent
2888 5381 3063 5430 suam,
3117 5369 3205 5435 qui
3255 5368 3469 5422 codices
3531 5366 3612 5421 vel
3655 5367 3857 5420 nullum
3886 5364 3969 5419 vel

2390 5461 2633 5530 ignotum
2668 5461 3027 5514 obscurumve
3066 5458 3381 5527 praeferrent
3409 5468 3703 5521 auctorem,
3739 5458 3806 5511 iis
3837 5457 3968 5510 insi-

2387 5567 2491 5623 gne
2525 5551 2754 5620 alicujus
2798 5551 3028 5606 celebris
3076 5552 3362 5621 scriptoris
3425 5567 3620 5607 nomen
3670 5548 3972 5619 praeﬁgere,

2453 5687 2530 5755 (tl)
2564 5684 2705 5740 Loco
2730 5702 2891 5755 supra
2924 5688 3015 5740 cit.

2456 5754 2526 5828 (e)
2566 5756 2721 5812 Tom.
2751 5757 2813 5810 ιν
2848 5755 3049 5810 Concil.
3089 5754 3371 5819 llardnitti,
3396 5754 3500 5809 col.
3529 5754 3649 5810 785.
