4208 6312
280 407 305 459 1
324 408 355 458 7
1709 394 2095 451 PREFATIO.
3479 381 3543 437 i8

274 521 629 579 notissimum
657 528 741 573 est
771 518 1023 572 omnibus
1072 516 1160 584 qui
1196 513 1277 565 Vel
1304 513 1491 566 h-viter
1522 511 1622 566 hoc
1663 511 1866 566 studio-
1894 513 1941 573 Α
1972 517 2356 565 commentum.
2385 503 2734 574 Carpathimn
2779 516 2906 558 vero
2934 509 2988 557 et
3015 498 3457 556 commentarium
3489 499 3539 552 in

277 627 407 667 rnm
430 627 600 680 genus
636 609 938 677 attigerint.
976 606 1181 676 Lapsus
1216 620 1340 659 vero
1380 604 1656 659 memoriae
1686 603 1738 657 in
1770 619 1864 656 au-

275 704 529 758 ctoribus
601 700 946 756 nominandis
1013 696 1288 765 complura
1375 693 1553 750 afferri
1646 703 1870 764 possunt

289 794 562 861 exempla.
594 791 868 847 Melchiori
899 790 1047 846 Cano
1071 790 1169 862 (a).
1193 798 1240 841 et
1265 786 1525 843 Garnerio
1559 787 1654 858 (b),
1691 786 1857 854 suspi

276 890 372 942 cio
406 887 502 940 fuit
527 886 852 955 Gregorium
876 883 1126 954 Magnum
1155 879 1225 950 (c)
1244 895 1339 951 pro
1369 878 1669 934 Sozooweno
1690 879 1867 933 Theo-

278 980 531 1034 dorctum
588 976 870 1047 posuisse;
899 974 965 1028 de
1011 987 1117 1043 quo
1166 972 1441 1029 memor-be
1503 972 1647 1039 lapsu
1686 971 1867 1025 Fabri-

279 1073 409 1128 eius
440 1071 515 1140 (τι)
547 1086 653 1124 non
693 1068 1021 1139 suspicatur,
1064 1065 1158 1120 sed
1195 1082 1293 1117 non
1343 1064 1553 1117 dubium
1591 1080 1699 1117 esse
1727 1061 1867 1115 aliir-

282 1174 423 1228 mat,
454 1162 771 1233 Gregorium
807 1159 1041 1213 voluisse
1092 1156 1489 1210 Theudor-etum
1545 1171 1640 1222 pro
1700 1156 1867 1209 δοιο-

282 1268 451 1310 meno
490 1255 690 1309 dicere.
736 1252 852 1319 Quo
890 1252 941 1305 in
970 1250 1089 1306 loco
1122 1249 1356 1305 Fabricii
1388 1250 1537 1318 plura
1573 1249 1677 1303 alia
1716 1264 1868 1319 repe-

281 1348 404 1402 rias
436 1346 697 1415 ejusmodi
736 1345 920 1415 lapsus
971 1342 1241 1411 exempla.
1290 1342 1352 1395 Et
1390 1350 1541 1396 certe
1582 1350 1686 1395 tam
1729 1356 1868 1407 saepe

281 1438 341 1492 id
376 1437 593 1502 accidit,
640 1447 694 1491 ut
729 1437 793 1491 de
846 1434 1152 1503 huiusmodi
1198 1432 1461 1500 exemplis
1508 1432 1869 1504 Hierooyuius

284 1530 636 1585 Tartarottus
664 1530 733 1599 (e)
757 1528 952 1583 librum
999 1530 1113 1581 sive.
1145 1525 1581 1581 dissertationem
1606 1527 1871 1580 coniicere

282 1622 551 1690 potuerit.
588 1620 851 1674 Praeterea
910 1628 962 1673 et
1003 1618 1128 1672 illud
1185 1616 1381 1685 aliquis
1418 1630 1610 1686 urgere
1660 1615 1864 1685 possit;

280 1714 434 1781 quod
461 1725 554 1764 nos
585 1710 650 1763 ad
700 1708 1109 1777 exiilicationem
1162 1706 1533 1760 Philonianam
1584 1721 1733 1759 num.
1763 1704 1870 1758 9:22

282 1802 691 1865 adnotavimus,
715 1814 821 1868 quo
846 1799 896 1851 in
927 1798 1044 1854 loco
1074 1795 1273 1852 locutio
1296 1797 1560 1865 reperitur
1581 1795 1645 1848 de
1668 1792 1867 1858 Verbo,

281 1910 456 1964 quam
504 1893 836 1961 Epiphanius
893 1890 1082 1945 haeresi
1117 1904 1323 1952 uxr”,
1359 1903 1506 1941 num.
1535 1886 1626 1951 29,
1658 1885 1871 1939 videtur

281 1986 649 2056 improbasse.
688 1983 795 2040 Nec
840 1983 1036 2052 aliquis
1070 1981 1301 2037 fortasse
1348 1978 1601 2043 defuerit,
1629 1979 1718 2049 qui
1787 1992 1870 2031 re-

282 2078 531 2148 spiciens
558 2077 625 2129 ad
655 2074 965 2131 Cassiudori
1022 2071 1315 2128 Chronicon
1341 2078 1396 2125 et
1421 2069 1762 2137 Tripartitam
1785 2069 1866 2122 hi-

280 2171 533 2234 storiam,
559 2168 820 2237 judicium
868 2167 984 2237 ejus
1020 2166 1320 2231 desideret;
1372 2164 1455 2219 cui
1495 2172 1776 2232 propterea
1816 2160 1876 2215 in

283 2262 416 2317 aliis
450 2274 664 2331 quoque
693 2259 854 2322 rebus
903 2257 956 2311 in
987 2255 1181 2326 quibus
1214 2254 1400 2310 critica
1432 2262 1516 2308 est
1574 2266 1726 2322 opus,
1766 2265 1868 2304 non

285 2363 469 2410 tntum
499 2366 620 2407 esse
651 2351 949 2405 arbitretur
967 2347 1188 2403 omnino
1215 2345 1396 2400 fidere.

369 2446 475 2501 Sed
512 2442 870 2515 Epiphaniani
922 2438 1297 2497 commentarii
1337 2435 1734 2491 eruditissimus
1754 2433 1871 2487 edi-

283 2547 383 2593 tor
404 2537 471 2591 ad
512 2536 651 2590 hanc
682 2533 1062 2588 removendam
1104 2526 1462 2584 difﬁcultatem
1500 2526 1658 2580 aliam
1690 2526 1871 2593 ingre-

280 2629 440 2684 ditur
472 2627 611 2681 viam
656 2642 671 2679 :

282 2715 569 2772 Canticum
602 2713 922 2766 canticorum
971 2725 999 2764 a
1053 2708 1277 2763 Philone
1322 2707 1572 2776 qnepiam
1603 2706 1875 2773 composi-

281 2817 405 2860 tum
431 2803 587 2857 facile
607 2801 879 2858 concedit.
902 2800 1110 2856 Etsane
1130 2797 1327 2853 Snidas
1346 2798 1396 2851 in
1432 2797 1621 2851 [καὶεο
1642 2813 1659 2851 .·
1678 2796 1879 2864 Φίλων,

277 2900 389 2961 ait,
410 2893 725 2967 Καρπάθιος
758 2892 995 2964 ἔγραψεν
1019 2890 1317 2961 ὑπόμνημα
1340 2891 1426 2954 εἰς
1449 2887 1515 2942 τὸ
1536 2883 1736 2959 ’ᾼσμα
1758 2886 1876 2941 τῶν

281 2989 581 3061 ᾀσμάτων
604 3001 619 3016 ⁸
664 2983 820 3039 Philo
859 2982 1173 3050 Carpathius
1210 2981 1416 3049 scripsit
1445 2981 1877 3033 commentarium

279 3087 339 3136 in
362 3080 647 3137 Canticum
673 3077 1023 3131 canticorum.
1039 3073 1304 3128 Praeterea
1325 3071 1547 3125 Cosmus
1566 3069 1871 3140 Egyptins,

721 2624 984 2687 Primum,
1051 2619 1499 2675 commentarium
1552 2617 1781 2684 aliquem
1818 2616 1881 2668 in-

1971 616 2092 656 enm
2130 599 2323 653 librum
2353 594 2655 667 scripsisse,
2687 603 2742 649 et
2781 593 2928 663 plura
2988 607 3051 647 ex
3083 590 3361 660 Epipbauii
3395 604 3544 644 eom-

1971 693 2240 747 meutario
2272 696 2521 759 excerpta
2554 685 2607 741 in
2642 699 2797 741 suum
2832 682 3298 743 commentarium,
3332 682 3382 735 in
3428 680 3543 749 epi-

1975 797 2155 842 tomen
2191 786 2428 845 redacta,
2467 779 2784 837 inseruisse.
2815 776 3012 832 Verum
3062 774 3394 847 probandum
3418 772 3540 826 fue-

1972 889 2056 935 rat
2087 878 2260 948 primo
2290 885 2503 933 exstare
2528 875 2758 945 aliquem
2782 881 2871 925 aut
2892 871 3165 926 exstitisse
3194 869 3292 923 sub
3323 866 3540 922 nomine

1974 970 2217 1028 Philonis
2251 968 2304 1023 in
2337 967 2554 1023 Cantica
2598 966 2921 1021 canticorum
2970 959 3541 1023 eiusn‘iodi'eommen-

1973 1064 2188 1131 larium,
2223 1062 2314 1134 qui
2344 1061 2600 1131 pleraque
2644 1058 2744 1126 ipsi
2770 1053 2976 1111 Philoni
3007 1051 3219 1122 propria
3246 1059 3301 1104 et
3332 1048 3400 1104 ab
3429 1046 3546 1116 ejus

1971 1156 2186 1228 ingenio
2245 1152 2480 1224 profecta
2519 1149 2837 1209 contineret,
2892 1155 2945 1200 et
2995 1148 3061 1199 ab
3094 1142 3156 1198 iis
3185 1142 3393 1220 diversa
3423 1153 3544 1208 qua:

1973 1251 2024 1304 in
2053 1246 2427 1317 Epiphaniano
2450 1240 2841 1298 commentario
2870 1236 3230 1304 reperiuntur.
3257 1230 3457 1286 Deinde
3480 1244 3540 1284 ea

1971 1339 2165 1395 afferre
2220 1353 2354 1409 opus
2388 1338 2583 1399 fuerat,
2644 1346 2764 1403 quae
2802 1329 2952 1384 Philo
2991 1343 3056 1382 ex
3098 1323 3394 1396 Epiphanio
3446 1336 3545 1375 ex-

1971 1438 2155 1500 cerpta
2179 1428 2232 1482 in
2262 1441 2416 1482 suum
2469 1420 2911 1479 commentarium
2948 1416 3030 1472 vel
3075 1416 3354 1470 decurtata
3380 1409 3461 1464 vel
3491 1410 3542 1464 in

1972 1520 2346 1591 compendium
2407 1516 2619 1573 redacta
2664 1509 3018 1568 transtulerit.
3074 1506 3193 1562 Sed'
3228 1504 3313 1559 vir
3356 1503 3546 1558 doctus

1972 1624 2219 1671 neutrum
2255 1620 2510 1681 praestare
2539 1609 2729 1679 potuit.

2045 1705 2155 1760 lmo
2186 1719 2311 1759 vero
2340 1704 2383 1758 si
2405 1700 2579 1771 Graeci
2610 1696 2985 1756 commentarii
3021 1694 3173 1766 copia
3220 1691 3293 1747 illi
3328 1690 3542 1750 fuisset,

1972 1795 2222 1866 profecto
2244 1793 2673 1865 Epiphanianum
2704 1785 3155 1845 commentarium
3181 1780 3543 1853 perspexisset

1972 1888 2215 1943 Latinam
2250 1900 2372 1941 esse
2424 1882 2727 1939 Pbiloniani
2783 1878 2956 1934 Grreei
3014 1875 3353 1938 versionem;
3388 1882 3441 1924 et
3492 1870 3543 1923 in

1970 1979 2161 2036 Graeco
2185 1978 2370 2033 eadem
2398 1975 2555 2046 plane
2577 1975 2693 2028 loca
2726 1971 3013 2041 reperisset
3047 1970 3274 2038 integra,
3311 1977 3428 2032 quae
3462 1960 3547 2015 ille

1969 2079 2173 2124 catenae
2207 2065 2422 2121 Meursii
2453 2072 2508 2118 et
2539 2062 2809 2118 Vaticanae
2866 2058 3027 2113 nimis
3063 2054 3323 2117 confisus,
3354 2051 3544 2106 existi—

1972 2157 2139 2212 mavit
2194 2155 2465 2210 Philonem
2503 2152 2641 2208 facta
2700 2150 2944 2206 breviora
2996 2148 3047 2202 in
3098 2139 3544 2201 eounnentarium

1971 2264 2124 2304 suum
2158 2245 2508 2317 compegisse.
2562 2237 2583 2257 δ

2044 2340 2256 2395 Primus
2298 2338 2440 2393 enim
2493 2335 2643 2391 locus
2691 2342 2775 2389 est
2805 2332 2876 2404 (It)
2906 2329 2995 2399 qui
3043 2326 3237 2399 legitur
3270 2326 3320 2379 in
3355 2321 3548 2376 Latino

1973 2432 2359 2489 commentario
2419 2446 2472 2500 p.
2504 2430 2586 2496 ll,
2640 2428 2731 2482 lin.
2765 2426 2851 2489 19,
2898 2439 3056 2495 quem
3124 2421 3343 2476 totidem
3371 2414 3549 2471 verbis

1974 2526 2127 2580 aﬂert
2158 2539 2223 2579 es
2283 2522 2505 2579 Philone
2542 2522 2767 2577 Cosmas
2802 2516 3085 2588 IEgyptins
3144 2511 3231 2584 (Ι).
3292 2509 3397 2566 Sed
3442 2523 3547 2562 non

1976 2628 2121 2672 recte
2141 2626 2204 2671 ea
2232 2624 2314 2671 est
2339 2612 2731 2683 argumentatio
2750 2609 3003 2665 conclusa
3050 2623 3064 2661 :
3097 2605 3151 2659 lu
3174 2600 3542 2672 Epiphaniano

1975 2707 2363 2765 commentario
2386 2720 2448 2761 ea
2487 2702 2728 2758 Philonis
2752 2700 2913 2756 verba
2938 2699 3126 2754 Latine
3168 2694 3371 2750 reddita
3396 2704 3547 2759 repe-

1978 2802 2205 2855 riuntur.
2239 2798 2386 2852 Philo
2441 2796 2605 2866 igitur
2654 2810 2716 2849 ea
2762 2808 2829 2848 ex
2882 2789 3181 2861 Epiphanio
3232 2783 3542 2852 desumpsit.

1977 2893 2081 2948 Sed
2114 2892 2285 2947 solum
2338 2888 2458 2943 inde
2502 2886 2804 2950 conficitur,
2839 2883 3023 2938 eadem
3072 2880 3230 2935 verba
3291 2875 3449 2931 unius
3494 2883 3548 2926 et

1976 2981 2214 3051 ejusdem
2249 2995 2369 3035 esse
2398 2977 2630 3033 auctoris
2682 2990 2773 3031 seu
2807 2974 3062 3036 Philonis,
3100 2985 3193 3024 seu
3230 2964 3545 3036 Epiphanii;

1976 3082 2030 3128 et
2060 3072 2238 3126 verius
2276 3068 2539 3133 Philonis,
2576 3065 2730 3137 cujus
2779 3061 3221 3120 commentarium
3252 3055 3306 3110 in
3342 3052 3551 3109 caeteris

281 3170 673 3239 Topographiw
707 3166 1022 3222 Christiana:
1046 3165 1139 3219 lib.
1169 3180 1197 3216 κ
1233 3163 1322 3233 (Ῑ),
1354 3164 1455 3216 tria
1486 3163 1598 3217 loca
1626 3162 1778 3214 affert
1806 3176 1869 3216 ex
1904 3198 1947 3257 ο
1981 3164 2219 3234 partibus
2256 3162 2310 3216 in
2341 3160 2708 3230 Epiphaniano
2746 3157 2988 3212 videmus
3020 3152 3208 3208 Latine
3256 3160 3548 3219 repraesen-

277 3260 517 3316 Philone
540 3256 849 3326 Carpathio.
877 3256 990 3310 lluc
1013 3255 1238 3315 accedit,
1266 3254 1407 3324 quod
1436 3253 1485 3306 in
1514 3262 1704 3307 catena
1726 3252 1877 3307 Grae-

276 3368 348 3407 ca
383 3348 604 3404 Meursii
635 3346 945 3401 Grecorum
978 3343 1079 3398 PP.
1109 3344 1162 3396 in
1191 3343 1407 3397 Cantica
1444 3344 1787 3404 canticorum,
1823 3350 1876 3395 et

280 3446 340 3499 in
405 3420 595 3494 catena
645 3436 829 3491 Cra-ea
875 3433 1132 3487 Vaticana
1191 3430 1435 3500 Procopii
1485 3430 1659 3484 ϐηίυί
1724 3430 1872 3499 plura

279 3537 599 3603 fragtueuta
629 3544 691 3583 ex
726 3525 948 3581 Philone
987 3522 1319 3587 afferuntur;
1352 3531 1409 3573 ut
1460 3536 1564 3574 non
1612 3520 1744 3573 satis
1778 3518 1876 3571 nni--

281 3623 405 3679 rari
476 3634 673 3690 queam
714 3616 976 3671 Jacobnm
1039 3614 1087 3668 Ie
1135 3614 1284 3684 Long
1335 3614 1508 3667 virum
1574 3610 1878 3666 eruditione

283 3722 670 3786 prcestantem,
715 3708 804 3762 ubi
864 3707 973 3775 agit
1020 3705 1083 3759 de
1114 3704 1506 3758 eonnnertario
1540 3703 1593 3755 in
1655 3702 1876 3755 Cantica

284 3805 646 3865 canticomm,
674 3800 953 3868 scripsisse
989 3797 1063 3867 (g)
1096 3815 1109 3850 :
1162 3795 1318 3848 Philo
1363 3796 1633 3861 Carpathii
1676 3796 1874 3860 episco-

286 3916 396 3970 pus
422 3898 476 3949 in
516 3892 684 3965 Cypro
715 3905 901 3945 auctor
930 3891 1314 3959 supposititius.
1352 3886 1483 3940 Nam
1509 3886 1674 3939 Eliam
1718 3886 1878 3955 Dupi-

283 3996 447 4049 nium
499 3991 586 4059 qui
637 3988 777 4042 idem
824 3994 1093 4045 senserat,
1150 3998 1253 4036 non
1312 3980 1469 4034 modo
1522 3979 1880 4050 castigaverat

282 4084 540 4142 Oudinus
568 4082 642 4152 (ἡ)
670 4078 966 4140 aflirmans,
1006 4091 1125 4128 eum
1163 4075 1263 4128 sibi
1296 4073 1460 4127 videri
1486 4074 1709 4125 absurde
1736 4071 1876 4137 falli,

284 4192 415 4233 cum
446 4174 603 4243 hujus
626 4183 735 4225 tum
761 4170 1053 4237 scriptoris,
1082 4177 1189 4219 tum
1230 4163 1589 4218 commentarii
1628 4165 1876 4216 memine-

288 4271 408 4324 rint
432 4276 482 4321 et
511 4265 858 4319 Cassiodorus
890 4271 935 4315 et
981 4259 1204 4323 Suidus,
1249 4257 1433 4326 quibus
1470 4254 1728 4309 elevandis
1757 4254 1877 4308 Elia

286 4363 523 4419 idoneus
558 4357 739 4426 (verba
788 4363 913 4409 sunt
953 4354 1122 4422 ipsius
1174 4346 1396 4417 Oudini)
1453 4349 1578 4401 milii
1620 4364 1730 4402 esse
1776 4365 1876 4401 non

283 4453 522 4508 videtur.
589 4448 695 4502 Sed
726 4447 890 4501 etiam
949 4444 1156 4512 aninii
1200 4440 1518 4497 ratiuuenlis
1557 4440 1769 4495 abunde
1791 4456 1876 4495 sa-

1982 3268 2169 3310 tatum.
2204 3253 2308 3309 Sed
2334 3264 2619 3322 antequam
2652 3249 2874 3304 ulterius
2907 3245 3332 3318 progrediamur,
3374 3237 3551 3294 admo-

1978 3350 2184 3404 nendus
2208 3358 2289 3403 est
2318 3348 2481 3402 lector
2512 3346 2683 3400 locum
2718 3342 2861 3396 illum
2902 3355 2932 3394 a
2978 3340 3168 3395 Cosma
3194 3334 3445 3415 Egyptio
3474 3333 3552 3384 al-

1978 3442 2173 3504 latum,
2200 3440 2412 3515 aliaque
2439 3437 2604 3493 multa
2631 3435 2877 3489 eumdem
2915 3433 3089 3487 locum
3116 3427 3468 3497 praecedentia
3499 3447 3508 3473 ‹
3534 3437 3550 3476 ι

1975 3533 2379 3602 subseque::tia,
2410 3545 2530 3600 qua:
2560 3530 2611 3582 iu
2654 3526 3022 3597 Epiphaniano
3056 3520 3442 3579 commentario
3474 3519 3548 3571 le-

1976 3637 2176 3696 guntur
2214 3641 2332 3695 pag.
2360 3624 2412 3689 7,
2444 3622 2495 3689 8,
2531 3621 2583 3684 9,
2612 3620 2700 3684 10,
2734 3620 2793 3673 11
2826 3629 2878 3673 et
2906 3619 2993 3685 ii,
3030 3634 3058 3671 a
3080 3616 3282 3671 Cra-co
3312 3612 3552 3667 Philonis

1975 3732 2133 3786 quem
2162 3716 2263 3770 hac
2289 3716 2521 3771 editione
2552 3723 2733 3768 nostra
2760 3713 2915 3766 modo
2942 3710 3307 3780 producimus,
3331 3707 3552 3772 abesse;

1976 3814 2041 3860 ea’
2093 3821 2222 3860 vero
2287 3807 2339 3859 iu
2390 3803 2591 3860 Graecis
2644 3818 2779 3872 quos
2842 3802 3118 3863 habemus,
3155 3796 3551 3865 exemplaribus

1980 3898 2098 3953 ideo
2129 3899 2318 3952 deesse
2344 3896 2786 3953 existimaverim.
2828 3894 2969 3963 quod
2999 3894 3103 3947 duo
3136 3891 3334 3945 fuerint
3365 3887 3549 3942 Philo-

1980 3988 2127 4041 uiani
2182 3987 2555 4043 commentarii
2592 3987 2857 4040 editiones
2889 3984 3146 4054 antiquae,
3185 3995 3413 4051 quarum
3444 3979 3553 4048 pri—

1977 4094 2120 4133 mam
2154 4068 2322 4134 nostri
2376 4078 2591 4132 codices
2630 4074 2799 4130 Grteei
2856 4082 3281 4145 repraesentem;
3332 4086 3435 4125 non
3470 4086 3552 4123 se-

1978 4172 2233 4238 cundam,
2272 4187 2373 4239 qua
2400 4172 2650 4224 utebatur
2697 4171 2922 4224 Cosmas
2951 4148 3552 4237 {Egyptiusutbi‘Pbilo

1978 4261 2081 4315 alia
2130 4264 2374 4332 qumdam
2414 4262 2699 4317 addiderit.
2764 4261 3076 4329 Exemplum
3127 4258 3303 4313 simile
3360 4257 3547 4317 habes.

1982 4356 2169 4418 lector,
2221 4355 2271 4408 in
2317 4357 2559 4409 oratione
2601 4354 2972 4409 Demosthenis
3009 4353 3145 4421 Περὶ
3190 4352 3296 4406 τοῦ
3331 4351 3551 4419 στεφά-

1978 4463 2111 4509 νου,
2140 4447 2189 4500 in
2224 4462 2324 4514 qua
2380 4449 2622 4515 quaedam
2655 4463 2682 4499 a
2738 4445 2963 4499 diversis
3006 4446 3359 4515 scriptoribus
3387 4448 3549 4501 citata

287 4542 570 4599 tisfeeerat
640 4538 1015 4592 Tilleumntios
1072 4537 1199 4609 (i);
1262 4536 1481 4605 ejusque
1552 4536 1874 4586 sententiam
1908 4541 1953 4596 Ι)
1986 4538 2525 4609 frustraqumsicris;
2557 4540 2699 4609 quod
2750 4539 3003 4609 lilpianus
3044 4540 3163 4593 inde
3209 4540 3548 4593 factummu—

284 4637 413 4707 ipse
442 4632 732 4703 Fogginius
773 4631 837 4701 (j)
873 4630 1113 4683 omnium
1152 4629 1388 4690 maxime
1409 4625 1729 4680 confutavit.
1781 4624 1877 4680 So—

286 4729 554 4789 cundum,
580 4726 711 4778 duos
752 4733 899 4789 putat
955 4723 1121 4775 fuisse
1154 4718 1427 4782 Pbilones,
1477 4717 1704 4772 alterum
1748 4716 1878 4771 Car-

284 4821 541 4893 pathium
587 4821 897 4888 episcopum
952 4819 1005 4872 in
1065 4816 1334 4885 Carpatho
1385 4814 1561 4869 insula
1618 4829 1739 4883 qum
1795 4822 1877 4867 est

286 4932 400 4969 una
425 4928 489 4965 ex
520 4912 873 4981 Cycladibus;
895 4910 1209 4979 Carpasium
1238 4909 1487 4973 alterum,
1518 4906 1788 4975 Carpasire
1825 4906 1875 4959 in

288 5005 471 5060 insula
511 5004 668 5073 Cypri
698 5006 1027 5073 episeopmn.
1063 5002 1125 5056 Et
1157 5000 1476 5070 Carpasium
1517 5001 1754 5069 quidem,
1783 5014 1877 5053 eu-

288 5099 377 5164 jus
412 5098 551 5162 apud
580 5095 863 5165 Polybium
883 5103 967 5147 est
1004 5095 1229 5157 mentio,
1256 5104 1535 5146 auctorem
1568 5104 1691 5145 esse
1723 5105 1873 5166 eom-

290 5185 550 5241 meutarii
581 5187 634 5238 in
660 5183 933 5238 Canticum
958 5184 1301 5247 canticorunt,
1324 5182 1511 5237 statuit
1538 5196 1735 5234 vanum
1758 5194 1885 5235 esse

368 5358 452 5433 (ᾳ)
495 5362 567 5415 De
582 5362 709 5417 locis
734 5365 981 5433 theolog.,
1016 5363 1103 5417 lib.
1139 5378 1210 5423 xl,
1237 5380 1355 5432 cap.
1388 5363 1439 5415 ti.

369 5429 451 5499 (ὁ)
476 5434 691 5485 Auctor.
721 5429 1043 5489 Theoduret.
1085 5429 1368 5488 υὶιιερνίιὶι.
1395 5434 1429 5486 ‘2

368 5508 445 5565 (ε)
469 5502 585 5556 Lib.
632 5518 704 5565 vt,
741 5506 899 5569 epist.
942 5506 993 5557 5.

368 5570 460 5637 (d)
489 5570 736 5626 Biblioth.
768 5571 885 5627 Cra.
921 5582 1052 5626 tom.
1092 5573 1174 5631 Vl,
1214 5588 1332 5641 pag.
1370 5574 1489 5627 P22.

369 5644 445 5714 (ς)
480 5641 663 5714 Exstat
697 5641 1261 5714 tom.XXV.Aeollec_t.
1288 5643 1666 5714 Calogerianm.

368 5708 439 5780 (Ι)
476 5710 537 5781 _l_n
571 5709 722 5764 Nova
761 5713 961 5765 collect.
1019 5712 1131 5766 PP.
1183 5708 1444 5769 Graecari
1471 5714 1871 5781 Montlaueouii,

291 5779 441 5849 tam.
476 5779 539 5840 11,
568 5794 683 5849 pag.
719 5782 845 5836 550.

372 5848 453 5920 (g)
483 5848 729 5904 Biblioth.
757 5868 917 5915 sacr.,
961 5861 1084 5905 tum.
1116 5849 1177 5905 ll.

1980 4637 2092 4690 net,
2120 4628 2257 4697 quod
2286 4628 2577 4697 scriptores
2604 4628 2675 4682 illi
2703 4630 2861 4683 aliam
2889 4629 3004 4697 ejus
3058 4629 3316 4683 orationis
3354 4629 3545 4683 editio-

1978 4732 2131 4779 nem,
2162 4719 2461 4772 habuerint.
2528 4720 2632 4773 Sed
2690 4720 2757 4773 ad
2803 4720 3151 4775 collationem
3198 4722 3433 4775 locorum
3486 4736 3551 4775 ex
3597 4780 3599 4782 ,

1977 4809 2272 4879 Epiphanio
2301 4819 2353 4863 et
2377 4810 2600 4867 Philone
2639 4827 2801 4882 quam
2854 4813 3085 4867 instituit
3116 4815 3197 4866 vir
3241 4812 3547 4866 eruditissi-

1976 4920 2114 4966 mus,
2143 4904 2437 4958 redeamus.

2048 4995 2326 5051 Secundus
2366 4997 2513 5052 locus
2547 5008 2630 5053 est
2659 5000 2748 5068 qui
2786 5001 2836 5055 in
2870 4998 3055 5053 Latino
3093 4998 3330 5053 occurrit
3369 5014 3420 5067 p.
3453 4999 3545 5061 25,

1978 5086 2072 5139 litt.
2108 5086 2193 5151 12,
2224 5088 2308 5141 eui
2340 5089 2406 5141 ad
2431 5088 2571 5144 latus
2609 5093 2827 5161 apponit
2869 5092 3113 5145 eumdem
3151 5090 3323 5143 locum
3353 5092 3545 5158 partim

1976 5193 2040 5232 cx
2088 5186 2278 5232 eatena
2303 5177 2519 5234 Meursii
2557 5180 2679 5252 (nt),
2719 5182 2912 5252 partim
2947 5198 3012 5236 ex
3061 5193 3252 5237 catena
3296 5179 3547 5236 Vaticana

2060 5364 2132 5435 (lt)
2160 5362 2310 5419 Tom.
2339 5364 2353 5417 l
2391 5364 2464 5419 De
2492 5365 2782 5433 scriptorib.
2816 5360 3129 5429 ecclesiast.,
3171 5380 3287 5434 pag.
3319 5364 3439 5419 89!.

2059 5437 2118 5501 (ἱ)
2144 5435 2268 5490 Loc.
2301 5436 2389 5487 cit.
2426 5443 2533 5488 not.
2576 5436 2662 5490 10.

2057 5504 2118 5571 (j)
2151 5504 2342 5558 Pra'fat
2391 5505 2454 5557 ad
2486 5504 2669 5573 Epiph.
2704 5504 3093 5569 Commentar.,
3126 5519 3253 5573 pag,
3279 5502 3368 5560 ξε,

2057 5574 2129 5644 (k)
2164 5574 2291 5629 Vide
2318 5575 2414 5627 has
2443 5572 2764 5644 collationes
2794 5573 2843 5625 iu
2879 5574 3083 5639 praefat.
3117 5572 3182 5630 ad
3219 5572 3544 5644 Epiphania-

1984 5643 2117 5715 nom
2138 5652 2511 5715 commentae,
2543 5660 2663 5715 pag.
2700 5643 2766 5697 17
2796 5652 2849 5696 et
2869 5658 3020 5713 seqq.

2053 5712 2115 5853 Et)
2144 5711 2287 5768 Loco
2316 5729 2474 5782 supra
2516 5711 2608 5769 cit.

2077 5782 2146 5853 nt)
2181 5783 2306 5853 Pag.
2343 5784 2406 5839 18
2439 5785 2567 5841 edit.
2598 5784 2608 5838 l

2077 5782 2146 5854 nt)
2181 5783 2306 5854 Pag.
2343 5784 2406 5839 18
2439 5785 2567 5841 edit.
2598 5784 2811 5839 Batava:
2841 5782 3009 5839 in-8°.
