4208 6312
229 377 295 438 ει
1656 363 2050 427 ΓΒ.ΕῙ⁴“ΑΤΙΟ.
3419 356 3495 409 2'2

224 488 330 544 καὶ
358 486 562 557 ἡδύνοη
587 485 844 554 (Cosa-as
876 481 1161 555 Aigyptius
1207 479 1483 553 ἱδρύνθη),
1516 481 1571 533 ὲν
1620 484 1686 551 τῇ
1714 478 1821 531 τῶν
1853 483 1886 537 Λ

1853 483 1896 537 Λ
1929 479 2106 532 nianis
2139 480 2186 531 in
2219 475 2435 532 lectoris
2459 472 2823 536 commodum,
2850 471 2939 540 qui
2967 471 3063 525 has
3090 484 3211 523 cum
3237 468 3338 523 illis
3364 482 3494 523 ρους

228 577 480 650 οὐρανῶν
534 576 822 641 καθεσθεὶς
882 575 1127 647 βασιλείᾳ
1182 577 1240 628 ὲν
1297 573 1441 644 δεξιᾷ
1480 571 1572 626 τοῦ
1608 571 1820 642 Πατρός

226 668 455 738 (uosm.
497 668 788 739 Egyptius
828 668 922 722 τοῦ
954 667 1155 737 Θεοῦ).
1187 668 1379 721 Iisdem
1430 666 1612 719 verbis
1637 665 1815 719 locum

230 761 384 817 hunc
403 760 642 815 Philonis
671 761 838 816 refert
867 760 1098 816 Cosmas
1124 760 1426 830 Egyptius.
1453 760 1508 813 ln
1536 773 1601 813 eo
1630 758 1815 819 variat,

228 852 381 920 quod
417 851 471 905 in
502 866 665 907 sacro
681 861 829 906 textu
861 850 1009 921 legit,
1029 852 1093 904 Τί
1121 849 1431 924 ὼραιώθης,
1451 851 1544 903 καὶ
1565 850 1615 901 τί
1640 848 1818 920 rep-sv-

232 942 374 1013 θηςς
396 942 507 997 Cur
534 947 796 1009 speciosus
816 942 988 1009 {actus
1011 959 1087 1007 es,
1112 953 1160 996 et
1180 958 1274 996 cur
1286 942 1530 1009 ﬁrmatus
1547 944 1637 996 es?
1659 956 1818 1009 quam

232 1032 533 1089 lectionem
576 1049 682 1087 non
720 1034 848 1089 alibi
889 1034 1148 1103 reperias.
1194 1026 1552 1100 Quamobrem
1590 1032 1722 1087 nihil
1755 1047 1820 1086 ex

233 1125 533 1181 collatione
568 1125 762 1180 horum
805 1125 1043 1181 locorum
1076 1140 1139 1182 es
1178 1124 1474 1195 Epiphanio
1512 1133 1567 1179 et
1598 1123 1822 1179 Philone

232 1217 542 1287 colligitur,
573 1232 680 1287 quo
716 1219 893 1287 possis
937 1226 1181 1273 statuere
1227 1217 1508 1271 Philonem
1549 1229 1823 1270 commen-

238 1308 446 1361 tarium
484 1308 706 1376 quidem
741 1309 1110 1378 composuisse
1138 1309 1207 1364 ab
1240 1306 1615 1379 Epiphaniano
1641 1306 1823 1361 diver-

234 1413 400 1465 sum;
444 1401 585 1453 unde
629 1409 809 1455 tamen
861 1399 1027 1453 multa
1076 1400 1425 1469 decerpserit,
1471 1406 1524 1454 et
1567 1399 1624 1454 in
1655 1398 1823 1468 epito-

236 1502 365 1544 men
392 1490 616 1544 redacta
661 1490 714 1543 in
749 1503 905 1544 suum
933 1490 1240 1545 inseruerit.

317 1624 520 1680 Sextus
551 1625 698 1678 locus
725 1640 788 1679 ex
822 1624 1117 1694 Epiphanio
1142 1641 1264 1696 pag.
1298 1624 1387 1689 28',
1412 1625 1635 1694 ejusque
1660 1623 1823 1678 colla-

241 1716 323 1772 tio
348 1733 471 1771 cum
494 1716 723 1771 Philone
748 1716 883 1771 nihil
910 1717 1016 1772 tale
1053 1716 1236 1772 itidem
1267 1720 1475 1785 prohat.
1515 1716 1646 1771 Nam
1677 1717 1719 1770 si
1757 1716 1823 1771 ad

237 1809 361 1877 ejus
412 1808 551 1862 latus
590 1806 835 1862 ascribas
872 1822 981 1861 non
1026 1807 1188 1860 verba
1224 1806 1505 1876 desumpta
1538 1820 1600 1859 ex
1637 1815 1824 1860 catena
1860 1830 1902 1885 Β

236 1898 487 1965 Menrsii,
525 1908 584 1952 ut
638 1897 764 1953 fecit
813 1897 895 1951 vir
953 1896 1379 1961 eruditissimus,
1427 1896 1519 1951 sed
1562 1897 1827 1966 integrum

236 1989 491 2044 Philonis
523 1989 699 2043 locum
736 2003 894 2057 quem
939 1987 1108 2042 habes
1130 2002 1278 2041 num.
1307 1986 1397 2051 26,
1430 1986 1612 2040 Graeca
1642 1995 1689 2039 et
1725 1983 1831 2037 La-

237 2081 357 2135 tina
398 2082 452 2134 iu
501 2081 760 2135 omnibus
813 2080 1085 2149 repereris
1122 2076 1457 2131 consentire.
1495 2074 1667 2128 Verba
1703 2072 1832 2126 Phi-

240 2174 391 2229 Ionis
430 2180 596 2229 sunt:
627 2171 802 2235 Εὐθὺς
852 2170 1264 2241 ὑπομιμνήσκει
1315 2168 1377 2220 τὸ
1431 2162 1566 2236 αἷμα
1622 2165 1717 2217 καὶ
1774 2166 1834 2216 τὸ

238 2263 389 2332 ὕδωρ
418 2264 479 2317 τὸ
512 2265 716 2328 στάξεν
749 2266 806 2316 ὲν
847 2262 925 2333 τῷ
951 2262 1113 2316 πάθει
1143 2264 1206 2315 ὲκ
1232 2258 1475 2330 πλευρᾶς
1500 2257 1595 2310 τοῦ
1637 2256 1830 2327 Ἰησοῦ·

242 2374 263 2408 s
299 2358 638 2428 Ἀποδεσμὸς
664 2358 764 2427 τῆς
790 2358 1025 2425 στάκτης
1040 2354 1315 2421 ἀδελφιδός
1337 2369 1437 2423 μου
1468 2351 1589 2421 ἐμοί
1607 2367 1618 2380 ⁸
1646 2370 1663 2402 ι
1698 2351 1835 2418 ὅπερ

238 2447 423 2500 ἐστίν’
472 2448 569 2501 Ἐκ
617 2446 710 2500 τοῦ
762 2446 1051 2511 στὰξαντος
1096 2443 1304 2508 ὓδατος,
1338 2442 1431 2495 καὶ
1462 2442 1713 2511 αἵματος,
1743 2439 1837 2492 καὶ

239 2539 560 2609 πνεύματος
595 2538 689 2591 τοῦ
742 2539 808 2590 ὲκ
837 2536 1076 2608 πλευρᾶς
1112 2533 1299 2599 αὐτοῦ,
1338 2534 1498 2594 αὐτὸς
1532 2531 1719 2601 γέγονέ
1749 2547 1835 2601 μοι

240 2650 306 2686 νυ
316 2632 499 2701 μφίος.
536 2628 692 2698 κάγὼ
715 2627 875 2683 αὑτοῦ
903 2627 1117 2698 νύμφη·
1152 2626 1345 2697 αἵματι
1375 2625 1472 2695 μὲν
1498 2625 1574 2693 τῷ
1595 2626 1658 2677 ὲκ
1683 2624 1839 2676 πλευ-

243 2725 352 2794 ρᾶς
378 2720 543 2775 αὑτοῦ
571 2719 952 2791 ἁγοραζομένη
980 2718 1127 2789 αὑτῷ
1156 2719 1251 2773 καὶ
1283 2718 1683 2787 συναπτομένη.
1713 2716 1833 2771 ὓδα-

242 2828 295 2864 τι
332 2811 390 2864 δὲ
442 2810 523 2880 τῷ
567 2811 674 2865 ἀπὸ
736 2809 956 2881 σαρκῶν
1004 2810 1175 2864 αὐτοῦ
1231 2805 1602 2877 βαπτιζομένη
1660 2804 1834 2874 αὐτῷ,

244 2901 531 2972 πνεύματι
573 2902 629 2955 δὲ
682 2900 759 2973 τῷ
804 2902 913 2955 ἀπὸ
943 2900 1196 2971 θεότητος
1238 2898 1401 2953 αὐτοῦ
1434 2898 1837 2969 συγκρινομένη

247 2992 405 3061 αὐτῷ
452 2993 546 3046 καὶ
578 2992 951 3062 τελειουμένη.
996 2990 1125 3057 Qute
1165 2990 1343 3045 omnia
1399 2987 1592 3043 Latine
1628 2989 1835 3042 reddita

245 3100 547 3152 cognosces
592 3087 643 3138 in
685 3083 1021 3154 Epiphanio:
1055 3082 1157 3136 Per
1213 3092 1414 3153 guttam
1471 3082 1648 3150 itaque
1698 3097 1838 3135 com-

246 3187 507 3230 memorat
539 3188 585 3228 et
632 3179 939 3245 sanguinem
971 3186 1016 3229 et
1053 3191 1263 3244 aquam,
1297 3190 1417 3245 qua:
1460 3174 1726 3241 ﬂuxerunt
1773 3176 1836 3226 de
1864 3160 1908 3219 Ο

246 3269 412 3320 latere
443 3266 591 3321 Jesu.
637 3286 655 3318 ι
679 3266 1005 3325 Fasciculus.
1030 3286 1047 3318 ι
1102 3266 1292 3335 inquit,
1330 3284 1347 3315 ι
1374 3276 1530 3333 gutta:
1564 3264 1833 3332 fratruelis

244 3375 395 3415 meus
432 3360 590 3420 milii;
612 3380 629 3410 ι
663 3376 722 3412 ac
741 3362 786 3413 si
805 3359 1033 3413 diceret:
1069 3357 1149 3411 Ea:
1172 3374 1305 3426 aqua
1337 3357 1415 3411 uel
1439 3358 1693 3426 sanguine
1715 3372 1832 3423 qua:

250 3450 471 3505 stillat-it
500 3466 563 3503 ea:
598 3452 710 3519 ejus
746 3452 927 3515 latere,
970 3452 1077 3520 ipse
1106 3451 1236 3503 mihi
1271 3449 1442 3517 factus
1474 3464 1695 3517 sponsus
1734 3460 1829 3509 est,

245 3555 291 3597 et
322 3558 419 3611 ego
443 3545 489 3595 ei
524 3561 748 3613 sponsa;
776 3545 1030 3612 sanguine
1055 3543 1263 3614 quidem
1296 3556 1359 3594 ea:
1383 3542 1496 3608 ejus
1525 3540 1691 3593 latere
1709 3557 1833 3607 pro-

246 3638 471 3703 ﬂuente,
496 3653 596 3704 qua
622 3638 670 3689 ei
700 3637 968 3705 redempta
993 3648 1041 3688 et
1076 3644 1347 3703 cowquata
1371 3648 1521 3696 sum;
1549 3648 1685 3701 aqua
1716 3647 1833 3684 vero

246 3732 430 3783 carnis
451 3729 585 3797 ejus,
614 3744 704 3792 per
728 3744 884 3795 quam
922 3727 970 3779 ei
1011 3725 1276 3793 baptizata
1305 3741 1420 3778 sum
1459 3736 1612 3793 atque
1635 3723 1831 3791 clariﬁ-

248 3832 413 3883 cata;
450 3820 639 3887 spiritu
665 3834 802 3878 vero,
832 3834 934 3887 quo
971 3817 1239 3870 divinitati
1283 3814 1395 3883 ejus
1424 3816 1670 3883 copulata
1693 3831 1830 3879 sum,

246 3922 298 3963 et
322 3919 689 3964 consummata
714 3909 1015 3977 dignoscor.

323 4020 565 4088 Denique
596 4018 771 4071 locum
810 4017 1089 4085 Epiphanii
1125 4032 1176 4085 p.
1209 4019 1301 4083 23,
1342 4020 1406 4074 ad
1442 4034 1504 4074 ea
1533 4019 1672 4074 sacri
1709 4030 1825 4074 tex-

247 4122 338 4167 tus
397 4114 553 4164 verba
587 4126 599 4161 :
630 4106 763 4161 Filii
823 4109 1007 4161 matris
1056 4124 1183 4163 mea:
1240 4122 1595 4180 pugnaverunt
1646 4121 1828 4164 contra

247 4220 355 4263 me,
381 4212 507 4263 εις..
531 4212 583 4254 et
608 4215 941 4270 v.seqtren1.,
970 4199 1261 4253 Posuerunt
1308 4216 1387 4253 me
1408 4202 1696 4266 custodem,
1718 4212 1823 4256 etc.

248 4300 454 4366 (quem
490 4294 662 4348 locum
712 4295 833 4357 huc,
865 4303 920 4346 ut
955 4291 1117 4360 paulo
1148 4291 1446 4360 longiorem
1506 4293 1652 4361 piget
1685 4304 1830 4346 tran-

248 4389 540 4455 scribere),
570 4386 817 4440 collatum
851 4401 970 4440 cum
1004 4395 1191 4440 catena
1222 4383 1435 4439 Meursii
1470 4401 1589 4455 pag.
1619 4384 1704 4451 l6,
1739 4387 1828 4445 dc-

1928 567 2071 623 l‘erre
2104 568 2249 620 velit.

2003 662 2190 730 Epiph.
2236 659 2356 715 H3.
2404 658 2526 715 138.
2741 655 2858 730 ῌ-Β.

1996 720 2155 786 Philo
2224 732 2348 784 H8.
2398 730 2514 785 145.
2558 728 2679 783 151.
2723 725 2845 781 152.
2888 723 3011 779 l60.
3053 723 3174 778 161.
3217 720 3337 776 170.

1997 889 2180 955 Epiplt.
2230 888 2349 942 165.
2395 887 2514 941 166.
2561 847 2844 942 173.779.
2889 887 3008 942 1st.

1999 960 2152 1013 Philo
2220 960 2341 1013 l7l.
2388 957 2504 1013 I72.
2550 956 2667 1011 182.
2718 958 2834 1012 188.

2004 1119 2195 1186 ΕρίρΙι.
2238 1120 2359 1174 188.
2402 1119 2526 1175 206.
2566 1079 2860 1174 214ῗὲ18.
2899 1118 3025 1171 eas.
3066 1116 3190 1172 eas.
3231 1116 3354 1171 229.

2002 1189 2157 1242 Philo
2240 1191 2360 1245 196.
2401 1191 2526 1246 216.
2566 1190 2692 1245 224.
2735 1187 2859 1242 228.
2900 1187 3027 1242 255.
3067 1186 3193 1241 257.
3228 1186 3370 1242 258.-

2004 1344 2195 1414 Epiph.
2238 1347 2364 1401 2'50.
2406 1348 2531 1401 2'57.
2573 1348 2695 1402 258.
2736 1350 2862 1405 259.
2903 1351 3027 1404 240.

2000 1415 2154 1470 Philo
2242 1415 2367 1471 259.
2408 1417 2533 1473 246.
2575 1418 2700 1473 247.
2739 1420 2863 1474 248.
2904 1420 3028 1476 249.

1928 1571 2147 1630 (Stetere:
2214 1590 2400 1633 omnes
2455 1579 2588 1634 nihil
2633 1581 2771 1635 inter
2802 1597 2858 1636 se
2889 1580 3197 1651 discrepant
3237 1584 3505 1637 sententia

1927 1673 1980 1720 et
2037 1669 2239 1733 verbis,
2294 1672 2575 1739 perpaucis
2636 1673 2874 1742 exceptis
2919 1688 3192 1741 :quarum
3258 1673 3501 1743 quaedam

1933 1761 2267 1815 concordant
2295 1777 2398 1817 non
2426 1762 2623 1828 verbis,
2655 1765 2748 1819 sed
2783 1764 3078 1829 sententia;
3107 1765 3349 1833 quaedam
3381 1779 3506 1833 par-

1939 1852 2032 1904 tim
2070 1852 2359 1917 sententia,
2389 1856 2580 1923 partim
2610 1856 2822 1921 verbis;
2858 1864 2912 1911 et
2942 1856 2994 1909 in
3024 1855 3090 1911 iis
3113 1856 3249 1925 apud
3279 1856 3509 1927 Epipha-

1942 1944 2090 1997 nium
2136 1944 2336 2013 aliquid
2391 1945 2473 2001 vel
2539 1948 2865 2015 detractum,
2904 1948 2986 2002 vel
3025 1947 3226 2018 aliquid
3270 1950 3505 2003 additum

1936 2050 2055 2090 esse
2082 2035 2520 2106 deprehenditur.
2550 2038 2911 2104 Quamobrem
2932 2040 3334 2110 Epiphanianus
3357 2055 3507 2095 com-

1940 2124 2238 2176 mentarius
2266 2123 2384 2191 jure
2424 2127 2635 2179 censeri
2670 2136 2847 2195 potest
2889 2127 3190 2181 Philoniani
3255 2129 3510 2196 interpre-

1940 2214 2092 2278 tatio,
2126 2228 2207 2277 ac,
2238 2224 2295 2267 ut
2335 2215 2412 2268 ait
2458 2214 2715 2285 chuien,
2763 2216 2878 2273 loco
2916 2232 3062 2285 supr.
3099 2220 3275 2283 eitat.,
3312 2218 3505 2274 Latina

1940 2305 2243 2375 translatio,
2269 2323 2298 2357 a
2324 2304 2507 2360 Crtcco
2537 2307 2712 2361 codice
2736 2308 3016 2363 admodum
3044 2310 3364 2379 discrepans.

2010 2395 2065 2449 lu
2097 2410 2161 2450 ea
2202 2406 2378 2451 autem
2424 2397 2745 2466 quaestione,
2795 2410 2974 2453 utrum
3027 2400 3177 2455 Philo
3221 2401 3511 2473 Carpasius

1940 2488 2250 2559 episc0pus,
2279 2506 2343 2543 an
2371 2488 2526 2545 Philo
2549 2489 2875 2560 Carpathius
2900 2493 3348 2549 connuentarium
3377 2496 3508 2551 scri-

1940 2580 2109 2649 pserit
2131 2582 2183 2634 in
2219 2580 2489 2635 Canticum
2519 2583 2864 2648 canticorum,
2894 2582 3123 2639 ﬁdenter
3150 2599 3281 2640 sane
3311 2586 3503 2643 doctus

1948 2672 2031 2724 vir
2068 2674 2379 2740 pronuntiat
2424 2672 2523 2743 (tu),
2562 2681 2621 2726 ut
2654 2672 2760 2726 dixi
2812 2689 2994 2745 supra,
3047 2691 3243 2731 vanum
3292 2680 3511 2735 omnino

1939 2777 2059 2817 esse
2107 2776 2495 2830 commentum,
2533 2762 2812 2817 Philonem
2855 2766 3065 2821 scilicet
3109 2765 3261 2835 cujus
3306 2771 3509 2825 mentio

1939 2862 2024 2907 est
2047 2854 2185 2921 apud
2215 2851 2518 2923 Polybium,
2539 2853 2679 2908 illius
2716 2856 3094 2911 commentarii
3126 2857 3298 2914 fuisse
3323 2870 3510 2915 aucto-

1943 2957 2075 2997 rem.
2118 2943 2177 2997 ΕΙ
2225 2943 2465 3011 profecto
2496 2956 2737 3000 veterum
2775 2946 3098 3001 auctoritate
3130 2946 3223 3000 niti
3252 2962 3408 3016 posse
3443 2951 3510 3000 vi-

1944 3032 2129 3099 detur;
2163 3049 2305 3099 cum,
2340 3036 2430 3103 qui
2458 3033 2773 3105 Carpasium
2806 3036 2996 3090 doceat
3040 3037 3197 3090 talem
3231 3039 3512 3108 scripsisse

1942 3127 2412 3190 commentarium,
2468 3127 2712 3182 invenias
2761 3143 2825 3182 ex
2885 3129 3157 3185 veteribus
3218 3132 3510 3186 neminem.

1944 3215 2143 3271 Contra
2184 3217 2412 3273 Cosmas
2460 3219 2716 3290 Egyptius
2768 3218 2916 3272 illum
2969 3220 3115 3275 clare
3162 3219 3511 3290 Carpathium

1943 3309 2222 3375 nominat;
2253 3319 2306 3364 et
2345 3310 2563 3379 Snidas,
2598 3322 2653 3365 ut
2698 3312 2901 3367 dictum
2933 3321 3034 3377 est,
3074 3315 3275 3368 diserte
3320 3315 3511 3382 inquit,

1940 3398 2113 3453 ⁴1>ίλων
2149 3401 2467 3471 Καρπάοιος
2509 3402 2744 3475 ἔγραψεν
2793 3404 3093 3475 ὑπόμνημα
3125 3406 3211 3469 εἰς
3227 3405 3289 3457 τὸ
3312 3401 3511 3476 τᾼσμιι

1940 3488 2059 3543 τῶν
2082 3490 2383 3559 ᾀσμάτων.
2417 3492 2482 3547 Et
2520 3502 2693 3546 tamen
2735 3494 2864 3547 nihil
2909 3509 2972 3547 ea
3009 3496 3213 3549 ratiOne
3258 3499 3511 3549 commoti

1939 3582 2039 3636 viri
2072 3584 2233 3650 docti,
2267 3599 2480 3654 magna,
2516 3585 2654 3653 quod
2683 3584 2899 3639 Graecos
2928 3584 3138 3639 codices
3169 3587 3399 3643 lortasse
3432 3589 3507 3640 in-

1940 3676 2236 3744 spexerint,
2255 3675 2445 3730 ﬁducia
2474 3676 2788 3747 Carpasium
2821 3677 2937 3746 ejus
2965 3681 3342 3734 commentarii
3372 3684 3511 3734 scri-

1946 3778 2152 3835 ptorem
2208 3767 2379 3822 luisse
2439 3770 2876 3836 pronuntiarunt,
2929 3769 3205 3832 Garetius,
3246 3770 3505 3839 Lequien,

1940 3853 2275 3918 Holstenius;
2296 3870 2357 3910 ex
2373 3856 2566 3925 quibus
2581 3856 2884 3911 llolstenius
2901 3860 3095 3913 diserte
3111 3857 3341 3911 allirmat
3357 3863 3510 3924 vulgo

1939 3947 2076 4002 male
2098 3947 2352 4017 appellari
2369 3948 2735 4015 Carpathium.
2759 3950 2978 4002 Allatius
2996 3962 3171 4004 autem
3200 3952 3336 4003 hanc
3362 3952 3511 4004 vide-

1941 4048 2023 4091 tur
2052 4039 2301 4092 dirimere
2317 4041 2755 4094 ccutroversiam.
2780 4040 2871 4093 llle
2889 4043 3029 4095 enim
3047 4044 3094 4094 in
3119 4044 3281 4096 citata
3301 4044 3363 4094 de
3388 4040 3509 4094 Plii-

1938 4130 2143 4183 lonibus
2195 4129 2440 4193 diatriba,
2473 4130 2634 4186 allato
2664 4133 2899 4200 epistola:
2931 4134 3205 4201 Epiphanii
3241 4136 3306 4186 ad
3347 4134 3509 4187 Joan-

1941 4236 2058 4274 nem
2086 4220 2625 4292 llierosolymitanum
2654 4224 2769 4276 loco
2806 4240 2962 4291 quem
3022 4226 3270 4292 superius
3323 4214 3509 4277 attuli;

1938 4312 2179 4377 nius,ubi
2199 4313 2519 4368 sanctusille
2542 4316 2726 4368 doctor
2757 4315 3080 4368 mentionem
3109 4315 3237 4368 facit
3272 4313 3510 4368 Philoois

1937 4404 2190 4471 episcopi,
2216 4404 2389 4458 subdit
2411 4404 2668 4467 :Adverte,
2695 4405 2872 4468 lector,
2900 4404 3171 4456 Philonem
3196 4404 3332 4456 hunc
3353 4404 3511 4470 fuisse

248 4488 531 4534 curtatum
561 4479 773 4547 quidem
810 4476 1205 4545 deprehendes,
1237 4475 1332 4528 sed
1361 4476 1499 4544 apud
1549 4475 1827 4531 PhiiOnem
1867 4513 1910 4567 ι)

1867 4513 1910 4567 ι)
1938 4498 2231 4563 episcopum
2258 4496 2480 4565 regionis
2514 4512 2631 4563 qua:
2672 4497 2909 4564 protrima
2945 4508 3053 4547 erat
3083 4496 3344 4563 purocltiw
3386 4495 3510 4560 ἰὴ.ιὶ-

248 4586 409 4625 num.
448 4569 535 4628 15,
572 4568 753 4624 Graeca
806 4570 949 4623 omni
985 4585 1049 4622 ex
1105 4579 1256 4636 parte
1304 4569 1512 4624 Latinis
1556 4571 1672 4623 sine
1727 4570 1832 4623 ulla

250 4661 620 4715 diminutione
660 4660 1036 4727 respondentia
1070 4659 1252 4713 omnia
1285 4659 1548 4729 reperies.

324 4776 411 4831 Ex
443 4775 619 4828 altatis
651 4774 813 4842 igitur
853 4775 983 4828 locis
1028 4777 1455 4829 commentarius
1483 4775 1570 4845 qui
1605 4775 1837 4846 Epipha-

249 4869 348 4922 nio
384 4866 653 4927 tribuitur,
695 4882 834 4919 unus
867 4867 1115 4935 idemque
1157 4866 1371 4919 videtur
1395 4881 1515 4921 esse
1541 4882 1663 4920 cum
1685 4885 1833 4919 etth

250 4958 534 5015 mentario
586 4956 844 5011 Pltilmtis.
885 4956 937 5009 [il
971 4968 1148 5011 autem
1181 4972 1245 5011 eo
1282 4958 1496 5012 videtur
1522 4960 1827 5013 Conlirmari

250 5063 421 5119 posse
454 5049 701 5111 validius,
738 5049 878 5116 quod
919 5064 982 5102 ex
1012 5048 1259 5101 ducentis
1294 5050 1829 5119 undequinquaginta

250 5139 732 5207 explanationibus
784 5140 835 5191 in
893 5138 1265 5207 Epiphaniano
1317 5143 1707 5194 commentario
1753 5144 1832 5194 vi-

248 5228 398 5301 ginti
434 5238 664 5298 quatuor
711 5233 1084 5283 tantummodo
1118 5246 1145 5281 a
1196 5229 1528 5285 Pbiloniunis
1569 5235 1832 5286 sententia

254 5324 389 5389 ipsa
436 5319 763 5387 discrepant,
810 5333 945 5386 quas
995 5321 1044 5371 in
1090 5319 1332 5387 subjecta
1389 5320 1581 5373 tabella
1616 5323 1835 5375 exhibe-

254 5425 406 5467 mus.
452 5409 505 5462 ln
535 5426 594 5463 ea
620 5409 847 5478 singulis
885 5411 1125 5465 timueris
1155 5412 1349 5479 quibus
1387 5412 1490 5465 illa:
1524 5414 1839 5482 explicatio-

256 5517 365 5558 nes
421 5501 754 5553 notanturiu
810 5499 1091 5569 Epiphanii
1155 5504 1563 5567 commentario,
1597 5506 1841 5574 singulos

257 5605 526 5650 numeros
551 5592 872 5660 subjicimus
900 5592 1140 5660 adjectos
1166 5594 1626 5664 explicationibus
1657 5595 1839 5651 Philo-

329 5774 414 5848 (α)
451 5774 667 5831 Ρτιυίιη.
702 5776 766 5831 ad
801 5786 1089 5833 comment.
1121 5777 1380 5849 Epiphan.
1410 5795 1529 5851 pag.
1569 5780 1656 5836 26.

1938 4585 2139 4653 pltanii,
2166 4587 2362 4639 scilicet
2390 4587 2442 4640 in
2468 4590 2648 4640 eadem
2674 4588 2847 4639 insula
2878 4585 3036 4653 Cypri
3066 4587 3118 4636 in
3159 4586 3366 4637 civitate
3387 4584 3511 4637 Cur-

1939 4678 2075 4741 pasii
2109 4693 2125 4729 .·
2154 4695 2243 4730 nec
2307 4678 2477 4730 obstat
2522 4695 2803 4747 cognomen
2855 4676 3149 4745 Carpathii.
3194 4672 3335 4729 Licet
3374 4677 3509 4729 enim

1940 4767 2254 4836 Carpathius
2276 4788 2307 4823 ιι
2341 4769 2604 4838 Carpat/io
2630 4788 2784 4839 prope
2810 4769 2997 4825 Chium
3037 4770 3263 4824 insulam
3290 4788 3320 4823 a
3343 4769 3512 4838 Cypro

1941 4872 2190 4927 distante,
2237 4866 2280 4915 si
2321 4862 2630 4932 geographia
2665 4865 2924 4916 credimus
2972 4864 3039 4930 (a
3087 4880 3190 4930 qua
3236 4873 3280 4915 et
3332 4874 3509 4918 uatum

1940 4961 2185 5030 adagium
2236 4959 2264 5009 ὁ
2318 4954 2634 5026 Καρπάθιος
2682 4954 2771 5007 τὸν
2815 4954 3047 5022 λαγωόν,
3070 4965 3116 5007 et
3152 4971 3295 5007 mare
3334 4956 3501 5022 ipsum

1941 5050 2279 5118 Carpat/tium
2347 5046 2809 5115 ceguominatum)
2865 5046 3100 5097 rideatur
3185 5045 3504 5109 deductum;

1940 5153 1983 5195 et
2009 5138 2310 5204 uCurpnsio
2349 5135 2526 5205 Cypri,
2565 5134 2637 5188 vel
2688 5134 3003 5205 Καρπασίᾳ,
3059 5137 3134 5187 vel
3162 5136 3507 5205 Καρπασείᾳ,

1940 5229 2347 5299 υειΚαρϐασίᾳ,
2381 5228 2753 5295 Carpaseotes,
2804 5228 2906 5279 sive
2965 5226 3121 5278 etiam
3177 5243 3291 5278 cum
3346 5226 3508 5281 Tlteo-

1942 5337 2128 5391 pompo
2156 5319 2482 5389 Carpasseus
2512 5318 2753 5370 dicatur:
2786 5326 2955 5369 tutnen
2997 5320 3132 5369 scias
3172 5320 3270 5370 hoc
3313 5318 3507 5387 Carpa-

1946 5412 2079 5464 sium
2111 5428 2140 5463 a
2172 5408 2437 5461 nonnullis
2480 5418 2527 5460 et
2571 5407 2828 5475 prwcipue
2883 5403 3161 5475 Xenagora
3195 5406 3509 5475 Carpat/mn

1950 5502 2288 5571 appellatum,
2316 5515 2346 5551 a
2373 5515 2475 5569 quo
2496 5499 2605 5551 sine
2638 5498 2793 5549 dubio
2841 5495 3155 5566 Carpat/tius
3186 5497 3265 5565 fit.
3295 5498 3505 5565 Stcp/tu-

1955 5611 2050 5648 nus
2079 5610 2093 5647 :
2124 5590 2421 5663 Καρπάσια
2452 5589 2605 5653 πόλις
2638 5589 2874 5658 Κύπρου,
2912 5588 2977 5659 ἢν
3007 5588 3337 5658 Πυγμαλίων
3371 5592 3508 5643 ἔχε..
