4208 6312
720 267 791 335 93
1821 264 2026 319 PllILO
2069 266 2472 323 CAlll‘ASlL'S
2512 268 2914 324 EPISCOPL‘S.
3910 263 3989 322 ει

713 395 825 438 σεε),
863 372 936 439 ὡς
975 375 1281 440 Ἑλλάνικος
1322 379 1381 430 ἐν
1414 379 1798 448 Κυπριακοῖς.
1825 381 2098 446 Διονύσιος
2129 381 2183 435 δὲ
2211 383 2299 436 διὰ

2427 405 2457 440 n
2497 387 2632 442 locis
2667 386 3062 441 contractiores
3089 381 3313 436 exhibet
3354 381 3787 448 explanationes,
3824 396 3990 450 quam

713 467 998 537 διφθόγγου
1053 469 1413 539 Καρπάσειαν
1459 471 1630 543 αὐτήν
1655 491 1820 544 φησιν
1860 477 1916 527 ὲν
1943 474 2112 546 τρίτῳ
2148 479 2299 531 Βασ-

711 571 975 626 σαρικων
1002 573 1013 585 ·

704 636 835 701 ’Ἡδ’
870 651 1084 703 ὀπόσοι
1115 651 1429 720 ώίνύρειον
1459 652 1534 704 ἴδ’
1564 653 1846 721 αἰπεινὴν
1888 653 2296 723 Κραπάσειίιν.

713 739 871 794 Ἐστι
904 743 994 795 καὶ
1029 744 1190 814 νῆσος
1224 745 1521 817 Καρπασία
1547 751 1686 801 κατὰ
1717 748 1816 820 τὴν
1839 751 2017 820 ἄκραν
2038 750 2134 820 τὴν
2161 752 2303 823 Σαρ-

713 835 994 905 πηδονίαιν.
1045 836 1355 908 Ξεναγόρας
1409 839 1464 892 δὲ
1518 840 1817 912 Κάρπαθον
1875 842 2044 912 αὐτὴν
2109 844 2298 896 καλεῖο

714 929 1022 999 Δημήτριος
1075 930 1130 982 δὲ
1178 931 1206 981 ὁ
1260 931 1588 1002 Σαλαμίνιος
1631 933 1954 1004 Καρϐασίαν
1999 936 2184 1006 φησὶν,
2221 937 2301 989 ὅτι

714 1016 850 1086 πρὺς
887 1018 978 1072 τὸν
1007 1017 1338 1089 καλούμενον
1365 1023 1562 1090 ἄνεμον
1599 1023 1811 1076 κεῖσθαι
1835 1023 2000 1077 δοκεῖ.
2033 1025 2304 1080 Hactenus

714 1109 964 1175 Allatius,
1001 1112 1090 1190 q_ui
1117 1127 1334 1167 versum
1365 1129 1430 1167 ex
1462 1113 1717 1186 Dionysio
1749 1103 1969 1171 allatum
2010 1132 2039 1171 a
2069 1116 2302 1186 Stepha-

715 1215 785 1254 no
825 1215 1015 1254 sanum
1043 1201 1284 1268 exhibet,
1314 1211 1371 1256 ut
1401 1213 1484 1258 est
1513 1203 1566 1257 in
1600 1205 1932 1261 editionibus
1959 1222 2077 1276 qua-
2109 1207 2306 1265 Bellie-

716 1291 914 1346 lianam
954 1303 1375 1361 prmceSserunt,
1414 1295 1465 1350 in
1498 1309 1606 1364 qua
1640 1298 1754 1366 ipse
1787 1297 2065 1354 Ber-kelius
2100 1299 2150 1352 in
2186 1309 2304 1354 tex-

715 1392 826 1436 tum
850 1385 1069 1438 admisit
1100 1400 1252 1439 suam
1284 1387 1745 1452 emendationem,
1775 1407 1878 1459 qua
1905 1407 2120 1444 versum
2149 1392 2297 1445 illum

716 1475 1050 1541 depravavit.
1105 1476 1280 1530 Edidit
1317 1477 1460 1530 enim

731 1566 842 1620 Hb“
868 1568 1084 1622 ὀπόσοι
1113 1570 1426 1638 Κινύρειον
1467 1572 1560 1640 ἠδ’
1590 1572 1852 1643 ἀπεινὴν
1895 1577 2298 1643 Καρπάσνειαν,

718 1667 772 1710 et
812 1659 888 1714 sic
929 1661 1144 1715 tcrtimn
1186 1671 1238 1716 et
1275 1663 1521 1732 quintum
1558 1664 1870 1719 claudicare
1906 1665 2034 1720 facit
2085 1667 2304 1732 pedem.

718 1746 810 1800 Illa
863 1759 1042 1803 autem
1093 1731 1395 1805 litterarum
1451 1753 1769 1808 metatltesis
1821 1754 1872 1807 in
1912 1768 2043 1809 voce
2068 1731 2302 1824 ’Κραπά-
2340 1731 2381 1785 Β

720 1857 869 1893 σειαν
905 1841 1093 1894 eadem
1122 1851 1224 1905 est,
1255 1859 1416 1914 quam
1455 1842 1719 1898 Homerus
1763 1845 2011 1902 adhibuit
2048 1844 2207 1899 Iliad.
2243 1845 2304 1912 Β,

721 1946 863 1987 vers.
900 1932 1002 1987 676
1039 1949 1051 1985 :

723 2026 788 2077 Ol
810 2024 862 2077 δ’
884 2025 997 2095 ἄρα
1019 2027 1288 2095 Νίσυρόν
1309 2029 1356 2080 τ’
1371 2024 1559 2098 εἴκων,
1582 2026 1904 2097 Κράπαθόν
1921 2047 1982 2083 τε
2001 2031 2206 2084 Κάσόν
2221 2047 2304 2084 τε.

723 2117 830 2173 Sed
867 2119 967 2174 hoc
1019 2122 1077 2172 ὲν
1121 2121 1356 2193 παρόδῳ.

791 2208 1058 2264 Cmterum
1115 2213 1168 2265 in
1235 2212 1320 2267 his
1374 2212 1582 2267 duabus
1639 2215 2308 2282 qtuestionibuszl'uum

721 2305 1142 2358 commentarius
1191 2303 1418 2359 Latinus
1447 2320 1478 2359 θ
1519 2305 1771 2360 Vaticana
1819 2307 2148 2363 bibliotheca
2181 2323 2309 2378 pro-

723 2390 862 2447 batus
893 2406 1019 2447 vere
1062 2393 1126 2448 sit
1183 2394 1501 2463 Epiphauii;
1535 2394 1593 2448 2'
1620 2412 1747 2449 num
1797 2396 1951 2452 Philo
1987 2398 2313 2469 Carpathius

723 2499 884 2553 quem
933 2485 1127 2540 Suidas
1182 2487 1345 2540 tradit
1397 2487 1684 2558 scripsisse
1713 2491 1768 2543 in
1802 2488 2022 2546 Cantica
2080 2493 2313 2546 cantico-

725 2593 866 2643 rum,
899 2577 1042 2633 idem
1093 2580 1163 2634 sit
1205 2581 1298 2649 qui
1336 2580 1628 2650 Carpasius
1666 2582 1821 2654 cujus
1874 2599 2068 2639 nomen
2118 2586 2309 2655 praele-

727 2679 854 2725 t'unt
906 2670 1123 2725 codices
1161 2670 1372 2739 Graeci;
1405 2688 1525 2743 quae
1561 2683 1686 2729 sunt
1725 2689 1755 2728 a
1789 2690 1873 2730 me
1905 2676 2166 2732 hactenus
2200 2680 2314 2732 dis-

727 2769 933 2830 putata,
983 2761 1118 2816 satis
1177 2777 1298 2818 esse
1350 2763 1645 2820 lectoribus
1695 2767 1956 2834 arbitror,
1997 2783 2127 2841 quo.
2161 2784 2314 2824 suam

730 2851 1220 2929 ferresententiam
1253 2858 1485 2924 possint,
1513 2858 1595 2911 vel
1623 2859 1796 2914 adhuc
1832 2876 1936 2914 non
1957 2861 2166 2930 liquere
2189 2876 2315 2930 pro-

731 2944 1000 2998 nuntient.

800 3033 887 3091 ΙΙΙ.
1047 3037 1269 3093 Philone
1329 3038 1556 3110 ejusque
1614 3045 2012 3098 commentario
2059 3045 2315 3100 disserui.

732 3125 908 3195 Nunc,
946 3130 1087 3200 quod
1135 3131 1290 3185 initio
1322 3134 1602 3202 proposui,
1635 3135 1700 3188 de
1725 3135 1965 3205 ejusdem
1997 3138 2321 3209 interpreta-

734 3221 973 3277 tionibus
1022 3221 1311 3278 dicendum
1373 3236 1474 3280 est.
1544 3227 1829 3296 Epiphanii
1886 3228 2131 3285 Latinum
2173 3248 2324 3284 corn-

736 3311 1061 3364 mentarium
1093 3312 1143 3364 in
1187 3307 1628 3371 adnotationibus
1658 3334 1794 3384 quas
1833 3318 1898 3372 ad
1930 3320 2172 3378 Philonis
2216 3335 2327 3377 tex-

735 3408 848 3454 tum
891 3399 1095 3468 adieci,
1148 3409 1365 3456 reterem
1412 3404 1898 3473 interpretationem
1931 3426 2084 3477 voco,
2123 3422 2176 3466 et
2233 3416 2324 3481 qui

735 3503 855 3543 eam
888 3491 1206 3559 composuit,
1242 3490 1527 3550 brevitatis
1555 3502 1932 3556 tantummodo
1960 3505 2153 3572 gratia,
2182 3515 2324 3560 rete-

736 3597 846 3646 rem
887 3581 1224 3652 interprete»:
1259 3587 1491 3656 appello.
1532 3587 1609 3646 De
1654 3606 1761 3661 quo
1787 3592 2103 3665 interprete,
2139 3598 2183 3652 si
2213 3599 2328 3667 qui-

738 3674 859 3727 dem
905 3673 974 3728 sit
1004 3674 1338 3746 Epiphanius
1371 3677 1744 3738 Scholasticus
1775 3700 1933 3755 quem
1969 3687 2332 3746 Cassiodorus

739 3766 861 3820 loco
887 3780 1052 3834 supra
1097 3767 1264 3821 citato
1296 3780 1710 3836 commemorat,
1747 3773 1875 3827 illud
1914 3776 2044 3828 mihi
2088 3777 2140 3831 in
2177 3793 2328 3833 ruen-

742 3869 848 3912 tem
881 3859 1047 3924 venit,
1081 3859 1227 3929 quod
1257 3861 1323 3916 de
1369 3861 1458 3916 illo
1481 3861 1750 3932 judicavit
1789 3863 2018 3922 Huetius
2042 3866 2118 3921 De
2149 3869 2329 3923 inter—

739 3951 1031 4020 pretatione
1066 3950 1202 4006 libro
1235 3952 1509 4006 secundo:
1543 3951 1891 4022 Epiphanius,
1927 3955 2122 4026 inquit,
2158 3958 2328 4013 Scito-

741 4044 960 4098 lasticus
985 4044 1287 4109 Socratem,
1322 4043 1673 4100 Sozomenum
1715 4059 1759 4100 et
1804 4046 2186 4104 Theodoretum
2224 4049 2330 4104 La-

742 4137 851 4189 tine
906 4151 1186 4204 erponens,
1220 4152 1405 4189 nomen
1445 4152 1599 4189 suum
1650 4139 1788 4191 inter
1835 4140 2016 4194 doctos
2068 4141 2325 4197 traduxit.

744 4227 930 4283 (ἔπεσα
968 4230 1227 4296 siquidem
1252 4228 1335 4281 via:
1363 4239 1631 4282 assecutus
1653 4241 1764 4293 est;
1798 4241 1841 4282 et
1872 4231 1918 4283 si
1949 4248 2066 4299 qua:
2091 4233 2226 4300 forte
2249 4234 2332 4285 iit--

744 4323 965 4382 tellexit.
998 4339 1057 4375 ea
1084 4339 1194 4376 nea
1213 4323 1438 4392 posteris
1483 4322 1919 4391 intelligerentur,
1940 4328 2184 4388 obscura,
2210 4326 2331 4378 bar-

2405 497 2526 552 quae
2576 488 2701 534 sunt
2756 479 2808 532 in
2850 476 3039 532 (ἔταξα)
3086 474 3331 529 Philonis
3390 473 3811 536 commentario;
3849 485 3994 541 saepe

2406 573 2556 626 addit
2595 587 2716 641 qute
2777 568 3097 624 sententiam
3153 568 3325 636 ipsam
3375 565 3619 620 Philonis
3668 565 3749 618 vel
3797 564 3995 618 obtun-

2405 667 2573 730 dunt,
2619 664 2702 718 vel
2759 670 3040 725 evertunt,
3095 659 3176 714 vel
3233 673 3421 714 errore
3475 658 3658 727 aliquo
3719 655 3988 710 inliciunt.

2405 758 2668 827 Exemplo
2703 756 2809 811 sint
2844 753 2932 808 illa
2966 768 3088 823 pag.
3118 753 3206 817 14,
3241 751 3336 804 lin.
3370 751 3456 812 Π,
3507 747 3625 802 Non
3667 749 3804 801 enim
3842 746 3994 801 solvit

2404 850 2539 906 velut
2576 849 2816 912 ebrietas,
2847 856 2900 899 ut
2942 845 3248 899 obscuratus
3270 843 3385 912 quis
3426 849 3662 905 corruat,
3685 850 3790 894 etc.
3819 837 3999 892 Locus

2406 952 2489 999 est
2537 943 2589 996 iu
2627 941 2816 996 Grteco
2866 937 3112 991 Philonis
3167 933 3559 989 etnnmentario
3601 948 3750 986 num.
3779 930 3840 985 ll
3873 952 3884 985 ε
3917 927 4000 982 Οὐ

2406 1036 2516 1107 γὰρ
2562 1033 2678 1087 λύει
2721 1049 2787 1102 με
2827 1030 3016 1100 ὥσπερ
3049 1031 3081 1100 ή
3127 1027 3263 1099 μέθη
3306 1025 3466 1080 τοῦτο
3506 1024 3693 1094 πόμα,
3734 1040 3786 1076 κ.
3826 1038 3878 1075 τ.
3920 1019 4002 1086 λ.,

2408 1130 2645 1198 quorum
2684 1125 3012 1181 sententiam
3050 1120 3260 1176 dolebis
3315 1119 3382 1173 ab
3434 1117 3730 1184 interprete
3768 1127 4004 1167 enerva-

2411 1225 2521 1270 tam
2575 1229 2701 1283 pag.
2747 1212 2831 1275 17,
2887 1213 2950 1265 ad
3004 1210 3094 1263 illa
3149 1207 3314 1263 verba
3355 1226 3367 1260 :
3410 1205 3534 1259 Ideo
3597 1200 4006 1258 adolescentuch

2410 1309 2708 1361 dilexerunt
2775 1315 2859 1369 te,
2920 1299 3324 1371 explanationis
3377 1297 3710 1351 Pbiloniana:
3776 1307 4004 1348 sensum

2413 1415 2560 1453 num.
2586 1398 2620 1450 4
2644 1439 2658 1464 ,
2710 1411 2816 1450 non
2863 1405 2947 1449 est
2984 1403 3289 1447 assecutus.
3346 1389 3434 1444 Sic
3471 1404 3592 1458 pag.
3619 1386 3718 1451 22,
3765 1385 3858 1439 lin.
3891 1384 4002 1438 13:

2414 1489 2534 1542 Non
2576 1489 2712 1540 enim
2752 1493 2870 1538 erat
2917 1481 3161 1537 sensibile
3199 1478 3337 1548 quod
3387 1479 3613 1542 dicebat,
3662 1477 3750 1531 sed
3796 1477 3858 1531 de
3895 1476 4002 1528 isto

2410 1592 2521 1636 erat
2555 1581 2686 1644 sole,
2710 1588 2837 1639 etc.,
2862 1591 2981 1646 quae
3006 1574 3221 1643 quidem
3259 1573 3400 1626 inter
3427 1587 3486 1626 se
3518 1579 3778 1640 pugnant.
3804 1567 4010 1622 Confer

2411 1691 2532 1730 cum
2575 1674 2660 1727 his
2691 1669 2877 1726 Grmca
2915 1665 3158 1722 Philonis
3195 1680 3343 1718 num.
3393 1662 3483 1729 12,
3527 1671 3583 1716 et
3616 1676 3737 1731 pag.
3769 1660 3858 1724 25,
3909 1657 4008 1710 lin.

2418 1769 2507 1832 15,
2551 1765 2652 1820 Ubi
2699 1767 2834 1818 enim
2886 1761 3092 1831 puritas
3139 1767 3249 1822 est,
3298 1757 3408 1809 illic
3463 1753 3746 1822 increpatio
3803 1764 4012 1820 quoque

2418 1861 2790 1930 subsequitur;
2849 1871 2958 1925 quo
3015 1852 3143 1921 quid
3217 1847 3556 1905 absurdius?
3604 1845 3808 1916 puritas
3859 1842 4010 1898 enim

2420 1955 2549 2011 nulli
2588 1947 2948 2020 increpationi
2991 1952 3167 2016 potest
3211 1957 3334 1997 esse
3381 1937 3637 1994 obnoxia.
3666 1935 3801 1990 Vide
3841 1935 4010 1988 etiam

2420 2041 2657 2099 hominis
2709 2037 3005 2098 inscitiam,
3053 2032 3145 2100 qui
3205 2045 3330 2101 pag.
3371 2029 3461 2092 89,
3512 2037 3731 2081 vertens
3789 2024 4008 2087 Graeca,

2421 2151 2539 2207 qua:
2572 2141 2701 2188 sunt
2736 2127 2874 2199 apud
2908 2127 3189 2181 Philonem
3229 2137 3380 2177 num.
3409 2120 3514 2175 ξοδ
3544 2140 3555 2175 :
3588 2118 3762 2180 Αὐτὸς
3795 2115 4008 2169 δέδεται

2421 2230 2480 2282 ἐν
2515 2223 2932 2296 παραδρομαῖς,
2975 2219 3077 2271 οὐκ
3114 2215 3361 2284 ἀνάγκης
3406 2213 3673 2281 δεσμοῖς,
3703 2207 3818 2262 ἀλλ’
3851 2208 4011 2259 sucu.

2423 2318 2538 2372 σίου
2600 2309 3019 2385 φιλανθρωπίας
3070 2303 3436 2379 χρηστότητι,
3491 2302 3738 2356 scribit:
3791 2297 4004 2351 Vinctus

2422 2420 2495 2466 est
2526 2415 2702 2461 autem
2738 2405 2844 2467 ipse
2890 2416 2992 2454 non
3027 2413 3232 2468 sponsa:
3263 2411 3374 2449 suae
3423 2393 3746 2454 necessitate,
3793 2389 3894 2443 sed
3922 2405 4014 2443 vo-

2424 2509 2628 2557 luntate
2677 2494 2984 2551 clementiae.
3018 2490 3180 2558 Atqui
3231 2486 3488 2541 Ecclesia:
3537 2498 3746 2553 sponsae
3792 2482 3845 2537 id
3893 2497 4010 2535 ma-

2425 2592 2572 2646 xime
2601 2569 2736 2659 opus
2787 2584 2908 2650 luit,
2944 2590 3004 2635 ut
3037 2579 3290 2635 Christus
3325 2584 3624 2652 pateretur.
3664 2573 3729 2626 Et
3765 2588 3886 2642 pag.
3917 2571 4010 2636 49,

2427 2687 2610 2742 itidem
2652 2681 2801 2736 addit
2850 2694 2970 2752 qua:
3012 2677 3210 2730 absunt
3255 2688 3282 2726 a
3321 2672 3510 2726 Graeco
3558 2680 3705 2725 textu
3735 2711 3749 2734 ,
3790 2679 3845 2724 et
3888 2679 4013 2736 apta

2427 2786 2556 2833 sunt
2586 2771 2914 2830 insinuando
2944 2766 3143 2830 errori,
3180 2765 3478 2821 Ecclesiam
3511 2763 3715 2817 scilicet
3751 2771 4012 2817 constare

2427 2868 2557 2925 solis
2591 2865 2800 2922 electis.
2843 2860 3032 2917 Graeca
3082 2858 3224 2913 enim
3275 2865 3402 2912 sunt
3455 2872 3603 2909 uum.
3633 2854 3744 2908 88:
3791 2852 4016 2924 Ἐπειδὴ

2427 2957 2537 3032 γὰρ
2589 2955 2720 3028 ccepi.
2771 2955 2872 3025 τῆς
2921 2948 3162 3020 πληθύος
3215 2943 3336 3000 εἶπε
3379 2947 3478 3017 τῆς
3514 2944 3871 3015 Ἐκκλησίας,
3919 2946 4022 3014 τῆς

2432 3050 2583 3113 ἐντὸς
2613 3046 2780 3118 οὔσης
2805 3042 2899 3097 τοῦ
2929 3042 3290 3106 Μονογενοῦς,
3325 3040 3480 3110 φησι,
3514 3057 3644 3094 κ.-τ.
3672 3039 3746 3103 λ.,
3775 3053 3894 3106 qum
3937 3038 4024 3091 sic

2426 3143 2621 3200 Latine
2656 3139 2867 3193 reddita
2895 3128 3021 3190 sunt
3053 3154 3064 3188 :
3095 3133 3234 3198 Quia
3266 3133 3402 3185 enim
3432 3132 3494 3183 de
3517 3130 3855 3183 multitudine
3881 3129 4024 3181 dixit

2429 3233 2683 3287 Ecclesia
2750 3245 2865 3299 qua:
2925 3235 3127 3279 constat
3167 3227 3222 3277 in
3268 3224 3379 3276 suis
3445 3221 3642 3285 electis,
3697 3221 3821 3273 istos
3876 3219 4026 3271 intra

2430 3322 2766 3391 Uuigenitum
2795 3332 2904 3370 esse
2928 3316 3247 3366 demonstrat
3298 3310 3500 3373 dicens,
3519 3317 3623 3361 etc.
3663 3306 3858 3359 Eorum
3889 3319 4025 3356 vero

2428 3429 2546 3484 qua:
2570 3410 2711 3480 apud
2749 3407 3029 3462 Philonem
3062 3403 3314 3467 leguntur
3347 3415 3496 3453 num.
3522 3397 3590 3451 54
3619 3415 3632 3451 :
3663 3394 3883 3464 Ἐπειδὴ
3910 3392 4026 3461 γὰρ

2429 3506 2486 3559 αἱ
2517 3503 2664 3558 δοκοὶ
2711 3499 2821 3553 τῶν
2857 3493 3238 3567 φατνωμάτων
3271 3491 3409 3543 εἰσὶν
3443 3488 3731 3556 ὲσώτεραι,
3766 3503 3818 3538 κ.
3848 3502 3899 3537 τ.
3939 3484 4024 3548 λ.,

2429 3598 2609 3653 versio
2639 3594 2798 3663 plane
2824 3591 3050 3652 insulsa,
3081 3597 3135 3640 et
3165 3585 3310 3640 omni
3345 3598 3507 3636 sensu
3536 3595 3729 3635 carens
3762 3593 3884 3648 pag.
3909 3577 3977 3631 30
4007 3594 4024 3632 :

2433 3689 2701 3756 Quoniam
2747 3685 2910 3755 igitur
2951 3682 3096 3750 tigna
3152 3677 3388 3730 trabibus
3435 3681 3819 3738 componuntur
3865 3677 4028 3737 atque

2431 3781 2690 3842 celantur,
2733 3774 3072 3845 pulchritudo
3118 3789 3234 3824 vero
3286 3771 3471 3822 domus
3530 3766 3763 3818 trabibus
3818 3763 4028 3814 iudica-

2432 3884 2534 3934 tur,
2569 3881 2673 3924 etc.
2713 3867 2823 3921 Nec
2859 3872 2975 3921 sine
3023 3863 3308 3916 stomacho
3359 3850 3688 3929 legi'potcst
3738 3855 3884 3907 locus
3932 3853 4029 3907 ille

2433 3980 2551 4034 pag.
2581 3962 2649 4016 56
2693 3963 2746 4015 in
2785 3959 2876 4013 lin.
2921 3958 2985 4010 tle
3015 3956 3276 4010 Christo:
3310 3950 3436 4006 Jan:
3482 3951 3621 4002 enim
3658 3963 3752 3999 nec
3799 3954 4025 3998 mortem

2433 4072 2524 4123 pro
2565 4054 2712 4106 nobis
2743 4049 2990 4115 suscepit,
3023 4063 3141 4100 cum
3173 4045 3328 4099 semel
3367 4060 3550 4108 passus
3589 4044 3686 4104 sit,
3733 4038 4024 4093 secundum

2433 4145 2571 4215 quod
2613 4151 2824 4197 sanctus
2867 4141 2993 4192 dicit
3040 4137 3318 4206 Apostolus
3357 4151 3372 4187 :
3408 4154 3423 4184 ι
3456 4133 3597 4187 Mors
3640 4135 3684 4185 ei
3732 4131 3872 4185 ultra
3919 4147 4027 4183 non

2435 4234 2877 4296 dominabitur”,
2905 4250 2920 4282 ι
2953 4243 3058 4284 etc.
3094 4229 3197 4283 Sed
3235 4229 3347 4281 haec.
3380 4241 3442 4279 es
3481 4224 3728 4292 plurimis
3762 4236 3880 4292 qua:
3908 4232 4025 4275 tum

2437 4345 2462 4381 a
2499 4329 2725 4379 veritate
2754 4335 2863 4378 tum
2895 4339 2923 4376 a
2959 4331 3105 4376 recta
3140 4319 3532 4388 interpretandi
3571 4317 3780 4370 ratione
3817 4315 4027 4383 longis-

745 4415 872 4468 bara
907 4425 952 4468 et
977 4414 1233 4483 dissipata
1256 4416 1494 4468 oratione
1524 4415 1757 4483 perfecit.
1790 4414 1943 4480 Quod
1967 4421 2257 4486 crgo,dum
2280 4420 2332 4472 in
2366 4434 2409 4488 ο
2441 4422 2575 4475 sime
2615 4420 2895 4478 aberrant,
2940 4431 3062 4469 cum
3099 4415 3165 4469 iis
3202 4429 3304 4466 non
3340 4413 3520 4466 multis
3571 4410 3860 4479 conjuncta
3901 4422 4030 4475 quae

744 4505 998 4573 epitomen
1029 4523 1059 4559 α
1089 4504 1404 4560 Cassiodoro
1450 4508 1800 4574 contra/titur,
1839 4509 2112 4575 damnum,
2153 4520 2209 4562 ut
2244 4510 2325 4579 ﬁt,

745 4613 930 4664 passus
972 4606 1074 4662 est,
1110 4596 1439 4665 aliarumque
1470 4598 1633 4665 ipsius
1670 4599 2156 4666 interpretationum
2199 4617 2330 4670 quas

747 4692 870 4744 bene
900 4688 1092 4742 multas
1124 4698 1353 4742 recenset
1387 4687 2045 4758 Cassiodorus,jacturam
2080 4692 2193 4744 sine
2221 4701 2331 4744 sto-

747 4782 934 4839 tuacho
967 4781 1219 4850 feramus.
1253 4779 1316 4834 Et
1345 4780 1875 4838 certeCassiodorns
1908 4783 2102 4837 melius
2133 4799 2299 4840 cousu

749 4876 940 4929 luisset
987 4873 1348 4944 scriptoribus
1381 4872 1589 4931 Graecis
1629 4888 1765 4941 quos
1797 4875 1848 4926 in
1884 4871 2140 4927 Latinum
2191 4875 2331 4928 verti

747 4966 986 5029 curavit,
1037 4965 1084 5019 si
1141 4978 1356 5034 semper
1391 4963 1601 5018 Aniano
1633 4979 1765 5019 usus
1821 4973 1966 5018 esset
2004 4964 2332 5034 interprete,

750 5059 908 5129 eujus
952 5073 1174 5127 operam
1214 5059 1266 5113 io
1317 5059 1593 5112 vertendis
1637 5058 1963 5122 quibusdam
2009 5056 2067 5111 S.
2099 5057 2334 5128 Chryso-

751 5149 911 5203 stntni
971 5148 1209 5204 homiliis
1257 5150 1449 5204 merito
1503 5148 1643 5202 idem
1707 5146 1930 5201 Huetius
1982 5161 2330 5215 suntmOpere

754 5241 957 5296 laudat.
1003 5240 1270 5295 Cteterum
1327 5241 1656 5310 Epiphanius
1710 5238 2080 5292 Scholasticus
2132 5239 2181 5292 in
2232 5238 2333 5294 hac

754 5345 846 5385 sua
890 5330 1190 5386 Philoniani
1229 5333 1608 5386 commentarii
1641 5329 2115 5398 interpretatione,
2153 5315 2335 5386 multis

827 5447 869 5480 ¹⁰
904 5446 1058 5502 Rom.
1087 5460 1158 5509 vr,
1187 5444 1239 5499 9.

828 5562 902 5626 (α)
943 5561 1148 5616 Prodiit
1189 5563 1411 5618 Parisiis
1447 5579 1508 5614 ex
1547 5560 1756 5615 oilicina
1827 5562 2172 5616 Wet-.ho-liana
2203 5576 2331 5614 anu.

759 5633 912 5688 1557.
951 5634 1156 5687 Recusa
1205 5633 1396 5686 deinde
1458 5633 1550 5685 fuit
1615 5633 1664 5684 in
1700 5631 1944 5684 Bibiioth.
1977 5630 2085 5682 I’P.
2112 5646 2332 5684 (-tnante

753 5716 818 5764 dc
859 5707 908 5761 la
949 5702 1117 5775 Biguc
1171 5704 1303 5759 edit.
1338 5704 1360 5756 l
1400 5706 1450 5758 in
1503 5702 1799 5774 Appendic.
1855 5700 1915 5755 Et
1954 5704 2003 5755 iu
2060 5703 2188 5756 edit.
2218 5700 2252 5759 2
2281 5713 2330 5756 ct

2443 4515 2493 4566 iu
2527 4510 2975 4564 adnotationibus
3008 4506 3314 4566 attulimus,
3355 4505 3486 4558 satis
3529 4518 3648 4557 esse
3679 4509 3900 4570 possunt
3945 4499 4031 4552 in-

2441 4605 2604 4666 dicio,
2647 4617 2807 4670 quam
2840 4598 3138 4661 abnormis,
3185 4611 3344 4664 quam
3379 4595 3565 4653 iniida,
3609 4609 3767 4661 quam
3806 4592 4026 4646 horrida

2435 4697 2667 4763 denique
2700 4703 2754 4747 et
2789 4693 3060 4759 incompta
3087 4692 3156 4743 sit
3191 4687 3381 4742 Latina
3424 4688 3509 4739 illa
3539 4685 3843 4739 Philouiaui
3873 4697 4028 4737 com-

2438 4785 2686 4838 iueutarii
2721 4791 2875 4837 vetus
2908 4781 3307 4848 interpretatio.

2511 4875 2596 4928 IV.
2639 4873 2756 4928 Jatn
2797 4888 2925 4926 vero
2960 4874 3024 4925 de
3057 4872 3330 4940 Stephano
3363 4870 3608 4922 Salutate
3646 4866 3867 4935 ejusque
3901 4880 4030 4920 ver-

2437 4969 2608 5033 sione,
2663 4967 2706 5019 si
2745 4981 2808 5019 ea
2865 4975 3042 5016 tamen
3099 4962 3410 5031 appellanda
3470 4961 3538 5013 sit
3582 4960 3778 5021 versio,
3835 4957 4030 5025 loqua-

2441 5074 2562 5111 mur
2588 5057 2685 5128 (τι).
2718 5056 2901 5124 Neque
2928 5056 3096 5119 enim,
3127 5054 3215 5107 ubi
3261 5053 3371 5106 vult
3421 5051 3698 5105 Philonem
3733 5061 4031 5116 reprmseu-

2442 5161 2575 5213 tare,
2624 5151 2737 5215 agit
2787 5158 2966 5217 partes
3005 5146 3091 5200 ﬁdi
3143 5145 3474 5213 interpretis,
3507 5141 3656 5211 cujus
3688 5151 3770 5196 est
3802 5141 4034 5193 reddere

2442 5245 2601 5295 verba
2649 5242 2784 5310 ipsa,
2821 5250 2873 5294 et
2905 5241 3092 5293 eodem
3138 5240 3348 5298 ordine,
3384 5237 3469 5290 ubi
3515 5237 3566 5288 id
3620 5250 3721 5287 non
3769 5230 4033 5298 impediat

2442 5335 2720 5404 utriusque
2756 5333 3025 5389 sermonis
3069 5333 3241 5387 Grteci
3276 5341 3328 5385 ct
3360 5329 3532 5384 Latini
3571 5330 3779 5381 diversa
3818 5322 4032 5378 indoles

2444 5564 2495 5624 ’5,
2534 5564 2734 5686 toga”.
2787 5563 2852 5618 Et
2909 5563 2962 5617 in
2997 5558 3245 5618 Biblioth.
3291 5556 3404 5610 PP.
3449 5554 3755 5625 Lugduneu.
3792 5564 3920 5613 tom.
3963 5553 4032 5623 γ,

2444 5649 2559 5686 butt.
2696 5669 2709 5682 .

2443 5649 2559 5705 pug.
2591 5649 2709 5686 υυι.
