4208 6312
223 387 284 444 9.5
1624 384 2012 443 PBEFATIO.
3373 382 3444 440 26

219 516 265 562 οι
296 501 665 570 discrepantia,
694 498 783 554 seti
820 515 880 554 se
919 512 973 554 ut
1010 512 1280 556 oratorem
1327 504 1485 572 gerit.
1527 505 1779 572 Quinimo
1809 509 1856 566 Α
1885 515 1989 561 tem
2042 520 2071 559 a
2124 504 2288 559 Suida
2346 502 2651 558 nominatur
2688 501 3006 574 ὑπόμνημα,
3060 499 3109 552 in
3159 499 3446 551 immanem

219 609 323 649 cum
375 593 424 646 in
478 591 766 646 collatione
835 606 1111 661 pergerem
1169 591 1342 648 Graeci
1399 611 1522 650 eum
1580 595 1774 652 Latino
1891 595 2318 666 magnitudinem
2368 595 2669 649 excrevisse
2717 613 2731 648 :
2777 604 2833 646 ιιι
2887 593 3118 661 aliquam
3171 589 3448 658 scriptioni

219 687 604 746 conunentario,
643 684 890 737 videbam
933 682 1234 738 Salutatnm
1273 685 1550 742 brevitatis
1590 688 1774 743 Philo-
1884 702 1995 741 suae
2049 687 2367 742 conciliaret
2402 687 2590 753 iidem,
2640 685 2890 740 fabulant-
2922 685 3067 737 illam
3117 691 3450 737 ccmmcntns

220 780 372 832 hiante
419 776 643 854 fortasse
705 785 1026 844 pertaesum,
1082 777 1250 832 lineas
1298 794 1466 845 usque
1519 781 1776 835 audacius
1884 772 1972 834 est
2021 780 2087 834 de
2116 781 2325 834 duobus
2369 777 2773 854 commentariis
2808 775 3084 834 .Enstathii
3133 783 3186 829 et
3232 771 3449 827 Eusebii

221 868 501 930 transilire;
563 867 726 920 multa
785 883 890 921 non
945 867 1032 942 de,
1071 869 1248 923 verbis
1302 871 1509 936 solum,
1564 873 1656 926 scd
1712 876 1776 927 de
1884 870 2352 925 cumPhiloniano
2380 855 2679 923 commistis
2707 867 2844 922 etin
2877 880 3040 920 unum
3073 865 3339 920 conﬂatis.

219 958 480 1012 sententiis
531 957 785 1022 demere;
837 958 994 1026 longe
1042 973 1170 1012 vero
1217 959 1476 1027 plurimas
1522 963 1779 1028 explana-
1957 965 2030 1018 De
2080 963 2250 1019 Grznci
2304 960 2673 1017 commentarii
2711 968 2888 1024 actate,
2930 957 3045 1012 sive
3095 956 3242 1010 illum
3296 955 3452 1012 Philo

221 1049 392 1112 tiones,
422 1063 554 1116 quas
575 1048 772 1106 frustra
800 1049 852 1102 in
883 1049 1103 1105 Philone
1128 1068 1362 1119 quaeras,
1387 1054 1645 1119 inserere,
1672 1069 1778 1125 quo
1878 1055 2196 1125 Carpasins,
2242 1055 2355 1109 sive
2407 1052 2730 1121 Carpathius
2777 1048 3184 1114 conscripserit,
3218 1047 3452 1102 dubitari

218 1140 436 1210 pleniore
478 1157 599 1194 cum
642 1144 1031 1196 commentario
1073 1143 1184 1212 ipse
1231 1144 1470 1210 prodiret
1517 1145 1565 1198 in
1604 1147 1776 1212 pttbli-
1881 1166 1986 1204 non
2035 1157 2211 1217 potest
2250 1147 2415 1201 fuisse
2441 1144 2816 1210 compositum
2859 1151 2982 1196 ante
3010 1139 3452 1212 Cosmamvngy.

218 1246 354 1296 cum;
390 1246 560 1298 eoque
588 1232 638 1285 in
677 1233 788 1286 suis
820 1233 1182 1288 additionibus
1219 1248 1338 1288 esse
1390 1237 1774 1311 cupiosiorem,
1879 1243 2075 1312 ptium,
2123 1240 2238 1309 qui,
2286 1248 2342 1293 ιιι
2375 1253 2533 1306 supra
2583 1239 2780 1291 dictum
2812 1245 2916 1297 est,
2964 1249 3029 1288 ex
3078 1231 3301 1286 Philone
3351 1232 3452 1286 tria

219 1339 311 1392 quo
343 1324 564 1378 ulterius
601 1325 651 1377 in
686 1340 780 1379 sua
821 1326 934 1388 illa,
964 1326 1006 1379 si
1047 1325 1205 1379 talem
1238 1327 1416 1380 dicere
1449 1327 1528 1380 l‘as
1566 1338 1666 1392 est,
1699 1329 1775 1381 in-
1879 1333 2062 1388 attulit
2099 1331 2213 1386 loca
2248 1332 2298 1384 in
2325 1346 2418 1384 sua
2440 1328 2803 1397 Topograpliia
2823 1322 3455 1392 Christiana.Scripsisse

220 1417 583 1484 terpretatione
614 1417 948 1486 procederet.
975 1416 1108 1472 Illud
1142 1427 1319 1472 tamen
1367 1418 1633 1474 aﬂirmare
1670 1435 1776 1472 non
1881 1437 2059 1480 autem
2088 1425 2339 1478 Cosmam
2388 1436 2541 1475 suum
2569 1435 2705 1488 opus
2740 1433 2878 1472 anno
2922 1415 3026 1471 555
3061 1417 3248 1486 probat
3280 1415 3455 1468 Mum-

217 1505 579 1570 dubitaverim,
607 1507 650 1558 si
689 1521 792 1559 non
829 1516 996 1560 totum
1032 1508 1478 1561 commentarium
1515 1507 1774 1574 Philonis,
1881 1515 2168 1570 fattconius
2201 1513 2300 1587 (η).
2330 1512 2427 1579 Qui
2479 1510 2681 1564 Philoni
2727 1509 2984 1578 Carpasio
3009 1506 3453 1563 commentarium

217 1599 491 1649 maximam
539 1608 714 1652 tamen
746 1598 862 1668 ejus
897 1609 1103 1669 partem
1137 1599 1190 1653 in
1233 1615 1332 1654 suo
1364 1602 1455 1654 illo
1500 1616 1778 1654 con'nnen-
1881 1609 2021 1661 hunc
2041 1606 2379 1660 tribuendum
2415 1601 2864 1666 existimaverint,
2893 1600 2927 1654 ii
2947 1610 3200 1654 censeant
3221 1607 3454 1668 oportet,

219 1692 340 1744 ¹³¹ῖο
372 1692 615 1759 reperiri,
661 1692 756 1747 Sed
808 1703 915 1745 tam
954 1691 1140 1746 multis
1187 1708 1306 1762 qua:
1342 1694 1644 1763 largissima
1679 1694 1779 1746 ad-
1880 1700 2138 1769 scriptum
2161 1713 2280 1752 esse
2296 1697 2375 1751 vel
2392 1697 2666 1750 desinente
2682 1692 2877 1748 saeculo
2899 1702 3116 1762 quarto,
3133 1690 3455 1744 velineunte

213 1780 326 1847 iecit
374 1799 531 1836 manu
581 1799 894 1853 Oppressam
921 1827 936 1852 ,
987 1785 1070 1838 vix
1117 1793 1175 1837 ut
1224 1797 1502 1854 appareat.
1549 1785 1776 1840 Possum
1811 1847 1850 1861 ἢ
1881 1791 2090 1861 quinto.
2115 1790 2178 1843 Et
2207 1787 2674 1842 Oudinusidcirco
2692 1786 2757 1840 de
2787 1784 3010 1838 Philone
3029 1781 3291 1850 Carpasio
3312 1779 3458 1847 ejus-

215 1872 458 1939 Phllo'lisi
512 1885 569 1927 ιιι
609 1876 680 1928 ila
718 1876 891 1928 dicam
914 1914 928 1938 ν
988 1873 1156 1928 frus“!
1181 1913 1195 1939 ι
1247 1876 1335 1930 ubi
1381 1891 1442 1929 ea
1500 1877 1776 1932 Salutatus
1811 1847 1852 1902 Β
1881 1847 1985 1952 que
2009 1883 2209 1949 scripto
2237 1879 2292 1934 in
2325 1878 2596 1933 Canticum
2625 1881 2947 1930 canticorum
2977 1875 3302 1929 mentionem
3329 1871 3459 1924 facit

216 1963 514 2028 οοΙιοοδνίι,
571 1965 830 2018 ittdical‘e-
883 1965 1148 2019 (ὶωιονυιη
1209 1965 1485 2021 salutatus
1546 1967 1777 2022 lectores
1879 1963 3280 2038 adannumCltristiquadringentesimum.Ejusdem
3314 1977 3458 2016 com-

215 2069 326 2110 suos
363 2055 516 2109 ludos
563 2056 714 2119 facit,
745 2072 865 2114 cum
898 2059 946 2108 in
977 2072 1074 2109 sua
1114 2056 1352 2126 Epistola
1384 2059 1452 2111 ad
1493 2059 1775 2111 Nicolaum
1882 2063 2131 2116 mentarii
2160 2062 2282 2130 quis
2317 2074 2441 2114 usus
2471 2073 2588 2113 esse
2615 2059 2783 2127 possit
2811 2057 2876 2111 ad
2907 2053 3280 2110 conﬁrmanda
3312 2067 3458 2119 quie-

217 2146 554 2216 Burgilesinm
596 2149 950 2216 presbyterum
984 2148 1368 2202 Bononi’ensem
1397 2150 1622 2202 scribit:
1655 2148 1777 2201 Non
1881 2156 2002 2208 dam
2054 2154 2330 2208 catholicae
2382 2152 2502 2205 fidei
2553 2154 2823 2219 dogmata,
2867 2153 3025 2205 docet
3071 2148 3140 2200 cl.
3169 2145 3459 2216 Fogginius

215 2254 336 2291 unus
371 2241 496 2292 mihi
545 2238 716 2303 Philo,
743 2241 833 2294 sed
859 2243 1034 2308 plures
1059 2243 1189 2294 mihi
1223 2242 1481 2304 videntur,
1511 2243 1600 2310 qni
1627 2245 1778 2293 nosce
1883 2249 1934 2299 in
1967 2245 2117 2312 praef.
2146 2246 2210 2296 ad
2247 2253 2541 2297 comment.
2573 2244 2764 2312 Epiph.
2797 2258 2848 2311 p.
2875 2241 2944 2294 40
2974 2249 3029 2295 et
3059 2247 3331 2307 sequenL,
3369 2238 3456 2290 ubi

215 2334 602 2385 commentarios
643 2332 693 2384 in
737 2332 1017 2388 Canticum
1055 2338 1387 2387 canticorum
1434 2334 1774 2400 confecerint.
1883 2335 2046 2389 multa
2085 2335 2239 2390 docte
2267 2344 2320 2388 et
2347 2335 2558 2388 erudite
2585 2334 2841 2403 disputat,
2872 2348 2990 2403 qua:
3019 2332 3109 2402 qui
3146 2328 3357 2400 legerit,
3388 2343 3455 2384 ea

219 2419 345 2474 Nam
398 2423 539 2492 quod
601 2423 841 2476 Philonis
913 2425 1119 2477 nomine
1195 2424 1587 2494 circumfertur,
1639 2425 1778 2490 apud
1883 2442 1940 2483 se
1969 2427 2160 2494 legisse
2192 2442 2295 2481 non
2336 2425 2640 2493 paenitebit.

215 2511 407 2566 θνατοί
452 2519 604 2569 breve
641 2515 926 2568 admodum
966 2524 1063 2568 est.
1094 2515 1202 2570 Sed
1232 2526 1349 2568 sunt
1385 2517 1473 2585 qui
1518 2516 1673 2568 uelint
1715 2513 1779 2568 ab
1959 2517 2019 2573 V.
2057 2518 2296 2586 Denique
2334 2519 2385 2571 itt
2425 2518 2526 2571 hoc
2565 2515 2754 2571 Graeco
2796 2514 3035 2569 Philonis
3065 2512 3459 2568 commentario

215 2604 483 2662 Eustathio
540 2624 744 2678 quoque
778 2618 828 2662 et
864 2604 1088 2661 Eusebio
1122 2609 1364 2676 (quorum
1402 2618 1587 2675 rogatu
1627 2605 1779 2660 Philo
1883 2596 2183 2680 evulgando
2213 2609 2340 2678 quid
2373 2622 2549 2676 operae
2587 2608 2701 2676 ipse
2733 2607 3104 2676 impenderim,
3137 2605 3324 2674 paucis
3356 2619 3455 2658 ex-

213 2699 309 2764 ipse
350 2701 782 2753 commentarium
821 2700 958 2753 hunc
994 2699 1322 2768 confecerat)
1382 2701 1780 2767 interpretatum
1887 2684 2117 2770 pediam.
2144 2698 2369 2753 Codices
2393 2697 2528 2752 duos
2561 2697 2912 2751 Barberinnm
2936 2706 2989 2750 et
3022 2693 3459 2756 Vallicellanttm,

213 2807 332 2856 me,
359 2806 631 2861 unumque
662 2793 726 2844 de
756 2792 922 2845 tribus
953 2807 1063 2844 esse
1099 2789 1458 2859 conjunctum.
1487 2790 1555 2840 At
1593 2802 1782 2856 quam-
1885 2807 2113 2861 quorum
2155 2790 2242 2844 ille
2280 2791 2330 2842 in
2373 2789 2511 2853 line,
2559 2789 2645 2842 hic
2695 2790 2746 2841 in
2792 2787 3056 2856 principio
3095 2797 3150 2840 et
3195 2788 3299 2840 line
3341 2801 3459 2839 mu-

213 2898 322 2937 nam
353 2883 423 2936 illi
460 2883 625 2937 [idem
661 2883 1002 2947 habebimus,
1032 2882 1121 2951 qui
1155 2882 1222 2935 de
1253 2881 1462 2935 duobus
1501 2880 1604 2934 illis
1634 2893 1780 2933 com-
1886 2884 2014 2937 tilus
2049 2890 2151 2947 est,
2185 2882 2412 2951 inspexi,
2447 2890 2501 2935 et
2532 2896 2654 2936 cum
2691 2880 2757 2935 iis
2802 2895 2978 2934 meum
3021 2879 3262 2933 codicem
3300 2892 3459 2946 quam

213 2964 484 3030 fnentariis
532 2985 728 3030 testem
781 2974 1022 3045 proferat
1075 2973 1387 3026 neminem?
1427 2972 1629 3025 nullum
1683 2985 1780 3023 no-
1885 2974 2289 3044 diligentissime
2329 2972 2554 3027 contuli.
2601 2972 2709 3026 llos
2739 2973 2880 3026 enim
2920 2981 3149 3024 tractare
3181 2983 3298 3022 meo
3333 2966 3462 3021 mihi

212 3067 367 3120 minet
397 3067 669 3130 codicem,
699 3066 787 3119 ubi
829 3065 1284 3119 commentarium
1328 3063 1477 3117 illum
1513 3062 1783 3116 extribus
1888 3067 2042 3120 licuit
2083 3067 2348 3119 arbitratu
2395 3082 2408 3118 :
2449 3075 2674 3119 caeteros
2726 3080 2828 3117 ηοιι
2871 3063 3022 3128 item,
3072 3061 3458 3125 Mutinensem,

213 3157 486 3214 conﬂatum
519 3158 820 3227 repererit?
846 3171 1078 3226 cumque
1108 3156 1505 3210 miseellaneum
1537 3155 1684 3207 illum
1716 3169 1778 3206 ex
1811 3195 1853 3250 Ο
1888 3157 2236 3220 Tiieatinum,
2277 3157 2674 3220 Auxitnanum;
2730 3156 2823 3210 sed
2863 3154 3184 3223 quibusdam
3223 3152 3274 3205 in
3328 3152 3462 3205 locis

213 3250 441 3321 pluribus
491 3260 859 3322 cmnpactum,
888 3251 1074 3306 Graece
1128 3251 1387 3319 scriptum
1423 3264 1545 3303 esse
1591 3248 1782 3302 existi-
1817 3242 1853 3250 ⁷
1889 3249 1941 3302 in
1987 3247 2185 3317 quibus
2220 3247 2512 3312 haerebam,
2545 3248 2610 3300 ab
2661 3247 2849 3299 amicis
2884 3245 3194 3299 Grtecarmn
3243 3242 3455 3296 littera-

213 3346 334 3398 tnari
372 3353 648 3414 oporteat,
678 3360 836 3414 quem
880 3342 1156 3398 Salutatus
1182 3355 1214 3396 ‘a
1250 3355 1307 3396 se
1340 3341 1531 3396 Latine
1568 3355 1782 3393 versmn
1887 3357 2004 3396 rum
2046 3341 2237 3409 peritis
2275 3340 2637 3410 inspiciendus
2675 3339 2881 3394 curavi.
2919 3338 3024 3391 llos
3060 3346 3238 3389 autem
3270 3349 3464 3388 omnes

215 3436 402 3508 profert
443 3438 498 3491 in
551 3438 760 3502 lucem;
805 3453 900 3491 cur
949 3447 1057 3492 tam
1110 3436 1274 3490 multa
1326 3437 1377 3489 in
1421 3450 1482 3488 ea
1533 3435 1784 3488 versione
1889 3449 2010 3488 esse
2067 3433 2307 3506 comperi
2361 3432 2522 3486 nimis
2561 3430 2744 3493 multis
2792 3429 3074 3483 erroribus
3114 3426 3458 3492 maculosos;

214 3525 665 3598 occurrunt’quae
709 3530 839 3583 nihil
874 3530 1054 3584 oleant
1097 3527 1418 3591 Graecitatis,
1466 3528 1558 3581 sed
1595 3527 1752 3594 primi
1887 3525 2082 3595 quibus
2153 3524 2385 3579 fortasse
2443 3532 2682 3578 veterem
2743 3521 2918 3588 ipsum
2977 3520 3366 3588 interpretem,
3412 3527 3467 3572 et

216 3617 310 3672 tiva
347 3633 408 3673 ex
445 3619 647 3673 Latino
688 3618 835 3673 ferite
867 3620 1093 3673 deducta
1126 3633 1249 3672 esse
1285 3617 1618 3686 appareant?
1652 3617 1786 3670 [’rac-
1890 3618 2219 3688 Stephanum
2258 3617 2560 3671 Salutatnm
2599 3616 2846 3684 suspicor
2898 3613 3296 3667 nonhabuisse
3346 3625 3461 3664 me-

218 3718 350 3764 terea
388 3710 561 3764 multa
615 3709 860 3765 Philonis
911 3726 1016 3764 non
1061 3711 1254 3779 exigua
1304 3709 1600 3778 fragmenta
1648 3709 1786 3762 male
1897 3708 2079 3764 liores.
2127 3707 2182 3760 !n
2217 3708 2673 3772 adnotationibus,
2707 3706 2806 3759 mei
2839 3705 3063 3771 codicis,
3095 3705 3182 3773 qui
3220 3703 3467 3771 plurimis

216 3811 382 3856 assuta
418 3803 538 3857 suis
592 3802 957 3857 additionibus
1001 3803 1220 3857 exhibet
1269 3801 1566 3863 Salutatus,
1623 3801 1785 3852 multa
1892 3801 1943 3853 in
1987 3799 2119 3855 locis
2149 3811 2232 3854 est
2264 3801 2605 3869 depravatus,
2633 3813 2868 3863 errores,
2902 3796 3160 3851 adhibitis
3191 3810 3327 3865 quos
3352 3794 3462 3848 dixi

216 3905 272 3944 ex
300 3892 357 3946 D.
383 3892 652 3960 Gregorio
681 3891 872 3961 Magno
911 3891 1072 3944 etiam
1115 3892 1414 3957 desumpta,
1459 3889 1601 3957 quod
1645 3888 1787 3956 jam-
1891 3895 2183 3956 codicibus,
2214 3893 2528 3957 emendavi;
2561 3902 2616 3945 et
2646 3892 2733 3945 ubi
2777 3891 2952 3946 locum
2998 3889 3232 3958 aliquem
3266 3888 3318 3940 in
3347 3901 3465 3940 om-

214 3979 400 4035 dudmn
428 3999 457 4034 ιι
504 3981 755 4051 pluribus
799 3992 883 4034 est
917 3980 1352 4034 animadversum
1383 4000 1395 4034 :
1430 3990 1487 4033 ttt
1533 3979 1646 4047 ejus
1695 3994 1788 4033 ne-
1895 3988 2053 4041 nibus
2089 3986 2366 4040 codicibus
2407 3997 2720 4055 corruptum
2761 3984 3113 4053 deprehendi,
3147 3981 3465 4047 conjectura

215 4087 391 4142 queam
425 4075 564 4128 satis
604 4073 789 4127 mirari
828 4074 1112 4139 rationem,
1146 4075 1235 4143 qui
1283 4073 1524 4126 Philonis
1555 4076 1786 4142 genuina

1892 4082 2040 4133 illum
2097 4080 2384 4133 restituere
2434 4081 2637 4133 studui.
2699 4078 3048 4132 Philonianas
3084 4076 3225 4128 sacri
3286 4085 3467 4128 textus

216 4164 544 4233 praefatione,
589 4180 764 4234 eaque
813 4166 1021 4234 integra
1057 4175 1285 4231 retenta,
1319 4164 1666 4233 pluribusque
1699 4165 1788 4216 iti-
1893 4170 2152 4224 lectiones
2191 4186 2311 4223 cum
2345 4170 2616 4224 Vaticana:
2661 4168 2915 4223 editionis
2950 4167 3288 4228 lectionibus,
3318 4164 3469 4217 aliis-

216 4259 324 4312 dem
366 4258 714 4313 Philonianis
748 4258 1196 4328 explicationibus
1239 4258 1378 4310 inter
1430 4257 1598 4311 multo
1639 4257 1787 4324 plura
1893 4276 1996 4328 que
2027 4262 2361 4314 variantibus
2405 4277 2433 4314 a
2479 4260 2770 4316 Lamberto
2796 4258 2966 4313 'Bosio
2996 4258 3048 4311 in
3093 4271 3191 4311 sua
3230 4256 3468 4309 editione

217 4349 576 4404 adtlilalllema
626 4364 722 4403 sua
771 4350 1025 4411 iIISerliS.
1075 4349 1334 4402 amitteter
1379 4348 1638 4417 ejusmodi
1692 4365 1789 4399 κυ-
1900 4351 2107 4406 Veteris
2139 4351 2470 4408 Testa-menti
2505 4352 2678 4407 Graeci
2727 4351 2996 4415 adductis,
3044 4357 3296 4402 accurate
3335 4361 3468 4399 con-

216 4443 380 4496 κεῶνα.
436 4443 690 4497 Philonis
739 4440 958 4495 nomine
1010 4440 1306 4495 lectoribus
1355 4442 1466 4493 suis
1505 4440 1788 4508 propinare
1895 4447 2022 4511 tuli;
2058 4459 2110 4500 et
2142 4448 2268 4515 quid
2306 4447 2356 4500 in
2395 4461 2609 4517 quoque
2640 4446 2755 4500 loco
2786 4444 2940 4498 Philo
2964 4459 2994 4496 a
3028 4442 3240 4497 cmteris
3271 4439 3483 4503 variet,-

215 4536 276 4588 sit
329 4550 517 4589 ausus.
573 4535 730 4589 Illum
791 4534 1097 4602 suscepisse
1169 4533 1416 4602 suSpicor
1485 4531 1786 4584 Pbiloniani
1823 4529 1865 4582 ι)
1898 4540 1947 4592 in
1983 4539 2169 4592 iisdem
2201 4538 2638 4594 adnotationibus
2671 4539 2953 4608 diligenter
2987 4535 3230 4605 exposui.
3266 4534 3318 4586 In
3363 4530 3467 4585 La-

217 4629 586 4681 eommenlarii
629 4628 935 4680 versionem
965 4644 977 4679 :
1012 4639 1241 4694 cumque
1283 4640 1394 4678 suae
1426 4624 1786 4689 interpolamli
1900 4627 2010 4681 tina
2047 4626 2277 4697 denique
2301 4630 2568 4694 versione,
2598 4643 2760 4699 quam
2785 4643 2814 4682 e
2839 4628 3053 4697 regione
3082 4625 3253 4680 Graeci
3292 4632 3468 4675 textus

217 4716 412 4771 libidini
461 4718 669 4786 ubique
728 4717 951 4768 nimium
1001 4730 1058 4769 se
1101 4715 1555 4769 animadverteret
1612 4714 1787 4768 indul-
1901 4720 2149 4789 apposui,
2188 4721 2359 4788 magis
2391 4721 2519 4775 mihi
2558 4720 2785 4776 ﬁdelitas
2813 4734 2952 4774 cura:
2993 4718 3114 4781 fuit,
3153 4731 3309 4785 quam
3354 4713 3467 4770 ele-

217 4807 356 4871 sisse,
387 4818 439 4862 et
473 4807 933 4861 cointnentarimn
980 4807 1068 4875 qni
1108 4817 1327 4875 propter
1382 4807 1497 4875 ejus
1547 4807 1784 4862 brevita-
1893 4810 2092 4878 gantia.

278 4945 349 5019 (rt)
391 4945 614 5002 Prtelat.
643 4947 708 4998 ad
748 4945 926 5001 Cosm.
952 4943 1168 5016 Egypt.
1206 4959 1320 5013 cap.
1349 4944 1397 5000 1.
