4208 6312
143 410 200 467 33
1030 406 1351 460 ENARRA'I
1364 407 1434 463 lU
1474 408 1540 460 IN
1591 408 1762 463 CAN]

1785 408 1964 462 [CUM
2006 409 2479 466 CANTICORUM.
3292 413 3363 471 ’54

143 524 413 598 ομιλοῦντος
452 521 571 597 (Τί)
607 522 764 596 αὐτῇ·
805 541 823 577 t
856 523 1142 589 Ἀκουσον,
1176 522 1436 594 θύγατερ,
1477 523 1570 577 καὶ
1601 523 1697 586 ἴδε,
1729 531 1762 587 Α

1809 545 1829 578 ι
1865 530 2021 593 Audi,
2074 528 2179 581 ﬁlia
2214 544 2227 580 :
2263 538 2312 579 et
2356 526 2497 595 vide,
2545 534 2597 582 et
2642 526 2835 582 inclina
2875 539 3060 582 aurem
3109 535 3286 587 tuam,
3314 538 3369 581 et

144 618 219 672 καὶ
263 617 428 670 κλῖνον
486 616 552 669 τὸ
606 612 703 679 οὖς
738 632 863 669 σου·
932 617 1025 669 καὶ
1085 615 1343 669 ἐπιλάθου
1411 615 1505 668 τοῦ
1561 608 1695 669 λαοῦ

144 726 217 763 σου
250 706 371 775 (28),
406 706 498 759 καὶ
528 707 625 759 τοῦ
655 708 803 760 οίκου
835 707 928 760 τοῦ
966 706 1171 775 πατρός
1213 724 1327 760 σου“
1380 708 1474 761 καὶ
1505 706 1693 759 ἐπιθυ-

144 800 276 869 μήσει
307 799 333 848 6
367 795 622 865 βασιλεὺς
669 796 763 850 τοῦ
806 796 1036 858 κάλλους
1086 813 1199 851 σου.
1254 797 1337 850 ὄτι
1379 798 1539 861 αὑτός
1578 798 1693 850 ἐστι

142 890 310 962 Κύριός
336 906 445 942 σου·
495 910 514 940 ι
550 890 646 943 καὶ
675 888 836 943 πάλιν
878 890 1098 944 Ἡσαΐου
1129 890 1220 943 τὸν
1248 889 1468 960 ἔννομον
1494 890 1694 959 τιμῶν-

140 1000 212 1045 τος
255 982 439 1051 γάμον,
478 981 575 1034 καὶ
628 981 880 1049 λέγοντος
924 982 1091 1053 αὐτῇ·
1141 999 1158 1032 ι
1204 981 1299 1034 τον
1354 983 1554 1054 τρόπον
1599 983 1692 1035 εύ-

140 1070 469 1143 ᾳρςινθήσεται
515 1071 749 1142 νυμφίος
780 1072 874 1125 ἐπὶ
900 1076 965 1143 τῇ
995 1072 1203 1144 νύμφῃ,
1235 1072 1408 1137 οὕτως
1452 1076 1692 1146 εὐφραν-

141 1164 328 1234 θήσεται
358 1163 563 1233 Κύριος
594 1165 685 1217 ἐπὶ
710 1163 792 1217 σοί
830 1163 905 1234 ›)·
950 1164 1139 1236 ὥσπερ
1166 1161 1257 1218 οὖν
1286 1164 1491 1218 τούτων
1517 1168 1693 1220 ἑνωτι-

138 1257 313 1327 σαμένη
352 1258 443 1308 καὶ
472 1257 648 1309 ἄλλων
686 1258 887 1327 ὁμοίων
925 1258 958 1327 ἡ
996 1256 1307 1328 καλουμένη
1337 1257 1523 1329 νύμφη
1556 1259 1690 1329 (29),

139 1350 372 1416 ἀντφωνεί
410 1349 504 1401 καὶ
538 1349 707 1427 λέγει’
739 1348 1055 1415 Φιλησὰτω
1086 1366 1165 1419 με
1196 1349 1317 1404 άπὸ
1344 1350 1692 1421 φιλημάτων

138 1443 392 1509 στόματος
424 1442 636 1496 αὐτοῦ.
671 1442 743 1496 Σὺ
790 1441 941 1510 γοῦν,
985 1444 1096 1505 πᾶς
1137 1443 1165 1495 6
1200 1440 1549 1513 ἀκροώμενος
1581 1442 1691 1497 τῶν

138 1532 485 1602 πνευματικῶν
513 1534 795 1613 ᾀσμάτων,
827 1534 908 1587 ὅτι
943 1534 1156 1606 φίλημα
1184 1535 1559 1605 πνευματικὸν
1592 1536 1686 1589 καὶ

136 1626 362 1695 ἄχραντον
394 1624 495 1694 τῆς
528 1623 731 1693 σαρκὸς
762 1624 984 1687 ἀκούεις
1018 1624 1251 1696 φίλημα,
1281 1626 1355 1695 μὴ
1385 1625 1688 1696 τιτρώσκου

134 1721 211 1785 τὴν
247 1716 478 1771 διάνοιαν
533 1719 653 1780 ταῖς
690 1717 787 1787 τῆς
821 1718 1022 1789 σαρκὸς
1061 1716 1432 1789 ἡδυπαθείαις.
1474 1718 1689 1789 Φίλημα

134 1808 218 1878 γὰρ
276 1807 641 1878 πνευματικὸν
708 1807 1007 1878 φιλήματος
1076 1805 1341 1877 σαρκικοῦ
1406 1805 1541 1860 πολὺ
1594 1809 1688 1861 καὶ

132 1901 437 1970 ἀουγκρίτως
471 1901 768 1971 διενήνοχε,
805 1899 1114 1971 καθάπερή
1151 1899 1333 1970 ἡμέρα
1364 1899 1465 1970 τῆς
1496 1900 1689 1964 νυκτὸς

1798 620 1989 673 ohlivis
2024 637 2115 675 ere
2152 622 2402 689 populum
2437 630 2583 674 tuum
2618 629 2677 673 et
2693 621 2909 674 domum
2938 619 3106 689 patris
3160 621 3236 674 tui
3270 636 3284 674 :
3318 631 3369 673 et

1800 712 2144 790 concupiscet
2199 727 2291 766 rex
2355 712 2804 782 pulchritudinem
2866 723 3047 776 tuam,
3095 714 3217 781 quia
3262 726 3369 781 tpSt.‘

1795 812 1878 855 est
1913 800 2170 856 Dominus
2204 804 2341 856 Deus
2373 812 2495 857 tuus
2525 805 2571 836 "
2601 803 2629 857 τ’
2650 822 2670 856 ι
2701 814 2755 858 ει
2785 818 2971 858 rursus
3008 801 3177 859 Isaias
3201 802 3369 873 legiti-

1790 908 1913 947 tuas
1965 894 2235 948 honorans
2266 896 2501 965 nuptias,
2552 895 2683 949 dicit
2725 910 2772 950 et
2822 894 2868 927 "
2901 914 2914 950 ;
2952 914 2970 946 ι
3005 895 3372 962 Quemadmo-

1794 984 1919 1036 dum
1953 984 2219 1038 lzetabitur
2249 990 2479 1055 sponsits
2509 988 2559 1040 in
2590 1001 2811 1055 sponsa,
2850 986 2927 1039 sic
2964 985 3233 1043 laetabitur
3265 986 3371 1039 Do-

1795 1077 1979 1131 minus
2017 1078 2066 1129 in
2105 1088 2153 1132 te
2181 1078 2225 1145 ι)
2253 1065 2282 1131 ε’
2309 1079 2459 1146 quasi
2505 1068 2665 1147 igitur
2700 1078 2785 1132 his
2846 1077 3070 1145 aliisque
3110 1076 3369 1145 ejusmodi

1805 1170 2147 1222 sermonibus
2176 1184 2368 1238 sponsa
2402 1171 2647 1237 przebens
2672 1184 2830 1222 aures
2859 1168 3079 1233 clamat,
3122 1179 3177 1222 et
3203 1168 3367 1223 dicit:

1806 1258 2087 1313 Osculetur
2112 1277 2191 1314 me
2224 1262 2286 1313 ab
2315 1259 2505 1313 osculis
2538 1261 2643 1313 oris
2675 1261 2779 1313 sui.
2809 1259 2886 1312 Tu
2917 1260 3101 1328 igitur,
3128 1258 3369 1328 quisquis

1794 1352 2013 1406 Cantica
2052 1354 2383 1408 canticorum
2426 1354 2598 1416 audis,
2631 1353 2847 1421 quando
2887 1350 3164 1419 spirituale
3206 1362 3257 1406 et
3301 1354 3371 1408 ab

1791 1444 1936 1497 omni
1974 1460 2140 1499 carne
2180 1460 2372 1515 purum
2428 1445 2666 1500 osculum
2724 1446 2897 1510 audis,
2958 1444 3064 1498 noli
3136 1452 3371 1497 mentem

1792 1536 2100 1591 carnalibus
2150 1537 2349 1592 lzedrre
2391 1538 2771 1608 voluptatibus.
2809 1536 3062 1591 Osculum
3089 1537 3233 1589 enim
3264 1537 3367 1604 spi-

1794 1628 1986 1681 rituale
2038 1628 2243 1682 carnali
2292 1630 2475 1683 osculo
2515 1632 2684 1682 multo
2717 1639 2799 1684 εει
2831 1640 2885 1683 ει
2924 1630 3041 1682 sine
3081 1640 3370 1697 compara-

1791 1721 1937 1774 tione
1959 1721 2323 1789 praestantius,
2356 1721 2497 1775 sicut
2520 1722 2635 1776 dies
2660 1732 2870 1775 noctem
2896 1720 3097 1773 lumine
3122 1730 3366 1786 superat.

1790 1811 2252 1877 Quemadmodum
2290 1814 2432 1867 enim
2500 1829 2696 1884 corpus
2748 1822 2829 1869 est
2860 1815 3115 1875 animate,
3159 1822 3211 1866 et
3243 1827 3363 1866 cor-

1791 1918 1887 1972 pus
1918 1904 2195 1972 spirituale
2222 1904 2304 1957 “:
2345 1906 2415 1958 ita
2463 1906 2702 1960 osculum
2733 1915 2816 1960 est
2846 1905 3086 1971 carnale,
3120 1914 3174 1958 et
3207 1919 3367 1959 oscu-

134 1993 244 2060 φωτὶ
271 1993 677 2064 ἐπερίσσευσεν.
710 1992 920 2063 Ὥσπερ
952 1990 1062 2061 γὰρ
1099 1990 1213 2043 ἐστι
1247 1989 1405 2062 σῶμα
1435 1990 1683 2060 ψυχικὸν,
1721 1981 1759 2035 Β

1790 1986 1901 2048 Ιιιιιι
1934 1995 2229 2065 spirituale.
2268 1994 2458 2051 Verum
2494 1996 2711 2052 carnale
2744 2008 2999 2052 terrestre
3040 2006 3159 2060 est;
3201 1996 3363 2066 spiri-

132 2088 204 2138 tui
252 2084 356 2139 ἐστι
408 2085 572 2155 σῶμα
634 2082 1019 2153 πνευματικόψ
1066 2082 1239 2145 οὕτως
1287 2082 1404 2135 ἐστι
1473 2084 1683 2155 φίλημα

133 2178 377 2249 σαρκικδν,
405 2180 501 2231 καὶ
549 2177 761 2246 φίλημα
809 2176 1199 2245 πνευματικόν.
1254 2174 1415 2227 Ἀλλά
1462 2176 1523 2229 τὸ
1586 2176 1683 2247 μὲν

131 2269 355 2340 σιρκικδν
385 2270 628 2337 ἐπίγειον
648 2286 659 2298 ·
689 2269 749 2321 τὸ
773 2268 830 2320 δὲ
854 2266 1224 2335 πνευματικὸν
1245 2262 1601 2337 ὲπουράνιονέ
1618 2267 1685 2320 Ἠ

128 2364 275 2415 τοίνυν
318 2363 407 2416 ἐπὶ
456 2363 563 2432 γῆς
590 2360 741 2431 φιλία
775 2359 883 2430 (50)
931 2357 1123 2428 ὲπιμίξ
1152 2359 1266 2410 ὲστι
1298 2357 1462 2411 καλοῦ
1500 2374 1559 2409 τε
1590 2358 1685 2411 καὶ

128 2453 286 2506 κακοῦ.
320 2451 475 2522 Καλὴ
506 2452 617 2523 γάρ
644 2452 676 2520 ἡ
712 2450 839 2520 περὶ
861 2446 1038 2517 γάμον
1073 2444 1241 2515 φιλία,
1280 2444 1425 2515 κακὴ
1452 2444 1508 2496 δὲ
1529 2445 1562 2513 ή
1588 2460 1684 2495 πε-

129 2546 169 2613 ρὶ
206 2544 465 2615 πορνείαν.
505 2542 579 2596 Οὐ
633 2540 739 2612 γάρ
786 2538 921 2610 πρὸς
966 2538 1131 2609 μόνας
1163 2536 1263 2598 τὰς
1298 2536 1403 2588 ὑπὸ
1428 2533 1563 2587 Θεοῦ
1591 2552 1686 2587 συ-

128 2637 409 2705 ζευχθείσας
438 2636 627 2697 αὐτοῖς
654 2632 901 2702 νομίμως
926 2629 1171 2701 γαμετὰς
1196 2628 1444 2681 ἕλκονται
1481 2625 1684 2690 πάντες

127 2726 184 2796 τῷ
214 2726 349 2797 πόθῳ
379 2727 515 2796 (τοῖς
540 2724 583 2776 δ’
611 2721 973 2795 ἀρκουμένοις
995 2718 1191 2790 τούτῳ,
1217 2716 1417 2783 ἀγαθόν
1450 2715 1588 2789 [51]·
1625 2717 1684 2782 ἐξ

131 2818 297 2886 ἀγαθοῦ
320 2819 425 2889 γὰρ
462 2820 493 2871 ὁ
516 2817 737 2886 γάμος)·
766 2814 900 2868 ἀλλὰ
934 2812 1117 2866 πολλοὶ
1154 2811 1246 2865 καὶ
1285 2810 1424 2882 μετὰ
1454 2808 1686 2879 ἀνομίας

131 2910 448 2981 γλεύιγάμοις
497 2910 681 2969 εὐναῖς
738 2906 1161 2978 συμπλέκονται,
1202 2902 1482 2973 δεινοτάτῃ
1531 2902 1684 2972 φιλίᾳ

126 3000 623 3074 οίστρηλατούμενοι·
672 2998 792 3069 ἣτις
825 2997 1008 3060 αὐτοῖς
1053 2996 1135 3058 είς
1170 2992 1371 3065 ἔχθραν
1413 3009 1684 3063 μετατρα-

128 3094 342 3163 πήσεται,
373 3093 505 3146 ὅταν
546 3090 688 3145 κατὰ
731 3089 949 3143 πάντων
977 3087 1086 3141 τῶν
1113 3085 1373 3157 κρυπτῶν
1417 3082 1683 3153 ὲποπτικὴ

126 3182 197 3236 τοῦ
224 3183 349 3236 Θεοῦ
384 3182 569 3255 κρίσις
623 3180 986 3252 παραγίνεται
1046 3178 1260 3247 ἑκάστῳ
1304 3175 1372 3230 τὰ
1415 3176 1538 3242 ἄξια
1584 3192 1682 3228 τα-

128 3270 438 3337 μιεύσασθαι.
496 3270 561 3323 Ἦ
607 3269 664 3322 δὲ
717 3267 923 3323 ἄνωθεν
979 3268 1073 3321 καὶ
1120 3264 1348 3336 περὶτὰ
1379 3264 1490 3318 ἄνω
1530 3263 1679 3333 φιλία

127 3358 227 3425 ἁγία
254 3360 411 3424 ἐστὶν,
441 3358 695 3422 αἰωνίους
717 3358 815 3421 τὰς
836 3356 1176 3427 γλυκύτητας
1208 3354 1404 3426 ἔχουσα
1422 3394 1437 3417 ,
1470 3356 1678 3408 ἀκατα-

125 3451 359 3514 παύστους
415 3451 518 3514 τὰς
554 3448 889 3521 εὐφροσύνας
917 3448 1177 3519 βρύουσα,
1206 3446 1545 3518 ἀπεράντους
1583 3444 1682 3510 τὰς

124 3542 311 3606 εὐωδίας
353 3544 615 3606 πνέουσα,
650 3542 923 3613 ἀρρήτους
955 3541 1055 3604 τὰς
1092 3539 1248 3604 δόξας
1282 3538 1499 3609 ἔχουσα,
1526 3540 1680 3608 ίσαγ-

125 3634 278 3699 τέλους
328 3633 426 3699 τὰς
474 3634 645 3703 τιμὰς
692 3633 952 3704 φέρουσα,
983 3631 1145 3685 αὐτὸν
1187 3631 1277 3683 τὸν
1318 3631 1679 3700 ἀγαπήσαντα

128 3726 241 3796 ἡμᾶς
280 3725 481 3799 Κύριον
533 3729 664 3796 ἡμῖν
708 3721 1124 3796 ἐσοπτρίζουσα,
1167 3723 1266 3793 τὴν
1309 3721 1445 3793 πρὸς
1475 3722 1565 3775 τὸν
1591 3725 1681 3774 Δε-

126 3818 292 3889 σπότην
316 3818 635 3891 παρρησίαν
665 3814 1020 3890 προξενοῦσα,
1047 3814 1106 3869 τὸ
1145 3815 1431 3886 ίσόρροπον
1458 3812 1556 3883 τῆς
1597 3813 1676 3867 διι-

125 3910 375 3982 καιοσύνης
409 3911 715 3977 ἐπάγουσα,
754 3908 847 3962 καὶ
901 3907 993 3959 ἐπὶ
1051 3906 1156 3976 γῆς
1206 3905 1299 3959 καὶ
1342 3907 1398 3958 ἐν
1432 3905 1679 3975 οὐρανοῖς

124 4006 255 4077 τιμὴν
294 4008 385 4060 κα)⁵
426 4005 589 4072 δόξαν
624 4003 889 4074 φέρουσα.
930 4002 1199 4070 ’ᾼκήκοας
1242 3997 1541 4069 φιλήματος
1585 3995 1681 4048 καὶ

130 4097 392 4168 φιλήματος
427 4095 697 4166 διαφορὰν
751 4094 845 4148 καὶ
888 4091 1161 4163 διάκρισιν
1199 4089 1347 4160 (5i);
1400 4088 1571 4142 Γνῶθι
1620 4090 1679 4140 τδ

1796 2086 1937 2141 tuale
1991 2097 2073 2140 est
2127 2087 2366 2142 cteleste.
2420 2087 2588 2142 Amor
2621 2088 2784 2159 igitur
2823 2088 2875 2142 in
2926 2090 3025 2141 hac
3058 2098 3200 2141 terra
3243 2102 3373 2157 pro-

1789 2177 1995 2231 miscue
2037 2186 2122 2232 est
2166 2188 2278 2231 tum
2317 2180 2440 2232 boni
2490 2188 2600 2232 tum
2652 2179 2795 2233 tnali.
2853 2178 3033 2233 Bonus
3085 2179 3227 2233 enim
3283 2186 3368 2233 est

1789 2276 1941 2316 amor
1996 2263 2047 2317 in
2102 2266 2320 2333 nuptiis,
2380 2266 2657 2333 improbus
2716 2267 2767 2319 in
2819 2265 3205 2333 fornicatione;
3262 2281 3366 2320 non

1791 2353 1935 2428 enim
1971 2369 2159 2410 onmes
2200 2357 2481 2414 desiderio.
2522 2358 2587 2410 ad
2644 2359 2785 2414 solas
2816 2359 3102 2413 trahuntur
3145 2373 3364 2423 uxores,

1793 2461 1916 2514 qua:
1972 2446 2078 2500 illis
2123 2461 2150 2498 a
2211 2447 2316 2501 Deo
2360 2447 2597 2516 legitime
2649 2458 2770 2503 sunt
2808 2450 3144 2517 conjunctae;
3194 2459 3246 2502 et
3299 2449 3367 2506 iis

1787 2538 2008 2605 quidem
2064 2539 2154 2607 qui
2201 2553 2265 2590 eo
2314 2540 2554 2593 contenti
2605 2549 2748 2601 sunt,
2792 2541 2841 2592 id
2895 2542 3093 2593 bonum
3129 2552 3210 2593 est
3245 2558 3259 2593 :
3296 2554 3364 2594 ex

1786 2627 1928 2681 bono
1954 2628 2096 2681 enim
2129 2628 2346 2698 nuptias.
2382 2626 2577 2681 Verum
2629 2630 2777 2681 multi
2812 2629 3011 2682 furtivo
3079 2628 3366 2683 concubitu

1788 2735 1908 2773 cum
1940 2719 2422 2774 alienis-uxorilms
2448 2722 2895 2783 tommiscemur,
2933 2719 3139 2774 nefario
3168 2721 3357 2790 perciti

1788 2827 2016 2875 amore;
2068 2812 2158 2880 qui
2202 2812 2417 2880 quidem
2455 2813 2505 2866 in
2538 2813 2717 2865 odium
2749 2814 2853 2867 illis
2884 2820 3074 2876 vertet,
3116 2827 3237 2866 cum
3274 2811 3369 2866 Dei

1780 2902 2047 2971 judicium
2086 2904 2293 2956 occulta
2330 2918 2557 2973 qua-que
2591 2905 2929 2971 perspiciens
2977 2905 3273 2971 advenerit,
3306 2914 3368 2959 ut

1787 3010 1945 3049 suum
1985 3011 2093 3063 quo
2124 2995 2349 3063 quisque
2378 2997 2571 3064 dignus
2598 3004 2698 3058 est,
2733 2996 3019 3064 unicuique
3052 2996 3365 3054 distribuat.

1789 3085 2022 3143 Sanctus
2084 3097 2264 3139 autem
2324 3102 2789 3157 supernarumque
2847 3088 3025 3143 rerum
3078 3105 3230 3141 amor
3278 3087 3366 3143 ille

1794 3187 1896 3242 est,
1934 3179 2027 3247 qui
2060 3177 2299 3231 inﬁnitas
2339 3178 2580 3230 continet
2614 3179 2964 3244 dulcedines;
3030 3180 3119 3247 qui
3154 3179 3365 3249 gaudiis

1790 3284 2066 3339 nunquam
2101 3267 2478 3322 deficientibus
2510 3276 2713 3332 scatet;
2770 3268 3200 3323 interminabilcs
3236 3271 3369 3322 odo-

1790 3377 1907 3415 rum
1940 3362 2111 3431 spitat
2147 3362 2441 3415 suavitates
2474 3376 2489 3425 ;
2532 3361 2853 3423 iuetlabilem
2894 3361 3053 3414 habet
3094 3360 3362 3430 gloriam;

1788 3452 2027 3507 honores
2083 3450 2241 3506 ati‘crt
2297 3453 2556 3523 angelicis
2593 3452 2890 3506 honoribus
2934 3465 3129 3520 pares;
3190 3452 3364 3520 ipsum

1788 3542 2073 3595 Dominum
2108 3541 2199 3609 qui
2232 3556 2329 3593 nos
2353 3540 2562 3602 dilexit,
2598 3550 2852 3609 tanquam
2886 3539 2939 3594 in
2971 3538 3192 3609 speculo
3214 3537 3367 3591 nobis

1785 3634 2152 3704 aspiciendnm
2191 3634 2449 3697 exhibet;
2498 3632 2749 3685 ﬁduciam
2799 3634 2864 3685 ad
2914 3632 3193 3685 Dominum
3226 3644 3364 3699 prae-

1785 3728 1907 3790 bet;
1961 3725 2270 3793 aequitatem
2319 3724 2543 3794 justitiae
2589 3723 2785 3788 aﬂ‘ert;
2840 3732 2894 3777 et.
2940 3722 2999 3776 in
3039 3732 3178 3775 terra
3218 3730 3272 3775 ct
3310 3721 3363 3777 in

1789 3818 1943 3873 uelis
1968 3816 2229 3869 honorem
2268 3826 2319 3869 et
2350 3816 2578 3884 gloriam
2616 3815 2777 3883 parit.
2816 3816 3027 3869 Audisti
3052 3815 3192 3867 inter
3216 3827 3366 3867 oscu-

1787 3906 1898 3960 lum
1932 3916 1988 3960 ct
2032 3908 2276 3960 osculum
2314 3908 2670 3961 dill'erentiam
2716 3918 2767 3961 et
2818 3906 3150 3960 discrimen?
3194 3903 3366 3958 Nosce

1793 3999 1920 4066 quid
1963 3998 2105 4052 inter
2146 4008 2436 4067 utrumque
2467 3999 2682 4052 intersit
2711 4016 2725 4052 :
2759 3998 2971 4067 seligito
2996 3998 3135 4059 quod
3173 3996 3365 4050 melius

1788 4101 1871 4144 cst
1905 4109 1917 4144 :
1954 4091 2074 4157 fuge
2106 4093 2246 4159 quod
2277 4092 2415 4144 hedit
2453 4108 2466 4144 :
2499 4102 2620 4145 tene
2656 4093 2796 4160 quod
2829 4091 3056 4145 salutem
3089 4090 3251 4160 parit.

125 4190 355 4260 διάφορον,
417 4188 638 4253 ἐκλεξαι
694 4186 757 4239 τὺ
803 4188 1071 4255 κρεῖττον,
1120 4182 1257 4250 φύγε
1312 4180 1372 4233 τὸ
1412 4179 1668 4249 βλάπτον,
1712 4181 1904 4253 κράτει
1926 4182 1987 4234 τὸ
2014 4182 2185 4247 σῶζον
2216 4182 2348 4253 (55).

177 4281 470 4349 Φιλησάτω
493 4298 573 4350 με
605 4277 724 4334 ἀπὸ
753 4275 1102 4348 φιλημάτων
1135 4276 1433 4345 στόματος
1467 4274 1678 4328 αὑτοῦ·

130 4375 373 4436 τουτέστιν,
421 4377 451 4427 6
497 4373 642 4435 Υίός.
672 4372 820 4427 Ἀνω
862 4372 961 4441 τῆς
1002 4366 1242 4430 διανοίας
1294 4366 1354 4419 τὸ
1403 4365 1584 4436 ὄμμαο
1615 4367 1677 4420 ού

126 4469 207 4537 γὰρ
243 4467 503 4538 σαρκικὸν
555 4464 619 4517 τὸ
668 4463 981 4532 λεγόμενον,
1027 4458 1163 4513 ἀλλὰ
1204 4458 1575 4528 πνευματικὸν
1619 4457 1680 4510 τὸ

131 4560 587 4630 προφητευόμενον.
646 4555 722 4609 Οὐ
766 4553 1013 4624 βούλεται
1057 4550 1164 4622 γὰρ
1221 4548 1331 4619 (54)
1383 4547 1469 4602 διὰ
1516 4547 1678 4617 μόνου

132 4646 352 4714 στόματος
397 4643 699 4719 προφητῶν
740 4641 1076 4712 διδαχθῆναν
1127 4638 1241 4692 ἀλλ’
1273 4638 1455 4701 αὐτὸς,
1494 4641 1676 4709 φησὶν,

1861 4275 2144 4331 Osculetur
2189 4293 2269 4329 me
2309 4279 2373 4330 ab
2410 4274 2602 4329 osculis
2631 4276 2737 4328 aris
2768 4277 2890 4329 uti:
2914 4272 3123 4330 scilicet
3168 4274 3359 4333 Filius.

1790 4366 2015 4421 Sursum
2049 4364 2197 4430 erige
2225 4365 2421 4419 mentis
2447 4365 2684 4419 oculum.
2721 4364 2832 4418 Non
2860 4366 3001 4418 enim
3036 4367 3252 4419 carnale
3278 4376 3361 4421 est

1787 4458 1838 4512 id
1879 4458 1945 4512 de
1972 4472 2076 4527 quo
2108 4468 2189 4511 est
2222 4470 2400 4511 sermo
2430 4474 2443 4523 ;
2494 4460 2585 4511 sed
2618 4457 2915 4525 spirituale,
2954 4457 3094 4523 quod
3128 4458 3362 4527 prOphe-

1789 4551 1893 4603 tice
1942 4548 2160 4602 dicitur.
2201 4547 2313 4600 Non
2348 4548 2491 4600 enim
2526 4548 2861 4602 solummodo
2896 4563 2990 4618 per
3031 4562 3091 4603 os
3131 4550 3363 4619 propheo

1796 4653 1968 4694 tarum
1999 4639 2177 4693 doceri
2210 4639 2356 4705 vult;
2398 4641 2489 4693 sed
2525 4641 2654 4709 ipse,
2688 4640 2883 4709 inquit,
2934 4641 3157 4693 accedat
3184 4649 3238 4693 et
3275 4656 3360 4695 me

127 4736 358 4805 ὲγγισάτω
412 4737 512 4791 καὶ
559 4734 825 4799 διδαξάτω
866 4749 932 4804 με
967 4731 1116 4796 Υἱός.
1154 4730 1380 4801 Μεγάλη
1420 4730 1528 4801 γάρ
1564 4730 1674 4800 (55)
1709 4723 1751 4779 D

1783 4732 1969 4785 doceat
1998 4727 2187 4783 Filius.
2218 4726 2410 4783 Gravis
2446 4733 2609 4795 enim,
2652 4730 2827 4781 aiebat
2872 4729 3141 4797 quondam
3173 4727 3359 4787 Eccle-

178 4876 214 4905 ’ί
240 4875 372 4929 Ρδιιι.
421 4889 574 4938 xuv,
616 4870 702 4925 t0.
779 4868 826 4901 ’³
856 4868 962 4924 lsa.
993 4882 1127 4931 un,
1154 4866 1208 4922 5.
1284 4867 1329 4899 ’⁸
1356 4866 1374 4920 l
1400 4865 1523 4921 Cor.
1560 4882 1645 4931 xv,
1673 4864 1762 4919 44.

179 5009 276 5075 (ἓῚ)
316 5008 407 5064 Sic
447 4990 629 5072 mense,
657 5014 711 5060 et
743 5002 905 5057 Barb.
932 5011 984 5057 et
1012 5000 1208 5057 Theat.
1235 4999 1293 5056 in
1332 5000 1666 5057 Vallicellan.

130 5079 567 5149 συμϐουλεύοντος.

176 5141 269 5219 (9.8)
307 5148 537 5205 Κεειὶιυί
569 5162 685 5209 σου,
712 5159 831 5214 quae
859 5141 1044 5198 vocula
1071 5157 1099 5195 a
1133 5155 1254 5196 meo
1277 5142 1398 5197 cod.
1428 5152 1480 5196 et
1509 5142 1664 5199 θυι).

313 5287 434 5359 Vet.
467 5290 693 5359 interpr.
734 5303 751 5335 ι
782 5292 1003 5359 evocata
1045 5296 1262 5359 sponsa.
1292 5300 1311 5333 ι
1336 5280 1461 5359 ‘Sed
1495 5283 1668 5359 ή-κα-

126 5350 319 5429 λουμένῃ
345 5358 536 5428 νύμφη
565 5350 712 5429 idem
735 5365 907 5429 estur.
935 5350 1255 5429 simpliciter
1290 5350 1664 5429 νύμφηζνίιι.

1849 4996 1960 5069 (52)
1999 4996 2162 5049 Vetus
2219 4993 2483 5069 interpres
2530 4992 2728 5069 vertit:
2772 5008 2791 5042 ι
2846 4991 3091 5069 Audistis
3138 4991 3356 5069 quidem

1776 5060 1953 5125 osculi
2001 5076 2053 5120 et
2088 5063 2258 5119 osculi
2310 5063 2667 5117 ddiem-titiam
2712 5072 2871 5128 atque
2920 5060 3209 5126 judicium.
3253 5062 3359 5117 Co-

1777 5134 2427 5211 guosce_discretioncm.
2462 5132 2608 5211 Elige
2638 5132 2776 5211 quod
2800 5130 2996 5211 melius
3014 5140 3116 5195 est,
3151 5150 3168 5179 ι
3198 5143 3302 5211 etc.

1850 5210 1963 5278 (55)
2001 5204 2368 5278 Vetus_vers_io
2398 5200 2644 5278 quaedam
2680 5202 2766 5255 hic
2800 5200 2984 5266 habet,
3021 5215 3141 5269 quae
3161 5202 3359 5257 absunt

1775 5278 1844 5333 ab
1872 5272 2125 5331 omnibus
2159 5272 2362 5329 Gnecls
2392 5272 2689 5326 codicibus.

1848 5348 1961 5418 (54)
2009 5344 2241 5399 Restitui
2274 5342 2383 5414 γάρ
2436 5358 2500 5397 ex
2537 5340 2658 5395 aliis
2716 5340 2874 5396 codd.
2911 5340 3079 5396 Abest
3120 5340 3265 5395 enim
3324 5357 3354 5396 ι

127 5417 600 5483 (ὶοιὶιιιιεὶιῑ.ὶιιεὺιιι
649 5426 716 5480 ad
766 5423 952 5477 Electr.
1016 5417 1298 5491 Sophocl.,
1337 5417 1425 5475 ad
1458 5417 1669 5477 versum
1771 5417 2196 5491 Barh.et_meo.

179 5571 274 5640 (50)
303 5567 564 5640 νειΙΑιίεειί.
592 5561 993 5640 φιλανθρωπία3

178 5632 274 5709 (31)
318 5632 829 5709 Τοῖς--δξλνὰρκοιζέιι
869 5649 922 5687 τ.
956 5632 1202 5709 ἀγαθόν.
1229 5632 1339 5709 _Sic
1360 5632 1666 5709 interpun-

152 5700 320 5764 cadum
348 5700 638 5764 ex'Vallic'.
669 5717 723 5759 et
758 5700 949 5758 Theat.
976 5700 1152 5774 τούτῳ
1187 5700 1265 5773 τῷ
1304 5700 1493 5774 πόθῳ..
1531 5700 1664 5753 Bar-

152 5724 320 5764 cuaum
348 5725 410 5764 ex
454 5724 638 5760 vatttc.
669 5724 723 5759 et
770 5724 949 5758 Ilteat.
976 5724 1152 5774 τουτῳ
1187 5724 1265 5773 τῳ
1304 5724 1478 5771 πουῳ.
1531 5724 1655 5753 Dur-

126 5724 329 5843 ferinus,
371 5789 426 5832 et
460 5791 613 5831 meus
661 5771 1086 5843 habent-codro,
1118 5782 1173 5828 et
1210 5787 1431 5843 pravam
1484 5771 1655 5825 inter-

127 5841 431 5915 punctionem
463 5847 665 5903 habent
692 5842 851 5914 hujus
881 5841 1003 5903 loci.

1842 5488 1952 5559 (55)
1999 5484 2207 5559 H:cc__iu
2239 5485 2406 5559 veteri
2447 5482 2695 5559 versione
2728 5480 2937 5559 reddita
2967 5488 3093 5559 sunt
3123 5495 3353 5559 perver-

1766 5550 2023 5615 sissime:
2063 5573 2081 5605 ι
2112 5553 2280 5608 Mater
2315 5554 2458 5608 enim
2490 5566 2605 5605 mea
2655 5551 2896 5605 Ecclesia
2948 5550 3241 5617 aliquando
3272 5551 3353 5603 di-

1765 5630 1921 5683 Cebut
1948 5644 1961 5680 :
1990 5626 2206 5679 Pusillis
2233 5640 2336 5679 non
2364 5622 2653 5687 salvabor;
2686 5636 2938 5689 magtmm
2970 5628 3021 5673 et
3052 5617 3349 5686 perfectum

1765 5699 2036 5752 medicum
2099 5709 2156 5749 re
2199 5696 2407 5756 uiram,
2456 5707 2605 5745 mero
2645 5693 2856 5759 perfusa
2915 5705 3071 5749 smn,
3113 5690 3353 5743 tenebrae

1770 5777 1898 5815 sunt
1924 5711 2307 5815 lncermeqerzis
2330 5762 2675 5815 etnroohclm
2704 5762 2809 5814 :ait
2838 5760 2979 5813 enim
3011 5772 3025 5810 :
3060 5776 3079 5807 ι
3108 5757 3353 5811 Lucerna

1770 5777 1898 5822 sunt
1924 5767 2157 5821 lucenue

1768 5838 1991 5907 pedibus
2057 5837 2190 5890 meis
2228 5827 2326 5889 'lex
2366 5827 2516 5898 tua,
2548 5840 2603 5887 et
2660 5830 2837 5884 lumen
2887 5828 3093 5885 semitis
3147 5827 3300 5883 meis.
3328 5844 3350 5879 ι

2195 5765 2307 5831 egis
2330 5757 2675 5831 etprophcm}
2704 5762 2809 5814 :ait
2838 5760 2979 5813 enim
3006 5772 3025 5831 ς
3050 5776 3079 5831 ξ(
3108 5757 3353 5831 Lucerna
