4208 6312
178 416 233 471 31
1071 407 1477 469 E-NARRATIO
1520 407 1587 463 IN
1626 406 1982 469 CANTlC-UM
2021 411 2500 472 CANTICORUM.
3349 420 3422 475 38

178 533 267 587 ἀπὸ
318 527 608 602 προσώπου
672 527 998 600 εὐπρεπείας
1064 528 1222 599 δόξης
1286 529 1485 583 αὐτοῦ·
1540 549 1558 581 ι
1620 532 1717 602 τὴν
1761 532 2062 604 {ineptioqu
2108 534 2207 605 τῆς
2245 535 2543 606 εὐφρασίας
2579 535 2687 591 τῶν
2735 538 2825 592 τοῦ
2894 539 3028 594 Θεοῦ
3097 538 3299 613 λογίων
3329 543 3423 596 ὲκ-

179 627 542 696 πληττόμενος.

239 717 299 768 Γ.
329 715 416 767 Στ.
456 712 521 783 β’.
558 712 669 767 Καὶ
704 712 863 782 ὀσμὴ
885 711 1093 781 μύρων
1117 727 1233 766 σου
1263 712 1414 781 ὑπὲρ
1445 711 1642 767 πάντα
1665 712 1738 767 τὰ
1762 704 1812 777 Ἀ

1762 704 1812 777 Ἀ
1915 708 2001 762 Ill.
2048 705 2211 763 Vsus.
2252 708 2305 761 2.
2349 706 2416 760 Et
2444 708 2576 761 odor
2599 721 2977 779 unguentorum
3021 722 3231 768 tuorum
3271 732 3423 785 super

180 809 445 878 ἀρώματα.

241 901 324 963 El;
366 896 700 968 προτροπὴν,
748 890 925 966 οἶμαι,
970 897 1070 965 τῆς
1118 894 1445 966 Ἐκκλησίας
1485 894 1547 947 τὸ
1586 894 1739 962 ἆγιον

183 988 378 1058 Πνεῦμα
416 984 642 1039 τοιαῦτα
678 984 910 1056 μελῳδεῖ
947 984 1059 1054 (46)
1092 983 1180 1057 τῷ,
1200 984 1391 1054 Κυρίῳ
1417 999 1430 1012 °
1486 982 1551 1036 ἵν’
1580 985 1741 1054 ἡμεῖς

182 1079 408 1150 τοιαύτης
442 1075 669 1140 εὐωδίας
702 1076 1037 1146 αἰσθόμενοι,
1067 1076 1163 1145 τὴν
1189 1076 1454 1130 δυσωδίαν
1488 1076 1597 1129 τῶν
1638 1094 1739 1146 μυ·-

184 1170 345 1241 σαρῶν
367 1167 779 1240 ἁμαρτημάτων
812 1164 1237 1236 ἀποπτύσωμενο
1280 1165 1379 1237 τὴν
1423 1166 1479 1218 δὲ
1513 1165 1741 1219 εὐωδίαν

182 1263 264 1331 τῆς
289 1260 374 1313 τοῦ
416 1256 653 1330 Χριστοῦ
688 1256 1037 1326 δικαιοσύνης
1078 1259 1158 1319 εἰς
1198 1258 1424 1321 ἑαυτοὺς
1468 1256 1743 1325 ἀντλήσω-

187 1368 289 1421 μεν.
322 1368 338 1401 ι
380 1347 551 1418 Ὀσμὴ
610 1346 799 1417 μύρων
853 1362 968 1407 σου,
1013 1365 1030 1397 ›
1082 1344 1266 1414 φησὶν,
1317 1364 1332 1395 ι
1376 1345 1514 1414 ὑπὲρ
1566 1344 1742 1396 πάντα

185 1441 441 1512 ἀρώματα.
485 1458 503 1509 ε
538 1438 613 1490 Τὸ
650 1436 841 1507 μύρον,
887 1435 1107 1505 ἀδελφοὶ
1153 1435 1286 1505 (47),
1323 1436 1417 1487 ἐπὶ
1458 1433 1743 1505 βασιλικῆς

184 1552 234 1587 τε
257 1534 343 1586 καὶ
365 1530 639 1602 ἱερατικῆς
658 1528 819 1593 ’ἀξίας
842 1527 1099 1598 τετάχθαι
1123 1528 1229 1581 ἀπὸ
1254 1528 1360 1580 τῶν
1387 1526 1559 1595 ἁγίων
1584 1526 1744 1598 ᾐσθή-

189 1626 310 1698 μεθα
338 1624 580 1696 Γραφῶν.
617 1624 731 1675 υύκ
762 1621 975 1692 ἄσημον
1018 1619 1124 1691 γὰρ
1159 1621 1287 1691 ὑμῖν
1319 1620 1460 1674 δοκῶ
1497 1624 1610 1683 τοῖς
1642 1637 1739 1673 πο-

184 1711 477 1788 λυμθέἁιν,
507 1716 591 1768 ὅτι
619 1716 669 1767 οἱ.
698 1714 757 1767 ἐν
781 1717 902 1777 ταῖς
931 1714 1174 1782 Γραφαῖς
1210 1712 1447 1783 βασιλεῖ-ς
1473 1710 1551 1781 τῷ
1578 1710 1742 1781 ἐλαίῳ

183 1811 267 1880 τῆς
305 1809 525 1880 κρίσεως
562 1805 867 1878 βασιλεύειν
894 1804 1237 1861 καθίσταντο.
1271 1805 1507 1857 Κάκεῖνο
1530 1802 1586 1855 δὲ
1614 1802 1742 1872 ὑμῖν

184 1902 395 1973 φανερὸν
422 1897 560 1953 εἶναι
612 1898 895 1970 βούλομαι,
928 1899 1010 1950 ὅτι
1040 1897 1133 1950 καὶ
1156 1899 1205 1949 οἱ
1234 1896 1354 1949 τότε
1386 1899 1549 1970 ἱερεῖς
1586 1894 1744 1966 μύρῳ

185 1994 455 2066 χρώμενοι,
512 1989 572 2043 τὸ
623 1986 920 2058 ἱερατεύειν
970 1985 1273 2055 ἐλάμϐανον
1320 1984 1454 2053 (48).
1525 1982 1743 2053 Ἐπειδὴ

184 2086 342 2139 τοίνυν
371 2081 507 2137 κατὰ
561 2080 726 2152 νόμον
776 2077 932 2148 μύρῳ
977 2076 1220 2147 ἐχρίοντο
1277 2073 1508 2145 βασιλεῖς
1535 2090 1593 2126 τε
1637 2073 1745 2143 (49)

187 2176 267 2229 καὶ
292 2176 465 2246 ἱερεῖς,
506 2169 778 2241 λαμπρῶς
815 2168 915 2239 ἥδη
965 2167 1062 2236 τὴν
1103 2163 1395 2236 περιϐολὴν
1442 2163 1541 2234 τῆς
1593 2162 1745 2231 βασι-

186 2268 315 2330 λείας
341 2265 444 2335 (50)
474 2265 570 2317 καὶ
611 2260 881 2332 ίερατείας
910 2257 1004 2311 τοῦ
1038 2254 1375 2324 Μονογενοῦς
1409 2254 1682 2308 ἐκτίθεται
1708 2257 1743 2322 ἡ

187 2358 290 2412 θεία
319 2356 522 2428 Γραφὴ,
555 2373 574 2405 ‹
621 2352 796 2422 Ὀσμὴ
825 2350 1011 2421 μύρων
1046 2364 1163 2410 σου,
1199 2365 1216 2398 ι
1250 2346 1505 2414 λέγουσα,
1550 2364 1568 2395 ι
1606 2344 1745 2417 ὑπὲρ

188 2451 344 2503 πάντα
374 2449 438 2501 τὰ
458 2444 729 2520 ἀρώματα
752 2462 768 2493 ι
805 2442 881 2505 ὡς
914 2442 1103 2495 εἰπεῖν’
1132 2438 1305 2509 Ὸσμὴ
1334 2438 1434 2508 τῆς
1459 2437 1558 2505 σῆς
1591 2437 1745 2508 βασι-

185 2541 319 2603 λείας
354 2542 444 2593 ml.
487 2534 900 2611 ἀρχιερωσύνης
947 2532 1086 2602 ὑπὲρ
1123 2530 1304 2593 πάσας
1342 2530 1439 2591 τὰς
1474 2528 1747 2598 βασιλείας

186 2635 267 2686 καὶ
298 2630 694 2704 άρχιερατείας·
731 2624 907 2688 καθὼς
940 2621 1187 2692 δΔανιήλ
1208 2636 1389 2691 φησιν·
1429 2638 1446 2670 t
1490 2620 1751 2690 Ἀναστή-

189 2739 259 2776 σει
288 2724 316 2775 ὁ
336 2721 461 2787 Θεὸς
486 2720 583 2774 τοῦ
618 2717 850 2789 οὐρανοῦ
883 2714 1180 2786 βασιλείαν,
1212 2712 1332 2783 ἥτις
1361 2710 1613 2783 ὑπερέξει
1645 2711 1751 2763 πάο

189 2833 274 2880 σας
305 2816 399 2879 τὰς
430 2812 706 2885 βασιλείας
749 2808 851 2879 τῆς
886 2807 1011 2879 γῆς’
1044 2826 1062 2858 ι
1100 2807 1212 2870 καὶ,
1256 2824 1275 2857 t
1322 2805 1394 2857 Σὺ
1444 2804 1621 2875 ἱερεὺς
1672 2804 1750 2867 εἰς

190 2910 269 2963 τὸν
317 2906 484 2962 αἰῶνα
547 2904 692 2959 κατὰ
736 2902 832 2972 τὴν
879 2900 1033 2967 τάξιν
1094 2897 1448 2968 Μελχισεδὲκ,
1494 2916 1512 2947 ι
1562 2897 1746 2965 φησίν.

194 3022 209 3053 ι
250 3000 414 3071 Ὀσμὴ
446 2997 635 3069 μύρων
680 3011 827 3059 σου,›
862 2993 1044 3062 φησὶν,
1083 3010 1101 3040 ι
1127 2991 1268 3060 ὑπὲρ
1304 2989 1481 3042 πάντα
1508 2988 1574 3040 τά
1604 2984 1751 3055 ἀρώ-

194 3111 342 3164 ματα.
381 3112 399 3146 ι
440 3093 513 3146 Τὸ
552 3090 748 3162 μύρον,
792 3085 1006 3155 ἀδελφὲ,
1040 3083 1159 3139 καθ’
1190 3083 1248 3136 ὃν
1284 3082 1449 3135 τόπον
1492 3079 1750 3150 ὑπάρχει,

192 3187 349 3239 ἐκεῖσε
386 3184 479 3238 καὶ
518 3183 619 3253 τὴν
655 3179 882 3255 εὐωδίαν
913 3176 1163 3248 παρέχει.
1204 3174 1439 3245 Χριστὸς
1484 3172 1541 3226 δὲ
1569 3171 1751 3224 τοίνυν

191 3280 240 3331 ὲν
266 3276 469 3348 οὐρανῷ
497 3275 592 3329 κα).
620 3275 690 3345 γῇ
720 3272 813 3325 καὶ
838 3268 1081 3341 θαλάττῃ
1116 3267 1294 3321 πάντα
1327 3264 1614 3336 περιέχων,
1656 3262 1754 3332 τὴν

192 3366 486 3421 δεσποτείαν
514 3364 629 3437 (51)
662 3360 828 3417 αὑτοῦ
859 3362 952 3413 καὶ
986 3357 1261 3429 βασιλείαν
1291 3355 1466 3425 πάντη
1503 3353 1614 3424 (52)
1662 3352 1755 3406 καὶ

1850 802 2027 855 omnia
2057 808 2319 852 aromata.

1920 892 1998 944 Ad
2030 890 2440 953 cohortandam,
2482 898 2537 944 ut
2584 891 2796 961 opinor,
2841 893 3139 947 Ecclesiam
3187 893 3426 964 Spiritus

1849 994 2071 1038 sanctus
2107 982 2231 1035 talia
2265 983 2408 1035 canit
2442 983 2697 1049 Domino;
2736 994 2795 1036 ιιι
2834 999 2931 1037 nos
2955 985 3214 1054 ejusmodi
3250 987 3426 1040 suavi-

1852 1075 1975 1129 tatis
2002 1077 2167 1129 odore
2209 1073 2359 1136 tacti,
2412 1074 2743 1140 impurorum
2806 1073 3031 1147 fetorem
3072 1086 3421 1145 peccatorum

1850 1182 2183 1231 aversemnr,
2216 1177 2269 1219 et
2294 1166 2590 1235 jucundum
2621 1166 2848 1234 justitia:
2883 1167 3082 1223 Christi
3113 1170 3333 1224 odorem
3370 1170 3424 1223 in

1850 1276 1949 1315 nos
1983 1260 2313 1314 hauriamus.
2341 1276 2357 1307 ι
2384 1256 2583 1322 θύοι-,ι
2621 1260 2811 1328 inquit,
2848 1268 3279 1328 «unguentorum
3308 1271 3428 1315 tuo-

1852 1366 1966 1405 rum
2007 1365 2168 1418 super
2217 1348 2397 1403 omnia
2450 1347 2769 1402 aromatah
2829 1347 3204 1418 Unguentum,
3248 1350 3422 1405 dilecti

1852 1441 2069 1503 fratres,
2097 1441 2162 1494 ad
2197 1441 2399 1508 regiam
2433 1449 2486 1492 et
2514 1440 2903 1494 sacerdotalem
2932 1441 3242 1511 dignitatem
3273 1441 3428 1495 insti-

1852 1546 2021 1589 tutum
2051 1527 2168 1587 esse
2195 1547 2223 1584 a
2259 1532 2428 1585 sacris
2448 1532 2743 1598 Scripturis
2773 1533 3051 1597 novimus;
3085 1533 3246 1602 idque
3277 1532 3428 1585 vobis

1849 1624 2176 1680 doctissimis
2215 1623 2346 1676 viris
2388 1624 2662 1692 cognitum
2700 1637 2820 1677 esse
2867 1625 3123 1689 arbitror,
3177 1624 3319 1693 quod
3372 1624 3425 1677 in

1850 1718 2020 1775 sacris
2084 1716 2380 1785 Scripturis
2439 1729 2591 1783 reges
2642 1729 2737 1782 per
2798 1714 2972 1769 oleum
3032 1715 3306 1770 unctionis
3360 1714 3426 1769 ad

1852 1810 2182 1882 regnandum
2205 1807 2704 1862 constituebantur.
2737 1805 2869 1859 Illud
2897 1807 3061 1860 etiam
3094 1821 3189 1859 vos
3217 1805 3428 1871 nescios

1851 1917 1973 1957 esse
2023 1900 2165 1965 nolo,
2202 1899 2342 1968 quod
2383 1900 2695 1951 sacerdotes
2747 1911 2963 1966 quoque
3011 1906 3121 1950 tum
3173 1896 3428 1963 temporis

1851 1995 1968 2049 oleo
1997 1992 2245 2063 peruncti
2270 1990 2633 2044 sacerdotium
2670 1990 3060 2058 suscipiebant.
3098 1984 3233 2042 Cum
3266 1987 3429 2056 igitur

1783 2082 1821 2135 Β
1854 2086 1904 2139 in
1938 2085 2053 2155 lege
2100 2094 2210 2138 tum
2254 2096 2423 2152 reges,
2465 2095 2576 2133 tum
2622 2082 2930 2134 sacerdotes
2959 2079 3227 2149 unguento
3259 2092 3429 2147 uage.

1852 2175 2069 2239 bantur,
2101 2173 2379 2241 perspicue
2410 2171 2520 2240 jam
2557 2183 2711 2225 sacra
2747 2172 3024 2239 Scriptura
3052 2180 3106 2223 et
3138 2172 3337 2240 regiam
3374 2176 3431 2225 et

1853 2262 2239 2317 sacerdotalem
2288 2262 2599 2330 dignitatem
2646 2262 2696 2315 in
2744 2260 3029 2330 Unigenito
3063 2261 3282 2328 exponit
3311 2274 3431 2317 esse

1859 2354 2223 2422 conjunctam.
2258 2372 2274 2405 ι
2304 2355 2449 2407 Odor
2493 2363 2883 2421 unguentorum
2919 2361 3153 2416 tuormn,
3180 2371 3199 2404 ι
3236 2353 3428 2420 inquit,

1861 2464 1880 2498 ι
1910 2461 2071 2515 super
2097 2446 2276 2501 omnia
2322 2454 2563 2499 aromata
2594 2460 2607 2497 :
2642 2462 2661 2496 ι
2697 2445 2850 2513 quasi
2889 2444 3069 2499 dicat:
3103 2443 3250 2498 Odor
3284 2444 3431 2511 regni

1854 2547 1908 2592 et
1939 2537 2227 2592 sacerdotii
2273 2537 2347 2589 tui
2386 2551 2547 2604 super
2590 2538 2773 2591 omnia
2812 2550 2973 2605 regna
3007 2544 3058 2587 et
3092 2536 3431 2601 sacerdotia;

1857 2628 2307 2698 quemadmodum
2347 2628 2421 2679 ait
2459 2626 2640 2681 Daniel
2675 2644 2690 2681 :
2739 2643 2756 2678 ι
2787 2607 3083 2681 Suscitabit
3119 2628 3257 2679 Deus
3305 2626 3430 2681 caeli

1857 2734 2079 2788 regnum
2121 2719 2262 2787 quod
2288 2718 2563 2787 s‘ttperahit
2586 2720 2766 2772 omnia
2798 2733 2958 2787 regna
2986 2726 3145 2771 terra;
3170 2718 3247 2792 'é;
3278 2735 3296 2769 ι
3330 2727 3381 2771 ct
3415 2735 3430 2773 :

1863 2829 1881 2861 ι
1914 2808 1990 2863 Tn
2024 2810 2276 2862 sacerdos
2320 2810 2369 2860 in
2401 2819 2662 2861 aeternum
2698 2810 2993 2862 secundum
3024 2808 3266 2862 ordinem
3302 2807 3433 2861 Mel-

1858 2901 2108 2956 chisedec
2126 2900 2191 2953 ".
2208 2916 2327 2949 ι-ι
2354 2896 2495 2951 Odor
2520 2910 2908 2969 unguentorum
2933 2877 3199 2964 tuorum,»
3239 2899 3432 2969 inquit,

1863 3012 1881 3045 ι
1911 3006 2073 3062 super
2102 2991 2283 3044 omnia
2330 3001 2592 3049 aromata.
2620 3010 2639 3041 ι
2672 2988 3008 3059 Unguentum
3030 3030 3044 3052 ,
3106 2992 3292 3056 frater,
3329 3006 3437 3060 quo

1860 3079 1977 3133 loco
2006 3088 2109 3140 est,
2141 3078 2210 3132 ibi
2239 3092 2460 3132 suavem
2490 3077 2690 3147 prtebet
2710 3082 2965 3134 odorem.
3018 3079 3293 3135 Christum
3336 3080 3437 3151 igi-

1864 3180 1949 3221 tur
1988 3168 2041 3222 in
2072 3166 2212 3222 caelo
2250 3178 2304 3221 et
2344 3167 2395 3220 in
2445 3175 2584 3221 terra
2616 3177 2667 3223 et
2701 3168 2754 3222 in
2801 3170 2936 3222 mari
2987 3171 3167 3223 omnia
3198 3170 3439 3240 comple-

1861 3270 2034 3325 ctens,
2083 3259 2508 3315 dominationem
2543 3275 2694 3314 suam
2740 3270 2795 3315 et
2830 3276 3052 3330 regnum
3099 3276 3440 3332 quoquover-

1863 3372 1981 3409 sum
2017 3362 2071 3409 et
2103 3354 2301 3424 ubique
2334 3354 2617 3410 suavitatis
2643 3355 2808 3408 odore
2854 3353 3108 3423 complet.
3160 3353 3433 3410 Luculen-

192 3460 449 3530 πανταχοῦ
482 3434 788 3520 εὑωδιάζει.
826 3450 1110 3524 Λαμπρῶς
1138 3449 1202 3521 δὴ
1231 3448 1325 3502 καὶ
1354 3445 1607 3510 ἐνταῦθα,
1658 3443 1752 3497 καὶ
1782 3434 1824 3490 C

1782 3434 1824 3490 Ο
1869 3457 1948 3502 ter
1966 3446 2079 3515 jam
2107 3456 2159 3500 et
2188 3445 2283 3510 ibi,
2315 3454 2366 3500 et
2394 3446 2682 3500 admodum
2725 3444 2873 3500 clare
2912 3443 3190 3515 Scriptura
3226 3446 3437 3501 divino-

194 3552 380 3623 σφόδρα
408 3547 721 3621 περιφανῶς
762 3547 796 3617 ὴ
822 3544 930 3599 τῶν
961 3542 1121 3597 θείων
1158 3541 1251 3595 καὶ
1280 3538 1614 3610 ἀποκρύφων
1649 3553 1753 3607 μυ-

195 3641 410 3711 στηρίων
464 3635 895 3709 ὲμπεφορημένη
940 3629 1154 3704 Γραφὴ,
1211 3629 1305 3683 καὶ
1343 3627 1404 3682 τὸ
1452 3628 1623 3697 ὄνομα
1660 3624 1752 3678 τοῦ

197 3731 412 3805 μεγάλου
433 3728 709 3792 Βασιλέως
730 3724 1091 3790 ἀναδείκνυσι,
1114 3721 1368 3791 λέγουσω

253 3829 320 3879 Δ’.
354 3824 558 3891 Μύρον
607 3816 938 3873 ammon»
994 3814 1183 3885 ὄνομά
1245 3829 1383 3878 σου,
1427 3812 1525 3867 διὰ
1580 3811 1756 3867 τοῦτο

195 3913 448 3980 νεάνιδες
477 3908 807 3981 ὴγάπησάν
836 3924 930 3973 σε,
955 3905 1255 3961 εἵλκυσάν
1282 3918 1356 3958 σε
1394 3904 1586 3957 ὀπίσω
1613 3916 1753 3958 σου.

254 4008 492 4076 Δέγουσα
544 4004 603 4058 δὲ
651 4004 685 4073 ἡ
739 4000 859 4055 θεία
897 3998 1109 4071 Γραφὴ,
1166 4017 1183 4049 ‹
1226 3997 1410 4068 Μύρον
1456 3995 1756 4049 ὲκκενωθὲν

196 4100 347 4170 δνομά
369 4116 479 4163 σου,
517 4116 536 4150 ι
560 4094 797 4167 Χριστὸν
825 4093 987 4147 αὒτδν
1020 4090 1364 4160 ἐπονομάζει.
1407 4088 1479 4142 Τὸ
1519 4088 1627 4159 γὰρ
1652 4087 1754 4159 μύ-

199 4207 275 4260 ρον
314 4187 701 4258 ὲκκενούμενον
742 4182 944 4254 δηλαδὴ
976 4184 1056 4245 εἰς
1088 4182 1268 4253 χρίσιν
1311 4180 1423 4249 (55)
1458 4180 1754 4251 προχωρεῖ.

199 4282 341 4335 ὐθεν
366 4282 460 4335 καὶ
483 4279 545 4333 τὸ
568 4276 839 4349 ἱερατικὸν
867 4274 1036 4346 μύρον
1065 4272 1281 4339 λέγεται
1309 4269 1537 4341 χρίσμα.
1573 4269 1681 4321 Καὶ
1707 4268 1757 4321 οἱ

197 4372 443 4443 πρότερον
482 4368 723 4440 βασιλεῖς
767 4365 843 4437 τῷ
892 4365 1049 4436 μύρῳ
1093 4362 1406 4435 χριόμενοι,
1453 4358 1757 4429 βασιλεύειν

199 4461 522 4516 καθίσταντο.
569 4461 737 4511 Ὅταν
782 4453 875 4511 οὖν
922 4455 1102 4523 λέγει,
1156 4473 1173 4505 t
1224 4453 1410 4524 Μύρον
1458 4450 1757 4505 ὲκκενωθὲν

200 4554 349 4623 δνομά
391 4569 507 4618 σου,
547 4572 567 4605 ι
609 4550 704 4604 δύο
751 4547 1114 4617 ὑποσημαίνει
1162 4545 1399 4615 τρόπους
1432 4543 1564 4615 (54).
1606 4541 1757 4596 Καθ-

202 4629 325 4714 άπερ
352 4644 458 4714 γάρ
484 4641 595 4708 (55)
625 4638 795 4712 μύρον
827 4635 1127 4691 ὲκκενωθὲν
1164 4633 1311 4688 οἷκον
1344 4632 1640 4698 εὐωδιάζει·
1667 4630 1759 4684 οὓς

200 4750 264 4787 τω
282 4734 374 4788 τοῦ
400 4733 609 4805 Κυρίου
639 4730 796 4801 ἡμῶν
837 4728 1013 4801 Ἰησοῦ
1040 4726 1275 4800 Χριστοῦ
1309 4726 1404 4779 ἐπὶ
1429 4724 1535 4796 γῆς
1562 4723 1759 4779 κατελ-

1861 3554 1981 3594 rum
2018 3548 2072 3594 et
2104 3538 2388 3593 latentium
2429 3538 2583 3609 plena
2623 3538 3019 3609 mysteriorum,
3054 3538 3218 3593 etiam
3257 3537 3439 3609 Inagul

1862 3632 2024 3702 Regis
2046 3646 2242 3688 nomen
2274 3630 2479 3686 indicat
2500 3631 2683 3686 dicens
2715 3647 2729 3683 :

1931 3815 2020 3871 IV.
2056 3812 2388 3885 Unguentum
2414 3813 2638 3884 effusum
2668 3828 2854 3867 nomen
2904 3822 3073 3877 tuum,
3113 3812 3230 3867 ideo
3257 3810 3437 3869 αάοίοι

1861 3906 2108 3963 εεεηιιιίω
2149 3904 2444 3960 dilexerunt
2487 3918 2554 3970 ιι,
2591 3914 2637 3958 et
2667 3912 2939 3959 traxerunt
2980 3915 3027 3958 te
3064 3914 3177 3969 post
3206 3915 3275 3958 te.
3414 3896 3415 3899 “

1935 4002 2068 4054 Dum
2089 3999 2219 4053 dicit
2247 3996 2522 4066 Scriptura
2552 3996 2752 4060 divina,
2793 4014 2812 4047 ι
2845 3995 3183 4064 Unguentum
3209 3994 3439 4051 elInsum

1863 4105 2055 4146 nomen
2089 4100 2262 4153 tuum,
2295 4107 2313 4140 ι
2354 4089 2524 4157 ipsum
2554 4086 2827 4145 Christum
2873 4086 3134 4140 nominat.
3179 4084 3438 4156 Unguen-

1866 4191 1975 4235 tum
2028 4179 2172 4235 enim
2211 4178 2437 4234 eﬂusum
2483 4178 2549 4232 ad
2597 4177 2903 4231 unctionem
2949 4175 3158 4230 scilicet
3204 4176 3435 4245 prolicit.

1868 4270 2019 4325 Unde
2046 4280 2100 4323 et
2135 4270 2469 4324 sacerdotale
2496 4278 2829 4339 unguentum
2859 4268 3058 4323 dicitur
3084 4269 3339 4324 chrisma.
3376 4269 3441 4323 Et

1864 4364 2075 4419 veteres
2101 4376 2252 4433 rcges
2278 4371 2550 4431 unguento
2582 4360 2823 4431 peruncti
2854 4375 3007 4431 reges
3034 4360 3439 4418 constituebam

1867 4466 1973 4509 tur.
2022 4454 2157 4510 Cum
2204 4454 2367 4523 igitur
2417 4454 2594 4509 dicit:
2630 4471 2649 4505 ι
2681 4452 3022 4522 Unguentum
3066 4450 3293 4507 eﬂ‘usum
3339 4467 3439 4507 no.

1865 4554 1985 4595 men
2021 4551 2194 4605 tuum,
2221 4559 2241 4593 ι
2280 4543 2417 4596 duos
2441 4551 2625 4610 tropos
2659 4541 2882 4596 indicat.
2911 4539 2981 4596 Ut
3014 4541 3157 4595 enim
3195 4556 3441 4611 unguen-

1867 4643 1978 4686 tum
2043 4630 2271 4685 eﬂ'usmn
2335 4631 2550 4684 domum
2614 4631 2767 4686 suavi
2827 4631 3057 4699 complet
3100 4631 3264 4685 odore
3306 4649 3320 4685 :
3360 4633 3442 4688 sic

1865 4732 2149 4792 postquam
2183 4722 2439 4776 Dominus
2471 4731 2653 4777 noster
2681 4721 2838 4776 .lesus
2870 4720 3119 4776 Christus
3146 4721 3197 4773 in
3238 4731 3437 4775 terram

202 4824 386 4890 θὸντος,
415 4827 511 4878 καὶ
532 4822 630 4892 τῆς
652 4820 901 4892 οὐρανίου
936 4820 1219 4889 δυνάμεως
1249 4817 1340 4871 ἐπὶ
1368 4820 1496 4883 τοὶις
1524 4816 1759 4873 ἀποστό-
1791 4817 1836 4875 D

1791 4817 1836 4875 ι)
1864 4815 2158 4880 descendit,
2184 4824 2238 4868 et
2268 4813 2506 4869 caalestis
2538 4813 2710 4867 virtus
2758 4829 2919 4882 super
2952 4811 3223 4883 apostolos
3273 4812 3438 4869 «(fusa

259 4980 303 5013 ³⁸
360 4982 487 5035 Dan.
540 4996 600 5046 ll,
646 4981 743 5046 44;
784 4995 879 5046 vn,
924 4978 1013 5033 2'5.
1094 4978 1137 5009 ’θ
1180 4976 1321 5031 Psal.
1378 4990 1469 5040 ex,
1525 4990 1576 5027 4.

262 5138 367 5211 (ιθ)
407 5140 498 5211 Si_c
545 5139 877 5211 eutendanda
924 5152 1023 5191 vox
1069 5133 1316 5207 μελῳδῇ,
1362 5150 1521 5205 quam
1558 5135 1755 5190 habent

204 5209 339 5263 meus
365 5220 417 5264 et
450 5209 611 5263 Barb.

262 5277 368 5348 (47)
412 5277 702 5348 Ἀδελφοί,
736 5277 945 5346 repasui
998 5277 1062 5330 ad
1117 5277 1439 5344 implendam
1509 5277 1756 5348 lacunam

205 5342 296 5402 mei
325 5342 442 5404 cod.
469 5360 522 5403 et
558 5342 877 5417 Barberﬁex
912 5347 1077 5402 veteri
1126 5342 1442 5417 interprete,
1474 5347 1563 5414 qui
1597 5342 1759 5398 habet

209 5435 225 5467 ι
250 5417 457 5473 Fratres
479 5417 805 5474 charissimi.
829 5436 849 5469 ι

266 5487 373 5557 (48)
406 5488 565 5541 Darh.
615 5486 970 5557 ἑλλάμϐανον,
1000 5486 1091 5556 qui
1138 5501 1281 5556 saepe
1327 5483 1562 5557 occurrit
1611 5482 1759 5557 ineo

206 5551 490 5626 μεμετεω-
518 5551 823 5626 duplicandi
863 5551 1115 5625 liquidas,
1148 5551 1289 5611 ut'in
1316 5557 1436 5609 cod.
1478 5554 1598 5626 Vat.
1624 5551 1755 5607 edit.

207 5623 356 5689 LXX,
389 5629 525 5682 unde
557 5623 776 5696 apparet
805 5623 935 5696 qua:—
950 5638 1058 5680 tum
1090 5626 1247 5680 fuerit
1274 5624 1657 5695 pronuntiatio.

268 5696 373 5766 (49)
400 5698 567 5751 Abest
590 5714 618 5749 a
650 5696 869 5751 Barher.
898 5712 1002 5766 yox
1031 5712 1112 5751 τε.

269 5761 376 5835 (50)
409 5766 537 5830 Quae
572 5761 910 5835 ittterjacent'
931 5766 1070 5819 inter
1115 5765 1252 5821 duas
1292 5776 1448 5819 voces
1482 5761 1761 5835 βασιλείας

212 5844 255 5888 et
288 5833 659 5907 ἀρχιερατείας
689 5833 884 5892 desunt
920 5836 971 5890 in
999 5836 1158 5889 Barh.
1192 5847 1243 5889 et
1286 5837 1335 5887 in
1371 5848 1489 5886 meo
1530 5837 1648 5887 cod.
1686 5833 1759 5886 Ea

1862 5149 1924 5187 ex
1956 5132 2307 5189 Vallicellano
2330 5136 2625 5200 desumpsi.

1956 5205 2044 5270 5|)
2076 5204 2296 5256 Barher.
2333 5205 2643 5260 δεσποτίαν.

1932 5203 2045 5344 (59)
2075 5274 2264 5338 Παντί,
2306 5279 2445 5343 quod
2480 5278 2643 5329 haben

1903 5272 2045 5398 £52)
2075 5274 2264 5338 Παντί,
2306 5279 2445 5343 quod
2480 5278 2674 5329 habent
2703 5287 2890 5329 omnes
2917 5272 3100 5337 codd.,
3135 5274 3338 5329 mutavi
3384 5275 3437 5330 in

1938 5361 2055 5398 ντη.

1860 5361 2034 5397 πάντη
2043 5386 2055 5397 .

2076 5413 2285 5485 Χρῆσιν
2319 5413 2369 5468 in
2402 5413 2623 5485 Barber.
2650 5422 2704 5468 et
2731 5429 2869 5479 meo,
2900 5418 3102 5469 mutavi
3139 5414 3193 5466 in
3232 5415 3437 5485 χρίσιν.

1865 5485 1999 5539 Male
2028 5484 2191 5538 vetus"
2218 5491 2504 5551 interpres,
2534 5484 2799 5537 Christum
2827 5503 2965 5541 eum.
3006 5486 3058 5536 id
3092 5495 3164 5537 est
3195 5496 3435 5549 unctum,

1863 5556 2164 5609 denominat
2197 5549 2560 5624 :unguentttm
2616 5555 2757 5607 enim
2808 5555 3029 5624 eﬂ'usum
3081 5549 3442 5623 signi/icath

1863 5570 2164 5609 ueitommat
2197 5571 2307 5607 :nn
2349 5570 2459 5607 ueni

1862 5626 2154 5677 unctionem
2190 5570 2459 5692 pro/iacere.

1934 5693 2046 5764 (54)
2066 5693 2211 5766 Duos
2250 5705 2446 5766 tropos,
2482 5694 2547 5766 td_
2577 5703 2659 5747 est
2707 5696 2839 5749 duos
2886 5694 3201 5766 allegoricos
3226 5706 3436 5747 sensus.

1866 5763 2033 5832 Vetus
2065 5764 2261 5832 interp.
2287 5763 2447 5816 vertit
2478 5781 2495 5813 ι
2522 5764 2652 5815 duos
2686 5767 2891 5819 modos.
2921 5785 2937 5816 ι

1936 5830 2045 5895 (55)
2081 5830 2245 5888 Codd.
2288 5835 2483 5888 habent
2515 5832 2611 5886 καὶ
2647 5832 2766 5888 θαν.
