4208 6312
665 357 744 417 59
1781 356 2107 416 PHILONIS
2149 357 2465 416 EPISCOPI
2504 358 2833 418 CA-RPASII
3880 358 3956 419 40

654 493 762 553 est,
813 481 959 538 bono
1009 478 1230 553 pietatis
1278 479 1447 537 odore
1504 478 1791 535 universus
1861 480 2116 549 perfusus
2147 466 2256 535 ἐει

2369 484 2486 545 λους
2526 481 2806 551 χυθείσης,
2852 474 2973 543 ὅλος
3016 480 3043 534 ὁ
3082 480 3286 551 κόσμος
3324 476 3390 551 τῇ
3435 475 3687 550 εὐσεϐείᾳ
3724 477 3955 532 εύωδιά-

660 574 931 639 mundus,
995 572 1449 642 quemadmodum
1518 586 1657 627 unus
1726 587 1791 626 ex
1854 570 1920 626 iis
1993 570 2245 628 Paulus:

662 682 681 715 ι
714 664 941 729 Christi,
1002 664 1198 734 inquit,
1254 664 1430 719 bonus
1476 663 1611 718 odor
1670 678 1860 719 sumus
1912 664 1963 717 in
2010 664 2094 718 his
2156 664 2251 733 qui

661 757 796 811 salvi
827 758 984 822 liuiit,
1014 770 1064 811 ci
1102 757 1155 810 in
1199 757 1266 811 iis
1295 758 1384 825 qui
1414 765 1640 826 pereunt
1667 775 1679 811 :
1706 756 1826 810 aliis
1858 755 2074 826 quidem
2118 758 2253 811 odor

662 851 855 904 mortis
883 850 935 903 in
966 860 1220 913 mortem,
1250 849 1333 903 his
1359 858 1539 903 autem
1564 850 1697 903 odor
1725 849 1847 902 vita:
1881 848 1932 902 in
1964 848 2127 902 vitam
2146 848 2246 901 ³ο.»

663 937 806 996 ldein
847 942 983 996 odor
1030 942 1319 995 suavitatis
1364 941 1485 995 aliis
1520 942 1735 1011 quidem
1766 940 1817 995 in
1850 949 2102 1005 mortem,
2134 940 2253 995 aliis

662 1032 715 1085 in
745 1032 912 1084 vitam
943 1032 1183 1086 suaviter
1213 1030 1342 1085 olet.
1386 1030 1532 1085 Odor
1580 1030 1725 1083 enim
1775 1031 1965 1085 mortis
1997 1031 2062 1085 iis
2098 1037 2256 1083 erant

661 1124 913 1192 apostoli,
960 1124 1051 1192 qni
1087 1138 1143 1177 se
1176 1124 1663 1192 persequebantur,
1709 1120 2043 1193 alliignbant,
2082 1122 2255 1189 conji-

662 1215 878 1267 ciebant
928 1213 980 1267 in
1021 1212 1267 1279 vincula;
1311 1227 1500 1266 rursus
1533 1213 1653 1266 vitae
1705 1212 1841 1265 odor
1885 1210 2251 1274 credentibus.

662 1306 754 1367 qui
784 1307 927 1373 digni
955 1306 1122 1361 habiti
1147 1315 1275 1361 sunt
1313 1305 1750 1374 praidicationein
1794 1304 2093 1373 suscipere,
2134 1304 2256 1374 qni-

660 1416 770 1471 que
828 1399 984 1455 ﬁdoin
1016 1399 1243 1467 justitiae
1292 1396 1549 1468 operibus
1603 1396 2022 1451 conﬁrmabant.
2094 1395 2255 1451 «Un-

662 1502 920 1562 guentum
957 1490 1188 1546 elfusnm
1221 1506 1415 1545 nomen
1449 1502 1622 1543 tuum.
1655 1509 1673 1542 ι
1721 1488 1921 1542 Eodem
1974 1489 2076 1544 hoc
2108 1498 2255 1543 textu

664 1584 1040 1653 propheticum
1078 1584 1244 1637 etiam
1283 1592 1498 1651 tropum
1547 1581 1818 1651 signiﬁcat
1847 1582 2021 1649 beata:
2054 1580 2253 1648 Mariae,

663 1689 784 1741 quae
812 1676 1071 1745 unguenti
1096 1675 1375 1729 alabastro
1394 1672 1676 1730 confracto
1704 1674 1988 1728 Doiiiinuni
2012 1685 2257 1728 nostrum

661 1766 851 1821 .lcsuin
880 1766 1159 1821 Christum
1196 1766 1485 1836 perunxit;
1519 1775 1573 1821 et
1607 1765 1737 1819 illud
1764 1775 2093 1837 unguentum
2126 1763 2260 1819 clin-

2357 573 2481 642 σθη·
2519 574 2594 637 ὼς
2622 572 2718 627 καὶ
2753 567 2834 635 εἷς
2864 571 2923 636 ἐξ
2951 570 3131 626 αὐτῶν
3157 570 3389 636 Παῦλος·
3425 591 3443 623 ι
3477 569 3717 642 Χριστοῦ
3752 570 3951 624 εὐωδία

2356 660 2522 730 ἔσμὲν
2558 663 2615 714 ὲν
2654 663 2766 722 τοῖς
2794 659 3124 729 σωζομένοις
3155 661 3251 713 καὶ
3295 662 3352 713 ὲν
3387 664 3498 724 τοῖς
3534 659 3951 730 ἀπολλυμένοιςο

2356 748 2437 817 οἷς
2482 753 2581 825 μὲν
2623 754 2769 826 ὀσμὴ
2806 756 2870 808 ὲκ
2915 753 3026 822 (56)
3070 754 3302 807 θανάτου
3356 758 3436 818 είς
3486 755 3737 809 Θάνατον·
3769 749 3849 817 οἷς
3897 751 3952 809 δὲ

2355 846 2500 917 ὀσμὴ
2558 848 2621 900 ἐκ
2680 842 2826 918 ζωῆς
2880 848 2960 909 εἰς
3011 846 3176 917 ζωήν.
3218 865 3238 898 ›
3278 846 3343 899 Ἥ
3374 848 3513 917 αὑτὴ
3547 849 3691 918 ὀσμὴ
3730 847 3828 917 τῆς
3859 846 3954 900 sf)-

2356 937 2541 1001 ωδίας,
2578 932 2660 1001 οἷς
2696 934 2797 1007 μὲν
2846 940 2926 1001 είς
2964 935 3215 1004 θάνατον,
3239 932 3319 1001 οἷς
3348 936 3405 990 δὲ
3436 940 3515 1001 είς
3554 935 3699 1009 ζωὴν
3729 937 3963 991 εὐωδιά-

2359 1030 2460 1096 ζει.
2499 1028 2677 1101 Ὀσμὴ
2716 1028 2824 1102 γὰρ
2849 1030 3082 1083 θανάτου
3107 1020 3250 1100 ἦσαν
3276 1030 3323 1082 οί
3350 1029 3639 1082 ἀπόστολοι
3676 1032 3789 1092 τοῖς
3825 1026 3963 1082 διώ-

2358 1139 2515 1176 κουσι
2570 1122 2662 1175 καὶ
2706 1117 2951 1175 θλίϐουσι
2994 1119 3087 1173 καὶ⁵
3134 1119 3479 1191 δεσμεύουσι·
3523 1119 3667 1191 ὀσμὴ
3712 1119 3769 1173 δὲ
3810 1117 3967 1189 ζωῆς

2358 1213 2523 1267 πάλιν
2555 1216 2669 1277 τοῖς
2715 1211 3054 1277 πιστεύουσι,
3107 1215 3222 1276 τοῖς
3267 1212 3330 1265 τὸ
3384 1214 3647 1285 κήρυγαα
3702 1210 3965 1275 δέξασθαι

2358 1304 2809 1376 καταξιουμένοις
2844 1303 2978 1374 (57),
3013 1307 3127 1367 τοῖς
3175 1303 3275 1375 τὴν
3320 1303 3504 1357 πίστιν
3552 1306 3610 1357 ὲν
3651 1303 3832 1374 ἔργοις
3880 1302 3967 1355 δι-

2357 1393 2656 1466 καιοσύνης
2720 1392 3048 1464 βεδαιοῦσιν.
3118 1410 3137 1443 ι
3181 1390 3369 1464 Μύρον
3409 1391 3714 1446 ὲκκενωθὲν
3786 1392 3967 1463 ὄνομά

2362 1506 2475 1543 σου.
2524 1508 2543 1541 ›
2591 1489 2680 1542 Ἐν
2716 1486 2903 1559 ταυτῷ
2925 1487 2980 1539 δὲ
3021 1486 3362 1559 προφητικὸν
3392 1486 3649 1560 σημαίνει
3689 1488 3798 1560 (58)
3832 1487 3966 1557 τρό-

2359 1600 2461 1637 πον
2487 1582 2710 1654 καὶτῆς
2740 1583 3021 1654 μακαρίας
3055 1582 3297 1653 Μαρίας,
3339 1581 3462 1651 ἥτις
3523 1582 3860 1651 συντρίψασα
3899 1576 3967 1633 τὸ

2360 1675 2703 1747 ἀλάϐαστρον
2744 1674 2840 1728 τοῦ
2888 1674 3059 1746 μύρου
3084 1674 3273 1745 ἤλειφε
3312 1674 3402 1727 τὸν
3427 1674 3631 1744 Κύριον
3665 1674 3822 1746 ἡμῶν
3854 1674 3970 1745 ’1η-

2365 1765 2492 1820 σοῦν
2550 1766 2806 1838 Χριστόν·
2860 1766 3082 1821 κάκεῖνο
3130 1765 3192 1819 τὸ
3240 1765 3411 1837 μύρον
3450 1767 3752 1820 ὲκκενωθὲν
3788 1767 3967 1837 ὄνομα

662 1875 783 1916 sum
815 1860 1029 1914 celebre
1077 1859 1201 1923 fuit,
1258 1868 1317 1913 ut
1366 1858 1504 1913 dixit
1535 1857 1830 1913 Christus:
1872 1875 1890 1908 ι
1921 1858 2091 1911 Amen
2139 1856 2261 1911 dico

2369 1854 2521 1925 ἔσχεν
2562 1855 2711 1927 (59),
2757 1855 2833 1919 ὡς
2886 1858 2916 1910 ὁ
2976 1855 3181 1925 Κύριος
3239 1855 3454 1925 ἐλεγενσ
3518 1876 3533 1907 ι
3594 1858 3765 1931 Ἀμὴν
3818 1858 3969 1927 λέγω

666 1951 842 2016 vobis,
869 1949 1176 2019 ubicunque
1201 1950 1554 2019 praedicatum
1590 1948 1754 2003 fuerit
1781 1951 1881 2003 hoc
1909 1946 2258 2017 Evangelinui

663 2038 720 2094 in
757 2039 1014 2094 universo
1055 2040 1279 2100 mundo.
1317 2037 1533 2092 dicetur
1577 2046 1631 2091 et
1682 2037 1828 2106 quod
1873 2038 1987 2091 haec
2038 2036 2164 2090 fecit
2206 2037 2259 2090 in

662 2130 782 2201 ejus
836 2128 1249 2185 memoriam“.
1285 2150 1302 2181 ι
1343 2128 1457 2184 Hos
1492 2129 1629 2185 duos
1683 2129 2010 2198 allegoricos
2068 2143 2263 2183 sensus

662 2223 923 2277 existimo
980 2237 1193 2275 sacram
1255 2221 1398 2275 hanc
1451 2219 1793 2289 Scripturam
1838 2219 2085 2275 indicare
2136 2234 2259 2273 cum

666 2314 796 2370 dicit
830 2332 844 2369 :
884 2331 903 2364 ι
940 2312 1286 2382 Unguentum
1340 2310 1575 2366 eﬁ‘usum
1640 2327 1839 2366 nomen
1906 2320 2058 2366 tuum
2094 2328 2108 2365 :
2142 2311 2263 2366 ideo

666 2406 1089 2463 adolescentuhe
1141 2404 1452 2458 dilexerunt
1502 2412 1574 2456 te.
1603 2421 1621 2454 ι
1660 2401 1923 2468 Quoniam
1965 2402 2134 2467 enim,
2183 2402 2264 2456 iu-

665 2498 807 2568 qnii,
860 2508 1085 2564 regnum
1123 2503 1275 2548 tuum
1322 2500 1377 2545 et
1431 2490 1712 2546 incarnata
1770 2492 2055 2560 praesentia
2093 2493 2265 2544 instar

666 2587 929 2660 unguenti
990 2582 1149 2640 eﬁ'nsi
1210 2583 1525 2638 universum
1583 2581 1845 2635 mundum
1904 2583 2047 2637 bono
2096 2581 2266 2638 odore

666 2681 929 2752 pertudit,
958 2686 1244 2749 propterea
1292 2674 1714 2730 adolescentqu
1742 2674 2048 2729 dilexerunt
2078 2683 2167 2743 te;
2210 2673 2266 2727 id

666 2782 750 2828 est
811 2770 1007 2825 animae
1060 2768 1354 2840 iustorum.
1426 2765 1612 2836 Neque
1662 2780 1789 2820 vero
1843 2776 1999 2834 putes
2048 2781 2263 2822 sacram

670 2864 1014 2933 Scripturam
1062 2862 1130 2915 de
1189 2858 1509 2913 mulieribus
1565 2866 1776 2911 tantum
1839 2857 2265 2913 adolescentulis

669 2955 848 3026 loqui;
894 2954 989 3009 sed
1027 2952 1192 3006 etiam
1244 2951 1388 3005 inter
1425 2949 1685 3004 mulieres
1739 2950 2042 3019 reperimus
2076 2944 2264 3005 adole-

670 3046 966 3112 scentulus,
996 3060 1105 3101 non
1155 3057 1404 3112 corpore,
1467 3030 1682 3113 (neque
1727 3042 1873 3096 enim
1916 3043 2144 3110 quaestio
2182 3051 2266 3097 cst

671 3148 883 3194 tantum
966 3138 1033 3191 de
1096 3131 1599 3205 corporetharo
1656 3134 1801 3188 enim
1878 3148 1983 3187 non
2045 3134 2265 3202 prodest

670 3234 1004 3302 quidquam;
1064 3230 1289 3299 spiritus
1326 3237 1506 3283 autem
1535 3224 1951 3296 νὶνὶίὶυιιι⁸¹),›
2009 3226 2103 3279 sed
2160 3228 2263 3278 lide

676 3320 1138 3379 adulescentulas.
1182 3319 1317 3376 Vide
1347 3318 1810 3375 adolescentulam
1846 3318 2011 3383 illam,
2039 3332 2267 3385 corpore

671 3414 890 3485 quidem
936 3429 1163 3484 aegram,
1215 3414 1411 3467 animm
1454 3426 1582 3466 vero
1631 3410 1734 3465 ﬁde
1764 3410 2007 3465 Validam
2030 3411 2266 3483 haustor-

676 3507 967 3569 rltoissam,
1021 3520 1144 3576 quae
1188 3520 1313 3559 cum
1365 3516 1515 3558 retro
1567 3504 1837 3572 tetigisset
1884 3500 2265 3566 vestemJesn,

676 3598 960 3670 sanguinis
989 3597 1195 3653 ﬁnitum
1237 3597 1477 3652 inhibuit
1505 3611 1611 3651 non
1638 3595 1886 3663 corporis
1931 3597 2149 3660 robore,
2174 3597 2269 3651 sed

679 3694 805 3748 ﬁdei
837 3694 1038 3746 virtute
1074 3690 1138 3745 ⁸³.
1167 3688 1281 3744 Non
1313 3690 1458 3744 enim
1498 3690 1693 3744 rubore
1731 3688 2003 3758 corporis,
2034 3689 2130 3744 sed
2169 3704 2267 3741 va-

677 3787 799 3841 lido
826 3784 959 3839 ﬁdei
983 3784 1175 3853 spiritu
1203 3782 1537 3837 inﬁrmitatis
1568 3781 1760 3836 morbo
1793 3780 1954 3835 ﬁnem
1986 3782 2263 3851 imposuit.

678 3878 805 3932 Haec
845 3874 1249 3931 adulescentula
1296 3872 1466 3927 traxit
1510 3872 1689 3941 ipsum
1722 3879 1869 3925 retro
1916 3880 2175 3942 tangens,
2213 3879 2272 3925 ut

679 3971 732 4025 in
782 3983 846 4023 ea
885 3966 1202 4037 impleretur
1234 3966 1381 4035 quod
1436 3964 1702 4031 scriptum
1750 3971 1882 4017 est:
1922 3980 1943 4013 ι
1978 3961 2271 4031 Propterea

682 4057 1105 4114 adolescet-tuba
1133 4055 1434 4110 dilexerunt
1479 4062 1551 4120 te,
1596 4062 1879 4107 traxerunt
1911 4061 1964 4109 te
1993 4063 2113 4124 post
2142 4062 2211 4109 te.
2246 4071 2267 4106 ο

682 4150 750 4206 Ει
775 4151 881 4203 alia
914 4163 1105 4203 rursus
1147 4145 1547 4201 adolescentula
1602 4156 1909 4215 retropost
1949 4144 2132 4202 Jesum
2161 4147 2274 4201 cla-

684 4245 871 4297 mabat
891 4240 1222 4303 Chananiea,
1248 4238 1387 4308 Syro
1414 4235 1695 4292 Pbmnissa
1724 4251 1945 4308 genere,
1963 4238 2274 4294 adolescen-

686 4334 813 4388 iula-
853 4347 979 4387 vero
1050 4331 1153 4385 ﬁde
1187 4347 1201 4384 :
1234 4341 1290 4384 et
1344 4329 1597 4399 discipuli
1665 4329 1905 4400 quidem
1955 4330 2208 4386 dicebant
2255 4348 2269 4384 :

687 4444 708 4479 ι
742 4425 965 4480 Dimitte
1013 4423 1181 4488 illam,
1233 4422 1358 4493 quia
1404 4422 1605 4477 clamat
1658 4433 1781 4493 post
1835 4438 1933 4479 nos
1979 4423 2044 4479 “.
2080 4442 2098 4475 ι
2156 4423 2272 4495 ipsa

2364 1948 2517 2019 ὑμῖν,
2546 1948 2683 2001 ὅπου
2711 1948 2805 2002 ὲάν
2841 1949 3090 2020 κηρυχθῇ
3117 1949 3179 2003 τὸ
3201 1950 3540 2019 Εὑαγγέλιον
3570 1950 3730 2003 τοῦτο
3769 1952 3827 2005 ὲν
3856 1950 3969 2024 ὅλῳ

2360 2040 2440 2111 τῷ
2468 2040 2679 2111 κόσμῳ,
2706 2041 3075 2113 λαληθήσεται
3104 2042 3199 2095 καὶ
3224 2042 3251 2095 ὃ
3274 2044 3531 2112 ἐποίησεν
3553 2035 3694 2113 αὕτη
3724 2044 3805 2106 είς
3825 2060 3970 2113 μνη-

2366 2130 2598 2201 μόσυνον
2639 2132 2831 2203 αὐτῆς.
2870 2151 2887 2184 ι
2924 2130 3162 2197 Τούτους
3207 2134 3338 2197 τοὺς
3389 2127 3483 2186 δύο
3530 2132 3765 2205 τρόπους
3806 2129 3969 2203 οἶμαι

2365 2223 2770 2295 ὑποσημαίνειν
2800 2223 2897 2295 τὴν
2932 2223 3081 2277 θείαν
3107 2222 3314 2295 ταύτην
3337 2216 3583 2295 Γραφὴν,
3607 2224 3927 2294 φάσκουσαν
3952 2241 3964 2255 ³

2370 2334 2389 2366 ι
2430 2313 2619 2384 Μύρον
2644 2314 2948 2368 ὲκκενωθὲν
2986 2314 3047 2368 τὸ
3067 2313 3239 2386 ὄνομά
3268 2326 3386 2368 σου⁶
3415 2314 3502 2368 διά
3529 2314 3689 2368 τοῦτο
3724 2314 3971 2380 νεάνιδες

2363 2407 2661 2479 ὴγάπησάν
2686 2424 2766 2460 σε.
2801 2426 2817 2459 ι
2859 2406 3077 2479 Ἐπειδὴ
3101 2408 3230 2480 γὰρ,
3261 2408 3415 2479 φησι,
3440 2409 3472 2478 ἡ
3504 2407 3572 2478 σὴ
3596 2407 3844 2478 βασιλεία
3871 2409 3971 2462 καὶ

2366 2497 2631 2567 ἔνσαρκος
2682 2498 2957 2569 παρουσία
2995 2497 3169 2568 μύρου
3212 2497 3373 2561 δίκην
3418 2495 3816 2560 ὲκκενωθέντος
3843 2496 3972 2552 ὅλον

2366 2589 2663 2642 εὐωδίασεν
2686 2590 2777 2643 τὸν
2813 2589 3039 2658 κόσμον,
3081 2588 3173 2643 διά
3208 2588 3368 2643 τοῦτο
3397 2589 3636 2653 νεάνιδες
3668 2590 3973 2661 ἠγάπησαν

2368 2698 2461 2735 σε·
2495 2682 2633 2754 ὅπερ
2672 2682 2840 2744 ἐστὶν,
2869 2683 2925 2733 αί
2960 2680 3131 2751 ψυχαὶ
3166 2679 3276 2733 τῶν
3303 2680 3547 2735 δικαίων.
3590 2681 3681 2754 Μὴ
3723 2683 3832 2754 γάρ
3873 2700 3972 2754 μοι

2367 2770 2556 2844 νόμιζε
2581 2772 2742 2843 μόνον
2771 2771 3019 2835 νεάνιδας
3041 2771 3141 2836 τάς
3175 2775 3439 2843 γυναῖκας
3463 2772 3644 2843 λέγειν
3672 2775 3771 2846 τὴν
3802 2774 3972 2845 ἁγίαν

2367 2868 2617 2940 Γραφήνο
2650 2865 2786 2919 άλλά
2824 2866 2918 2920 καὶ
2946 2868 3004 2919 ὲν
3044 2865 3260 2935 γυναιξὶ
3298 2863 3397 2939 μὲν
3432 2868 3677 2933 νεάνιδας
3711 2870 3971 2942 εὑρίσκο-

2371 2976 2471 3033 μεν
2494 2959 2556 3012 οὐ
2582 2958 2660 3029 τῷ
2684 2958 2896 3029 σώματι
2923 2958 3002 3029 (οὐ
3036 2959 3145 3031 γάρ
3177 2960 3246 3014 τά
3276 2959 3371 3014 τοῦ
3404 2962 3655 3033 σώματος
3689 2963 3847 3034 μόνον
3878 2962 3973 3035 ζηι·

2366 3054 2541 3105 τεῖται
2565 3069 2577 3081 ·
2620 3070 2637 3101 ι
2674 3051 2740 3103 Ἣ
2776 3050 2912 3122 σὰρξ
2938 3050 3048 3122 γὰρ
3081 3052 3233 3106 οὐδὲν
3254 3041 3484 3122 ’ὠφελεῖθ
3508 3055 3569 3108 τὸ
3601 3055 3818 3128 πνεῦμά
3848 3058 3973 3111 ἐστι

2368 3142 2430 3193 τδ
2457 3138 2775 3206 ζωοποιοῦν,
2809 3138 3018 3209 nam
3062 3140 3242 3194 πίστει
3281 3142 3547 3205 νεάνιδας.
3587 3144 3757 3198 Βλέπε
3789 3146 3974 3201 νεάνι-

2369 3232 2434 3285 δα
2470 3220 2687 3304 ἐκείνην
2739 3233 2838 3304 τὴν
2877 3232 2954 3303 τῷ
2986 3232 3197 3303 σώματι
3234 3232 3653 3306 ἀσθενεστέραν,
3697 3236 3875 3308 ψυχῆς
3911 3238 3973 3291 δὲ

2372 3324 2553 3377 πίστει
2613 3325 2969 3397 ἰσχυροτέραν
3024 3324 3160 3395 (60),
3195 3325 3293 3397 τὴν
3352 3328 3774 3399 αῐμορῤοοῦσαν,
3842 3330 3973 3400 ἥτις

2373 3416 2629 3488 ἁψαμένη
2656 3415 2764 3470 τῶν
2796 3416 3028 3487 ἱματίων
3055 3416 3280 3469 ὄπισθεν
3303 3418 3398 3470 τοῦ
3441 3419 3636 3490 Ἰησοῦ,
3676 3422 3775 3492 τὴν
3804 3423 3973 3491 αἱμά-

2370 3528 2480 3564 των
2520 3508 2715 3579 ἔστησε
2745 3507 2854 3580 (61)
2899 3508 3076 3579 ῥύσιν,
3119 3509 3179 3562 οὐ
3218 3508 3470 3583 σώματος
3515 3513 3680 3584 ἰσχύϊ,
3714 3514 3850 3569 ἀλλὰ
3880 3518 3974 3569 πί⁶

2374 3618 2546 3665 στεως
2604 3600 2853 3669 δυνάμει.
2900 3601 2974 3653 Οὐ
3024 3599 3132 3671 γὰρ
3178 3606 3560 3678 νεανιευομένη
3611 3606 3689 3677 τῷ
3730 3606 3972 3679 σώματι,

2372 3693 2605 3764 νεανικῷ
2636 3693 2693 3746 δὲ
2726 3692 2805 3762 τῷ
2855 3694 2952 3764 τῆς
3006 3694 3242 3759 πίστεως
3291 3700 3619 3769 φρονήματι,
3651 3700 3821 3773 πέρας
3869 3702 3972 3755 ἑπ-

2377 3786 2542 3859 έθηκε
2584 3784 2662 3856 τῷ
2713 3785 2813 3856 τῆς
2866 3785 3151 3849 ἀσθενείας
3202 3790 3502 3859 νοσήματι·
3560 3789 3700 3862 αὕτη
3752 3796 3784 3863 ὴ
3839 3796 3975 3849 νεα.

2375 3897 2458 3942 νις
2492 3878 2744 3932 εἵλκυσεν
2772 3877 2953 3942 αὐτὸν,
2993 3878 3215 3932 ὄπισθεν
3243 3881 3517 3952 ἁψαμένη·
3552 3882 3626 3946 ὡς
3652 3885 3746 3936 καὶ
3767 3886 3846 3949 είς
3873 3887 3975 3939 αύ-

2376 3970 2473 4042 τὴν
2530 3970 2871 4042 πληροῦσθαι
2926 3971 2989 4024 τὸ
3026 3974 3433 4044 γεγραμμένον·
3490 3994 3507 4027 ι
3549 3975 3648 4029 Διὰ
3690 3978 3848 4032 τοῦτο
3914 3980 3973 4034 αἱ

2378 4060 2626 4124 νεάνιδες
2682 4061 2975 4134 ἠγάπησάν
3038 4079 3117 4115 σε’
3176 4064 3431 4118 εἵλκυσάν
3463 4083 3521 4119 σε
3563 4066 3736 4121 ὀπίσω
3786 4086 3901 4123 σου.
3949 4091 3969 4124 ι

2378 4155 2490 4209 Καὶ
2529 4152 2691 4225 ἑτέρα
2724 4156 2781 4209 δὲ
2811 4156 2975 4210 πάλιν
3009 4158 3190 4221 νεᾶνις
3219 4157 3441 4212 ὄπισθεν
3466 4160 3696 4232 ἔκραζεν
3728 4162 3821 4216 τοῦ
3864 4164 3973 4235 Ἰη-

2381 4246 2496 4314 σοῦ,
2525 4249 2558 4319 ἡ
2594 4249 2876 4303 Χαναναία
2909 4250 2941 4320 ἠ
2976 4250 3373 4321 Συροφοίνισσα
3401 4252 3512 4323 (62)
3538 4254 3617 4326 τῷ
3644 4256 3812 4325 γένει,
3845 4260 3972 4311 νεᾶ-

2378 4359 2459 4405 νις
2491 4341 2546 4394 δὲ
2570 4344 2637 4413 τῇ
2671 4342 2873 4395 πίστει·
2899 4343 2993 4395 καὶ
3019 4344 3068 4395 οἱ
3096 4342 3195 4414 μὲν
3230 4345 3469 4416 μαθηταὶ
3504 4346 3707 4416 ἔλεγον·
3743 4369 3761 4400 ι
3813 4351 3973 4405 Ἀπό-

2378 4432 2538 4487 λυσον
2567 4433 2757 4504 αὐτὴν,
2792 4435 2875 4487 ὅτι
2910 4434 3105 4505 κράζει
3138 4435 3363 4489 ὄπισθεν
3393 4437 3568 4508 ἡμῶν.
3610 4459 3626 4491 ι
3670 4442 3780 4495 Καὶ
3832 4444 3973 4518 αὑτὴ

684 4519 853 4588 igitur
881 4528 1027 4571 retro
1052 4514 1239 4571 Iesum
1272 4514 1461 4596 traxit,
1484 4514 1572 4570 cui
1604 4514 1721 4585 ipse
1744 4514 1912 4570 dixit:
1942 4534 1961 4567 ι
1982 4514 2097 4570 Non
2120 4517 2263 4571 decet

2378 4518 2472 4576 οὖν
2500 4523 2724 4577 ὄπισθεν
2751 4522 2969 4579 εἵλκυσε
2996 4524 3089 4581 τὸν
3135 4527 3362 4598 Ἰησοῦν·
3396 4527 3531 4602 πρὸς
3561 4532 3627 4602 ἢν
3652 4533 3812 4599 αὐτὸς
3844 4514 3972 4607 ἔψηλ

687 4610 875 4666 tollere
912 4625 1105 4680 panem
1158 4607 1326 4673 ﬁliis,’
1356 4593 1411 4662 et
1457 4607 1726 4677 projicere
1766 4608 1994 4663 canibus
2023 4608 2089 4660 ³⁸.
2121 4626 2140 4660 ι
2178 4608 2271 4661 llla

686 4719 815 4759 vero
841 4702 1244 4758 adolescentula
1289 4703 1467 4755 adhuc
1514 4700 1638 4765 llde,
1673 4699 1929 4754 innovate
1960 4710 2139 4754 tamen
2168 4702 2276 4769 spi-

684 4886 756 4943 26

760 4974 873 5049 (56)
903 4974 1184 5045 Praeposit.
1235 4978 1300 5031 ὲκ
1338 4980 1490 5033 abest
1521 4993 1550 5032 a
1588 4976 1652 5032 Ν.
1687 4975 1751 5030 Τ.
1785 4977 1925 5047 typis
1972 4975 2260 5045 impresso.

688 5048 820 5103 Eam
863 5059 1043 5100 tamen
1094 5050 1337 5115 agnoscit
1365 5061 1532 5107 .vetns
1583 5050 1870 5115 interpres,
1919 5049 2011 5115 qui
2056 5054 2263 5100 vertit:

694 5138 713 5169 ‹
739 5119 862 5169 aliis
895 5117 1114 5187 quidem
1143 5119 1279 5171 odor
1312 5120 1376 5173 de
1425 5129 1601 5173 morte
1627 5119 1691 5171 ad
1730 5130 1983 5182 mortem,
2018 5115 2140 5170 aliis
2172 5132 2271 5171 au-

690 5198 796 5243 tem
833 5191 967 5239 nilur
990 5189 1055 5241 de
1083 5189 1189 5240 Vita
1221 5190 1287 5241 atl
1317 5190 1500 5243 vitam.
1527 5208 1546 5241 ι

762 5258 876 5330 (5ἶ)
906 5256 1047 5330 Lego
1078 5258 1528 5330 κατηξιωμένοις.

764 5328 876 5401 (68)
904 5327 1039 5401 diale
1075 5327 1350 5401 Barherin'.
1383 5339 1437 5401 et
1465 5344 1618 5383 tuens
1654 5327 1913 5398 σιμαίνει.

766 5398 880 5467 (59)
913 5399 1135 5468 Ὄνομα
1166 5398 1355 5468 ἔσχεν
1398 5400 1810 5468 loiuiiu_proba:
1838 5411 1996 5455 nuta‘.
2034 5398 2188 5454 Plato
2225 5399 2276 5453 in

694 5464 893 5542 Hippia
930 5464 1088 5542 καί,
1122 5464 1359 5538 ναεζθδ.
1392 5468 1561 5539 [.,ἁφ’
1695 5468 1947 5540 τὸόνομα
1988 5470 2134 5542 ἔσχε,
2168 5488 2186 5521 ι
2211 5486 2274 5542 es

694 5540 892 5606 quibus
918 5540 1141 5607 gloriam
1167 5543 1394 5608 adeptus
1420 5551 1525 5595 est.
1554 5559 1572 5590 ι
1614 5539 1738 5593 Haec
1768 5539 1897 5594 vero
1922 5559 1935 5595 :
1966 5539 2189 5595 κάκεῖνο
2218 5539 2280 5593 τὸ

698 5609 869 5680 μύρον
910 5610 1031 5662 sitit.
1076 5608 1248 5680 ὄνομα
1275 5607 1473 5679 ίέσχεν,
1512 5609 1588 5674 ὡς
1620 5612 1649 5663 ὁ
1689 5608 1894 5679 Κύριος
1938 5611 2147 5679 ἱλεγεν,
2186 5614 2281 5666 ah-

696 5690 826 5733 sunt
852 5696 879 5731 ιι
911 5681 1077 5733 veteri
1111 5681 1583 5748 interpretatione,
1608 5696 1727 5749 quae
1765 5692 1946 5736 tamen
1972 5682 2276 5736 necessaria

695 5759 843 5805 sunt.
887 5750 1112 5820 Sienim
1138 5751 1336 5814 desint,
1376 5753 1648 5820 quomodo
1693 5752 2021 5813 cohaereant,
2050 5767 2170 5820 quae
2193 5767 2281 5806 se-

705 5765 843 5804 Βιιιιι.
887 5765 942 5803 δι
968 5765 1112 5802 enim
1138 5765 1336 5814 αεειιιι,
1418 5765 1648 5805 1101110011
1693 5765 2021 5813 οοιιιιετειιιιι,
2050 5767 2100 5820 ψ

705 5819 976 5891 quuntur?
1010 5840 1027 5870 ι
1053 5819 1159 5877 llus
1188 5821 1323 5876 duos
1353 5765 1669 5889 ailcgoricos
1706 5835 1918 5887 sensus,
1948 5840 1964 5873 ι
1996 5833 2100 5877 etc.

2387 4629 2405 4665 ι
2439 4614 2553 4667 Οὐκ
2592 4612 2709 4667 ἐστι
2755 4612 2919 4669 καλὸν
2948 4616 3133 4669 λαϐεῖν
3170 4615 3261 4670 τὸν
3291 4618 3452 4689 ἄρτον
3480 4622 3592 4683 τοῖς
3616 4621 3847 4688 τέκνοις,
3877 4624 3975 4678 καὶ

2388 4704 2568 4774 βαλεῖν
2605 4708 2718 4769 τοῖς
2754 4707 3055 4779 κυναρίοις.
3095 4727 3113 4760 ι
3157 4706 3221 4762 Ἦ
3253 4708 3307 4762 δὲ
3335 4712 3515 4775 νεᾶνις
3552 4712 3660 4782 (65)
3707 4712 3786 4783 τῷ
3813 4718 3976 4769 πνεύ-

760 4815 805 4847 ³⁶
842 4814 880 4869 ll
910 4816 1037 4870 Cor.
1067 4830 1127 4875 tt.
1164 4814 1251 4880 l5,
1281 4812 1365 4869 l6.
1444 4812 1486 4845 "
1519 4802 1710 4870 Maith.
1741 4829 1891 4882 xui,
1917 4814 2003 4869 l3.
2080 4816 2125 4846 “
2157 4813 2263 4869 Joai

2369 4832 2423 4884 't,
2456 4817 2543 4873 65.
2623 4818 2668 4850 ⁸³
2698 4818 2887 4875 Matth.
2917 4837 2990 4889 lx,
3024 4822 3114 4879 20.
3194 4824 3238 4855 “
3267 4823 3455 4880 Matth.
3479 4843 3567 4893 xv,
3591 4828 3681 4882 23.
3759 4829 3806 4860 ⁸⁵
3840 4830 3966 4886 ibid.

2446 4979 2560 5049 (60)
2588 4978 2813 5034 Barbar.
2834 4989 2886 5034 et
2914 4996 3064 5036 meus
3088 4997 3276 5037 vocem
3306 4984 3455 5037 nihili
3505 4986 3702 5039 habent
3740 5001 3973 5039 πιστειο-

2377 5050 2680 5121 χρωτέραν,
2714 5066 2875 5117 quam
2901 5054 3179 5105 emendavi
3212 5054 3262 5105 in
3297 5064 3463 5107 textu.
3492 5083 3564 5095 --
3590 5055 3751 5109 Codd.
3785 5057 3974 5110 lectio-

2380 5138 2508 5197 nem
2526 5122 2840 5197 retinuerim
2861 5123 3132 5197 equidem,
3153 5123 3375 5191 legendo
3399 5124 3578 5179 πίστει
3603 5126 3969 5197 ὀχυρωτέραν.

2454 5192 2565 5261 (61)
2605 5190 2770 5263 Yetits
2798 5196 2973 5245 versio
3003 5192 3184 5257 habet,
3210 5190 3489 5261 sanguinis
3522 5190 3725 5263 μωλτὴ
3766 5190 3975 5263 ’τήθης

2383 5260 2671 5314 damnat-it.
2701 5261 2863 5314 Error
2902 5263 3244 5321 manifestus.
3278 5260 3591 5334 Legendum
3622 5260 3971 5332 crediderim,

2385 5334 2613 5386 sanae“.

2460 5400 2573 5475 (62)
2604 5400 2832 5475 _Barber.
2868 5412 2923 5455 et
2952 5417 3102 5457 meus
3136 5402 3613 5475 Συροφοινήκισσα.

2460 5472 2574 5542 (65)
2604 5470 2799 5544 Locus,
2822 5483 2879 5525 ut
2908 5484 3149 5539 apparet,
3180 5470 3488 5543 corruptus.
3513 5475 3622 5544 Ego
3642 5476 3693 5529 in
3726 5475 3976 5532 versione

2386 5544 2577 5616 scripsi
2623 5553 2681 5595 ut
2726 5542 3043 5616 Salutatus:
3083 5562 3101 5594 ι
3134 5542 3581 5616 Αα‹)1ρδι·οηιιιιιι’
3605 5545 3780 5600 adhuc
3843 5549 3971 5616 ltde,

2387 5613 2640 5666 innovata
2688 5621 2866 5666 tamen
2919 5614 3109 5679 spiritu
3141 5625 3194 5666 et
3227 5616 3348 5671 lide.
3380 5632 3397 5666 ι
3442 5615 3592 5670 Unde
3629 5618 3837 5671 videtur
3878 5613 3972 5669 ha.

2388 5683 2569 5736 buisse
2615 5682 2667 5734 in
2724 5697 2827 5751 suo
2872 5684 3095 5737 codice:
3122 5682 3310 5736 Πίστει
3362 5685 3460 5751 μὲν
3489 5684 3569 5736 ἔτι
3607 5688 3805 5751 νεᾶνις,
3840 5686 3975 5740 ἀνα·-

2387 5752 2650 5828 νεουμένη
2672 5751 2728 5828 δὲ
2753 5750 2840 5828 ⁸τῷ
2861 5750 3141 5828 Πνεύματι
3184 5753 3277 5807 καὶ
3310 5750 3374 5824 τῇ
3405 5755 3585 5807 πίστει
3612 5774 3623 5787 ·
3654 5767 3735 5812 est
3763 5750 3980 5828 phrasis

2391 5819 2646 5889 Paulina,
2672 5819 2865 5891 Ephes.
2904 5835 2976 5890 tv,
3014 5819 3104 5877 i3.
