4208 6312
812 324 900 380 «L3
1948 318 2270 375 ιιιιιιοκιε
2306 319 2618 377 EPISCOPI
2658 318 2978 377 CARPASII

4005 258 4145 377 nl

818 440 1096 495 thesauri.
1146 435 1415 491 Caelestis
1467 436 1610 507 regis
1682 439 2110 507 promptuarium
2166 436 2404 491 ostendit

2524 437 2574 490 τά
2601 436 3038 508 θησαυρίσματα.
3077 435 3181 488 Τοῦ
3211 436 3266 488 δέ
3303 436 3415 506 (75)
3450 436 3771 507 ἐπουρανίου
3819 434 4064 505 βασιλέως
4146 488 4147 505 γ

831 536 1010 607 primo
1055 546 1176 587 esse
1219 544 1436 600 corpus,
1488 530 1540 583 in
1591 544 1700 599 quo
1744 530 1859 600 ipse
1923 547 1943 581 ι
1973 529 2259 585 ωάίίίειινὶι
2301 528 2404 582 sibi

830 626 1051 681 domum
1107 620 1192 676 “z
1227 640 1246 674 ι
1300 620 1495 677 deinde
1552 613 1813 677 caelorum
1874 636 2125 693 regnum.
2181 620 2407 688 Quando

834 717 996 787 igitur
1054 713 1306 770 Salvator
1351 713 1531 769 dicit:
1573 731 1592 765 ι
1623 712 1772 769 Beati
1827 712 1918 782 qui
1971 713 2403 794 persecutionem

834 809 1114 878 patiuntur
1161 814 1382 876 propter
1410 804 1705 872 justitiam,
1736 804 1991 873 quoniam
2037 804 2275 873 ipsorum
2325 811 2409 857 est

834 914 1059 968 regnum
1092 899 1353 969 caelorum
1376 895 1420 930 ⁷⁸⁸
1445 914 1460 963 ;
1493 916 1512 949 ι
1551 897 1744 952 merito
1765 906 1819 952 et
1847 904 2241 964 consequenter
2267 909 2403 963 ρεπ-

834 991 976 1046 dicta
1017 998 1101 1045 est
1144 1004 1206 1043 ea
1242 1004 1342 1043 vos
1379 989 1474 1044 :lti
1504 987 1649 1043 enim
1696 988 2035 1042 intraverunt
2078 985 2131 1040 in
2180 999 2404 1054 regnum

839 1080 1120 1135 caelorum.
1153 1072 1417 1145 Quoniam
1442 1092 1570 1133 vero
1593 1085 1650 1132 et
1678 1077 1775 1148 ipsi
1804 1077 2235 1147 persecutionem
2262 1074 2405 1145 passi

842 1177 970 1222 sunt
1004 1176 1239 1239 propter
1264 1166 1561 1235 justitiam,
1617 1175 1900 1236 propterea
1943 1174 1998 1220 et
2042 1163 2316 1220 exsultant
2352 1156 2407 1217 in

839 1258 952 1321 illo,
978 1270 1033 1313 et
1061 1258 1311 1313 laetantur
1336 1246 1573 1312 dicentes
1600 1273 1615 1309 :
1649 1273 1668 1306 ι
1694 1254 2118 1321 Exsultabimus,
2169 1261 2224 1308 et
2260 1252 2410 1307 laeta-

826 1349 1021 1403 =bitnur
1080 1348 1143 1403 in
1192 1358 1277 1404 te.
1309 1366 1327 1400 ι
1395 1346 1654 1402 νίιιειιιεε
1706 1356 2036 1401 aeternarum
2103 1346 2408 1415 nuptiarum

832 1437 1107 1503 laetitiam;
1190 1437 1432 1491 videntes
1509 1451 1630 1507 quae
1701 1445 2001 1505 praeparata
2070 1445 2198 1491 sunt
2282 1444 2409 1489 ante

827 1529 1020 1583 mundi
1071 1528 1545 1592 constitutionem,
1589 1537 1643 1581 et
1692 1535 1975 1582 narrantes
2025 1524 2409 1597 promissioues

830 1619 1021 1675 dicunt
1056 1634 1069 1671 :

903 1706 1018 1764 VII.
1054 1707 1345 1779 Diligemus
1360 1708 1527 1762 ubera
1558 1717 1648 1760 tua
1676 1722 1829 1775 super
1856 1707 2054 1760 vinum.

905 1800 965 1854 ιιι
988 1807 1074 1854 est
1104 1816 1120 1853 :
1158 1798 1451 1867 Diligemus
1480 1798 1586 1853 duo
1620 1798 1989 1864 Testamenta,
2024 1812 2120 1866 per
2158 1812 2278 1867 quae
2308 1811 2407 1850 nos
2438 1787 2479 1842 Β

836 1892 1038 1945 docens
1079 1888 1198 1944 Rex
1244 1890 1297 1944 in
1342 1888 1769 1959 promptuarium
1829 1889 2125 1943 introduxit
2166 1889 2407 1944 cmleste.

837 1981 975 2037 Nam
1005 1980 1146 2050 quod
1189 1995 1285 2047 per
1325 1981 1431 2034 duo
1480 1980 1827 2034 Testamenta
1882 1979 2143 2034 caelorum
2184 1995 2408 2049 regnum

837 2071 1068 2127 assecuti
1121 2084 1329 2133 sumus,
1375 2069 1499 2123 vide
1543 2067 1711 2123 Vetus
1760 2080 1815 2123 et
1863 2066 2070 2122 Novum
2116 2068 2408 2138 quemlibet

837 2160 1223 2224 a’dhortantia,
1297 2169 1356 2213 ut
1418 2175 1518 2229 pro
1561 2157 1776 2226 justitia
1830 2168 1887 2212 et
1937 2162 2157 2213 nomine
2209 2156 2410 2212 Christi

840 2255 1132 2325 patiamur,
1182 2262 1236 2306 et
1266 2266 1363 2319 per
1390 2258 1674 2320 angustam
1701 2258 1757 2304 et
1790 2259 1995 2303 arctam
2030 2249 2150 2302 vitae
2181 2249 2324 2301 viam
2364 2249 2411 2280 "

840 2344 1198 2401 ambulemus.
1230 2341 1295 2397 Et
1326 2357 1392 2395 ex
1428 2342 1603 2409 Veteri
1636 2341 1851 2410 quidem
1893 2339 2242 2396 Testamento
2288 2340 2411 2396 audi

840 2439 1196 2512 Sapientiam.
1240 2452 1362 2506 quae
1393 2436 1566 2490 dicit:
1606 2454 1625 2487 ι
1657 2435 1846 2504 Usque
1886 2435 1953 2489 ad
1994 2444 2220 2489 mortem
2269 2443 2415 2489 certa

840 2547 941 2602 pro
965 2531 1194 2585 veritate
1222 2527 1289 2582 ⁸⁸.
1324 2545 1343 2578 ι
1384 2524 1572 2581 Simile
1596 2525 1849 2595 quiddam
1877 2527 1928 2579 in
1964 2523 2135 2589 Novo,
2168 2525 2220 2579 in
2250 2524 2417 2577 Evan-

839 2622 993 2692 geliis
1053 2621 1177 2675 audi
1232 2620 1410 2689 ipsum
1476 2617 1762 2671 Dominum
1832 2616 2148 2671 dicentem:
2191 2634 2209 2666 ι
2241 2614 2416 2669 Nolite

847 2713 1038 2769 timere
1068 2726 1164 2767 eos
1208 2715 1298 2781 qui
1330 2708 1588 2765 occidunt
1625 2722 1847 2777 corpus,
1893 2707 2088 2762 animae
2120 2722 2248 2761 vero
2282 2706 2415 2761 nihil

841 2812 1066 2874 possunt
1096 2803 1273 2857 facere
1302 2804 1403 2854 ιδ.»
1436 2800 1571 2853 Audi
1598 2810 1778 2874 autem
1808 2808 1863 2853 et
1900 2797 2063 2852 Vetus
2092 2798 2415 2852 Testamen-

840 2871 954 2951 ium
986 2894 1214 2950 dicens:
1259 2911 1278 2943 ι
1308 2893 1503 2945 Audite
1545 2871 1767 2944 verbum
1812 2886 2044 2950 Domini,
2086 2887 2178 2957 qui
2216 2885 2417 2940 timetis

838 2987 1060 3042 verbum
1090 2985 1241 3053 ejus;
1276 2982 1458 3047 dicite,
1490 2979 1709 3035 Fratres
1730 2979 1923 3041 nostri,
1953 2978 2076 3034 odio
2098 2993 2192 3033 vos
2222 2977 2420 3031 haben-

843 3080 987 3133 tibus
1016 3086 1071 3131 et
1097 3075 1538 3131 abominantibus
1574 3073 1642 3127 “.
1666 3090 1689 3123 θ
1729 3070 1806 3125 Ex
1852 3070 2155 3138 Evangeliis
2191 3084 2319 3124 vero
2348 3085 2411 3123 ex

839 3182 935 3222 ore
993 3165 1161 3234 ipsius
1228 3163 1440 3219 Domini
1494 3162 1616 3216 audi
1652 3176 1665 3213 :
1699 3178 1720 3212 ι
1754 3159 1971 3229 Diligite
2017 3159 2267 3213 inimicos
2322 3174 2412 3212 vev

840 3272 986 3314 stros
1016 3256 1098 3323 “;
1132 3274 1151 3308 ›
1186 3264 1244 3311 et
1280 3269 1471 3309 rursus
1500 3270 1513 3307 :
1550 3271 1567 3304 ι
1599 3250 1908 3306 Benelacite
1948 3252 2030 3305 his
2059 3250 2147 3318 qui
2188 3249 2418 3304 oderunt

840 3364 939 3403 vos
966 3347 1034 3401 ⁸⁷.
1066 3365 1084 3399 ι
1123 3344 1179 3399 ln
1219 3344 1336 3415 lege
1364 3354 1543 3397 autem
1572 3342 1749 3396 simile
1775 3340 1901 3395 illud
1934 3358 1946 3393 :
1980 3357 1998 3391 ι
2024 3339 2079 3393 Si
2117 3338 2419 3394 obviaveris

840 3440 1147 3510 iumentum
1183 3435 1387 3490 inimici
1424 3435 1496 3488 tui
1533 3433 1676 3505 quod
1707 3434 1915 3487 corruit
1939 3432 2039 3486 sub
2071 3446 2207 3485 onus
2236 3444 2415 3495 suum,

843 3545 949 3586 non
981 3538 1294 3600 praetereas,
1324 3525 1416 3580 sed
1450 3523 1619 3579 alleva
1651 3522 1784 3577 illud
1814 3524 1893 3589 δὴ
1923 3540 1942 3574 ι
1983 3520 2125 3591 quod
2162 3521 2302 3573 idem
2336 3529 2418 3574 est

842 3637 909 3675 ac
942 3618 1072 3674 illud
1104 3635 1119 3672 :
1155 3635 1174 3669 ι
1211 3616 1520 3671 Benefacite
1548 3615 1633 3669 his
1665 3615 1760 3685 qui
1794 3613 2025 3668 oderunt
2054 3626 2166 3665 vos.
2195 3629 2213 3663 ι
2270 3607 2418 3665 Unus

842 3714 1084 3778 cnim_et
1129 3711 1269 3764 idem
1306 3716 1389 3763 est
1430 3706 1727 3778 lcgislator,
1782 3704 1872 3775 qui
1922 3712 2188 3773 praecepta
2242 3702 2418 3755 datin

847 3816 1079 3874 utroque
1128 3802 1495 3856 Testamento.
1542 3799 1657 3853 Duo
1700 3798 1864 3867 igitur
1900 3799 2064 3850 ubera
2112 3794 2280 3862 ipsius
2315 3794 2420 3847 duo

844 3896 1187 3966 appellantur
1236 3892 1609 3955 Testamenta,
1663 3898 1828 3959 atque
1872 3903 1939 3943 ex
1992 3900 2098 3940 uno
2130 3884 2419 3939 immortali

846 3987 996 4053 fonte
1016 3983 1312 4056 spiritualis
1340 3983 1493 4037 lactis
1515 3980 1843 4037 allluentiam
1866 3976 2136 4033 habentia.
2172 3975 2425 4045 Propter-

845 4094 910 4133 ea
951 4074 1060 4148 qui,
1080 4078 1129 4130 in
1154 4073 1417 4129 cmlornm
1448 4071 1753 4126 cubiculum
1778 4068 2005 4136 ingressi
2034 4076 2181 4132 sunt,
2208 4067 2418 4121 dicunt:

850 4189 871 4222 ι
904 4169 1200 4238 Diligemus
1248 4165 1414 4219 ubera
1451 4172 1540 4217 tua
1580 4176 1744 4229 super
1784 4162 2034 4213 vinum.»
2090 4158 2229 4225 Quid
2278 4159 2420 4212 enim

846 4260 979 4313 facit
1018 4256 1247 4312 vinum?
1293 4253 1490 4309 Vinum
1528 4252 1818 4308 immodice
1856 4254 2111 4306 haustum
2172 4250 2424 4305 tenebras

846 4349 1078 4405 nll'undit
1132 4365 1146 4401 :
1196 4345 1472 4415 splendida
1549 4358 1679 4399 vero
1759 4342 2104 4398 Testamenta
2190 4351 2421 4397 mentem

2506 532 2730 599 ταμεῖον
2781 528 2936 595 δῆλον
2978 529 3059 580 ὃτι
3101 527 3315 598 πρῶτον
3358 530 3453 599 μὲν
3490 528 3551 582 τὸ
3600 528 3788 598 σῶμα,
3834 548 3852 579 ι
3896 522 3942 595 ᾧ
3969 530 4065 601 (74)

2508 620 2685 692 ἐαυτῷ
2716 620 3063 692 ᾠκοδόμησεν
3089 616 3237 673 οἷκον
3257 638 3269 651 ο
3310 639 3329 671 ι
3369 620 3558 675 ἔπειτα
3587 621 3642 674 δὲ
3677 621 3769 675 καὶ
3802 623 3833 691 ἡ
3862 621 3967 674 τῶν
3992 623 4069 674 οὐ·

2510 713 2686 783 ρανῶν
2733 712 2998 782 βασιλεία.
3047 712 3215 764 Ὅταν
3247 707 3341 764 οὖν
3382 712 3528 781 λέγει
3562 715 3592 766 ὁ
3628 714 3853 785 Σωτήρ·
3899 731 3919 762 ι
3960 714 4068 766 Μαι
4148 702 4149 711 “

2510 804 2690 875 κάριοι
2730 806 2777 856 οί
2824 803 3172 874 δεδιωγμένοι
3205 804 3390 856 ἕνεκεν
3421 804 3803 874 δικαιοσύνης,
3859 805 3940 857 δτι
3986 804 4070 856 αὐ-

2512 895 2619 947 τῶν
2656 896 2801 948 ἐστιν
2850 896 2883 967 ὴ
2918 894 3162 965 βασιλεία
3194 894 3301 949 τῶν
3350 894 3625 965 οὐρανῶν,
3664 913 3680 945 t
3724 893 3949 956 εἰκότως
3990 894 4070 946 καί

2508 990 2815 1056 ἀκολούθως
2852 991 3172 1063 προείρηται
3212 989 3307 1043 καὶ
3342 989 3479 1060 αὐτὴ
3512 992 3544 1057 ἠ
3582 990 3732 1060 φωνή
3758 1006 3770 1019 '
3805 982 3950 1042 οὗτοι
3978 988 4071 1060 γὰρ

2509 1081 2755 1152 εἰσῆλθον
2778 1082 2858 1145 είς
2891 1082 2988 1152 τὴν
3019 1081 3128 1134 τῶν
3152 1079 3396 1152 οὐρανῶν
3422 1078 3719 1150 βασιλείαν.
3760 1077 4074 1149 Ἐπειδήπερ

2510 1175 2605 1226 καὶ
2662 1173 2816 1227 αὐτοὶ
2852 1171 3185 1244 ἐδιώχθησαν
3234 1171 3420 1225 ἕνεκεν
3455 1169 3833 1240 δικαιοσύνης,
3875 1168 3956 1222 διὸ
3992 1170 4074 1222 καὶ

2508 1264 2870 1332 άγαλλιῶνται
2925 1265 2981 1316 ἐν
3023 1262 3205 1333 αὐτῷ,
3250 1262 3343 1315 καὶ
3382 1260 3762 1332 εὐφραίνονται
3806 1260 4071 1329 λέγοντες·

2514 1374 2533 1407 ι
2578 1353 3058 1425 Ἀγαλλιασώμεθα
3103 1353 3199 1407 καὶ
3228 1351 3620 1423 εὐφρανθῶμεν
3658 1354 3716 1404 ἐν
3756 1351 3857 1403 σοί.
3907 1369 3926 1402 ι
3961 1350 4076 1403 Βλέ-

2510 1464 2702 1510 ποντες
2734 1447 2831 1518 τὴν
2872 1446 2979 1498 τῶν
3010 1444 3242 1499 αἰωνίων
3278 1444 3479 1515 χαράν*
3519 1443 3808 1510 βλέποντες
3840 1441 3907 1495 τά
3946 1443 4079 1512 ἡτοι-

2512 1536 2765 1607 μασμένα
2791 1535 2897 1607 πρὸ
2933 1535 3239 1605 καταδολῆς
3266 1534 3496 1604 κόσμου,
3529 1534 3623 1587 καὶ
3655 1531 4079 1601 ἀπαγγέλλοντες

2509 1629 2608 1691 τάς
2632 1628 2962 1696 ἐπαγγελίας
2979 1667 2994 1690 ,
3022 1626 3203 1697 φασίν·

2581 1718 2655 1770 Z'.
2686 1715 3105 1784 Ἀγαπήσωμεν
3127 1713 3397 1783 μαστούς
3427 1726 3542 1773 σου
3574 1710 3727 1781 ὑπὲρ
3757 1707 3943 1765 οἶνον.

2585 1807 2763 1876 Ὅπερ
2795 1794 2981 1859 ἐστίνέ
3007 1806 3407 1873 Ἀγαπήσωμεν
3436 1802 3534 1867 τὰς
3566 1801 3658 1855 δύο
3688 1801 3981 1873 Διαθήκας,
4015 1801 4075 1855 δι’

2510 1890 2584 1950 ὧν
2622 1898 2769 1967 ἡμᾶς
2800 1897 2828 1948 ὁ
2877 1895 3130 1967 βασιλεὺς
3165 1894 3595 1964 παιδαγωγήσας
3616 1934 3630 1958 ,
3658 1893 3738 1955 είς
3766 1892 3827 1944 τὸ
3865 1894 4082 1961 ταμεῖον

2511 1986 2770 2054 είσήγαγε
2799 1985 2857 2036 τὸ
2896 1984 3215 2055 ἐπουράνιον
3239 2000 3252 2013 '
3288 1983 3368 2035 ὅτι
3392 1982 3497 2053 γὰρ
3529 1980 3615 2033 διὰ
3644 1980 3753 2033 τῶν
3775 1979 3869 2032 δύο
3895 1979 4083 2050 Διάθη-

2511 2076 2622 2149 κῶν
2652 2074 2915 2145 ἐτύχομεν
2944 2074 3041 2144 τῆς
3072 2075 3323 2147 οὐρανίου
3348 2074 3645 2144 βασιλείας,
3681 2070 3844 2141 βλέπε
3871 2072 3966 2124 καὶ
3992 2072 4085 2142 τὴν

2513 2166 2753 2219 Παλαιὰν
2782 2166 2879 2219 καὶ
2911 2166 3008 2235 τὴν
3039 2167 3243 2238 Καινὴν
3268 2165 3546 2236 Διαθήκην
3572 2163 3944 2235 παρορμῶσαν
3966 2164 4083 2224 τοὺς

2515 2255 2872 2325 βουλομένους
2902 2254 3043 2325 ὑπὲρ
3073 2256 3171 2327 τῆς
3199 2253 3545 2324 δικαιοσύνης
3578 2252 3791 2308 καὶτοῦ
3828 2253 4086 2323 ὀνόματος

2513 2346 2603 2399 τοῦ
2633 2344 2872 2417 Χριστοῦ
2911 2345 3160 2415 πάσχειν,
3193 2346 3287 2398 καὶ
3314 2345 3411 2415 τὴν
3442 2344 3633 2408 στενὴν
3669 2346 3763 2398 κα).
3799 2342 4087 2413 τεθλιμμέ-

2514 2453 2611 2507 νην
2641 2436 2759 2489 ὁδὸν
2785 2437 2884 2508 τῆς
2914 2436 3062 2507 ζωῆς
3098 2437 3327 2490 ὁδεύειν.
3360 2437 3472 2490 Καὶ
3505 2439 3569 2490 ἐκ
3605 2438 3702 2507 μὲν
3730 2437 3829 2508 τῆς
3850 2437 4088 2499 Παλαιάς

2514 2527 2614 2597 τὴν
2645 2528 2845 2596 Σοφίαν
2877 2528 3039 2581 ἄκουε
3073 2527 3334 2596 λέγουσαν
3354 2544 3367 2558 ο
3412 2546 3429 2578 ι
3464 2526 3607 2591 Ἕως
3631 2527 3862 2582 θανάτου
3892 2528 4087 2595 ἀγώνι-

2518 2636 2608 2672 σαι
2636 2618 2777 2690 ὐπὲρ
2802 2620 2901 2689 τῆς
2920 2618 3197 2689 ἀληθείας.
3234 2640 3252 2672 ι
3279 2619 3352 2673 Τὸ
3379 2622 3562 2689 ὅμοιον
3597 2621 3691 2673 καὶ
3711 2621 3768 2672 ἐν
3798 2623 3866 2691 τῇ
3894 2622 4088 2690 Καινῇ,

2517 2711 2575 2764 ἐν
2620 2712 2732 2772 τοῖς
2766 2709 3117 2779 Εὐαγγελίοις
3157 2706 3317 2764 αὐτὸν
3363 2710 3454 2762 τὸν
3490 2710 3690 2781 Κύριον
3724 2712 3980 2776 ὲνωτίζου
4010 2711 4091 2763 λέέ

2517 2816 2709 2869 γοντα·
2757 2819 2775 2851 ι
2817 2801 2908 2871 Μὴ
2945 2800 3218 2872 φοϐηθῆτε
3267 2800 3375 2853 ἀπὸ
3418 2797 3525 2854 τῶν
3572 2802 4006 2855 ἀποκτεινόντων
4038 2802 4092 2856 τὸ

2520 2892 2713 2961 σῶμα,
2766 2890 2865 2961 τὴν
2927 2891 2984 2943 δὲ
3035 2891 3219 2963 ψυχὴν⁵
3280 2893 3353 2963 μὴ
3396 2893 3631 2963 ἐχόντων
3670 2910 3723 2946 τι
3766 2893 4011 2963 ποιῆσαι.
4072 2912 4088 2945 ι
4148 2872 4157 2879 ’

2523 2982 2720 3035 Ἀκουε
2757 2982 2814 3034 δὲ
2848 2981 2941 3035 καὶ
2967 2982 3067 3053 τῆς
3111 2982 3354 3046 Παλαιᾶς
3386 2983 3652 3055 λεγούσης
3674 3000 3686 3014 ·
3732 3002 3750 3035 ι
3802 2984 4093 3038 ’Δκούσατε

2518 3073 2609 3125 τὸν
2652 3072 2819 3145 λόγον
2857 3072 3093 3142 Κυρίου,
3140 3075 3190 3125 οἱ
3244 3073 3540 3145 τρέμοντες
3592 3073 3650 3127 τὸ
3688 3074 3849 3146 ῥῆμα
3892 3075 4091 3130 αὐτοῦ·

2521 3164 2710 3215 εῐπατε
2757 3164 2869 3224 τοῖς
2914 3162 3164 3232 μισοῦσιν
3206 3162 3384 3233 ὑμᾶς·
3432 3162 3876 3234 Ἀδελφοὶήμῶν.
3938 3182 3957 3215 ι
4013 3162 4095 3216 Ἐν

2521 3254 2875 3322 Εὐαγγελίοις
2912 3254 2969 3306 δὲ
3001 3256 3065 3307 ἐκ
3102 3254 3194 3307 τοῦ
3228 3253 3557 3308 Δεσποτικοῦ
3594 3256 3855 3326 στόματος
3898 3256 4094 3309 ἀκουεο

2528 3364 2546 3395 ι
2596 3346 2872 3413 Ἀγαπᾶτε
2900 3345 3027 3409 τοὺς
3057 3346 3283 3417 ἐχθροὺς
3308 3346 3490 3416 ὑμῶν’
3528 3365 3544 3398 ι
3582 3348 3676 3399 καὶ
3708 3349 3868 3401 πάλιν
3889 3365 3903 3378 ·
3938 3367 3955 3397 ι
3986 3348 4099 3402 Κα-

2521 3436 2628 3500 λῶς
2653 3439 2855 3489 ποιεῖτε
2888 3439 3000 3499 τοῖς
3029 3436 3277 3507 μισοῦσιν
3310 3437 3423 3509 (75)
3457 3440 3599 3509 ὑμᾶς
3621 3456 3634 3470 ·
3672 3458 3691 3490 ι
3733 3440 3790 3491 ἐν
3819 3439 3877 3492 δέ
3907 3438 3988 3509 τῷ
4018 3440 4099 3493 νό⁴

2526 3546 2612 3599 μῳ
2636 3527 2697 3581 τὸ
2723 3527 2936 3598 ὅμοιον·
2984 3545 3004 3580 t
3064 3527 3189 3603 Ἐὰν
3235 3530 3549 3601 ἀπαντήσῃς
3581 3529 3658 3600 τῷ
3691 3528 3969 3601 ὑποζυγίῳ
4008 3527 4098 3582 τοῦ

2522 3616 2716 3690 ἐχθροῦ
2742 3634 2835 3670 σου
2864 3619 3173 3673 πεπτωκότι
3199 3620 3304 3673 ὐπὸ
3326 3620 3415 3675 τὸν
3438 3620 3605 3691 γόμον
3646 3620 3832 3682 αὐτοῦ,
3866 3623 3926 3674 οὐ
3960 3639 4101 3693 παρ-

2524 3709 3221 3783 ελεύσῃ,ἀλλά“συνεγερετς
3240 3711 3518 3781 (76)αὐτό.
3547 3706 3582 3765 ἰ
3603 3743 3672 3752 -
3698 3730 3716 3763 ι
3756 3712 3953 3776 Καλῶς
3990 3712 4100 3783 (77)

2526 3805 2728 3855 ποιεῖτε
2754 3805 2867 3865 τοῖς
2898 3802 3145 3873 μισοῦσιν
3169 3804 3341 3874 ὑμᾶς’
3380 3822 3397 3855 ι
3437 3798 3517 3866 εἷς
3562 3803 3669 3873 γὰρ
3705 3802 3796 3855 καὶ
3825 3804 3991 3867 αὐτὸς
4021 3820 4103 3856 νου

2529 3892 2761 3972 μοθέτης
2795 3892 3083 3963 ἑκατέραις
3108 3894 3413 3948 διετάττετο
3449 3892 3762 3978 Διαθηκαὶς.
3791 3893 3894 3947 Δύο
3923 3894 4103 3947 τοίνυν
4168 3920 4171 3923 -

2531 3983 2726 4053 μαστοὶ
2767 3982 2933 4036 αὐτοῦ
2965 3986 3021 4037 αί
3066 3982 3158 4036 δύο
3214 3983 3503 4053 κέκληνται
3546 3982 3853 4053 Διαθῆκαι·
3901 3986 4001 4038 καὶ
4043 3987 4105 4037 ὲκ

2531 4071 2660 4141 μιᾶς
2690 4071 2789 4141 τῆς
2828 4070 3095 4123 ἀθανάτου
3140 4071 3323 4142 πηγῆς
3364 4070 3461 4141 τὴν
3502 4073 3762 4143 ἐπιρῤοὴν
3800 4069 3894 4123 τοῦ
3935 4089 4105 4125 πνευ-

2532 4160 2762 4231 ματικοῦ
2806 4160 3074 4229 γάλακτος
3119 4160 3356 4231 ἔχουσαι.
3401 4161 3491 4214 Διὸ
3531 4161 3779 4229 λέγουσιν
3819 4163 3997 4226 οἱέίς
4049 4161 4107 4215 τὸ

2525 4254 2751 4321 ταμεῖον
2777 4251 2887 4305 τῶν
2908 4252 3149 4323 οὐρανῶν
3172 4250 3573 4322 εἰσεληλυθότες
3594 4268 3608 4281 ο
3644 4270 3661 4301 ι
3704 4252 4107 4323 Ἀγαπήσωμεν

2532 4341 2769 4412 μαστούς
2797 4357 2888 4395 σου
2921 4342 3059 4411 ὑπὲρ
3086 4337 3246 4394 οἶνον.
3288 4361 3305 4394 ι
3342 4341 3407 4395 Τί
3434 4341 3542 4413 γάρ
3574 4344 3718 4411 ποιεῖ
3745 4338 3920 4407 οἷνος;
3948 4338 4108 4405 Οἶνος

846 4441 1191 4505 νοιιίίτιιιοιιι,
1220 4437 1378 4492 Iidem
1406 4434 1704 4499 stabiliunt,
1729 4432 1951 4489 fundant
1974 4432 2040 4487 ad
2071 4447 2289 4504 regnum
2315 4447 2417 4487 coe-

2530 4432 2784 4503 ἀμέτρως
2814 4431 2997 4496 ποθεὶς
3024 4432 3287 4496 σκοτίζει·
3320 4434 3375 4485 αἱ
3400 4432 3455 4486 δὲ
3485 4434 3807 4503 φωταγωγοὶ
3837 4433 4110 4504 Διαθῆκαι

847 4533 1038 4587 lorum.

920 4707 1051 4761 VIII.
1092 4704 1364 4759 Rectiludo
1401 4690 1582 4757 dilexit
1609 4712 1674 4756 te.

922 4797 1111 4854 Omnia
1147 4797 1366 4867 quidem
1408 4795 1711 4849 divinarum
1754 4792 2160 4861 Scripturarttm
2204 4794 2417 4863 eloquia

2534 4522 2845 4593 στηρίζουσι
2872 4522 2933 4575 τὸ
2962 4523 3235 4593 φρόνημα,
3262 4521 3537 4593 στερεοῦσι
3571 4523 3681 4592 (78)
3711 4524 3912 4589 πίστιν,
3940 4524 4108 4595 θεμε-

2530 4612 2732 4666 λιοῦσιν
2761 4614 2839 4676 εἰς
2864 4613 2962 4684 τὴν
2990 4614 3233 4683 οὐρανῶν
3263 4612 3555 4681 βασιλείαν.

2603 4709 2683 4759 ll'.
2721 4705 2990 4771 Εὑθύτης
3021 4703 3299 4771 ἠγάπησέ
3330 4720 3421 4757 σε.

2598 4799 2804 4859 Πάντες
2838 4794 2936 4865 μὲν
2972 4795 3021 4847 οἱ
3058 4795 3166 4847 τῶν
3206 4794 3364 4849 θείων
3391 4797 3429 4847 Γ
3437 4796 3621 4867 ραφῶν
3651 4797 3818 4864 λόγοι,
3853 4796 3950 4850 καὶ
3981 4795 4113 4850 ταύ-

923 4938 967 4969 δο
992 4936 1148 4989 Prov.
1176 4950 1253 4994 ιι.
1293 4936 1343 4988 l.
1421 4934 1462 4965 δι
1500 4930 1687 4987 Matth.
1715 4931 1902 5003 v,_l0.
1976 4931 2021 4963 δ’
2051 4931 2238 4988 Matth.
2284 4949 2380 4999 vtl,
2415 4936 2502 4991 Η.
2580 4937 2625 4967 ⁸³
2652 4934 2917 5000 Eccli.,tv,
2944 4933 3035 4988 9.8.
3110 4936 3155 4964 “
3188 4933 3378 4987 Matth.
3417 4951 3470 4999 ι,
3496 4935 3583 4990 28.
3659 4935 3704 4967 "
3734 4934 3832 4990 lsa.
3869 4952 4023 5003 Lavi,

849 5010 894 5043 ⁸⁸
930 5007 1117 5061 Matth.
1148 5021 1201 5071 v,
1236 5005 1327 5058 Η.
1405 5002 1449 5033 ⁸⁷
1481 5005 1611 5058 ibid.
1717 5003 1762 5034 ⁸⁸
1788 5001 1957 5056 Exod.
1995 5018 2149 5069 χχιιι,
2182 5003 2234 5060 5.

925 5112 1038 5191 (75)
1067 5119 1269 5191 Locum
1294 5121 1529 5191 hunceg
1560 5117 1780 5191 Philone
1803 5116 2207 5191 all'crt_Co_smas
2225 5117 2434 5191 Indicro-
2541 5129 2747 5189 terpres
2772 5117 2847 5172 ait
2876 5133 2888 5169 :
2920 5136 2936 5191 ι
2965 5116 3100 5183 Quid
3126 5126 3209 5191 est
3240 5115 3329 5191 hic
3359 5116 3501 5172 aliud
3546 5116 3649 5191 nisi
3688 5116 3837 5191 illud,
3876 5114 4112 5191 Benel'a-

853 5186 1203 5264 ple'ttst'eslib.
1224 5206 1276 5264 ξ,
1301 5205 1351 5257 p.
1370 5189 1474 5264 399
1489 5186 1705 5264 Collect.
1733 5205 1876 5242 nova:
1904 5187 2015 5241 Pl’.
2033 5188 2288 5264 Cragon,
2308 5200 2347 5243 t.
2367 5190 2429 5243 ll.

929 5262 1045 5328 (Ἠ)
1079 5260 1199 5314 Vet.
1237 5253 1430 5327 interp.
1459 5259 1588 5328 legit
1618 5258 1669 5319 ὃ,
1704 5274 1804 5328 ιιεςιξ
1831 5260 2075 5325 agnoscit
2105 5253 2275 5328 οἷκον.

924 5326 1037 5399 (75)
1067 5331 1233 5399 Sacer
1262 5326 1435 5382 tentis
1457 5326 1703 5399 Matth-xi
1725 5327 1884 5381 habet
1902 5328 2027 5388 τοὺς
2056 5326 2369 5399 μισοῦντας.

924 5332 1018 5399 (75
1067 5332 1233 5382 Sacer
1262 5339 1435 5382 textus
1457 5332 1687 5380 Matth-ari
1725 5332 1884 5381 habet
1902 5332 2027 5388 τοὺς
2056 5332 2369 5396 μισοῦντας.

924 5332 1037 5469 (ῖϐ)
1067 5398 1160 5453 Sic
1219 5396 1523 5469 emendavi.
1579 5397 1803 5469 Codices
1828 5407 2113 5469 _cor_rupte
2166 5397 2427 5469 exhibent

857 5463 1191 5539 συναγερείς.
1222 5468 1397 5539 Locus
1422 5474 1598 5539 autem
1629 5467 1716 5539 hic
1743 5467 1793 5518 in
1828 5463 2012 5539 Bibliis
2040 5467 2321 5539 impressis
2351 5468 2422 5519 ita

858 5530 1048 5605 legitur
1063 5530 1085 5592 ἐ
1121 5538 1245 5589 Ἐάν
1267 5536 1322 5607 δέ
1342 5535 1453 5605 ἴδῃς
1474 5535 1533 5607 τὸ
1552 5530 1842 5607 ὑποζύγιον
1865 5530 2179 5607 τρῦᾼὲχθροῦ
2205 5552 2424 5607 πεπτωέ

858 5602 951 5669 κὸς
988 5607 1092 5659 ὐπὸ
1126 5607 1214 5659 τὸν
1243 5602 1423 5673 γόμον
1450 5604 1636 5675 αὐτοῦ,
1661 5607 1718 5656 οὐ
1740 5602 2059 5675 παρελεύση
2090 5602 2257 5669 ἀύτὸ,
2289 5605 2423 5658 ἀλλὰ

856 5680 1108 5746 συναρείς
1133 5676 1263 5729 αὐτὸ
1285 5678 1397 5746 μετ’
1426 5674 1608 5726 αὐτοῦ.

928 5744 1041 5805 tm
1077 5750 1217 5801 Ante
1254 5744 1427 5805 καλῶς
1462 5748 1668 5799 videtur
1691 5744 1889 5811 aliquid
1920 5744 2124 5800 deesse.
2151 5744 2310 5798 Vetus
2341 5747 2421 5799 in-

2538 5184 2709 5251 cité,»
2763 5200 2867 5242 etc.
2913 5188 2979 5239 At
3034 5202 3063 5238 a
3114 5188 3233 5239 cod.
3268 5184 3457 5239 Theat.
3509 5188 3702 5239 absunt
3756 5188 3891 5247 haec,
3925 5187 4113 5250 καλῶς

2538 5260 2743 5311 ποιεῖτε
2781 5260 2893 5318 τοῖς
2926 5254 3172 5327 μισοῦσιν
3196 5256 3375 5327 ὐμᾷς.
3406 5256 3508 5327 Sed
3540 5256 3769 5327 postilla
3795 5261 4113 5327 συνεγερεῖ;⁹

2537 5328 2666 5381 αὐτό
2703 5325 2943 5393 sequitur
2959 5326 3128 5394 είᾲκα).
3148 5325 3254 5393 γάρ
3276 5326 3305 5375 ό
3320 5326 3481 5386 αὐτὸς
3512 5325 3825 5394 νομοθέτης,
3844 5341 3964 5391 qua:
3990 5325 4111 5379 eor-

2540 5406 2694 5465 rupta
2708 5388 2831 5448 sunt
2851 5410 2964 5464 pro,
2984 5388 3063 5457 εἷς
3083 5388 3190 5465 γάρ
3219 5388 3310 5465 καὶ
3333 5395 3491 5465 αὐτὸς
3514 5388 3825 5465 νομοθέτης.
3841 5388 4115 5465 Cat-terum

2537 5469 2588 5518 in
2608 5462 2864 5518 versione
2913 5465 3032 5518 ideo
3083 5462 3257 5519 addidi
3290 5480 3304 5516 :
3332 5482 3349 5513 ι
3378 5462 3527 5528 Quod
3564 5464 3701 5516 idem
3727 5462 3807 5517 eat
3831 5466 3894 5515 ac
3935 5464 4071 5517 illud
4098 5483 4112 5518 :

2537 5533 2862 5597 Bcnelacite,
2888 5553 2905 5585 ι
2958 5545 3089 5600 etc.,
3133 5542 3189 5586 ut
3229 5534 3365 5585 bene
3411 5533 3716 5585 colimreaut
3756 5547 3817 5585 ea
3854 5538 3977 5601 qua:
4025 5550 4115 5587 se-

2534 5615 2773 5673 quuntur
2807 5620 2817 5653 :
2854 5622 2869 5654 ι
2901 5603 3046 5673 Unus
3077 5606 3219 5656 enim
3264 5616 3316 5673 et
3344 5602 3480 5655 idem
3512 5611 3593 5673 est
3622 5601 3914 5673 legislator,
3946 5623 3965 5653 ι
4004 5615 4115 5657 etc.

2604 5673 2713 5742 (78)
2746 5672 2820 5725 Ex
2857 5672 3037 5729 Vallic.
3079 5672 3289 5741 reposui
3334 5670 3628 5739 στερεοῦσι.
3683 5671 3840 5725 Bari).
3871 5684 3922 5726 et
3957 5690 4114 5727 mens

2534 5743 2859 5810 στηρίζουσι.
