4208 6312
226 284 291 341 t5
1130 288 1526 345 ENARRATIO
1565 288 1631 345 IN
1663 289 1840 365 CANT

1832 289 2012 348 'ICUM
2052 292 2521 351 CANTICORUM.
3372 301 3440 357 16

224 415 313 470 της
333 398 426 470 τῆς
448 399 614 469 ἀγίας
631 400 725 453 καὶ
752 418 820 472 μυ
832 400 1155 473 πηριιῦδους
1178 404 1415 475 γραφῆς,
1435 404 1566 473 εύθῆ
1586 404 1651 456 τά
1671 405 1782 474 (79)
1811 414 1840 470 Α

1832 414 2045 476 \atque
2095 407 2250 478 hujus
2304 418 2501 465 sanctae
2548 418 2600 465 ct
2644 410 2885 481 mysticae
2935 409 3226 482 Scriptura:
3279 417 3438 471 verba

221 493 283 565 pi}
291 508 458 563 ματα·
487 487 643 556 οὗτος
672 493 729 545 δὲ
757 495 785 542 ὁ
808 495 935 564 περὶ
964 493 1062 564 τῆς
1083 494 1375 566 εὐθύτητος
1400 497 1492 548 καὶ
1523 495 1775 565 μάλιστα,

221 607 238 635 ι
274 582 505 653 εὐθύτης
549 602 567 635 ι
599 583 727 654 γάρ,
755 584 951 654 φησὶν,
992 604 1010 636 ‹
1047 586 1300 657 ἠγάπησὲ
1347 604 1425 640 σε.
1472 603 1490 637 ι
1540 585 1664 640 Ἐὰν
1706 588 1777 658 μή

219 691 311 728 τινι
335 672 442 744 γὰρ
465 673 696 742 εὐθύτης
723 674 976 745 ὑπάρχει,
998 674 1088 727 τὸν
1116 675 1394 746 Μονογενῆ
1421 677 1495 747 μὴ
1524 677 1622 728 οὐκ
1648 677 1780 745 ἀγα-

220 764 376 835 πήσῃ.
397 782 415 813 ι
438 763 727 834 Βδέλυγμα
751 765 859 832 γὰρ
890 765 1192 837 ἁμαρτωλῷ
1216 766 1373 834 σοφία
1393 766 1527 835 (80).
1553 785 1569 817 ι
1604 765 1779 830 Εὐθὺς

216 851 263 904 δὲ
290 851 487 921 καρδία
532 853 719 925 ἀγαπᾷ
765 854 864 925 τὴν
905 856 1116 924 σοφίαν.
1150 849 1395 926 Εὐθύτής
1436 856 1547 923 (81)
1572 856 1629 911 δέ
1661 858 1777 925 ἐστι

216 942 267 1007 τὸ
288 942 726 999 ἀπαλλάττεσθαι
762 945 861 1015 μὲν
902 946 1170 1000 παντοίων
1216 947 1421 1009 κακῶν,
1460 946 1777 1019 συνήδεσθαι

389 1034 540 1105 νόμῳ
563 1035 656 1088 τοῦ
679 1035 835 1099 Θεοῦ,
861 1038 954 1090 καὶ
982 1037 1080 1100 τάς
1109 1037 1325 1116 emta;
1350 1038 1514 1092 αὐτοῦ
1531 1040 1602 1092 ,ἐν
1627 1040 1778 1091 ἔκτε-

215 1122 292 1194 vi;
318 1123 430 1193 (82)
462 1126 691 1197 καρδίας
718 1128 1010 1182 ἐπιτελεῖν⁹
1035 1129 1110 1193 ὣς
1137 1147 1301 1201 φησιν
1329 1132 1357 1183 ὁ
1388 1129 1551 1183 Δαϐίδ
1570 1146 1583 1159 ’
1622 1146 1641 1180 ι
1687 1130 1775 1182 Ἐν

213 1211 363 1283 βουλῇ
404 1214 606 1269 εὐθέων
638 1217 732 1269 καὶ
767 1221 1089 1290 συναγωγῇ,
1129 1219 1337 1290 μεγάλα
1379 1218 1448 1272 τὰ
1483 1220 1618 1292 ἔργα
1658 1222 1776 1274 Κυ-

212 1303 340 1377 ρίου.
379 1324 397 1356 ι

278 1391 352 1445 6'.
386 1388 483 1447 Στ.
508 1392 571 1448 δ’.
602 1395 873 1450 Μέλαινά
895 1399 1011 1467 εἰμι
1044 1398 1142 1452 καὶ
1174 1402 1353 1466 καλή.

269 1482 514 1538 Μέλαινα
551 1484 641 1538 διὰ
671 1486 769 1550 τάς
803 1488 1107 1559 ἁμαρτίας⁹
1156 1490 1293 1562 καλὴ
1331 1490 1420 1545 διά
1462 1491 1561 1563 τὴν
1605 1493 1771 1563 μετά·

211 1588 365 1626 νοιαν.
407 1575 483 1628 Οὐ
534 1575 783 1646 σώματος
827 1571 939 1647 (85)
979 1580 1011 1650 ἡ
1054 1581 1314 1651 μελανίαο
1358 1581 1477 1634 οὐδὲ
1515 1583 1774 1651 σαρκικὺν

209 1664 355 1718 πάλιν
377 1667 585 1737 ταύτης
606 1668 707 1736 τῆς
736 1668 951 1740 νύμφης
983 1670 1044 1723 τὸ
1067 1670 1277 1735 κάλλος.
1328 1672 1488 1725 Ἀλλά
1516 1672 1773 1743 μέλαιναν

1882 507 2005 551 sunt
2050 510 2244 555 recta:
2279 500 2381 555 hoc
2429 515 2558 556 vero
2619 502 2683 557 de
2727 503 2977 571 aequitate
3029 504 3436 559 rectissimum:

1886 602 1906 635 ι
1942 584 2223 641 ltectitudo
2246 605 2266 641 ι
2301 589 2467 663 enim,
2500 591 2596 654 ait,
2629 607 2648 641 ι
2671 589 2858 645 dilexit
2882 600 2952 645 te.
2981 610 3001 643 ›
3040 592 3134 647 Cui
3162 593 3303 648 enim
3332 609 3441 651 non

1881 680 1964 726 est
1994 674 2282 741 rectitude,
2303 677 2369 731 'is
2399 675 2741 747 Unigenitum
2778 695 2881 735 non
2917 681 3100 751 diliget
3130 698 3145 733 :
3180 700 3199 734 ι
3223 683 3444 739 Abomi-

1882 763 2030 816 natio
2080 765 2222 819 enim
2272 769 2541 836 peccatori
2604 770 2951 840 sapientia".
3008 788 3028 823 ι
3096 770 3202 826 Cor
3261 783 3441 830 autem

1880 860 2083 907 rectum
2136 854 2311 924 diligit
2379 858 2714 928 sapientiam.
2775 858 3057 917 Rectitudo
3120 874 3299 922 autem
3360 875 3444 922 est

1878 943 1946 997 ab
1972 944 2273 1015 omnigenis
2299 947 2454 1004 malls
2470 963 2593 1005 sese
2611 950 2912 1021 sejungere,
2938 935 3189 1011 delectari
3204 956 3320 1027 lege
3346 956 3441 1014 Dei

1877 1041 1932 1087 et
1972 1038 2222 1091 mandata
2267 1038 2384 1109 ejus
2439 1039 2646 1096 intento
2693 1041 2854 1097 corde
2904 1043 3179 1112 perlicere.
3242 1046 3311 1102 Ut
3367 1047 3445 1101 ait

1881 1124 2091 1180 David:
2135 1145 2154 1179 ι
2185 1127 2240 1182 ln
2292 1129 2519 1185 consilio
2569 1143 2843 1187 rectorum
2895 1140 2950 1188 et
3004 1136 3437 1206 congregatione,

1876 1229 2068 1285 magna
2098 1231 2260 1287 Opera
2296 1219 2501 1274 Domini
2536 1221 2605 1277 ⁸ο.
2638 1239 2657 1270 ι

1946 1391 2036 1446 ΙΧ.
2089 1390 2247 1447 Vsus.
2303 1393 2357 1448 4.
2411 1393 2583 1464 Nigra
2614 1410 2728 1448 sum
2757 1406 2803 1450 et
2832 1398 3086 1467 formosa.

1949 1482 2109 1554 Nigra
2163 1495 2381 1557 propter
2410 1496 2631 1556 peccata
2664 1500 2682 1539 :
2711 1486 2945 1544 formosa
2990 1499 3214 1559 propter
3258 1490 3437 1568 pomi-

1878 1577 2122 1630 tentiam.
2155 1575 2274 1630 Non
2307 1579 2550 1651 corporis
2594 1578 2806 1646 nigror;
2859 1595 3034 1648 neque
3083 1596 3269 1638 rursus
3309 1597 3434 1661 car-

1884 1666 2021 1720 nalis
2049 1666 2208 1734 hujus
2230 1681 2440 1735 sponsae
2469 1668 2809 1737 pulchritudo
2837 1688 2851 1725 :
2882 1672 2973 1725 sed
3004 1668 3209 1743 nigram
3238 1687 3296 1727 se
3317 1678 3439 1732 esse

208 1756 392 1828 ἑαυτὴν
452 1757 604 1827 λέγει
657 1760 747 1813 διὰ
787 1760 886 1823 τὰς
930 1762 1180 1832 ἀνομίας,
1221 1763 1408 1833 ἐπειδὴ
1451 1764 1673 1827 ταύταις
1708 1761 1777 1835 ἦν
1809 1764 1840 1819 Ε

1832 1765 1849 1818 3
1880 1754 2010 1808 dicit
2053 1766 2270 1824 propter
2309 1754 2660 1825 iniquitates;
2697 1760 2950 1827 quoniam
2995 1774 3063 1815 ex
3101 1761 3232 1831 ipsis
3261 1764 3438 1833 nigro-

201 1846 652 1919 μμελανωμένη.
681 1846 738 1902 ἐν
767 1865 826 1902 τε
851 1852 916 1920 τῇ
951 1849 1364 1924 είδωλολατρείᾳ
1393 1852 1485 1905 καὶ
1515 1856 1633 1916 ταῖς
1667 1853 1775 1907 λοι-

210 1940 322 1999 παῖς
344 1938 444 2007 τῆς
474 1938 789 2010 ἀφροσύνης
818 1940 1071 2005 ἀπάταις.

266 2028 319 2082 l'.
342 2027 618 2084 Μέλαινά
642 2022 759 2100 ειμι
778 2032 877 2086 καὶ
906 2031 1088 2101 καλὴ,
1116 2031 1437 2102 θυγατέρες
1476 2034 1773 2102 Ἰερουσα·

206 2117 337 2187 λήμ.

264 2210 581 2284 Θυγατέρας
619 2212 974 2285 Ἰερουσαλὴμ
996 2208 1165 2285 -οϊμαι
1198 2213 1382 2283 καλεῖν
1424 2214 1520 2285 τὴν
1554 2214 1770 2285 νύμφην

204 2300 291 2365 τὰς
333 2302 683 2374 πφφητικάς
725 2302 834 2355 τῶν
873 2302 1099 2355 δικαίων
1136 2301 1334 2371 ψυχάς.
1375 2300 1772 2371 Ἐξομολογου-

206 2392 328 2464 μένη
367 2393 467 2462 μὲν
498 2392 567 2447 τά
594 2376 991 2464 ἁμαρτήματα,
1024 2390 1421 2462 φαιδρυνομένη
1444 2390 1500 2444 δὲ
1531 2390 1642 2467 (84)
1677 2392 1771 2445 ἐπὶ

202 2488 260 2556 τῇ
289 2483 380 2536 τοῦ
422 2483 658 2555 νυμφίου
694 2482 1076 2554 φιλανθρωπίᾳ
1101 2497 1113 2511 ·
1151 2482 1231 2534 ὅτι
1268 2480 1481 2549 δίδωσιν
1528 2480 1639 2551 (85)
1675 2480 1771 2534 ἐπὶ

204 2575 553 2646 ἁμαρτήμασι
597 2572 904 2643 μετάνοιαν.
947 2573 1051 2625 Ἴδε
1081 2571 1285 2643 ταύτην
1317 2571 1576 2642 μέλαιναν
1605 2568 1769 2626 οὖσαν

203 2665 268 2728 ὡς
330 2664 578 2734 ἀληθῶς,
634 2664 730 2717 καὶ
792 2662 983 2738 καλὴν,
1054 2662 1423 2733 ὲναρχομένην
1504 2662 1612 2716 ἀπὸ
1673 2663 1781 2734 τοῦ.

202 2752 442 2818 Αἰθίοπος
465 2754 562 2809 τοῦ
588 2755 841 2825 εὐνούχου
867 2754 927 2807 τὸ
958 2755 1219 2823 κήρυγμα
1246 2753 1498 2823 δέχεσθαι
1531 2752 1626 2806 τοῦ
1656 2754 1769 2808 Μο-

204 2846 440 2914 νογενοῦς
466 2845 558 2900 διὰ
573 2845 851 2921 ¹Φιλίππου
881 2844 975 2898 τοῦ
999 2844 1299 2898 ἀποστόλου
1324 2843 1456 2915 (86).
1487 2843 1646 2897 Ὅθεν
1674 2845 1768 2899 καὶ

204 2942 350 2998 Δαόίδ
378 2959 547 3013 φησιν
567 2958 582 2972 ·
612 2961 632 2995 ι
669 2941 945 2997 Αίθιωπία
978 2940 1281 3013 προφθάσει
1309 2942 1467 3012 χεῖρα
1496 2940 1667 3011 αὐτῆς
1691 2939 1767 3011 τῷ

202 3034 323 3106 Θεῷ.
386 3053 406 3086 ι

1878 1859 1990 1899 rem
2051 1836 2396 1902 contraxerat
2461 1847 2515 1902 in
2562 1848 2842 1911 idolorum
2882 1853 3047 1908 -cultu
3123 1848 3439 1929 cat-terisque

1873 1935 2156 1994 dementia:
2183 1953 2293 1995 sua:
2316 1939 2611 1995 erroribus.

1943 2026 2009 2081 Χ.
2054 2027 2225 2100 Nigra
2259 2048 2374 2086 sum
2410 2043 2459 2088 et
2496 2038 2750 2104 [οι-πτοία,
2780 2036 2909 2104 [ilice
2934 2036 3286 2097 Hierusalem.

1944 2207 2205 2278 Sponsam
2263 2211 2501 2267 arbitror
2557 2209 2707 2269 '[llias
2770 2213 3097 2270 Hierusalem
3166 2221 3433 2289 appellare

1871 2298 2214 2366 propheticas
2256 2298 2522 2367 justorum
2580 2304 2807 2361 animas.
2848 2306 2929 2361 Et
2965 2320 3182 2377 peccata
3206 2312 3433 2381 quidem

1870 2389 2189 2453 conﬁtetur;
2240 2381 2424 2459 sponsi
2469 2405 2600 2447 vero
2655 2394 2989 2453 humanitate
3032 2398 3264 2468 Iactatur,
3304 2404 3431 2472 quia

1870 2476 2116 2530 concedit
2180 2486 2555 2546 peccatorum'
2609 2482 3005 2550 pmnitentiam.
3088 2481 3221 2541 Vide
3295 2488 3434 2541 hanc

1870 2564 2076 2642 fuscam
2127 2580 2311 2622 revera
2345 2577 2399 2623 et
2444 2567 2768 2637 formosam,
2811 2588 2930 2643 quae
2960 2574 3113 2631 initio
3166 2575 3325 2630 ducto
3366 2578 3435 2633 ab

1870 2658 2117 2711 eunucho
2149 2657 2402 2728 Atthiope
2426 2661 2862 2739 praedicationem
2895 2663 3162 2735 Unigeniti
3202 2667 3430 2736 suscepit

1870 2762 1967 2817 per
1998 2746 2300 2817 Philippum
2337 2751 2637 2820 apostolum
2669 2753 2735 2805 ἰ.
2770 2752 2919 2809 Unde
2939 2756 3098 2809 etiam
3130 2756 3294 2810 David
3320 2757 3432 2812 ait:

1874 2857 1893 2890 ε
1922 2839 2198 2910 Αειιιὶορὶα
2227 2842 2516 2909 prmeniet
2540 2858 2755 2899 manum
2789 2844 2907 2915 ejus
2938 2847 3132 2902 Deo".
3162 2866 3181 2900 ι

262 3078 360 3183 Et".
386 3078 513 3193 ’Ὧς
553 3125 913 3196 σκηνώματα
958 3123 1192 3193 Κηδάρ,
1232 3124 1313 3191 ὡς
1342 3122 1540 3193 δέρῤις
1568 3123 1759 3177 Σαλο-
1790 3101 1833 3160 c

1832 3106 1833 3117 η
1936 3089 2029 3147 Xl.
2074 3078 2148 3147 Ut'
2179 3094 2515 3150 tabernacula
2542 3094 2731 3164 Cedar,
2764 3105 2821 3150 ut
2857 3098 3015 3167 pelles
3041 3096 3361 3160 Salomonis.

199 3218 446 3380 μώίἷηδάρ
502 3308 614 3380 (87)
673 3308 1031 3381 ἑρμηνεύεται
1111 3308 1479 3377 Ὀστρακίνη.
1545 3308 1761 3379 Ἐπειδὴ

204 3397 438 3468 πανταχῆ
461 3398 511 3450 οἱ
545 3396 848 3467 Κηδαρῖται
894 3396 1249 3467 διεϐλήθησαν
1284 3394 1393 3467 (88)
1416 3434 1431 3459 ,
1481 3396 1551 3458 ὥς
1598 3414 1760 3467 φησιν

212 3488 467 3559 Ἱερεμίας
485 3502 497 3515 ·
530 3504 549 3537 ι
580 3486 827 3539 Διέλθετε
852 3488 931 3551 είς
952 3489 1148 3558 νήσους
1169 3489 1451 3557 Κεττιεὶμ,
1480 3487 1573 3539 καὶ
1597 3487 1755 3551 ἴδετε,

202 3579 284 3633 καὶ
312 3581 391 3642 είς
418 3577 613 3648 Κηδάρ
646 3578 1003 3631 ἀποστείλατε
1020 3617 1035 3640 ,
1065 3578 1159 3632 καὶ
1191 3579 1417 3650 νοήσατε
1447 3577 1651 3648 σφόδρα
1670 3618 1683 3638 ,
1711 3579 1759 3631 εἰ

203 3670 371 3737 γέγονε
400 3668 628 3723 τοιαῦτα
652 3685 666 3699 ο
712 3670 759 3722 εί
798 3667 1132 3733 ἀλλάξωνται
1165 3668 1291 3739 ἔθνη
1319 3668 1473 3731 θεοὺς
1503 3668 1699 3722 αὐτῶν.
1735 3689 1752 3722 ι

212 3760 416 3831 Ἐπειδὴ
453 3760 560 3830 γὰρ
593 3757 653 3824 ἐξ
683 3759 907 3812 ἐκείνων
944 3758 1318 3829 είδωλομανῶν
1348 3755 1415 3828 ἧν
1439 3761 1489 3831 ήη
1512 3759 1757 3829 ἐξομολο-

202 3850 443 3920 γουμένη,
467 3849 650 3917 λέγει’
689 3866 704 3901 t
755 3849 841 3913 Ὧς
869 3847 1203 3919 σκηνώματα
1228 3849 1437 3920 Κηδάρ,
1477 3850 1551 3913 ὡς
1576 3850 1758 3922 δέρῤις

203 3939 459 4010 Σαλομών.
499 3961 518 3990 ι
560 3938 723 4007 Λέγει
768 3939 861 3992 καὶ
901 3940 962 3992 τὸ
1002 3936 1063 4004 ἐξ
1118 3940 1387 3994 Ἰουδαίων
1428 3940 1538 4010 (89)
1570 3943 1662 3994 καὶ
1696 3942 1754 4008 ἐξ

202 4029 383 4095 ἐθνῶν,
426 4029 749 4100 σκηνώμασι
787 4031 885 4101 μὲν
928 4030 1120 4101 Κηδάρ
1160 4031 1286 4093 τοὺς
1325 4028 1385 4094 ἐξ
1417 4030 1585 4083 ἐθνῶν
1618 4032 1753 4102 αὐτῇ

201 4119 413 4191 ἥκοντας
466 4120 872 4184 ἀπεικάζουσα.
919 4124 985 4192 τῇ
1042 4120 1193 4191 δέρῤι
1237 4121 1295 4173 δὲ
1353 4119 1445 4173 τοῦ
1498 4121 1752 4192 Σαλομὼν

200 4210 378 4279 ὁμοίως
404 4210 535 4273 τοὺς
557 4212 666 4264 ἀπὸ
709 4210 973 4263 Ἰουδαίων
999 4211 1243 4273 πιστοὺς,
1268 4210 1362 4262 καὶ
1390 4210 1599 4274 πάντας
1627 4212 1753 4275 τοὺς

203 4300 370 4377 σάκκῳ
406 4299 812 4368 ὲξιλεουμένους
835 4300 895 4352 τὸ
927 4299 1097 4353 Θεῖον.

258 4391 348 4444 lB’.
384 4393 476 4444 Στ.
513 4399 575 4466 ε’.
617 4391 713 4459 Μὴ
741 4390 1017 4459 ,βλέψητέ
1053 4407 1130 4460 με
1165 4391 1253 4443 ὅτι
1274 4391 1397 4459 ,ἐγώ
1426 4392 1542 4462 ειμι
1570 4408 1745 4461 μεμε-

200 4482 512 4552 λανωμένη.
552 4483 643 4536 ὅτι
672 4481 1012 4550 παρέϐλεψέ
1036 4499 1112 4551 με
1144 4484 1177 4535 ό
1204 4481 1394 4549 ἥλιος.

257 4574 340 4643 Μὴ
378 4572 714 4643 ἀπελπίσητέ
750 4589 848 4643 με,
876 4572 1045 4643 φησὶ,
1072 4571 1161 4625 διά
1199 4572 1296 4633 τάς
1322 4570 1431 4623 τῶν
1465 4569 1748 4641 ἁμαρτιῶν

259 4685 299 4717 ⁸⁸
323 4686 483 4742 Eccli.
512 4703 552 4753 ι,
583 4688 673 4742 5i.
750 4687 797 4719 ⁸⁰
824 4686 1068 4749 Psat.cx,
1103 4687 1152 4751 l,
1192 4686 1243 4741 2.
1321 4686 1364 4716 ’ί
1394 4687 1515 4739 Act.
1542 4699 1660 4747 vui,
1686 4684 1755 4738 30
1781 4697 1900 4754 sqq.

262 4800 362 4920 ςζθ)
395 4799 483 4854 Sic
517 4799 837 4887 ’le‘gendum.
889 4799 1049 4855 Barb.
1087 4798 1248 4853 habet
1282 4797 1566 4869 εὐθύτητα.
1606 4799 1737 4853 Vall.

313 4872 449 4920 heat.
477 4869 606 4920 ἐυθυ
634 4870 721 4920 τά.

202 4878 245 4921 et
271 4869 449 4922 'l'beat.
477 4869 611 4924 εὐθὺ,
634 4870 721 4923 τά.

260 4935 363 5007 (80)
397 4939 562 4993 Sacer
594 4949 770 4991 textus
801 4936 961 4991 habet
987 4934 1286 4990 θεοσέϐεια.

260 5006 357 5075 (8i)
392 5009 633 5061 Pessime
686 5016 790 5060 vet.
832 5008 1062 5075 interpr.
1125 5020 1357 5075 «manus
1407 5013 1588 5060 autem
1634 5016 1743 5070 est,

204 5076 277 5142 qui
297 5077 441 5131 malis
456 5078 707 5131 omnibus
725 5074 991 5143 privatur,
1004 5074 1410 5129 condelectatur
1431 5090 1577 5139 vero,
1592 5094 1608 5126 ι
1631 5087 1745 5129 etc.

260 5143 356 5215 (8:1)
382 5146 519 5215 Lego
549 5146 778 5216 ὲντονίᾳ.

258 5210 357 5281 (85)
390 5210 510 5267 Ηςὲο
538 5227 644 5268 vet.
684 5210 905 5281 in'terpr.
936 5213 1015 5267 sic
1042 5213 1205 5266 vertit
1232 5229 1244 5264 ι
1271 5230 1290 5263 ι
1315 5210 1428 5266 Νοη
1460 5222 1541 5269 est
1569 5223 1744 5267 autem

202 5287 416 5349 carperis
450 5283 681 5337 l'uscatio
716 5301 728 5313 ·
757 5298 927 5351 neque
953 5284 1187 5336 carnalis
1217 5282 1374 5348 hujus
1396 5296 1606 5351 sponsae
1641 5285 1739 5337 ite-

206 5366 299 5421 rum
319 5365 528 5419 putetur
557 5352 1027 5420 pulchritudu.Sed
1058 5352 1260 5405 fuscant
1290 5366 1406 5405 eam
1434 5354 1612 5421 dicit,»
1635 5363 1739 5408 etc.

206 5418 238 5472 Ν
263 5418 327 5473 hil
354 5418 622 5490 ejusmodi
643 5423 936 5489 inlerprete
956 5421 1260 5476 infelicius.

261 5492 360 5560 (8i)
386 5488 460 5545 ‘Aé
491 5508 557 5544 ex
580 5488 841 5545 Vallicell.

262 5561 364 5628 (85)
415 5562 713 5623 Salutatus,
774 5561 1012 5630 tquippe
1063 5561 1129 5615 de
1180 5562 1410 5629 peccatis
1463 5559 1733 5627 acceperit

208 5633 563 5694 paenitentiam.
595 5649 614 5681 ι
655 5631 771 5684 Vet.
833 5632 1113 5700 interpres,
1171 5632 1460 5700 «quoniam
1496 5630 1541 5681 ei
1562 5632 1732 5700 datur

195 5701 483 5763 pauitantia
529 5710 890 5769 peccatorum.
919 5716 933 5748 ι
965 5696 1055 5751 Est
1084 5696 1299 5753 Paulina
1348 5700 1538 5751 locutio
1562 5698 1599 5749 ll
1633 5696 1749 5752 Ti-'

1941 3287 2116 3345 Cedar
2159 3291 2547 3361 interpretatur
2584 3290 2874 3359 Ostracine.
2919 3291 3197 3360 Quoniam
3232 3297 3428 3367 ubique

1861 3381 2125 3438 Cedarita:
2151 3366 2289 3436 male
2327 3381 2637 3447 audiebant,
2668 3391 2725 3437 ut
2749 3383 2824 3437 ait
2850 3381 3114 3439 Jeremias
3156 3402 3169 3439 :
3201 3366 3427 3443 «Trans-

1861 3474 1936 3530 ite
1965 3473 2045 3527 ad
2086 3473 2290 3527 insulas
2346 3471 2635 3539 Chettiim',
2680 3482 2735 3528 et
2769 3473 3002 3529 'videte:
3043 3483 3098 3531 et
3146 3475 3198 3530 in
3255 3476 3428 3533 Cedar

1853 3563 2078 3627 mittite,
2121 3573 2177 3618 et
2212 3564 2556 3619 considerate
2607 3565 2978 3631 vehementer,
3019 3566 3065 3620 si
3110 3565 3252 3621 facta
3300 3579 3426 3623 sunt

1861 3653 2018 3719 talia;
2063 3654 2108 3709 si
2166 3655 2492 3709 mutaverint
2532 3664 2717 3725 gentes
2760 3654 2890 3710 deos
2942 3670 3068 3711 suos
3117 3652 3184 3711 ⁸³.
3211 3676 3230 3709 ι
3291 3657 3424 3714 Cum

1858 3747 2001 3801 enim
2034 3760 2097 3801 ea
2130 3758 2273 3802 esset
2322 3748 2388 3803 de
2428 3746 2633 3819 insanis
2662 3746 2764 3802 illis
2811 3746 3073 3802 idolorum
3106 3749 3422 3814 cultoribus.

1860 3836 2146 3890 conﬁtetur
2192 3845 2247 3892 et
2304 3836 2478 3892 dicit:
2516 3856 2535 3887 ι
2570 3836 2636 3893 Ut
2695 3836 3037 3892 tabernacula
3102 3838 3295 3905 Cedar,
3365 3852 3425 3895 ut

1856 3928 2019 3997 pelles
2049 3927 2376 3983 Salomonis.
2409 3947 2427 3979 ο
2485 3926 2627 3981 Dicit
2651 3940 2711 3981 se
2744 3926 2912 3995 ipsam
2950 3942 3092 3995 esse,
3132 3938 3182 3984 et
3228 3944 3291 3985 ex
3324 3930 3423 3987 Ju-

1832 4022 2007 4085 ‘daeis,
2050 4031 2105 4076 et
2140 4036 2205 4075 ex
2241 4021 2532 4092 gentibus:
2568 4021 2931 4076 tabernaculis
2981 4022 3195 4091 quidem
3244 4023 3423 4081 Cedat-

1855 4113 2160 4194 assimilans
2212 4127 2305 4169 eos
2335 4113 2426 4183 qui
2469 4113 2534 4168 ad
2576 4128 2693 4184 eam
2729 4125 2991 4171 venerunt
3021 4130 3087 4170 ex
3129 4117 3418 4185 gentibus;

1855 4203 1977 4271 pelli
2008 4212 2186 4277 autem
2223 4203 2527 4258 Salomonis
2558 4204 2807 4259 similiter
2842 4205 3044 4271 ﬁdeles,
3096 4208 3186 4277 qui
3229 4208 3297 4262 ab
3324 4204 3415 4263 Ju-

1851 4290 1981 4344 daris
2009 4289 2234 4360 profecti
2263 4300 2425 4356 sunt;
2456 4295 2527 4346 'et
2552 4306 2742 4347 omnes
2772 4308 2931 4348 sacco
2966 4294 3130 4349 Deum
3179 4295 3417 4363 placant.

1923 4380 2037 4436 XII.
2080 4381 2245 4436 Vens.
2294 4380 2346 4434 5.
2374 4379 2473 4435 -Νε
2511 4382 2727 4437 videatis
2774 4383 2914 4451 quod
2963 4400 3056 4454 ego
3080 4383 3255 4452 'fusca
3293 4387 3415 4453 sint,

1778 4452 1820 4508 Β
1851 4475 2094 4545 quoniam
2122 4473 2350 4542 despexit
2374 4488 2454 4527 me
2478 4472 2578 4527 sol.

1926 4564 2006 4618 Ne
2031 4560 2133 4628 me,
2166 4563 2363 4631 inquit,
2395 4563 2682 4633 desperare
2715 4554 2943 4629 faciatis,
2971 4577 3189 4635 propter
3213 4582 3408 4636 pecca-

2000 4681 2045 4713 "
2070 4678 2213 4734 Psal.
2247 4694 2414 4745 vatt,
2452 4678 2540 4733 51.
2650 4679 2695 4711 ⁵³
2723 4679 2920 4735 Jerem.
2953 4696 3011 4745 tt,
3044 4682 3129 4736 10.

1847 4798 2104 4866 ιηοιίιηιι,
2138 4793 2229 4854 25,
2261 4795 2469 4866 μήποτε
2516 4794 2592 4865 δῷ
2643 4795 2826 4858 αὐτοῖς
2876 4796 2905 4848 ὁ
2956 4791 3087 4859 Θεὸς
3122 4799 3410 4866 μετάνοιαν

1847 4868 1925 4927 είς
1953 4864 2239 4932 ἐπίγνωσιν
2270 4864 2543 4933 ἀληθείας.

1922 4934 2034 5003 (86)
2065 4934 2332 5003 Philippus
2358 4933 2471 5003 ille
2522 4943 2640 4986 erat
2672 4948 2812 4987 unus
2844 4948 2873 4985 e
2912 4942 3115 5000 septem
3164 4935 3412 4993 diaconis

1852 5000 1988 5072 quos
2013 5002 2128 5055 Act.
2166 5017 2238 5066 vt,
2266 5001 2317 5066 5,
2349 5002 2407 5054 D.
2439 5000 2611 5056 Lucas
2638 5011 3040 5056 commemorat.
3080 5005 3184 5057 Sed
3205 5017 3412 5063 veteres

1856 5071 2099 5127 Solebant
2133 5072 2453 5138 apostolicos
2482 5072 2623 5124 viros
2655 5071 2923 5139 appellare
2955 5072 3247 5139 apostolos.
3280 5074 3409 5132 Vide

1858 5157 1974 5210 qua:
2000 5142 2195 5193 veteris
2224 5141 2487 5210 versionis
2515 5142 2688 5194 editor
2712 5141 3012 5195 eruditead
3042 5143 3186 5196 hunc
3210 5143 3406 5199 locum.

1924 5210 2031 5279 (87)
2052 5210 2122 5263 De
2151 5209 2321 5262 Cedar
2343 5218 2395 5263 et
2422 5209 2702 5263 Ostracine
2743 5210 2907 5263 multa
2936 5210 3149 5265 disserit
3175 5216 3240 5265 ad
3266 5214 3407 5268 hunc

1851 5278 2025 5348 locum
2064 5279 2197 5331 lectu
2231 5279 2383 5345 plane
2410 5279 2567 5348 digna
2612 5279 2751 5332 idem
2782 5289 2888 5333 vet.
2918 5281 3182 5333 versionis
3206 5282 3403 5337 editor.

1916 5343 2025 5417 (88)
2059 5343 2512 5417 Vetus_'int‘erpres
2553 5349 2877 5402 luculentius
2921 5364 3139 5402 sensum
3169 5354 3405 5405 auctoris

1843 5415 2061 5483 exponit
2094 5435 2105 5470 :
2146 5434 2163 5467 ι
2195 5415 2403 5481 Ubique
2434 5418 2764 5471 Cetlarenses
2796 5418 2847 5470 itt
2902 5417 3178 5484 Scriptura
3224 5421 3405 5475 divina

1843 5488 1907 5539 de
1937 5486 2234 5540 idololatria
2269 5487 2567 5553 culpantur,
2597 5489 2734 5540 sicut
2760 5489 2829 5539 ait
2856 5495 2909 5541 et
2937 5488 3256 5542 Jeremias.»

1910 5555 2018 5622 (89)
2054 5553 2122 5609 Τὸ
2158 5554 2227 5618 ἐξ
2271 5555 2581 5610 Ἰουδαίων.
2626 5557 2752 5608 Illud
2801 5554 2860 5608 τό
2917 5567 3000 5607 est
3028 5572 3056 5607 a
3091 5559 3209 5610 cod.
3250 5556 3406 5613 Valli-

1837 5621 2080 5676 celliano.
2112 5624 2364 5693 Legeretn
2400 5626 2606 5685 lubens,
2642 5624 2704 5676 τὸ
2732 5624 2828 5691 μὲν
2860 5624 2913 5689 ἐξ
2958 5621 3242 5688 Ἰουδαίων,
3266 5628 3405 5681 τὸδὲ

1836 5694 1891 5755 ἐξ
1922 5693 2103 5751 ἐθνῶν,
2140 5712 2154 5741 ι
2183 5696 2373 5753 nnrlim
2402 5710 2462 5748 ex
2499 5695 2721 5747 infimis.
2756 5706 2949 5745 mrtun
2984 5710 3041 5746 et
3085 5698 3351 5751 gentiDUs.
3378 5714 3397 5745 ι
