4208 6312
189 417 261 474 49
1123 419 1526 476 ENARRATIO
1565 421 1630 475 IN
1669 422 2022 480 CANTICUM
2061 424 2530 481 CANTICORUM.
2759 491 2762 494 _
3366 428 3441 483 50

191 536 250 590 ὲν
283 533 432 602 νόμῳ
469 531 888 602 προτεταγμένοι
932 529 1040 600 (97)
1088 531 1186 584 οὐκ
1230 533 1476 604 ἐτήρησα
1499 551 1511 563 ·
1563 534 1648 586 ἴνα
1686 535 1772 586 διὰ
1803 546 1847 600 Α

1803 546 1847 600 Α
1879 546 2036 600 rant,
2076 551 2179 591 non
2229 538 2475 604 servavi,
2522 547 2578 591 ut
2626 552 2720 607 per
2755 538 3144 595 confessionem
3184 553 3437 610 peccatu-

191 625 291 695 τῆς
317 622 758 693 ἐξομολογήοεως
786 621 1018 694 ἐπιτύχῃ
1051 621 1159 692 (98)
1188 622 1287 692 τῆς
1312 624 1420 676 τῶν
1451 625 1774 697 ἁμαρτημά-

193 730 304 766 των
336 711 604 780 ἀφέσεως.

267 799 369 855 IE'.
397 801 486 852 Στ.
529 799 606 864 ς’.
655 799 1037 869 Ἁπάγγειλόν
1081 817 1203 868 μοι,
1260 801 1333 855 ὃν
1379 802 1697 872 ἠγάπησεν
1740 804 1777 869 ἠ

197 890 372 960 ψυχή
401 908 545 959 μου,
585 892 704 945 ποῦ
740 892 1092 961 ποιμαίνεις,
1114 894 1230 947 ποῦ
1257 893 1539 962 κοιτάζὲις
1573 895 1643 949 ἐν
1677 911 1781 964 με-

197 980 479 1048 στυιὸζρίᾳ.

286 1071 506 1141 Ἐπειδὴ
536 1071 648 1141 γὰρ
688 1074 1041 1142 προφητικῶς
1076 1074 1168 1127 καὶ
1205 1075 1260 1127 ὲν
1287 1075 1449 1128 Δασὶδ
1474 1076 1781 1129 ἀποτυποῦ-

198 1175 288 1211 ται
319 1160 414 1211 καὶ
434 1160 491 1211 ὲν
525 1160 662 1230 αὐτῇ
688 1161 746 1212 τὸ
777 1160 929 1230 ῥῆμα.
952 1176 965 1189 ·
1007 1181 1024 1212 ι
1070 1163 1366 1232 Ἀγαπήσω
1402 1181 1481 1228 σε,
1518 1164 1710 1233 Κύριε,
1746 1167 1779 1234 ἡ

205 1246 360 1315 ἰσχύς
397 1263 495 1314 μου
516 1261 529 1274 ’
564 1267 582 1297 ι
622 1247 718 1299 καὶ
742 1247 879 1318 αὑτὴ
906 1247 962 1299 δὲ
988 1248 1301 1319 κατηξιώθη
1329 1248 1782 1321 προαγαπηθείσα

201 1335 309 1388 ὑπὸ
357 1334 451 1388 τοῦ
501 1337 708 1406 Κυρίου
772 1338 1054 1408 ἀγαπῆσαι
1115 1341 1207 1393 τὸν
1254 1341 1478 1411 Κύριον,
1525 1341 1600 1404 ὥς
1650 1359 1782 1413 φησι

204 1425 420 1488 Παῦλος
455 1425 562 1493 (99)
585 1443 596 1454 '
637 1443 655 1476 ι
683 1427 792 1495 Οὐχ
819 1428 900 1479 ὅτι
931 1430 1089 1498 ἡμεῖς
1127 1430 1496 1501 ἠγαπήσαμεν
1518 1430 1609 1485 τὸν
1625 1430 1779 1494 Θεὸν,

202 1517 321 1568 ἀλλ’
354 1517 436 1568 ὅτι
462 1516 619 1578 αὐτὸς
647 1518 933 1586 ἠγάπησεν
977 1521 1144 1588 ἡμᾶς,
1189 1522 1283 1573 καὶ
1311 1521 1624 1592 παρέδωκεν
1656 1523 1784 1574 ἐαυ-

204 1608 294 1658 τὸν
324 1608 465 1676 ὑπὲρ
508 1607 664 1676 ἡμῶν
688 1625 700 1639 ·
735 1628 752 1659 ι
783 1609 874 1661 διὰ
900 1609 1056 1662 τοῦτο
1113 1611 1459 1683 ἀγαπηθεῖσα
1499 1614 1782 1683 ἀνταγαπᾷ

202 1699 296 1749 καὶ
326 1697 513 1764 λέγει·
549 1718 565 1748 ι
611 1698 969 1767 Ἀπάγγειλόν
1007 1717 1116 1770 μοι,
1148 1701 1205 1754 ὃν
1232 1702 1519 1773 ἠγάπησεν
1570 1704 1603 1772 ή
1636 1703 1780 1773 ψυχή

207 1804 331 1856 μου,
364 1786 464 1839 ποῦ
508 1789 835 1857 ποιμαίνεις,
857 1790 957 1842 ποῦ
984 1788 1254 1854 κοιτάξεις
1287 1792 1343 1842 έν
1380 1791 1725 1862 μεσημϐρίᾳο
1759 1809 1779 1842 ι

1882 644 1999 682 rum
2046 612 2414 684 remissionem
2455 637 2832 698 consequatur.

1956 804 2074 871 XV.
2116 804 2279 861 νεεδ.
2313 806 2365 859 6.
2404 806 2670 875 Αηηιιηιίμ
2708 806 2834 858 mihi
2862 823 3012 875 quem
3047 807 3224 862 dilexit
3261 811 3439 863 anima

1887 912 2034 961 mea,
2072 897 2156 950 ubi
2191 896 2396 964 pascis,
2431 895 2520 949 ubi
2563 896 2717 950 cubas
2747 897 2802 949 in
2836 898 3075 951 meridie.

1955 1073 2215 1140 Quoniam
2254 1073 2396 1127 enim
2438 1072 2745 1143 prophetice
2777 1074 3113 1141 exprimitur,
3147 1082 3200 1127 et
3236 1073 3288 1127 in
3333 1075 3440 1128 Da-

1884 1164 1976 1218 vid
2014 1167 2139 1218 etin
2175 1165 2286 1233 ipsa
2324 1164 2540 1218 verbum
2568 1164 2693 1218 illud
2727 1183 2741 1218 :
2774 1184 2791 1214 ‹
2829 1165 3054 1233 Diligam
3086 1173 3158 1232 te,
3194 1165 3443 1232 Domine,

1884 1255 2055 1309 virtus
2087 1270 2201 1308 mea
2239 1255 2280 1287 “
2310 1295 2323 1318 ,
2368 1273 2386 1307 ι
2422 1255 2534 1323 ipsa
2581 1269 2705 1308 vero
2736 1257 2882 1324 prius
2911 1255 3101 1310 dilecta
3121 1297 3136 1320 ,
3173 1255 3327 1324 digna
3357 1263 3443 1311 est.

1885 1346 2065 1399 habita
2115 1361 2141 1398 a
2195 1345 2418 1400 Domino
2461 1361 2579 1414 qua:
2627 1345 2910 1400 Dominum
2960 1348 3232 1415 diligeret,
3269 1355 3324 1399 ut
3372 1348 3446 1400 ait

1885 1435 2084 1489 Paulus
2113 1448 2129 1486 :
2161 1453 2178 1486 ι
2207 1433 2321 1488 Non
2350 1435 2488 1504 quod
2518 1450 2613 1489 nos
2646 1435 2991 1490 dilexerimus
3023 1437 3187 1489 Deum
3226 1437 3270 1466 "
3300 1453 3316 1502 ;
3355 1437 3447 1492 sed

1886 1525 2009 1592 quia
2044 1523 2158 1593 ipse
2196 1523 2383 1578 dilexit
2417 1539 2515 1577 nos
2537 1566 2550 1589 ,
2589 1532 2642 1577 et
2672 1524 2890 1578 tradidit
2922 1539 2981 1578 se
3011 1524 3183 1592 ipSum
3219 1539 3314 1593 pro
3345 1541 3447 1580 no-

1885 1615 1968 1668 bis
2009 1615 2053 1651 ⁸³
2085 1631 2099 1679 ;
2135 1633 2154 1664 ι
2185 1624 2461 1681 propterea
2498 1613 2689 1668 dilecta
2734 1613 2969 1668 vicissim
3015 1623 3157 1667 amat
3189 1623 3242 1668 et
3276 1613 3450 1669 dicit:

1892 1726 1909 1758 ι
1951 1705 2146 1760 Nuntia
2207 1705 2386 1768 mihi,
2445 1720 2603 1774 quem
2664 1704 2853 1759 dilexit
2901 1705 3078 1758 anima
3139 1718 3303 1770 mea,
3361 1703 3451 1758 ubi

1887 1796 2098 1865 pascis,
2150 1795 2241 1850 ubi
2301 1795 2469 1850 cubas
2522 1795 2576 1849 in
2625 1795 2886 1859 meridie;
2921 1813 2939 1846 ι
2998 1796 3098 1849 hoc
3141 1804 3261 1858 est,
3307 1793 3450 1847 IIora

204 1878 486 1930 τουτέστι·
515 1879 668 1932 Κατὰ
697 1881 794 1948 τὴν
823 1881 916 1934 τοῦ
946 1881 1148 1944 πάθους
1178 1880 1346 1952 ὤραν,
1370 1882 1459 1934 ὅτε
1494 1881 1601 1935 ἀπὸ
1639 1882 1787 1952 ὥρας
1818 1873 1859 1926 Β

1818 1873 1859 1926 Β
1891 1888 2156 1958 passionis
2184 1929 2198 1953 ,
2232 1888 2445 1956 quando
2477 1887 2544 1941 ab
2577 1886 2707 1940 hora
2751 1895 2902 1940 sexta
2942 1900 3111 1954 usque
3154 1886 3220 1940 ad
3258 1899 3453 1940 nonam

203 1968 376 2039 ἕκτης
415 1971 516 2033 ἕως
559 1971 784 2039 ὲννάτης
821 1972 1008 2034 σκότος
1047 1972 1281 2048 ἐγένετο,
1321 1971 1408 2025 διὰ
1435 1970 1595 2024 τοῦτο
1634 1990 1651 2023 ι
1685 1972 1787 2025 ποῦ

207 2063 541 2135 ποιμαίνεις,
577 2067 678 2120 ποῦ
718 2067 988 2132 κοιτάζεις
1015 2070 1070 2119 ἐν
1108 2066 1442 2138 μεσημϐρίᾳ,
1474 2086 1491 2117 ι
1533 2069 1590 2120 ὲν
1698 2068 1791 2120 καὶ

205 2160 362 2228 ἀκμὴ
396 2160 472 2230 (l)
500 2159 593 2212 τοῦ
618 2160 895 2222 καύσωνος
915 2159 1022 2212 τῶν
1052 2158 1388 2228 πειρασμῶν.
1406 2157 1516 2212 Ποῦ
1540 2158 1789 2229 κρυπτά-

210 2245 346 2308 ζεις,
373 2250 498 2310 τοὺς
527 2249 648 2310 σοὺς
679 2249 845 2310 ἐάσας
874 2246 1230 2316 πειράζεσθαι
1256 2263 1270 2310 ;

285 2335 403 2401 tq’.
456 2335 700 2401 Μήποτε
743 2336 999 2404 γένωμαι
1055 2336 1134 2400 ὠς
1197 2332 1676 2403 περιϐαλλομένη
1698 2332 1792 2385 ἐπ’

207 2424 455 2491 ἀγέλαις
481 2426 730 2493 ἑταίρων
754 2441 892 2479 σου.

286 2519 467 2585 Ὅπερ
493 2518 607 2570 ἐστί
630 2519 895 2586 χΜήποτε
935 2516 1072 2587 μετὰ
1099 2515 1208 2568 τῶν
1263 2519 1525 2589 αἱρέσεων
1551 2517 1795 2586 γένωμαι

209 2603 673 2676 περιόαλλομένη.
712 2604 809 2657 Διὰ
848 2602 1001 2656 τοῦτο
1053 2603 1503 2675 ἁνταποκρίνεται
1550 2603 1686 2675 αὐτῇ
1719 2603 1794 2674 (2)

207 2697 309 2748 καὶ
347 2695 495 2764 λέγει
514 2713 528 2726 ν

285 2787 382 2837 lZ'.
419 2786 506 2835 Στ.
542 2785 607 2848 ζ’.
652 2783 789 2837 Ἐὰν
812 2783 895 2854 μὴ
936 2783 1091 2854 γνῷς
1130 2783 1416 2852 σεαυτὴν,
1452 2786 1489 2853 ἠ
1529 2784 1686 2852 καλὴ
1728 2785 1798 2839 ἐν

209 2875 514 2944 γυναιξίν.

286 2967 468 3036 Ὅπερ
495 2965 666 3017 ἐστίν·
711 2963 836 3017 Ἐὰν
869 2965 942 3036 μὴ
958 2965 1101 3034 γνῷς
1136 2965 1386 3035 σεαυτὴν,
1407 2966 1494 3018 οἵα
1529 2966 1792 3037 ὑπῆρχες,

211 3057 312 3110 καὶ
345 3056 433 3108 οἵα
467 3056 715 3124 γέγονας.
737 3057 919 3126 Καλὴν
949 3057 1004 3108 δὲ
1030 3058 1086 3108 ὲν
1118 3055 1334 3124 γυναιξὶ
1363 3057 1533 3125 λέγει.
1574 3058 1660 3110 Ἐν
1693 3057 1798 3110 πά-

214 3165 340 3210 σαις
377 3147 483 3216 γὰρ
523 3150 640 3209 ταῖς
669 3148 911 3217 αἱρέσεσι
969 3149 1061 3200 καί
1094 3150 1213 3209 ταῖς
1259 3151 1602 3217 συναγωγαῖς
1661 3148 1796 3218 μόνη

213 3237 380 3307 καλὴ,
423 3236 522 3289 οὐκ
563 3237 620 3300 εξ
664 3237 864 3305 ἑαυτῆς
892 3236 1108 3307 ’ἔχουσα
1137 3238 1198 3289 τὸ
1223 3237 1445 3301 κάλλος,
1473 3237 1586 3290 ἀλλ’
1613 3239 1678 3290 ἐκ
1704 3237 1796 3291 τοῦ

216 3330 426 3400 ὡραίου
453 3329 638 3382 κάλλει
663 3328 812 3400 παρὰ
840 3331 966 3392 τοὺς
1007 3331 1157 3392 υίοὺς
1189 3329 1296 3382 τῶν
1339 3328 1655 3400 ἀνθρώπων.
1697 3331 1806 3383 Ἐν-

215 3419 594 3485 αττοτυπὼσας
625 3421 682 3473 δὲ
713 3422 772 3472 ὲν
806 3422 942 3491 αὐτῇ
975 3422 1035 3474 τὸ
1065 3422 1191 3474 ίδιον
1221 3420 1413 3484 κάλλος
1445 3423 1473 3473 ὀ
1494 3421 1804 3490 Μονογενὴς

213 3511 310 3565 διὰ
347 3511 442 3564 τοῦ
483 3513 561 3580 (3)
603 3512 830 3583 λουτροῦ
877 3513 972 3584 τῆς
1026 3514 1474 3582 παλιγγενεσίας,
1518 3513 1804 3584 χρησίμως

218 3602 448 3670 ἐγκαλεῖ
479 3604 638 3673 αὐτῇ,
674 3603 769 3656 καὶ
801 3603 950 3672 λέγει
977 3621 988 3632 ·
1030 3624 1046 3654 ι
1109 3606 1233 3658 Ἐὰν
1261 3604 1336 3674 μὴ
1361 3602 1503 3672 γνῷς
1537 3601 1612 3673 (4)
1646 3620 1804 3657 σεαυ-

219 3694 345 3763 τὴν,
377 3695 409 3764 ἡ
442 3692 580 3764 καλὴ
610 3696 667 3746 ὲν
706 3697 972 3763 γυναιξίν.
1009 3715 1026 3747 ι

295 3871 407 3924 IH’.
433 3867 684 3934 Ἔξελθε
714 3871 789 3942 (3)
821 3872 891 3925 ἐν
921 3873 1204 3941 πτέρναις
1235 3874 1349 3928 τῶν
1374 3878 1685 3948 ποιμνίων,
1709 3878 1806 3932 καί

225 3962 507 4029 ποίμαινε
525 3961 635 4027 τὰς
660 3963 905 4030 ἐρίφους
925 3979 1060 4017 σου.
1658 3982 1660 3984 '

317 4053 443 4104 Ἐὰν
474 4051 545 4123 μὴ
574 4053 735 4122 γνῷς,
767 4056 921 4124 φησι,
948 4055 1048 4107 ποῦ
1094 4051 1181 4125 ἧς,
1216 4057 1307 4108 καὶ
1348 4056 1450 4109 ποῦ
1486 4053 1565 4110 εῑο
1593 4057 1686 4111 ἐὰν
1732 4061 1804 4130 μὴ

227 4144 375 4213 γνῷς
404 4144 465 4194 τὸ
504 4143 699 4206 κάλλος
742 4146 877 4216 ὅπερ
909 4146 1159 4217 εἴληφας,
1201 4165 1217 4197 ι
1258 4146 1436 4210 ἔξελθε
1466 4149 1522 4200 ὲν
1551 4149 1808 4220 πτέρναις

229 4235 340 4288 τῶν
371 4235 654 4305 ποιμνίων.
684 4255 702 4286 ι
741 4236 1116 4307 Ἀπειλητικὸς
1147 4240 1174 4290 ὁ
1212 4238 1390 4306 λόγος,
1427 4239 1807 4309 ἐπιτιμητικὸν

231 4326 292 4378 τὸ
340 4325 506 4396 ῥῆμα.
541 4327 715 4378 Ὅπου
758 4327 864 4399 γὰρ
896 4328 1084 4396 ἀγνοία
1121 4328 1221 4414 (6),
1257 4329 1371 4409 ἐκεῖ
1407 4331 1500 4383 καὶ
1530 4331 1803 4402 ἐπιτιμία.

245 4418 464 4486 Ἐπειδὴ
498 4418 604 4488 γὰρ
637 4422 861 4489 προεῖπε
888 4437 900 4449 ·
949 4439 966 4470 ι
1002 4407 1227 4490 Μήποτε
1264 4407 1505 4492 γένωμαι
1541 4421 1616 4485 ὡς
1648 4438 1807 4492 περι-

235 4506 541 4578 ϐαλλομένη
586 4509 940 4578 ἐπνάγέλαις
974 4511 1208 4582 ἑταίρων
1253 4530 1346 4565 σου
1372 4530 1386 4543 ο
1425 4533 1440 4564 ι
1471 4515 1606 4583 ὅπερ
1641 4513 1755 4565 ἐστί
1791 4531 1803 4545 ’

1893 1981 2127 2034 tenehrze
2174 1979 2328 2033 facta:
2374 1986 2498 2032 sunt
2534 1996 2548 2032 :
2599 1987 2879 2047 propterea
2915 1996 2932 2028 ι
2967 1977 3055 2030 ubi
3109 1976 3319 2046 pascis,
3363 1974 3461 2029 ubi

1891 2069 2056 2122 cubas
2106 2069 2160 2122 in
2221 2067 2480 2130 meridie,
2521 2085 2538 2117 ι
2576 2068 2626 2120 in
2661 2082 2765 2135 qua
2796 2066 3028 2121 maxime
3079 2065 3249 2120 fervet
3293 2074 3460 2120 (estus

1894 2161 2272 2214 tentationum.
2303 2158 2404 2214 Ubi
2452 2159 2615 2227 igitur
2667 2158 2978 2223 delitescis,
3033 2158 3228 2213 tentari
3275 2158 3460 2214 sinent

1896 2261 2015 2304 tuos
2040 2250 2064 2302 ?

1965 2339 2106 2397 XVI.
2149 2338 2232 2393 Ne
2266 2342 2396 2408 [orte
2424 2339 2618 2408 eﬂiciar
2647 2340 2779 2392 sicut
2815 2340 3066 2410 adoperta
3095 2354 3250 2407 super
3279 2352 3456 2409 greges

1894 2432 2152 2485 sodalium
2188 2442 2419 2484 tuorum.

1967 2521 2024 2574 Id
2055 2530 2137 2574 est
2157 2557 2173 2583 ,
2208 2518 2284 2573 Ne
2313 2521 2451 2574 forte
2479 2535 2598 2573 cum
2635 2520 2926 2574 hmresibus
2952 2519 3151 2572 elIiciar
3181 2517 3458 2586 adoperta.

1899 2611 2186 2683 Pr0pterea
2219 2611 2453 2668 vicissim
2484 2611 2531 2666 ei
2563 2610 2845 2681 (sponsas)
2884 2611 3170 2678 respondet
3200 2618 3253 2662 et
3283 2609 3414 2664 dicit
3441 2627 3453 2663 :

1969 2788 2129 2842 XVII.
2169 2788 2328 2844 Vens.
2358 2789 2408 2842 7.
2445 2787 2563 2842 Nisi
2597 2789 2894 2858 cognoveris
2925 2800 2972 2842 le
3016 2789 3214 2856 ipsam,
3245 2788 3463 2857 pulchra

1899 2879 2035 2932 inter
2071 2878 2334 2931 mulieres.

1968 2968 2022 3021 ιιι
2056 2979 2172 3033 est,
2203 2967 2316 3022 Nisi
2349 2970 2665 3037 cognoveris
2697 2977 2748 3023 te
2779 2971 2949 3038 ipsam
2981 2968 3277 3037 cujnsmodi
3307 2981 3427 3022 eras
3451 3007 3464 3031 ,

1899 3073 1950 3115 et
1983 3061 2281 3129 cnjnsmodi
2341 3060 2481 3120 facta
2513 3061 2608 3114 sis.
2644 3059 2930 3114 Pulchram
2974 3073 3099 3114 vero
3153 3060 3291 3113 inter
3342 3073 3462 3110 mu-

1901 3151 2061 3205 lieres
2109 3151 2256 3205 dicit.
2306 3151 2362 3204 In
2402 3150 2652 3206 omnibus
2696 3151 2840 3204 enim
2887 3147 3182 3203 haeresibus
3215 3156 3267 3202 et
3312 3160 3468 3217 syna-

1911 3242 2060 3312 gogis
2104 3242 2214 3310 ipsa
2259 3241 2370 3296 sola
2407 3241 2673 3310 pulchra;
2725 3255 2828 3294 non
2873 3254 2939 3295 ex
2987 3253 3046 3294 se
3093 3238 3206 3307 ipsa
3252 3236 3467 3306 quidem

1905 3333 2360 3404 pulchritudinem
2419 3332 2656 3396 habens,
2716 3331 2808 3385 sed
2861 3345 2924 3384 ex
2969 3344 3033 3384 eo
3062 3330 3154 3399 qui
3194 3326 3468 3399 speciosus

1905 3419 1988 3477 es't
2022 3423 2190 3476 forma
2237 3420 2374 3493 inter
2417 3420 2554 3474 ﬁlios
2601 3422 2876 3474 hominum
2908 3419 2974 3473 “.
3005 3418 3138 3472 Cum
3188 3430 3317 3470 vero
3367 3417 3466 3469 im-

1905 3514 2164 3583 presserit
2195 3513 2246 3566 in
2282 3512 2395 3579 ipsa
2427 3512 2700 3581 propriam
2745 3510 3066 3580 Unigenitus
3109 3506 3461 3578 pulchritudi-

1907 3618 2028 3659 nem
2063 3617 2154 3672 per
2182 3602 2460 3656 lavacrum
2490 3600 2950 3671 regenerationis,
2993 3598 3196 3652 utiliter
3231 3611 3350 3651 eam
3393 3596 3469 3648 in-

1907 3701 2092 3762 crepat
2121 3702 2172 3747 et
2204 3692 2338 3747 dicit
2371 3710 2385 3746 :
2419 3709 2437 3743 ι
2470 3691 2581 3746 Nisi
2613 3690 2931 3762 cognoveris
2965 3700 3017 3743 te
3052 3690 3218 3757 ipsam
3240 3727 3255 3751 ,
3291 3702 3322 3740 ο
3354 3687 3471 3754 pulo

1906 3787 2036 3841 chra
2074 3785 2212 3838 inter
2243 3783 2512 3839 mulieres.
2554 3803 2572 3834 ι

1979 3874 2162 3929 XVIII.
2207 3874 2467 3945 Egredere
2523 3877 2577 3927 iu
2635 3875 2858 3945 vestigiis
2911 3887 3155 3942 gregum,
3223 3879 3271 3922 et
3325 3884 3474 3936 pasci

1909 3965 2084 4019 hwdos
2121 3973 2254 4017 tuos.

1981 4054 2095 4111 Nisi
2146 4054 2500 4124 cognoveris,
2556 4054 2756 4122 inquit,
2807 4053 2895 4107 ubi
2945 4066 3098 4117 cras,
3141 4060 3196 4103 et
3241 4048 3328 4101 ubi
3369 4060 3470 4100 es:

1911 4149 2011 4203 nisi
2064 4148 2382 4216 cognoveris
2441 4143 2900 4212 pulchritudinem
2953 4156 3112 4212 quam
3177 4137 3467 4208 accepisti.

1916 4259 1934 4294 ι
1963 4241 2218 4311 egredere
2243 4240 2294 4293 in
2321 4238 2559 4308 vestigiis
2583 4252 2824 4307 gregum.
2849 4255 2866 4287 ι
2899 4232 3321 4290 Comminativus
3363 4245 3475 4291 ser-

1912 4350 2039 4389 mo:
2076 4332 2467 4401 objurgativum
2501 4330 2743 4385 verbum.
2787 4327 2886 4383 Ubi
2938 4327 3081 4381 enim
3125 4324 3333 4378 inscitia
3357 4362 3371 4388 ,
3404 4323 3474 4375 ibi

1910 4437 1964 4481 et
1997 4423 2308 4492 increpatio.
2344 4422 2476 4478 Cum
2517 4422 2659 4476 enim
2708 4426 2864 4474 antea
2897 4418 3092 4472 dixerit
3119 4421 3141 4472 :‘
3173 4433 3189 4465 ι
3218 4414 3295 4468 Νε
3340 4414 3485 4466 forte

1914 4515 2115 4572 eﬂiciar
2143 4516 2282 4570 sicut
2311 4514 2566 4582 adoperta
2610 4525 2773 4580 super
2816 4522 3003 4580 greges
3047 4505 3310 4562 sodalium
3363 4513 3474 4557 tuo-

236 4598 466 4667 Μήποτε
517 4601 655 4671 κατᾷι
701 4602 808 4653 τῶν
856 4603 1117 4673 αἱρέσεων
1182 4603 1468 4674 ἀναμιγώ·
1519 4605 1604 4657 διὰ.
1653 4603 1810 4659 τοῦτο
1843 4593 1884 4610 ν

1843 4593 1884 4610 ν
1916 4623 2070 4660 rum:
2104 4625 2122 4658 ›
2151 4606 2252 4660 hoc
2305 4610 2416 4668 est,
2462 4603 2540 4657 Ne
2601 4602 2741 4657 forte
2795 4615 2916 4654 cum
2970 4596 3266 4653 haeresibus
3308 4593 3473 4647 admi-

240 4689 432 4761 ὥσπερ
456 4692 819 4762 ἀπιλητικῶς
853 4696 1078 4763 ἐπιτιμᾷ
1103 4693 1259 4765 αὐτῇ,
1307 4696 1398 4747 καὶ
1443 4694 1588 4762 λέγει
1610 4709 1623 4723 ·
1685 4693 1809 4747 Ἐὰν

244 4781 318 4851 μὴ
358 4781 498 4852 γνῷς
542 4800 636 4835 σου
673 4785 729 4836 τὸ
760 4785 972 4848 κάλλος,
1007 4787 1102 4837 ὅτι·
1122 4788 1248 4856 παρ’
1281 4784 1416 4856 ἐμοῦ
1453 4787 1582 4839 αὐτὸ
1611 4787 1809 4856 κέκτη-

242 4889 357 4933 σαι,
395 4891 413 4923 ι
447 4873 626 4938 ἔξελθε
673 4877 728 4927 ὲν
769 4877 1029 4948 πτέρναις
1079 4877 1187 4929 τῶν
1223 4878 1508 4946 ποιμνίων,
1557 4878 1651 4931 καὶ
1694 4877 1811 4930 ποί-

246 4969 406 5028 μαινε
454 4962 551 5025 τὰς
607 4963 828 5031 ἐρίφους
881 4981 1003 5017 σουο
1049 4983 1067 5016 ι
1103 4965 1402 5018 τουτέστιν·
1468 4967 1528 5019 Εί
1580 4966 1806 5032 ἀναξίαν

1914 4715 2120 4764 scear;
2187 4707 2469 4768 propterea
2543 4704 2794 4763 tanquam
2870 4691 3152 4749 minaciter
3233 4689 3475 4754 increpat

1914 4806 2068 4856 eam,
2129 4797 2183 4844 et
2235 4789 2403 4844 dicit:
2463 4783 2574 4842 Nisi
2637 4783 2951 4854 cognoveris
3007 4782 3176 4850 ipsam
3240 4776 3475 4846 pulchri.

1917 4880 2150 4934 tudinem
2200 4888 2249 4934 te
2279 4893 2309 4932 a
2349 4893 2434 4932 me
2491 4875 2687 4931 habere
2712 4914 2726 4938 ,
2765 4893 2782 4924 ι
2815 4872 3074 4942 egredere
3128 4871 3179 4922 in
3233 4862 3475 4933 vestigiis

1915 4985 2136 5042 gregum
2164 4978 2218 5026 et
2244 4982 2404 5039 pasce
2429 4966 2607 5022 haedos
2637 4973 2795 5029 tuos;
2828 4982 2846 5015 ι
2881 4963 2931 5018 id
2963 4971 3079 5026 est,
3130 4957 3187 5013 Si
3219 4966 3268 5011 te
3306 4957 3473 5023 ipsam

315 5148 363 5178 “
407 5145 546 5203 Psal.
576 5159 714 5207 XVII,
751 5144 798 5197 Ι.
877 5142 920 5172 "
961 5139 1165 5195 lJoan.
1205 5156 1277 5205 tv,
1312 5142 1394 5196 10.
1473 5142 1518 5174 ⁸³
1560 5142 1752 5210 Epltes.
1784 5156 1836 5208 ν,
1867 5143 1922 5196 2.

877 5142 920 5172 ⁶¹
961 5139 1165 5195 IJoan.
1205 5156 1277 5205 ιν,
1312 5142 1394 5196 10.
1473 5142 1518 5174 ⁸³
1560 5142 1752 5210 Ephes.
1784 5156 1836 5208 ν,
1867 5143 1922 5196 2.
1999 5142 2045 5174 “
2083 5140 2225 5195 Psal.
2262 5154 2406 5206 xuv,
2441 5139 2492 5192 3.

317 5321 431 5389 (97)
461 5320 667 5374 Mallem
702 5317 1166 5389 προστεταγμένα.

318 5385 430 5460 (98)
461 5390 534 5442 Ex
573 5385 786 5452 Vallicl;
827 5404 949 5441 nam
998 5387 1156 5440 Bari).
1188 5400 1228 5438 es
1293 5399 1444 5439 meus
1468 5385 1664 5439 habent
1690 5386 1811 5437 ὲπι-

307 5463 434 5514 iret.

242 5479 434 5564 τειχει.

318 5530 434 5599 (J9)
467 5528 578 5599 lmo_
588 5525 856 5599 _Joann_es.

319 5590 524 5668 (I)'Sic
565 5596 845 5668 Vallicell;
891 5596 980 5668 sed
1014 5593 1238 5668 liarher.
1268 5591 1428 5668 habet
1461 5593 1611 5668 ἀγμῇ
1641 5590 1815 5668 ’-ἰηιιε

247 5656 482 5731 coniicio
512 5676 681 5719 totum
718 5656 857 5717 hunc
896 5665 1070 5718 locum
1108 5663 1186 5716 sic
1229 5656 1620 5731 legeridtirn','e'v
1723 5661 1814 5731 καὶ

245 5727 279 5810 ἦ
342 5727 476 5807 ἄτιμ’
545 5735 642 5788 τοῦ
694 5734 967 5794 καύσωνος
1015 5731 1120 5784 τῶν
1178 5727 1515 5816 πειρασμῶν.
1563 5727 1682 5786 Ποῦ
1723 5727 1815 5784 οῦν

250 5755 754 5870 κρυπτάἓειςηοὺς
783 5804 902 5866 σοὺς
933 5804 1095 5866 ἐάσας
1133 5799 1513 5870 πειραζεσθαι;

250 5799 754 5879 έρυπτάζειςηοὺς
783 5804 902 5866 σοὺς
933 5804 1095 5866 ἐάσας
1133 5799 1513 5874 πειράζεσθαι;

1987 5312 2060 5384 (Ξ)
2090 5309 2282 5384 Aetii,
2307 5325 2423 5384 qua:
2446 5325 2561 5384 _vox
2603 5309 2752 5363 deest
2780 5309 2832 5362 in
2857 5319 2976 5361 meo
3008 5313 3060 5361 et
3095 5304 3339 5369 Barber.,
3359 5318 3493 5358 eam.

1922 5378 2126 5435 restitui
2150 5396 2212 5433 ex
2239 5378 2498 5433 Vallicell.

1987 5451 2064 5517 (5)
2103 5449 2212 5504 Τοῦ
2240 5466 2303 5517 ex
2336 5449 2521 5502 Vallic.

1991 5517 2065 5588 (4)
2093 5518 2160 5588 Ba
2173 5520 2249 5571 rb.
2280 5517 2531 5586 ἐπιγνῷς.

1994 5583 2068 5661 (ὅ)
2102 5587 2269 5641 Vatic.
2314 5583 2494 5661 ἔξελθε
2545 5584 2640 5636 σύ·
2669 5595 2722 5639 ει
2761 5586 2904 5661 hanc
2956 5583 3235 5661 lectionem
3269 5583 3475 5636 νίιιρίιη·

1922 5653 2174 5715 habuisse
2211 5667 2318 5711 vet.
2360 5653 2647 5724 interpres,
2685 5655 2771 5722 qui
2806 5655 2900 5724 ait,
2947 5672 2964 5704 ι
2990 5653 3241 5724 egredere
3283 5662 3356 5704 tu.
3384 5672 3401 5703 ι

1994 5728 2070 5800 (6)
2106 5725 2275 5849 geris
2326 5720 2517 5793 interp:
2567 5720 2758 5795 legisSc
2809 5720 3250 5788 γὶιίοιιιιαγνεία,
3288 5738 3306 5771 ι
3332 5722 3475 5790 puri-

1994 5816 2023 5849 s.
2046 5818 2063 5849 ι
2106 5831 2120 5849 ι
2158 5813 2183 5848 ιι
2210 5810 2254 5849 ε.

1922 5809 2023 5854 Ias.
2046 5818 2063 5850 ι
2106 5809 2254 5850 male.
