4208 6312
773 351 841 406 G5
1402 346 1415 351 “
1908 340 2229 398 PIIILONIS
2266 338 2581 397 EPISCOPI
2620 338 2942 396 CARPASII
3971 330 4037 386 Μ

846 457 1029 512 XLIV.
1060 458 1195 523 Quia
1225 457 1493 512 vulnerata
1516 475 1631 513 sum
1660 460 1935 516 charitate.

846 548 950 605 Per
1010 559 1231 605 sanctos
1270 550 1477 604 scilicet
1525 560 1829 622 martyres;
1884 565 1979 620 per
2025 566 2200 618 quos,
2234 566 2354 606 cum

775 639 1050 693 Christum
1087 639 1401 709 diligerem,
1430 640 1711 695 vulnerata
1766 654 1883 693 sum
1904 678 1920 706 ,
1967 646 2142 693 morte
2172 653 2267 709 pro
2292 653 2357 693 eo

775 741 1046 798 suscepta.

845 820 1007 875 XLV.
1039 820 1207 876 .Vsns.
1244 823 1297 877 6.
1331 821 1485 876 Lmva
1514 824 1629 891 ejus
1655 822 1748 877 sub
1773 822 1944 891 capite
1973 836 2122 887 meo;
2146 830 2193 873 et
2230 821 2356 874 dea:-

773 923 882 966 tera
926 913 1073 966 illius
1110 914 1493 981 amplexabitur
1533 930 1633 967 me.

848 1003 1005 1059 Laeva
1030 1006 1246 1072 quidem
1274 1016 1593 1074 przesentem
1643 1006 1805 1059 vitam
1826 1044 1843 1068 ,
1869 1012 1929 1056 ut
1962 1003 2218 1064 arbitror,
2258 1014 2354 1054 ex-

772 1095 988 1163 primit;
1017 1096 1240 1149 dextera
1274 1110 1401 1149 vero
1433 1096 1667 1150 futuram
1707 1106 1761 1150 et
1792 1104 2106 1165 perpetuam
2138 1101 2352 1148 sancto—

773 1200 890 1238 rum
925 1184 1112 1240 vitam’.
1150 1203 1169 1236 ι
1202 1185 1504 1256 Longitudo
1538 1187 1682 1241 sitim
1735 1186 1942 1240 dierum
1969 1228 1984 1252 ,
2037 1204 2055 1237 ι
2094 1186 2170 1240 ait
2204 1185 2354 1241 Scri-

771 1287 949 1346 ptura,
980 1296 999 1329 ι
1036 1287 1091 1332 et
1117 1276 1243 1331 anni
1278 1278 1400 1333 vitae
1430 1278 1482 1331 in
1526 1279 1748 1333 dextera
1786 1276 1942 1347 ejus;
1978 1278 2030 1331 in
2060 1276 2193 1331 laeva
2224 1292 2352 1332 vero

772 1368 888 1437 ejus
908 1369 1110 1424 divitiae
1141 1380 1197 1424 et
1222 1369 1391 1439 gloria
1414 1369 1479 1425 ⁸³.
1502 1388 1521 1422 ι
1546 1368 1623 1424 lbi
1655 1370 1797 1424 enim
1827 1368 2069 1427 caelestis
2087 1368 2349 1438 sapientia

770 1464 1132 1521 indeiicieutia
1155 1467 1293 1520 bona
1319 1465 1505 1521 tribuit
1540 1464 1816 1525 Ecclesiae,
1841 1462 1992 1530 juxta
2021 1461 2349 1533 Prophetam

771 1556 1079 1611 dicentem:
1140 1574 1159 1609 ι
1199 1556 1603 1612 Dominus-nou
1652 1556 1882 1622 privabit
1926 1555 2082 1610 bonis
2126 1570 2220 1609 eos
2259 1554 2348 1625 qui

768 1647 1046 1701 ambulant
1092 1648 1144 1702 in
1182 1647 1487 1701 innocentia
1520 1647 1588 1699 ὀ.
1631 1663 1651 1699 ι
1705 1645 1769 1701 Et
1806 1645 2065 1699 inluturo
2114 1645 2345 1710 sarculo,

768 1738 1028 1805 sapientia
1065 1738 1449 1808 longitudinem
1481 1737 1604 1793 vitae
1626 1746 1681 1791 et
1713 1738 1869 1806 longa
1897 1735 2093 1791 saecula
2119 1736 2344 1790 dextera

2387 461 2434 518 Α
2537 457 2661 510 MA'.
2706 460 2830 509 Ὅτι
2859 454 3185 524 τετρωμένη
3212 455 3447 524 ἀγάπης
3482 454 3613 523 ἐγώ.

2530 546 2626 598 Διά
2652 543 2759 597 τῶν
2788 544 2957 612 ἁγίων
2988 542 3297 614 μαρτύρων
3340 544 3404 597 δι’
3439 537 3532 605 ὧν,
3560 544 3895 611 ἀγαπήσασα
3920 539 4031 610 (68)

2456 636 2547 689 τὸν
2573 636 2825 707 Χριστὸν,
2886 634 3127 707 ὲτρώθην
3152 633 3285 705 (69),
3311 635 3401 687 τὸν
3426 633 3566 706 ὑπὲρ
3582 632 3743 686 αὐτοῦ
3767 629 4033 703 δεξαμένη

2458 731 2706 785 θάνατον.

2518 822 2651 877 ME’.
2681 824 2773 878 Στ.
2810 821 2881 888 ς’.
2914 820 3237 891 Εὐώνυμος
3269 819 3454 873 αὐτοῦ
3471 817 3591 873 ὑπὸ
3626 817 3739 885 τὴν
3758 816 4036 887 κεφαλήν

2450 930 2599 983 μουο
2633 914 2731 967 καὶ
2756 914 2794 982 ἡ
2822 912 2989 978 δεξιά
3016 912 3204 967 αὐτοῦ
3234 910 3629 979 περιλήψεταί
3651 910 3746 979 μεζ

2526 1006 2817 1078 Εὐώνυμος
2859 1007 2957 1078 μὲν
2988 1005 3229 1078 παρόντα
3282 1004 3392 1076 βίον
3425 1004 3732 1066 ἀπεικάζει,
3754 1003 3830 1067 ὡς
3858 992 4033 1071 οἶμαι·

2454 1098 2604 1167 δεξιά
2629 1100 2684 1153 δὲ
2721 1101 2813 1153 τὸν
2837 1098 3117 1171 μέλλοντα,
3150 1096 3242 1151 τὸν
3276 1096 3501 1150 ὰένναον
3533 1095 3643 1166 βίον
3675 1095 3787 1166 (70)
3822 1094 3930 1147 τῶν
3948 1094 4038 1145 εὑο

2456 1193 2648 1248 σεὸῶν.
2689 1213 2706 1244 ι
2737 1194 2924 1263 Μῆκος
2951 1191 3060 1262 γὰρ
3094 1191 3231 1261 βίου,
3273 1208 3293 1243 s
3316 1190 3469 1261 φησὶ,
3511 1208 3527 1239 ι
3559 1188 3651 1241 καὶ
3679 1187 3773 1259 έτη
3803 1185 3951 1257 ζωῆς
3980 1187 4037 1238 ὲν

2454 1290 2519 1357 τῇ
2546 1284 2694 1357 δεξιᾷ
2729 1284 2919 1355 αὐτῆς·
2950 1284 3005 1335 ὲν
3026 1282 3083 1335 δὲ
3108 1284 3179 1353 τῇ
3200 1281 3466 1353 ἀριστερᾷ
3494 1278 3663 1349 αὐτῆς
3694 1275 3921 1340 πλοῦτος
3941 1277 4037 1330 καὶ

2452 1377 2597 1442 δόξα.
2634 1396 2652 1426 ι
2707 1374 2921 1429 Ἐνϐἀδε
2953 1373 3062 1446 γὰρ
3094 1373 3438 1444 ἀνυστέρητα
3472 1371 3541 1425 τὰ
3586 1370 3765 1440 ἀγαθά
3795 1371 3829 1441 ἡ
3871 1371 4036 1421 ἐπου-

2454 1469 2637 1541 ράνιος
2673 1467 2898 1538 παρέχει
2932 1464 3093 1536 σοφία
3141 1466 3207 1535 τῇ
3256 1462 3573 1534 Ἐκκλησία,
3632 1460 3773 1514 κατά
3828 1459 3919 1512 τὸν
3952 1457 4039 1510 λέ-

2462 1578 2625 1632 γοντα
2660 1560 2979 1631 Προφήτηνο
3010 1576 3029 1609 ι
3059 1557 3265 1629 Κύριος
3307 1556 3404 1625 οὐχ
3433 1555 3721 1625 ὑστερήσει
3750 1551 3818 1605 τὰ
3851 1550 4037 1620 ἀγαθά

2450 1655 2576 1717 τοὺς
2638 1650 3037 1723 πορευομένους
3089 1651 3143 1702 ὲν
3188 1647 3453 1718 ἀκακία.»
3506 1644 3617 1699 Καὶ
3676 1646 3731 1696 έν
3779 1642 3858 1713 τῷ
3913 1642 4039 1715 μέλ-

2450 1743 2594 1798 λοντι
2624 1743 2787 1797 αἰῶνι
2831 1745 3005 1814 μῆκος
3061 1740 3200 1811 βίου,
3232 1740 3359 1801 τοὺς
3401 1737 3644 1809 μακροὺς
3690 1736 3911 1798 αἰῶναςο
3944 1733 4038 1787 stat

768 1843 864 1882 sua
898 1840 1110 1892 tenens,
1142 1840 1457 1883 sanctarum
1486 1829 1907 1898 promissionum
1930 1827 2121 1896 gaudia
2144 1829 2347 1896 prtebet

2453 1836 2520 1889 τὰ
2548 1835 2921 1906 εὐφραντήρια
2940 1831 3047 1885 τῶν
3081 1831 3252 1899 ἁγίων
3300 1827 3737 1904 ὲπαγγελμάτων
3769 1827 3827 1879 ὲν
3857 1828 3923 1897 τῇ
3953 1826 4040 1878 δε-

768 1919 835 1972 iis
851 1919 1048 1983 verbis,
1076 1917 1363 1987 quaejuxta
1393 1919 1744 1987 Evangeliuin
1776 1933 1988 1989 sponsae
2017 1933 2127 1972 suae
2159 1933 2188 1972 a
2218 1920 2349 1973 dex-

768 2010 866 2063 tris
896 2011 1027 2064 dicit
1061 2027 1075 2064 :
1124 2028 1140 2061 t
1178 2009 1386 2074 Venite,
1426 2012 1690 2065 benedicti
1718 2012 1892 2064 Patris
1915 2011 2055 2076 mei;
2089 2010 2348 2080 percipite

768 2117 995 2171 regnum
1043 2104 1187 2172 quod
1246 2114 1495 2174 paratum
1550 2113 1631 2158 est
1676 2104 1830 2158 vobis
1881 2118 1909 2157 a
1962 2103 2349 2157 constitutione

768 2194 1032 2249 mundi“.
1060 2215 1079 2247 ι
1108 2197 1185 2251 Ita
1206 2215 1224 2248 ι
1253 2206 1309 2251 et
1340 2198 1530 2251 dextra
1568 2195 1711 2252 illius
1739 2194 2138 2264 amplexabitur
2169 2208 2282 2260 me;
2323 2212 2342 2245 ι

768 2301 888 2339 cum
914 2302 941 2338 a
968 2286 1173 2341 dextris
1197 2288 1311 2341 suis
1357 2286 1508 2353 quasi
1540 2301 1692 2340 ovem
1737 2300 1823 2339 me
1855 2285 2147 2339 constituet
2178 2283 2348 2339 bonus

765 2373 979 2438 Pastor,
1018 2375 1108 2444 qui
1137 2375 1190 2428 in
1224 2374 1460 2444 paradisi
1493 2374 1709 2442 pascuis
1738 2383 2129 2428 commoratur.

837 2549 1023 2607 XLVI.
1068 2549 1231 2605 Vens.
1272 2549 1323 2602 7.
1362 2549 1616 2618 Adjuraet
1648 2564 1763 2611 vos,
1804 2546 1932 2611 ﬁlia’
1974 2544 2303 2600 Hierusalem
2329 2584 2343 2607 ,

764 2641 819 2694 in
852 2642 1135 2694 virtutibus
1176 2652 1223 2694 et
1257 2640 1453 2693 viribus
1501 2640 1653 2708 agri,
1689 2642 1734 2691 si
1762 2638 2031 2692 suscitatis
2058 2648 2103 2691 et
2133 2638 2348 2707 vigilare

766 2729 983 2800 faciatis
1009 2728 1344 2793 charitatem,
1374 2729 1538 2782 donec
1567 2727 1706 2782 velit.

837 2906 1004 2961 Filias
1041 2904 1376 2960 Hierusalem
1411 2912 1566 2958 vocat
1609 2902 1820 2957 animas
1878 2911 2189 2958 sanctorum
2223 2915 2347 2971 pro-

766 2998 1049 3067 pbetarum
1072 3006 1124 3051 et
1155 2997 1542 3065 apostolorum.
1584 2996 1707 3050 Illas
1739 2996 1953 3065 adiurat
1982 3010 2079 3065 per
2112 2995 2341 3048 virtutes

765 3097 820 3141 et
852 3087 998 3140 vires
1029 3086 1142 3152 agri
1168 3085 1444 3153 (nimirum
1482 3099 1578 3154 per
1600 3084 1783 3137 divina
1829 3083 2110 3149 miracula,
2144 3098 2263 3150 quae
2293 3082 2346 3137 in

768 3182 968 3233 mundo
1024 3177 1295 3248 Unigeniti
1351 3152 1521 3231 virtus
1559 3172 1777 3230 e'didit:
1824 3193 1843 3226 ι
1894 3176 2035 3245 Ager
2078 3175 2223 3229 enim
2266 3185 2351 3230 est
2378 3152 2420 3209 ο

766 3269 1021 3333 mundus,
1043 3288 1062 3322 ι
1092 3279 1148 3324 ιιι
1172 3271 1246 3323 ait
1274 3270 1635 3338 Dominus"),
1667 3276 1729 3321 ut
1744 3267 1985 3331 excitent
2020 3266 2350 3322 desiderium

768 3359 951 3428 sponsi
993 3373 1119 3426 erga
1153 3358 1354 3428 ipsam;
1386 3357 1544 3412 modo
1586 3371 1684 3426 pro
1710 3372 1773 3412 ea
1803 3370 1993 3427 preces
2022 3354 2347 3418 adhibendo,

767 3448 950 3514 modo,
976 3462 1096 3516 quae
1122 3447 1219 3517 ipsi
1253 3446 1446 3517 placita
1475 3456 1624 3513 sunt,
1649 3446 1700 3501 in
1730 3462 1791 3501 ea
1821 3446 2156 3516 disponendo
2181 3463 2193 3501 :
2228 3460 2355 3517 pro-

768 3549 953 3610 pterea
981 3548 1167 3610 aperte
1193 3540 1407 3607 subdit,
1442 3556 1461 3591 ι
1494 3539 1670 3596 donec
1694 3538 1842 3596 velit.
1878 3557 1899 3592 ι

847 3818 1053 3875 XLVII.
1086 3821 1245 3875 Vsus.
1276 3822 1329 3876 8.
1382 3820 1496 3877 Vos:
1522 3822 1794 3892 fratruelis
1825 3824 1947 3878 mei.

844 3909 932 3975 Ut.
969 3927 1091 3981 quae
1130 3926 1230 3965 vox
1254 3912 1371 3983 ejus
1397 3913 1627 3968 voluerit
1649 3954 1664 3976 ,
1692 3913 1797 3969 hoc
1825 3924 1908 3969 est
1942 3929 2061 3984 qua
2096 3913 2352 3983 jusserit,

770 4002 836 4057 de
878 4003 943 4057 iis
980 4003 1183 4057 certior
1211 4002 1351 4059 facta
1377 4043 1393 4067 ,
1430 4004 1756 4059 charitatem
1795 4005 1914 4076 ejus
1945 4017 2355 4077 consequatur:

770 4092 1227 4163 quemadmodum
1255 4102 1313 4148 et
1361 4095 1477 4163 ipse
1504 4095 1557 4148 in
1587 4094 1896 4164 Evangeliis
1927 4113 1941 4149 :
1984 4114 2003 4147 ι
2044 4098 2145 4164 Qui
2180 4098 2356 4169 diligit

770 4188 889 4249 me,’
914 4205 933 4237 ι
968 4184 1162 4253 inquit,
1199 4203 1218 4236 ι
1256 4187 1510 4240 mandata
1538 4201 1653 4241 mea
1681 4187 1922 4243 servabit
1947 4189 2016 4243 ?'.
2048 4209 2066 4240 ι

851 4276 1079 4334 XLVIII.
1138 4276 1272 4332 Ecce
1324 4278 1435 4348 ipse
1489 4279 1624 4335 venit
1679 4279 1872 4334 saliens
1910 4297 2066 4350 super
2116 4294 2354 4350 montes,

769 4369 1071 4424 transiliens
1108 4370 1285 4425 colles.

2452 1927 2540 1997 ξιᾷ
2567 1926 2735 1997 αὐτῆς
2761 1927 2795 1997 ἠ
2818 1926 2978 1993 σοφία
3005 1924 3225 1995 ἔχουσα,
3266 1921 3515 1992 παρέχει,
3544 1920 3602 1972 ἐν
3636 1915 3718 1982 οἷς
3754 1918 3865 1987 (7i)
3896 1917 4041 1971 κατά

2450 2019 2510 2069 τὸ
2534 2015 2867 2085 Εὐαγγέλιον
2879 2018 2945 2087 τῇ
2974 2014 3081 2085 ἰδίᾳ
3114 2013 3301 2084 νύμφῃ
3320 2014 3384 2064 ὲκ
3410 2008 3600 2074 δεξιῶν
3626 2008 3789 2078 λέγει·
3811 2027 3828 2057 ι
3850 2007 4038 2070 Δεῦτε,

2449 2110 2497 2161 οἱ
2538 2105 2890 2177 εὐλογημένοι
2929 2102 3022 2158 τοῦ
3056 2104 3270 2175 Πατρός
3307 2118 3430 2173 μου,
3465 2098 3912 2172 κληρονομήσατε
3938 2098 4040 2167 τὴν

2450 2196 2857 2268 ἡτοιμασμένην
2875 2196 3002 2264 ὑμῖν
3028 2193 3304 2264 βασιλείαν
3327 2193 3433 2262 πρὸ
3449 2184 3756 2261 Ξιαταϐολῆς
3774 2190 4000 2260 κόσμου.
4019 2208 4035 2240 ι

2450 2284 2607 2337 Οὕτω
2649 2303 2667 2335 ι
2697 2286 2790 2337 καὶ
2822 2287 2855 2353 ἠ
2883 2284 3030 2348 δεξιὰ
3049 2282 3214 2337 αὐτοῦ
3244 2281 3605 2353 περιλήψεταί
3642 2298 3708 2350 με
3728 2298 3741 2311 ο
3768 2280 3944 2337 ινὸταν
3973 2295 4041 2349 με

2452 2377 2627 2448 στήσῃ
2651 2378 2713 2428 ἐκ
2748 2373 2939 2440 δεξιῶν
2974 2373 3137 2427 αὐτοῦ
3168 2373 3455 2445 προϐάτων
3481 2372 3636 2441 δίκην
3662 2373 3690 2423 ὁ
3724 2370 3883 2434 καλὸς
3922 2369 4044 2422 Ποι-

2453 2468 2579 2537 μὴν,
2617 2469 2695 2529 είς
2722 2466 2821 2529 τὰς
2850 2463 2944 2516 τοῦ
2982 2462 3312 2533 παραδείσου
3348 2461 3519 2541 νομάς
3549 2460 3803 2522 αὐλίζων.

2520 2552 2669 2619 MG”.
2702 2551 2790 2604 Στ.
2825 2550 2890 2613 ζ’.
2922 2550 3169 2617 "apicum
3204 2547 3383 2617 ὑμᾶς,
3415 2546 4044 2617 θυγατέρεςίερουσα-

2447 2641 2594 2710 λὶλμ,
2620 2642 2689 2695 ἐν
2726 2640 2854 2706 ταῖς
2884 2639 3178 2709 δυνάμεσι
3221 2639 3317 2693 καὶ
3351 2640 3420 2693 ἐν
3456 2637 3589 2704 ταῖς
3612 2638 3723 2709 (72)
3752 2638 4045 2706 ἱσχύσεσι

2449 2733 2554 2787 τοῦ
2585 2733 2787 2801 ἀγροῦ·
2816 2731 2924 2797 ἐὰν
2945 2734 3209 2803 ere-[puts
3253 2732 3349 2785 καὶ
3374 2730 3716 2801 ﬁere/mre
3748 2728 4041 2799 τὴνκάτά-

2448 2840 2593 2893 amr,
2631 2823 2743 2888 ἕως
2776 2819 2848 2879 οὗ
2879 2822 3133 2891 θελήσῃ.

2519 2916 2829 2988 Θυγατέρες
2875 2916 3246 2988 Ἰερουσαλὴμ,
3305 2916 3404 2978 τὰς
3451 2914 3627 2985 ψυχὰς
3695 2913 3804 2967 τῶν
3869 2913 4046 2982 ἁγίων

2448 3010 2596 3078 λέγει
2632 3008 2926 3080 προφητῶν
2986 3025 3050 3060 τε
3090 3007 3185 3060 καὶ
3232 3006 3566 3059 ἀποστόλωνο
3594 3005 3806 3069 ὲκείνας
3837 3006 3894 3057 ὲν
3925 3007 4047 3069 ταῖς

2452 3101 2712 3172 δυνάμεσι
2742 3100 2837 3154 καὶ
2865 3102 2922 3153 ὲν
2951 3102 3072 3163 ταῖς
3119 3088 3362 3169 ῐσχῦσεσι
3395 3097 3490 3151 τοῦ
3525 3097 3695 3169 ἀγροῦ
3722 3095 3934 3165 ὁρκίζει
3962 3098 4046 3166 (ὲν

2453 3195 2566 3256 τοῖς
2598 3191 2959 3262 Θεοσημείοις,
3015 3184 3098 3253 οἷς
3148 3190 3404 3258 ἐποίησεν
3431 3189 3490 3242 ὲν
3525 3187 3601 3259 τῷ
3650 3186 3841 3258 κόσμῳ
3874 3188 3907 3258 ἡ
3948 3185 4047 3240 τοῦ

2453 3282 2793 3354 Μονογενοῦς
2836 3282 3094 3351 δύναμις·
3128 3299 3148 3332 ι
3190 3278 3383 3349 Ἀγρὸς
3431 3279 3539 3350 γὰρ
3573 3281 3600 3331 ὁ
3648 3276 3869 3348 κόσμος,
3896 3295 3917 3328 ι
3970 3276 4048 3339 ῶς

2455 3392 2617 3449 φησιν
2660 3375 2689 3428 ὁ
2715 3372 2968 3444 Κύριος)⁶
3003 3371 3093 3425 ἴνα
3124 3369 3441 3441 ὲξεγείρωσι
3465 3370 3558 3421 τὸν
3590 3366 3752 3422 πόθον
3780 3365 3875 3420 τοῦ
3902 3382 4046 3438 νυμ-

2455 3466 2578 3536 φίου
2632 3466 2769 3537 πρὸς
2823 3462 3013 3534 αὐτὴν·
3067 3462 3158 3516 ὁτὲ
3222 3458 3321 3530 μὲν
3372 3458 3666 3532 πρεσϐείας
3700 3456 4048 3528 εἰσφέροντες

2458 3556 2597 3629 ὑπὲρ
2651 3555 2840 3625 αὐτῆς,
2889 3552 2977 3608 ὁτὲ
3022 3552 3079 3605 δὲ
3118 3553 3211 3605 καὶ
3249 3550 3316 3604 τά
3347 3550 3552 3621 ἀρεστὰ
3586 3548 3735 3619 αὐτῷ
3788 3547 3925 3619 πρὸς
3956 3547 4048 3602 αὒ-

2456 3650 2555 3720 τὴν
2573 3648 2957 3718 διατιθέμενοι.
2995 3646 3085 3699 Διὸ
3116 3642 3300 3714 σαφῶς
3327 3642 3588 3711 ἐπιλέγει·
3620 3660 3637 3694 ι
3670 3641 3816 3704 Ἕως
3858 3633 3918 3694 οὗ
3949 3640 4045 3694 Os»

2460 3740 2617 3814 λήστι-
2663 3757 2682 3791 ι
2933 3773 2940 3779 -

2692 3831 2787 3883 Στ.
2824 3836 2894 3901 η’.
2925 3827 3097 3896 Φωνὴ
3128 3827 3234 3881 τοῦ
3275 3826 3389 3896 (75)
3415 3808 3743 3894 ἀδελφιδοῦ
3775 3840 3920 3892 μου.

2533 3921 2676 3987 Ἵνα,
2711 3918 2854 3991 ᾇπερ
2888 3921 2920 3991 ἠ
2950 3918 3101 3990 φωνὴ
3130 3916 3295 3971 αὑτοῦ
3347 3916 3488 3969 Θέλει
3523 3914 3836 3985 (τουτέστιν,
3898 3915 4047 3984 ἅπερ

2460 4013 2832 4086 προστάττει),
2860 4000 3029 4064 ταῦτα
3058 4008 3326 4081 μαθοῦσα,
3348 4008 3448 4079 τῆς
3475 4006 3697 4077 ἀγάπης
3725 4004 3889 4059 αὐτοῦ
3923 4007 4048 4059 ἐπι-

2458 4105 2598 4176 τύχῃ
2628 4102 2781 4176 _(74)'
2833 4099 3013 4164 καθὼς
3045 4101 3139 4154 καὶ
3186 4100 3347 4163 αὐτὸς
3376 4100 3435 4152 ὲν
3472 4096 3824 4167 Εὐαγγελίοις
3870 4097 4048 4167 λέγει’

2466 4215 2483 4247 ι
2530 4196 2589 4247 '0
2613 4192 2841 4262 ἀγαπῶν
2877 4178 3065 4262 με’τὰς
3114 4189 3334 4253 ἐντολάς
3373 4206 3474 4260 μου
3497 4186 3741 4257 φυλάξει.
3773 4215 3791 4238 ο

2521 4288 2662 4341 MH’.
2695 4283 2853 4340 Ἰδοὺ
2882 4278 3062 4348 οὗτος
3093 4281 3222 4349 ἣκει
3257 4278 3466 4348 πηδῶν
3486 4278 3583 4333 ἐπὶ
3618 4278 3688 4332 τὰ
3718 4278 3845 4347 ὅρη,
3875 4277 4049 4333 (Stal-

2476 4380 2717 4449 ιόμενος
2744 4374 2843 4429 ἐπὶ
2864 4374 3007 4439 τοὺς
3034 4373 3325 4437 βουνούς.

844 4461 983 4517 Salit
1032 4462 1175 4516 enim
1204 4477 1368 4532 super
1404 4473 1646 4529 montes,
1676 4463 1779 4518 hoc
1811 4472 1895 4518 est
1924 4478 2087 4533 super
2123 4468 2355 4535 prophe—

2536 4468 2688 4538 Πηδᾷ
2714 4465 2821 4537 γὰρ
2844 4463 2938 4518 ἐπὶ
2974 4462 3042 4514 τὰ
3063 4462 3186 4534 ὄρη,
3224 4461 3504 4515 τουτέστιν
3543 4460 3635 4513 ἐπὶ
3664 4460 3787 4523 τοὺς
3834 4461 4048 4532 προφήο

773 4566 897 4612 tas:
937 4566 993 4610 et
1036 4570 1225 4612 rursus
1286 4555 1409 4609 inde
1453 4554 1687 4609 transilit
1726 4570 1890 4624 super
1938 4556 2141 4622 colles,
2178 4558 2232 4612 id
2275 4565 2359 4613 est

772 4644 1083 4714 apostolos;
1123 4660 1217 4714 per
1267 4643 1673 4715 generationem
1705 4653 1761 4699 et
1806 4644 2210 4715 generationem
2264 4662 2357 4702 sa-

772 4733 974 4801 pientia
1011 4746 1175 4801 super
1196 4732 1410 4786 animas
1451 4740 1666 4787 sanctas
1696 4735 1997 4789 ascendens
2026 4734 2233 4791 amicos
2263 4736 2357 4792 Dei

772 4824 932 4885 clIicit
956 4833 1010 4878 et
1039 4824 1352 4894 prophetas.
1380 4823 1534 4891 Quod
1578 4838 1710 4878 vero
1739 4825 2016 4881 montibus
2049 4826 2359 4883 assimilen-

776 4927 863 4972 tur
894 4918 1172 4987 prophetae
1196 4958 1211 4983 ,
1243 4925 1299 4972 et
1334 4914 1565 4987 apostoli
1601 4915 1834 4972 collibus
1857 4956 1873 4982 ,
1901 4928 2091 4987 aperte
2133 4918 2361 4976 habetur

786 5008 926 5078 apud
971 5006 1166 5063 Isaiam
1205 5008 1487 5079 prophetia
1508 5007 1605 5064 ’δι
1654 5025 1676 5060 s
1734 5006 1848 5064 Erit
1876 5009 2051 5076 enim,
2097 5028 2115 5063 ι
2149 5011 2358 5081 inquit,

845 5123 893 5157 ⁸⁸
926 5121 1088 5181 Prov.
1144 5138 1229 5189 ιιι,
1286 5123 1372 5179 16.

775 5196 823 5229 ⁸⁸
848 5192 951 5248 isa.
990 5196 1059 5258 u,’
1086 5194 1146 5249 2.

852 5288 965 5358 (68)
1028 5286 1250 5358 Barber.
1298 5295 1354 5358 et
1401 5300 1553 5341 meus
1586 5284 1901 5358 ἠγάπησας,
1954 5282 2112 5337 male.
2162 5282 2358 5339 Tlieat.

777 5356 1064 5432 ἠγάπησα.
1095 5356 1452 5432 Scribeudnm
1480 5367 1535 5408 ut
1556 5357 1721 5409 edidi.

875 5425 970 5497 69)
1010 5427 1123 5497 Hoc
1148 5436 1228 5480 est
1255 5443 1273 5475 ι
1293 5440 1386 5497 per
1412 5425 1554 5480 latus
1579 5436 1872 5497 martyrum
1898 5426 2136 5478 sauciata
2170 5438 2310 5478 sum.
2338 5442 2357 5476 ι

877 5494 968 5554 ’1οὶ
1010 5496 1201 5552 Vallir.
1237 5494 1430 5548 αἰῶνα.

856 5500 946 5571 (70
1010 5500 1201 5552 Vallir.
1237 5500 1430 5548 αἰῶνα.

856 5500 971 5641 σιξ
1013 5566 1369 5641 Perturbatus
1407 5562 1630 5641 fide.th
1682 5562 1771 5617 hic
1810 5563 1990 5641 Iocus.
2042 5561 2361 5641 Legeiidtint

786 5632 1074 5710 putarem:
1131 5634 1242 5710 Καὶ
1285 5632 1443 5710 εντῷ

783 5703 912 5773 τοὺς
964 5705 1208 5829 μακροὺς
1265 5704 1468 5767 αἰῶνας
1510 5704 1568 5755 ὲν
1616 5706 1683 5773 τῇ
1730 5704 1877 5774 δεξιᾷ
1929 5703 2097 5773 αὐτῆς

787 5783 1019 5829 ἱγουσα.
1047 5794 1077 5829 τ
1160 5773 1534 5829 εὐφραντῆρια
1566 5773 1669 5825 τῶν
1717 5772 1886 5829 ἁγίων
1936 5774 2097 5829 imm

1484 5123 1531 5157 '°
1560 5123 1702 5180 Psal.
1741 5138 1970 5188 unm,
2009 5123 2095 5179 {3.

2196 5126 2241 5161 "
2274 5126 2459 5184 Matth.
2494 5145 2622 5195 xxv,
2666 5128 2755 5183 54.

1477 5631 1725 5703 μέλλοντι
1767 5634 1965 5695 αἰῶνι,
2001 5631 2173 5702 μῆκος
2206 5631 2323 5701 βίον
2349 5670 2362 5692 ,

2134 5703 2166 5776 ᾗ
2206 5705 2364 5776 σφφία
2474 5703 2671 5764 habent
2704 5703 2965 5776 ἐπιτύχω.

787 5771 1019 5852 ἔχουσα,
1047 5771 1112 5831 τὰ
1160 5773 1534 5848 εὐφραντήρια
1566 5771 1679 5825 τῶν
1717 5771 1886 5843 ἁγίων
1936 5771 2367 5843 ἰπαγγελμάτιον

2455 4577 2577 4624 τας·
2619 4558 2714 4611 καὶ
2758 4556 2920 4610 πάλιν
2962 4553 3174 4608 ἐκεῖθεν
3221 4552 3441 4606 ἅλλεται
3500 4553 3593 4605 ἐπὶ
3632 4553 3757 4615 τοὺς
3803 4551 4049 4620 βουνοὺς.

2455 4656 2594 4723 ὅπερ
2628 4650 2775 4704 ἐστὶν
2800 4647 2893 4700 ὲπὶ
2942 4647 3069 4709 τοὺς
3108 4644 3461 4708 ἀποστόλους.
3491 4644 3651 4698 Κατά
3694 4642 3888 4726 γενεὰν
3940 4642 4057 4711 γὰρ

2457 4745 2552 4799 καὶ⁵
2581 4739 2775 4812 γενεὰν
2798 4740 2829 4809 ὴ
2853 4737 3013 4807 σοφία
3037 4739 3118 4799 εἰς
3146 4734 3325 4805 ψυχὰς
3358 4735 3512 4797 ὁσίας
3538 4733 3930 4797 ἀναϐαίνουσα,
3967 4734 4064 4804 φί-

2456 4836 2583 4898 λους
2609 4830 2743 4886 Θεοῦ
2772 4831 2865 4885 καὶ
2891 4828 3175 4899 προφήτας
3197 4824 3617 4889 κατασκευάζει.
3645 4826 3763 4879 Ὀτι
3794 4824 3901 4894 γὰρ
3930 4825 4053 4896 δρε-

2458 4944 2543 4981 σιν
2562 4920 2955 4985 ἀπεικάζονται
2971 4921 3018 4971 οἱ
3040 4918 3337 4988 προφῆται,
3368 4916 3463 4970 καὶ
3489 4915 3699 4986 βουνοῖς
3726 4918 3776 4968 οἱ
3815 4917 4052 4970 ἀπόστο-

2457 5017 2559 5083 λοι,
2596 5014 2780 5085 σαφῶς
2819 5012 2878 5065 ὲν
2923 5008 3121 5079 Ἡσαΐᾳ
3159 5010 3337 5062 κεῖται
3369 5010 3401 5079 ὴ
3444 5006 3767 5080 προφητεία.
3798 5025 3818 5059 ι
3853 5008 4051 5063 Ἔσται

2858 5126 2903 5157 ’³
2934 5121 3122 5178 Matth.
3178 5136 3298 5187 xm,
3325 5121 3414 5178 58.
3521 5120 3567 5154 ”
3602 5118 3758 5176 Joan.
3794 5135 3917 5186 xw,
3959 5121 4046 5177 15.

2466 5288 2727 5361 παρέχει,
2758 5289 2821 5341 ὲν
2848 5281 2931 5350 οἷς
2955 5327 2970 5351 ,
3021 5304 3077 5343 κ.
3122 5305 3173 5342 τ.
3225 5288 3277 5341 λ.
3339 5284 3491 5340 Hanc
3527 5283 3810 5340 lectionem
3846 5283 3897 5336 in
3930 5299 4059 5341 ver-

2468 5374 2617 5413 SIODO
2642 5370 2858 5410 secutus
2884 5371 3023 5411 sum.

2540 5427 2650 5495 (72)
2692 5427 2763 5480 Ita
2785 5427 2903 5479 cod.
2940 5424 3341 5481 Alexandrinus
3372 5423 3531 5478 habet
3574 5424 3718 5477 hunc
3753 5420 4051 5477 articulum

2468 5500 2588 5559 ταῖς
2607 5535 2622 5557 ,
2654 5497 2743 5565 qui
2772 5496 2923 5565 abest
2962 5509 2993 5548 a
3024 5497 3200 5551 Vatic.
3226 5496 3354 5549 edit.

2566 5560 2837 5702 ’ῖὸζἘάὶι
2879 5562 2996 5619 Vat.
3028 5582 3131 5620 non
3176 5565 3336 5619 habet
3362 5560 3477 5615 τοῦ.

2566 5636 2630 5691 74
2695 5635 2785 5688 Sic
2808 5636 3107 5691 einemlavi.
3142 5634 3288 5691 Meus
3311 5635 3474 5689 codex

2565 5629 2653 5691 7M
2695 5635 2785 5688 Sic
2808 5636 3107 5691 einemlavi.
3142 5634 3288 5691 Meus
3311 5635 3474 5689 codex
3499 5640 3551 5686 et
3584 5632 3743 5686 Barb.
3773 5640 3825 5686 ct
3848 5629 4045 5687 Valllc.
