4208 6312
786 373 850 429 'IS
1911 368 2164 424 PHILON
2172 368 2233 425 IS
2272 366 2579 425 EPISCOPI
2620 367 2942 427 CARP-ASII
3970 375 4030 427 76

861 489 1046 544 LXIX.
1086 487 1187 553 Qut
1216 486 1394 556 'pascit
1425 486 1560 540 inter
1588 484 1725 540 lilia.

853 582 908 636 Id
947 590 1049 646 est,
1084 580 1134 634 in
1177 575 1278 649 piis
1303 578 1528 647 iustitiae
1570 574 1932 632 sermonibus.

851 758 1012 813 LXX.
1063 757 1223 813 Vens.
1271 759 1354 812 Π.
1398 756 1574 813 Donec
1623 757 1815 826 aspiret
1853 755 1976 818 dies,
2016 762 2063 806 et
2113 767 2359 807 movean-

781 867 864 908 tur
894 856 1111 909 umbras.

855 945 966 999 IIoc
988 955 1090 1012 est,
1128 944 1244 1000 dies
1285 943 1498 1014 judicii,
1545 957 1668 997 cum
1727 941 1920 996 Pastor
1947 939 2124 995 bonus
2161 941 2303 996 dicet
2339 960 2352 996 :

788 1054 806 1087 ι
849 1035 1062 1102 Venite,
1110 1036 1377 1092 benedicti
1415 1034 1590 1090 Patris
1640 1033 1768 1097 mei,
1813 1032 2072 1103 percipite
2108 1041 2354 1103 paratum

781 1129 934 1184 vobis
971 1143 1191 1200 regnum
1221 1143 1250 1182 a
1280 1127 1662 1184 constitutione
1694 1124 1873 1182 mundi
1896 1123 1962 1191 ¹³;
2006 1145 2026 1178 ι
2056 1132 2111 1179 et
2143 1141 2157 1177 :
2188 1141 2208 1176 ι
2248 1124 2356 1178 Do-

782 1236 880 1275 nec
907 1221 1110 1290 aSpiret
1133 1221 1264 1284 dies,
1297 1229 1349 1274 et
1374 1228 1692 1273 moveantur
1716 1218 1940 1272 umbrae.
1979 1235 1998 1269 ι
2038 1219 2176 1272 Cum
2208 1217 2354 1271 enim

785 1313 1102 1382 aspiraverit
1146 1311 1232 1366 illa
1277 1312 1391 1366 dies
1423 1310 1632 1380 iudicii,
1681 1320 1794 1364 tum
1839 1309 2199 1364 movebuntur
2232 1322 2353 1361 um-

781 1404 910 1467 brae,
940 1402 1040 1457 hoc
1067 1412 1147 1457 est
1176 1402 1354 1456 saeculi
1398 1401 1556 1470 huius
1588 1400 1973 1468 occupationes
1995 1406 2050 1454 et
2089 1397 2353 1454 sollicitu-

783 1496 957 1560 dines,
988 1509 1106 1563 quae
1140 1490 1371 1561 injustas
1405 1493 1646 1547 actiones
1688 1491 1962 1560 ingerunt.

847 1763 1032 1820 LXXI.
1078 1762 1371 1826 Revertere,
1409 1761 1595 1816 similis
1626 1769 1733 1814 esto
1780 1768 1855 1824 tu,
1888 1755 2158 1828 fratruelis
2183 1771 2348 1820 meus,

2389 489 2437 546 Α
2534 481 2651 538 ΞΘ.
2700 484 2762 536 '0
2794 484 3124 553 ποιμαίνων
3153 485 3223 540 ἐν
3256 486 3380 554 τοῖς
3407 487 3652 556 κρίνοις.

2539 573 2716 644 ’Ὅπερ
2762 574 2942 638 ἐστὶν,
2994 576 3107 639 τοῖς
3150 575 3398 630 εὐσεϐέσι
3430 579 3530 649 τῆς
3569 578 3914 651 δικαιοσύνης
3947 580 4033 637 λό-

2462 849 2788 915 κινηθῶσιν
2817 851 2878 904 αἱ
2906 851 3094 904 σκιαί.

2530 940 2817 996 Τουτέστιν
2851 945 2884 1014 ὴ
2913 944 3012 1014 τῆς
3039 943 3293 1014 κρίσεως,
3321 944 3377 996 ἐν
3407 937 3441 1018 ᾗ
3470 944 3498 997 ὁ
3529 943 3692 1007 καλὸς
3717 945 3928 1016 Ποιμῆν
3956 943 4037 1000 λέ-

2459 1051 2544 1102 γει
2568 1050 2581 1064 ·
2613 1052 2632 1086 ι
2671 1033 2857 1100 Δεῦτε,
2879 1036 2928 1088 οἱ
2957 1035 3311 1106 εὐλογημένοι
3333 1036 3426 1089 τοῦ
3453 1036 3666 1108 Πατρός
3699 1054 3821 1106 μου,
3849 1040 4039 1110 κληρο-

2457 1126 2730 1197 νομήσατε
2758 1127 2857 1196 τὴν
2886 1127 3294 1198 ἡτοιμασμένην
3327 1128 3455 1198 ὑμῖν
3487 1127 3768 1198 βασιλείαν
3798 1129 3904 1182 ἀπὸ
3939 1146 4034 1183 κα-

2457 1215 2691 1286 ταϐολῆς
2719 1215 2930 1287 κόσμου
2952 1256 2966 1282 ,
3003 1235 3023 1269 ι
3063 1218 3158 1270 καὶ⁹
3189 1218 3260 1271 τά
3284 1217 3428 1289 ἐξῆς.
3469 1237 3486 1270 ι
3533 1219 3678 1283 Ἕως
3705 1215 3765 1274 οὗ
3795 1221 3828 1290 η
3858 1220 4035 1291 ἡμέρα

2456 1307 2787 1380 διαπνεύσῃ,
2841 1310 2936 1363 καὶ
2988 1309 3284 1380 κινηθῶσιν
3326 1310 3383 1363 αἱ
3434 1310 3600 1363 σκιαί.
3652 1329 3671 1362 ›
3712 1311 3880 1366 Ὅταν
3933 1312 4037 1384 γὰρ

2455 1399 2636 1465 ἐκείνη
2668 1402 2698 1471 ἡ
2737 1399 2920 1471 ἡμέρα
2953 1399 3268 1454 διαπνεύσει
3297 1401 3398 1472 τῆς
3425 1400 3691 1473 κρίσεως,
3725 1401 3848 1455 τότε
3884 1419 4036 1472 κινη-

2457 1491 2712 1563 θήσονται
2745 1494 2800 1544 αί
2837 1491 3007 1556 σκιαὶ,
3039 1493 3340 1558 τουτέστιν,
3386 1495 3441 1545 αἱ
3481 1491 3576 1545 τοῦ
3610 1492 3804 1557 αἰῶνος
3847 1493 4035 1547 τούτου

2455 1585 2829 1652 πραγματεῖαι
2880 1583 2975 1634 καὶ
3029 1581 3345 1653 φροντίδες,
3395 1581 3495 1645 τὰς
3542 1582 3761 1647 ἀδίκους
3801 1583 4036 1640 ἀποϐάλ-

2453 1671 2546 1726 λου
2555 1690 2603 1725 τι
2638 1673 2747 1744 (25)
2781 1672 3029 1742 πράξεις.

2525 1764 2647 1825 OA'.
2689 1765 3095 1833 Ἀπόστρεψον
3125 1762 3260 1834 (94),
3290 1763 3600 1834 ὁμοιώθητι
3626 1764 3728 1831 σὺ,
3755 1765 4038 1836 ωελφιόέ

776 1855 1003 1910 damula:
1061 1853 1384 1922 hinnuloque
1443 1868 1713 1907 cervorum
1766 1851 1833 1904 ad
1891 1858 2089 1904 montes
2143 1844 2352 1902 conval-

2452 1874 2592 1927 μου,
2618 1855 2698 1921 τῷ
2718 1854 2967 1924 δόρκωνι
2987 1855 3026 1924 ἢ
3056 1853 3243 1923 νεϐρῷ
3271 1855 3512 1925 ἐλάφων
3539 1856 3638 1910 ἐπὶ
3675 1856 3748 1911 τὰ
3781 1857 3887 1925 ὄρη
3916 1874 4036 1912 κοι-

775 1950 924 2002 lium.

846 2043 1136 2097 Revertere
1183 2039 1338 2107 mihi,
1389 2038 1485 2103 ait,
1519 2051 1550 2092 a
1599 2035 1907 2091 Iudaeorum
1951 2033 2234 2105 Synagoga
2282 2032 2350 2086 ad

775 2142 994 2202 gentes;
1027 2132 1102 2186 iiii
1133 2132 1276 2186 enim
1319 2129 1573 2184 salutaris
1603 2129 1865 2184 doctrinae
1909 2125 2344 2197 praedicationem

774 2239 881 2279 non
931 2222 1249 2290 suscipiunt.
1286 2221 1581 2275 Revertere
1607 2219 1674 2272 ad
1713 2226 1918 2288 gentes,
1955 2214 2147 2270 similis
2175 2212 2350 2267 factus

774 2328 981 2384 capreae
1009 2314 1092 2368 vel
1126 2311 1349 2367 hinnulo
1379 2323 1667 2365 cervorum
1703 2308 1865 2364 celeri
1910 2306 2033 2362 ﬁdei
2060 2320 2246 2370 cursu,
2284 2303 2350 2358 ad

772 2421 964 2461 omnes
1009 2404 1143 2461 ﬁnes
1187 2415 1342 2459 terrm
1389 2416 1620 2458 currens
1659 2401 1918 2470 speciosis
1957 2399 2180 2469 pedibus
2218 2412 2348 2467 apo-

774 2499 1058 2564 stolorum,
1102 2497 1167 2552 de
1206 2495 1404 2566 quibus
1450 2492 1711 2548 Dominus
1750 2491 1886 2546 dixit
1925 2490 1978 2544 in
2019 2489 2299 2556 Scriptura
2333 2503 2346 2540 :

778 2609 798 2641 ε
832 2583 1004 2656 Quam
1029 2587 1254 2658 speciosi
1281 2579 1446 2658 'pedes
1468 2582 1954 2653 evengelizantium
1979 2581 2117 2636 bona
2133 2579 2214 2632 ’δε
2239 2598 2257 2630 ι
2279 2606 2352 2618 -

777 2701 795 2732 ι
834 2681 914 2734 Ad
945 2688 1154 2734 montes
1189 2677 1541 2741 convallium,
1573 2694 1599 2728 θ
1632 2689 1754 2745 qua:
1783 2682 1909 2729 sunt
1937 2672 2205 2742 jnstorum
2242 2671 2351 2725 ani-

772 2787 874 2827 ma:
901 2788 915 2826 :
956 2781 1010 2826 et
1045 2779 1255 2824 montes
1283 2769 1520 2837 quidem,
1553 2777 1837 2836 propterea
1866 2765 2006 2835 quod
2042 2763 2348 2834 superemi-

773 2871 902 2917 nent
939 2861 1137 2916 virtute
1177 2859 1435 2928 iustitia;
1482 2877 1500 2909 ι
1541 2859 1812 2912 convalles
1854 2875 1872 2908 ι
1925 2869 2072 2922 vero,
2111 2855 2236 2923 quia
2269 2855 2352 2906 in-

771 2965 884 3009 star
939 2954 1259 3010 convallium
1306 2953 1745 3022 praedicationem
1797 2949 1918 3004 lidei
1964 2945 2268 3015 suscipiunt
2295 2954 2350 3001 et

774 3047 1027 3102 retinent.

1417 3217 1568 3272 CAP.
1624 3215 1712 3270 111.

844 3313 1053 3371 LXXII.
1095 3311 1263 3368 Vens.
1304 3312 1354 3368 I.
1395 3309 1460 3364 In
1497 3308 1657 3363 cubili
1692 3324 1803 3361 meo
1847 3309 1899 3361 in
1933 3308 2168 3363 noctibus
2206 3325 2350 3378 qua:-

771 3411 868 3465 sioi
892 3424 1039 3479 quem
1067 3405 1255 3458 dilexit
1277 3403 1453 3456 animo
1475 3417 1626 3465 mea;
1656 3399 1870 3469 quwsivi
1897 3416 2041 3468 eum,
2065 3412 2110 3454 et
2139 3417 2240 3454 non
2262 3402 2348 3454 in-

770 3503 886 3558 veni
906 3516 1060 3565 cum;
1089 3497 1262 3552 vocavi
1288 3511 1427 3560 eum,
1460 3505 1507 3548 et
1533 3511 1634 3548 non
1659 3494 1860 3547 audivit
1895 3508 1993 3546 me.

844 3677 978 3731 Cum
1006 3675 1150 3730 enim
1182 3671 1418 3744 peccatis
1447 3671 1767 3742 praegravati
1809 3671 2108 3726 dormimus
2130 3689 2149 3723 ι
2178 3671 2228 3726 in
2251 3687 2351 3727 no-

773 3768 950 3823 ctibus
971 3784 990 3817 ι
1019 3765 1093 3833 (id
1121 3773 1223 3828 est,
1252 3767 1308 3818 in
1338 3762 1614 3817 sceleratis
1650 3763 2053 3830 Ienebrosisque
2109 3762 2353 3830 volupta-

775 3859 919 3914 tibus
952 3856 1284 3925 nefariisque
1333 3854 1592 3923 peccatis,
1626 3852 1964 3908 Christianos
2010 3853 2216 3909 scilicet
2256 3868 2352 3908 nos

773 3963 893 4004 esse
932 3947 1353 4014 existimamus),
1396 3955 1522 4002 tunc
1559 3964 1578 3998 ι
1621 3946 1673 3999 in
1712 3945 1957 4000 noctibus
1983 3963 2001 3997 ι
2038 3961 2160 4001 eum
2203 3960 2352 4014 quae-

775 4047 978 4103 rentes,
1010 4035 1282 4106 diligimus
1311 4034 1539 4089 scilicet.
1581 4033 1700 4105 Ipse
1737 4034 1881 4088 enim
1922 4035 2096 4090 dicit:
2141 4053 2159 4088 ι
2195 4035 2352 4101 Quaa-

775 4129 880 4183 rite
923 4129 1115 4192 Deum,
1147 4137 1200 4182 et
1225 4128 1276 4180 in
1317 4127 1638 4182 inveniendo
1660 4141 1782 4182 eum
1823 4126 2097 4194 invocate;
2131 4137 2186 4182 et
2213 4137 2351 4197 post-

775 4235 938 4290 quam
977 4220 1130 4274 vobis
1183 4219 1723 4288 appmpinquaverit,
1780 4217 2116 4288 derelinquat
2155 4219 2351 4292 impius

773 4312 891 4364 vias
943 4325 1070 4364 suas
1102 4347 1118 4372 ,
1164 4319 1218 4363 et
1266 4309 1349 4362 vir
1398 4309 1613 4378 iniquus
1683 4309 2040 4378 cogitationes
2092 4326 2240 4376 suas,
2297 4321 2353 4366 et

775 4407 1121 4454 convertatur
1148 4399 1212 4451 ad
1255 4396 1563 4464 Dominum,
1592 4408 1646 4452 et
1691 4399 2118 4453 misericordiam
2161 4415 2353 4454 conse-

773 4497 969 4557 quetur
1013 4488 1078 4541 ".
1121 4505 1140 4538 ι
1176 4487 1325 4540 Illum
1359 4487 1523 4557 igitur
1570 4489 1613 4543 si
1665 4487 1732 4541 ad
1775 4487 1919 4541 hunc
1952 4490 2169 4544 modum
2203 4505 2348 4560 qua:-

775 4577 1047 4642 sierimus,
1077 4587 1204 4632 tunc
1237 4592 1335 4632 nos
1357 4577 1628 4632 exaudiet.
1663 4577 1718 4632 Si
1747 4593 1894 4639 vero,
1927 4594 2047 4632 cum
2073 4580 2126 4633 in
2155 4595 2347 4648 pecca—

776 4679 952 4724 torum
987 4669 1150 4724 cubili
1196 4682 1403 4734 sumus,
1454 4677 1507 4723 et
1548 4668 1601 4722 in
1633 4669 1883 4723 noctibus
1918 4684 1945 4722 a
1975 4671 2211 4739 peccatis
2253 4672 2342 4726 ob-

782 4761 984 4816 scurati
1027 4761 1177 4815 illum
1204 4762 1516 4828 quaerimus,
1561 4775 1665 4814 non
1706 4759 2044 4823 invenimus;
2077 4776 2268 4830 neque,
2300 4764 2346 4817 si

773 4850 854 4904 sic
878 4865 1000 4904 eum
1047 4850 1382 4915 invocemus,
1433 4849 1520 4904 ille
1567 4863 1667 4903 nos
1713 4849 1951 4904 exaudit.
1993 4836 2288 4921 PrOpterea
2327 4870 2338 4907 :

783 4959 798 4990 ι
840 4940 1114 5010 Nunquid,
1203 4941 1416 5009 inquit,
1491 4955 1597 4995 non
1651 4941 1796 4996 valet
1871 4957 2061 4996 manus
2133 4942 2344 4996 Domini

772 5031 954 5087 salvos
983 5030 1161 5088 facere
1184 5032 1273 5087 "?
1316 5033 1555 5102 nunquid
1596 5048 1700 5087 non
1748 5043 1924 5103 potest
1955 5034 2203 5102 eripere?
2237 5035 2344 5089 Sed

2451 1947 2758 2018 λωμάτων.

2535 2039 2899 2111 Ἀπόστρεψον
2930 2037 3076 2109 ἐμοὶ,
3105 2037 3280 2106 λέγει,
3308 2036 3417 2090 ἀπὸ
3447 2037 3546 2107 τῆς
3601 2037 3869 2093 Ἰουδαίων
3909 2041 4036 2094 Συν-

2454 2132 2675 2203 αγωγῆς
2714 2132 2807 2185 ἐπὶ
2839 2131 2908 2185 τά
2942 2131 3099 2200 ἐθνη·
3139 2131 3439 2202 ἐπειδήπερ
3475 2131 3671 2183 ἐκεῖνοι
3700 2131 3759 2183 οὐ
3799 2131 4033 2201 παραδέ-

2451 2237 2636 2290 χονται
2670 2220 2730 2272 τὸ
2758 2221 3018 2290 κήρυγμα
3047 2219 3145 2289 τῆς
3176 2219 3445 2290 σωτηρίου
3477 2218 3846 2282 διδασκαλίας.
3884 2219 4038 2272 Ἀπό-

2441 2309 2682 2380 ’στρεψον
2711 2309 2804 2361 ἐπὶ
2837 2308 2907 2361 τὰ
2939 2309 3089 2378 έθνη,
3123 2309 3476 2378 ὁμοιούμενος
3513 2309 3591 2379 τῷ
3626 2309 3924 2382 δόρκωνιιῆ
3951 2327 4037 2364 νε-

2453 2397 2569 2468 ϐρῷ
2604 2398 2713 2452 τῶν
2757 2397 2972 2465 ἐλάφων
3009 2399 3076 2468 τῇ
3127 2395 3346 2467 ὀξύτητι
3394 2396 3489 2450 καὶ
3538 2398 3618 2468 τῷ
3651 2399 3750 2469 τῆς
3797 2399 4036 2462 πίστεως

2450 2489 2653 2560 δρόμῳ,
2685 2488 2779 2541 ἐπὶ
2809 2490 2986 2542 πάντα
3011 2488 3080 2540 τὰ
3108 2488 3321 2558 πέρατα
3347 2487 3445 2558 τῆς
3469 2489 3797 2560 οἰκουμένης
3823 2488 4037 2560 διατρέ-

2450 2597 2560 2650 χων
2589 2583 2645 2633 ἐν
2675 2578 2897 2651 ὡραίοις
2931 2580 3058 2632 ποσὶ
3081 2578 3189 2631 τῶν
3223 2578 3561 2642 ἀποστόλων,
3587 2579 3717 2648 περὶ
3755 2573 3830 2632 ὧν
3861 2582 3889 2633 ὁ
3918 2578 4036 2632 Κύ-

2454 2691 2566 2744 ριος
2587 2672 2807 2743 είρηκεν
2834 2674 2891 2726 ἐν
2917 2675 2982 2743 τῇ
3005 2672 3195 2743 Γραφῇ
3213 2685 3228 2699 °
3265 2689 3282 2721 ι
3327 2669 3416 2734 Ὠς
3445 2670 3636 2742 ὡραῖοι
3662 2673 3708 2724 οἱ
3739 2671 3897 2732 πόδες
3929 2669 4037 2723 τῶν

2450 2764 2950 2835 εὐαγγελιζομένων
2973 2765 3042 2818 τά
3068 2763 3299 2830 ἀγαθά.»
3323 2793 3395 2802 —
3413 2781 3430 2815 ι
3455 2762 3577 2816 Ἐπὶ
3610 2763 3677 2817 τὰ
3709 2762 3807 2834 ὅρη
3845 2761 4040 2814 κοιλω-

2453 2857 2657 2927 μάκων,
2701 2874 2719 2907 ι
2754 2857 2810 2910 αἳ
2837 2856 2944 2910 τῶν
2971 2855 3193 2910 δικαίων
3223 2853 3329 2907 είσὶ
3357 2850 3523 2923 ψυχαί
3543 2871 3557 2884 ·
3590 2855 3692 2925 ὅρη
3731 2854 3827 2924 μὲν
3857 2851 3949 2919 διὰ
3979 2850 4038 2904 τὸ

2451 2947 2736 3020 ὑπερέχειν
2767 2950 2834 3019 τῇ
2869 2947 2968 3017 τῆς
3000 2946 3340 3018 δικαιοσύνης
3379 2949 3547 3017 ἀρετῇ
3567 2961 3580 2976 ·
3620 2964 3638 2996 ι
3669 2944 3986 3014 κοιλώματα
4012 2960 4032 2995 ι

2448 3039 2504 3093 δέ
2529 3039 2615 3092 διά
2641 3038 2703 3091 τὸ
2727 3039 3080 3109 κοιλωμάτων
3109 3037 3262 3107 δίκην
3284 3037 3533 3108 δέχεσθαι
3563 3038 3657 3091 καὶ
3691 3037 3944 3106 κατέχειν
3972 3034 4036 3090 τὸ

2453 3131 2553 3201 τῆς
2582 3130 2817 3194 πίστεως
2845 3131 3129 3201 κήρυγμα.

3119 3221 3277 3274 ΚΕΦ.
3317 3220 3391 3274 I".

2523 3311 2640 3368 OB'.
2679 3313 2770 3365 Στ.
2808 3318 2877 3365 α’.
2921 3313 3049 3366 Ἐπὶ
3083 3313 3293 3380 κοίτην
3319 3328 3439 3381 μου
3473 3311 3543 3364 ὲν
3570 3309 3748 3374 νυξὶν
3778 3308 4040 3377 ἐζήτησα

2454 3404 2526 3458 ὃν
2567 3402 2886 3472 ἠγάπησεν
2928 3403 2966 3469 ἡ
2998 3403 3167 3472 ψυχή
3205 3421 3320 3472 μου
3343 3419 3356 3432 ·
3400 3402 3659 3470 ἐζήτησα
3697 3403 3903 3467 αὑτὸν,
3938 3401 4039 3456 καί

2453 3498 2566 3564 οὺχ
2611 3490 2793 3562 εὗρον
2821 3497 3037 3548 αὐτόν·
3075 3494 3340 3548 ἐκάλεσα
3388 3493 3610 3559 αὑτὸν,
3639 3495 3738 3547 καὶ
3778 3496 3892 3561 οὐχ
3933 3495 4041 3547 ὺπ-

2451 3585 2682 3657 ήκουσέ
2715 3603 2855 3656 μου.

2526 3679 2695 3732 ὐταν
2731 3678 2840 3748 γὰρ
2885 3679 3005 3741 ταῖς
3037 3676 3335 3749 ἁμαρτίαις
3376 3674 3735 3747 βεϐαρυμένοι
3778 3673 4040 3728 καθεύδο-

2457 3788 2554 3841 μεν
2590 3771 2646 3823 ἐν
2679 3770 2826 3836 νυξὶν
2859 3769 3040 3841 (ὅπερ
3084 3771 3230 3823 ἐστὶν
3282 3771 3338 3822 ἐν
3365 3772 3476 3832 τοῖς
3521 3771 3736 3839 μιαροῖς
3767 3767 3878 3820 τῶν
3911 3783 4040 3821 σκο-

2452 3858 2640 3911 τεινῶν
2669 3858 2868 3928 ἡδονῶν
2899 3858 2992 3911 καὶ
3025 3857 3298 3926 ἀθεμίτων
3331 3858 3739 3927 ἁμαρτημάτων
3765 3857 4036 3928 ἀναστρε-

2453 3949 2711 4020 φόμενοι,
2746 3946 3144 4020 Χριστιανίξειν
3195 3947 3354 4018 δῆθεν
3403 3947 3518 4018 [25]
3562 3945 3854 4017 νομίζομεν
3886 3947 3944 4016 ),
3979 3945 4038 3998 τὸ

2451 4041 2748 4108 τηνικαῦτα
2770 4059 2787 4091 ι
2812 4042 2868 4091 ἐν
2885 4039 3000 4105 νυξὶ
3021 4059 3040 4091 ι
3067 4038 3227 4109 ζητού
3238 4055 3387 4109 μενοι
3407 4037 3562 4108 δῆθεν
3578 4039 3879 4108 ἀπάγωμεν
3896 4036 4037 4108 (26).

2451 4131 2620 4194 Αὐτὸς
2650 4131 2757 4200 γὰρ
2781 4131 2996 4201 εἴρηκε·
3035 4148 3052 4180 ι
3087 4131 3368 4200 Ζητήσατε
3400 4128 3490 4182 τὸν
3526 4128 3657 4181 Θεὸν
3693 4129 3827 4198 (27),
3858 4130 3954 4181 καὶ
3981 4130 4038 4180 ἐν

2451 4220 2527 4290 τῷ
2552 4221 2826 4290 εὑρίσκειν
2859 4220 2969 4290 (28)
2996 4220 3408 4275 ἐπικαλέσασθε.
3464 4220 3654 4275 Ἡνίκα
3677 4220 3722 4272 δ’
3749 4219 3813 4272 ἂν
3839 4219 4040 4293 ἐγγίζῃ

2452 4313 2618 4382 ἡμῖν,
2654 4312 3000 4365 ἀπολειπέτω
3042 4314 3068 4364 ὁ
3116 4311 3320 4382 ἀσεϐὴς
3356 4311 3456 4374 τάς
3501 4311 3652 4374 ὁδοὺς
3696 4309 3897 4373 αὑτοῦ,
3941 4310 4037 4362 καὶ

2451 4404 2590 4475 ἀνὴρ
2630 4404 2828 4473 ἄνομος
2867 4405 2966 4466 τὰς
2999 4403 3193 4473 βουλὰς
3243 4404 3444 4456 αὑτοῦ·
3494 4403 3588 4455 καὶ
3643 4404 4038 4474 ἐπιστραφήτω

2453 4496 2588 4567 πρὸς
2620 4495 2856 4568 Κύριον,
2887 4496 2980 4548 καὶ
3021 4493 3395 4568 ἐλεηθήσεται.
3437 4513 3454 4546 ι
3498 4494 3622 4546 Ἐὰν
3659 4493 3832 4557 οὓτως
3866 4492 4039 4566 ζητή-

2456 4603 2635 4654 σωμεν
2682 4585 2876 4650 αὑτὸν,
2916 4584 3037 4636 τότε
3089 4583 3246 4653 ἡμῶν
3297 4582 3621 4635 ἐπακούσει·
3679 4583 3774 4635 ἐὰν
3823 4583 3883 4634 δέ
3941 4582 4038 4636 ἐπὶ

2453 4677 2639 4748 κοίτην
2668 4677 2774 4756 τῶν
2805 4676 3218 4747 ἁμαρτημάτων
3247 4676 3419 4741 ὅντες,
3449 4677 3542 4729 καὶ
3570 4677 3626 4728 ἐν
3658 4677 3813 4728 νυκτὶ¹
3848 4693 4036 4728 σκοτι-

2454 4766 2670 4836 ζόμενοι
2700 4766 2806 4820 ἀπὸ
2835 4768 2942 4819 τῶν
2969 4766 3251 4836 ἁμαρτιῶν
3284 4762 3554 4835 ζητοῦμεν
3593 4765 3773 4827 αὑτὸν,
3809 4766 3908 4836 οὐχ
3953 4766 4039 4819 εὑ-

2457 4859 2713 4928 ρίσκομεν
2731 4877 2745 4891 ο
2773 4860 2902 4923 οὐδ’,
2932 4859 2998 4912 ἂν
3025 4857 3198 4920 οὕτως
3225 4857 3496 4927 καλοῦμεν
3529 4858 3712 4920 αὐτὸν,
3745 4859 4032 4914 ἐπακούει.

2455 4949 2545 5001 Διὸ
2573 4949 2745 5017 λέγει·
2790 4969 2808 5001 ι
2856 4949 2946 5021 Μὴ
2975 4951 3074 5002 οὐκ
3115 4948 3289 5017 ίσχύει
3332 4950 3512 5021 ὴχεὶρ
3543 4949 3748 5020 Κυρίου
3797 4949 3892 5001 τοῦ
3929 4950 4038 5003 σῶ-

2458 5041 2580 5104 σαί,
2619 5039 2649 5108 ἢ
2677 5041 2775 5093 οὐκ
2808 5041 2978 5110 ἰσχύει
3004 5039 3098 5095 τοῦ
3133 5038 3407 5104 ἐξελέσθαι
3433 5057 3448 5105 ;
3494 5040 3652 5093 Ἀλλά
3679 5039 3745 5094 τά
3774 5040 4035 5111 ἁμαρτή-

843 5232 888 5264 ²⁸
928 5230 1116 5286 Matth.
1154 5247 1280 5296 xxv,
1315 5233 1402 5287 54.
1481 5234 1524 5264 ³⁵
1555 5232 1712 5290 Rom.
1766 5250 1819 5298 x,
1853 5234 1938 5288 I5.
2015 5235 2059 5267 "
2102 5234 2202 5290 Isa.
2255 5254 2341 5302 ιν,

2479 5239 2527 5291 7.
2607 5238 2652 5270 “
2685 5237 2785 5292 Isa.
2819 5255 2867 5299 L,
2914 5238 2969 5291 2.

841 5428 954 5499 (25)
993 5426 1298 5499 Legendum
1329 5437 1456 5495 puto
1492 5426 1902 5499 ἐπιϐάλλουσαι.

842 5497 1319 5571 (Ἅγιὶυιιο-νθτεε
1356 5499 1404 5550 in
1437 5512 1556 5553 meo
1590 5508 1644 5552 et
1672 5498 1834 5554 Barb.
1869 5499 2339 5571 corruptissimum

770 5563 981 5625 restitui
1011 5582 1075 5618 ex
1110 5566 1238 5619 edit.
1277 5563 1393 5620 Vat.

839 5637 952 5707 (25)
993 5635 1201 5707 Δῆθεν.
1234 5635 1500 5707 Parti_c_ula
1540 5636 1690 5703 cujus
1723 5653 1850 5694 usus
1877 5639 1928 5692 in
1962 5639 2151 5700 ironia.
2184 5651 2242 5694 ut
2287 5643 2339 5697 in

770 5704 873 5782 Iioc
902 5704 1040 5782 loco.
1071 5705 1126 5758 In
1160 5715 1348 5782 catena
1375 5704 1586 5782 Meursii
1617 5722 1736 5782 pag.
1780 5709 1868 5782 52,
1891 5709 2049 5782 lim}
2080 5729 2092 5764 ι
2121 5712 2184 5782 Οἱ
2223 5712 2332 5782 γὰρ

768 5778 827 5831 ἐν
861 5776 1054 5847 σκότῳ,
1087 5775 1238 5845 φησὶ,
1263 5774 1356 5828 καὶ
1384 5777 1590 5842 κοίταις
1615 5774 1954 5848 ἁμαρτωλῶν
1982 5774 2333 5850 βιοτεύοντεξ,

2447 5432 2775 5507 κᾶν-δοκῷσι
2815 5433 2996 5504 ζητεῖν
3031 5434 3185 5496 Θεὸν,
3217 5436 3314 5506 οὐχ
3344 5437 3687 5507 εὑρίσκουσιν
3721 5438 3903 5494 αὐτόν.

2516 5503 2626 5584 (⁸26)
2678 5503 2978 5574 Legendum
3039 5503 3292 5560 omnino‘
3326 5503 3646 5578 ζητούμενοι
3716 5507 3897 5580 δῆθεν,
3971 5510 4035 5566 ὃν

2443 5573 2762 5642 ἀγαπῶμεν.

2511 5643 2624 5712 (27)
2667 5643 2758 5697 Sic
2818 5645 2978 5697 etiam
3038 5644 3156 5699 cod.
3222 5645 3377 5700 Alex.
3449 5647 3624 5702 Editio
3690 5647 3867 5705 Vatic.
3937 5647 4034 5705 τέν

2441 5711 2662 5781 Κύριον.

2512 5783 2622 5852 (28)
2663 5782 2802 5842 Etlit.
2843 5782 2962 5839 Vat.
3007 5787 3063 5837 ἐν
3098 5783 3174 5855 τῷ
3201 5785 3472 5856 εὑρίσκειν
3504 5786 3686 5842 αὐτόν.
