4208 6312
155 392 207 449 Π
1049 394 1452 453 ENARBATIO
1492 395 1560 451 IN
1595 395 1949 453 CANTICUM
1989 392 2457 452 CANTICORUII.
3308 384 3380 441 73

153 522 274 580 ματα
313 504 467 575 ὑμῶν
506 502 781 560 διιστῶσιν
820 507 1091 577 ἀναμέσον
1130 508 1239 577 (29)
1281 506 1436 578 ὑμῶν
1473 509 1567 561 καὶ
1601 508 1702 562 αύ-
1732 513 1780 570 Α
1811 525 1815 577 ι

1732 513 1780 570 Α
1811 518 2030 577 peccata
2080 516 2261 564 'vestra
2308 514 2562 577 separant
2615 505 2753 561 inter
2800 519 2897 561 vos
2940 514 2994 560 et
3026 504 3200 575 ipsum
3240 505 3309 561 "’.
3351 525 3372 560 ι

158 595 241 650 τοῦ.
267 615 285 647 ι
307 594 406 648 Διά
433 594 618 659 τοῦτο,
654 615 672 647 ι
711 596 951 668 ἐζήτησα
975 597 1154 662 αὑτὸν,
1198 598 1292 651 καὶ
1339 598 1437 668 οὐχ
1463 592 1639 669 εὗρον.
1677 616 1695 649 ›

207 709 314 763 ΟΡ.
362 710 454 761 Στ.
492 708 556 777 β’.
604 708 1046 778 Ἀναστήσομαι
1079 708 1155 777 δὴ
1190 710 1288 763 καὶ
1322 708 1612 763 κυκλώσω
1635 708 1705 763 ἐν

152 799 209 867 τῇ
232 801 420 864 πόλει,
456 801 528 852 ἐν
556 798 684 867 ταῖς
705 801 948 869 ἀγοραῖς
975 800 1073 855 καί
1102 802 1172 855 ἐν
1202 801 1331 866 ταῖς
1361 804 1702 869 πλατείαις,

152 891 230 945 καί
253 891 485 960 ζητήσω
515 891 587 945 ὃν
615 890 932 962 ἠγάπησεν
963 893 1001 961 ή
1042 892 1214 963 ψυχή
1244 910 1363 963 μου
1383 910 1396 923 ·
1447 891 1706 963 ἐζήτησα

150 983 329 1047 αὑτὸν,
368 984 471 1037 καὶ
512 984 627 1052 οὐχ
660 978 841 1051 εὖρον
865 982 1071 1036 αὐτόν.

205 1074 328 1127 Οὐδὲ
370 1072 468 1127 νῦν
509 1074 658 1141 λέγει
696 1072 988 1143 εὑρηκέναι
1034 1072 1226 1126 αὐτόν·
1274 1074 1367 1127 καὶ
1405 1073 1707 1146 ἀναστησο-

152 1162 266 1235 μένη
300 1161 439 1233 (30),
472 1161 549 1225 ὡς
588 1163 781 1225 εἰπεῖν,
809 1160 904 1213 καὶ
941 1161 1008 1214 δι’
1039 1161 1204 1233 εὐχῆς
1232 1163 1370 1235 πρὸς
1411 1162 1573 1231 αύτδν
1606 1180 1706 1217 πο-

152 1254 402 1327 ρευθεῖσα.
445 1255 557 1308 Καὶ
600 1253 689 1308 διὰ
718 1253 771 1306 τί
815 1252 974 1306 πάλιν
1014 1252 1113 1323 οὐχ
1168 1246 1326 1325 εὗρεν
1371 1255 1554 1319 αὑτὸν,
1608 1254 1707 1327 τὴν

150 1346 301 1400 αἰτίαν
335 1347 395 1398 ὲν
423 1346 607 1409 αὐτοῖς
639 1344 831 1416 μηνύει
860 1346 972 1407 τοῖς
999 1343 1345 1415 γράμμασιν,
1378 1362 1397 1395 ι
1448 1345 1709 1416 Ἀναστή-

154 1455 309 1507 caput,
352 1456 372 1488 ι
421 1437 680 1504 λέγουσα,
726 1455 744 1488 ι
786 1437 879 1490 κα)⁵
921 1434 1189 1488 κυκλὼσω
1220 1436 1278 1489 ὲν
1311 1437 1377 1506 τῇ
1425 1434 1606 1500 πόλει,
1650 1437 1708 1489 ὲν

150 1531 246 1590 ταῖς
271 1528 500 1597 ἀγοραῖς
528 1526 622 1578 καὶ
649 1526 707 1577 ἐν
733 1527 852 1587 ταῖς
882 1524 1161 1587 πλατείαις
1183 1541 1196 1552 ·
1233 1544 1251 1576 ι
1291 1524 1427 1595 ὅπερ
1452 1524 1619 1591 ἐστὶν,
1651 1526 1708 1577 ὲν

150 1622 249 1697 ταῖς
271 1618 362 1671 τοῦ
418 1617 533 1688 βίου
601 1616 1035 1687 πραγματείαις,
1091 1616 1187 1668 καὶ
1227 1615 1284 1668 ἐν
1330 1614 1559 1685 πλατείᾳ
1602 1617 1710 1670 ὰπ-

158 1710 341 1781 αγούσῃ
375 1710 458 1772 εἰς
485 1708 581 1780 τὴν
601 1706 894 1762 ἀπώλειαν.
918 1707 1008 1759 Διό
1029 1722 1160 1775 φησι
1191 1704 1264 1775 μὴ
1276 1705 1575 1778 ,εὑρηκέναι
1610 1705 1709 1757 αὑ-

150 1802 241 1855 τόν.
278 1818 297 1852 ι
346 1801 520 1871 Στενὴ
554 1799 663 1869 γὰρ
696 1800 730 1869 ἡ
779 1797 945 1867 πύλη,
994 1795 1089 1849 καὶ
1132 1793 1467 1865 τεθλιμμένη
1504 1796 1537 1864 ἡ
1568 1794 1705 1858 ὁδὸς,

152 1894 179 1964 η
203 1893 477 1958 ἀπάγουσα
517 1891 596 1952 είς
623 1888 719 1959 τὴν
745 1888 909 1958 ζωήν.
948 1904 967 1939 ι

210 1983 315 2035 οΔ¹.
351 1983 445 2035 Στ.
485 1987 555 2049 γ’.
590 1976 872 2047 Εϋροσάν
914 1994 991 2047 με
1028 1978 1083 2031 οἱ
1118 1977 1463 2045 τηροῦντες,
1505 1976 1559 2029 οἱ
1605 1992 1710 2029 κυ-

150 2073 419 2138 κλοῦντες
449 2073 519 2125 ὲν
547 2069 622 2139 τῇ
655 2071 828 2124 πόλει
848 2085 861 2099 °
904 2067 999 2138 Μὴ
1027 2068 1101 2123 ὃν
1123 2067 1443 2139 ἠγάπησεν
1472 2068 1510 2134 ἡ
1537 2064 1707 2135 ψυχή

148 2182 265 2234 μου,
303 2163 492 2225 ἵδετε;

210 2256 516 2326 Τηροῦντας
554 2255 648 2309 καὶ
683 2252 1016 2317 κυκλοῦντας
1066 2252 1126 2306 ἐν
1175 2254 1241 2324 τῇ
1286 2252 1438 2305 πόλει
1483 2259 1607 2314 τοὺς
1637 2250 1713 2303 δι-

152 2348 316 2410 καίους
336 2347 507 2416 λέγει,
540 2348 667 2409 τοὺς
698 2345 994 2417 τηροῦντας
1023 2343 1119 2415 τὴν
1147 2343 1366 2413 ἐντολήν
1386 2359 1399 2373 ο
1446 2344 1572 2405 τοὺς
1613 2359 1712 2395 κυ-

152 2438 387 2502 κλοῦντας
424 2439 483 2490 ὲν
530 2440 597 2509 τῇ
646 2437 975 2507 Ἐκκλησία,
1010 2436 1137 2497 τοὺς
1185 2433 1374 2503 ἁγίους
1424 2432 1713 2505 προφήτας

152 2532 230 2583 καὶ
256 2528 605 2592 ἀποστόλους.
636 2523 760 2581 Οἷον
791 2527 922 2598 φέρε
946 2527 1141 2591 εἰπεῖν,
1164 2524 1363 2579 ὁπόταν
1391 2522 1712 2596 ἁμαρτωλὸς

151 2621 425 2690 διαλέγοιτο
454 2620 593 2690 πρὸς
623 2617 849 2682 δίκαιον,
882 2616 976 2671 καὶ
1002 2615 1149 2685 λέγει
1182 2614 1329 2687 αὐτῷ
1350 2633 1363 2646 ·
1403 2614 1503 2668 Διά
1534 2613 1587 2668 τί
1615 2613 1713 2667 οὐκ

151 2712 398 2765 εἰσακούει
444 2729 544 2783 μου
579 2712 607 2763 ὁ
644 2710 936 2779 Δεσπότης,
969 2708 1066 2761 καὶ
1105 2708 1215 2778 (51)
1244 2706 1480 2779 ὸρθρίζω
1509 2707 1589 2768 είς
1613 2706 1713 2777 τὴν

152 2801 448 2873 ἐκκλησίαν,
479 2802 574 2854 καὶ
619 2800 858 2871 πένητας
894 2798 1029 2851 ἐλεῶ
1070 2797 1181 2870 (52)
1206 2816 1221 2864 ;
1251 2798 1369 2851 Κάν
1408 2814 1467 2850 τε
1517 2795 1712 2867 μικρὸν

154 2893 329 2961 ἀγαθὸν
369 2893 603 2965 ποιήσῃ,
638 2891 817 2944 ἐκεῖνο
863 2890 1083 2961 βλέπει,
1122 2891 1216 2944 καὶ
1250 2890 1314 2942 τὸ
1356 2887 1557 2959 πλῆθος
1598 2886 1710 2941 τῶν

157 2982 546 3057 ἁμαρτημάτων
591 2981 654 3034 ού
702 2983 1080 3053 προσποιεῖται
1126 2979 1365 3050 βλέπειν.
1416 2980 1507 3032 Διό
1548 2994 1712 3049 φησιν

163 3071 401 3136 Ἡσαΐας·
442 3090 461 3123 ι
504 3070 598 3142 Μὴ
635 3072 735 3124 οὐκ
776 3070 949 3140 ἰσχύει
988 3073 1021 3140 ή
1072 3072 1192 3142 χεὶρ
1226 3069 1428 3141 Κυρίου
1466 3068 1559 3122 τοῦ
1602 3066 1712 3120 σῶ-

157 3181 261 3229 σαι;
302 3165 334 3236 ἢ
364 3165 470 3218 οὐκ
509 3161 683 3233 ἰσχύει
707 3161 801 3215 τοῦ
830 3161 1145 3229 ὲξελέσθαι;
1187 3161 1347 3215 Ἀλλὰ
1367 3161 1437 3214 τὰ
1464 3160 1713 3231 ἁμαρτή-

1809 597 2116 668 Propterea,
2148 617 2167 651 ‹
2206 599 2426 668 (ιιικείνί
2460 612 2606 665 eum,
2641 605 2694 651 et
2739 610 2845 651 non
2880 595 3078 651 inveni.
3112 614 3130 648 ι

1880 708 2107 765 LXXIII.
2147 708 2310 763 Vens.
2359 709 2413 762 2.
2470 707 2695 778 Surgam
2743 723 2901 771 nunc,
2945 716 2993 761 et
3038 707 3269 761 circuibo
3326 709 3379 759 in

1810 800 2038 868 civitate,
2090 802 2145 854 in
2194 799 2329 869 foris
2381 807 2428 852 et
2467 798 2523 852 in
2579 798 2800 866 plateis;
2855 805 2901 850 et
2945 812 3177 865 quwram
3229 812 3381 865 quem

1810 894 1991 949 dilexit
2014 895 2193 948 anima
2224 907 2369 956 mea;
2400 891 2611 961 qumsiri
2643 906 2783 955 eum,
2815 898 2861 945 et
2894 905 2996 944 non
3030 890 3199 943 inveni
3234 905 3376 943 eum.

1884 1066 1962 1122 Ne
1988 1080 2131 1121 nunc
2187 1066 2401 1137 quidem
2436 1065 2510 1119 ait
2541 1080 2602 1121 se
2642 1064 2790 1120 illum
2840 1065 3138 1127 invenisse,
3169 1072 3383 1119 etiamst
3490 1056 3495 1061 ’

1814 1159 2197 1225 exsurrexerit,
2251 1168 2312 1213 ut
2336 1159 2417 1219 ,ita
2446 1159 2649 1222 dicam,
2687 1168 2740 1212 et
2770 1171 2868 1227 per
2906 1155 3270 1225 precationem
3306 1155 3384 1212 ad

1815 1250 1987 1319 ipsum
2016 1247 2253 1318 proiecta
2291 1248 2381 1303 sil.
2433 1247 2541 1302 Cur
2570 1256 2750 1302 autem
2804 1260 2996 1320 rursus
3019 1259 3142 1299 eum
3174 1259 3277 1299 non
3310 1245 3387 1299 in-

1816 1340 2047 1405 venerit,
2080 1354 2298 1394 causam
2338 1339 2574 1393 ostendit
2603 1339 2655 1392 in
2706 1336 2897 1392 iisdem
2936 1336 3157 1392 verbis:
3194 1355 3215 1390 ι
3252 1336 3387 1391 Sur-

1777 1470 1782 1481 .
1814 1445 1957 1499 3am,
2005 1448 2025 1482 υ
2053 1431 2150 1496 ait,
2178 1447 2198 1482 ι
2237 1438 2292 1484 et
2329 1429 2568 1484 circuibo
2600 1429 2653 1483 in
2689 1428 2931 1492 civitate,
2978 1428 3030 1483 in
3087 1427 3219 1483 faris
3252 1436 3306 1482 et
3331 1428 3384 1482 in

1816 1520 2037 1590 plateis;
2076 1537 2094 1570 ι
2134 1519 2186 1574 id
2229 1528 2331 1583 est,
2364 1520 2506 1588 inter
2537 1518 2721 1573 mundi
2762 1518 2993 1588 negotia,
3025 1525 3079 1572 et
3114 1517 3166 1572 in
3209 1517 3383 1585 platea

1815 1628 1933 1682 quae
1959 1613 2108 1668 ducit
2145 1612 2211 1667 ad
2247 1610 2623 1681 perditionem.
2660 1608 2951 1679 Propterea
2982 1608 3132 1673 dicit,
3164 1621 3221 1663 se
3260 1622 3382 1663 eum

1816 1719 1921 1757 non
1955 1703 2226 1758 invenisse
2256 1721 2269 1756 :
2308 1721 2327 1753 ι
2365 1702 2605 1770 Angusta
2639 1700 2783 1755 enim
2820 1709 2996 1765 porta.
3040 1708 3095 1754 et
3129 1706 3278 1754 arcta
3300 1697 3385 1754 via

1817 1806 1935 1863 quae
1968 1792 2115 1847 ducit
2144 1790 2210 1846 ad
2236 1793 2403 1846 vitam
2429 1790 2495 1844 ’⁸.
2526 1808 2545 1842 ι

1881 1966 2115 2027 LXXIV.
2158 1966 2326 2023 Vnus.
2362 1967 2416 2021 '5.
2474 1966 2789 2020 Invenerunt
2838 1982 2919 2019 me
2940 1966 3030 2037 qui
3061 1966 3383 2032 custodiunt,

1812 2063 1900 2133 qui
1930 2061 2248 2113 circumeunt
2291 2061 2347 2110 in
2387 2056 2595 2111 civitate
2628 2070 2649 2112 :
2696 2053 2950 2124 Nunquid
3001 2072 3152 2125 quem
3197 2054 3385 2109 dilexit

1816 2150 1990 2203 anima
2022 2163 2138 2200 mea
2161 2145 2403 2200 vidistis?

1882 2237 2144 2294 Custodes
2182 2245 2236 2291 et
2277 2236 2676 2289 circumeuntes
2720 2231 2774 2287 in
2815 2232 3032 2288 civitate
3073 2232 3246 2303 justas
3290 2247 3386 2288 vo-

1814 2339 1936 2396 cat,
1980 2329 2071 2397 qui
2131 2327 2385 2383 mandata
2426 2325 2774 2392 custodiunt,
2824 2335 3039 2380 sanctos
3093 2327 3386 2395 prophetas

1813 2429 1868 2474 et
1931 2416 2204 2489 apostolos
2253 2417 2306 2470 in
2363 2413 2600 2469 Ecclesia
2662 2412 3079 2469 circumeuntes.
3144 2414 3385 2483 Exempli

1815 2508 2009 2581 gratia,
2041 2522 2162 2561 cum
2194 2504 2669 2576 peccatorjustum
2700 2502 3007 2570 alloquitur,
3035 2502 3193 2571 eique
3218 2503 3382 2558 dicit:

1815 2602 1995 2666 Quare
2026 2614 2130 2652 non
2168 2596 2389 2651 exaudit
2424 2609 2509 2649 me
2540 2594 2818 2658 Dominus,
2850 2593 2950 2647 etsi
2984 2608 3194 2648 summo
3229 2609 3384 2651 mane

1816 2693 1881 2744 ad
1934 2689 2218 2745 ecclesiam
2274 2700 2359 2740 me
2409 2684 2652 2750 confero,
2692 2692 2745 2738 et
2798 2684 3123 2752 pauperibus
3177 2686 3375 2740 miseri.

1817 2782 2054 2836 cordiam
2088 2776 2361 2834 adhibeo?
2397 2777 2474 2832 Ae
2512 2777 2556 2831 si
2597 2774 2858 2829 tantillum
2895 2774 3020 2828 boui
3068 2774 3274 2840 fecerit,
3319 2776 3384 2830 ad

1815 2872 1943 2926 illud
1978 2870 2221 2939 respicit,
2265 2876 2319 2922 et
2365 2881 2423 2921 se
2456 2874 2803 2936 peccatorum
2846 2865 3245 2921 multitudinem
3279 2882 3382 2922 non

1816 2967 1995 3021 videre
2053 2960 2287 3018 simulat.
2340 2957 2629 3028 Propterea
2680 2956 2845 3011 Isaias
2888 2957 2965 3011 ait
3009 2974 3023 3013 :
3069 2976 3089 3010 ι
3136 2956 3382 3026 Nunquid

1813 3074 1917 3114 non
1970 3055 2115 3110 valet
2186 3067 2378 3108 manus
2428 3050 2643 3106 Domini
2697 3049 2945 3105 salvare?
2989 3050 3231 3120 nunquid
3278 3066 3381 3106 non

1812 3145 2250 3219 potesteripere?
2272 3143 2375 3198 Sed
2399 3152 2619 3210 peccata
2646 3150 2823 3195 vestra
2849 3150 3103 3210 separant
3128 3142 3267 3195 inter
3288 3157 3381 3199 vos

156 3272 280 3325 ματα
308 3232 465 3325 ύμῶν
493 3232 772 3307 διιστῶσιν
807 3253 1079 3324 ἀναμέσον
1121 3253 1275 3324 ὑμῶν
1328 3253 1422 3306 καὶ
1464 3251 1558 3306 τοῦ
1602 3250 1712 3303 Κυ-
1742 3241 1785 3300 C

1640 3250 1712 3302 Lu-
1742 3241 1785 3300 C
1822 3250 1874 3297 et
1910 3237 2196 3293 Dominum
2231 3235 2297 3289 ".
2337 3252 2356 3286 ι
2396 3232 2596 3289 Deinde
2630 3232 2809 3287 subdit
2847 3246 3042 3302 sponsa
3087 3233 3302 3288 dicens;

154 3348 269 3418 ρίου.
302 3366 322 3401 ι
363 3343 499 3402 Εἶτα
522 3346 768 3416 ἐπιφέρει
799 3347 832 3417 ἡ
860 3344 1043 3416 νύμφη
1074 3346 1167 3399 δια)⁸
1194 3345 1365 3415 λέγει’

214 3464 323 3516 OE'.
358 3463 454 3516 Στ.
494 3462 558 3516 δ’.
607 3461 702 3526 Ὧς
728 3460 945 3530 μικρὸν
986 3460 1086 3515 ὅτε
1119 3460 1435 3530 παρῆλθον
1474 3461 1575 3515 ἀπ’
1608 3462 1712 3517 αὐ-

155 3551 272 3617 τῶν,
298 3554 405 3618 ἕως
441 3548 515 3609 οὗ
542 3547 724 3621 εὗρον
748 3552 820 3605 ὃν
841 3551 1165 3623 ἠγάπησεν
1199 3553 1237 3619 ἡ
1270 3552 1440 3623 ψυχή
1464 3569 1604 3623 μου.

223 3730 446 3784 Ὀπόταν
476 3728 586 3800 γὰρ
613 3728 720 3782 ἀπὸ
749 3729 856 3782 τῶν
887 3728 1297 3801 ἁμαρτημάτων
1332 3727 1710 3799 παρέλθωμεν,

153 3820 257 3874 τότε
295 3822 621 3893 εὑρίσκομεν
665 3820 725 3873 ὃν
767 3821 1053 3893 ἠγάπησεν
1092 3822 1125 3891 ἡ
1158 3820 1301 3891 ψυχὴ
1337 3820 1526 3892 ἡμῶν,
1573 3820 1713 3875 κατὰ

154 3909 230 3963 τὸν
254 3911 511 3981 λέγοντα·
547 3929 567 3962 ι
614 3911 957 3983 Ἑπίστρεφε,
984 3911 1277 3982 ἐπίστρεφε
1306 3911 1442 3982 πρὸς
1472 3911 1675 3983 Κύριον
1697 3928 1709 3942 ·

156 4002 397 4056 ἁπόλειπε
436 4002 537 4066 τὰς
584 4002 880 4075 ἁμαρτίας,
929 4005 1023 4057 καὶ
1058 4005 1261 4076 σφόδρα
1319 4005 1546 4076 μίσησον
1599 4003 1714 4073 βδέ-

154 4090 339 4161 λυγμα·
394 4113 415 4145 ι
462 4096 557 4147 καὶ
588 4094 785 4147 πάλινο
828 4112 846 4145 ε
913 4094 1106 4147 Ἦνίκα
1147 4094 1190 4147 δ’
1232 4095 1296 4148 ἂν
1337 4094 1527 4166 ὲγγίζῃ
1563 4095 1710 4165 ὑμῖν,

154 4181 476 4235 ἁπολειπέτω
503 4182 531 4233 ὁ
558 4181 761 4252 ἀσεϐὴς
791 4182 890 4245 τὰς
916 4182 1067 4247 ὁδοὺς
1102 4183 1292 4237 αὑτοῦ.
1336 4204 1355 4236 ι
1392 4183 1490 4237 Διά
1518 4183 1675 4237 τοῦτο
1695 4199 1707 4213 ο

158 4288 175 4323 t
222 4273 300 4336 Ὠς
335 4275 533 4346 μικρὸν
565 4275 654 4327 ὅτε
691 4274 964 4347 παρῆλθον
1002 4276 1100 4329 ἀπ’
1130 4274 1330 4340 αὐτῶν,
1376 4274 1481 4338 ἕως
1507 4268 1567 4329 οὗ
1601 4273 1711 4345 (55)

154 4359 289 4436 εὗρον
309 4369 365 4421 ὃν
395 4368 685 4439 ἠγάπησεν
718 4370 751 4440 ή
784 4369 928 4439 ψυχή
963 4386 1086 4441 μου.
1122 4388 1143 4422 ο

210 4480 336 4548 0.7.
390 4480 732 4550 Ἐκράτησα
780 4481 998 4548 αὐτὸν,
1032 4464 1133 4537 καί
1177 4490 1289 4537 οὐκ
1336 4488 1554 4553 ἀφήσω
1588 4486 1705 4552 (54)

154 4574 334 4627 αὐτόν.

211 4662 326 4726 Πῶς
374 4666 574 4736 κρατεῖ
618 4663 779 4717 αὐτὸν
813 4662 978 4733 ἡτῶν
1028 4664 1232 4718 πιστῶν
1262 4665 1444 4735 ψυχή;
1493 4667 1581 4719 Ἐν
1628 4666 1705 4737 τῷ

1886 3455 2096 3513 LXXV.
2138 3454 2305 3510 Vens.
2328 3455 2379 3509 4.
2426 3452 2599 3519 Quam
2640 3453 2899 3508 modicum
2933 3454 3033 3523 fuit
3069 3471 3186 3508 cum
3216 3465 3384 3512 trans-

1814 3550 1883 3604 ivi
1908 3549 1971 3601 ab
2013 3547 2161 3616 ipsis,
2202 3544 2377 3615 quoad
2407 3560 2567 3615 usque
2603 3544 2775 3597 inveni
2806 3559 2959 3613 quem
2995 3542 3176 3598 dilexit
3207 3547 3383 3601 anima

1812 3657 1949 3693 mea.

1884 3727 2021 3783 Cum
2051 3731 2192 3782 enim
2234 3740 2265 3781 a
2300 3725 2540 3795 peccatis
2567 3722 2767 3777 nostris
2797 3721 3229 3786 discesserxmus,
3262 3732 3386 3777 tunc

1814 3817 2119 3872 invenimus
2146 3830 2305 3884 quem
2352 3814 2541 3869 dilexit
2587 3811 2768 3867 anima
2808 3822 3013 3878 nostra,
3049 3811 3201 3883 juxta
3236 3813 3381 3868 Scri~

1815 3922 2027 3977 pluram
2061 3926 2074 3961 :
2113 3926 2131 3958 ι
2167 3907 2521 3968 Convertere,
2550 3912 2870 3959 convertere
2900 3905 2965 3958 ad
2994 3904 3300 3969 Dominum,
3331 3914 3379 3959 et

1815 4001 2056 4069 relinque
2087 4007 2333 4068 peccata,
2372 4007 2426 4052 et
2452 3996 2609 4051 valde
2638 3995 2785 4050 odito
2808 3995 3234 4050 exsecrationem
3261 3996 3330 4061 ³ος
3357 4014 3378 4049 ι

1812 4100 1863 4144 et
1897 4105 2080 4144 rursus
2115 4110 2127 4144 :
2165 4108 2183 4142 ι
2220 4087 2513 4157 Postquam
2552 4086 2704 4143 vobis
2727 4085 3255 4155 appropinquaverit,
3293 4086 3377 4141 de-

1814 4183 2084 4251 relinquat
2113 4181 2309 4250 impius
2347 4181 2465 4235 vias
2508 4193 2638 4233 suas
2666 4176 2734 4232 ³¹.
2769 4196 2787 4229 ι
2822 4174 3115 4246 Pr0pterea
3158 4178 3330 4247 inquit
3361 4194 3377 4233 :

1817 4292 1833 4324 ι
1864 4272 2036 4338 Quam
2077 4271 2343 4324 modicum
2374 4269 2472 4323 fuit
2508 4282 2629 4322 cum
2672 4266 2894 4321 transivi
2925 4267 2991 4320 ab
3022 4267 3178 4336 ipsis,
3204 4268 3375 4337 quoad

1812 4378 1979 4434 usque
2011 4362 2189 4417 inveni
2224 4376 2381 4430 quem
2408 4359 2593 4415 dilexit
2616 4359 2791 4412 anima
2820 4372 2959 4412 mea.
3000 4375 3020 4409 ι

1880 4472 2112 4528 LXXVI.
2157 4471 2320 4526 Tenui
2351 4487 2468 4525 eum
2490 4512 2507 4536 ,
2544 4486 2637 4525 nec
2666 4470 2931 4522 dimittam
2958 4486 3095 4523 eum.

1879 4670 2156 4737 Quomodo
2195 4684 2314 4723 eum
2360 4675 2505 4723 tenet
2538 4668 2714 4723 anima
2744 4666 3063 4736 iustorum?
3104 4667 3375 4726 Faciendo

155 4751 210 4807 τὰ
226 4755 492 4825 εὐάρεστα
531 4755 681 4826 αὐτῷ
723 4756 832 4826 (55)
886 4758 1076 4809 ποιεῖν.
1122 4756 1513 4827 Ἀρεσκόμενος
1546 4758 1653 4828 γὰρ
1678 4760 1706 4811 ὁ
1740 4739 1782 4793 D
1814 4780 1817 4816 ι

1740 4739 1782 4793 D
1814 4763 2066 4816 nimirum
2130 4776 2248 4829 quae
2304 4761 2381 4815 illi
2433 4769 2557 4815 sunt
2604 4760 2819 4830 placita.
2870 4759 3178 4816 Delectatus
3227 4763 3369 4818 enim

155 4848 360 4916 νυμφίος
388 4847 641 4918 καθάπερ
674 4846 859 4917 νύμφῃ
891 4849 955 4917 τῇ
989 4845 1099 4900 τῶν
1136 4847 1358 4900 δικαίων
1390 4848 1532 4920 ψυχῇ
1552 4888 1567 4907 .
1598 4850 1705 4903 ἀπὸ

1813 4868 2043 4921 sponsus
2092 4853 2362 4920 juswrum
2416 4853 2595 4907 anima
2656 4852 2821 4908 veluti
2871 4870 3107 4924 sponsa,
3160 4856 3375 4909 virtutis

155 4935 242 4990 τῶν
268 4936 443 5010 ἔργων
471 4937 574 5007 τῆς
596 4938 818 5010 ἀρετῆς,
851 4938 912 4991 οὐ
944 4938 1152 5009 χερσὶν,
1186 4938 1319 4993 ἀλλά
1343 4939 1709 5012 ἐλεημοσύνη,
1764 4931 1767 4933 ί
1808 4952 1817 4997 1

1764 4931 1767 4933 ί
1808 4952 2022 4999 tenetur
2057 4945 2313 5013 operibus
2336 4985 2351 5010 ,
2388 4959 2497 5000 non
2533 4944 2781 5001 manibus
2805 4989 2819 5005 .
2855 4947 2948 5002 sed
2991 4951 3372 5019 eleemosyua,

155 5027 232 5079 aut
265 5028 610 5101 σωφροσύνῃ.
646 5026 740 5082 καὶ
772 5029 903 5099 εὐχῇ
928 5028 1319 5101 κρατούμενος.

210 5209 251 5242 ⁸⁷
284 5211 384 5266 Isa.
417 5228 532 5272 ιιι.
569 5214 621 5268 I.

218 5394 313 5462 129)
354 5394 527 5470 Vatic.
569 5396 697 5470 edit.
748 5399 905 5470 habet
942 5401 1034 5455 καὶ
1079 5401 1348 5470 ἁναμέσον
1402 5403 1497 5457 τοῦ
1541 5405 1697 5463 Θεοῦ.

154 5467 227 5518 ll‘m
265 5482 433 5539 vero,
466 5467 499 5539 ἢ
545 5467 646 5521 οὐκ
698 5469 867 5539 ίσχύει
915 5471 1009 5524 τοῦ
1043 5467 1341 5539 ἐξελέσθαι,
1385 5476 1581 5529 absunt.
1633 5479 1700 5531 ab

155 5536 379 5589 omnibus
404 5536 541 5591 Bibl.
583 5536 928 5594 editiouibus.

211 5604 311 5682 ῥῷ)
349 5605 658 5682 Legendum
688 5609 1132 5682 ἀναστησαμένη.

212 5676 311 5745 (5t)
350 5675 495 5744 Lego
527 5679 574 5730 εί
604 5679 720 5736 καί.

155 5744 317 5870 eos?)
357 5747 450 5801 Sic
478 5747 820 5806 scribendum
862 5766 957 5822 pro
993 5751 1175 5821 ὲλαιῶ,
1217 5755 1305 5824 qui
1335 5771 1488 5812 error
1515 5764 1595 5811 cst
1644 5756 1696 5811 in

1805 5036 2051 5090 castitate
2077 5041 2131 5088 et
2165 5034 2391 5090 ratione.

712 5214 755 5247 "
794 5212 980 5269 Matth.
1014 5230 1107 5281 vn,
1150 5215 1237 5269 Η.
1326 5216 1370 5249 ²⁹
1400 5217 1499 5273 Isa.
1549 5236 1644 5286 LII,
1679 5220 1735 5274 2.
1810 5222 1855 5253 “
1888 5221 2052 5277 Eccli.
2082 5237 2227 5283 xvu.
2272 5222 2361 5291 25,
2386 5222 2476 5277 26.
2552 5224 2592 5255 ³¹
2637 5222 2742 5279 Isa.
2779 5239 2866 5290 Lv,
2891 5224 2941 5289 6,
2971 5224 3021 5280 7.

1877 5406 1989 5476 (55)
2049 5406 2317 5460 Revocavt
2374 5405 2470 5461 bas
2514 5402 2646 5458 duas
2692 5419 2876 5469 voces,
2931 5422 3047 5476 quae
3102 5407 3296 5465 absunt
3342 5424 3367 5461 a

1802 5478 1956 5529 codd.

1874 5545 1985 5615 (54)
2030 5544 2197 5599 Vatic.
2228 5545 2357 5603 edit.
2388 5546 2595 5615 ἀφῆκα,
2636 5545 2820 5601 Lectio
2856 5546 3093 5601 Philonis
3128 5547 3178 5600 in
3212 5549 3366 5604 nullis

1804 5616 2194 5688 apparetqedit.
2236 5615 2543 5688 apudﬂBos.
2595 5618 2837 5688 prosilire
2884 5632 3010 5670 vero
3048 5619 3254 5671 accedit
3290 5621 3365 5688 ,οὐ

1803 5684 2146 5757 lect._Sc_ho|.
2166 5701 2335 5757 quam
2376 5684 2615 5757 Nobilius
2641 5686 2793 5739 aliert
2819 5687 3023 5757 ἀνήσωΪ

1878 5754 1990 5824 (35)
2030 5753 2336 5809 Lectidnem
2383 5756 2519 5826 hanc
2567 5758 2836 5826 desumpsi
2889 5753 2949 5812 ex
2988 5754 3174 5812 Vallis.
3221 5758 3365 5822 cod.;

1803 5822 1963 5878 θαι-ι).
1988 5834 2039 5877 et
2063 5840 2211 5879 meus
2240 5824 2441 5895 ἀρεστὰ
2465 5825 2647 5878 αὐτοῦ.
