4208 6312
189 371 239 427 ει
1112 376 1515 436 ENARRATIO
1554 378 1621 435 IN
1660 379 2015 441 CANTICUM
2054 384 2526 447 CANTICORUM.
2884 371 2887 373 ’
3380 385 3453 440 83

188 488 412 543 δυνατῶν
467 485 713 561 Ἰσραὴλ,
762 492 889 555 τοὺς
948 493 1295 558 ἀποστόλους,
1344 494 1471 560 τοὺς
1505 496 1613 549 ἀπὸ
1659 494 1767 550 τῶν

1874 516 2019 571 cere,
2070 518 2133 558 ex
2183 506 2492 574 potentibus
2536 503 2724 571 Israel,
2761 502 3031 577 apostolos
3060 522 3076 561 :
3104 504 3194 575 qui
3223 518 3289 559 ex
3325 520 3449 574 pro-

189 580 474 655 προφητῶν
518 581 901 653 ὁρμωμένους,
942 584 1035 637 καὶ
1066 584 1166 648 τὰς
1195 587 1327 657 περὶ
1351 584 1591 657 Χριστοῦ
1619 602 1760 658 μαρ-

184 673 361 746 τυρίας
390 674 458 728 ὲκ
484 673 594 728 τῶν
627 675 927 747 προφητῶν
976 676 1347 742 συνιστῶντας
1385 679 1529 750 (45)·
1570 680 1632 733 τὸ
1682 679 1760 747 δὲ,

189 783 206 817 ι
236 766 526 837 ἑξήκοντα,
556 785 576 820 ι
611 754 686 839 μὴ
708 768 798 822 τὸν
824 768 1059 841 ἀριθμὸν
1084 770 1298 836 σκόπει,
1327 771 1463 826 ἀλλὰ
1484 770 1549 825 τὸ
1578 771 1765 843 ἐξελη-

183 856 394 911 λυθέναι
448 858 654 923 αὐτοὺς
703 860 767 913 ὲκ
818 860 925 931 τῆς
966 862 1300 933 περιτομῆς,
1358 862 1453 917 καὶ
1497 861 1591 916 τοῦ
1621 862 1765 917 κατὰ

186 950 411 1021 γράμμα
430 951 620 1022 νόμου.
656 970 675 1001 ι
696 953 910 1018 Πάντας
934 953 990 1006 δὲ
1008 955 1208 1018 αὐτοὺς
1245 975 1263 1006 ι
1284 954 1430 1025 λέγει
1461 975 1479 1009 ι
1508 955 1765 1026 κατέχον-

185 1059 272 1105 τας
303 1044 614 1114 ῥομφαίαν·
661 1063 679 1096 ι
724 1046 912 1117 ἐπειδὴ
954 1046 1158 1110 πάντες
1208 1046 1299 1100 τὸν
1338 1047 1432 1102 τοῦ
1465 1047 1601 1102 Θεοῦ
1628 1065 1763 1103 κατ-

187 1134 357 1204 έχουσι
387 1134 553 1206 νόμον
576 1135 671 1188 καὶ
693 1134 873 1203 λόγον.
910 1154 929 1187 ι
956 1134 1072 1189 Ζῶν
1103 1135 1211 1208 γὰρ
1241 1139 1269 1191 ὁ
1302 1136 1460 1207 λόγος
1483 1137 1575 1192 τοῦ
1604 1137 1762 1205 Θεοῦ,

187 1223 269 1280 καὶ
312 1225 572 1297 ἐνεργὴς,
627 1227 723 1280 καὶ
754 1225 1065 1299 τομώτερος
1104 1227 1247 1301 ὑπὲρ
1273 1230 1454 1283 πᾶσαν
1487 1224 1762 1305 μάχαιραν

185 1317 482 1389 δίστομον.»
509 1350 582 1361 -
616 1336 635 1370 ι
662 1319 1046 1390 Δεδιδαγμένοι
1094 1320 1173 1384 είς
1224 1320 1482 1393 πόλεμον,
1505 1342 1524 1375 ι
1573 1324 1633 1377 οὐ
1670 1324 1762 1377 τὸν

188 1408 309 1481 πρὸς
344 1409 688 1483 ἀνθρώπους,
725 1410 861 1465 ἀλλὰ
893 1430 911 1464 ι
935 1411 1072 1484 πρὸς
1111 1411 1179 1466 τὰ
1208 1413 1496 1487 πνεύματα
1527 1415 1639 1488 (46)
1664 1418 1762 1489 τῆς

188 1501 463 1573 πονηρίας,
493 1520 512 1555 ι
542 1503 685 1556 κατὰ
714 1503 804 1556 τὸν
830 1502 1053 1573 λέγοντα
1086 1506 1402 1578 προφήτην·
1439 1526 1457 1561 ι
1495 1508 1553 1563 ⁸0
1582 1509 1763 1581 πραῢς

188 1593 315 1647 εστω
343 1594 618 1666 μαχητής.
646 1612 666 1645 ι

246 1687 370 1743 IIB'.
417 1687 601 1758 Ἀνὴρ
618 1689 889 1765 ῥομφαία
936 1692 1124 1747 αὑτοῦ
1158 1692 1257 1747 ἐπὶ
1290 1693 1398 1748 τὸν
1431 1694 1632 1765 μηρὸν
1658 1697 1763 1750 αὐ-

186 1797 299 1836 του.

1872 595 2049 665 phetis
2098 596 2448 667 prodierunt,
2498 607 2553 653 et
2600 596 2799 653 Christi
2847 596 3153 654 testimonia
3204 610 3271 651 ex
3324 611 3449 664 pro-

1868 690 2049 759 phetis
2099 690 2459 761 collegerunt.
2518 692 2670 759 Quod
2724 705 2854 746 vero
2907 690 3140 763 pertinet
3187 689 3255 744 ad
3316 688 3447 745 illud

1872 786 2249 856 «sexaginta,»
2303 802 2369 842 ne
2401 787 2658 860 respicias
2692 787 2758 842 ad
2798 801 3117 853 numerum;
3156 786 3250 843 sed
3290 788 3449 843 intel-

1866 874 1973 946 lige
2023 890 2117 931 eos
2169 877 2442 948 prodiisse
2501 894 2568 933 ex
2624 876 3044 934 circumcisione
3099 888 3154 933 et
3205 892 3272 934 ex
3330 878 3451 949 lego

1868 969 2165 1030 secundum
2215 968 2473 1027 litteram.
2508 989 2527 1024 ι
2558 969 2793 1036 Omnes,
2823 989 2844 1023 ι
2873 970 3025 1037 ait“
3051 979 3295 1027 tenentes
3327 969 3447 1041 gla-

1864 1060 2049 1128 dium;
2081 1082 2100 1116 ι
2144 1075 2335 1118 omnes
2391 1062 2535 1117 enim
2596 1062 2688 1117 Dei
2744 1063 2915 1133 legem
2980 1070 3167 1117 tenent
3218 1070 3273 1116 et
3327 1075 3447 1115 sen-

1866 1167 2101 1209 monem.
2139 1172 2158 1206 ι
2194 1154 2360 1209 Vivus
2418 1153 2561 1209 enim
2605 1163 2690 1209 est
2741 1168 2921 1210 sermo
2976 1153 3090 1217 Dei,
3147 1161 3201 1207 et
3233 1150 3444 1215 elIicax,

1864 1255 1920 1299 et
1949 1244 2335 1312 penetrabilior
2364 1244 2511 1299 omni
2543 1243 2720 1314 gladio
2750 1243 2973 1314 ancipiti
3002 1243 3102 1295 ".i
3138 1271 3202 1282 —
3243 1260 3263 1292 ‹
3292 1241 3445 1296 Docti

1867 1334 2088 1403 bellum,
2128 1356 2147 1389 ι
2185 1352 2291 1393 non
2352 1337 2611 1393 adversus
2668 1336 2937 1403 homines,
2994 1336 3088 1392 sed
3123 1352 3143 1388 ι
3188 1333 3446 1389 adversus

1866 1428 2090 1499 spiritus
2156 1430 2411 1499 nequitia:
2484 1429 2570 1496 “,
2606 1448 2625 1483 ι
2657 1431 2811 1499 juxta
2879 1429 3200 1501 prophetam
3269 1425 3449 1483 dicen-

1868 1532 1971 1579 tem
2003 1543 2018 1579 :
2056 1541 2075 1575 ι
2109 1520 2421 1578 Mansuetus
2471 1521 2543 1576 sit
2591 1530 2857 1592 pugnator
2907 1521 2971 1575 ".
3014 1538 3034 1573 ι

1937 1700 2194 1757 LXXXII.
2247 1700 2343 1755 Vir
2376 1699 2585 1772 gladius
2623 1696 2736 1767 ejus
2769 1713 2925 1766 super
2963 1697 3134 1767 femur
3165 1713 3301 1767 qua.

256 1872 557 1942 Ῥομφαίαν
585 1872 677 1926 ἐπὶ
698 1873 789 1927 τὸν
818 1874 992 1946 μηρὸν
1030 1876 1121 1929 τὸν
1146 1877 1310 1947 νόμον
1339 1875 1512 1945 λέγει,
1544 1876 1638 1932 τὸν
1663 1876 1763 1948 τῆς

1940 1877 2187 1940 Gladium
2242 1893 2404 1947 supra
2460 1877 2634 1933 femur
2686 1877 2854 1947 legem
2898 1874 3181 1946 intelligit,
3237 1883 3292 1929 et
3344 1890 3444 1944 pu-

188 1965 536 2036 σωφροσύνης
558 1966 841 2037 λογισμὸν,
876 1968 969 2021 τὸν
999 1968 1271 2039 τέμνοντα
1312 1968 1382 2024 τὰ
1413 1970 1511 2042 τῆς
1564 1970 1766 2043 σαρκὸς

190 2055 345 2127 πάθη,
376 2058 474 2112 καὶ
503 2058 603 2123 τὰς
636 2060 834 2130 γηίνας
878 2061 1194 2131 ἐπιθυμίας.

248 2147 370 2202 ΗΓ.
428 2148 563 2203 Ἀπὸ
594 2150 859 2219 θάμϐους
891 2151 960 2205 ἐν
988 2152 1191 2217 νυξίν.

259 2240 716 2312 Έκθαμϐουμένη
751 2241 859 2313 γὰρ
888 2243 922 2313 ἡ
953 2241 1062 2295 τῶν
1086 2241 1325 2296 εὐσεϐῶν
1359 2242 1590 2309 διάνοια,
1647 2242 1763 2309 πῶς

185 2328 259 2397 οἷς
282 2333 356 2405 μὴ
384 2333 500 2402 (47)
539 2332 788 2404 βούλεται
816 2333 1180 2404 παραπίπτει,
1211 2335 1352 2390 κατὰ
1385 2335 1478 2390 τὸν
1505 2335 1762 2404 λέγονταο

190 2442 207 2476 ι
242 2426 303 2477 Ὃ
330 2424 391 2477 οὐ
418 2423 581 2490 θέλω,
618 2423 777 2478 τοῦτο
806 2424 962 2479 ποιῶ.
989 2444 1008 2476 ι
1054 2425 1141 2480 Ἐν
1176 2425 1296 2490 νυξὶ
1335 2427 1525 2497 τέμνει
1560 2426 1670 2497 (48)
1697 2425 1765 2479 τὰ

186 2516 464 2589 θελήματα
500 2518 599 2589 τῆς
661 2518 898 2589 σαρκὸς,
953 2516 1040 2570 ἵνα
1114 2518 1472 2591 σωφροσύνην
1525 2517 1765 2590 θωρακι-

187 2610 363 2665 σθείσα
388 2609 526 2679 (49),
561 2610 662 2682 τὴν
688 2610 1119 2681 ἀκαταίο-χυντον
1161 2610 1272 2683 (50)
1300 2612 1436 2683 πρὸς
1460 2610 1592 2665 Θεὸν
1628 2610 1765 2684 εὕρῃ

185 2701 514 2772 παρρησίαν.
570 2701 660 2753 Ἐν
692 2700 873 2772 ταυτῷ
906 2701 1019 2773 (51)
1057 2702 1113 2755 δὲ
1151 2702 1247 2756 καὶ
1298 2701 1493 2775 ἑτέραν
1532 2704 1561 2757 ὁ
1608 2701 1765 2772 λόγος

184 2790 475 2843 αἰνίττεται
519 2790 927 2862 πραγματείαν.
964 2790 1211 2860 Λέγουσα
1247 2789 1358 2865 γὰρ
1402 2790 1541 2864 αὕτη
1578 2793 1612 2863 ή
1645 2791 1764 2846 θεία

188 2882 369 2956 Γραφή
389 2899 405 2915 ·
449 2900 467 2934 ι
501 2882 599 2946 Τίς
624 2881 814 2954 αῦτηή
842 2882 1208 2938 ἀναϐαίνουσα
1234 2883 1344 2937 ἀπὸ
1384 2884 1485 2955 τῆς
1519 2885 1761 2957 ἐρήμου,

184 2974 253 3039 ὡς
285 2973 514 3045 στελέχη
560 2971 768 3028 καπνοῦ
799 2974 1210 3046 τεθυμιαμένης
1252 2994 1271 3028 ι
1296 2974 1395 3047 τὴν
1440 2974 1765 3048 Ἐκκλησίαν

184 3066 475 3120 αἰνίττεται
504 3065 899 3121 ἀναϐαίνουσαν
921 3066 1029 3121 ἀπὸ
1043 3068 1141 3138 τῆς
1171 3068 1550 3139 ἐρημωθείσης
1572 3069 1767 3140 Ἰερου-

187 3157 380 3227 σαλήμ.
410 3157 475 3211 Εἰ
506 3156 616 3229 γὰρ
652 3156 727 3228 μὴ
775 3157 958 3228 ἐκείνη
994 3157 1092 3221 τὰς
1140 3159 1330 3230 χεῖρας
1366 3157 1634 3213 ἐπέϐαλεν
1672 3158 1765 3212 ἐπὶ

184 3246 268 3300 τὸν
313 3248 577 3319 Σωτῆρα,
618 3248 719 3301 οὐκ
762 3248 828 3302 ἂν
864 3248 1001 3319 αὐτὴ
1050 3248 1299 3303 ἐπλούτει
1338 3248 1435 3321 τὴν
1480 3252 1561 3315 είς
1604 3250 1765 3305 αὐτὸν

186 3338 359 3391 πίστιν
379 3379 396 3400 ,
440 3337 516 3402 ῶς
551 3355 717 3407 φησιν
757 3337 1076 3403 Ἀπόστολος
1104 3356 1118 3371 ο
1162 3358 1181 3393 ι
1229 3340 1294 3393 Εἰ
1326 3342 1358 3412 ἡ
1387 3341 1635 3413 ἁμαρτία
1664 3343 1765 3397 αύ-

184 3428 283 3481 τιῖιν
305 3428 443 3499 (52),
481 3429 712 3493 πλοῦτος
739 3428 832 3483 τοῦ
861 3429 1029 3500 νόμου
1054 3470 1067 3495 ,
1102 3430 1198 3484 καὶ
1229 3432 1262 3503 ἡ
1287 3431 1527 3503 ἀποϐολὴ
1559 3432 1762 3499 αὐτῶν,

186 3520 410 3585 πλοῦτος
433 3520 632 3575 ἐθνῶν·
667 3521 751 3585 τίς
780 3523 813 3593 ἡ
845 3521 1176 3593 πρόσληψις,
1211 3525 1259 3577 εί
1300 3523 1374 3596 μὴ
1420 3522 1534 3596 ζωὴ
1570 3526 1634 3579 ὲκ
1676 3543 1767 3579 νε·-

185 3612 363 3685 κρῶν;
412 3632 432 3666 ι
468 3612 595 3667 Ὅτι
618 3612 673 3666 δὲ
712 3612 921 3685 ἔρημος
970 3612 1184 3686 ἔμεινεν
1237 3609 1455 3687 ἐκείνη,
1502 3620 1771 3691 μαρτυρεῖ

188 3723 274 3777 μοι
324 3706 354 3759 ὁ
410 3703 793 3776 εῦσπλαγχνος
841 3707 1074 3779 Χριστὸς
1118 3706 1292 3778 λέγων
1338 3708 1477 3780 πρὸς
1528 3707 1726 3771 αύτούς
1752 3726 1765 3742 ·

190 3812 208 3848 ι
258 3797 392 3851 Ἰδοὺ
421 3796 645 3866 ἀφίεται
669 3798 697 3849 ὁ
726 3791 875 3859 οἶκος
903 3796 1058 3868 ὑμῶν
1102 3796 1327 3870 ἔρημος.
1372 3817 1389 3850 ι
1438 3797 1533 3852 Ἐκ
1565 3796 1769 3871 ταύτης

185 3882 270 3942 οὖν
305 3888 408 3960 τῆς
447 3890 657 3961 ἐρήμου
708 3887 819 3959 (55)
864 3888 1241 3942 ἀναδείκνυται
1279 3890 1313 3959 ἡ
1349 3887 1647 3959 Ἐκκλησία
1682 3888 1769 3943 διὰ

184 3982 272 4036 τοῦ
313 3981 577 4053 σταυροῦ.
624 3982 717 4036 Διὸ
755 3982 907 4052 λέγει
951 3981 1088 4052 πρὸς
1127 3982 1328 4054 αὐτὴν
1365 3999 1384 4033 ι
1421 3981 1518 4044 Τίς
1551 3980 1689 4053 αὕτη
1731 3984 1765 4053 ή

185 4073 553 4127 ἀναϐαίνουσα
582 4073 691 4127 ἀπὸ
734 4073 834 4144 τῆς
876 4074 1108 4150 ἐρήμου,
1160 4073 1236 4135 ὡς
1291 4072 1519 4142 στελέχη
1554 4070 1765 4127 καπνοῦ

184 4162 554 4235 τεθυμιαμὲνη
577 4181 591 4229 ;
615 4184 631 4215 ι
678 4163 866 4235 ἐπειδὴ
903 4163 991 4218 διὰ
1024 4162 1120 4216 τοῦ
1150 4161 1355 4226 πάθους
1402 4162 1501 4233 τὴν
1541 4162 1769 4215 εὐωδίαν

188 4254 465 4319 (avenam,
497 4257 597 4327 τὴν
619 4256 700 4318 είς
715 4254 949 4327 Χριστὸν
979 4256 1162 4308 πίστιν
1188 4253 1408 4327 δηλαδή.
1436 4254 1630 4307 Καίτοι
1653 4254 1767 4326 (54)

184 4349 242 4405 τὸ
261 4349 518 4421 θυμίαμα
539 4349 601 4401 ού
628 4349 828 4418 σιωπᾷ.
856 4366 873 4398 ι
889 4346 1192 4419 Σμύρναν,ι
1221 4345 1375 4416 φησὶ,
1403 4363 1421 4396 ι
1441 4346 1532 4399 καὶ
1554 4345 1770 4401 λίϐανον

186 4441 287 4497 ἀπὸ
316 4441 546 4495 πάντων
581 4440 871 4511 κονιορτῶν
920 4432 1195 4511 μυρεψοῦ·
1236 4457 1254 4489 ι
1303 4437 1552 4509 σμύρναν
1582 4438 1671 4493 διὰ
1705 4440 1769 4493 τὸ

1868 1970 2019 2026 dicas
2081 1970 2434 2040 cogitationes
2502 1984 2622 2041 quae
2676 1969 2924 2024 carnales
2992 1965 3220 2023 allectus
3274 1976 3448 2023 terre—

1869 2076 2073 2132 nasque
2119 2062 2445 2132 cupiditates
2499 2062 2849 2118 abscindunt.

1940 2152 2227 2211 LXXXIII.
2267 2154 2309 2207 Α
2347 2171 2537 2222 pavore
2587 2156 2642 2209 in
2697 2153 2961 2210 noctibus.

1938 2243 2088 2301 Mens
2114 2246 2259 2301 enim
2286 2246 2501 2316 piorum
2531 2244 2723 2315 pavida
2750 2253 2871 2312 est,
2905 2259 2973 2299 ne
3010 2242 3063 2298 in
3089 2256 3150 2298 ea
3179 2255 3300 2311 quas
3336 2254 3451 2295 non

1868 2336 2013 2402 vult,
2062 2335 2300 2401 incidat,
2339 2335 2494 2406 juxta
2538 2335 2898 2406 Apostoluni,
2944 2336 3034 2405 qui
3085 2334 3207 2389 ait:
3245 2351 3263 2384 ι
3296 2332 3449 2397 Quod

1868 2430 2028 2495 nolo,
2058 2428 2187 2483 illud
2222 2428 2361 2484 facio
2391 2428 2458 2482 ³⁸.
2490 2446 2509 2479 ι
2538 2428 2597 2481 In
2627 2428 2878 2484 noctibus
2908 2427 3174 2482 abscindit
3202 2424 3445 2480 volunta-

1869 2533 1951 2579 tes
2000 2523 2215 2586 carnis,
2261 2530 2321 2576 ut
2358 2520 2620 2592 pudicitia
2670 2531 2928 2591 tanquam
2984 2520 3204 2575 thorace
3242 2519 3450 2573 munita

1869 2612 2119 2669 ﬁduciam
2142 2612 2357 2668 ruboris
2384 2622 2663 2680 expertem
2691 2612 2832 2682 apud
2860 2611 3027 2666 Deum
3054 2618 3447 2681 consequatur.

1868 2705 1982 2761 IIoc
2009 2706 2126 2775 ipso
2155 2701 2491 2759 etiamaliud
2517 2702 2791 2773 quidpiam
2820 2703 3111 2773 signiﬁcat.
3140 2701 3273 2758 Cum
3300 2700 3446 2757 enim

1870 2798 1985 2853 haec
2035 2795 2215 2851 divina
2264 2794 2542 2864 Scriptura
2585 2795 2762 2851 dicit:
2797 2812 2815 2847 ι
2848 2794 2980 2862 Quae
3022 2802 3108 2851 est
3147 2794 3287 2861 ista,
3331 2807 3451 2862 qua

1868 2886 2162 2942 ascendite
2182 2886 2396 2942 deserto
2422 2892 2677 2956 tanquam
2700 2892 2925 2941 truncus
2954 2884 3085 2939 fumi
3113 2888 3365 2940 incensus
3388 2881 3448 2937 In

1868 2979 2165 3037 Ecclesiam
2208 2977 2480 3050 significat
2518 2979 2901 3034 ascendentem
2933 2991 2965 3033 e
2995 2977 3211 3033 deserto
3254 2975 3449 3031 ωσι-υς

1869 3072 2061 3128 salem.
2092 3070 2149 3125 Si
2182 3071 2323 3126 enim
2355 3070 2472 3125 haec
2506 3085 2613 3126 non
2660 3069 2938 3140 iniecisset
2972 3083 3163 3123 manus
3226 3067 3279 3123 in
3328 3066 3451 3123 Sal-

1870 3172 2150 3230 vatorem,
2199 3162 2287 3218 illa
2337 3161 2392 3217 in
2441 3161 2555 3233 ejus
2608 3160 2712 3217 (ide
2764 3162 2918 3217 dives
2958 3175 3063 3215 non
3114 3159 3333 3224 fuisset,
3390 3169 3450 3213 ut

1869 3257 1949 3313 ait
1977 3254 2268 3327 Apostolus
2298 3274 2311 3310 :
2345 3273 2363 3307 ι
2402 3254 2462 3310 Si
2498 3263 2680 3310 autem
2709 3262 2990 3324 peccatum
3022 3266 3209 3307 eorum
3245 3250 3447 3306 divitiae

1871 3348 2098 3420 mundi,
2145 3356 2201 3404 et
2234 3348 2476 3419 ,ahjectio
2515 3361 2703 3403 eorum
2750 3346 2951 3402 divitias
2995 3345 3279 3415 gentium;
3329 3358 3451 3414 qua:

1871 3441 2199 3511 assumptio,
2237 3440 2346 3502 nisi
2392 3439 2500 3494 vita
2531 3453 2598 3494 ex
2643 3436 2871 3494 mortuis
2905 3436 2992 3491 ³⁵2
3025 3456 3043 3489 ι
3069 3435 3222 3504 Quod
3266 3447 3449 3489 autem

1872 3533 1963 3588 illa
2002 3532 2215 3588 deserta
2250 3531 2609 3595 remanserit,
2644 3529 2800 3585 testis
2835 3536 2918 3584 est
2951 3528 3085 3584 mihi
3134 3527 3450 3583 misericors

1871 3625 2122 3683 Christus
2154 3626 2339 3681 dicens
2368 3624 2513 3680 illis:
2546 3639 2565 3673 ι
2595 3623 2733 3679 Ecce
2755 3621 3098 3691 relinquetur
3124 3620 3317 3676 domus
3345 3632 3447 3673 ve-

1872 3727 1984 3776 stra
2033 3717 2249 3775 deserta
2278 3716 2345 3773 “.
2380 3735 2400 3769 ι
2431 3715 2507 3772 Ex
2559 3715 2868 3786 hoc.lgitur
2912 3713 3128 3768 deserto
3168 3709 3311 3766 edita
3365 3719 3451 3765 est

1870 3809 2118 3868 Ecclesia
2163 3825 2262 3881 per
2310 3824 2551 3866 crucem.
2603 3806 2898 3876 Propterea
2946 3803 3081 3859 dicit
3114 3801 3180 3856 ad
3229 3802 3401 3871 ipsam
3431 3818 3459 3857 :-

1879 3920 1897 3954 ι
1927 3902 2058 3969 Quae
2087 3909 2169 3955 est
2216 3900 2318 3956 ista
2342 3937 2358 3962 ,
2390 3912 2511 3968 quas
2539 3896 2787 3953 ascendit
2817 3909 2849 3951 e
2876 3894 3095 3950 deserto
3121 3892 3264 3947 sicut
3294 3900 3451 3944 trun-

1872 4008 1969 4051 cus
2010 3991 2143 4047 fumi
2193 3988 2495 4045 incensus?
2524 4007 2543 4041 ι
2570 3989 2693 4058 quia
2738 4002 2834 4056 per
2873 3984 3179 4055 passionem
3223 3980 3460 4052 spiravit.

1873 4087 2126 4146 odorem,
2174 4081 2335 4136 ﬁdem
2384 4080 2591 4135 scilicet
2622 4079 2675 4133 in
2706 4077 3003 4133 Christum.
3038 4072 3224 4142 Neque
3254 4070 3451 4124 lucens

1873 4190 1991 4232 sum
2021 4174 2243 4229 tacitum
2288 4171 2579 4239 relinquit:
2617 4193 2635 4220 ι
2665 4168 2936 4240 Myrrham
2960 4206 2975 4230 ,
3009 4184 3027 4218 ι
3060 4165 3165 4229 ait,
3199 4180 3218 4214 ι
3243 4169 3298 4215 et
3329 4160 3456 4214 thus

1874 4281 1943 4322 ex
2005 4265 2257 4321 omnibus
2309 4260 2624 4332 pulverihus
2685 4255 3074 4328 unguentarii:
3114 4272 3134 4307 ι
3174 4249 3453 4322 myrrham

1873 4368 2094 4427 pr0pter
2120 4353 2428 4424 passionem
2454 4392 2470 4416 ,
2498 4354 2622 4407 thus
2643 4356 2863 4420 propter
2882 4345 3244 4400 divinitatem.
3271 4358 3290 4397 ι
3316 4339 3456 4397 Ecce

1875 4446 2050 4501 lectus
2072 4440 2667 4500 Salomonis.iLectuin
2697 4436 2940 4506 iutellige
2965 4431 3273 4504 sepulcrum
3296 4428 3451 4495 Jesu,

186 4536 374 4599 πάθος,
408 4536 506 4589 καὶ
533 4533 750 4589 λίϐανον
787 4534 877 4588 διὰ
904 4533 1000 4605 τὴν
1024 4533 1276 4604 θεότητα.
1312 4552 1331 4585 ι
1383 4533 1513 4587 Ἰδοὺ
1552 4535 1585 4606 ἡ
1615 4533 1767 4607 κλίνη

1878 4536 2183 4608 (ιυίνοιιιιιία
2216 4533 2429 4605 pacavit
2456 4548 2552 4604 per
2578 4546 2729 4587 suam
2767 4528 3073 4605 passionem
3108 4534 3165 4581 et
3208 4534 3453 4578 resurre-

186 4627 468 4701 Σαλομών.
499 4648 519 4681 ι
554 4627 760 4701 Κλίνην
794 4644 884 4699 μοι
926 4627 1056 4690 νόει,
1102 4626 1162 4680 τὸ
1194 4626 1383 4698 μνῆμα
1428 4624 1524 4678 τοῦ
1574 4626 1772 4697 Ἰησοῦ,

184 4718 272 4773 τοῦ
306 4721 731 4794 εἰρηνεύσαντος
764 4720 830 4774 τὰ
867 4720 1047 4773 πάντα
1090 4717 1180 4773 διὰ
1224 4717 1319 4771 τοῦ
1370 4716 1499 4771 ἰδίου
1558 4716 1771 4782 πάθους

258 4859 301 4892 ³⁸
343 4858 519 4915 Hebr.
552 4875 625 4922 tv,
665 4859 752 4915 l2.
862 4859 907 4891 ³⁸
951 4858 1149 4924 Ephes.
1212 4872 1261 4912 νι
1287 4901 1301 4924 ,
1340 4858 1425 4913 12.

189 4931 228 4963 ⁸⁸
268 4928 469 4986 Matth.
504 4944 677 4996 mu,
712 4931 802 4985 '58.
876 4928 921 4961 “
963 4928 1154 4983 Matth.
1191 4944 1362 4983 xxviii
1391 4969 1406 4995 ,
1441 4928 1492 4982 6.

256 5071 370 5141 (45)
415 5069 499 5125 Ex
538 5068 727 5141 Mutin:
760 5078 808 5124 el
838 5067 1028 5141 Vallic.
1056 5066 1563 5141 veranllectionnem
1595 5066 1773 5121 elicul.

189 5134 361 5196 Prave
410 5156 569 5195 meus
606 5150 659 5193 et
693 5136 853 5193 Barb.
881 5138 1168 5208 τοὺςνπερὶ
1217 5134 1455 5208 Χριστοῦ
1496 5135 1779 5207 μάρτυρας

191 5214 249 5265 ὲκ
276 5210 389 5264 τῶν
415 5210 777 5281 προφητικῶν
802 5207 1189 5270 συνιστῶντας.

257 5281 371 5350 (46)
417 5276 484 5333 θ’.
516 5276 715 5334 Paulus
743 5280 903 5334 habet
930 5276 1298 5348 πνευματικὰ.

258 5354 373 5421 (47)
418 5352 567 5421 Lego
596 5352 813 5421 μήπωςτ
869 5410 901 5421 Δ

280 5423 374 5491 48)
420 5416 841 5491 διιῖειίιειιιιιινὶ.
868 5416 1028 5491 Bari).
1049 5428 1117 5491 _et
1149 5418 1509 5491 Valliﬁspvn.

268 5487 373 5563 (49)
422 5490 632 5563 Duplici
683 5505 872 5544 errore
938 5487 1105 5543 Barb.
1156 5498 1208 5543 et
1269 5487 1485 5545 Vallic.
1524 5496 1576 5542 ct
1632 5502 1782 5541 meus

194 5560 564 5636 θορακισθείς.

266 5626 381 5703 (51))
430 5629 600 5703 Vetus
648 5630 878 5703 interpr.
920 5627 1111 5703 _vertit,
1168 5626 1723 5697 «inexpugnabilem:
1761 5647 1777 5677 ι

202 5697 394 5775 legisse
424 5702 641 5775 videtur
660 5697 1123 5775 dxacapdmcov.

264 5767 379 5843 (51)
429 5772 621 5827 Valiic.
657 5772 715 5823 ἐν
758 5767 940 5824 causa
982 5768 1139 5823 Barlt.
1179 5769 1235 5818 ὲν
1267 5769 1311 5820 τ’
1346 5769 1493 5823 αὐτά.
1552 5767 1782 5836 Uterque

202 5861 380 5914 prave.

1533 4858 1580 4890 ³⁷
1620 4856 1733 4919 Ioel
1785 4878 1874 4930 ιιι,
1938 4864 2021 4918 ll.

1882 4629 2138 4686 ctionem.
2180 4628 2255 4683 De
2282 4641 2390 4697 quo
2432 4626 2573 4681 lecto
2604 4623 2780 4696 angeli
2808 4623 3038 4678 dicunt:
3073 4637 3092 4673 ι
3122 4618 3263 4673 Ecce
3303 4614 3452 4671 locus

1881 4721 1971 4778 ubi
1994 4721 2216 4793 jacebat
2239 4719 2500 4777 Dominus
2527 4716 2626 4772 δ’.»
2647 4745 2716 4757 -—-
2744 4733 2762 4768 ι
2790 4712 3083 4783 Sexaginta
3116 4713 3367 4780 potentes
3397 4704 3451 4758 in

2130 4862 2172 4896 ³³
2212 4860 2371 4917 Dom.
2423 4875 2535 4925 vti,
2589 4859 2674 4913 ΓΙ.
2790 4858 2832 4891 ³’
2872 4854 3030 4911 Rom.
3070 4869 3156 4918 ιι,
3201 4845 3304 4912 12.
3362 4844 3449 4899 15η

2106 5059 2366 5134 ξἰιιιίἰιιιιε
2416 5058 2740 5134 locns__est_:
2772 5051 2838 5134 El
2892 5051 3050 5134 gavia
3089 5052 3450 5134 ’παράπτωμα

1879 5120 2080 5187 αὐτῶν.
2103 5132 2163 5186 Et
2188 5128 2348 5199 paqu
2378 5135 2532 5199 post:
2558 5126 2622 5180 Ει
2648 5125 2756 5196 γὰρ
2781 5122 3021 5195 ἀποϐολὴ
3044 5120 3221 5178 αὐτῶν
3252 5120 3449 5178 κατα).-

1879 5204 2018 5273 λαγὴ
2052 5197 2278 5271 κόσμου,
2305 5215 2365 5273 κ.
2400 5215 2451 5273 τ.
2487 5197 2539 5252 λ.

1953 5261 2065 5343 (53)
2104 5261 2505 5343 Absurdissime
2544 5276 2650 5322 vet.
2680 5266 2915 5343 interpr.
2952 5280 2967 5317 :
2998 5282 3015 5315 ι
3040 5262 3252 5343 hoc
3289 5261 3450 5343 igitur

1882 5332 2094 5399 deseria
2147 5355 2266 5394 esse
2318 5339 2629 5391 declaratur
2678 5332 2943 5391 Ecclesia.
2976 5354 2995 5387 ι
3046 5334 3150 5387 Sed
3213 5332 3451 5385 Ecclesia

1883 5425 2155 5482 nunquam
2181 5413 2390 5482 deserta
2414 5418 2516 5474 est,
2550 5407 2649 5460 fuit
2678 5411 2867 5482 eritve.
2917 5404 3008 5458 Sic
3043 5406 3309 5482 interpres
3338 5418 3451 5482 ina-

1884 5485 1965 5538 lus
1996 5471 2131 5535 male
2165 5481 2447 5542 vertendo,
2498 5471 2823 5532 Sententiani
2866 5488 3007 5543 saepe
3039 5477 3327 5540 depravat;
3370 5471 3450 5524 in-

1884 5555 2095 5608 terdum
2130 5554 2292 5604 etiam
2316 5548 2606 5603 lectoribus
2643 5547 2861 5600 exhibet
2892 5546 3154 5597 immanes
3188 5555 3402 5596 errores
3430 5561 3445 5596 :

1882 5626 2023 5689 quod
2062 5622 2133 5675 illi
2166 5621 2362 5674 accidit
2396 5619 2606 5673 inscitia
2638 5614 2934 5689 prasertltn
2962 5611 3446 5689 Latiniserntouis.

1883 5682 2054 5748 Etiam
2100 5693 2151 5745 in
2188 5692 2344 5759 hujus
2385 5702 2570 5742 versus
2604 5682 2983 5759 emplanatione
3004 5684 3247 5759 quaedam
3287 5682 3448 5737 habet

1888 5781 1947 5819 ea
1982 5763 2178 5825 vei-sio,
2209 5755 2326 5829 quae
2362 5761 2605 5829 alisnnta
2630 5757 2835 5829 Graecis
2866 5755 3164 5829 codicibus.
3196 5818 3206 5829 Ρ

1959 5834 2070 5904 (Si)
2115 5824 2201 5887 Sic
2228 5824 2528 5885 emendavi.
2572 5826 2789 5882 Barhcr.
2818 5834 2867 5882 Cl
2898 5824 3082 5880 Vallic.
3113 5824 3203 5875 ml
3234 5839 3304 5875 τι.
