4208 6312
786 397 859 458 83

1893 401 2212 459 PHILONIS
2249 400 2557 459 EPISCOPI
2598 401 2916 461 CARPASII

3978 398 4047 456 8s

788 515 1025 571 circuitu
1072 531 1187 585 ejus
1234 531 1299 570 ex
1328 514 1634 583 potentibus
1658 515 1839 586 lsrael,
1874 538 1894 572 ι
1933 520 2054 576 illos
2096 520 2367 589 intelligo,

2475 521 2570 573 καὶ
2608 521 2710 592 τῆς
2754 519 3104 579 ἀναστάσεως
3126 531 3140 547 ’
3172 514 3297 586 περλ⁸
3321 508 3388 585 ἦς
3414 513 3600 585 κλίνης
3626 514 3673 567 οἱ
3708 511 3927 583 ἄγγελοι
3958 510 4047 564 λέ-

789 608 878 674 qui
913 606 1061 661 missi
1096 606 1310 663 fuerunt
1350 623 1381 663 a
1427 605 1672 676 Iudaeis,
1712 619 1772 665 ut
1808 612 2148 668 custodirent
2188 612 2368 681 sepul-

786 713 963 753 crum.
993 716 1013 751 ι
1038 697 1239 754 Omnes
1267 707 1517 755 tenentes
1544 701 1779 772 gladium
1798 746 1814 773 ,
1844 704 1987 758 docti
2022 703 2243 759 bellum.
2277 703 2371 759 Vir

785 787 995 859 gladius
1019 788 1134 857 ejus
1161 805 1326 860 super
1352 790 1529 846 femur
1550 793 1667 863 ejus
1694 807 1724 847 a
1750 806 1955 863 pavore
1986 795 2037 849 in
2063 796 2363 851 noctibus.»

789 878 913 932 Hac
938 881 1081 932 enim
1114 878 1183 934 iis
1210 881 1484 952 contigere
1510 884 1601 952 qui
1636 885 1925 937 servabant
1951 880 2323 954 (sepulcrum)
2349 899 2364 949 ;

785 970 1002 1040 quando
1046 969 1153 1025 illis
1186 972 1554 1038 servantibus,
1606 990 1625 1024 ι
1659 978 1818 1028 terra;
1859 983 2039 1029 motus
2069 974 2244 1029 factus
2284 982 2369 1029 est

785 1076 1013 1130 magnus
1042 1079 1056 1116 :
1087 1062 1313 1133 angelus
1341 1064 1484 1118 enim
1510 1063 1725 1119 Domini
1753 1064 1981 1120 revolvit
2002 1064 2233 1135 lapidem
2262 1067 2360 1119 ".3

783 1149 852 1205 Et
887 1166 951 1207 ea
985 1162 1143 1208 nocte
1175 1155 1451 1224 perterriti
1483 1156 1574 1225 qui
1620 1157 1914 1211 servabant
1943 1156 2363 1229 (sepulcrum).

789 1258 809 1293 ι
843 1240 968 1297 facti
1004 1254 1129 1298 sunt
1175 1244 1322 1298 velut
1368 1246 1570 1301 mortui
1602 1246 1702 1302 ⁸⁸.»
1748 1246 2041 1318 Propterea
2075 1249 2244 1304 dicit:
2276 1267 2293 1301 ι
2321 1250 2366 1301 Α

785 1343 984 1399 pavore
1014 1330 1067 1385 in
1099 1332 1369 1389 noctibus.
1396 1351 1415 1384 ι

854 1594 1146 1655 LXXXIV.
1188 1596 1356 1656 Vsus.
1418 1597 1472 1654 9.
1529 1597 1884 1654 Gestatorium
1932 1599 2034 1654 sibi
2082 1598 2209 1669 fecit
2270 1615 2365 1654 res:

783 1688 1035 1745 Salomon
1077 1706 1142 1744 ea:
1183 1690 1342 1761 lignis
1387 1690 1595 1747 Libani.

855 1781 1227 1837 Gestatorinm
1276 1782 1515 1853 intellige
1558 1782 1727 1851 ipsam
1773 1799 1993 1839 carnem
2041 1783 2355 1856 Unigeniti,

2470 628 2687 681 γουσιν·
2727 631 2745 665 ι
2778 611 2907 665 Ἰδοὺ
2949 611 2978 662 6
3014 609 3207 670 τόπος,
3246 608 3379 659 ὅπου
3418 607 3591 659 ἔκειτο
3616 606 3643 659 6
3688 603 3959 673 Κύριος.»
3983 632 4050 647 .-

2476 718 2495 751 s
2540 700 2834 771 Ἐξήκοντα
2904 698 3120 751 δυνατοὶ
3169 695 3353 766 κύκλῳ
3411 696 3582 765 αὐτῆς
3641 694 3751 748 ἀπὸ
3807 692 4051 746 δυνατῶν

2482 769 2719 864 Ἰσραηλ,
2750 810 2769 844 ι
2828 790 3067 854 ἐκείνους
3111 787 3236 851 τοὺς
3290 786 3400 840 ἀπὸ
3434 785 3703 840 Ἰουδαίων
3756 769 4052 855 βληθέντας

2470 881 2758 952 φυλάττειν
2780 881 2870 936 τὸν
2893 884 3082 952 τάφον.
3122 900 3141 933 ι
3162 882 3369 941 Πάντες
3401 879 3721 949 κατέχοντες
3751 876 4049 949 ῥομφαίαν,

2467 971 2834 1043 δεδιδαγμένοι
2866 971 3121 1042 πόλεμον.
3170 970 3333 1043 Ἀνὴρ
3365 969 3609 1041 ῥομφαία
3632 967 3796 1021 αὑτοῦ
3838 968 3931 1018 ἐπὶ
3960 964 4051 1018 τὸν

2470 1061 2644 1133 μηρὸν
2676 1059 2841 1115 αὑτοῦ
2874 1060 2979 1114 ἀπὸ
3008 1060 3249 1128 Θάμϐους
3272 1063 3329 1113 ἐν
3355 1058 3495 1123 νυξί.
3520 1076 3539 1110 ι
3568 1058 3754 1109 Ταῦτα
3779 1057 3889 1127 γὰρ
3912 1072 4047 1125 συμι·

2468 1152 2701 1225 ϐέϐηκεν
2732 1154 2960 1217 ἐκείνοις
2998 1156 3110 1216 τοῖς
3156 1152 3437 1224 τηροῦσιν,
3465 1150 3703 1219 ὁπηνίκα
3735 1148 4051 1220 τηρούντων

2466 1247 2667 1309 αὐτῶν,
2688 1267 2709 1298 ‹
2731 1246 2954 1317 σεισμὸς
2975 1245 3190 1314 ἐγένετο
3212 1245 3407 1315 μέγας.
3430 1242 3694 1311 Ἀγγελος
3715 1240 3821 1311 γὰρ
3840 1240 4049 1311 Κυρίου

2465 1335 2763 1389 ἀπεκύλισε
2792 1336 2884 1388 τὸν
2907 1334 3073 1389 λίθον.
3097 1353 3115 1386 ι
3148 1335 3258 1387 Καὶ
3290 1336 3348 1387 ὲν
3383 1336 3447 1404 τῇ
3476 1331 3632 1385 νυκτὶ
3656 1329 3831 1402 ταύτῃ
3863 1331 3911 1381 οἱ
3948 1346 4050 1401 τη-

2468 1426 2687 1500 ροῦντες
2731 1424 3191 1497 ὲκθαμϐηοέντες,
3243 1442 3262 1476 ι
3310 1423 3558 1493 ἐγένοντο
3605 1421 3739 1473 ιῖοσε)⁵
3779 1421 3987 1493 νεκροί.
4028 1438 4047 1472 ι

2464 1518 2555 1572 Διό
2589 1535 2782 1589 φησιν·
2822 1535 2842 1569 ι
2875 1517 3007 1569 ’Λπὸ
3045 1516 3289 1587 θάμϐους
3316 1517 3371 1568 ὲν
3391 1515 3561 1579 νυξίν.
3602 1532 3621 1565 ι

2535 1611 2657 1665 ΠΔ⁹.
2689 1612 2779 1663 Στ.
2816 1608 2884 1662 θ’.
2919 1608 3169 1676 Φορεῒον
3216 1602 3404 1672 ἑαυτῷ
3462 1604 3750 1674 ἐποίησεν
3792 1607 3826 1659 ό
3870 1603 4057 1669 ,ϐασι-

2462 1698 2610 1765 λεὺς
2634 1697 2923 1767 Σαλομὼν
2936 1698 3055 1752 ἀπὸ
3079 1696 3282 1760 ξύλων
3315 1695 3422 1749 τοῦ
3456 1694 3739 1750 Λιϐάνου.

2534 1789 2753 1858 Φορεῖον
2766 1788 2874 1842 νόει
2890 1804 2979 1858 μοι
2992 1786 3265 1857 καὶαύτὴν
3280 1786 3378 1856 τὴν
3393 1786 3568 1855 σάρκα
3582 1785 3676 1837 τοῦ
3693 1782 4053 1851 Μονογενοῦς,

784 1871 838 1925 in
869 1887 974 1942 qua
1002 1872 1167 1926 Deum
1193 1871 1567 1939 abscondens,
1601 1882 1658 1928 nt
1702 1875 1869 1931 homo
1897 1890 2018 1930 cum
2054 1877 2364 1934 hominibus

2473 1882 2525 1933 ὲν
2616 1879 2975 1951 κατακρύψας
2996 1878 3085 1932 τὸν
3114 1878 3265 1941 Θεὸν,
3293 1878 3367 1941 ὡς
3402 1878 3499 1931 ἀνθ
3511 1894 3695 1948 ρωπος
3740 1873 4055 1946 ἀνθρώποις

782 1964 1228 2019 conversabatur.
1279 1963 1383 2020 Sed
1415 1956 1875 2034 quemadmodum
1924 1968 2175 2024 consules
2228 1986 2362 2040 pro-

782 2053 1012 2108 deuntes
1041 2054 1092 2107 in
1124 2056 1416 2122 gestatoria
1444 2055 1575 2126 sella
1620 2056 1953 2125 procedunt,
2011 2065 2067 2112 et
2118 2072 2219 2128 per
2270 2074 2366 2115 eos

783 2156 874 2200 res
902 2144 1091 2200 mundi
1121 2145 1471 2199 stabiliuntnr
1500 2146 1592 2216 qui
1637 2157 1857 2202 senatus
1897 2146 2219 2217 dignitatem
2256 2165 2368 2220 prae

740 2228 743 2233 ’
783 2250 845 2289 sc
876 2233 1057 2289 ierunt
1085 2252 1102 2302 ;
1134 2237 1213 2292 sic
1242 2236 1432 2290 eodem
1466 2236 1625 2292 modo
1656 2236 1710 2290 in
1744 2251 1909 2292 carne
1943 2237 2219 2309 Unigeniti
2252 2241 2367 2310 ipsa

782 2338 971 2381 sancta
1000 2326 1238 2383 Ecclesia
1292 2336 1587 2382 convocata
1639 2328 1810 2397 ipsius
1855 2328 1915 2382 iit
1963 2330 2365 2397 gestatorium:

782 2431 884 2472 nec
909 2431 1045 2472 vero
1067 2432 1156 2473 res
1185 2419 1371 2473 mundi
1404 2418 1719 2479 stabiliens.
1747 2417 1842 2474 sed
1874 2419 1988 2489 ipsa
2016 2420 2069 2474 in
2096 2435 2159 2474 se
2184 2419 2367 2475 ferens

783 2508 1005 2564 decreta
1050 2509 1201 2580 regni
1235 2509 1496 2565 caelestis.
1537 2510 1905 2565 Gestatorium
1937 2510 2101 2578 igitur
2133 2526 2238 2565 non
2270 2527 2363 2566 so-

782 2596 895 2654 lum
926 2608 1010 2655 est
1041 2613 1172 2654 caro
1202 2598 1362 2665 .lesu,
1396 2601 1488 2654 sed
1521 2608 1576 2653 et
1605 2600 1720 2669 ipsa
1755 2598 1996 2654 Ecclesia
2020 2639 2035 2663 ,
2074 2619 2093 2651 ι
2122 2616 2241 2670 quae
2272 2610 2362 2657 est

784 2705 983 2759 corpus
1027 2691 1195 2761 ipsius
1224 2689 1295 2757 ιδ,
1326 2707 1345 2743 ›
1374 2699 1661 2760 propterea
1701 2691 1843 2759 quod
1889 2690 2050 2761 digna
2096 2691 2235 2746 facta
2280 2704 2365 2747 est

782 2796 906 2850 qua:
937 2783 1113 2853 ipsum
1150 2790 1391 2852 gestaret
1418 2780 1614 2835 Filium
1664 2779 1797 2846 Dei,
1840 2780 1996 2851 juxta
2047 2782 2362 2852 Apostolum

786 2874 1056 2928 dicentem
1085 2890 1099 2927 :
1132 2891 1152 2925 ι
1181 2871 1494 2928 Gloriiicate
1517 2911 1532 2936 ,
1565 2880 1619 2926 et
1652 2880 1865 2940 portate
1900 2873 2071 2927 Deum
2108 2873 2161 2927 in
2198 2889 2367 2928 mem-

786 2966 903 3021 bris
946 2964 1145 3020 vestris
1172 2964 1240 3017 ".
1276 2981 1294 3016 ›
1327 2961 1441 3019 iloc
1489 2962 1652 3033 igitur
1699 2964 2093 3032 gestatorium,
2145 2979 2366 3020 carnem

787 3058 999 3114 scilicet
1029 3055 1157 3113 Iesu
1195 3097 1211 3125 ,
1261 3055 1558 3126 spiritualis
1594 3054 1850 3110 Salomon
1882 3056 1984 3110 sibi
2014 3054 2181 3112 fecit:
2214 3075 2233 3108 ι
2266 3056 2367 3113 Sa-

790 3150 994 3220 pientia
1050 3149 1193 3204 cnim
1225 3148 1512 3203 aediﬁcavit
1544 3146 1646 3201 sibi
1690 3146 1907 3201 domum
1954 3146 2021 3200 “.
2062 3166 2081 3199 ι
2114 3147 2181 3201 Et
2224 3150 2367 3202 unde

789 3243 894 3297 hoc
924 3240 1282 3312 gestatorium
1310 3239 1334 3293 ἲ
1366 3257 1383 3291 ι
1416 3238 1493 3293 Ex
1530 3237 1694 3307 lignis
1724 3236 1916 3292 Libani
1952 3256 1966 3292 :
2001 3256 2020 3291 ι
2058 3239 2369 3309 intelligens

790 3350 859 3390 ex
907 3334 1115 3389 sanctis
1148 3332 1462 3387 hominibus
1497 3331 1589 3400 qui
1620 3332 1672 3384 in
1692 3329 1805 3399 ejus
1832 3332 2184 3401 generatione
2212 3347 2372 3387 enar-

791 3436 1007 3492 rantur,
1038 3424 1311 3480 Abraham
1332 3462 1347 3489 ,
1378 3424 1555 3488 lsaac,
1585 3419 1752 3477 Jacob
1773 3433 1829 3477 et
1859 3422 1949 3491 qui
1985 3422 2261 3491 deinceps.

860 3601 1124 3660 LXXXV.
1146 3604 1313 3659 Vnus.
1334 3602 1421 3659 10.
1458 3601 1745 3657 Columnas
1780 3604 1891 3670 eius
1923 3601 2044 3672 fecit
2076 3609 2368 3672 argentum.

863 3697 1159 3753 Columnas
1208 3711 1313 3751 non
1355 3695 1491 3748 alios
1543 3693 1898 3759 intellexeris,
1947 3708 2110 3763 quam
2156 3702 2376 3748 sanctos

795 3787 1213 3859 apostolos;qni
1260 3786 1635 3841 columnarum
1678 3786 1851 3839 instar
1890 3785 2241 3855 gestatorium
2275 3786 2376 3839 hoc

795 3885 1034 3946 portant.
1065 3876 1214 3942 Quod
1248 3884 1427 3930 autem
1470 3875 1734 3930 columnae
1767 3874 1875 3928 sint
1900 3874 2147 3943 apostoli,
2179 3885 2377 3944 praesto

796 3979 879 4025 est
910 3968 1109 4023 Paulus
1131 3967 1353 4022 dicens:
1393 3984 1411 4017 ι
1442 3965 1610 4021 Jacob
1642 3977 1697 4019 et
1723 3964 1983 4028 Joannes.
2010 3966 2100 4035 qui
2125 3967 2375 4020 videntur

797 4074 918 4114 esse
959 4059 1224 4115 colnmme
1242 4058 1313 4109 "’.
1351 4076 1370 4109 ι
1402 4058 1699 4126 Argentum
1735 4072 1866 4111 vero
1913 4056 2059 4125 ipsos
2103 4057 2334 4125 appellat
2359 4098 2373 4123 ,

798 4152 1051 4220 quoniam
1089 4150 1238 4205 velut
1265 4156 1550 4216 argentum
1583 4148 1935 4219 splendebant
1965 4149 2033 4202 ob
2062 4149 2241 4215 (idem,
2275 4150 2378 4203 mi-

797 4243 1107 4300 nistrabant
1134 4256 1262 4298 vero
1288 4239 1545 4297 Ecclesiae
1577 4238 1631 4293 in
1663 4236 1933 4308 spirituali
1966 4238 2235 4294 convivio.

868 4446 1157 4505 LXXXVI.
1187 4446 1256 4501 Et
1286 4446 1684 4500 acclinatorium
1713 4444 1829 4515 ejus
1862 4459 2104 4497 aureum.

2469 1971 2686 2043 ὡμίλει.
2742 1971 2904 2025 Ἀλλά
2936 1971 3027 2025 καὶ
3056 1970 3308 2040 καθάπερ
3339 1971 3385 2022 οἰ
3426 1968 3821 2040 προερχόμενοι
3856 1968 4055 2020 ὕπατοι

2469 2066 2672 2138 φορείῳ
2711 2066 3096 2137 προέρχονται,
3138 2065 3235 2116 καὶ
3279 2063 3348 2116 δι’
3390 2062 3570 2116 αὐτῶν
3615 2062 3683 2113 τά
3718 2062 3925 2129 κόσμον
3967 2058 4057 2128 βε-

2469 2157 2749 2211 ϐαιοῦνται
2785 2157 3110 2228 πράγματα,
3144 2154 3246 2224 τῆς
3285 2153 3587 2223 συγκλήτου
3609 2151 3670 2204 τὸ
3711 2150 3927 2218 ἀξίωμα
3957 2167 4050 2217 φε-

2472 2251 2674 2322 ρόντων
2709 2248 2822 2319 (55)
2841 2266 2853 2279 ·
2885 2248 3058 2310 οὕτως
3087 2245 3289 2317 ὁμοίως
3308 2247 3364 2297 ὲν
3391 2247 3457 2314 τῇ
3494 2244 3658 2313 σαρκὶ
3690 2242 3785 2295 τοῦ
3812 2244 4045 2309 Μονογε-

2471 2340 2662 2411 νοῦςή
2718 2339 3135 2409 συγκαλουμένη
3198 2335 3335 2406 αύτὴ
3392 2334 3524 2401 ἁγία
3567 2334 3907 2404 Ἐκκλησία,
3959 2332 4055 2385 καὶ

2472 2431 2610 2502 αὑτὴ
2654 2429 2817 2483 αὑτοῦ
2852 2428 3062 2497 γίνεται
3099 2429 3339 2495 φορεῖον,
3384 2425 3446 2477 οὐ
3492 2423 3560 2476 τὰ
3604 2422 3696 2476 τοῦ
3733 2422 3939 2492 κόσμου
3979 2420 4060 2490 βου

2469 2521 2764 2592 ϐαιουμένη
2801 2519 3125 2590 πράγματα,
3158 2515 3295 2571 ἀλλὰ
3334 2514 3434 2584 τῆς
3465 2515 3716 2584 οὐρανίου
3773 2512 4057 2583 βασιλείας

2469 2613 2555 2681 ἐφ’
2591 2612 2796 2683 ἑαυτῆς
2840 2612 3083 2681 φέρουσα
3125 2610 3396 2677 δόγματα.
3434 2608 3653 2677 Φορεῖον
3698 2602 3789 2659 οὖν
3846 2605 3959 2675 (56)
3995 2605 4056 2658 ού

2469 2705 2629 2776 μόνον
2671 2706 2704 2776 ή
2748 2702 2884 2774 σὰρξ
2921 2700 3119 2771 Ἰησοῦ,
3157 2698 3295 2752 ἀλλὰ
3336 2699 3431 2751 καὶ
3471 2696 3611 2767 αὑτὴ
3650 2698 3684 2767 ἡ
3725 2696 4049 2767 Ἐκκλησία,

2472 2812 2489 2845 ι
2511 2793 2633 2863 ἥτις
2654 2793 2771 2844 ἐστὶ
2792 2791 2852 2844 τὸ
2876 2790 3034 2860 σῶμα
3053 2787 3236 2852 αὑτοῦ,
3250 2806 3268 2839 s
3288 2786 3374 2840 διὰ
3388 2786 3448 2839 τὸ
3474 2784 3863 2848 καταξιοῦσθαι
3886 2785 4058 2838 αὑτὸν

2478 2885 2665 2955 φορεῖν
2718 2881 2809 2936 τὸν
2861 2882 2991 2935 Υἱὸν
3050 2881 3145 2933 τοῦ
3214 2878 3384 2941 Θεοῦ,
3450 2878 3593 2932 κατά
3648 2878 3739 2930 τὸν
3785 2877 4016 2946 λέγοντα
4042 2896 4057 2911 θ

2476 2995 2494 3028 ι
2515 2974 2786 3039 Δοξάσατε
2809 2972 2920 3045 ἄρα
2940 2972 3032 3025 τὸν
3057 2971 3189 3025 Θεὸν
3218 2973 3276 3024 ἐν
3304 2972 3419 3033 τοῖς
3455 2969 3671 3039 μέλεσιν
3692 2968 3845 3038 ὑμῶν
3880 2970 3999 3039 (57)
4036 2989 4055 3020 ι

2471 3066 2643 3119 Τοῦτο
2686 3061 2779 3117 οὖν
2822 3063 2883 3116 τὸ
2939 3065 3177 3131 φορεῖον,
3224 3060 3323 3130 τὴν
3378 3060 3561 3130 σάρκα
3623 3059 3768 3127 λέγω
3806 3057 3921 3129 (58)
3965 3058 4060 3111 τοῦ

2484 3157 2688 3229 Ἰησοῦ,
2733 3156 2761 3208 6
2804 3152 3174 3223 πνευματικὸς
3215 3149 3476 3220 Σαλομὼν
3526 3148 3783 3220 ἐποίησεν
3839 3147 4061 3218 ἐαυτῷ.

2481 3268 2499 3301 ι
2534 3249 2599 3301 Ἣ
2630 3246 2791 3316 σοφία
2814 3246 2921 3317 γὰρ
2945 3241 3299 3314 ᾠκοδόμησεν
3336 3242 3501 3311 ἑαυτῇ
3533 3236 3733 3293 οἷκον.»
3763 3239 3870 3292 Καὶ
3895 3238 4065 3292 πόθεν

2472 3341 2534 3393 τὸ
2569 3340 2815 3409 φορεῖον;
2851 3356 2869 3387 ι
2918 3335 3053 3387 Ἀπὸ
3081 3333 3254 3397 ξύλων
3295 3331 3389 3383 τοῦ
3418 3331 3688 3385 Λιϐάνου·
3730 3350 3748 3383 ι
3787 3330 3875 3384 ἵνα
3905 3332 4061 3403 εἴπῃ,

2473 3431 2582 3484 ἀπὸ
2606 3428 2714 3482 τῶν
2755 3423 3264 3496 γενεαλογουμένων
3300 3422 3470 3491 ἁγίων
3500 3422 3738 3494 ἀνδρῶν,
3782 3420 4064 3493 Ἀϐραὰμ,

2486 3520 2695 3583 Ἰσαὰκ,
2731 3516 2951 3579 Ἰακὼϐ,
2980 3518 3075 3570 καὶ
3110 3515 3217 3567 τῶν
3253 3514 3509 3585 καθεξῆς.

2474 3612 2596 3665 IIE'.
2618 3611 2708 3662 Στ.
2735 3615 2786 3663 ι’.
2805 3609 3077 3672 Στύλους
3096 3605 3282 3659 αὐτοῦ
3310 3605 3601 3672 ἐποίησεν
3622 3604 3906 3673 ἀργύριον
3920 3604 4063 3675 (59).

2546 3702 2779 3765 Στύλους
2819 3700 2892 3771 μὴ
2942 3697 3134 3760 ἄλλους
3181 3698 3401 3767 νοήσῃς,
3461 3695 3574 3748 ἀλλ’
3613 3696 3645 3765 ἢ
3696 3696 3820 3758 τοὺς
3869 3696 4067 3763 ἁγίους

2475 3793 2823 3857 ἀποστόλους,
2853 3792 3048 3853 οἵτινες
3077 3789 3285 3843 στύλων
3314 3789 3468 3859 δίκην
3498 3786 3558 3840 τὸ
3594 3780 3811 3858 φορεῖον
3859 3787 4065 3858 βαστά-

2478 3888 2628 3952 ζουσι
2657 3884 2833 3939 τοῦτο.
2879 3885 3003 3938 ’Ότι
3048 3883 3105 3937 δὲ
3146 3882 3326 3936 στύλοι
3374 3882 3422 3934 οἱ
3464 3881 3777 3944 ἀπόστολοι,
3826 3881 4067 3948 πάρεστι

2478 3977 2692 4041 Παῦλος
2733 3976 2933 4045 λέγων’
2976 3994 2993 4026 ι
3033 3973 3287 4035 Ἰάκωϐος
3315 3973 3408 4027 καὶ
3426 3971 3537 4041 (60)
3581 3973 3855 4043 Ἰωάννης,
3892 3974 3941 4026 oi
3980 3972 4067 4025 δο-

2480 4069 2700 4132 κοῦντες
2734 4067 2913 4121 στύλοι
2951 4062 3111 4120 εἶναι.
3145 4086 3162 4117 ι
3222 4064 3507 4135 Ἀργύριον
3543 4063 3598 4116 δὲ
3643 4063 3840 4125 αὐτοὺς
3888 4061 4065 4131 λέγει,

2481 4160 2779 4231 ἐπειδήπερ
2822 4157 3089 4229 ἀργυρίου
3135 4157 3291 4226 δίκην
3345 4155 3587 4226 λαμπροὶ
3646 4155 3743 4223 μὲν
3802 4149 3947 4226 ἦσαν
3998 4158 4065 4225 τῇ

2483 4252 2665 4306 πίστει
2684 4269 2697 4282 ·
2731 4250 3003 4322 ὑπηρέται
3033 4249 3090 4302 δὲ
3119 4250 3196 4312 είς
3232 4248 3332 4318 τὴν
3368 4247 3693 4314 Ἐκκλησίαν
3720 4248 3787 4317 τῇ
3818 4263 4058 4317 πνευμα.

2483 4347 2607 4416 τικῇ
2648 4344 2904 4397 ἑστιάσει.

2556 4454 2698 4524 Πετ,
2727 4454 2836 4509 Καὶ
2866 4454 2975 4526 (61)
3009 4452 3336 4508 ἀνάκλιτον
3363 4450 3548 4506 αὑτοῦ
3582 4450 3865 4520 χρύσεον.

871 4548 1051 4601 Aureo
1095 4545 1445 4601 acclinatorio
1487 4551 1774 4614 martyres,
1829 4541 2042 4610 Opinor,
2090 4540 2369 4597 assimilat.

2549 4545 2771 4618 Χρυσῷ,
2802 4541 2975 4617 οἶμαι,
2996 4544 3267 4614 ἀνακλίτῳ
3289 4543 3415 4607 τοὺς
3447 4544 3728 4613 μάρτυρας
3751 4538 4066 4602 ἀπεικάζει.

797 4634 987 4707 Neque
1012 4637 1156 4691 enim
1181 4646 1338 4707 putes
1364 4635 1589 4689 minoris
1611 4645 1729 4685 esse
1757 4630 2121 4700 apostolorum
2150 4631 2375 4687 chorum

799 4744 962 4799 qnam
995 4738 1313 4800 martyrum.
1353 4726 1562 4781 Etenim
1594 4725 1693 4795 ipsi
1731 4738 1945 4793 quoque
1975 4723 2204 4793 apostoli
2233 4740 2376 4778 mar-

804 4819 1003 4888 tyrium
1029 4818 1168 4885 passi
1188 4825 1333 4882 sunt,
1362 4816 1688 4883 fueruntque
1706 4813 1923 4869 Christo
1938 4813 2375 4883 acclinatorium;

803 4924 929 4965 nam
973 4917 1099 4964 ante
1150 4909 1391 4979 ipsorum
1440 4907 1697 4977 martyris
1750 4904 2070 4975 Unigenitus
2124 4906 2374 4963 dixerat:

2484 4640 2595 4693 Καὶ
2628 4638 2702 4710 μὴ
2732 4638 2961 4710 νομίσῃς
2995 4636 3253 4689 ἐλάττονα
3300 4634 3392 4687 τὸν
3438 4634 3547 4687 τῶν
3576 4631 3892 4686 ἀποστόλων
3927 4627 4066 4683 εἶναι

2484 4730 2643 4802 χορὸν
2673 4728 2766 4782 τοῦ
2796 4732 2911 4782 τῶν
2953 4728 3265 4800 μαρτύρων.
3302 4725 3411 4779 Καὶ
3442 4726 3552 4796 γὰρ
3592 4725 3686 4778 καὶ
3715 4724 3871 4776 αὐτοὶ
3897 4723 4067 4793 ἐμαρ-

2483 4822 2725 4893 τύρησαν
2770 4823 2820 4873 οἱ
2865 4820 3170 4881 ἀπόστολοι,
3203 4819 3295 4871 καὶ
3328 4816 3613 4886 γεγόνασιν
3656 4814 3948 4867 ἀνάκλιτον
3996 4812 4067 4882 si?

2484 4911 2724 4984 Χριστῷ.
2760 4912 2875 4983 Πρὸ
2896 4910 3005 4984 γὰρ
3028 4911 3127 4981 τῆς
3156 4909 3335 4963 αὐτῶν
3368 4906 3675 4979 μαρτυρίας
3702 4908 3730 4957 6
3754 4904 4067 4973 Μονογενὴς

875 5088 920 5119 “
959 5086 1149 5142 Matth.
1179 5102 1377 5147 xxvm.
1401 5084 1454 5141 2.
1530 5084 1576 5116 ⁸³
1616 5084 1743 5140 ibid.
1779 5084 1833 5137 4.
1909 5081 1955 5115 ⁸⁸
1982 5080 2184 5139 Coloss.
2216 5098 2254 5148 ι,
2284 5084 2369 5140 24.

2478 5090 2497 5120 ⁵
2522 5090 2543 5142 l
2567 5088 2690 5143 Cor.
2714 5104 2788 5155 vr,
2822 5090 2912 5143 20.
2990 5088 3035 5119 ⁸⁵
3062 5088 3219 5142 Prov.
3251 5104 3326 5155 Ix,
3360 5088 3410 5141 i.
3489 5088 3532 5120 "
3556 5084 3733 5141 Galat.
3761 5101 3801 5140 η
3823 5127 3837 5153 ,
3864 5088 3921 5141 9.

881 5276 994 5346 (55)
1037 5275 1128 5331 Sic
1160 5275 1390 5329 fortasse
1415 5273 1721 5345 legendum.
1762 5271 1963 5329 Omnes
2002 5270 2156 5326 codd.
2187 5272 2387 5328 habent

806 5346 1099 5419 469°90'er

881 5411 993 5483 (56)
1038 5411 1167 5471 Ὸῦν
1190 5429 1255 5468 ex
1282 5412 1474 5467 Vallic.

884 5480 996 5573 (57)
1026 5486 1218 5573 γετὺίν
1237 5485 1489 5573 ιιξρυειξιιί⁵
1516 5493 1641 5538 sunt
1665 5481 1924 5573 δοξάσατε
1956 5482 2019 5554 δὴ
2041 5481 2141 5573 ιτὸν
2168 5480 2310 5573 ΓΘεδν
2333 5481 2391 5535 ἐν

808 5550 901 5627 τῷ
924 5550 1149 5627 σώματιΔ
1172 5550 1345 5625 ὑμῶν.
1384 5553 1646 5609 Caeterum
1681 5557 1731 5605 in
1768 5554 1852 5606 illa
1888 5550 2018 5606 voce
2035 5553 2140 5627 ἄρα
2167 5550 2393 5627 fortasse

811 5621 1080 5696 dcélites'cit
1100 5621 1312 5696 idpdre,
1345 5643 1361 5673 ι
1391 5631 1619 5696 portate,
1648 5642 1666 5674 ι
1706 5637 1867 5696 quam
1894 5621 2084 5676 vocem
2112 5621 2273 5676 habet
2300 5636 2391 5676 so-

810 5692 898 5751 lus
940 5696 1068 5751 Novi
1094 5692 1421 5749 Testamenti
1459 5692 1713 5759 angatus
1750 5693 2034 5761 interpres.

913 5766 999 5832 58)
1034 5766 1105 5819 Ex
1134 5765 1308 5833 λέγων
1345 5763 1444 5819 ieci
1468 5762 1629 5830 λέγω.

916 5836 1007 5909 59)
1047 5832 1217 5891 Vallis
1268 5834 1585 5905 ἀργυρέους,
1620 5847 1735 5903 quae
1766 5832 1923 5890 lectio
1956 5832 2194 5904 proxime
2229 5847 2383 5889 acce-

2494 5276 2571 5331 dit
2596 5276 2660 5328 ad
2689 5276 2957 5346 Complut.
2990 5275 3273 5348 ἀργυρίου.

2568 5348 2679 5416 (60)
2708 5342 2995 5401 Adnotavit
3027 5342 3195 5402 veter.
3244 5343 3517 5416 versionis‘
3542 5342 4061 5416 editor.‘descriptn-

2496 5413 2584 5471 ris.
2612 5413 2817 5470 incuria
2844 5419 3031 5471 deesse
3062 5418 3145 5469 hic
3174 5430 3364 5469 nomen
3389 5413 3621 5480 Cephas.
3651 5413 3752 5465 Sed
3789 5415 3856 5463 ab
3891 5416 4061 5467 muni-

2496 5487 2597 5541 hns
2629 5486 2790 5539 etiam
2821 5502 2957 5554 quos
3001 5487 3213 5554 quidem
3250 5483 3513 5548 noverim,
3538 5482 3741 5536 Graecis
3768 5482 4070 5546 codicibus,

2498 5556 2623 5611 illud
2668 5570 2858 5609 nomen
2892 5556 3077 5609 abesse
3102 5554 3360 5620 comperi.

2570 5626 2681 5695 (6i)
2719 5626 2882 5679 Abest
2917 5625 3008 5679 καί
3034 5640 3083 5695 _a
3134 5623 3325 5695 νειιιῑε.
3375 5632 3431 5679 et
3462 5622 3622 5677 Barb.
3666 5634 3825 5688 quam
3868 5634 4066 5695 facem

2502 5689 2713 5763 reposui
2742 5710 2803 5747 ex
2834 5698 3004 5749 sacris
3033 5693 3238 5763 Bibliis,
3276 5710 3394 5750 cum
3428 5701 3688 5765 pncterea
3711 5704 3830 5746 eam
3868 5689 4070 5749 habeat

2497 5768 2655 5821 etiam
2682 5774 2784 5820 vet.
2814 5765 3093 5834 interpres.
