4208 6312
183 383 239 438 85
1099 393 1498 451 ENARRATIO
1535 394 1604 450 IN
1637 393 1993 455 CANTICUM
2021 398 2492 460 CANTICORUM.
3350 405 3421 461 86

185 501 377 592 ἔλεγεν·
405 499 510 592 ιἰ)
540 502 673 568 Υίδς
702 505 796 558 τοῦ
827 506 1114 578 ἀνθρώπου
1140 509 1240 563 οὐκ
1272 509 1384 580 ἔχει
1411 506 1517 563 ποΰ
1545 513 1645 583 τὴν
1667 530 1750 567 κε-

1786 517 1827 573 A
1863 533 1881 567 ι
1910 514 2080 572 Filius
2113 516 2345 574 hominis
2373 533 2482 574 non
2527 517 2687 575 habet
2733 520 2824 575 ubi
2858 521 3083 577 reclinet
3112 521 3355 592 caput“.
3397 541 3415 574 ι

184 588 341 660 φαλὴν
388 589 572 644 κλῖναι
600 593 768 664 (62).»
829 596 1000 650 Πάλιν
1043 598 1100 651 δὲ
1133 598 1336 669 χρυσίῳ
1376 598 1486 670 (65)
1527 600 1756 656 ἀπεικά-

185 681 348 744 ζονται
381 680 471 734 διὰ
507 683 571 735 τὸ
611 685 713 756 τῆς
757 687 992 751 πίστεως
1031 688 1250 759 δόκιμον
1274 688 1408 760 (64),
1444 691 1537 744 καὶ
1577 690 1663 744 διὰ
1693 691 1755 745 τὸ

183 770 429 842 διάπυρον
470 774 580 827 τῶν
615 777 957 848 πειρασμῶν.
995 797 1013 831 ι
1048 779 1135 844 Ὣς
1168 781 1388 853 χρυσίον
1413 799 1431 834 ι
1471 781 1601 853 γὰρ,
1653 800 1756 854 φη-

187 863 260 914 σὶν
309 861 446 934 (65),
485 883 505 916 ι
537 865 595 919 ἐν
633 868 987 942 χωνευτηρίῳ
1039 868 1360 941 ἐδοκίμασεν
1393 872 1621 942 αὐτοὺς,
1663 874 1755 928 καὶ

184 953 250 1016 ὡς
278 953 652 1026 ὁλσκάρπωμα
682 956 870 1023 θυσίας
905 960 1266 1030 προσεδέξατο
1293 961 1542 1026 αὐτούς.»

244 1047 368 1102 IJZ'.
413 1047 723 1115 Ἐπίϐασις
757 1051 942 1106 αὐτοῦ
971 1053 1246 1122 πορφύρα
1269 1052 1399 1125 (66).

257 1139 543 1195 Ἐπίὸασιν
598 1141 711 1212 (67)
758 1142 854 1196 τοῦ
915 1145 1172 1218 φορείου.
1237 1144 1333 1215 τὴν
1409 1144 1754 1217 πολυάνθρω-

185 1244 274 1282 πον
306 1229 460 1298 λέγει
501 1232 710 1302 πληθὺν
754 1233 854 1304 τῆς
897 1235 1058 1303 ἁγίας
1108 1236 1454 1308 Ἐκκλησίας.
1493 1237 1755 1310 Πορφύρᾳ

185 1321 281 1394 γὰρ
303 1322 418 1393 (68)
451 1325 620 1395 αὐτὴν
644 1326 928 1392 ἀπεικάζει
955 1329 1198 1396 εἰκότως,
1229 1330 1319 1385 διὰ
1342 1331 1440 1402 τὴν
1464 1331 1557 1385 τοῦ
1587 1331 1740 1401 ἁγίου

185 1410 400 1484 λουτροῦ
430 1412 632 1486 βαφήν.
665 1417 874 1490 Ὠσπερ
912 1418 1019 1491 γὰρ
1047 1422 1081 1490 ἡ
1114 1419 1369 1492 πορφύρα
1396 1421 1598 1494 ἕνδυμά
1638 1424 1754 1478 ἐστι

188 1501 456 1572 βασιλικόν
478 1524 490 1538 ·
519 1505 661 1561 οὕτω
695 1509 788 1562 καὶ
818 1508 879 1562 τὸ
908 1510 1132 1582 λουτρὸν
1169 1511 1264 1566 τοῦ
1301 1514 1623 1586 ἐπουρανίου
1651 1516 1756 1569 Βα-

188 1592 365 1658 σιλέως
409 1595 656 1650 ἐπενδύει
705 1599 850 1669 ἡμᾶς
899 1599 998 1671 τὴν
1029 1600 1313 1675 βασιλικὴν
1346 1604 1572 1676 ἐσθῆτα.
1604 1607 1667 1660 El
1699 1607 1755 1660 δὲ

186 1685 431 1758 πορφύρα
477 1687 740 1758 βασιλέως
785 1691 1054 1763 τοσαύτην
1095 1695 1153 1748 ἐν
1190 1697 1300 1760 τοῖς
1343 1695 1630 1766 βασιλείοις
1659 1714 1757 1752 πε-

190 1777 345 1846 ριέχει
381 1779 640 1850 σπουδὴν,
677 1781 764 1836 ἶνα
797 1783 871 1854 μὴ
899 1784 1164 1856 σπιλωθῇ,
1188 1787 1391 1859 καίπερ
1421 1783 1556 1842 οὖσα
1585 1788 1753 1861 φθαρ-

1859 607 2067 664 Rursus
2093 623 2222 663 vero
2252 623 2381 665 auro
2401 610 2768 666 assimilantur
2787 627 2883 682 per
2906 612 3025 668 lldei
3053 613 3420 682 probationem

1857 708 1911 753 et
1938 699 2295 754 tentationum
2330 701 2543 770 ignem;
2576 702 2653 756 ait
2677 703 2818 757 enim
2862 702 3180 774 Scriptura:
3221 724 3240 759 ι
3282 706 3425 761 Tan-

1857 804 2016 858 quam
2072 804 2262 847 aurum
2300 791 2353 846 in
2393 789 2612 847 fornace
2657 794 3104 860 probavitillos.
3155 804 3211 852 et
3263 795 3422 851 veluti

1859 879 2230 936 holocaustum
2271 881 2460 938 hostia
2481 883 2688 952 accepit
2719 883 2838 939 illos
2862 883 2930 942 ".
2968 903 2988 938 ι

1934 1050 2238 1107 LXXXVII.
2272 1054 2529 1108 Ascensus
2557 1070 2669 1123 ejus
2696 1069 2949 1123 purpura.

1929 1144 2226 1200 Ascensum
2300 1145 2577 1216 gestatorii
2648 1144 3095 1200 innumerabilem
3165 1143 3422 1215 intelligit

1859 1245 2060 1291 sancta
2088 1234 2342 1290 Ecclesia
2366 1234 2782 1290 multitudinem.
2818 1235 3076 1304 Purpura
3099 1251 3226 1292 vero
3249 1237 3424 1307 ipsam

1857 1327 2050 1382 merito
2088 1327 2355 1383 assimilat
2397 1335 2619 1398 propter
2650 1327 2826 1382 sancti
2867 1326 3068 1382 lavacri
3108 1327 3419 1382 tincturam.

1856 1415 2318 1483 Quemadmodum
2352 1417 2496 1472 enim
2531 1431 2768 1488 purpura
2809 1417 2976 1472 vestis
3002 1425 3088 1473 est
3137 1416 3313 1488 regia:
3346 1416 3424 1471 sic

1856 1504 2124 1560 lavacrum
2154 1505 2389 1562 caelestis
2427 1505 2590 1576 Regis
2621 1521 2719 1561 nos
2755 1506 2904 1576 regia
2947 1505 3118 1560 induit
3156 1516 3326 1560 veste.
3363 1503 3424 1560 Si

1854 1609 1984 1651 vero
2005 1610 2252 1666 purpura
2285 1596 2426 1668 regis
2459 1605 2608 1652 tanta
2629 1597 2682 1651 in
2717 1597 2878 1666 regiis
2915 1596 3120 1651 adibus
3140 1595 3424 1652 adhibetur

1857 1686 2154 1758 diligentia,
2186 1702 2256 1742 ne
2288 1689 2556 1743 maculam
2589 1689 2895 1753 contrahat,
2919 1688 3164 1757 quamvis
3195 1687 3267 1742 sit
3297 1701 3422 1742 cor-

1856 1778 2152 1847 ruptibilis,
2177 1787 2231 1833 et
2261 1792 2329 1833 ex
2352 1779 2575 1834 marinis
2599 1778 2921 1832 animalibus
2946 1777 3124 1832 trahat
3148 1777 3420 1832 colorem:

185 1867 260 1938 τὴ,
294 1870 391 1922 καὶ
425 1873 490 1924 ἐκ
525 1847 824 1926 θαλαττίων
856 1847 1159 1930 κνωδάλων
1180 1847 1377 1948 ἔχουσά
1406 1879 1503 1950 τὴν
1543 1847 1746 1953 βέφήῦ-

1783 1847 1828 1906 B
1855 1878 2055 1936 quanto
2084 1870 2256 1939 magis
2286 1871 2400 1924 hac
2440 1868 2798 1924 custodienda
2840 1883 2963 1924 cum
3005 1868 3213 1923 honore
3246 1866 3312 1922 iis
3340 1874 3426 1922 est

186 1959 322 2029 πόσῳ
359 1961 563 2031 μᾶλλον
594 1963 732 2034 αὑτὴ
757 1963 868 2034 (69)
894 1965 1095 2035 ὀφείλει
1120 1968 1270 2040 παρά
1292 1973 1404 2035 τοῖς
1417 1971 1750 2043 λαμϐάνουσι

186 2050 541 2117 φυλάττεσθαι
565 2057 720 2124 τιμῇ,
754 2055 875 2125 ἥτις
899 2055 1017 2109 ἐστὶ
1048 2056 1142 2111 τοῦ
1167 2058 1390 2129 λουτροῦ
1427 2063 1526 2132 τῆς
1557 2062 1752 2129 παλιγ-

185 2141 446 2206 γενεσίας,
495 2144 530 2213 ἠ
574 2144 673 2197 οὐκ
715 2147 778 2198 ἐκ
818 2145 1103 2201 κνωδάλων
1156 2147 1478 2216 θαλαττίων,
1527 2152 1644 2205 ἀλλ’
1687 2153 1751 2204 ἐκ

1856 1958 1947 2028 qui
1975 1957 2117 2012 illam
2152 1959 2477 2027 acceperint,
2509 1974 2630 2015 cum
2668 1960 2740 2014 sit
2767 1975 3004 2030 purpura
3035 1959 3236 2014 lavacri
3267 1972 3424 2028 rege-

1853 2050 2172 2114 nerationis,
2201 2065 2311 2105 non
2341 2065 2406 2105 ex
2441 2053 2664 2107 marinis
2699 2051 3045 2118 animalibus,
3079 2051 3172 2106 sed
3209 2066 3274 2106 ex
3311 2065 3425 2106 ca-

1852 2136 2078 2193 lestibus
2103 2138 2354 2194 thalamis
2385 2148 2440 2195 et
2461 2155 2527 2196 ex
2557 2140 2760 2197 Christi
2789 2139 3058 2213 sanguine
3090 2138 3293 2195 habens
3319 2139 3427 2195 tin-

185 2230 436 2300 θαλάμων
513 2234 800 2303 οὐρανίων,
845 2237 909 2289 ἐκ
956 2235 1050 2292 τοῦ
1093 2238 1324 2309 αἵματος
1375 2240 1469 2293 τοῦ
1517 2240 1750 2313 Χριστοῦ
1850 2228 2096 2284 οἷαι·δωῖ

183 2323 368 2392 ἔχουσα
398 2323 497 2393 τὴν
534 2323 709 2395 βαφήν
741 2345 754 2392 ;

243 2412 370 2466 HH'.
422 2414 623 2479 Ἐντὸς
650 2415 836 2470 αὑτοῦ
864 2419 1267 2486 λιθόστρωτον
1299 2419 1498 2490 ἀγάπη
1524 2420 1656 2493 (7ο).

245 2588 561 2660 Θαυμάσιόν
594 2610 683 2662 μοι
719 2593 865 2646 δοκεῖ
902 2595 998 2648 καὶ
1030 2594 1262 2649 ἐνταῦθα
1299 2596 1622 2668 χαρακτῆρα
1652 2597 1752 2667 φέ-

182 2695 286 2750 ρειν
310 2679 405 2732 τοῦ
435 2681 598 2752 χοροῦ
633 2683 746 2753 (7i)
772 2683 878 2737 τῶν
907 2683 1130 2738 δικαίων
1161 2687 1194 2755 ἡ
1231 2685 1442 2757 Γραφὴ,
1467 2686 1527 2739 τὸ
1557 2687 1752 2753 κάλλος

181 2769 600 2839 ἀναγορεύουσα.
654 2773 869 2844 Ἐπειδὴ
894 2773 1003 2844 (72)
1049 2773 1159 2846 γὰρ
1195 2774 1325 2845 περ).
1370 2774 1470 2842 τῆς
1515 2775 1753 2847 πληθύος

179 2856 290 2915 εἷπε
320 2863 426 2934 τῆς
472 2863 820 2933 Ἐκκλησίας,
861 2865 960 2935 τῆς
993 2864 1143 2929 ἐντὸς
1173 2863 1339 2936 οὔσης
1383 2864 1476 2920 τοῦ
1515 2869 1754 2937 Μονογε-

180 2953 313 3016 νοῦς,
362 2953 556 3023 φησίνο
587 2973 605 3005 ι
641 2954 821 3019 Ἐντὸς
864 2954 1029 3008 αὐτοῦ
1075 2955 1438 3028 λιθόστρωτον
1485 2959 1693 3031 ἀγάπη.
1728 2978 1747 3012 s

181 3042 352 3106 Λίθοις
389 3042 505 3115 γὰρ
536 3043 710 3112 ἁγίοις
736 3044 861 3108 τοὺς
888 3044 1135 3110 δικαίους
1159 3047 1468 3113 ἀπεικάζει,
1499 3047 1640 3102 κατά
1660 3048 1752 3103 τὸν

179 3132 396 3202 λέγοντα
444 3137 763 3205 προφήτην⁹
802 3155 820 3187 ι
844 3135 997 3190 Λίθοι
1039 3137 1185 3206 ἀγιοι
1226 3138 1499 3194 κυλίονται
1530 3141 1620 3194 ἐπὶ
1652 3141 1752 3210 τῆς

181 3223 274 3294 γῆς
314 3224 480 3295 ἡμῶν
541 3224 720 3296 (75),›
780 3225 868 3279 διὰ
916 3225 977 3280 τὸ
1024 3231 1314 3298 χαμευνεῐν
1362 3230 1456 3284 καὶ
1498 3231 1746 3299 γονυκλι-

179 3318 279 3369 νεῖν
313 3317 467 3386 (74)ο
504 3317 700 3380 οἵτινες
743 3319 808 3388 τῇ
857 3317 1043 3389 ἀγάπῃ
1089 3318 1182 3372 τὸν
1225 3319 1438 3374 ἅπαντα
1483 3321 1749 3393 πληροῦσι

178 3405 349 3475 νόμον,
398 3407 558 3470 ἐντὸς
603 3407 790 3474 αὑτοῦ,
840 3408 936 3462 καὶ
982 3407 1272 3480 ἀχώριστοι
1303 3412 1402 3483 τῆς
1435 3413 1611 3468 αὐτῶν
1635 3413 1747 3485 (75)

178 3497 385 3568 ἐντολῆς
427 3499 526 3551 καὶ
557 3498 776 3570 ἀγάπης
809 3499 1188 3571 γεγενημένοι.

240 3589 363 3642 ΗΘ.
411 3588 549 3643 Ἀπὸ
577 3589 914 3659 θυγατέρων
955 3590 1372 3662 Ἰερουσαλήμ.

241 3678 538 3731 Τωτέστιν
575 3678 684 3732 ἀπὸ
710 3678 816 3733 τῶν
855 3680 1025 3749 ἁγίων
1046 3680 1386 3735 ἀποστόλων·
1422 3682 1622 3746 αἵτινες
1638 3681 1749 3755 (76)

178 3763 510 3837 Θυγατέρες,
555 3766 615 3818 οὐ
652 3767 753 3836 τῆς
790 3768 1056 3836 ἐπιγείου,
1102 3769 1237 3824 ἀλλά
1284 3771 1384 3838 τῆς
1429 3772 1750 3843 ἐπουρανίου

175 3858 533 3926 τυγχάνουσιν
572 3858 947 3929 Ἰερουσαλήμ.

239 3951 306 4013 ις.
334 3949 427 4000 Στ.
462 3955 550 4002 ια’.
595 3946 904 4012 Ἐξέλθατε
936 3949 1032 4004 καὶ
1072 3950 1245 4015 rem,
1279 3954 1597 4021 θυγατέρες
1636 3953 1749 4026 (77)

179 4037 341 4102 Σιὼν,
396 4040 474 4092 ὲν
521 4037 601 4103 τῷ
626 4040 880 4104 ,βασιλεῖ
905 4041 1213 4110 Σαλομὼν,
1244 4041 1313 4095 ἐν
1340 4041 1420 4108 τῷ
1451 4045 1749 4114 στεφάνῳ,

176 4124 218 4192 ᾧ
240 4128 674 4198 ἐστεφάνωσεν
709 4130 897 4184 αὑτὸν
937 4132 975 4199 ἡ
1016 4131 1215 4200 μήτηρ
1252 4133 1459 4200 αὐτοῦ,
1501 4135 1570 4188 ἐν
1605 4135 1749 4205 ἠμέ-

171 4226 241 4288 ρςι
266 4220 378 4293 (78)
414 4222 815 4291 νυμφεύσεως
840 4222 1046 4290 αὑτοῦ,
1084 4224 1182 4278 καὶ
1212 4224 1281 4279 ἐν
1311 4224 1500 4294 ἡμέρᾳ
1531 4227 1750 4296 sti-sapae

176 4311 307 4377 σίας
343 4311 461 4374 (79)
495 4311 747 4378 καρδίας
779 4313 983 4367 αὐτοῦ.

241 4443 284 4475 ⁸³
312 4445 455 4498 Luc.
481 4458 559 4508 ix,
597 4442 683 4498 58.
756 4443 801 4476 δ’
831 4444 956 4514 Sap.
985 4444 1141 4510 "1,6.
1220 4445 1265 4478 '°
1301 4445 1462 4502 Zach.
1491 4463 1564 4510 Ix.
1592 4446 1677 4507 l6.

239 4558 348 4634 (θῇ)
369 4559 549 4634 §acer
573 4560 930 4634 textushabet
957 4560 1130 4634 κλίνῃ.

379 4628 639 4702 [iarbam
677 4628 809 4682 VaIl.
855 4628 1108 4702 χρυσίονῖ
1133 4631 1285 4684 Male.

240 4699 351 4770 (64)
391 4697 923 4770 νεμίὶηιει-υτεεξᾶί
941 4713 1158 4769 propter
1193 4700 1312 4756 ﬁdei
1345 4701 1696 4770 probitatem:
1723 4723 1742 4757 ι

177 4768 414 4837 scribere
450 4767 717 4837 debuerat
753 4785 773 4819 ι
813 4767 1202 4837 probationem.
1243 4789 1262 4823 ι

238 4838 349 4906 (65)
390 4836 564 4906 Philo
593 4836 753 4904 igitur
790 4836 976 4892 habuit
1031 4855 1126 4906 pro
1175 4841 1314 4894 libro
1357 4844 1615 4897 canonico
1645 4843 1746 4898 Sa-

178 4904 420 4983 pientiam
433 4904 907 4983 _Salomonis,_qui
940 4904 1075 4962 liber
1100 4911 1163 4983 in_
1179 4909 1404 4983 Vulgata
1420 4911 1617 4983 Latina
1647 4927 1747 4983 rap-

179 4975 398 5096 pellatur
425 4974 730 5056 Sapientia:
759 4974 849 5057 Sic
904 4992 1067 5057 supra
1099 4978 1170 5059 ad
1206 4974 1345 5032 vers.
1381 4981 1451 5034 2-3
1500 4974 1744 5036 eumdem

197 5058 341 5096 ocum
366 5061 435 5096 ex
482 5042 767 5096 Samenua
790 5054 974 5096 citavn
995 5047 1231 5096 adhibito
1255 5048 1418 5096 verba
1437 5052 1587 5096 ωτπσί-
1613 5051 1744 5096 Cum

197 5058 341 5120 ecum
366 5061 435 5099 ex
482 5042 767 5120 Sapientia
790 5042 1231 5120 citavit—adhibito
1255 5048 1418 5120 verbo
1437 5052 1587 5120 φησί.
1613 5051 1745 5105 Cum

180 5113 342 5190 verba
362 5124 553 5190 autem
569 5113 720 5190 ἐρησί
749 5125 934 5168 notum
995 5125 1078 5190 est
1114 5113 1615 5190 subintellige'nilam
1649 5136 1744 5176 vo-

179 5184 530 5253 εθηιΓραφή.
569 5180 716 5253 Vide
734 5192 911 5253 notam
944 5187 1009 5238 ad
1049 5200 1190 5239 vers.
1224 5186 1342 5241 199.

240 5251 446 5325 (conn
477 5251 658 5325 sacris
688 5251 822 5325 Bibi.
853 5251 948 5308 Gr.
985 5257 1261 5325 πορφυρᾶ.
1297 5256 1480 5313 Lectio
1511 5258 1746 5314 Philonis

180 5321 663 5398 mpfpjpajccedit
684 5321 1040 5398 ad__Co_mplut.
1058 5321 1372 5398 πορφύραν.

241 5389 363 5461 (67)
384 5389 706 5461 ζΕπίϐασις
735 5389 890 5461 Barb.
906 5389 960 5446 et
986 5389 1153 5448 meus.

239 5458 347 5529 (68)
382 5459 538 5530 Lego
569 5458 824 5530 πορφύρᾳ
847 5460 924 5515 δέ.

262 5528 347 5597 69⁷)
389 5529 588 5582 Melius
619 5528 779 5599 αὕτηζ

261 5599 347 5677 EQ)
376 5601 506 5677 fat.
553 5598 692 5677 edit.
730 5598 785 5652 et
827 5606 1741 5677 τριτημοιηᾲηεεμιιηὺθηιἀγάπην.

244 5665 516 5748 (71)(Σρμ.
550 5665 753 5748 _Mu‘lin.
787 5667 962 5748 χώρου
996 5671 1102 5748 τῶν
1148 5671 1367 5748 δικαίων
1398 5677 1429 5744 ἡ
1455 5665 1744 5748 Γράφή·”ἱιι

182 5753 307 5801 meo,
335 5735 392 5793 et
431 5735 602 5818 βαι-1).
624 5735 840 5816 ~legitur
864 5735 1120 5810 Χριστοῦ.
1143 5735 1543 5802 Emendanduin
1568 5735 1745 5803 otiini-

182 5822 242 5862 un
269 5823 449 5865 censui
482 5821 672 5874 χορου.

1923 2422 2256 2479 LXXXVIII.
2322 2434 2443 2479 ntra
2485 2426 2653 2498 ipsum
2691 2425 2953 2493 lapidibus
2986 2431 3253 2478 constrata
3293 2424 3421 2478 dia—

1854 2518 2008 2571 ritas.

1922 2601 2311 2664 Admirabilem
2353 2607 2514 2664 etiam
2561 2607 2616 2663 in
2665 2610 2765 2663 hoc
2798 2608 2917 2663 loco
2961 2605 3245 2677 Scriptura
3289 2605 3423 2662 mihi

1853 2698 2066 2753 videtur
2090 2713 2360 2766 exponere
2386 2698 2757 2754 characterem
2787 2698 2938 2753 chori
2983 2699 3274 2769 iustorum,
3306 2697 3423 2766 ejus

1855 2787 2308 2859 pulchritudinem
2356 2788 2652 2844 declarans.
2696 2788 3136 2857 Quandoquidem
3174 2783 3318 2842 enim
3345 2787 3425 2843 Io-

1855 2888 1978 2933 cuta
2007 2886 2090 2934 est
2116 2879 2181 2934 de
2206 2877 2548 2933 multitudine
2573 2877 2829 2933 Ecclesia
2857 2893 2976 2946 qua
3003 2888 3086 2933 est
3113 2878 3254 2933 intra
3288 2875 3422 2932 Uni-

1855 2971 2128 3039 genitum,
2183 2970 2298 3024 ait:
2356 2988 2375 3022 ‹
2408 2972 2556 3024 Intra
2611 2969 2785 3039 ipsum
2834 2969 3099 3039 lapidibus
3146 2977 3422 3024 constrata

1855 3061 2112 3116 charitas.
2153 3078 2173 3112 ι
2209 3059 2501 3130 Lapidibus
2533 3059 2678 3114 enim
2715 3059 2917 3114 sanctis
2945 3058 3118 3127 iustos
3155 3057 3422 3113 assimilat

1778 3201 1824 3262 Ο
1851 3153 2003 3222 juxta
2050 3155 2364 3223 prophetam
2398 3151 2665 3207 dicentem
2693 3169 2714 3207 τ
2745 3170 2765 3204 ι
2812 3152 3044 3222 Lapides
3091 3151 3263 3208 sancti
3301 3150 3423 3205 vol-

1857 3251 2052 3296 vuntur
2081 3255 2240 3310 super
2271 3251 2471 3296 terram
2500 3239 2618 3310 ejus
2632 3240 2677 3272 '°
2707 3256 2721 3294 :
2761 3259 2780 3293 ι
2817 3249 3102 3309 propterea
3137 3239 3280 3309 quod
3315 3239 3418 3309 ipsi

1856 3332 2004 3387 humi
2035 3332 2232 3387 cubant
2259 3340 2313 3386 et
2333 3344 2504 3402 genua
2521 3330 2759 3397 ﬂectunt,
2786 3331 2880 3402 qui
2911 3331 3175 3387 cbaritate
3201 3345 3418 3386 omnem

1855 3423 2148 3488 adimplent
2188 3423 2380 3494 legem,
2421 3432 2477 3479 et
2519 3424 2660 3478 intra
2707 3423 2884 3493 ipsum
2914 3430 3061 3488 sunt,
3096 3431 3152 3476 et
3203 3421 3270 3476 ab
3299 3421 3419 3490 ejus

1855 3516 2138 3585 praeceptis
2166 3523 2221 3570 et
2247 3500 2508 3570 charitate
2539 3513 2942 3585 inseparabiles.

1923 3604 2208 3660 LXXXIX.
2244 3605 2286 3660 Α
2308 3606 2518 3675 ﬁliabus
2553 3604 2907 3660 Hierusalem.

1923 3695 2037 3750 Hoc
2068 3704 2151 3749 est
2178 3711 2210 3750 a
2244 3698 2446 3750 sanctis
2477 3697 2762 3765 apostolis:
2797 3709 3024 3764 quorum
3071 3692 3263 3748 anima
3302 3689 3423 3745 illia

1852 3795 1978 3841 sunt
2003 3800 2107 3841 non
2138 3786 2429 3851 terrestris.
2459 3785 2554 3842 sed
2578 3786 2815 3842 calestis
2849 3784 3205 3841 Hierusalem.

1921 3960 2034 4016 XC.
2065 3959 2225 4015 Vens.
2260 3961 2344 4015 II.
2370 3960 2690 4030 Egredimini
2713 3969 2760 4016 et
2795 3961 2979 4025 videte,
3010 3959 3140 4028 [ilia
3177 3958 3329 4022 Sion,
3367 3960 3422 4012 in

1854 4067 1969 4120 rege
1996 4049 2295 4114 Salomone,
2335 4051 2392 4102 in
2432 4066 2624 4103 corona
2661 4066 2763 4117 qua
2802 4051 3068 4104 coronauit
3100 4065 3216 4103 eum
3250 4059 3421 4102 mater

1853 4143 1966 4207 eius
2001 4145 2055 4195 in
2081 4142 2168 4197 die
2196 4141 2610 4212 desponsatiouis
2642 4140 2777 4211 ejus,
2798 4150 2847 4195 et
2883 4145 2934 4195 in
2972 4140 3056 4196 die
3085 4138 3283 4196 [milia
3301 4153 3420 4198 oor-

1851 4232 1932 4286 dis
1962 4235 2064 4287 sui.

1787 4566 1834 4623 D
1935 4563 2046 4635 (72)
2079 4562 2197 4635 V_et.
2223 4562 2428 4635 interp;
2451 4561 2666 4635 haecita
2692 4567 2855 4614 vertit
2885 4574 2900 4613 :
2936 4575 2956 4611 ι
2995 4559 3130 4635 Quia
3179 4557 3322 4635 enim
3345 4559 3419 4635 de

1859 4628 2200 4689 multitudine
2229 4628 2376 4686 dixit
2392 4631 2642 4686 Ecclesia
2679 4645 2796 4700 qua
2836 4638 3051 4700 constat
3089 4629 3140 4683 in
3169 4629 3279 4682 suis
3311 4628 3418 4700 ele-

1850 4705 1970 4769 Ctis,
2009 4703 2137 4758 istos
2182 4702 2320 4755 intra
2371 4698 2711 4769 Unigenituni
2752 4713 2873 4753 esse
2928 4698 3277 4769 demonstrat,
3313 4698 3418 4769 Διίὶ-

1851 4763 1978 4827 cens
2011 4791 2023 4828 :
2058 4773 2199 4826 Intra
2235 4772 2406 4840 ipsum
2433 4763 2723 4840 lapidibus
2762 4777 2931 4840 strata
2970 4766 3227 4840 Charitas.
3261 4783 3277 4815 ι
3309 4763 3414 4821 Sed

1850 4858 1912 4895 ea
1951 4850 2107 4896 caute
2140 4836 2386 4908 legenda.
2431 4836 2546 4894 Non
2580 4839 2720 4893 enim
2750 4851 2814 4892 ex
2834 4838 2962 4908 solis
2996 4836 3183 4890 electis
3203 4845 3417 4908 constat

1853 4911 2108 4977 Ecclesia,
2150 4906 2244 4966 sed
2279 4910 2438 4963 etiam
2468 4909 2727 4963 admistos
2762 4907 2921 4977 habet
2952 4916 3285 4977 peccatores;
3320 4906 3412 4974 qui

1848 4991 1972 5035 sunt
1999 4982 2050 5034 in
2085 4974 2144 5035 ea
2165 4990 2221 5032 ut
2240 4979 2404 5047 palea
2427 4981 2478 5032 in
2503 4977 2804 5032 frumentis.
2827 4974 3010 5032 Gram
3044 4991 3148 5031 non
3179 4976 3410 5029 habent:

1852 5068 1871 5101 ι
1903 5065 2022 5118 qua
2053 5056 2257 5103 constat
2297 5051 2347 5101 in
2373 5049 2484 5101 suis
2511 5047 2716 5102 electis.
2749 5064 2778 5118 _s

1921 5114 2248 5190 (7339mm
2283 5118 2449 5190 Biblia
2481 5118 2679 5190 habent
2703 5114 2886 5190 αυτοῦ.

1918 5185 2031 5260 (74)
2047 5187 2607 5260 νειΙΙίεθγονοκλιτεῖν.
2634 5186 2792 5241 Barb.
2819 5193 2873 5240 et
2896 5198 3045 5239 meus
3060 5185 3407 5252 γονυκλιτεῖν.

1849 5258 2199 5313 Scrihendum
2232 5258 2583 5326 γονυκλινεῖν.

1918 5329 2029 5398 (75)
2089 5324 2314 5382 Αὐτῶν.
2371 5327 2666 5383 Contextus
2718 5324 3000 5395 legendum
3053 5332 3410 5392 postulatae-

1848 5399 1959 5451 τοῦ·
1990 5410 2042 5451 et
2072 5399 2148 5452 sic
2186 5399 2361 5452 reddit
2399 5399 2680 5465 interpres.

1920 5467 2031 5538 (76)
2060 5470 2310 5532 Αῖτινες.
2347 5464 2811 5535 Maliniequidem
2842 5464 3055 5528 οἵτινες,
3094 5481 3111 5515 ι
3149 5471 3236 5533 qui
3277 5471 3410 5529 (scr-

1849 5539 2249 5609 Iicctiappstoli)
2279 5549 2398 5591 sunt
2417 5555 2446 5609 _s
2472 5546 2524 5589 et
2547 5545 2667 5609 cat.

1920 5603 2145 5676 (77)’Sic
2163 5603 2312 5661 Alex.
2333 5606 2449 5659 cod.
2470 5617 2522 5658 et
2538 5603 2950 5676 Compl.iLectio
2969 5604 3138 5662 Vntic.
3160 5612 3241 5661 est
3262 5619 3273 5655 :
3304 5605 3408 5661 0»-

1850 5675 2076 5746 γατέρες
2106 5677 2264 5741 Σιὼν,
2292 5676 2539 5741 ἐξέλθατε
2570 5675 2664 5728 καὶ
2693 5675 2879 5728 εἴδετε.

1919 5747 2032 5817 (76)
2069 5746 2252 5817 Vallia.
2277 5747 2528 5817 ἡμέραις.

1921 5813 2030 5888 (79)
2063 5815 2152 5872 Gr.
2184 5813 2535 5873 Bibll'habcut
2565 5813 2915 5887 εὐφροσύνης,
