4208 6312
780 336 851 393 87
1897 341 2227 403 PlllLONlS
2266 346 2365 404 EPl

2471 345 2571 405 DPl
2610 348 2928 405 CARPASlt
3996 353 4063 410 88

855 474 875 507 ι
922 456 1288 529 Egreutmini,
1316 475 1333 508 ι
1374 456 1582 527 inquit,
1628 472 1692 513 ex
1742 460 2025 516 maledicto
2054 462 2274 533 legis",
2300 466 2365 519 ab

2551 489 2568 518 ι
2614 466 2918 532 Ἐξέλθατε,
2950 461 3130 534 λέγει,
3162 465 3269 519 ἀπὸ
3298 467 3395 536 τῆς
3430 466 3523 521 τοῦ
3558 468 3723 538 νόμου
3750 470 4015 541 κατάρας,
4041 490 4063 527 ι

777 547 1084 605 Iudaeorum
1116 548 1451 618 infidelitate,
1486 559 1540 607 et
1574 568 1593 603 ι
1618 552 1898 608 intuemini
1934 554 1985 609 in
2006 570 2185 626 regem
2211 556 2365 613 Salo-

778 655 962 705 mon,»
989 640 1040 696 id
1075 649 1177 706 est,
1203 640 1256 695 in
1286 642 1569 696 Dominum
1595 652 1837 699 nostrum
1854 642 2036 699 Jesum
2054 644 2361 717 Christum,

782 749 801 783 ι
836 732 888 786 in
921 747 1120 788 corona
1153 748 1260 802 qua
1284 734 1571 787 coronavit
1593 748 1717 789 eum
1740 743 1914 789 mater
1933 733 2070 804 ejus,
2101 754 2120 787 ι
2146 739 2364 806 quando

779 824 1023 892 spineam
1054 838 1315 879 coronam
1346 824 1656 881 Judaeorum
1690 825 1973 898 Synagoga
2005 842 2171 897 super
2202 843 2363 899 caput

773 916 893 985 ejus
937 916 1215 986 imposuit.
1263 917 1395 971 Eam
1440 926 1620 973 autem
1652 927 1879 973 matrem
1909 919 2145 990 appellat
2182 922 2365 976 carnis

772 1007 910 1075 ejus,
938 1016 1225 1077 propterea
1252 1009 1393 1078 quod
1424 1022 1490 1063 ex
1515 1007 1715 1064 .ludaais
1747 1018 1901 1066 ortus
1949 1019 2034 1066 est
2064 1012 2361 1067 secundum

771 1112 1017 1163 carnem.
1070 1099 1196 1155 Dies
1237 1114 1365 1155 vero
1416 1101 1851 1171 desponsationis
1897 1101 2035 1172 ejus,
2081 1114 2209 1158 sunt
2255 1115 2364 1159 tres

772 1188 890 1243 dies
914 1189 1219 1259 passionis;
1252 1199 1378 1247 tunc
1401 1193 1544 1247 enim
1577 1202 1820 1248 sanctam
1848 1194 1989 1249 hanc
2016 1194 2364 1266 desponsavit

773 1280 1100 1338 Ecclesiam.
1135 1281 1292 1339 Tunc
1321 1295 1375 1340 et
1403 1284 1545 1357 quod
1572 1293 1657 1340 est
1679 1287 1820 1355 apud
1852 1288 2049 1341 Oscam
2075 1289 2360 1349 oraculum

756 1371 1054 1444 \impletum
1079 1383 1199 1429 est:
1250 1392 1269 1427 ι
1301 1374 1368 1429 Et
1412 1375 1749 1443 desponsabo
1784 1385 1835 1430 te
1871 1377 2003 1432 mihi
2052 1372 2104 1432 in
2154 1378 2277 1445 tlde,
2309 1389 2364 1434 et

774 1478 1068 1535 cognosces
1092 1466 1458 1523 Dominum".
1484 1486 1503 1520 ι
1523 1466 1656 1523 lllud
1679 1483 1832 1535 vero,
1871 1486 1890 1521 ι
1910 1479 1965 1525 ει
1982 1470 2033 1524 in
2052 1471 2139 1525 die
2164 1471 2361 1527 laetitiae

774 1557 956 1612 cordis
983 1559 1088 1625 sui,
1133 1576 1152 1611 ι
1179 1559 1506 1630 implebatur
1552 1560 1607 1615 in
1650 1560 1740 1615 illa
1781 1561 1870 1617 die
1904 1561 2128 1619 Pascha:
2160 1564 2215 1618 in
2255 1579 2361 1634 qua

773 1639 931 1698 Jesus
960 1644 1204 1714 gaudens
1230 1646 1368 1700 dixit
1394 1646 1681 1717 discipulis
1708 1648 1821 1705 suis
1852 1668 1866 1705 :
1903 1668 1923 1704 ι
1964 1651 2243 1709 Desiderio
2270 1655 2363 1711 de-

774 1733 1007 1792 siderati
1036 1737 1139 1795 hoc
1168 1739 1367 1805 pascha
1401 1743 1733 1799 manducare
1773 1724 2050 1799 vobiscum
2070 1745 2137 1798 ⁸³.
2178 1765 2197 1797 ›

1431 2003 1586 2063 CAP.
1622 2003 1711 2061 ιν.

773 2092 908 2149 XCI.
940 2092 1101 2151 Vsus.
1134 2097 1182 2151 1.
1226 2096 1363 2151 Ecce
1406 2096 1627 2165 pulchra
1656 2114 1732 2163 es,
1762 2099 2010 2169 proxima
2051 2114 2201 2152 mea:
2246 2114 2363 2152 ecce

842 2188 1063 2253 pulchra
1088 2202 1177 2242 es:
1208 2189 1345 2241 oculi
1369 2188 1449 2241 tui
1476 2187 1751 2253 columbae,
1773 2198 1922 2242 extra
1946 2190 2363 2244 taciturnitatem

847 2287 1017 2331 tuam.

844 2367 1051 2426 Laudat
1071 2367 1230 2440 hujus
1254 2369 1715 2439 pulchritudinem
1740 2385 1972 2442 sponsus
1994 2370 2110 2441 ejus
2140 2371 2359 2427 dicens:

778 2478 797 2512 ι
836 2459 973 2515 Ecce
1004 2459 1229 2530 pulchra
1254 2475 1337 2525 es,
1379 2479 1398 2513 ι
1442 2478 1547 2516 non
1580 2452 1769 2529 semel,
1805 2463 1900 2517 sed
1927 2464 2091 2518 etiam
2128 2464 2357 2519 iterum:

773 2551 996 2620 pulchra
1027 2551 1169 2606 enim
1202 2568 1309 2607 non
1353 2552 1524 2607 solum
1552 2553 1678 2620 ﬁde,
1708 2557 1802 2609 sed
1840 2556 2004 2609 etiam
2040 2556 2171 2625 ipsis
2202 2554 2361 2623 justi-

2472 559 2581 611 ἀπὸ
2608 559 2709 629 τῆς
2755 558 3024 611 Ἰουδαίων
3075 557 3378 623 ἀπειθείας,
3424 577 3442 610 ι
3468 560 3563 613 κα).
3597 560 3737 613 ἴδετε
3769 563 3825 614 ἐν
3863 562 3940 633 τῷ
3978 562 4066 633 βα-

2474 652 2617 704 σιλεῖ
2645 651 2967 721 Σαλομὼν,ι
3006 652 3144 723 ὅπερ
3175 653 3321 704 ἐστὶν
3355 653 3412 706 ἐν
3438 653 3515 723 τῷ
3545 655 3737 726 Κυρίῳ
3764 656 3923 726 ἡμῶν
3968 657 4063 727 Ἰη-

2470 739 2564 794 σοῦ
2594 741 2837 812 Χριστῷ,
2876 761 2893 792 ι
2918 743 2980 794 ἐν
3007 741 3087 812 τῷ
3124 742 3375 812 στεφάνῳ
3501 744 3879 813 ἐστεφάνωσεν
3903 746 4064 799 αὐτὸν

2466 832 2501 903 ὴ
2528 834 2709 904 μήτηρ
2729 832 2916 896 αὐτοῦ,
2938 852 2955 885 ι
2984 833 3072 886 ὅτε
3092 834 3181 887 τὸν
3204 831 3494 887 ἀκάνθινον
3514 834 3779 908 στέφανον
3801 837 4064 908 ἐπέθηκεν

2467 923 2632 977 αὐτοῦ
2660 927 2725 995 τῇ
2755 925 2968 997 κεφαλῇ
2990 927 3022 995 ή
3047 924 3156 979 τῶν
3191 924 3461 978 Ἰουδαίων
3485 907 3806 999 Συναγωγή.
3836 907 4063 1000 Μητέρα

2464 1011 2518 1064 δὲ
2554 1012 2655 1083 τῆς
2712 1014 2917 1087 σαρκὸς
2967 1013 3134 1067 αὑτοῦ
3178 1015 3383 1085 ταύτην
3412 1015 3587 1081 καλεῖ,
3621 1017 3808 1089 ἐπειδὴ
3838 1018 3897 1070 τὸ
3924 1018 4064 1072 κατὰ

2466 1103 2649 1175 σάρκα
2694 1104 2754 1169 ἐξ
2811 1105 3083 1160 Ἰουδαίων
3110 1106 3407 1163 ἀνέτειλεν.
3452 1107 3693 1180 Ἡμέραι
3736 1108 3795 1161 δὲ
3826 1108 4066 1179 νυμφεύ-

2467 1215 2605 1261 σεως
2639 1196 2803 1251 αὑτοῦ
2844 1199 2900 1250 αί
2943 1201 3094 1269 τρεῖς
3142 1199 3249 1253 εἱσι
3281 1198 3375 1252 τοῦ
3405 1200 3611 1264 πάθους
3635 1217 3651 1233 ο
3681 1200 3800 1254 τότε
3831 1201 3940 1274 γὰρ
3972 1203 4065 1274 τὴν

2466 1289 2630 1355 ἁγίαν
2682 1287 2885 1357 ταύτην
2942 1286 3270 1358 Ἐκκλησίαν
3323 1289 3707 1360 ἐνυμφεύσατο
3741 1290 3877 1362 (80).
3930 1291 4063 1345 Τότε

2464 1380 2560 1440 καὶ
2588 1379 2649 1432 τὸ
2692 1380 2750 1432 ἐν
2781 1379 2943 1451 Ὠσηὲ
2983 1378 3061 1450 τῷ
3106 1382 3364 1453 προφήτῃ
3412 1381 3648 1435 ἐτελεῖτο
3681 1382 3867 1454 ῥῆμα·
3912 1403 3929 1435 ι
3955 1384 4065 1439 Καὶ

2466 1472 2878 1544 μνηστεύσομαί
2923 1488 2983 1524 σε
3029 1471 3257 1543 ἐμαυτῷ
3299 1474 3357 1526 ἐν
3400 1471 3602 1538 πίστει,
3657 1474 3753 1526 καὶ
3783 1474 4063 1546 ἐπιγνώσῃ

2461 1563 2553 1616 τὸν
2595 1564 2818 1634 Κύριον.
2847 1583 2866 1614 ι
2905 1562 2979 1616 Τὸ
3006 1563 3083 1629 δέ,
3120 1584 3139 1614 ι
3161 1565 3256 1616 καὶ
3285 1566 3341 1617 ἐν
3372 1563 3557 1635 ἡμέρᾳ
3587 1564 3892 1634 εὐφρασίας
3927 1582 4065 1635 καρ-

2461 1653 2580 1718 δίας
2608 1653 2831 1718 αὑτοῦ.»
2874 1657 2933 1707 ἐν
2967 1654 3154 1728 ἐκείνῃ
3183 1656 3248 1725 τῇ
3280 1654 3465 1726 ἡμέρᾳ
3502 1654 3598 1709 τοῦ
3630 1656 3846 1726 Πάσχα,
3876 1657 3932 1708 ἐν
4036 1658 4064 1709 ό

2476 1744 2684 1815 Ἰησοῦς
2722 1745 3149 1817 εὐφραινόμενος
3204 1746 3337 1815 φησὶ
3378 1748 3490 1809 τοῖς
3524 1744 3719 1799 ἑαυτοῦ
3754 1746 4059 1816 μαθηταῖς·

2397 1830 2438 1886 Β
2470 1855 2487 1887 ι
2532 1836 2826 1909 Ἐπιθυμίᾳ
2856 1836 3179 1909 ἐπεθύμησα
3211 1836 3372 1889 τοῦτο
3406 1837 3465 1890 τὸ
3499 1837 3685 1909 πάσχα
3716 1840 3912 1907 φαγεῖν
3943 1834 4062 1908 μεθ’

2467 1927 2639 1999 ὑμῶν.
2673 1948 2693 1980 ι

3127 2021 3285 2075 ΚΕΦ.
3326 2023 3399 2076 Δθ.

2466 2114 2583 2182 ιιιιν.
2633 2117 2727 2170 Στ.
2775 2122 2844 2169 α’.
2904 2113 3059 2170 Ἰδοὺ
3099 2117 3138 2184 ἡ
3174 2116 3287 2187 (81)
3330 2116 3488 2184 καλὴ
3522 2117 3560 2183 ι)
3595 2118 3875 2184 πλησίον
3903 2132 4062 2186 patr

2539 2208 2667 2262 ιδοὺ
2697 2209 2735 2276 ἡ
2765 2206 2922 2276 καλή
2945 2222 2958 2235 ·
2990 2209 3289 2279 ὀφθαλμοί
3312 2225 3430 2264 σου
3478 2209 3844 2277 περιστεραὶ,
3890 2207 4068 2275 ἐκτὸς

2538 2299 2649 2367 τῆς
2672 2298 3031 2367 σιωπήσεώς
3057 2312 3196 2353 σου.

2548 2390 2794 2442 Ἐπαινεῖ
2817 2387 3022 2458 ταύτης
3059 2386 3121 2439 τὸ
3152 2386 3348 2449 κάλλος
3377 2389 3406 2440 ό
3437 2385 3643 2457 ταύτης
3678 2385 3935 2457 νυμφίος,
3963 2386 4066 2455 οὐχ

2466 2480 2613 2546 ἅπαξ
2658 2480 2851 2545 εἰπὼν,
2898 2499 2916 2531 ι
2949 2480 3081 2533 Ἰδοὺ
3128 2481 3161 2550 ή
3216 2479 3378 2550 καλὴ,
3410 2499 3428 2531 ι
3468 2480 3604 2533 ἀλλὰ
3643 2481 3737 2533 καὶ
3785 2479 4062 2548 δεύτερον.

2467 2574 2620 2645 Καλὴ
2647 2556 2779 2644 γὰρ,
2810 2574 2871 2625 ού
2908 2572 3072 2642 μόνον
3099 2575 3167 2644 τῇ
3199 2572 3382 2625 πίστει
3413 2572 3549 2641 (89.),
3578 2571 3714 2624 ἀλλὰ
3742 2572 3835 2624 καὶ
3867 2571 4067 2633 αὑταῖς

774 2646 864 2699 tite
893 2646 1219 2706 actionibus.
1248 2644 1381 2702 lllud
1417 2654 1621 2713 autem,
1668 2665 1686 2699 ι
1719 2645 1872 2702 Oculi
1903 2649 1980 2703 tui
2008 2648 2294 2711 columbas,
2336 2666 2354 2700 ι

2471 2667 2582 2727 ταῖς
2611 2644 2845 2736 πράξεσι
2867 2663 2963 2733 τῆς
2984 2663 3353 2733 δικαιοσύνης.
3373 2663 3447 2714 Τὸ
3468 2662 3546 2728 δὲ,
3589 2680 3608 2713 ι
3634 2660 3939 2731 Ὀφθαλμοί
3969 2676 4068 2714 σου

774 2737 999 2793 laudant
1017 2739 1420 2809 simplicitatem
1441 2749 1496 2796 et
1523 2741 1890 2796 innocentiam
1918 2742 2359 2798 intellectualium

2471 2755 2849 2827 περιστεραὶ,ι
2902 2754 2963 2806 τὸ
3009 2753 3267 2823 ἀκέραιον
3296 2752 3407 2824 (85)
3456 2752 3551 2805 καὶ
3593 2752 3655 2805 τὸ
3699 2753 3908 2807 ἄκακον
3961 2750 4066 2804 τῶν

776 2830 971 2885 animae
1007 2832 1313 2888 oculorum.
1354 2831 1486 2887 illud
1526 2849 1678 2901 vero,
1721 2853 1739 2886 ι
1775 2833 1982 2890 Praeter
2015 2836 2362 2891 taciturnita-

778 2932 885 2975 tcm
929 2933 1098 2988 tuam,
1145 2942 1170 2978 ι
1217 2922 1378 2978 aliam
1418 2924 1873 2994 pulchritudinem
1914 2927 2120 2991 delituit,
2165 2928 2216 2982 id
2255 2936 2360 2992 est,

2465 2846 2666 2917 νοερῶν
2700 2846 2799 2917 τῆς
2844 2844 3021 2917 ψυχῆς
3072 2845 3336 2915 ὀμμάτων
3395 2845 3630 2899 ἐπαινεῖ.
3673 2862 3692 2895 ι
3725 2844 3919 2908 Ἐκτὸς
3968 2846 4069 2913 τῆς

2467 2937 2791 3009 σιωπήσεὼς
2822 2954 2938 3000 σου,
2965 2957 2983 2988 ι
3024 2937 3239 3009 ἑτέραν,
3265 2936 3365 3007 τὴν
3396 2936 3630 3007 σιωπὴν,
3662 2934 3908 3007 ὁρίζεται
3936 2936 4069 2989 καλ-

777 3013 1233 3072 taciturnitateut.
1288 3016 1444 3087 Saepe
1478 3016 1623 3071 enim
1668 3018 1819 3072 multi
1859 3018 1934 3088 pii
1984 3020 2231 3075 homines
2268 3035 2364 3075 ore

2471 3031 2649 3100 λονήν.
2687 3029 2956 3093 Πολλάκις
2989 3030 3099 3100 (84)
3128 3029 3239 3099 γάρ
3273 3028 3460 3082 πολλοὶ
3486 3028 3596 3081 τῶν
3629 3027 3892 3093 εὐσεϐῶν,
3944 3027 4070 3080 στό-

775 3105 994 3175 quidem
1034 3107 1206 3172 taciti,
1246 3108 1344 3164 sed
1382 3110 1546 3165 corde
1578 3108 1942 3166 vociferantes
1975 3112 2209 3167 orationi
2252 3127 2364 3167 sua:

2471 3138 2600 3192 ματι
2634 3120 2969 3187 σιωπῶντες,
3002 3119 3238 3191 βοῶντες
3278 3120 3335 3173 δέ
3368 3123 3434 3191 τῇ
3467 3119 3686 3192 καρδίᾳ,
3718 3121 3966 3190 ὑπήκοον
3992 3118 4069 3188 τῷ

778 3203 948 3259 Deum
993 3203 1378 3261 obaudieutem
1420 3206 1651 3273 faciunt,
1676 3207 2132 3275 quemadmodum
2165 3207 2360 3261 tacenti

2471 3191 2587 3284 Θεῷ
2640 3211 2921 3277 ποιοῦντες
2969 3211 3082 3283 (85)
3127 3211 3227 3283 τὴν
3282 3212 3470 3283 εὐχὴν,
3528 3212 3604 3276 ὼς
3643 3191 3647 3192 ν
3684 3210 3762 3281 τῷ
3811 3211 4073 3281 μακαρίῳ

776 3299 936 3354 beato
958 3296 1127 3368 Moysi
1155 3298 1358 3353 dictum
1392 3295 1527 3351 fuit:
1566 3316 1585 3348 ι
1621 3296 1765 3364 Quid
1797 3297 2000 3352 clamas
2026 3298 2091 3351 ad
2119 3313 2204 3352 me
2221 3298 2305 3350 l"‘2
2338 3318 2356 3352 ι

2471 3307 2677 3377 Μωῦσῇ
2712 3303 2990 3358 σιωπῶντι
3029 3302 3239 3375 ἐρρήθη
3262 3319 3275 3333 ’
3325 3322 3343 3354 ι
3365 3303 3429 3355 Τί
3467 3302 3597 3374 βοᾷς
3630 3302 3764 3374 πρός
3790 3320 3894 3373 με;
3927 3322 3947 3353 ι
3981 3301 4073 3356 καὶ

777 3398 830 3446 et
879 3387 1023 3442 sicut
1067 3387 1225 3443 beata
1264 3392 1410 3443 inter
1440 3388 1697 3446 mulieres
1728 3389 1882 3443 Anna
1917 3389 2081 3443 tacite
2116 3404 2284 3445 orans
2313 3389 2361 3423 "

2471 3395 2544 3459 ὼς
2576 3396 2611 3468 ἡ
2648 3395 2899 3467 μακαρία
2949 3395 3009 3449 ἐν
3056 3395 3305 3464 γυναιξὶν
3348 3393 3646 3465 Ἀννα(86)
3683 3397 3861 3465 σιωπῇ
3916 3395 4074 3465 εὐχο-

778 3490 1035 3543 magnum
1064 3474 1372 3533 Samuelem
1391 3478 1655 3533 orationis
1678 3492 1790 3533 suae
1820 3477 2062 3533 fructum
2089 3480 2253 3549 cepit.

2475 3486 2610 3558 μένη
2647 3488 2857 3559 καρπὸν
2891 3487 3056 3558 εὐχῆς
3085 3485 3326 3539 λαϐοῦσα
3354 3486 3446 3539 τὸν
3479 3487 3654 3557 μέγαν
3683 3486 3967 3558 Σαμουὴλ.

849 3567 1010 3625 Χαιι.
1056 3568 1501 3636 Capillumemtmt
1536 3580 1685 3624 tuum
1739 3578 1796 3623 ut
1836 3586 2013 3639 greges
2060 3586 2364 3640 caprarum,

775 3676 895 3735 qua:
916 3662 1264 3716 ascenderunt
1291 3677 1358 3716 ea:
1388 3659 1621 3717 Gulaad.

847 3754 1247 3825 Capillamento
1292 3754 1517 3825 mystica
1554 3754 1667 3809 haec
1710 3754 2015 3824 Scriptura,
2061 3765 2120 3810 ut
2150 3756 2395 3825 opinor”

780 3846 1047 3901 assimilat
1070 3846 1251 3917 populi
1289 3847 1715 3913 multitudinem,
1746 3847 1899 3915 juxta
1928 3848 2246 3918 Apostolum
2286 3849 2370 3902 di-

778 3948 1045 3995 centem:
1092 3959 1111 3991 ι
1169 3938 1361 3993 Mulier
1415 3939 1460 3992 si
1510 3954 1719 3993 comam
1781 3940 2004 4007 nutriat,
2065 3940 2232 4009 gloria
2289 3949 2372 3994 est

782 4032 861 4088 illi
889 4033 956 4087 ⁸⁸.
986 4052 1006 4086 ι
1047 4032 1215 4087 Coma
1249 4048 1380 4089 vero
1418 4032 1676 4086 Ecclesia:
1707 4040 1785 4087 est
1818 4033 2105 4087 multitudo
2145 4032 2323 4101 populi
2352 4050 2366 4086 :

780 4141 939 4183 coma
968 4128 1112 4182 enim
1140 4142 1237 4197 pro
1263 4126 1529 4181 velamine
1553 4125 1600 4180 ei
1638 4125 1761 4178 data
1789 4134 1893 4181 est.
1926 4126 2092 4180 Coma
2127 4129 2288 4196 igitur
2319 4135 2373 4179 et

780 4218 1028 4274 velamen
1072 4231 1284 4288 sponsae
1329 4218 1553 4283 Christi,
1594 4226 1677 4271 est
1722 4217 2010 4273 multitudo
2048 4217 2369 4287 populorum

779 4310 933 4379 juxta
970 4314 1289 4381 prophetam
1323 4311 1593 4364 dicentem
1622 4311 1703 4365 In:
1752 4331 1770 4362 ι
1800 4310 2071 4366 Omnibus
2100 4310 2186 4364 his
2216 4311 2369 4380 quasi

2547 3568 2680 3645 ιβ’]
2710 3578 2977 3647 Τρίχωμά
3030 3594 3148 3631 σου
3197 3578 3278 3643 ὡς
3310 3576 3522 3646 ἀγέλαι
3555 3576 3671 3629 τῶν
3714 3574 3898 3646 αἰγῶν
3935 3573 4073 3646 (87),

2477 3666 2542 3722 ατ
2566 3668 3090 3736 ἀπεκαλύφθησαν
3125 3666 3236 3738 (88)
3265 3666 3385 3720 ἀπὸ
3414 3666 3522 3720 τοῦ
3548 3665 3818 3720 Γαλαὰδ.

2549 3757 2869 3832 Τριχώματι
2903 3759 2963 3812 τὸ
2995 3758 3200 3828 πλῆθος
3242 3758 3334 3811 τοῦ
3373 3756 3503 3812 λαοῦ
3548 3756 3867 3821 ἀπεικάζειν
3916 3754 4074 3828 οἶμαι

2478 3854 2579 3925 τὴν
2640 3851 2909 3923 μυστικὴν
2950 3850 3154 3920 ταύτην
3196 3850 3445 3920 Γραφὴν,
3502 3848 3643 3902 κατά
3699 3845 3789 3901 τὸν
3838 3848 4075 3915 λέγοντα

2491 3944 2840 3998 Ἀπόστολονο
2879 3964 2897 3996 ι
2925 3942 3065 4013 Γυνὴ
3093 3941 3186 3995 ἐὰν
3216 3944 3383 4013 κομᾷ,
3415 3941 3541 4007 δόξα
3575 3941 3712 4012 αὐτῇ
3739 3940 3851 4011 (89)
3885 3944 4071 3995 ἐστι-ι

2479 4035 2623 4105 κόμη
2662 4033 2719 4087 δέ
2756 4036 2824 4105 τῇ
2876 4032 3195 4101 Ἐκκλησία,
3240 4031 3301 4084 τὸ
3346 4030 3549 4102 πλῆθος
3586 4030 3680 4084 τοῦ
3721 4030 3879 4092 λαοῦ,
3925 4032 4075 4101 ὁτιή

2479 4128 2622 4196 κόμη
2654 4124 2775 4179 ἀντὶ
2807 4123 3155 4197 περιϐολαίου
3192 4122 3423 4177 δέδοται.
3450 4123 3561 4175 Καὶ
3592 4123 3736 4193 κόμη
3770 4122 3956 4176 τοίνυν
3983 4124 4073 4176 κα)

2480 4217 2823 4290 περιϐόλαιον
2855 4218 2955 4287 τῆς
2990 4215 3085 4270 τοῦ
3119 4213 3360 4286 Χριστοῦ
3400 4215 3620 4285 νύμφης
3656 4216 3724 4269 τὰ
3749 4213 3935 4287 πλήθη
3965 4215 4078 4271 τῶν

2476 4310 2642 4377 λαῶν,
2676 4310 2817 4364 κατὰ
2846 4310 2937 4372 τὸν
2968 4310 3197 4379 λέγοντα
3228 4310 3537 4381 προφήτην·
3588 4327 3605 4359 ι
3626 4308 3845 4371 Πάντας
3875 4311 4078 4373 αὐτοὺς

783 4415 1109 4459 ornamento
1148 4403 1421 4469 vestieris,
1464 4414 1516 4459 ct
1553 4403 1919 4459 circumdabis
1958 4403 2050 4457 tibi
2092 4417 2185 4459 eos
2229 4404 2365 4457 sicut

2477 4402 2686 4455 ὲνδύσει
2739 4401 2875 4471 (90),
2946 4402 3041 4454 καὶ
3105 4400 3389 4473 περιθήσει
3459 4400 3659 4461 αὐτοὺς
3735 4398 3810 4462 ὡς
3868 4398 4078 4469 κόσμον

854 4544 898 4576 ⁸³
937 4541 1118 4597 Galat.
1153 4556 1235 4601 Ill,
1269 4506 1385 4596 l5.’
1457 4540 1501 4572 "
1535 4539 1658 4596 Ose.
1692 4556 1753 4604 ιι,
1781 4539 1875 4593 εο.
1948 4539 1996 4571 ⁸³
2034 4537 2165 4594 Luc.
2211 4554 2345 4603 xm,

2549 4538 2594 4570 "
2626 4538 2797 4593 Exod.
2835 4552 2944 4601 xiv,
2980 4538 3067 4591 15.
3146 4536 3195 4568 ⁸⁵
3234 4540 3252 4588 l
3286 4534 3418 4605 Reg.
3472 4548 3509 4598 I,
3540 4533 3626 4588 15.
3704 4532 3751 4564 ⁸⁸
3781 4529 3800 4584 l
3829 4532 3961 4587 Cor.
4001 4548 4077 4593 si,

786 4615 875 4669 15.
956 4614 999 4645 ⁸⁷
1032 4612 1138 4667 lsa.
1163 4627 1311 4679 mx,
1342 4610 1428 4665 l8.

857 4739 969 4809 (80)
1022 4738 1479 4809 Ἐνυμφεύσατο
1532 4738 1777 4793 revocavi
1826 4754 1892 4795 ex
1937 4737 2070 4793 Vall.
2101 4747 2155 4794 et
2188 4739 2369 4804 Barb.,

784 4810 1010 4872 exttttlso
1037 4809 1390 4879 ἐνυμφεύετο,
1420 4819 1478 4863 ιιι
1506 4809 1668 4863 habet
1701 4824 1875 4863 mens.

859 4829 1010 4872 lllllSO
1037 4829 1125 4863 ενυ
1178 4829 1390 4879 φευετο,
1420 4829 1478 4863 ιιι
1508 4829 1668 4863 ηςιυθι
1701 4829 1875 4863 mens.

858 4879 971 4949 (81)
1004 4829 1299 4946 Utruiiique
1328 4881 1378 4932 in
1419 4882 1590 4934 sacris
1620 4879 1807 4935 Bibliis
1836 4880 1931 4936 Gr.
1960 4881 2189 4936 habetur
2220 4875 2288 4948 εἴ,
2322 4889 2377 4935 ει

786 4952 866 5007 sic
896 4952 1019 5018 legit
1054 4961 1205 5005 vetus
1243 4952 1539 5020 interpres.

861 5021 974 5090 (8‘2)
1010 5021 1171 5075 Forte
1221 5032 1331 5074 vet.
1392 5022 1616 5088 interpr.
1652 5020 1840 5075 habuit
1882 5023 1935 5076 in
1983 5037 2080 5077 suo
2104 5020 2226 5077 cod.
2253 5020 2375 5073 πιόυ

786 5109 931 5163 τητι,
965 5093 1053 5163 ιμιὶ
1091 5092 1260 5163 vertit
1296 5110 1313 5142 ι
1355 5092 1695 5163 pinguedine.
1741 5112 1759 5143 ι

862 5162 974 5231 (85)
1029 5161 1101 5233 lla
1131 5161 1319 5233 Vallic.
1358 5160 1609 5214 lllendose
1640 5177 1791 5215 meus
1825 5161 2073 5233 etiliarb.
2100 5162 2379 5233 ἀκαίρεον.

861 5234 976 5305 (illi)
1010 5232 1274 5305 _l’cssime
1307 5242 1413 5285 vet.
1466 5233 1733 5300 interpres
1767 5250 1780 5305 ι
1813 5250 1829 5283 ι
1869 5232 2207 5305 Frequenter
2236 5235 2380 5305 enim

784 5303 941 5356 multi
972 5303 1183 5369 piorum
1216 5317 1312 5354 ore
1350 5311 1609 5362 tacentes,
1651 5304 1813 5356 corde
1846 5304 2135 5355 οΙιειιὶειιιε
2173 5303 2379 5355 oratio-

787 5389 913 5425 nem
948 5374 1085 5439 apud
1122 5373 1286 5425 Deum
1325 5372 1623 5439 probantur
1653 5372 1947 5426 all‘undere.
1994 5390 2013 5423 ι
2052 5370 2164 5423 Non
2202 5373 2379 5425 reddit

787 5460 973 5495 \orczn
1009 5443 1260 5508 βοῶντες,
1308 5460 1412 5511 qua
1448 5445 1667 5508 omissa,
1714 5458 1822 5496 non
1856 5451 2033 5511 potest
2066 5442 2215 5495 reddi
2254 5457 2377 5495 vera

784 5512 1031 5567 Philonis
1062 5514 1349 5566 sententia.

864 5583 975 5650 (85)
1007 5582 1189 5636 \‘allic.
1218 5582 1517 5646 ποιοῦνται,
1550 5593 1601 5637 et
1639 5583 1715 5636 sic
1755 5582 1966 5637 videtur
1994 5587 2299 5645 legendum.

1003 5650 1194 5727 Fallic.
1224 5671 1344 5727 non
1387 5655 1547 5727 habet
1583 5656 1777 5727 ζ’ᾼννα.

861 5722 973 5791 (87)
1001 5722 1234 5789 Ιὶαονυειιί
1267 5740 1332 5780 ex
1366 5726 1537 5779 sacris
1583 5725 1738 5778 libris
1785 5726 1975 5789 αἰγῶν,
2024 5728 2112 5777 ubi
2144 5738 2291 5778 meus
2321 5732 2373 5777 et

788 5793 939 5851 Barb.
979 5791 1163 5851 ἁγίων.

831 5795 939 5851 λιτὶ»
979 5794 1163 5863 ἁγίων.

2556 4742 2667 4814 (88)
2706 4740 2891 4800 .Yetus
2936 4742 3203 4814 interpres
3244 4738 3704 4814 Vinetur__iegisse
3758 4741 4078 4814 απςρησαν,

2484 4804 2603 4881 αιιξε
2631 4804 2858 4867 lectioin
2887 4812 3048 4866 nullis
3068 4804 3345 4878 impressis
3371 4804 3815 4881 Bililiisapparct.
3839 4804 4079 4881 Vulgata

2484 4879 2674 4937 Latina
2705 4892 2884 4947 tanien
2922 4883 3105 4947 habet,
3139 4899 3155 4931 t
3189 4881 3569 4944 ascenderunt,
3596 4896 3613 4929 ι
3646 4879 3787 4946 quod
3831 4886 3918 4929 est
3969 4879 4077 4929 ἀπ-

2483 4946 2879 5024 έϐησαν.’(ῖιιιιι
2940 4966 3069 5004 vero
3125 4951 3318 5005 iterum
3382 4948 3581 5002 referat
3644 4948 3807 5024 paulo
3847 4947 4077 5024 inferius

2484 5016 2671 5076 eadem
2728 5022 2921 5084 verba,
2980 5037 3083 5074 non
3148 5031 3325 5072 tamen
3377 5033 3500 5071 cum
3559 5018 3725 5071 verbo
3784 5016 4076 5071 ἀπεκαλύ-

2531 5094 2724 5163 θησαν,
2776 5095 2871 5145 sed
2929 5107 3051 5145 cum
3104 5091 3266 5163 verbo
3328 5087 3917 5163 dnéﬁnoav'___itlcii_'ro
3974 5088 4073 5139 ἁπ-

2531 5112 2724 5163 θησαν,
2776 5112 2871 5145 seu
2929 5112 3051 5145 cum
3104 5112 3266 5143 verm)
3328 5112 3631 5159 απεοησαν“
3710 5112 3917 5141 ιιιυιιιυ
3974 5112 4073 5139 απο

2489 5112 2698 5232 ῗϐησαν
2731 5163 3098 5229 reponendum
3160 5161 3247 5213 hic
3296 5170 3444 5227 puto,
3490 5157 3915 5232 lllldeilbtal‘llls
3953 5172 4073 5209 eant

2487 5229 2673 5286 voci-ni
2729 5234 2909 5300 cjeeit.
2971 5241 3187 5284 secutus
3226 5232 3494 5295 vulgatam
3532 5230 3815 5300 lectionem
3853 5229 4065 5300 άπεκα-

2484 5297 2790 5374 λύφθησαν.
2856 5303 3036 5374 lioque
3071 5300 3272 5374 _tna«,;is
3333 5302 3697 5374 reponendum
3745 5297 4073 5374 ἐπέϐησαν,

2485 5369 2627 5441 quod
2653 5369 2775 5424 tota
2807 5371 3119 5439 eXpIanatio
3159 5373 3369 5441 nitatur
3391 5385 3450 5422 ea
3489 5384 3619 5441 voce
3650 5369 3967 5437 ἀπέϐησαν.

2559 5443 2670 5506 (89)
2703 5438 2953 5495 Mentlnse
2981 5457 3132 5494 mens
3169 5452 3221 5493 et
3254 5439 3475 5492 Baiber.
3514 5438 3673 5508 αὕτη.

2556 5514 2664 5583 (90)
2686 5510 3166 5583 ιλεςειιᾱλνδύσῃ,
3184 5510 3634 5583 καὶπεριοήσεες.
3663 5509 3860 5583 Locum
3889 5517 4070 5583 autem

2484 5577 2629 5637 hunc
2649 5577 2907 5637 εἰςιῖιιιιεε
2932 5582 2982 5635 in
3012 5577 3147 5633 Bibl.
3172 5580 3267 5633 Gr.
3290 5597 3301 5631 :
3325 5577 3528 5643 πάντας
3546 5580 3742 5643 αὐτοὺς
3765 5577 3839 5641 ὡς
3864 5579 4074 5649 κόσμον

2483 5652 2700 5725 ἐνδύσῃ.
2744 5653 2993 5725 Sedvet.
3013 5652 3209 5725 interp.
3249 5666 3351 5704 non
3382 5651 3592 5707 videtur
3621 5650 3873 5706 imbuisse
3900 5651 3955 5703 in
3976 5666 4072 5706 διο

2482 5725 2601 5782 Cod.
2640 5720 2797 5779 uerba
2824 5722 2931 5789 illa,
2966 5720 3038 5784 ὡς
3061 5721 3283 5791 κόσμον.
