4208 6312
797 375 861 429 9|
1907 371 2221 430 PHILONIS
2261 374 2570 432 EPISCOPI
2611 375 2933 433 CARPASIi
3993 385 4060 440 92

871 487 992 542 Non
1036 496 1235 553 tacere,
1291 487 1382 542 sed
1420 485 1665 541 confiteri
1732 496 1944 557 oportet
1991 503 2139 560 spem
2180 491 2382 546 saluta~

2559 491 2632 545 Ού
2665 490 2970 545 σιωπᾶσθαι
2998 489 3097 552 δεῖ,
3127 489 3241 545 ἀλλ’
3265 489 3640 562 ὁμολογεῖσθαι
3674 492 3770 563 τὴν
3798 495 4060 564 σωτήριον

800 593 938 634 rem.

874 666 1077 724 XCVII.
1111 668 1274 724 Vens.
1299 669 1355 722 4.
1399 665 1548 722 Sicut
1582 670 1743 723 [ιιι-ιιι
1786 669 1954 724 Βατία
1988 671 2179 725 collum
2209 683 2378 741 tuum,

800 776 917 832 quae
945 760 1206 828 a’diﬁcata
1237 769 1309 813 es!
1344 761 1397 812 in
1429 759 1730 827 Thaipioth.

875 852 1086 908 Collum
1127 851 1243 916 ejus
1303 852 1494 906 deﬁnit
1547 853 1840 908 humanum
1906 853 2068 910 Verbi
2103 856 2383 914 characte-

804 959 943 998 rem.
981 943 1060 997 Ex
1089 945 1252 997 David
1280 946 1422 998 enim
1454 953 1607 1000 Ortus
1654 955 1737 1000 est
1771 946 2027 1002 Dominus
2082 951 2378 1004 secundum

804 1051 1045 1093 carnem.
1112 1036 1458 1091 Assimilatur
1499 1053 1628 1092 vero
1666 1041 1817 1095 turri.
1882 1039 2070 1095 Turris
2110 1044 2257 1096 enim
2301 1043 2384 1097 in-

805 1137 941 1192 star,
972 1128 1062 1196 qui
1104 1129 1170 1182 ad
1198 1142 1324 1181 eam
1357 1128 1704 1200 confugiunt,
1748 1131 1980 1201 protegit
2008 1145 2040 1184 ι
2087 1130 2241 1185 bellis
2267 1132 2383 1186 dia-

800 1220 930 1274 boli.
968 1220 1033 1273 Et
1072 1222 1222 1289 idxta
1253 1219 1422 1274 David
1459 1239 1473 1278 :
1524 1241 1543 1272 ι
1581 1219 1769 1277 Turris
1824 1220 2158 1278 fortitudinis
2189 1237 2216 1276 a
2247 1222 2384 1280 facie

800 1309 1007 1365 inimici
1045 1311 1110 1366 ".
1138 1329 1158 1364 ›
1191 1339 1259 1350 -
1289 1329 1308 1362 ι
1344 1309 1473 1378 Quae
1502 1309 1768 1365 aedificata
1812 1320 1896 1365 est
1933 1311 1986 1365 in
2018 1309 2328 1382 Thalpioth.
2355 1330 2373 1365 ι

801 1401 1089 1471 Thalpioth
1147 1403 1538 1472 interpretatur
1578 1402 1861 1459 exceisum.
1907 1401 2114 1459 Revera
2150 1406 2294 1459 enim
2327 1404 2381 1460 in

801 1495 1019 1549 excelso
1048 1494 1221 1564 ipsum
1260 1493 1506 1563 (collum)
1559 1493 1882 1549 aediﬁcatum
1930 1503 2033 1560 est,
2061 1494 2163 1550 hoc
2187 1505 2291 1562 est,
2327 1497 2380 1550 in

800 1583 978 1641 Verbo
1015 1585 1131 1651 Dei,
1165 1587 1305 1656 quod
1338 1595 1462 1639 ante
1490 1586 1707 1640 saecula.
1739 1604 1759 1638 ι
1789 1585 2022 1641 Verbum
2056 1606 2076 1639 ι
2110 1587 2276 1649 enim,
2309 1586 2384 1640 ait

803 1675 1083 1746 Scriptura
1110 1677 1174 1741 “,
1211 1695 1228 1727 ι
1263 1692 1389 1731 caro
1425 1677 1624 1731 factum
1671 1685 1777 1740 est,
1803 1687 1857 1730 et
1911 1677 2174 1731 habitavit
2201 1678 2253 1731 in
2283 1693 2382 1732 no-

804 1766 924 1832 bis;
959 1786 976 1818 ›
1009 1776 1104 1822 et:
1147 1787 1166 1819 ι
1204 1767 1478 1837 Sapientia
1514 1767 1811 1822 aedificavit
1857 1767 1958 1822 sibi
2009 1768 2229 1822 domum
2256 1769 2322 1822 ".
2358 1787 2378 1820 ι

2493 582 2701 636 ἐλπίδα.

2563 676 2675 740 ιιΖι.
2717 675 2806 726 Στ.
2851 673 2912 728 δ’.
2955 674 3048 739 Ὦς
3085 673 3312 744 πύργος
3330 673 3504 728 Δασὶδ
3531 674 3826 744 τράχηλος
3860 690 4002 745 σου,
4031 680 4063 733 ὁ

2487 764 2941 835 ὼκοδομημένος
2965 766 3033 818 ἐν
3060 765 3133 835 (9)
3166 766 3455 821 Θαλπιώθ.

2569 855 2851 926 Τράχηλον
2884 856 3053 926 αὐτῆς
3093 856 3332 927 ὁρίζεται
3361 857 3452 910 τὸν
3483 857 3817 930 ἀνθρώπειον
3842 861 3933 915 τοῦ
3961 864 4064 919 Λό-

2491 961 2588 1014 γου
2629 947 2972 1018 χαρακτῆρα.
3036 949 3131 1000 Ἐκ
3167 948 3329 1002 Δαδὶδ
3372 949 3480 1021 γὰρ
3526 953 3553 1003 ὁ
3593 951 3795 1022 Κύριος
3826 955 3888 1007 τὺ
3926 958 4065 1012 κατὰ

2492 1036 2690 1108 σάρκα.
2737 1038 3119 1102 Ἀπεικάξεται
3163 1039 3220 1092 δὲ
3262 1038 3487 1111 πύργῳ·
3522 1042 3706 1113 ἐπειδὴ
3743 1043 3952 1114 πύργου
3990 1047 4066 1099 δι-

2490 1145 2594 1198 κην
2631 1130 2758 1191 τοὺς
2787 1129 2879 1182 ὑπ’
2915 1130 3076 1183 αὐτὸν
3120 1133 3557 1201 καταφεύγοντας
3595 1135 3784 1188 σκέπει
3820 1137 3928 1190 ἀπὸ
3958 1139 4066 1194 τῶν

2490 1217 2584 1270 τοῦ
2614 1217 2860 1271 διαϐόλου
2896 1219 3168 1289 πολέμων.
3203 1222 3310 1274 Kal
3343 1220 3484 1275 κατὰ
3506 1221 3597 1276 τὸν
3626 1223 3820 1277 Δαῦίδ·
3865 1243 3885 1276 ι
3920 1225 4068 1296 Πύρ·

2491 1325 2586 1376 γος
2623 1307 2803 1378 ἰσχύος
2835 1310 2942 1363 ἀπὸ
2970 1310 3264 1382 προσώπου
3299 1312 3514 1383 ἐχθροῦ.
3551 1332 3569 1365 ι
3601 1313 3674 1366 Τὸ
3703 1314 3780 1379 δὲ,
3818 1334 3837 1366 ι
3872 1316 4070 1386 ᾠκοδο-

2495 1397 2740 1468 μημένος
2778 1401 2834 1453 ὲν
2880 1398 3170 1465 Θαλπιὼθ,
3222 1419 3240 1452 ι
3279 1401 3530 1455 Θαλπιὼθ
3581 1405 3656 1474 (3)
3706 1405 4069 1475 ἑρμηνεύεται

2493 1489 2766 1556 ὑψηλόν.
2826 1490 2914 1544 Ἐν
2969 1489 3156 1562 ὑψηλῷ
3219 1491 3327 1562 γὰρ
3367 1492 3536 1557 ὅντως
3588 1493 3932 1566 ᾠκοδόμηται
3975 1498 4072 1550 αύ-

2488 1579 2617 1641 τόςο
2659 1579 2797 1651 ὅπερ
2843 1581 3007 1646 ἐστὶν,
3064 1582 3123 1634 ὲν
3171 1581 3250 1652 τῷ
3289 1581 3384 1635 τοῦ
3428 1582 3562 1637 Θεοῦ
3615 1585 3773 1656 Λόγῳ
3819 1586 3898 1656 τῷ
3966 1588 4072 1657 πρὸ

2490 1668 2720 1724 αἰώνων.
2756 1690 2774 1723 ι
2831 1671 2890 1725 '0
2924 1671 3095 1740 Λόγος
3133 1691 3151 1724 ι
3198 1675 3327 1744 γὰρ,
3364 1675 3518 1745 φησι,
3569 1691 3589 1725 ι
3646 1676 3781 1747 σὰρξ
3831 1678 4068 1746 ἐγένετο,

2493 1761 2583 1814 καὶ
2608 1762 2916 1833 ἐσκήνωσεν
2939 1764 2996 1817 ὲν
3030 1765 3190 1835 ἡμῖν·
3229 1784 3248 1816 ι
3276 1766 3387 1832 καὶ,
3431 1785 3448 1816 ι
3511 1767 3576 1818 Ἠ
3607 1767 3768 1836 σοφία
3789 1769 4072 1840 ᾠκοδόμη-

805 1857 929 1913 Ilzec
953 1860 1144 1914 domus
1178 1861 1227 1913 in
1256 1860 1470 1914 excelso
1499 1859 1761 1914 aediﬁcata
1797 1870 1880 1916 est
1909 1862 1962 1916 in
1997 1861 2154 1927 Filio,
2189 1875 2385 1917 secun-

2493 1870 2583 1907 σεν
2614 1854 2780 1926 ἑαυτῇ
2820 1849 2990 1909 οἶκον.
3027 1874 3046 1909 ι
3084 1851 3250 1920 Οὗτος
3292 1858 3321 1909 ὁ
3366 1854 3511 1922 οἶκος
3543 1861 3600 1912 ὲν
3638 1860 3826 1932 ὑψηλῷ
3867 1862 4070 1932 ᾠκοδο-

805 1947 931 2000 dum
960 1963 1083 2001 eum
1109 1949 1407 2026 quidicit:
1450 1967 1469 2000 ι
1522 1949 1623 2015 Qui
1672 1951 1724 2003 in
1756 1950 1882 2006 altis
1923 1951 2151 2016 habitat,
2181 1962 2238 2006 et
2282 1951 2388 2006 hu-

803 2039 949 2094 milia
984 2041 1205 2108 respicit
1240 2041 1304 2094 “.
1343 2060 1363 2093 ι
1397 2041 1513 2095 Vin‘
1545 2051 1598 2095 tu
1647 2056 1864 2096 omnem
1899 2057 2227 2113 cognoscere
2267 2042 2389 2096 alti-

803 2129 1083 2184 tudinem?
1111 2131 1307 2199 Aspice
1353 2147 1457 2186 non
1493 2132 1665 2188 solum
1703 2133 1755 2186 in
1787 2134 1881 2188 Dei
1914 2134 2173 2202 genitrice
2212 2133 2386 2187 Maria

801 2219 1088 2276 aedificium
1133 2222 1252 2276 Filii
1285 2223 1540 2288 hominis,
1574 2224 1670 2278 sed
1703 2224 1830 2278 illud
1865 2225 2030 2278 etiam
2079 2224 2221 2294 quod
2248 2225 2386 2278 ultra

800 2315 975 2370 caelos
1002 2325 1120 2379 est;
1155 2324 1209 2370 et
1233 2316 1411 2370 throni
1443 2315 1496 2369 in
1541 2314 1763 2370 dextera
1801 2315 1958 2384 positi
2001 2330 2122 2369 cum
2170 2324 2386 2384 stupore

805 2408 1080 2461 demirare
1125 2406 1491 2473 altitudinem,
1523 2421 1643 2475 quae
1665 2405 1862 2461 dicitur
1894 2405 2207 2474 Thalpioth.

872 2496 1104 2552 XCVIII.
1131 2495 1284 2551 ιιιιε
1307 2497 1475 2568 clypei
1501 2498 1724 2566 pendent
1752 2514 1910 2567 super
1935 2515 2072 2552 eam.

872 2592 1076 2646 Omnes
1128 2590 1386 2643 nimirum
1439 2589 1529 2656 qui
1584 2603 1614 2642 e
1658 2587 1874 2642 Christo
1931 2589 2193 2656 originem
2225 2602 2379 2642 suam

811 2684 1054 2747 trahunt,
1095 2690 1149 2736 et
1173 2696 1236 2736 ex
1293 2681 1492 2750 quibus
1546 2679 1663 2748 ipse
1717 2677 1864 2733 ducit
1913 2678 2200 2749 originem.
2250 2677 2385 2732 Cum

802 2789 933 2830 vero
965 2775 1158 2830 audias
1185 2773 1352 2836 mille,
1380 2786 1447 2827 ne
1475 2785 1762 2826 numerum
1791 2779 1999 2825 tantum
2025 2770 2253 2836 cogites,
2289 2768 2386 2826 sed

803 2875 861 2921 et
890 2864 1101 2920 numeri
1127 2863 1537 2934 perfectionem.

877 2955 1065 3011 XCIX.
1109 2955 1300 3011 Omnia
1320 2955 1504 3024 jacula
1540 2955 1854 3022 potentium.

874 3045 1086 3110 Jacula,
1124 3055 1183 3101 ut
1208 3047 1468 3113 arbitror,
1519 3046 1708 3102 deﬁnit
1753 3059 1875 3101 esse
1920 3057 2090 3116 opera
2115 3042 2382 3112 iustiﬁca-

804 3140 1035 3202 tionum,
1061 3139 1254 3207 quibus
1283 3139 1567 3195 confossus
1589 3138 1840 3194 inimicus
1871 3138 2259 3206 prosternitur.

874 3250 935 3306 C.
969 3250 1138 3305 Vsus.
1170 3250 1224 3306 ὅ.
1266 3249 1385 3304 Duo
1434 3251 1595 3304 ubera
1637 3258 1730 3303 tua
1776 3265 1933 3314 super
1965 3247 2164 3312 uinum,
2189 3254 2247 3301 ut
2280 3247 2384 3300 duo

800 3341 1008 3396 hinnuli
1035 3341 1242 3411 gemelli
1273 3357 1499 3408 caprea.

877 3432 990 3485 Duo
1014 3433 1200 3497 ubera,
1229 3441 1287 3485 ut
1314 3447 1477 3501 supra
1508 3431 1712 3486 dictum
1743 3437 1848 3495 est,
1877 3439 2002 3484 sunt
2040 3431 2147 3484 duo
2192 3429 2388 3484 Testa-

804 3531 1008 3576 menta.
1035 3522 1106 3577 Ut
1152 3523 1287 3578 duos
1339 3521 1591 3577 hinnulos
1639 3536 1847 3590 capreae
1879 3521 2008 3576 dicit
2053 3522 2226 3591 (quod
2273 3521 2389 3574 ani-

804 3613 913 3667 mal
954 3613 1329 3668 acutissimum
1365 3613 1582 3683 cernit),
1643 3597 1722 3667 sic
1775 3613 1866 3682 qtti
1919 3628 1980 3669 se
2017 3612 2072 3667 in
2123 3613 2386 3681 spirituali

811 3707 1037 3760 duorum
1072 3703 1544 3760 Testamentorum
1573 3705 1924 3758 meditatione
1943 3715 2221 3770 exercent,
2244 3707 2388 3761 acuti

804 3809 934 3853 sunt
962 3798 1026 3852 ad
1063 3799 1492 3867 intelligentiam.
1521 3797 1743 3851 Gemelli
1773 3811 1898 3852 vero
1931 3797 2139 3852 hinnuli
2169 3813 2378 3868 caprea:

803 3889 1080 3954 dicuntur,
1140 3902 1426 3960 propterea
1495 3890 1638 3960 quod
1695 3889 1982 3958 dupliciter
2050 3890 2388 3959 aspiciuntur

806 3982 1202 4036 sententiarum
1231 3982 1470 4052 mysticm
1500 3981 1909 4048 enarrationes;
1961 3994 2081 4049 quae
2111 3989 2164 4034 et
2192 3995 2387 4034 secun-

807 4073 934 4128 dum
976 4075 1235 4142 litteram,
1272 4091 1426 4130 suam
1457 4077 1659 4132 habent
1707 4075 2014 4138 utilitatem,
2045 4083 2100 4129 et
2127 4073 2388 4143 spiritua-

807 4160 934 4217 liter
961 4165 1130 4217 sacris
1165 4165 1408 4220 initiatos
1432 4166 1729 4220 lmtiiicant.

875 4277 961 4334 CI.
1005 4277 1107 4343 Qui
1135 4290 1352 4345 pascunt
1397 4282 1533 4335 inter
1576 4280 1694 4335 lilia
1738 4283 1900 4336 donec
1944 4283 2143 4349 aspiret
2188 4283 2300 4338 dies
2341 4293 2389 4338 et

797 4381 1118 4426 moveantur
1145 4374 1360 4425 umbrae.
2127 4376 2131 4381 ’

883 4459 1041 4513 Tales
1065 4462 1207 4514 enim
1249 4459 1492 4531 (initiati)
1549 4474 1844 4532 pascuntur
1892 4463 2037 4517 velut
2062 4463 2201 4518 inter
2243 4463 2380 4531 lilia,

811 4552 866 4606 in
908 4551 1105 4607 divinis
1157 4552 1407 4621 eloquiis,
1474 4554 1646 4608 donec
1696 4557 1900 4622 aspirct
1965 4557 2387 4613 resurrectionis

808 4642 947 4707 dies,
981 4651 1035 4696 et
1060 4656 1377 4699 moveantur
1410 4645 1620 4699 umbrae
1649 4645 1810 4711 hujus
1841 4647 1984 4704 vitae.

880 4819 989 4874 CII.
1034 4819 1200 4876 Vens.
1237 4819 1290 4876 6.
1341 4819 1438 4875 Ibo
1471 4821 1600 4876 mihi
1629 4825 1698 4876 ad
1722 4833 1952 4881 montem
1981 4826 2211 4893 myrrha:
2239 4836 2284 4881 et
2317 4827 2384 4879 ad

811 4911 996 4964 collem
1036 4910 1246 4965 Libani.

881 5137 926 5171 ⁵³
960 5136 1104 5191 Psal.
1138 5151 1229 5195 ιι,
1253 5134 1308 5190 4.
1353 5135 1399 5165 ⁸⁸
1423 5134 1580 5189 Joan.
1607 5150 1648 5190 ι.
1679 5134 1766 5188 Η.
1842 5135 1887 5166 ⁸⁸
1914 5134 2070 5190 Prov.
2113 5153 2188 5202 rx,
2228 5137 2278 5190 I.

873 5300 962 5370 (ἓ)
993 5297 1084 5353 Sic
1113 5295 1382 5370 Complut.
1416 5294 1588 5350 Etiitio
1621 5295 1803 5370 Vatic._
1817 5297 1981 5370 habet
1998 5299 2105 5370 εἰς.

883 5366 960 5438 (ὅ)
985 5371 1058 5421 Ita
1086 5370 1204 5421 cod.
1240 5368 1427 5438 Μιιιὶη.
1469 5368 1660 5420 Cteteri
1688 5366 1748 5419 τὸ
1785 5367 1841 5420 δὲ
1877 5367 2299 5438 ᾠκοδομημένος
2335 5369 2391 5421 ἐν

797 5436 1063 5497 θαλπιὼθ
1097 5436 1473 5507 ἑρμηνεύεται.

799 5580 841 5635 ὢ
860 5511 959 5610 1(4)
984 5503 1176 5579 Lego—ﬁ
1201 5503 1295 5561 καὶ
1331 5505 1423 5558 τοῦ
1447 5507 1503 5560 ἐν
1533 5503 1680 5577 δεξιᾷ
1705 5505 1895 5578 Θρόνου
1927 5508 2308 5579 καταπλάγηθι
2331 5508 2391 5560 τὸ

801 5627 808 5635 .
845 5599 964 5635 voc.

801 5599 964 5644 τυψος.

845 5600 964 5650 ψος.

886 5651 964 5718 (5)
1027 5649 1188 5702 Barb.
1260 5648 1661 5719 εὐφραίνονται.

802 5719 1101 5789 Emendavi
1136 5720 1541 5789 εύφραίνουσαι.

877 5789 965 5855 ,(6)
1031 5788 1143 5844 Non
1209 5787 1385 5859 potest
1459 5789 1584 5846 ferri
1653 5790 1763 5846 hch
1829 5789 2006 5846 lectio.
2076 5787 2220 5859 Lego
2290 5787 2380 5842 λο-

1737 5647 1924 5705 Vallic.
2002 5649 2386 5721 εύφραίνουσα.

2495 1946 2638 2018 μήθη
2681 1948 2739 2000 ὲν
2779 1947 2857 2017 τῷ
2889 1948 3003 2019 Υἱῷ
3024 1987 3038 2012 ,
3070 1949 3212 2002 κατὰ
3243 1950 3333 2003 τὸν
3366 1950 3625 2014 λέγοντα·
3667 1970 3686 2004 ι
3734 1953 3790 2006 Ὀ
3827 1955 3885 2006 ὲν
3929 1954 4071 2025 ὑψη-

2489 2037 2601 2100 λοῖς
2656 2039 2959 2103 κατοικῶν,
3005 2039 3098 2092 καὶ
3145 2040 3374 2094 ταπεινὰ
3416 2041 3649 2112 ἐφορῶν.
3709 2061 3726 2093 ι
3777 2042 3965 2107 Θέλεις
4015 2045 4072 2097 δὲ

2489 2131 2690 2198 γνῶναι
2722 2131 2783 2183 τὸ
2816 2130 2948 2199 ὕψος
2986 2131 3141 2197 ὅλονς
3175 2132 3281 2185 Ἴδε
3319 2133 3379 2185 οὐ
3417 2132 3584 2204 μόνην
3615 2133 3671 2186 ὲν
3711 2137 3774 2206 τῇ
3819 2134 4072 2207 Θεοτόκῳ

2487 2219 2677 2290 Μαρίᾳ
2710 2220 2997 2292 οἰκοδομὴν
3045 2220 3140 2273 τοῦ
3172 2219 3303 2273 Υἱοῦ
3342 2222 3436 2275 τοῦ
3465 2222 3772 2294 ἀνθρώπου,
3801 2224 3940 2278 ἀλλὰ
3979 2227 4073 2280 καὶ

2489 2311 2588 2378 τὴν
2620 2310 2876 2364 ἐπέκεινα
2899 2310 3012 2366 τῶν
3051 2312 3318 2383 οὐρανῶν,
3354 2314 3447 2366 καὶ
3483 2315 3574 2368 τὸν
3609 2316 3666 2368 ὲν
3700 2315 3849 2386 δεξιᾷ
3880 2315 4073 2388 Θρόνον

2489 2401 2868 2473 καταπλάγηθι
2900 2402 2962 2456 τὸ
3003 2403 3135 2472 ὕψος
3160 2405 3257 2474 (4),
3289 2397 3425 2476 ὅπερ
3449 2405 3666 2474 λέγεται
3699 2405 3981 2461 Θαλπιώθ.

2555 2492 2676 2559 ων.
2704 2493 2896 2546 Χίλιοι
2920 2493 3118 2561 θυρεοὶ
3154 2497 3476 2564 κρέμανται
3497 2497 3589 2549 ἐπ’
3617 2499 3815 2552 αὐτόν.

2561 2583 2770 2646 Πάντες
2806 2585 2854 2636 οἱ
2882 2583 2940 2647 ἐξ
2970 2583 3134 2637 αὐτοῦ
3175 2585 3654 2657 γενεαλογούμενοι
3679 2588 3822 2657 ἅγιοι
3842 2629 3856 2652 ,
3890 2589 3988 2642 καὶ
4015 2589 4073 2654 ιε

2489 2660 2564 2722 ὧν
2605 2670 2767 2733 αὐτὸς
2805 2671 3230 2740 γενεαλογεῖται.
3274 2674 3492 2739 Χιλιους
3534 2675 3590 2728 δὲ
3631 2677 3758 2730 ὃταν
3803 2677 4070 2750 ἀκούσῃς,

2490 2761 2566 2833 μὴ
2597 2761 2687 2815 τὸν
2721 2761 2952 2832 ἀριθμὸν
2985 2764 3092 2817 νόει
3130 2764 3322 2834 μόνον,
3356 2765 3492 2820 ἀλλὰ
3526 2768 3618 2820 καὶ
3650 2768 3748 2839 τὴν
3811 2768 3906 2822 τοῦ
3940 2770 4070 2841 ἀρι-

2489 2850 2626 2921 Θμοῦ
2650 2852 2981 2923 τελειότητα.

2559 2943 2673 3010 ιιθι.
2703 2943 2900 2999 Πᾶσαι
2924 2944 3174 3012 βολίδες
3205 2945 3321 2999 τῶν
3343 2946 3637 3002 δυνατῶν.

2558 3034 2801 3099 Βολίδας,
2827 3033 2998 3106 οἶμαι,
3025 3037 3122 3101 τὰς
3151 3037 3376 3108 πράξεις
3403 3039 3509 3092 τῶν
3542 3040 3929 3111 δικαιωμάτων
3956 3045 4073 3116 ὀρί-

2489 3125 2662 3191 ζεται,
2689 3126 2757 3180 δι’
2781 3120 2856 3181 ὧν
2879 3129 3374 3199 κατατοξευόμενος
3401 3131 3429 3182 ό
3455 3129 3646 3201 ἐχθρὸς
3673 3130 3966 3200 βολίςεται.

2563 3240 2641 3293 P'.
2678 3241 2768 3292 Στ.
2801 3246 2862 3295 ε’.
2896 3241 3011 3295 Δύο
3042 3243 3267 3310 μαστοι
3296 3258 3412 3297 σου
3431 3243 3583 3312 ὑπὲρ
3617 3239 3806 3312 οἶνον,
3833 3245 3918 3313 ὡς
3963 3247 4076 3302 δύο

2489 3331 2683 3397 νεϐροὶ
2709 3330 2941 3400 δίδυμοι
2964 3330 3254 3399 δορκάδος

2571 3421 2658 3486 Ὣς
2692 3423 3027 3494 προείρηται,
3064 3426 3258 3496 μαστοὶ
3291 3425 3402 3488 δύο,
3435 3427 3491 3480 αἱ
3534 3425 3628 3481 δύο
3652 3427 3940 3498 Διαθῆκαι.
3990 3430 4078 3494 Ὠς

2489 3515 2583 3568 δύο
2626 3515 2849 3586 νεϐροὺς
2877 3515 3128 3586 διδύμους
3180 3518 3438 3587 δορκάδος
3480 3518 3624 3588 λέγει
3661 3519 3741 3590 (τὸ
3779 3521 3917 3585 ζῶον
3951 3521 4079 3587 ὀξυ-

2490 3605 2720 3676 δερκὲς),
2755 3605 2894 3658 οὕτω
2933 3606 3027 3658 καὶ
3061 3607 3109 3658 οἱ
3140 3608 3238 3678 τὴν
3270 3607 3641 3679 πνευματικὴν
3674 3608 3780 3660 τῶν
3812 3608 3905 3662 δύο
3945 3613 4077 3664 Δια-

2491 3696 2674 3768 θηκῶν
2733 3696 2962 3769 μελέτην
3026 3698 3425 3769 ὲξασκήσαντες
3490 3700 3797 3773 ὀξυδερκεῖς
3861 3704 3943 3765 εις
4010 3705 4079 3756 τὰ

2490 3789 2736 3858 νοήματα
2786 3789 3136 3858 τυγχάνουσι.
3201 3791 3422 3860 Δίδυμοι
3475 3792 3532 3845 δὲ
3587 3793 3768 3862 νεϐροὶ
3819 3791 4077 3861 λέγονται

2492 3881 2769 3952 δορκάδος,
2797 3881 2987 3935 καθότι
3023 3881 3258 3952 διδύμως
3288 3883 3623 3954 καθορῶνται
3647 3884 3753 3936 τῶν
3784 3885 4078 3955 νοημάτων

2491 3974 2545 4025 αἱ
2570 3974 2828 4043 μυστικαὶ
2846 3973 3145 4043 διηγήσεις,
3175 3974 3266 4026 καὶ
3293 3973 3434 4027 κατὰ
3460 3975 3695 4045 γράμμα
3724 3975 3944 4044 ἔχουσαι
3975 3979 4077 4047 τὴν

2488 4063 2794 4131 ὠφέλειαν,
2822 4065 2917 4116 καὶ
2967 4063 3351 4134 πνευματικῶς
3396 4065 3780 4134 εὐφραίνουσαι
3817 4066 3893 4135 (5)
3944 4068 4078 4130 τοὺς

2495 4173 2721 4228 μύστας.

2560 4270 2683 4323 ΡΑ’.
2714 4266 2783 4323 Ol
2793 4271 3100 4338 νεμόμενοι
3131 4268 3200 4322 ἐν·
3226 4269 3469 4337 κρίνοις,
3494 4268 3603 4334 ἕως
3631 4265 3702 4326 οὗ
3732 4270 4077 4342 διαπνεύσῃ

2491 4361 2530 4429 ἡ
2559 4360 2771 4428 ἡμέρα,
2801 4359 2898 4413 καὶ
2925 4357 3254 4425 κινηθῶσιν
3286 4362 3345 4412 ai
3391 4361 3577 4416 σκιαί.

2562 4449 2838 4520 Νέμονται
2879 4447 2986 4518 γὰρ
3019 4449 3066 4501 οἱ
3097 4447 3328 4500 τοιοῦτοι
3359 4447 3608 4517 καθάπερ
3638 4448 3695 4499 ὲν
3722 4447 3929 4519 κρίνοις
3967 4453 4086 4512 τοῖς

2494 4540 2586 4595 τοῦ
2641 4540 2777 4593 Θεοῦ
2817 4538 3127 4610 ἀνθρώποις
3169 4539 3268 4610 (6),
3309 4540 3415 4602 ἓως
3457 4533 3516 4591 οὗ
3561 4538 3858 4610 διαπνεύσῃ
3905 4541 3940 4610 ἡ
3983 4543 4085 4611 τῆς

2493 4632 2843 4695 ἀναστάσεως
2875 4630 3079 4702 ἡμέρα,
3111 4633 3206 4686 καὶ
3235 4631 3528 4702 κινηθῶσιν
3561 4632 3616 4684 αι
3646 4632 3794 4684 σκιαὶ
3823 4631 3915 4684 τοῦ
3963 4632 4083 4701 βίου

2492 4725 2701 4778 τούτου.

2565 4818 2685 4871 PB’.
2721 4820 2810 4871 Στ.
2843 4824 2915 4882 ς’.
2958 4817 3335 4884 Πορεύσομαι
3372 4813 3606 4885 ἐμαυτῷ
3631 4814 3781 4884 πρὸς
3819 4813 3879 4866 τὸ
3934 4814 4082 4882 ὄρος

2492 4909 2603 4974 τῆς
2651 4911 2955 4978 σμύρνης,
2999 4907 3099 4961 καὶ
3138 4907 3288 4976 πρὸς
3317 4906 3425 4962 τὸν
3459 4906 3694 4972 βουνὸν
3734 4904 3842 4959 τοῦ
3897 4905 4083 4959 Λιόάρ

2494 5017 2603 5054 νου
2641 4999 2736 5069 (7).

2357 5138 2401 5167 ⁶⁶
2453 5137 2591 5192 Psal.
2634 5137 2835 5202 cxtt,5,
2873 5135 2923 5189 6.

2497 5301 2659 5369 γίοιςο
2695 5307 2748 5352 et
2783 5297 2884 5350 tale
2939 5297 3188 5363 quiddam
3243 5295 3496 5369 habuisse
3541 5296 3752 5369 videtur
3792 5297 3842 5369 in
3880 5297 4079 5369 (inero

2495 5367 2592 5425 Suo
2636 5369 2818 5422 codice
2866 5378 3018 5419 vetus
3053 5369 3349 5434 interpres;
3395 5367 3485 5434 qui
3523 5375 3696 5419 tamen
3733 5367 3784 5420 in
3821 5367 3923 5419 hoc
3953 5367 4077 5420 loco

2494 5441 2736 5507 sequitur
2773 5440 2852 5507 (ιιι
2882 5452 3024 5506 εει-ρο
3071 5438 3322 5505 deinceps
3365 5435 3515 5505 facit)
3570 5437 3914 5500 sententiam,
3963 5453 4075 5490 non

2493 5513 2676 5564 verba.

2570 5580 2645 5648 (7)
2677 5576 2824 5648 νει-εἰ
2859 5586 2916 5628 ιιι
2948 5585 3050 5630 vel.
3089 5577 3373 5644 interpres.
3409 5593 3438 5648 ιλ
3476 5575 3541 5648 ad
3571 5572 3760 5648 collem
3794 5575 4007 5648 Libani,
4053 5596 4071 5628 ι

2495 5650 2562 5703 ad
2595 5645 2759 5716 ipsius
2789 5645 3029 5701 Philonis
3055 5657 3332 5716 mentem;
3355 5646 3440 5712 qui
3492 5646 3541 5697 in
3574 5645 3932 5714 explicatione
3968 5647 4071 5699 hn-

2489 5720 2578 5789 jus
2608 5714 2814 5782 versus,
2846 5732 2947 5769 non
2979 5717 3169 5786 accipit
3204 5714 3437 5770 Λιϐάνου
3465 5729 3565 5786 pro
3618 5733 3635 5765 ι
3682 5717 3858 5778 thure,
3899 5735 3915 5766 ι
3974 5717 4074 5770 sed

2495 5805 2588 5842 nro
2631 5807 2648 5842 ι
2689 5787 2907 5842 Libano.
2943 5804 2963 5838 ›

2490 5788 2588 5859 pro
2631 5807 2648 5842 ι
2689 5788 2907 5842 Libano.
2943 5804 2963 5838 ι
