4208 6312
196 349 284 405 155
1082 351 1474 410 ENARRATIO
1514 354 1578 409 IN
1621 353 1973 412 CANTICUM
2013 356 2484 420 CANTlCORUM.
3310 363 3420 423 134

195 459 552 532 συμφέρουσαν
579 461 693 533 (67)
733 463 844 526 τοῖς
894 464 1211 535 μυστηρίοις
1245 464 1514 535 εὐθύτητα
1549 483 1747 536 κεκτη·
1779 470 1822 525 Α
1853 487 1857 519 :

1779 470 1822 525 A
1853 470 1959 522 ait:
2011 489 2026 519 ι
2080 469 2349 524 snmciens
2390 470 2542 524 labiis
2574 480 2625 524 et
2674 471 2957 538 dentibus;
3007 494 3028 527 ι
3062 483 3117 530 ιιι
3170 476 3414 536 hrevlter

196 554 352 623 μένος.
384 553 562 623 Σαφὲς
601 555 660 608 δὲ
706 555 797 608 καὶ
837 555 913 620 τὸ,
969 576 986 606 ‹
1028 555 1380 626 ἱκανούμενον
1410 557 1608 626 χείλεσι
1647 560 1739 610 καὶ
1848 577 1858 613 t

1848 561 2116 621 Ostendat,
2159 560 2240 612 vel
2285 563 2656 614 tantummodo
2689 578 2752 616 ex
2795 577 2858 615 eo
2913 563 3049 618 labia
3082 565 3312 620 tinxisse
3351 581 3415 622 ae

193 642 401 696 ὀδοῦσιν·
429 661 448 694 ι
485 644 574 697 ἵνα
606 643 668 696 τὸ
696 643 864 714 βραχὺ
894 644 1060 715 δείξῃ,
1094 647 1184 698 καὶ
1217 646 1275 698 τὸ
1313 647 1470 715 μόνον
1501 647 1566 699 τὰ
1590 648 1740 720 χείλη
1846 667 1855 702 t

1846 651 2055 712 dentes,
2094 650 2233 704 illico
2271 650 2414 719 quod
2467 651 2624 704 datur
2673 653 2804 708 satis
2851 668 2970 708 esse
3018 656 3083 710 ad
3121 656 3411 724 perfectam

192 734 338 805 βάψαι
367 734 514 804 αὐτῷ
561 736 656 788 καὶ
701 736 824 798 τοὺς
867 736 1103 798 ὀδόντας,
1143 730 1224 788 ὅτι
1257 738 1313 790 ὲν
1343 737 1534 808 βραχεῖ
1559 739 1740 791 ἰκανὸν

193 827 306 896 πρὸς
331 827 425 895 τὴν
450 827 639 898 ἐντελῆ
672 826 941 898 σωτηρίαν
973 827 1033 880 τὸ
1062 827 1351 898 διδόμενον.

247 939 376 991 Σ1Ᾱ¹.
423 939 516 991 Στ.
551 945 602 992 t'.
657 939 797 1008 Ἐγὼ
843 940 913 992 ἐν
952 938 1062 1008 (68)
1109 937 1188 1004 τῷ
1231 939 1531 1011 ἀδελφιδῷ
1581 957 1736 1009 μου,

191 1029 269 1080 καὶ
295 1028 380 1081 ἐπ’
418 1029 526 1098 ἐμὲ
553 1029 590 1095 ἠ
617 1029 950 1098 ἐπιστροφὴ
982 1029 1185 1082 αὑτοῦ.

251 1136 267 1167 ι
303 1117 470 1186 Ἐμοὶ,
507 1135 524 1166 ι
555 1117 708 1186 φησὶ,
751 1137 768 1168 ι
792 1117 851 1169 τδ)
883 1117 1314 1187 προσκολλᾶσθαι
1342 1117 1419 1188 τῷ
1457 1117 1576 1188 Θεῷ
1603 1119 1738 1186 ἀγα-

190 1207 264 1260 Θόν
291 1208 417 1269 ἐστι,
457 1205 705 1260 τίθεσθαι
752 1208 808 1260 ὲν
843 1207 920 1277 τῷ
960 1208 1150 1280 Κυρίῳ
1187 1209 1282 1280 τὴν
1311 1210 1501 1264 ἐλπίδα
1537 1226 1671 1280 μου·
1715 1228 1734 1260 ι

189 1299 266 1351 καὶ
288 1298 440 1349 πάλιν
459 1312 475 1328 ⁶
509 1316 525 1348 ι
562 1297 856 1369 Ἐκολλήθη
880 1297 988 1368 (69)
1016 1301 1048 1370 ἡ
1093 1300 1236 1370 ψυχή
1269 1318 1368 1369 μου
1409 1301 1578 1354 ὀπίσω
1606 1319 1697 1355 σου
1720 1319 1737 1334 ο

189 1391 302 1462 ἐμοῦ
315 1391 365 1445 δὲ
379 1392 705 1445 ἀντελάϐετο
724 1395 755 1464 ἡ
777 1393 924 1458 δεξιά
944 1411 1055 1446 σου.
1072 1413 1090 1444 ι
1111 1423 1178 1435 --
1191 1414 1208 1446 ι
1234 1395 1372 1463 Ἐγὼ
1384 1395 1458 1466 τῷ
1471 1396 1734 1467 ἀδελφιδῷ

190 1500 292 1551 μου,
330 1483 420 1533 καὶ
463 1483 550 1534 ἐπ’
597 1483 696 1554 ἐμὲ
728 1487 760 1554 ἠ
801 1485 1102 1555 ἐπιστροφὴ
1132 1486 1242 1556 (70)
1278 1486 1465 1540 αὐτοῦ.
1494 1506 1511 1539 ι
1563 1489 1736 1557 Ὅπερ

190 1571 342 1622 ἐστίν·
383 1569 528 1638 Ἐγὼ
574 1571 853 1642 λατρεύσω
903 1573 997 1628 νῦν
1048 1573 1124 1643 τῷ
1159 1571 1272 1643 Υῑῷ
1318 1573 1409 1626 τοῦ
1453 1574 1610 1639 ⁶ὶεοῦ,
1644 1575 1736 1628 καὶ

189 1659 362 1728 ὲπ⁹ὲμὲ
387 1661 739 1732 ήὲπιστροιρὴ
764 1662 946 1715 αὑτοῦ·
967 1663 1262 1722 τουτέστιν,
1309 1665 1394 1716 Ἐν
1417 1666 1481 1734 τῇ
1505 1664 1733 1735 δευτέρᾳ

1845 741 2092 794 Salutem.

1914 933 2087 988 CCXI.
2131 937 2292 992 Vens.
2318 938 2406 991 lO.
2448 937 2556 1006 Ego
2590 939 2832 1008 fratrueli
2858 953 2989 1006 meo‘,
3027 955 3072 996 et
3101 944 3155 1001 in
3185 962 3262 999 me
3286 963 3408 1000 ton-

1844 1027 2006 1078 versio
2043 1028 2177 1095 ejus.

1922 1134 1939 1166 ι
1978 1116 2127 1184 Mihi,
2161 1138 2179 1171 ι
2235 1121 2308 1176 ait
2347 1120 2650 1188 Scriptura,
2685 1139 2704 1172 ι
2742 1121 3015 1184 adhaerere
3061 1123 3170 1178 Deo
3211 1127 3406 1180 bonum

1842 1217 1945 1272 εει,
1981 1223 2176 1275 potiere
2209 1211 2257 1263 in
2297 1211 2518 1264 Domino
2551 1226 2696 1280 spem
2728 1227 2898 1265 meam
2933 1212 2977 1246 δ’
3003 1231 3017 1278 ;
3046 1232 3064 1264 ι
3091 1223 3142 1268 et
3174 1231 3358 1269 rursus
3392 1232 3410 1273 ε

1848 1312 1866 1346 ι
1905 1296 2139 1350 Adhmsit
2179 1299 2353 1366 anima
2405 1309 2587 1354 nostra
2625 1310 2742 1370 post
2782 1311 2862 1367 te;
2899 1317 2982 1357 me
3010 1305 3246 1374 suscepit
3277 1308 3407 1361 dex-

1842 1395 1954 1440 tera
1995 1399 2080 1441 tua
2110 1389 2178 1443 '°.
2226 1408 2243 1440 ι
2274 1420 2345 1429 -
2371 1408 2388 1440 ο
2425 1390 2531 1460 Ego
2567 1389 2804 1445 fratrueli
2837 1407 2976 1458 meo,
3001 1402 3053 1443 et
3082 1393 3131 1445 iu
3168 1409 3251 1448 me
3275 1410 3406 1448 rou-

1839 1479 2017 1535 versio
2052 1481 2221 1548 ejus.»
2247 1481 2300 1535 Id
2330 1489 2410 1536 est
2444 1500 2454 1535 :
2492 1483 2599 1551 Ego
2625 1485 2854 1560 serviam
2881 1500 3020 1538 nunc
3047 1485 3181 1539 Filio
3215 1486 3326 1551 Dei,
3355 1494 3406 1543 et

1840 1573 1905 1626 ad
1941 1587 2024 1627 me
2049 1573 2330 1629 conversio
2354 1574 2502 1644 ejus;
2534 1575 2633 1629 hoc
2680 1587 2803 1630 est:
2844 1577 2900 1630 lu
2942 1578 3175 1631 secundo
3216 1579 3407 1631 iterum

1839 1666 2090 1728 adventu,
2125 1679 2244 1718 cum
2283 1681 2400 1719 sese
2441 1668 2769 1720 converterit
2819 1668 2885 1721 ad
2921 1683 3024 1732 me,
3060 1669 3405 1722 venietcolli-

187 1749 325 1802 πάλιν
354 1752 646 1822 παρουσίᾳ,
690 1752 814 1803 ὅταν
857 1753 1160 1826 ἐπιστρέφῃ
1193 1755 1279 1805 ἐπ’
1308 1755 1426 1823 ἐμὲ,
1455 1754 1732 1807 ἐλεύσεται
1771 1817 1808 1827 _‘
1841 1772 1849 1822 ι

1771 1817 1808 1827 _‘
1841 1768 1972 1823 gens
2038 1769 2121 1807 me
2169 1770 2231 1808 ex
2297 1765 2536 1824 quatuor
2584 1756 2793 1825 angulis
2824 1765 2980 1811 terra!
3047 1773 3142 1826 per
3190 1758 3402 1827 angelos

188 1841 406 1907 συνάγων
432 1817 443 1822 ’
464 1858 531 1909 με
572 1817 637 1892 ὲκ
670 1841 777 1896 τῶν
825 1817 1108 1914 τεσσάρων
1134 1817 1352 1912 ’ἀγωνιῶν
1383 1845 1481 1914 τῆς
1508 1844 1609 1914 γῆς
1650 1845 1737 1899 διὰ
1771 1817 1810 1873 Β
1839 1817 1992 1896 lucis.

185 1931 276 1983 τῶν
298 1930 384 1983 τοῦ
417 1931 596 2001 φωτὸς
635 1933 902 2002 ἀγγέλων.

243 2042 371 2095 Σ1Β’.
406 2043 498 2095 Στ.
543 2050 630 2097 ια’.
695 2045 888 2108 Ἐλθὲ,
923 2045 1205 2115 ἀδελφιδέ
1231 2064 1370 2115 μου,
1405 2047 1737 2117 ἐξέλθωμεν

195 2137 254 2198 είς
272 2135 468 2201 ἀγρὸν,
498 2134 874 2204 αὐλισθῶμεν
902 2136 970 2189 ἐν
998 2136 1239 2205 κώμαις,
1267 2138 1630 2205 ὀρθρίσωμεν
1651 2141 1737 2204 εἰς

189 2225 517 2295 ἀμπελῶνας
549 2227 679 2295 (ιι).

240 2317 587 2384 Συγκαλεῖται
629 2319 663 2387 ἡ
707 2317 889 2388 νύμφη
940 2318 1031 2370 τὸν
1082 2319 1314 2389 νυμφίον
1355 2320 1447 2371 ἀπ’
1489 2320 1734 2372 ἐντεῦθεν

187 2407 284 2477 φη,
331 2407 416 2460 ἶνα
458 2409 557 2460 σὺν
592 2407 738 2477 αὑτῷ
778 2407 967 2480 ἐξέλθῃ
992 2410 1081 2472 είς
1131 2409 1318 2479 ἀγρὸν,
1356 2409 1627 2462 τουτέστιν
1657 2413 1736 2474 είς

187 2500 254 2551 τὸν
280 2500 498 2569 κόσμον,
534 2499 608 2562 ὦς
642 2517 807 2569 φησιν
850 2502 878 2552 ὁ
907 2499 1106 2570 Κύριος
1127 2518 1141 2531 ν
1186 2520 1203 2550 ι
1236 2501 1292 2553 Ὀ
1315 2502 1492 2571 ἀγρός
1523 2503 1669 2553 ἐστιν
1705 2504 1734 2554 ὁ

183 2591 410 2661 κόσμος.)
454 2591 588 2653 Καὶ,
631 2590 1019 2660 (Αὺλισθῶμεν
1047 2591 1104 2643 ὲν
1146 2590 1378 2662 κώμαις.
1402 2611 1418 2641 ι
1459 2593 1566 2661 Καὶ
1603 2610 1733 2645 παν-

180 2682 319 2751 ταχοῦ
356 2683 638 2754 παροικίαι
667 2682 778 2752 (72)
813 2683 1152 2752 γεγένηνται,
1180 2682 1280 2752 τῆς
1311 2684 1468 2750 ἁγίας
1508 2683 1734 2754 Ἐκκλη-

181 2773 282 2837 aia;
308 2774 721 2844 πλατυνομένης
754 2775 859 2837 ἀεὶ,
887 2775 1028 2826 κατὰ
1053 2773 1142 2826 τὸν
1183 2774 1404 2841 λέγοντα
1437 2775 1570 2844 αὐτῇ
1601 2792 1732 2844 προ-

179 2866 357 2936 φήτηνο
395 2886 410 2917 ι
433 2865 710 2918 Πλάτυνον
737 2867 845 2936 (75)
877 2866 945 2918 τὰ
976 2866 1332 2935 σχοινίσματά
1361 2883 1474 2927 σου,
1505 2867 1597 2918 καὶ
1623 2867 1730 2919 τῶν

178 2959 386 3013 αῦλαιῶν
421 2974 552 3012 σοῦ’
598 2958 800 3028 πῆξον’
839 2957 913 3027 μὴ
959 2955 1122 3025 φοϐοῦ
1146 2973 1158 2986 ·
1197 2957 1289 3008 καὶ
1341 2957 1466 3019 τοὺς
1519 2943 1729 3008 πασσά-

179 3059 278 3113 λους
311 3068 398 3103 σου
443 3049 803 3118 κατίσχυσον·
849 3047 929 3100 ἔτι
973 3049 1052 3110 είς
1096 3046 1163 3098 τὰ
1196 3046 1456 3118 ἀριστερὰ
1498 3047 1731 3099 ἐκπέτα-

1905 2039 2105 2094 CLXII.
2141 2039 2302 2094 Vens.
2330 2041 2416 2094 11.
2463 2037 2614 2104 Veni,
2651 2040 2919 2109 fratruelis
2958 2057 3120 2099 meus.
3160 2042 3399 2110 egredia-

1835 2146 1954 2183 mur
1987 2133 2036 2183 in
2073 2147 2300 2200 agrum:
2340 2144 2642 2185 maneamus
2686 2133 2739 2184 in
2790 2134 2934 2194 eicis,
2975 2135 3037 2186 de
3077 2133 3190 2186 luce
3220 2135 3401 2202 vigile—

1835 2237 1948 2274 mus
1987 2223 2060 2274 ad.
2081 2225 2284 2276 vineas.

1906 2313 2115 2378 Sponsa
2149 2312 2261 2379 jam
2303 2313 2426 2366 inde
2480 2322 2636 2366 vocat
2681 2327 2957 2380 sponsum.
3011 2322 3066 2367 ut
3113 2330 3231 2368 cum
3288 2304 3399 2383 ipso

1833 2402 2140 2468 egrediatur
2192 2403 2244 2455 in
2285 2417 2468 2469 agrum
2492 2443 2505 2466 ,
2550 2402 2652 2457 hoc
2684 2414 2787 2468 est,
2823 2406 2872 2456 iu
2904 2406 3180 2468 mundum,
3209 2421 3397 2474 quem-

1834 2493 2115 2545 admodum
2155 2494 2227 2546 ait
2292 2493 2587 2547 Dominus:
2642 2497 2848 2564 «'Ager
2885 2505 2966 2550 est
3001 2498 3230 2552 mundus
3263 2498 3329 2550 ".
3369 2516 3394 2553 ι

1831 2613 1902 2624 --
1927 2601 1944 2633 ι
1996 2585 2057 2637 Et
2098 2600 2411 2638 maneamus
2427 2587 2490 2638 -iu
2519 2585 2673 2640 vicis.
2719 2606 2736 2639 ι
2770 2587 2976 2640 Etenim
3020 2589 3218 2656 ubique
3244 2589 3396 2644 facta

1832 2683 1956 2728 sunt
1998 2675 2354 2729 habitationes
2387 2687 2587 2732 sanctae
2616 2678 2889 2743 Ecclesiae,
2923 2696 3041 2747 quae
3075 2697 3290 2750 semper
3311 2683 3393 2735 di-

1833 2769 2051 2829 latatur,
2097 2767 2244 2835 juxta
2287 2768 2596 2836 prophetam
2635 2771 2722 2838 qui
2779 2771 2850 2823 illi
2879 2771 2952 2823 ait
2987 2785 3000 2822 τ
3035 2789 3052 2822 ι
3097 2771 3264 2826 Dilata
3303 2772 3390 2825 I‘u-

1831 2855 2038 2927 uieulos
2073 2865 2209 2918 tuos,
2243 2867 2295 2910 et
2325 2860 2662 2911 mansionum
2700 2869 2910 2914 tuarum
2947 2879 2960 2916 :
2999 2861 3100 2928 ﬁge
3134 2885 3144 2916 ;
3183 2864 3290 2915 noli
3331 2864 3394 2916 ti-

1832 2959 1977 2999 mere
2014 2967 2024 3000 :
2060 2956 2110 2998 et
2133 2944 2280 3014 palos
2316 2956 2432 2999 tuos
2462 2947 2700 3007 contorta
2745 2965 2760 3002 :
2793 2950 2969 3003 adhuc
3006 2952 3070 3003 ad
3119 2952 3391 3007 dexteram

1831 3044 1885 3088 et
1916 3035 1981 3088 ad
2010 3037 2283 3090 sinistram
2303 3037 2658 3091 extende".-i
2683 3038 2983 3094 ISIhaecdici
3013 3040 3262 3096 Ecclesiae
3284 3059 3398 3098 ma-

179 3157 270 3193 σον.
299 3161 314 3191 ι
356 3142 441 3203 Ὠς
489 3140 663 3194 ταῦτα
697 3141 1006 3209 λέγεταιτῇ
1064 3138 1380 3208 Ἐκκλησία,
1423 3139 1597 3208 δῆλον.
1638 3140 1727 3191 Διὸ
1754 3167 1795 3223 C
1832 3142 1841 3179 ι

1754 3167 1795 3223 C
1832 3127 2082 3181 nifestum
2112 3139 2210 3182 est.
2251 3129 2450 3183 Idcirco
2478 3131 2552 3183 ait
2583 3149 2594 3183 :
2629 3149 2646 3180 ι
2686 3130 3000 3188 Maneamus
3035 3135 3084 3188 in
3116 3136 3248 3189 vicis
3270 3152 3283 3167 ·
3310 3137 3403 3190 νὶο.

177 3231 329 3298 λέγει’
385 3251 400 3282 ι
433 3227 789 3300 Δῦλισθῶμεν
851 3232 907 3282 ὲν
964 3227 1196 3298 κώμαις,
1259 3227 1597 3297 ὀρθρίσωμεν
1647 3232 1725 3292 είς

175 3322 478 3392 ἀμπελῶνας
500 3341 512 3350 ·
538 3341 555 3373 ι
602 3322 738 3390 ὅπερ
787 3320 954 3380 ἐστὶν,
989 3321 1067 3382 είς
1100 3318 1196 3381 τὰς
1228 3319 1366 3371 κατὰ
1403 3318 1563 3370 τόπον
1607 3320 1726 3372 Ἐκ-

174 3411 392 3478 κλησίας.
426 3411 502 3462 Τό
522 3427 578 3461 τε
608 3410 737 3480 γὰρ,
773 3428 789 3460 ι
825 3408 1249 3479 Ὀρθρίσωμεν,›
1282 3407 1468 3459 τοῦτον
1497 3407 1608 3477 ἔχει
1635 3409 1724 3460 τὸν

173 3502 344 3571 τρόπον
366 3521 378 3531 ·
425 3503 562 3555 Ἀπὸ
602 3501 697 3554 τοῦ
729 3500 1039 3572 νυκτερινοῦ
1069 3499 1292 3562 σκότους
1323 3499 1422 3568 τῆς
1454 3500 1725 3566 ἀγνωσίας

172 3595 238 3654 είς
265 3593 319 3646 τὸ
349 3593 464 3662 φῶς
498 3592 600 3661 τῆς
636 3592 869 3654 πίστεως
902 3590 967 3660 μὲ
1000 3589 1303 3660 προάγαγε.

230 3705 357 3758 ΣΙΡ.
383 3706 473 3757 Στ.
515 3704 601 3773 ιβ’.
633 3703 880 3771 Ἰδωμεν
901 3704 953 3754 εὶ
989 3700 1258 3768 ἤνθησεν
1287 3700 1324 3766 ἡ
1362 3700 1644 3769 ἄμπελος.

228 3792 392 3862 Ὅπερ
421 3793 596 3856 ἐστὶν,
624 3791 672 3843 εἰ
705 3791 764 3842 τὸ
799 3791 1059 3860 κήρυγμα
1080 3790 1177 3859 τῆς
1209 3789 1442 3852 πίστεως
1483 3789 1580 3857 τὴν
1634 3789 1721 3841 εὑ-

170 3885 310 3938 ωδίαν
339 3889 401 3938 ὲκ
431 3884 544 3937 τῶν
581 3883 986 3938 πιστευσάντων
1018 3881 1290 3934 διέδωκεν.

225 4001 348 4052 ΣΙΔ’.
393 4002 696 4066 Ἥνθηοεν
732 4001 764 4051 ό
796 3999 1149 4065 κυπρισμός.

225 4092 348 4155 Τοὺς
385 4092 782 4161 νεοφωτίστους
808 4085 961 4160 οἶμαι
989 4087 1185 4155 λέγειν,
1215 4088 1341 4152 τοὺς
1368 4087 1456 4141 διὰ
1493 4087 1716 4157 λουτροῦ

169 4182 567 4250 παλιγγενεσίας
597 4179 1162 4250 λελευκανθισμένους.

225 4292 346 4348 Σ1Ε’.
382 4296 703 4361 Ἤνθησαν
735 4295 792 4346 αὶ
818 4293 977 4358 ῥοαί.

222 4384 277 4434 Δί
306 4385 512 4436 τούτων
547 4382 734 4451 ψυχαὶ,
777 4381 975 4442 αἵτινες
1008 4379 1144 4449 ῥοῶν
1188 4378 1340 4449 δίκην
1383 4378 1441 4432 τὸ
1490 4380 1717 4450 ἐρυθρὸν

1827 3217 2053 3286 gilemus
2100 3218 2332 3273 diluculo
2363 3220 2427 3272 ad
2470 3220 2680 3284 vineas;
2721 3240 2737 3272 ι
2768 3223 2816 3275 id
2855 3233 2969 3284 est,
3022 3225 3087 3276 ad
3120 3215 3388 3282 Ecclesiae

1825 3321 1940 3374 quae
1975 3322 2069 3376 per
2095 3307 2208 3360 loca
2236 3317 2358 3362 sunt
2385 3327 2396 3362 :
2419 3309 2504 3362 illa
2534 3311 2675 3363 enim
2702 3327 2823 3378 vox,
2843 3311 3217 3384 «νίκιῇιειιιιιερ
3253 3318 3388 3372 hunc

1829 3397 2211 3466 trepologicum
2264 3415 2479 3454 sensum
2524 3402 2712 3464 habet;
2771 3403 3043 3469 nimirum,
3096 3405 3383 3464 Producilo

1825 3501 1911 3540 me
1946 3501 1975 3539 a
2001 3489 2276 3542 nocturnis
2329 3491 2642 3558 ignorantia:
2671 3494 2906 3549 tenebris
2943 3495 3009 3548 ad
3035 3495 3208 3551 lucem
3237 3497 3377 3555 ﬁdei.

1893 3702 2117 3757 CCXIII.
2149 3703 2310 3758 Vens.
2340 3703 2423 3757 12.
2467 3703 2764 3770 Videamus,
2790 3723 2911 3760 num
2943 3709 3119 3775 ﬂoruit
3143 3712 3313 3766 vinea.

1893 3791 1947 3844 ld
1981 3802 2080 3854 est,
2124 3809 2247 3844 num
2284 3793 2597 3860 praedicatio
2655 3795 2776 3849 iidei
2823 3812 3041 3851 suavem
3086 3801 3153 3854 ab
3196 3801 3262 3854 iis
3294 3805 3383 3872 qui

1821 3881 2182 3942 crediderunt,
2215 3881 2393 3934 emisit
2418 3877 2654 3936 odorem.

1888 3989 2111 4045 CCXIV.
2136 3989 2344 4043 Floruit
2367 4007 2614 4060 prapago.

1889 4082 2095 4138 Recens
2123 4083 2413 4138 illustratus
2449 4084 2628 4138 dicere
2655 4083 2907 4150 arbitror,
2957 4088 3048 4156 qui
3092 4102 3188 4157 per
3234 4087 3380 4145 lava-

1817 4188 1968 4229 crum
2009 4177 2435 4245 regenerationis
2463 4176 2588 4230 facti
2619 4185 2742 4230 sunt
2771 4178 3010 4232 candidi.
3273 4198 3276 4201 ·

1886 4287 2086 4341 CCXV.
2116 4285 2434 4342 Floruerunt
2470 4289 2606 4341 mala
2641 4289 2853 4357 punica.

1887 4378 2082 4432 Eorum
2116 4382 2336 4442 anima},
2389 4395 2508 4449 qua:
2545 4379 2807 4435 malorum
2857 4382 3024 4435 instar
3062 4386 3378 4463 punicorum

166 4467 280 4538 αἷμα
315 4473 647 4542 ὲχρίσθησαν
677 4470 771 4523 τοῦ
811 4468 1063 4540 Χριστοῦ.
1101 4469 1367 4540 Καθάπερ
1409 4471 1515 4540 γὰρ
1545 4472 1575 4540 ή
1613 4472 1713 4542 ped:
1746 4499 1787 4553 θ
1819 4486 1828 4522 l

1746 4499 1787 4553 ὓ
1819 4471 1980 4526 rubro
2010 4471 2211 4525 Christi
2246 4473 2502 4541 sanguine
2542 4471 2686 4526 illita:
2714 4481 2855 4526 sunt.
2898 4472 2963 4527 Ut
2996 4475 3137 4526 enim
3180 4476 3377 4529 malum

166 4561 474 4624 πολύκοκκός
524 4563 660 4621 ἐστι,
708 4561 800 4612 καὶ
849 4556 1249 4625 πολυθάλαμος,
1297 4555 1492 4620 ἔξωθεν
1535 4559 1590 4610 δὲ
1622 4559 1710 4612 τὸν

165 4651 318 4718 φλοιὸν
355 4651 674 4722 ὲρυθροειδῆ
704 4650 992 4717 κέκτηταν
1027 4647 1199 4711 οὕτως
1227 4650 1258 4717 ἠ
1305 4649 1597 4718 Ἐκκλησία
1624 4651 1714 4702 τὸν

165 4742 562 4812 πολυάνθρωπον
588 4741 755 4810 δῆμον
781 4739 976 4808 ἔχουσα
1008 4738 1178 4802 ἐντὸς,
1219 4741 1310 4792 καὶ
1337 4743 1446 4803 τοῖς
1477 4741 1709 4810 ἱματίοις

1817 4565 2067 4631 punicum
2107 4564 2291 4617 multis
2326 4573 2406 4617 est
2444 4565 2725 4631 praeditum
2755 4563 2935 4632 granis
2970 4573 3022 4618 et
3049 4563 3375 4618 loculameno

1818 4654 1915 4717 tis;
1954 4655 2290 4707 extrinsecus
2333 4664 2509 4707 autem
2541 4654 2796 4708 corticem
2824 4655 3045 4707 rubrum
3074 4655 3265 4710 habet;
3302 4656 3374 4709 ita

1816 4743 2050 4798 Ecclesia
2071 4759 2187 4812 qua:
2207 4743 2670 4813 populosissimam
2691 4743 2963 4798 hominum
2981 4745 3377 4800 multitudinem

219 4925 258 4956 ⁸³
287 4924 418 4979 Psal.
457 4940 626 4988 Lxxtt,
659 4924 746 4978 28.
823 4926 868 4955 ⁸ο
907 4924 1046 4978 Psal.
1083 4939 1213 4988 ωιιι,
1251 4925 1302 4978 9.
1379 4923 1420 4954 ⁸¹
1449 4923 1634 4977 Matth.
1674 4940 1790 4991 xm,
1816 4925 1904 4980 58.
1975 4926 2136 4979 "lsa.
2170 4941 2274 4988 ων,
2304 4925 2361 4978 2.

220 5059 318 5132 (ω)
359 5061 448 5115 Sic
489 5075 678 5116 omnes
709 5061 863 5132 codd.
899 5061 1036 5132 Lege
1069 5061 1515 5132 συμπρέπουσαν.

221 5130 321 5197 \68)
371 5133 468 5183 Ἐν
503 5132 658 5184 abest
688 5131 754 5183 ah
797 5130 1046 5198 omnibus
1091 5130 1367 5183 saerdrmii
1402 5131 1692 5183 Bibliorum

164 5198 457 5269 editionibus
485 5210 540 5253 et
577 5215 705 5252 mss.
738 5199 903 5269 Abest
932 5201 1098 5269 etiam
1124 5213 1150 5250 a
1184 5201 1300 5269 cod.
1331 5198 1517 5251 Mutiu.

221 5266 317 5337 (69)
357 5269 526 5322 Abest.
561 5287 588 5319 ιι
631 5281 750 5321 meo
801 5266 919 5321 cod.
967 5277 1016 5320 et
1056 5267 1229 5336 ,Barb.
1283 5268 1369 5320 hic
1414 5283 1443 5320 e
1492 5268 1697 5336 psalmo

165 5337 308 5398 locus,
355 5353 539 5404 quem,
573 5353 694 5389 cum
746 5338 990 5390 exhibeat
1025 5349 1078 5389 et
1125 5349 1275 5390 vetus
1318 5339 1601 5405 interpres,
1643 5347 1697 5390 et

164 5407 330 5459 habeat
355 5409 522 5459 codex
555 5405 764 5466 Mutin.,
793 5406 1056 5462 revocavi.

219 5475 315 5543 (70)
357 5474 584 5529 Restitui
627 5490 689 5526 ex
745 5474 1022 5529 Mutinensi
1075 5476 1396 5544 ἐπιστροφή.
1447 5475 1591 5529 Meus
1647 5485 1698 5528 et

162 5542 217 5594 Ba
227 5542 303 5596 rb.
321 5545 661 5613 ἀποστροφή.

219 5613 317 5683 (71)
357 5609 587 5667 Restitui
618 5609 966 5682 ἀμπελῶνας,
990 5624 1044 5665 ιιι
1074 5613 1237 5665 Vatic.
1262 5621 1313 5664 et
1342 5609 1458 5664 libri
1486 5628 1693 5667 omnes.

167 5677 310 5734 lla'nc'
339 5685 622 5735 lectionem
662 5677 912 5749 agnoscit
963 5695 1112 5734 vetus
1167 5683 1446 5747 interpres,
1494 5691 1548 5733 et
1585 5684 1695 5747 ipsa

164 5752 438 5816 explanatio
472 5752 722 5819 postulat,
756 5755 840 5804 ubi
885 5752 1008 5805 dicit
1040 5769 1050 5801 :
1085 5753 1255 5794 Ὅπεη
1286 5751 1447 5814 ἐτ’ἳν,
1490 5752 1565 5812 εἰς
1595 5750 1695 5808 τὰς

1801 5063 1939 5116 κατὰ
1972 5064 2133 5115 τόπον
2170 5062 2508 5132 Ἐκκλησίας.

1872 5133 1983 5200 (72)
2028 5133 2117 5186 Sic
2167 5130 2467 5201 legendum.
2517 5130 2715 5185 Omnes
2745 5130 2898 5185 codd.
2926 5131 3122 5191 habent
3169 5144 3366 5201 παροιο

1848 5203 1942 5253 ίαι.

1803 5219 1982 5341 μηδὲ)
2025 5272 2199 5324 Lucus
2241 5269 2473 5341 lsai:e_in
2508 5269 2675 5322 sacris
2717 5268 2898 5341 Bibliis
2933 5279 3017 5341 est
3035 5282 3056 5341 Δε
3089 5268 3365 5341 Πλάτυνον

1798 5337 1889 5392 τὸν
1937 5337 2099 5394 τόπον
2131 5341 2229 5409 τῆς
2262 5337 2464 5410 σκηνῆς
2507 5355 2620 5401 σου,
2671 5339 2762 5410 καὶ
2811 5338 2918 5410 τῶν
2965 5337 3200 5410 αὑλαιῶν
3229 5353 3360 5410 »σουτ

1801 5411 1986 5480 πῆξον,
2020 5412 2091 5479 μὴ
2123 5407 2302 5480 φείσῃ,
2340 5407 2610 5480 μάκρυνον
2639 5407 2704 5458 τὰ
2737 5407 3092 5480 σχοινίσματά
3127 5407 3362 5480 σουδκαὶ

1804 5476 1926 5541 τοῦς
1954 5476 2382 5541 πασσάλουξσου
2408 5476 2759 5545 κατίσχυσον·
2789 5479 2887 5536 ἐτι,
2911 5493 2962 5527 κ.
2984 5493 3032 5528 τ.
3065 5477 3110 5526 λ.
3141 5496 3156 5525 ι
3192 5476 3360 5536 Dilata

1807 5549 1977 5602 locum
2013 5550 2335 5601 tabernaculi
2377 5549 2476 5607 tui,
2520 5557 2570 5598 cl
2601 5548 2884 5599 aulazorum
2921 5555 3130 5597 tuorum
3164 5563 3175 5596 z
3219 5546 3357 5612 ﬁge:

1805 5633 1870 5670 ne
1902 5633 2088 5683 parcas
2121 5633 2133 5668 :
2172 5619 2425 5682 protentio
2470 5616 2733 5669 funiculus
2765 5625 2901 5676 tuos,
2935 5625 2982 5667 et
3040 5615 3186 5683 palos
3242 5624 3362 5668 tuos

1807 5688 2067 5751 conferta,
2103 5705 2119 5738 υ
2161 5689 2261 5738 εἰς’.
