4208 6312
206 394 277 450 157
1063 379 1460 435 ENARRATIO
1498 378 1565 434 IN
1605 379 1957 434 CAN'I‘ICUM
1998 376 2469 433 CANTICOIHIM.

3292 378 3393 429 138

200 496 441 559 καὶταῦτα
493 494 796 564 ποιουμένη
843 492 950 546 ἀπὸ
988 492 1082 545 τοῦ
1127 494 1290 563 νόμου
1325 493 1598 548 ἀκούουσα
1643 491 1721 554 τὸ,
1756 502 1800 555 Α
1827 507 1858 547 e

1756 502 1800 555 Α
1827 493 1969 547 etab
1997 491 2299 560 Evangeliis
2329 505 2344 542 :
2374 507 2394 540 ι
2424 490 2536 545 Non
2560 487 2744 556 iurare
2774 488 2992 544 omnino
3026 491 3091 542 ⁸’.
3132 508 3149 540 ι
3192 488 3256 543 Et
3282 491 3395 545 haec

206 593 323 645 ιΟὑκ
343 588 688 659 ἐπιορκήσεις
708 602 721 616 θ
752 602 769 636 ι
810 586 903 638 καὶ
930 583 1039 636 ἀπὸ
1066 582 1175 636 τῶν
1203 584 1547 653 Εύαγγελίων
1569 582 1727 637 ἁκούο

198 700 301 738 ausa
332 679 397 743 τὸ,
456 697 475 729 ι
502 677 596 747 Μὴ
630 675 825 746 ὀμόσαι
861 675 1016 737 ὅλως.
1047 692 1065 726 ι
1115 674 1223 726 Καὶ
1273 674 1447 727 ταῦτα
1495 672 1733 742 πεφυλα-

1836 584 2148 637 custodiens
2181 581 2421 637 fratrueli
2471 596 2567 636 suo
2613 584 2799 636 eadem
2828 591 3028 644 servat,
3072 583 3119 637 id
3161 592 3261 647 est,
3300 598 3398 637 Suo

1834 690 2053 743 sponso,
2089 684 2147 727 ut
2198 690 2291 743 per
2342 672 2746 729 exsecutionem
2786 675 3160 730 mandatorum
3217 673 3394 729 oleum

200 775 336 845 γμένη
373 769 449 841 τῷ
482 766 749 837 ἀδελφιδῷ
775 765 963 835 αὐτῆς,
998 763 1171 818 ταῦτα
1217 766 1393 835 τηρεῖ,
1441 764 1577 833 ὅπερ
1617 764 1734 816 ἐστὶ
1837 778 1862 810 v

1732 803 1734 811 ν
1837 764 1981 817 vasis
2012 765 2123 818 suis
2148 777 2333 819 emens
2360 764 2414 817 iu
2438 764 2539 818 hac
2565 763 2696 829 vita,
2727 763 2972 831 lampade
3014 762 3135 818 fidei
3168 777 3394 818 accensa

200 865 259 934 τῷ
286 862 383 930 ίδίῳ
427 857 668 930 νυμφίῳ,
718 856 806 910 ἵνα
852 855 940 909 διὰ
988 855 1090 923 τῆς
1137 856 1406 927 ποιήσεως
1449 853 1559 907 τῶν
1585 856 1733 907 ἐντο-

199 956 280 1009 λῶν
300 952 392 1023 (90)
414 951 478 1005 τὸ
500 950 679 1003 ἔλαιον
699 949 757 1002 ὲν
780 949 893 1011 τοῖς
919 945 1067 1010 ἰδίοις
1094 946 1334 1016 ἀγγείοις
1358 948 1414 1000 ὲν
1440 945 1574 1017 τῷδε
1600 947 1731 1014 ἀγο-

203 1045 396 1114 ράςουσα
416 1039 498 1109 τῷ
531 1038 650 1109 βίῳ,
685 1036 785 1108 τὴν
811 1034 1070 1107 λαμπάδα
1100 1034 1353 1104 ἁψαμένη
1381 1033 1478 1104 τὴν
1513 1034 1610 1103 τῆς
1645 1033 1734 1086 πίο

201 1147 350 1193 στεως,
375 1126 453 1198 τῷ
482 1126 703 1198 νυμφίῳ
728 1123 1079 1195 παραφαίνει.
1109 1124 1209 1177 Διά
1235 1122 1391 1177 τοῦτο
1429 1123 1523 1175 καὶ
1560 1124 1589 1176 ὁ
1622 1122 1734 1175 Κύ-

201 1239 291 1292 ριος
325 1221 444 1289 περὶ
488 1218 597 1272 τῶν
628 1216 699 1270 τὰ
733 1215 931 1288 νομικά
971 1216 1067 1270 καὶ
1094 1213 1430 1283 εὐαγγελικά
1495 1213 1735 1285 προστά-

197 1327 348 1380 γματα
372 1308 467 1361 τοῦ
483 1308 710 1379 Κυρίου,
736 1307 837 1377 τήν
860 1323 921 1359 τε
936 1300 1176 1359 Παλαιὰν
1206 1306 1299 1358 καὶ
1323 1305 1421 1374 τὴν
1444 1304 1591 1358 Νέαν
1613 1304 1734 1356 Δια-

200 1402 339 1473 θήκην
364 1398 709 1471 μελετώντων
740 1398 835 1451 καὶ
866 1395 1235 1467 διηγουμένων
1264 1395 1320 1449 ὲν
1345 1396 1454 1459 τοῖς
1488 1395 1732 1461 Εὐάγγε-

198 1494 321 1555 λίοις,
346 1491 468 1545 τάδε
501 1490 649 1559 λέγει
668 1507 681 1519 ·
727 1489 826 1543 Διά
850 1488 1007 1542 τοῦτο
1034 1488 1141 1551 πᾶς
1173 1487 1534 1558 γραμματεὺς
1565 1485 1735 1556 μαθη-

1837 867 2035 921 sponso
2062 852 2112 907 in
2142 864 2487 923 conspectum
2508 852 2690 908 veniat
2714 852 2779 906 ⁸⁸.
2825 850 3112 922 Propterea
3142 852 3400 909 Βοιιιῑιιυδ

1840 945 1908 997 de
1956 942 2024 997 iis
2056 944 2146 1011 qui
2183 944 2371 1013 legalia
2418 954 2473 999 et
2525 941 2831 1012 evangelica
2866 949 3130 1013 prmcepta
3164 942 3397 1001 Domini.

1840 1042 1895 1086 et
1955 1034 2122 1089 Vetus
2175 1032 2487 1102 Novumque
2547 1034 2952 1089 Testamentum
2998 1033 3323 1087 meditantur
3352 1042 3401 1082 et

1842 1134 2121 1189 enarrant,
2169 1124 2298 1179 dicit
2339 1125 2392 1178 in
2434 1123 2761 1194 Evangelii):
2803 1142 2821 1176 ι
2858 1123 2977 1177 Ideo
3008 1125 3183 1178 omnis
3225 1125 3400 1178 scriba

1840 1215 2028 1268 doctus
2064 1211 2116 1266 in
2170 1227 2335 1282 regno
2382 1212 2637 1267 ctelorum
2689 1212 2882 1267 similis
2931 1222 3015 1265 est
3054 1211 3277 1275 homini,
3312 1214 3401 1280 qui

1840 1302 2047 1374 profert
2075 1304 2140 1359 de
2176 1304 2429 1359 thesauro
2480 1317 2579 1358 suo
2608 1318 2742 1359 nova
2786 1313 2841 1357 et
2879 1313 3059 1357 vetera
3106 1303 3175 1357 ".
3203 1321 3222 1357 ι
3256 1301 3403 1357 Nora

1840 1395 2080 1463 quidem,
2110 1410 2230 1465 qua
2276 1407 2398 1451 sunt
2439 1403 2706 1466 praecepta
2756 1395 2808 1449 in
2844 1392 3162 1462 Evangelia;
3196 1402 3405 1462 vetera,

1840 1499 1957 1551 qua!
1982 1494 2107 1539 sunt
2139 1483 2385 1540 mandata
2421 1485 2472 1539 iu
2499 1483 2634 1555 lege.

198 1588 369 1651 τευθεὶς
391 1589 472 1651 εἰς
504 1586 604 1656 τὴν
640 1583 914 1654 βασιλείαν
940 1581 1049 1635 τῶν
1081 1580 1345 1653 οὐρανῶν,
1412 1581 1596 1643 ὅμοιός
1655 1582 1803 1632 ἐστιν
1838 1576 2109 1650 ἀνθρώπῳ
2144 1577 2469 1650 προφέροντι
2512 1579 2575 1630 ὲκ
2617 1577 2711 1631 τοῦ
2751 1578 3022 1650 θησαυροῦ
3051 1578 3215 1633 αὑτοῦ
3244 1576 3406 1633 καινά

198 1680 272 1732 καὶ
292 1677 489 1731 παλαιά
511 1694 524 1708 ·
556 1696 576 1729 ι
610 1674 772 1729 καινά
801 1674 921 1747 μὲν,
944 1673 1012 1727 τά
1033 1675 1090 1727 ὲν
1119 1672 1436 1743 Εὐαγγελίῳ
1462 1672 1855 1742 προστάγματα
1875 1685 1889 1700 ⁸
1924 1668 2129 1724 παλαιά
2155 1670 2213 1723 δὲ
2264 1669 2334 1722 τὰ
2389 1670 2449 1721 ὲν
2486 1670 2632 1740 νόμῳ
2667 1669 3029 1739 διατάγματα.

815 1769 972 1822 ΚΕΦ.
1022 1767 1105 1821 Η¹.

252 1860 362 1913 ΣΚ’.
401 1859 497 1912 Στ.
537 1865 609 1911 α’.
656 1858 752 1922 Τίς
788 1855 908 1923 δῴη
947 1871 1055 1919 σε,
1086 1852 1369 1922 ἀδελφιδέ
1387 1871 1526 1920 μου,
1559 1850 1739 1920 dirid-

198 1951 343 2013 ζοντα
368 1951 642 2020 μαστοὺς
676 1951 901 2017 μητρός
924 1960 1081 2018 μου;

251 2043 460 2112 Μεγάλα
495 2041 592 2095 καὶ
627 2038 920 2110 Θαυμαστὰ
968 2038 1246 2109 μυστήρια
1270 2077 1284 2101 ,
1321 2034 1388 2089 τὰ
1419 2038 1476 2089 ἐν
1507 2038 1570 2105 τῇ
1611 2036 1743 2106 ἁγίᾳ

195 2134 340 2206 ταύτῃ
381 2132 720 2201 ἀποκείμενα
757 2131 979 2201 Γραφῇο
1029 2128 1090 2182 οὐ
1135 2127 1245 2197 γάρ
1292 2121 1413 2179 εἷπε
1438 2169 1452 2192 ,
1504 2146 1521 2177 ι
1563 2125 1743 2196 Θηλά-

198 2225 332 2291 ζοντα
369 2224 478 2297 (91)
517 2222 757 2295 μαστούς
795 2241 813 2273 ι
852 2238 975 2292 μου,
1010 2218 1183 2284 ἀλλὰ,
1250 2236 1269 2269 ι
1307 2217 1509 2288 μητρός
1547 2233 1668 2287 μου.
1721 2235 1740 2268 ι

197 2315 299 2380 Πῶς
336 2317 440 2386 γὰρ
480 2310 594 2368 οἷόν
634 2313 681 2367 τ’
722 2311 860 2375 ἐστὶ,
901 2310 964 2363 τὸ
1007 2307 1282 2378 ἀδελφιδδν
1310 2307 1479 2378 αὐτῆς
1521 2305 1745 2375 ἀνδρυν-

198 2406 334 2460 θέντα
369 2404 479 2476 (92)
518 2403 728 2467 λοιπὸν,
763 2404 857 2457 καὶ
886 2400 1259 2463 τελειωθέντα,
1304 2396 1555 2468 θηλάζειν
1588 2389 1748 2449 πάλιν

198 2499 408 2567 μαστοὺς
436 2497 685 2569 μητρός;
716 2496 788 2548 Τὸ
824 2494 932 2566 γὰρ
962 2492 1216 2563 θηλάζειν
1253 2491 1388 2563 (95),
1428 2490 1488 2543 ού
1521 2488 1631 2541 τῶν
1657 2506 1747 2540 τε-

195 2586 347 2654 λείων,
384 2588 520 2640 ἀλλὰ
561 2586 672 2638 τῶν
720 2582 956 2654 βρεφῶν.
998 2580 1159 2649 Λέγει
1190 2575 1283 2634 οὖν
1333 2580 1365 2649 ἠ
1399 2577 1581 2649 νύμφη
1615 2576 1749 2648 πρὸς

194 2676 270 2729 τὸν
299 2678 543 2748 νυμφίον’
593 2695 611 2726 ι
646 2674 741 2738 Τίς
765 2673 874 2744 δῴη
908 2689 990 2735 σε,
1020 2669 1267 2739 ἀδελφιδέ
1296 2686 1418 2739 μου,
1446 2664 1749 2737 θηλὰζοντα

199 2768 403 2834 μαστοὺς
441 2765 653 2837 μητρός
683 2778 817 2834 μου;
857 2780 874 2811 ι
909 2760 1109 2831 Μήτηρ
1125 2758 1222 2828 τῆς
1256 2756 1475 2827 νύμφης
1498 2755 1533 2823 ἡ
1564 2753 1746 2819 σοφία,

195 2850 447 2918 ἀδελφιδὰς
469 2851 528 2903 δὲ
550 2850 754 2919 ταύτης
778 2850 805 2901 6
832 2846 1035 2916 Κύριος
1065 2844 1222 2916 ἡμῶν
1260 2841 1466 2913 Ἰησοῦς
1495 2841 1745 2910 Χριστὸς,

196 2939 243 2992 ἑν
273 2933 313 3007 ᾧ
355 2942 614 3012 ὲφόρεσεν
672 2938 942 3009 ἀνθρώπῳ
986 2935 1133 3007 (94),
1181 2935 1240 2988 ὃν
1288 2936 1382 2986 καὶ
1424 2932 1676 3003 παροῦσα
1713 2934 1744 3001 ἡ

195 3030 349 3098 σοφία,
378 3034 657 3085 τουτέστιν
687 3032 716 3084 6
749 3028 854 3099 πρὸ
890 3026 1100 3082 αἰώνων
1128 3025 1320 3093 Λόγος,
1349 3026 1406 3078 ὲν
1447 3021 1598 3093 αὐτῷ
1626 3039 1749 3075 συν-

2510 1761 2615 1814 AP.
2661 1759 2788 1814 VIII.

2510 1761 2615 1814 AP.
2661 1761 2788 1814 VIII.

1909 1852 2117 1909 CCXX.
2165 1853 2317 1910 Vers.
2360 1855 2411 1907 ‘l.
2455 1761 2583 1918 guis
2639 1852 2783 1906 dabit
2817 1863 2883 1917 te,
2936 1854 3202 1921 fratruelis
3242 1871 3405 1918 vicus.

1839 1955 2102 2014 augentem
2134 1943 2292 1998 ubera
2324 1945 2509 1998 matris
2546 1944 2711 1998 metu?

1912 2031 2101 2103 Magna
2141 2043 2197 2088 et
2227 2033 2496 2089 mirabilia
2540 2033 2816 2105 mysteria,
2850 2048 2970 2103 qure
3020 2036 3250 2106 reposita
3282 2048 3409 2093 sunt

1842 2124 1897 2178 in
1942 2125 2043 2180 hac
2070 2134 2257 2180 sancta
2296 2124 2609 2194 Scriptum;
2640 2141 2744 2180 non
2779 2127 2921 2181 enim
2947 2126 3074 2181 dicit
3104 2145 3118 2181 :
3155 2146 3173 2179 ι
3205 2127 3411 2199 Sugen-

1845 2224 1951 2270 tem
1983 2216 2146 2270 ubera
2175 2234 2194 2266 ι
2219 2231 2355 2279 mea,
2390 2216 2481 2270 sed
2501 2234 2520 2268 ι
2546 2218 2734 2271 matris
2758 2232 2942 2271 meae.»
2983 2217 3259 2283 Quomodo
3284 2235 3411 2276 vero

1846 2305 1964 2361 fieri
2001 2316 2179 2376 potest
2217 2316 2276 2362 ut
2305 2307 2578 2363 fratruelis
2620 2309 2734 2376 ejus
2764 2309 2853 2377 qui
2881 2309 2990 2379 jam
3017 2310 3067 2363 iu
3096 2309 3266 2365 virum
3295 2322 3411 2365 tan-

1845 2396 1966 2452 dem
2018 2396 2335 2462 adoleverit,
2386 2406 2439 2453 et
2486 2401 2550 2452 ad
2597 2398 2889 2468 perfectam
2940 2402 3147 2455 venerit
3178 2411 3410 2468 aetatem,

1849 2501 2033 2542 rursus
2062 2472 2217 2558 sugat
2266 2488 2432 2544 ubera
2474 2490 2699 2545 matris?
2734 2489 2941 2561 Sugere
2987 2493 3130 2546 enim
3174 2509 3276 2547 non
3325 2507 3413 2551 est

1850 2579 2172 2645 adulterum,
2230 2580 2323 2635 sed
2373 2580 2681 2635 infantium.
2739 2582 2827 2636 Ait
2876 2582 3036 2653 igitur
3091 2597 3290 2652 sponsa
3349 2588 3415 2640 ad

1846 2683 2100 2738 sponsum
2133 2684 2149 2723 :
2185 2689 2202 2721 ι
2226 2670 2357 2737 Quis
2388 2671 2477 2726 det
2506 2683 2577 2736 te,
2609 2672 2878 2727 fratruelis
2922 2688 3088 2735 meus,
3138 2684 3414 2742 augentem

1850 2759 2013 2815 ubera
2045 2762 2232 2816 matris
2278 2761 2487 2817 metuit:
2543 2762 2713 2817 Mater
2744 2779 2953 2832 sponsae
2983 2773 3067 2817 est
3112 2762 3415 2831 Sapientia;

1851 2849 2123 2907 fratruelis
2150 2866 2276 2906 vero
2317 2850 2431 2921 ejus
2461 2852 2714 2907 Dominus
2750 2864 2935 2909 noster
2964 2853 3119 2908 Jesus
3145 2855 3414 2920 Christus,

1852 2940 2042 3011 inquo
2088 2942 2317 3010 gestavit
2364 2942 2657 3007 hominem,
2708 2958 2864 3013 quem
2911 2942 3183 3013 Sapientia
3220 2946 3286 2999 ad
3320 2960 3416 2999 nos

1854 3032 2095 3102 delapsa,
2124 3034 2222 3088 hoc
2250 3043 2334 3089 est
2361 3033 2595 3089 Verbum
2624 3036 2765 3105 quod
2797 3046 2879 3090 est
2904 3046 3027 3090 ante
3056 3038 3268 3103 saecula,
3293 3053 3415 3092 eum

195 3125 470 3195 ικεράσατο
505 3124 643 3195 (95).
700 3124 868 3176 Ὅταν
918 3116 1011 3173 οὖν
1064 3121 1143 3182 είς
1188 3118 1314 3179 τοὺς
1358 3114 1747 3185 νεοφωτίστους
1776 3110 1817 3167 C
1853 3140 1857 3175 ε

1776 3110 1817 3167 C
1853 3122 2028 3191 seipse
2053 3122 2416 3177 commiscuit.
2466 3122 2596 3178 Cum
2652 3125 2816 3195 igitur
2854 3126 3100 3181 Christus
3146 3128 3196 3180 in
3232 3142 3416 3183 recens

196 3215 477 3286 μορφωθεὶς
505 3214 618 3286 (96)
642 3215 670 3267 6
691 3212 945 3283 Χριστὸς,
970 3210 1061 3264 καὶ
1082 3212 1164 3273 εἰς
1188 3208 1257 3261 τὰ
1285 3205 1545 3277 ἀρτιγενῆ
1573 3205 1747 3276 βρέφη

190 3306 276 3376 τῆς
312 3305 660 3377 Ἐκκλησίας,
682 3304 746 3356 δι’
777 3304 1000 3356 ἐκείνων
1026 3300 1187 3364 αὐτὸς
1208 3300 1237 3350 ό
1263 3296 1496 3370 Χριστὸς
1527 3296 1746 3365 θηλάζει

192 3396 301 3457 τοὺς
344 3396 603 3465 μαστοὺς,
647 3392 893 3446 τουτέστι
927 3390 1028 3453 τὰς
1072 3389 1164 3442 δύο
1203 3389 1508 3461 Διαθήκας,
1554 3389 1645 3457 ἀφ’
1674 3382 1749 3441 ὧν

191 3483 375 3553 eum
404 3484 500 3538 καὶ
534 3483 596 3534 τὸ
628 3481 769 3551 γάλα
806 3482 890 3550 ῥεῖ
917 3482 1027 3543 τοῖς
1058 3479 1463 3549 ἀρτιγεννήτοις
1492 3475 1747 3543 παιδίοις,

193 3576 287 3637 τοῖς
314 3574 376 3625 δι’
416 3572 611 3635 ὓδατος
654 3571 748 3624 καὶ
784 3568 1103 3639 Πνεύματος
1126 3566 1610 3637 άναγεννωμένοις,
1655 3566 1748 3619 καὶ

191 3667 274 3737 τὴν
309 3668 545 3720 ἀκακίαν
585 3662 694 3718 ἀπὸ
728 3664 825 3733 τῆς
853 3661 1097 3723 Παλαιᾶς
1130 3661 1223 3713 καὶ
1257 3659 1364 3712 ἀπὸ
1407 3659 1507 3728 τῆς
1538 3659 1749 3728 Καινῆς

195 3757 463 3827 θηλάξουσι
489 3774 500 3789 ·
536 3755 807 3827 Ζαχαρίου
842 3753 943 3823 μὲν
975 3751 1222 3820 λέγοντος
1245 3767 1260 3782 ο
1299 3770 1316 3803 ι
1350 3750 1617 3812 Ἕκαστος
1653 3748 1751 3818 τὴν

194 3845 367 3896 κακίαν
406 3842 502 3897 τοῦ
535 3841 763 3911 πλησίον
789 3840 900 3910 (97)
939 3838 1013 3910 μὴ
1057 3838 1355 3907 λογιζέσθω
1395 3837 1506 3909 (98)
1540 3840 1597 3890 ὲν
1635 3841 1750 3901 ταῖς

194 3934 417 4005 καρδίαις
448 3934 634 4005 ὑμῶν·
680 3951 698 3983 ι
732 3933 826 3985 καὶ
852 3932 1012 3984 πάλιν
1057 3931 1279 3983 Ἡσαΐου
1311 3928 1569 3999 βοῶντοςο
1608 3947 1626 3980 ι
1663 3929 1751 3981 Εἴ-

191 4038 311 4076 πατε
347 4025 457 4096 (99)
491 4027 607 4087 τοῖς
670 4022 917 4093 μισοῦσιν
974 4021 1142 4090 ὑμᾶς,
1187 4020 1407 4090 ἀδελφο)⁵
1439 4020 1617 4091 ἡμῶν,
1655 4022 1748 4074 καὶ

192 4114 287 4176 τοῖς
319 4114 813 4184 βδελυσσομένοις.ι
840 4113 946 4165 Καὶ
968 4111 1129 4164 πάλιν
1141 4111 1247 4164 ἀπὸ
1273 4111 1381 4163 τῶν
1409 4112 1752 4179 Εὑαγγελίων

190 4200 499 4271 θηλάζουσιν
550 4203 659 4257 ἀπὸ
700 4202 793 4255 τοῦ
842 4201 1045 4272 μαστοῦ
1088 4201 1187 4271 τῆς
1228 4202 1437 4271 Καινῆς
1478 4201 1751 4272 Διαθήκης

192 4292 346 4347 ἐκεῖνο
365 4294 426 4347 τὸ
445 4294 552 4365 τῆς
569 4293 804 4355 άκακίας
833 4294 897 4363 ρῆ
908 4306 1000 4361 μα’
1029 4309 1048 4341 ι
1083 4292 1357 4357 Ἀγαπᾶτε
1382 4291 1508 4355 τοὺς
1524 4289 1753 4361 ἐχθροὺς

192 4383 354 4452 ὑμῶν·
403 4384 592 4447 καλῶς
621 4386 824 4437 ποιεῖτε
848 4384 961 4443 τοῖς
1000 4381 1249 4451 μισοῦσιν
1279 4381 1446 4452 ὑμᾶς,
1476 4382 1569 4435 καὶ
1598 4381 1751 4453 εὗχε-

1855 3212 2166 3268 illuminatis
2206 3212 2468 3269 formatus
2515 3216 2605 3280 sit,
2642 3226 2696 3270 et
2732 3217 2782 3269 in
2834 3232 3002 3286 nuper
3030 3218 3166 3271 nalis
3195 3218 3415 3272 infanti-

1853 3302 1953 3356 bus
1982 3302 2263 3367 Ecclesia;
2311 3320 2406 3373 per
2439 3306 2560 3361 illos
2598 3307 2712 3376 ipse
2738 3307 2985 3362 Christus
3034 3310 3173 3377 sugit
3227 3310 3415 3371 ubera.

1856 3394 1955 3448 hoc
1981 3405 2063 3448 est
2092 3396 2194 3448 duo
2219 3396 2584 3470 Testamenta,
2613 3415 2679 3453 ex
2710 3400 2903 3470 quibus
2930 3401 3029 3456 mel
3056 3411 3107 3455 et
3138 3403 3223 3455 Inc
3253 3400 3417 3456 ﬂuam

1854 3483 1983 3553 ipsis
2014 3499 2181 3553 nuper
2207 3487 2403 3555 genitis
2431 3487 2576 3554 filiis,
2613 3490 2703 3558 qui
2737 3504 2832 3557 per
2862 3504 3055 3558 aquam
3078 3502 3132 3545 et
3159 3490 3418 3559 Spiritum

1853 3577 2158 3645 regenerati
2202 3586 2347 3640 sunt,
2382 3588 2433 3631 et
2465 3579 2824 3634 innocentiam
2866 3594 2899 3636 e
2950 3581 3126 3637 Veteri
3178 3591 3233 3636 et
3274 3582 3418 3637 Novo

1855 3662 2200 3720 Testamento
2229 3675 2462 3736 sugunt;
2492 3666 2751 3722 Zacharia
2787 3668 3038 3723 dicente:
3070 3688 3092 3720 ‹
3124 3669 3424 3737 Unusquis-

1857 3771 1962 3825 que
2028 3757 2286 3811 malitiam
2346 3759 2577 3827 proximi
2642 3774 2746 3814 non
2800 3762 3003 3827 cogitet
3056 3761 3109 3814 in
3163 3764 3419 3817 cordibus

1856 3845 2052 3900 vestris
2081 3847 2153 3912 ⁶²;
2186 3866 2204 3899 ι
2231 3856 2283 3900 et
2310 3864 2496 3902 rursus
2518 3847 2786 3905 clamante
2812 3850 2944 3905 Isaia
2979 3869 2992 3904 :
3027 3868 3046 3902 ι
3073 3850 3260 3918 Dicitt‘,
3312 3851 3419 3905 l'ra-

1857 3945 1965 3991 tres
1994 3940 2185 4004 nostri,
2218 3938 2283 3992 iis
2308 3940 2396 4007 qni
2420 3940 2649 3993 oderunt
2672 3955 2767 3994 vos
2790 3951 2845 3995 et
2882 3942 3262 3997 abominantur
3294 3942 3360 3997 ⁸³.
3394 3962 3412 3994 ι

1855 4025 1923 4080 Ει
1971 4041 2155 4082 rursus
2208 4042 2274 4082 ex
2333 4028 2623 4099 Evangelio
2702 4040 2898 4101 sugunt
2945 4038 3011 4086 ab
3062 4033 3232 4087 ubere
3284 4032 3417 4088 Novi

1855 4114 2184 4178 Testamenti
2246 4116 2373 4173 illud
2452 4120 2774 4175 innocentiae
2836 4122 3058 4176 verbum
3102 4142 3117 4177 :
3160 4139 3178 4173 ι
3212 4122 3424 4192 Diligite

1858 4206 2103 4261 inimicos
2130 4218 2361 4271 vestros.
2398 4209 2695 4265 benefacite
2736 4212 2809 4267 iis
2839 4215 2926 4282 qui
2954 4215 3183 4269 oderunt
3215 4230 3328 4282 vos,
3365 4226 3420 4271 et

1855 4306 2008 4351 orate
2052 4312 2148 4367 pro
2187 4301 2635 4369 persequentibus
2684 4317 2778 4358 vos
2810 4305 2875 4358 “.
2902 4323 2919 4356 ι
2968 4305 3044 4359 Ex
3083 4306 3207 4360 divo
3243 4317 3420 4361 autem

1860 4386 2023 4441 Paulo
2065 4388 2266 4444 dictum
2304 4391 2431 4447 illud
2465 4411 2480 4447 :
2518 4412 2537 4445 ι
2563 4392 2700 4447 Nulli
2748 4395 2945 4449 malum
2983 4410 3080 4465 pro
3128 4396 3267 4451 malo
3300 4397 3420 4452 red-

194 4449 272 4526 σθε
298 4477 436 4548 ὑπὲρ
460 4476 575 4529 τῶν
603 4449 1046 4529 καταδιωκόντων
1075 4474 1241 4545 ὑμᾶς.
1282 4492 1300 4526 ι
1320 4449 1329 4452 ﬁ
1350 4474 1482 4527 Ἀπὸ
1515 4474 1571 4527 δὲ
1603 4449 1751 4528 nas-
1784 4449 1827 4504 υ

1128 4475 1241 4537 ιᾶς.
1282 4492 1300 4526 ι
1320 4449 1329 4452 ’
1350 4474 1482 4527 Ἀπὸ
1515 4474 1571 4527 δὲ
1603 4449 1751 4528 Παύ-
1784 4449 1827 4504 D
1857 4479 2067 4546 dentes,
2094 4480 2185 4534 sed
2213 4495 2424 4551 semper
2448 4484 2643 4538 bonum
2673 4484 2738 4540 “.
2771 4504 2790 4535 ι

190 4559 267 4614 λου
307 4564 401 4617 τοῦ
448 4562 753 4618 ἀποστόλου
802 4560 864 4615 τὸ
901 4560 1227 4632 λεγόμενον·
1286 4581 1304 4612 ι
1343 4563 1545 4632 Μηδενὶ
1581 4565 1751 4617 κακὸν

190 4656 293 4707 ἀντὶ
314 4656 493 4711 κακοῦ
524 4654 887 4718 ἀποδιδόντες,
915 4653 1051 4709 ἀλλά
1086 4653 1320 4708 πάντοτε
1372 4653 1433 4705 τὸ
1466 4654 1688 4723 ἀγαθόν.
1727 4674 1745 4705 ι

250 4748 416 4803 ΣΚΑ’.
463 4746 753 4818 Εὐροῦσά
777 4762 850 4801 σε
881 4747 1016 4812 ἔξω,
1040 4746 1280 4816 φιλήσω
1310 4762 1403 4815 σε,
1430 4750 1530 4801 καί
1557 4765 1622 4817 γε
1643 4750 1752 4803 οὐκ

186 4838 661 4901 ἑξουδενὼσουσί
692 4856 768 4909 με
802 4838 900 4911 (ι).

249 4929 387 4996 Ἔξω
419 4930 525 5001 τῆς
575 4928 929 5001 Ἰερουσαλὴμ
956 4928 1309 5001 ἐσταύρωσαν
1340 4930 1433 4983 τὸν
1480 4932 1713 5002 Χριστόν
1737 4949 1751 4961 ·

241 5047 496 5120 ι’)ιοιιιιλ.
525 5049 691 5120 v.34.
753 5048 799 5080 ⁸ο
822 5047 1012 5120 Matth.
1050 5065 1214 5119 xxxv,
1245 5050 1269 5103 1
1300 5064 1419 5119 sqq.
1501 5052 1540 5083 ⁶¹
1574 5051 1762 5109 Matth.
1799 5070 1916 5120 xm,
1942 5054 2031 5112 52.

188 5130 248 5181 ri,
275 5116 364 5172 27.
446 5118 494 5151 ⁸⁵
517 5118 680 5174 Rom.
709 5134 807 5187 xu,
836 5119 927 5173 17.

242 5232 350 5299 (90)
389 5230 487 5285 Sic
507 5230 858 5286 Mutinensis:
877 5239 1103 5286 at.meus
1120 5240 1173 5286 et
1193 5229 1349 5283 Barh.
1371 5229 1471 5298 τῆς
1500 5228 1740 5297 ἐντολῆς.

246 5303 350 5371 (9|)
383 5300 612 5371 Barber.
646 5300 919 5371 θηλάζειν.
954 5300 1145 5356 Mutin.
1175 5299 1497 5371 θηλάζοντα.

236 5368 349 5439 (92)
386 5368 835 5438 Ἁνόρυνθέέντα.
866 5370 938 5441 Ita
965 5371 1159 5441 Mutin.
1188 5368 1743 5441 fAWptvﬂsvaBarh.

184 5453 227 5491 et
249 5436 400 5494 meus
421 5459 438 5504 ;
465 5436 608 5493 male
629 5450 872 5507 uterque.
897 5440 1057 5495 Recta
1077 5440 1237 5494 lectio
1257 5436 1344 5494 est
1370 5436 1743 5508 ἀνδρωθέντα,

180 5522 227 5563 ct
247 5510 433 5563 melior
463 5508 697 5579 fortasse
721 5508 1082 5579 ἀνδρωθέντα.

244 5582 351 5648 (95)
390 5579 589 5648 Mittin.
618 5577 870 5648 θηλάζειν
898 5579 1056 5633 πάλιν
1082 5579 1143 5632 ού
1181 5577 1290 5632 τῶν
1320 5577 1431 5630 τελ.

246 5650 352 5713 (94)
395 5648 530 5715 Leg.
561 5647 865 5717 ἄνθρωπον.

246 5719 352 5787 (95)
389 5714 684 5772 ΙιιιίΜιιιὶιι.
728 5716 949 5787 Meuset
974 5714 1194 5787 Barber.
1229 5716 1575 5787 συνεκέρατο.

245 5784 354 5858 (96)
391 5789 537 5857 ιθεε
574 5786 854 5856 μορφωθῇ.
886 5784 1101 5837 Paulina
1147 5786 1382 5854 phrasis,
1418 5784 1474 5841 ut
1505 5786 1627 5842 alibi
1658 5800 1746 5839 su-

502 5880 751 5938 PsTnOL
820 5880 936 5936 (in.
990 5877 1117 5939 XL.

1930 4752 2157 4807 CCXXI.
2190 4752 2461 4809 Invenietis
2496 4766 2545 4810 te
2576 4756 2704 4817 foris
2729 4757 3004 4811 osculabar
3034 4767 3115 4822 te;
3144 4768 3190 4812 et
3217 4762 3426 4830 quidem

1860 4859 1962 4895 non
1992 4846 2272 4910 despiciant
2304 4862 2401 4899 me.

1932 4934 2096 4989 Extra
2143 4936 2476 4994 Hierusalem
2522 4939 2912 4995 crueiﬂxerunt
2968 4938 3241 4995 Christum
3278 4959 3289 4995 :
3324 4952 3437 5008 per

2109 5059 2152 5089 “
2181 5058 2346 5114 Zach.
2382 5074 2500 5125 vm,
2534 5062 2620 5116 1⁸7.
2697 5061 2741 5093 ⁸³
2786 5061 2889 5118 Isa.
2916 5076 3060 5127 vat,
3089 5061 3140 5117 5.
3220 5062 3267 5093 “
3292 5059 3370 5116 Lu
3392 5081 3433 5117 ι’.

1856 5244 1948 5299 pra
1988 5232 2411 5288 observavimus.

2071 5300 2241 5373 Vatic.
2267 5304 2490 5373 πλησίον
2522 5303 2703 5359 αὑτοῦ.

1924 5371 2038 5441 (98)
2075 5371 2587 5448 Vatic._lofi5_sq65-
2618 5383 2672 5428 et
2699 5376 2778 5430 sic
2806 5377 3110 5448 legendum.
3150 5380 3317 5439 Vetus
3350 5386 3427 5435 in-

1857 5450 2061 5513 terpres
2090 5441 2215 5513 legit
2256 5441 2573 5510 λογιζέσθω,
2626 5462 2644 5495 ι
2687 5441 2927 5513 Γεριιιθῖ;
2964 5467 2982 5499 ι
3037 5450 3129 5503 sed
3184 5454 3341 5508 vertit
3372 5455 3428 5506 ἐν

1856 5511 2247 5583 ταῖς-καρδίαις
2278 5513 2510 5583 ὑμῶνηι
2551 5518 2601 5566 in
2635 5511 2889 5571 cordibus
2917 5511 3047 5573 Suis.
3085 5537 3105 5570 ι

1927 5579 2037 5651 (99)
2072 5579 2388 5636 Perturlnite
2414 5581 2636 5637 aﬂ‘ertur
2688 5584 2775 5638 hic
2806 5584 2954 5639 Isaia:
3018 5587 3188 5651 locus,
3239 5592 3317 5645 sic
3348 5591 3423 5645 le-

1852 5650 2054 5732 gendus
2073 5665 2095 5732 ε
2134 5650 2359 5732 Εἴπατε,
2422 5651 2639 5722 ἀδελφοὶ
2670 5654 2847 5724 ἡμῶν,
2866 5658 2977 5720 τοῖς
3010 5650 3256 5729 μισοῦσιν
3280 5663 3423 5732 ὑμᾶς

1855 5721 1947 5770 καὶ
1982 5717 2132 5790 βδελυ
2141 5737 2233 5772 σσο
2240 5722 2438 5790 μένοις.

1927 5792 2002 5857 (Ι)
2045 5789 2133 5844 Sic
2157 5797 2273 5843 cod.
2310 5795 2470 5846 etiam
2495 5792 2640 5847 Alex.
2676 5794 2845 5851 Edilio
2886 5797 3007 5852 Vat.
3042 5800 3201 5853 habet
3242 5818 3350 5869 μοι.

3080 5910 3112 5949 ')
