4208 6312
774 422 876 475 539

1866 416 2179 470 PillLUMS
2223 415 2528 470 EPISCOH
2569 417 2883 470 CARPASH

3925 425 4034 480 ιω

768 551 985 591 crucem
1027 534 1264 591 osculata
1313 542 1394 589 est
1456 547 1577 587 cum
1625 533 1889 600 Ecclesia,
1940 531 2129 586 videns
2169 531 2340 601 ipsum

2445 533 2532 586 διὰ
2563 532 2656 586 τοῦ
2690 533 2922 603 σταυροῦ
2951 534 3207 605 ἐφίλησεν
3243 537 3406 592 αὑτὸν
3450 539 3484 608 ἡ
3538 539 3850 611 Ἐκκλησία,
3889 543 4035 610 ὕπαρ

766 640 863 695 pro
893 639 952 680 se
975 623 1141 679 clavis
1168 625 1314 678 cruci
1345 620 1586 688 aillxum,
1613 632 1672 676 ut
1710 622 1795 676 illa
1827 637 1855 677 a
1884 630 2108 690 peccato
2143 623 2338 692 relige-

767 724 934 771 rotur.
983 713 1307 769 «inveniens
1338 723 1388 767 te
1415 712 1548 769 foris
1577 712 1864 769 osculabar
1898 722 1980 778 te;
2025 720 2080 768 et
2128 710 2341 783 quidem

766 821 870 861 non
922 803 1220 875 despicient
1276 817 1380 858 me.
1411 821 1430 856 ι
1483 802 1765 857 inveniens
1801 802 1946 856 enim
1992 802 2140 858 illum
2188 816 2341 860 extra

765 897 959 962 caelos,
997 906 1056 950 ut
1104 895 1238 950 dixit
1283 894 1591 964 Apostolus,
1655 893 2088 961 «exspoliantem
2141 897 2344 965 princi-

766 996 924 1056 patus
977 992 1030 1039 et
1080 993 1374 1055 potestates
1424 983 1499 1050 “;
1532 1001 1550 1034 ι
1614 983 1814 1052 quique
1879 982 2151 1039 «formam
2199 988 2342 1043 servi

769 1076 977 1145 accepit
1003 1073 1072 1143 ",
1099 1092 1120 1127 ι
1170 1089 1268 1144 per
1298 1072 1660 1128 inenarrabile
1696 1088 1852 1127 suum
1904 1075 2151 1129 osculum
2185 1092 2344 1132 oscu-

765 1167 871 1221 lata
893 1176 977 1223 est
1002 1165 1153 1221 illum
1181 1165 1448 1232 Ecclesia,
1475 1179 1579 1219 non
1612 1166 1812 1220 carnali
1855 1166 2042 1221 osculo
2074 1167 2092 1236 (
2116 1168 2255 1223 absit
2279 1179 2342 1224 ut

760 1257 814 1314 id
847 1258 1224 1328 cogitemusl),
1263 1261 1357 1314 sed
1379 1260 1565 1316 osculo
1606 1260 1890 1329 spirituali,
1933 1260 2136 1318 relictis
2175 1270 2348 1319 terre-

759 1351 966 1406 stribns
996 1353 1434 1423 cogitationibus,
1464 1362 1517 1408 et
1549 1368 1646 1423 per
1673 1354 2009 1424 spiritualem
2043 1356 2340 1412 amicitiam

761 1455 881 1493 cum
917 1443 1035 1512 ipso
1063 1455 1456 1513 coagmentata.
1489 1444 1618 1497 Illud
1663 1459 1809 1510 vero,
1847 1462 1870 1496 ι
1899 1443 2014 1500 Non
2046 1449 2346 1518 despicient

765 1547 920 1599 me,»
996 1535 1293 1605 spirituaiis
1345 1537 1596 1592 amicitiae
1661 1537 2141 1607 irreprehensiblle
2211 1541 2345 1595 dicit

763 1625 1100 1695 mysterium.
1162 1625 1261 1692 Qui
1319 1628 1461 1682 enim
1510 1643 1607 1699 per
1658 1629 1932 1684 carnalem
1991 1631 2340 1701 cupiditatem

763 1712 1029 1769 malitiose
1074 1717 1412 1781 osculantur,
1457 1732 1486 1770 a
1524 1719 1727 1772 sanctis
1755 1728 2198 1776 contemnuntur.
2251 1722 2343 1777 Illa

763 1817 890 1858 vero
932 1820 1086 1859 suum
1139 1815 1394 1875 sponsam
1431 1823 1537 1862 non
1588 1810 1903 1876 carnaliter,
1951 1813 2046 1867 sed
2086 1814 2344 1884 spiritua-

2445 623 2616 694 αὐτῆς
2662 621 2931 692 βλέπουσα
2967 624 3128 678 αὐτὸν
3169 626 3247 696 τῷ
3281 628 3500 700 σταυρῷ
3549 629 3887 700 ἀνελωμένον
3928 633 4030 702 (2).

2446 714 2534 768 ῐνα
2559 715 2742 784 ἐκείνη
2781 715 2882 786 τῆς
2910 714 3184 788 ἁμαρτίας
3209 717 3471 790 ἀφηλωθῇ
3497 720 3594 790 (5).
3631 740 3648 770 ι
3690 721 3942 791 Εὐροῠσά
3971 741 4033 777 σε

2444 805 2586 872 ἔξω,
2634 805 2844 877 φιλήσω
2886 823 2978 873 σε,
3025 805 3118 860 καί
3144 824 3208 876 γε
3245 808 3347 860 οὐκ
3395 809 3812 876 ὲξουδενώσουσί
3865 829 3958 883 με.
4007 833 4022 864 ι

2443 891 2695 962 Εὑροῦσα
2741 892 2849 964 γὰρ
2888 894 3052 948 αὑτὸν
3099 894 3204 959 ἐξω
3246 895 3354 949 τῶν
3399 897 3666 970 οὐρανῶν,
3709 901 3784 966 ὼς
3814 897 3969 956 εἶπεν
4008 905 4036 955 ό

2466 982 2807 1048 Ἀπόστολος,
2862 1002 2884 1036 ι
2928 985 3208 1038 ἀπέκδυσα
3230 985 3306 1057 (ό)
3335 987 3433 1058 μὲν
3461 988 3561 1052 τὰς
3594 990 3768 1062 ἀρχὰς
3803 992 3898 1045 καὶ
3936 991 4034 1056 τὰς

2445 1070 2715 1138 ἐξουσίας,
2751 1091 2769 1126 ι
2805 1074 2902 1128 καὶ
2935 1092 2954 1125 ‹
2987 1075 3200 1148 μορφὴν
3233 1075 3419 1130 δούλου
3444 1075 3708 1144 λαϐόντα,
3743 1102 3760 1130 ι
3797 1081 4027 1154 super).

2443 1181 2534 1218 τον
2563 1164 2638 1237 (5)
2675 1164 2842 1220 αὑτοῦ
2877 1166 3086 1238 φίλημα
3120 1167 3376 1240 ἐφίλησεν
3415 1170 3580 1225 αὑτὸν
3614 1173 3647 1243 ἡ
3691 1173 3987 1242 Ἐκκλησία
4014 1217 4025 1236 ,

2443 1257 2504 1311 ού
2557 1258 2826 1330 φιλήματι
2881 1261 3162 1332 σαρκικῷ,
3196 1261 3415 1334 (ἄπαγε
3456 1263 3518 1317 τὸ
3562 1265 3772 1319 τοιοῦτο
3815 1269 3957 1320 νοεῖν
3983 1265 4030 1334 l)

2445 1347 2580 1402 ἀλλὰ
2627 1348 2892 1420 φιλήματι
2941 1349 3320 1421 πνευματικιῖῃ
3351 1351 3726 1422 καταλείψασα
3767 1355 3835 1408 τὰ
3861 1357 4030 1426 γήϊνα

2447 1440 2792 1512 φρονήματα,
2824 1442 2921 1494 καὶ
2951 1445 3015 1514 τῇ
3049 1443 3143 1496 τοῦ
3179 1443 3492 1514 πνεύματος
3524 1443 3678 1516 φιλίᾳ
3723 1446 3871 1516 αὐτῷ
3899 1464 4033 1514 συγ-

2445 1533 2764 1605 κρινομένη.
2797 1531 2872 1587 To
2891 1533 2968 1600 δὲ,
3009 1551 3028 1586 ι
3059 1534 3170 1588 Καί
3203 1551 3266 1603 γε
3289 1535 3389 1589 ούκ
3421 1535 3840 1601 ὲξουδενώσουσί
3877 1553 3968 1608 με,
4009 1557 4027 1589 ι

2443 1623 2544 1694 τῆς
2576 1625 2955 1695 πνευματικῆς
2990 1626 3174 1694 φιλίας
3207 1625 3269 1680 τὸ
3293 1628 3716 1698 ἀκατάγνωστον
3742 1629 3886 1698 λέγει
3923 1647 4029 1699 μυ-

2447 1715 2688 1785 στήριον.
2743 1717 2806 1769 Οἱ
2854 1716 2963 1786 γὰρ
3005 1716 3148 1770 κατὰ
3196 1717 3378 1789 ϐρεξιν
3422 1719 3693 1790 σαρκικῆς
3735 1718 4035 1788 ἐπιθυμίας

2446 1805 2733 1876 κακοήθως
2779 1805 3060 1876 φιλοῦντος
3106 1806 3202 1878 (6),
3240 1807 3346 1860 ὑπὸ
3389 1810 3560 1877 ἁγίων
3607 1808 4030 1872 ὲξουδενοῦνται.

760 1896 887 1950 liter
943 1896 1218 1962 osculans,
1268 1913 1372 1954 non
1422 1900 1581 1954 modo
1639 1915 1746 1955 non
1801 1879 2190 1973 contemnitur,
2244 1907 2338 1961 sed

2443 1897 2588 1969 Αὐτὴ
2615 1897 2672 1952 δὲ
2699 1896 2792 1951 τὸν
2822 1898 3041 1970 ἑαυτῆς,
3067 1898 3129 1951 ού
3156 1899 3454 1970 σαρκικῶς,
3487 1900 3622 1953 ἀλλὰ
3645 1903 4035 1972 πνευματικῶς

757 1987 991 2041 maxime
1044 1988 1313 2044 laudatur.
1368 1988 1780 2063 Consequenter
1813 2009 1942 2050 vero
1987 1997 2110 2052 huic
2158 1999 2338 2052 erucis

757 2079 1014 2147 mysterio
1047 2079 1158 2134 haec
1189 2081 1320 2135 dicit
1348 2098 1361 2133 :

826 2257 1077 2313 CCXXII.
1120 2260 1271 2315 Vers.
1315 2261 1370 2316 2.
1420 2265 1703 2318 Auumam
1755 2274 1821 2328 te,
1863 2275 1909 2319 et
1937 2268 2266 2321 introducam
2295 2278 2340 2322 te

757 2352 809 2405 in
836 2354 1048 2405 domum
1079 2355 1260 2406 matris
1287 2369 1433 2420 mea,
1469 2365 1518 2408 et
1558 2356 1612 2409 in
1644 2356 1759 2424 ejus
1787 2357 2088 2410 cubiculum
2113 2374 2229 2427 qum
2261 2373 2340 2411 me

755 2445 1008 2512 concepit.

825 2533 1053 2591 Matrem
1085 2536 1321 2592 hominis
1349 2547 1404 2592 et
1428 2539 1609 2593 carnis
1634 2539 1804 2608 ipsius
1836 2541 2137 2610 (hominis)
2174 2539 2342 2594 mani-

756 2627 948 2684 t’estnm
1003 2637 1086 2684 est
1133 2643 1252 2684 esse
1306 2640 1527 2684 terram.
1582 2631 1703 2688 «Et
1758 2631 1810 2684 in
1857 2631 1976 2700 ejus
2027 2631 2337 2686 cubiculum

755 2733 873 2788 quae
928 2720 1218 2789 concepit»
1274 2719 1449 2790 ipsum
1501 2720 1802 2784 hominem,
1859 2721 1964 2776 hoc
2015 2731 2099 2777 est
2157 2732 2334 2784 terrae,

753 2813 900 2880 juxta
941 2811 1068 2865 illud
1101 2812 1244 2880 quod
1274 2812 1479 2867 dictum
1514 2822 1598 2868 est
1631 2832 1644 2868 :
1684 2831 1703 2865 ι
1735 2813 1903 2868 Terra
1933 2829 2012 2879 es,
2048 2825 2104 2870 et
2137 2814 2188 2868 in
2227 2824 2339 2870 ter-

757 2918 870 2956 ram
930 2901 1130 2957 redibis
1185 2901 1249 2956 ⁶⁸.
1287 2919 1309 2954 ›
1373 2902 1564 2971 liuius,
1625 2903 1865 2973 inquam,
1915 2903 2220 2959 cubiculum
2258 2913 2341 2959 est

758 3007 930 3050 mors.
954 2992 1217 3058 Quoniam
1253 2993 1418 3047 veluti
1463 2994 1518 3047 in
1560 2993 1811 3049 cubiculo
1852 2995 2132 3061 thesauri,
2168 2995 2240 3049 ita
2288 2996 2338 3049 in

757 3093 930 3136 morte
984 3081 1224 3136 omnium
1256 3083 1525 3150 iustorum
1557 3083 1751 3136 animai
1796 3083 2127 3138 detinentur.
2186 3101 2203 3135 ι
2235 3081 2340 3138 Re-

757 3173 938 3239 gnavit
964 3172 1107 3225 enim
1139 3185 1286 3227 mors
1316 3172 1383 3227 ab
1404 3171 1578 3226 Adam
1611 3186 1781 3237 usque
1815 3176 1882 3228 ad
1910 3173 2172 3246 Moysem,
2203 3182 2257 3230 et
2283 3175 2336 3228 in

758 3276 849 3316 eos
895 3263 988 3332 qui
1040 3278 1146 3333 non
1202 3274 1566 3333 peccaverunt
1626 3265 1692 3318 “.
1725 3284 1743 3318 ι
1795 3263 1930 3318 Cum
1970 3275 2148 3319 autem
2212 3280 2340 3321 caro

758 3369 932 3425 ipsum
966 3358 1273 3425 excepisset
1301 3372 1462 3426 quam
1488 3372 1588 3428 pro
1617 3358 1858 3413 Ecclesia
1890 3357 2143 3429 gestavit,
2173 3358 2343 3415 intro-

762 3448 916 3517 duxit
946 3461 1090 3512 eum,
1119 3448 1267 3503 velut
1300 3449 1351 3502 in
1387 3450 1627 3517 domum,
1680 3452 1729 3506 in
1764 3459 1995 3505 mortem
2030 3465 2128 3519 pro
2160 3451 2338 3516 nobis,

707 3557 713 3562 -
761 3537 850 3591 ubi
881 3545 1000 3592 erat
1023 3537 1328 3592 cubiculum
1359 3548 1516 3594 terra:
1545 3556 1664 3610 qua:
1695 3555 1793 3595 nos
1815 3541 2096 3610 concepit;
2147 3541 2259 3608 ubi,
2282 3551 2342 3596 ut

761 3645 923 3700 supra
986 3631 1187 3686 dictum
1227 3643 1330 3698 est,
1389 3644 1642 3702 tanquam
1697 3633 1748 3689 in
1797 3634 2052 3690 thesauro
2097 3636 2337 3690 omnium

794 3733 1075 3777 auctorum
1103 3725 1294 3779 animae
1322 3725 1802 3782 concludebantur.
1837 3718 1840 3721 ’

833 3864 877 3893 ⁸⁸
902 3860 1110 3917 Coioss.
1141 3878 1200 3924 ιι,
1229 3863 1314 3916 15.
1394 3864 1436 3894 "-'
1463 3863 1692 3932 Philipp.
1721 3879 1781 3927 tt,
1822 3864 1873 3919 7.

836 3971 914 4044 (2)
947 3972 1019 4026 Ex
1051 3974 1168 4045 cod.
1201 3974 1389 4045 Mittin.
1431 3975 1919 4045 προσηλολόμενος,
1979 3975 2188 4030 eruitur
2215 3989 2343 4030 vera

766 4043 922 4098 lectio
950 4043 1218 4114 Απροσηλω
1227 4043 1403 4114 μένον.

842 4113 918 4184 (5)
944 4112 1034 4184 Sic
1052 4112 1352 4184 emendavi.
1376 4114 1543 4167 Codd.
1578 4114 1739 4184 Bari).
1767 4124 1820 4168 et
1840 4113 2051 4178 Mtttin.,
2074 4112 2343 4184 ἀφιλωθῇ.

2444 1989 2671 2059 φιλοῦσα
2697 1990 2949 2060 νυμφίον,
2973 1990 3033 2041 οὐ
3062 1989 3221 2060 μόνον
3255 1991 3354 2043 οὐκ
3391 1983 3764 2056 ὲξουδενεῖται,
3802 1993 3944 2046 ἀλλὰ
3965 2010 4029 2062 γε

2444 2082 2538 2136 καὶ
2566 2076 2625 2135 εὖ
2657 2081 2801 2152 μάλα
2825 2083 3150 2136 ἐπαινεῖται.
3190 2081 3522 2146 Ἀκολούθως
3549 2084 3605 2136 δὲ
3632 2083 3710 2154 τῷ
3740 2083 3834 2137 τοῦ
3865 2101 4031 2138 σταυ-

2445 2173 2540 2244 ροῦ
2575 2173 2859 2244 μυστηρίῳ
2887 2173 3064 2226 τοιάδε
3093 2172 3270 2240 λέγει’

2515 2267 2687 2320 ΣΚΒ’.
2720 2265 2807 2319 Στ.
2845 2266 2910 2336 β’.
2945 2265 3390 2334 Παραλήψομαί
3422 2282 3517 2332 σε,
3560 2267 3655 2320 καί
3693 2267 3769 2337 (7)
3806 2266 4034 2330 είσάξω

2443 2372 2517 2410 σε
2541 2360 2629 2423 είς
2666 2354 2836 2410 οἷκον
2867 2358 3089 2425 μητρός
3130 2373 3271 2426 μου,
3310 2357 3407 2411 καί
3438 2361 3526 2424 είς
3552 2357 3619 2411 τὸ
3649 2359 3890 2416 ταμεῖον
3920 2359 4034 2429 τῆς

2442 2450 2882 2516 συλλαϐούσης
2907 2465 2983 2517 με
3015 2447 3278 2515 διδάξεις
3307 2449 3403 2518 (8).

2513 2542 2715 2612 Μήτηρ
2747 2540 2841 2594 τοῦ
2872 2539 3159 2611 ἀνθρώπου
3187 2541 3280 2594 καὶ
3307 2541 3404 2611 τῆς
3446 2543 3646 2612 σαρκὸς
3675 2542 3838 2596 αὑτοῦ
3871 2543 4035 2612 δῆλον

2441 2632 2518 2696 ὡς
2546 2635 2578 2702 ἡ
2609 2632 2698 2702 γῆ.
2736 2651 2753 2682 ι
2784 2633 2892 2684 Καὶ
2912 2633 2989 2694 είς
3016 2633 3239 2702 ταμεῖον
3263 2632 3363 2701 τῆς
3379 2632 3751 2705 συλλαϐούσης
3773 2634 3983 2705 ταύτης
4013 2655 4029 2685 ι

2445 2723 2524 2794 (9)
2561 2723 2721 2775 αὐτὸν
2751 2721 2841 2776 τὸν
2892 2721 3197 2793 ἄνθρωπον,
3231 2723 3476 2776 τουτέστι
3517 2725 3616 2794 τῆς
3665 2725 3792 2794 γῆς,
3837 2724 3927 2778 διὰ
3974 2725 4037 2779 τὸ

2443 2813 2734 2885 εἰρημένον
2762 2831 2773 2844 ο
2820 2831 2838 2864 ι
2872 2815 2945 2885 Γῆ
2973 2810 3044 2876 si,
3079 2815 3169 2865 καὶ
3201 2815 3280 2878 είς
3307 2817 3408 2885 γῆν
3434 2815 3728 2887 ἀπελεύσῃ.
3765 2835 3782 2867 ι
3813 2816 4037 2888 Ταύτης

2442 2907 2667 2975 ταμεῖον
2702 2905 2730 2955 ό
2760 2904 2988 2968 Θάνατος
3010 2921 3022 2934 ·
3061 2903 3273 2975 ἐπειδὴ,
3312 2903 3563 2975 καθάπερ
3593 2908 3651 2959 ὲν
3694 2907 3902 2977 ταμείῳ
3937 2907 4036 2979 θη-

2445 2997 2655 3069 σαυροὶ,
2697 2995 2868 3060 οὕτως
2901 3000 2958 3051 ὲν
2991 2997 3069 3068 τῷ
3120 2997 3338 3066 θανάτῳ
3389 2997 3609 3050 πάντων
3650 2998 3760 3050 τῶν
3802 2999 4035 3051 δικαίων

2442 3087 2757 3157 κατείχοντο
2787 3088 2843 3140 ai
2891 3085 3082 3157 ψυχαί.
3134 3106 3152 3137 ι
3214 3085 3565 3141 Ἐϐασίλευσε
3598 3086 3706 3158 γὰρ
3733 3089 3762 3140 ό
3801 3087 4037 3151 θάνατος

2366 3215 2411 3272 c
2443 3177 2553 3232 ἀπὸ
2590 3177 2758 3247 Ἀδὰμ
2792 3177 2953 3248 μέχρι
2993 3178 3290 3241 Μωῦσέως,
3327 3179 3420 3233 καὶ
3455 3181 3547 3234 ἐπὶ
3581 3178 3710 3244 τοὺς
3738 3178 3811 3252 μὴ
3849 3179 4038 3255 ἁμαρ-

2443 3273 2734 3343 τήσαντας.
2779 3289 2797 3321 ι
2848 3268 3248 3340 Παραλαϐοὗσα
3292 3267 3386 3324 οὖν
3426 3273 3589 3326 αὑτὸν
3626 3273 3739 3343 (10)
3780 3277 3812 3346 ὴ
3856 3275 4034 3346 σὰρξ,

2439 3363 2505 3432 ἢν
2538 3361 2679 3432 ὑπὲρ
2713 3360 2809 3430 τῆς
2847 3359 3171 3431 Ἐκκλησίας
3209 3361 3490 3432 ὲφόρεσεν,
3532 3364 3825 3434 εισήγαγεν
3869 3366 4038 3420 αὐτὸν

2440 3452 2694 3524 καθάπερ
2724 3453 2804 3515 είς
2831 3447 3001 3518 οἷκον,
3035 3454 3115 3516 εἰς
3143 3452 3235 3506 τὸν
3267 3453 3410 3526 ὑπὲρ
3436 3456 3591 3526 ήμῶν
3619 3455 3870 3523 θάνατον,
3900 3457 4035 3513 ἔνθα

2439 3546 2530 3598 καὶ
2564 3545 2626 3598 τὺ
2656 3547 2880 3615 ταμεῖον
2907 3539 2975 3614 ἦν
3003 3544 3105 3613 τῆς
3134 3544 3503 3618 συλλαϐούσης
3543 3549 3690 3618 ἡμᾶς
3715 3548 3842 3618 γῆς,
3875 3549 4032 3615 ἔνθα,

2439 3637 2621 3700 καθὼς
2650 3636 2993 3708 προείρηται,
3018 3635 3270 3707 καθάπερ
3291 3638 3348 3690 ὲν
3371 3636 3650 3709 θησαυρῷ,
3680 3640 3902 3693 πάντων
3924 3641 4038 3695 τῶν

2442 3725 2612 3796 ἁγίων
2647 3723 3017 3778 συνεκλείοντο
3049 3726 3104 3777 αἱ
3135 3724 3321 3794 ψυχαί.

1953 3865 1998 3894 ⁸⁸
2027 3863 2163 3918 Gen.
2213 3878 2295 3929 ιιι,
2322 3863 2409 3918 19.
2487 3863 2531 3896 ⁶⁹
2568 3861 2723 3917 Rom.
2757 3876 2811 3928 ν,
2843 3861 2934 3916 14.

2457 4019 2470 4033 .
2505 4017 2517 4030 .
2553 4017 2565 4031 .
2599 4014 2611 4027 .
2650 3989 2808 4044 quam
2835 3972 3000 4044 semel
3041 3974 3351 4044 assumpsit,
3385 3993 3402 4025 ι
3435 3983 3538 4029 etc.
3567 3975 3732 4028 Vetus
3765 3974 4036 4041 interpres

2495 4047 2547 4099 ni
2593 4042 2795 4098 vertit:
2846 4061 2864 4094 ι
2913 4042 3050 4112 Ergo
3111 4042 3249 4095 facta
3309 4058 3434 4097 caro
3478 4045 3732 4109 Verbum,
3783 4063 3801 4095 ι
3845 4045 4038 4101 habuit

2479 4112 2685 4170 ortasse
2715 4114 2768 4166 in
2799 4128 2895 4167 suo
2927 4113 3048 4166 cod.
3081 4113 3113 4182 ἡ
3147 4112 3283 4183 σὰρξ
3311 4115 3482 4181 Λόγος
3509 4113 3745 4182 ἐγένετο.
3784 4113 3891 4167 Sed
3919 4117 4037 4169 sive

841 4183 916 4254 (ι)
947 4182 1088 4253 Lege
1117 4182 1583 4252 ἀπεκδυσάμενοι.
1624 4182 1858 4252 Uterque
1885 4185 2075 4254 codex,
2111 4182 2266 4240 Bari).
2297 4182 2340 4237 et

2459 4200 2576 4239 eam
2609 4184 2892 4236 lectionem
2951 4182 3230 4254 habuerit,
3255 4184 3368 4236 sive
3404 4190 3540 4238 hanc
3567 4196 3728 4252 quam
3769 4185 4035 4238 exhibent

773 4253 930 4316 Mitt...
953 4263 1082 4324 _tunt
1106 4255 1267 4306 etiam
1308 4271 1458 4307 metis
1489 4255 1691 4308 habent
1723 4253 2133 4324 ὰπεκδύσαμεν.

839 4325 914 4394 (5)
939 4322 1109 4396 ABarh.
1133 4338 1285 4396 mens
1314 4333 1367 4396 et
1395 4324 1582 4396 Μιιιὶιι.
1618 4326 1814 4378 habent
1859 4322 2150 4396 διάρῤητον
2181 4322 2345 4378 αὑτοῦ

769 4392 1198 4464 φιλανθρωπίαν.
1235 4393 1422 4466 Scribe
1455 4394 1520 4446 δι’
1544 4393 1811 4466 Δίὶῥρητον.

847 4465 921 4587 (ξ)
958 4463 1145 4517 Scribe
1168 4463 1452 4545 κακοήθως
1482 4463 1780 4546 φιλοιῖντες.

847 4544 854 4587 t
905 4538 918 4587 l
953 4533 1063 4586 Καί
1095 4549 1190 4585 nec
1232 4550 1283 4586 ιιι
1330 4533 1498 4586 Vattc.
1534 4537 1660 4587 edit.
1700 4551 1780 4587 net

842 4531 918 4603 (Ἴ)
953 4533 1063 4586 Καί
1095 4549 1190 4585 nec
1232 4535 1283 4586 in
1330 4531 1503 4586 Vatic.
1534 4537 1660 4588 edit.
1700 4549 1797 4587 nec
1835 4548 2061 4602 usquam
2101 4531 2226 4587 alibi
2252 4547 2343 4588 oc-

772 4608 937 4660 currit
970 4619 983 4653 :
1034 4617 1151 4656 eam
1185 4616 1360 4655 tamen
1387 4606 1627 4670 agnoscit
1656 4614 1759 4658 vet.
1805 4606 2090 4670 interpres.

839 4675 914 4744 (8)
949 4672 1097 4727 Hanc
1123 4688 1307 4727 vocem
1343 4672 1800 4744 atodgughabent
1832 4672 2050 4727 Barber.
2082 4682 2337 4744 elimeus,

770 4741 930 4814 quam
961 4752 1138 4814 tamen
1171 4758 1268 4795 nec
1293 4746 1534 4814 agnoscit
1563 4741 1685 4814 Vat.
1703 4743 1833 4797 edit.
1869 4759 1965 4796 nec
1995 4743 2115 4796 eod.
2149 4743 2337 4796 Mutin.

771 4813 869 4869 nec
904 4823 1008 4866 ret.
1035 4813 1318 4880 interpres.
1352 4813 1444 4865 Est
1471 4823 1651 4866 autem
1677 4813 1884 4867 initium
1914 4826 2100 4867 versus
2122 4826 2342 4880 sequen-

773 4887 839 4938 tis
866 4884 1019 4950 juxta
1042 4881 1288 4935 Aldinam
1326 4885 1633 4936 editionem.

843 4955 916 5024 (9)
958 4953 1380 5024 Tautnciiabet
1404 4962 1638 5024 etmeus
1660 4952 1776 5024 cod.
1805 4961 1860 5024 et
1885 4950 2043 5004 Barb.
2074 4951 2205 5005 Eam
2238 4966 2341 5007 non

774 5021 1018 5092 agnuscit
1043 5029 1160 5075 cod.
1198 5021 1531 5092 Mutinensis,
1561 5033 1612 5075 et
1653 5022 1928 5074 delendam
1960 5035 2170 5076 censeo.

845 5094 956 5160 (l0)
993 5092 1207 5144 Αὐτόν.
1245 5090 1390 5143 lianc
1412 5107 1596 5145 vocem
1620 5107 1738 5160 ane
1772 5092 1922 5145 abest
1949 5107 1976 5144 a
2020 5106 2137 5145 meo
2162 5092 2346 5147 codice

771 5175 826 5214 et
883 5163 1098 5214 Barher.
1152 5164 1396 5214 revocati
1457 5177 1512 5213 ex
1549 5160 1853 5215 Mutinensi.
1899 5162 2002 5214 Sed
2044 5161 2206 5214 αὐτόν
2238 5177 2345 5230 quo

777 5231 1016 5285 referas?
1065 5230 1242 5284 Facile
1297 5240 1471 5284 tamen
1521 5241 1601 5285 est
1655 5232 1971 5300 intelligere,
2011 5246 2115 5298 quo
2143 5246 2204 5285 ea
2242 5245 2344 5285 vox

778 5303 1055 5371 referenda
1092 5303 1182 5362 sit,
1215 5300 1259 5353 si
1290 5300 1568 5355 Paulinum
1613 5302 1784 5354 locum
1819 5300 2014 5353 alferas
2053 5302 2342 5371 integrum.

776 5370 941 5441 igitur
973 5379 1091 5448 post
1119 5371 1843 5449 ἀμαρτήσωιντᾳςῌεειιιιιιιιι·
1888 5371 1982 5449 ίεπ)ἶ
2017 5369 2092 5440 τῷ
2143 5369 2342 5449 ὁμοιω-

780 5440 908 5510 ματι
937 5440 1034 5507 τῆς
1089 5440 1448 5510 παραϐάσεως
1484 5440 1673 5510 Ἀδὰμ,
1703 5441 1758 5503 ὃς
1782 5442 1896 5493 ἐστι
1924 5440 2090 5502 τύπος
2107 5440 2198 5493 τοῦ
2229 5441 2348 5510 μέλ-

775 5512 976 5572 λοντος,
1015 5528 1030 5559 ε
1072 5513 1161 5579 qui
1195 5523 1276 5564 est
1317 5521 1468 5581 typus
1512 5513 1698 5581 futuri,
1744 5530 1759 5561 ι
1813 5513 2028 5581 scilicet
2066 5511 2262 5581 Christi
2295 5520 2348 5563 et.

781 5597 961 5633 rerum
1001 5581 1152 5634 abeo
1187 5579 1561 5650 gerendarum.
1587 5580 1752 5650 Igitur
1775 5597 1870 5634 vox
1902 5579 2063 5636 αὐτόν
2099 5581 2164 5634 ad
2191 5580 2348 5634 Chri-

783 5659 923 5702 stum
976 5661 1057 5704 est
1110 5650 1414 5704 referenda.
1465 5650 1741 5705 Salutatus
1773 5650 2001 5706 fortasse
2032 5651 2347 5705 existimans

785 5723 960 5772 minus
987 5721 1201 5787 proprie
1232 5722 1453 5783 dictum,
1497 5737 1513 5770 ι
1545 5719 1681 5774 Caro
1707 5724 2000 5788 assumpsit
2029 5721 2261 5773 Verbum
2287 5738 2298 5784 ;
2325 5739 2341 5768 ι

782 5806 886 5842 ιιοιι
921 5791 1133 5856 quidem
1161 5792 1344 5854 verba,
1379 5792 1474 5843 sed
1523 5789 1836 5842 sententiam
1895 5791 2122 5842 reddens
2148 5794 2300 5838 vertit
2332 5803 2346 5838 :

785 5878 805 5909 ι’
843 5860 988 5912 idem
1018 5857 1173 5914 Jtsns
1212 5862 1437 5915 ἒγιιιιιῐιις
1473 5874 1650 5924 carne,
1691 5873 1859 5927 eaque
1887 5860 2094 5912 mortali
2123 5860 2346 5912 vestitus

2448 4255 2620 4310 Graeci
2652 4253 2866 4307 codices
2915 4268 3050 4321 quos
3082 4252 3216 4318 vidi;
3257 4264 3403 4307 certe
3427 4256 3599 4307 oritur
3645 4269 3710 4307 ex
3756 4255 3858 4306 hoc
3911 4255 4037 4310 loco

2450 4326 2588 4378 haud
2613 4325 3000 4378 contemnenda
3025 4325 3161 4377 ratio
3191 4323 4035 4386 existimandi,Commentariunt

2449 4395 2589 4448 hunc
2613 4396 2666 4446 in
2695 4391 2970 4447 Canticum
2994 4395 3314 4445 canticorum
3351 4408 3457 4447 non
3481 4408 3597 4446 esse
3631 4393 3688 4446 S.
3718 4393 4034 4461 Epiphanii.

2446 4466 2536 4532 qtti
2569 4465 2755 4516 haeresi
2779 4477 2985 4524 Lxxvii,
3018 4477 3167 4532 num.
3194 4462 3569 4532 29,7ejnsmodi
3604 4462 3898 4516 locutioocs
3949 4464 4037 4516 di-

2448 4531 2589 4586 scrte
2609 4535 2690 4586 his
2727 4533 2903 4602 verbis
2938 4531 3200 4602 improbat
3231 4531 3337 4584 εΤὺ
3369 4532 3447 4598 δὲ,
3471 4549 3489 4583 ι
3527 4533 3700 4600 Λόγος
3732 4532 3869 4602 σὰρξ
3903 4533 4035 4599 ὲγέ-

2375 4589 2418 4643 D
2449 4619 2619 4672 vero,»
2658 4601 2847 4672 ἵναμή
2873 4589 3026 4672 ,τινες
3047 4600 3361 4672 νομίσωσιν,
3394 4589 3474 4653 ὅτι
3509 4589 3724 4672 πρῶτος
3739 4589 4036 4672 ᾷνθρωτὲος

2445 4668 2534 4742 ἦν,
2563 4672 2656 4725 καὶ
2679 4667 2809 4793 ηλθέ

2445 4741 2661 4793 πρῶτον
2716 4740 2809 4793 ταε

2445 4737 2661 4812 τέρῶτον
2688 4737 2842 4806 ἔταξε
2871 4737 2932 4792 τὸ
2959 4739 3100 4812 θεῖον
3148 4737 3500 4812 Εὐαγγέλιον.
3532 4737 3664 4794 Εἶτα
3716 4742 3815 4812 τὴν
3845 4737 4038 4812 casm

2443 4809 2815 4900 ὡμολόγησεγ,
2827 4812 2908 4863 ὅτι
2929 4811 2985 4900 (ὁ
3005 4811 3174 4900 (λόγος
3195 4811 3620 4900 σαρξβὲγένετορ
3640 4811 3711 4864 Οὑ
3854 4809 4032 4900 εἱττξνζ

2451 4902 2467 4931 ι
2485 4880 2559 4954 ξΗ
2591 4881 2727 4954 σᾲρξ
2745 4881 2914 4954 ᾼόγος
2935 4880 3172 4954 ἐγένετο,
3187 4899 3204 4931 ι
3225 4880 3310 4954 ἱίνα
3335 4881 3483 4954 όείξῃ
3500 4880 3714 4954 πρῶτον
3736 4880 3908 4954 [λόγον
3934 4882 4035 4934 ἀπ’

2445 4949 2689 5022 οὐρανῶν
2726 4949 2968 5011 ἐλθόντα,
2998 4953 3076 5022 εἰς
3109 4949 3710 5022 έαυλτδνρποστήσαντα
3728 4949 3824 5018 τὴν
3847 4950 4036 5022 σάρκα

2445 5020 2553 5093 sub
2581 5023 2680 5092 τῆς
2730 5023 2942 5093 μήτρας
2969 5020 3067 5090 τῆς
3115 5020 3277 5088 ἁγίας
3307 5020 3604 5093 Παρθένου.
3664 5040 3682 5072 ι
3731 5023 3819 5072 ιιι..
3875 5020 4032 5082 vero,

2455 5090 2880 5145 «Verbnm'earo
2917 5090 3116 5144 factum
3147 5100 3252 5154 est,
3288 5109 3307 5142 ι
3336 5090 3456 5144 ideo
3490 5093 3558 5143 ita
3589 5098 3841 5156 concepta
3876 5101 4031 5153 sunt,

2450 5177 2516 5216 ne
2554 5163 2674 5229 quis
2699 5162 3035 5214 existimaret
3058 5160 3286 5229 primum
3327 5161 3596 5214 exstitisse
3622 5163 3915 5221 hominem,
3979 5171 4034 5212 et

2447 5231 2722 5285 Christum
2776 5232 2826 5284 in
2861 5231 3130 5282 hominem
3174 5231 3402 5284 venisse.
3443 5229 3730 5297 Propterea
3774 5239 4028 5281 sanctum

2451 5301 2796 5370 Evangelium
2829 5301 3002 5370 primo
3033 5299 3148 5353 loco
3198 5301 3374 5370 posuit
3419 5296 3674 5353 Verbum.
3731 5298 3938 5353 Deinde
3968 5299 4035 5350 de

2450 5368 2624 5424 carne'
2644 5369 2926 5439 proﬁtetur
2952 5369 3166 5421 dicens:
3191 5385 3210 5418 ι
3244 5368 3472 5439 Verbum
3501 5383 3629 5423 caro
3657 5370 3852 5422 factum
3881 5378 4028 5428 est.»

2452 5440 2565 5494 Non
2615 5436 2757 5492 enim
2794 5437 2965 5493 dixit:
3022 5455 3042 5488 ι
3083 5439 3222 5491 (laro
3279 5436 3510 5491 Verbum
3563 5439 3702 5493 facta
3760 5448 3862 5503 est,
3905 5456 3926 5489 ι
3977 5447 4036 5490 ιιι

2450 5513 2754 5564 OStenderet
2809 5511 3037 5577 primum
3090 5507 3430 5561 descendisse
3459 5505 3691 5562 Verbum
3743 5509 3808 5577 de
3847 5509 4030 5570 caelis,

2452 5589 2504 5632 et
2539 5579 2711 5646 ipsum
2753 5575 2852 5630 sibi
2905 5591 3123 5630 carnem
3177 5577 3440 5631 formasse
3472 5592 3502 5630 e
3560 5587 3760 5630 sancta:
3791 5575 4034 5644 Virginis

2452 5660 2623 5702 utero.
2665 5666 2682 5696 ι
2716 5649 2978 5700 (laetorum
3038 5662 3154 5700 eam
3199 5647 3556 5708 locutionem,
3617 5663 3636 5696 ι
3695 5648 3830 5699 Caro
3882 5651 4030 5701 tacta

2454 5718 2706 5779 Verbum,
2743 5735 2761 5767 ι
2804 5717 3079 5770 catholica:
3121 5717 3237 5770 ﬁdei
3273 5732 3374 5769 non
3414 5729 3732 5784 repugnare,
3770 5716 3875 5767 imo
3901 5730 4031 5769 cunt

2455 5789 2562 5853 ipsa
2617 5788 2943 5850 convenire,
3006 5802 3229 5851 eantque
3276 5785 3461 5839 Patres
3503 5787 3834 5844 adhibuisse,
3867 5786 4034 5837 tiOCt‘l

2455 5860 2701 5910 l’s-tuvins
2734 5855 2804 5908 De
2840 5855 3115 5907 lnrurnut.
3154 5858 3242 5909 iii).
3293 5872 3361 5920 tv,
3397 5874 3510 5921 cap.
3548 5859 3597 5920 υ,
3637 5872 3779 5908 ιιιιιιι.
3825 5854 3855 5905 4
3890 5867 3944 5906 et
3975 5853 4031 5909 5.

2892 4670 3070 4743 ριστὸς
3095 4673 3186 4743 είς
3204 4670 3514 4743 ᾄνθρωπον,
3534 4669 3646 4743 ista
3671 4669 3828 4743 τοῦτο
3850 4669 4036 4743 Λόγον
