4208 6312
227 315 256 370 ι
267 317 332 372 ἅθ’

229 447 298 483 σα
325 429 478 498 ἡμῖν,
504 425 602 480 καὶ
631 426 865 479 σωθεῖσα
897 425 1006 495 (45)
1034 445 1044 456 ·

228 517 568 588 κοδομοῦμεν
606 516 718 587 (44)
747 519 830 569 ἐπ’
870 517 1038 587 αὐτὴν
1079 517 1330 581 ἐπάλξεις
1355 519 1638 589 ἀργυρᾶς·
1678 520 1812 588 ὅπερ

230 614 398 675 ιστίν,
427 607 604 681 οἶμαι,
638 613 764 675 τοὺς
801 611 1055 681 ἐλέγχους
1093 613 1219 675 τοὺς
1245 612 1650 682 διορθωτικοὺς,
1688 613 1813 672 τοὺς

229 697 431 768 χρυσοῦ
448 699 607 769 δίκην
634 698 1150 770 ⁸κυρουμένους-ιτα
1173 699 1325 768 λόγια
1350 720 1365 750 ι
1401 700 1512 772 γάρ
1541 719 1557 751 ι
1584 698 1812 771 Κυρίου,

230 790 387 858 λόγια
410 790 556 857 ἁγνά
574 807 586 819 ·
625 789 888 861 ἀργύριον
922 791 1334 862 πεπυρωμένον,
1369 792 1610 862 δοκίμιον
1630 793 1694 860 τῇ
1719 793 1810 859 γῇ,

231 882 326 934 καὶ
365 879 774 951 καθαρισμένον
801 881 1209 946 ὲπταπλασίως.
1249 904 1266 935 ι
1417 863 1427 878 ’

310 1061 473 1115 ΣΛΘν.
514 1062 585 1114 Εἰ
628 1058 741 1130 (4-5)
779 1061 927 1128 θύρα
961 1059 1115 1124 ἐστὶ,
1152 1059 1570 1131 διαγράφωμεν
1598 1060 1688 1112 ἐπ’
1711 1062 1816 1114 αὑ-

232 1163 346 1220 τηι·
378 1151 605 1207 σανίδα
636 1152 937 1219 κεδρίνην.

317 1240 536 1311 Ἐπειδὴ
585 1241 716 1311 γὰρ,
757 1241 1007 1312 ὥσπερὴ
1057 1239 1193 1314 θύρα
1237 1242 1528 1312 στρέφεται
1577 1245 1670 1294 ἐπὶ
1722 1243 1815 1295 τοῦ

231 1333 584 1404 στρόφιγγος,
635 1331 809 1396 οὕτως
838 1334 865 1384 ὁ
898 1331 1127 1403 ὀκνηρὸς
1179 1334 1270 1386 ἐπὶ
1317 1334 1415 1404 τὴν
1464 1333 1679 1404 κλίνην·
1730 1334 1816 1387 διὰ

227 1426 392 1480 τοῦτό
419 1442 604 1496 φησιν,
641 1422 823 1496 οἶμαι·
854 1426 917 1478 Εἰ
948 1426 1206 1496 ὀκνηρίαν
1233 1427 1366 1498 πρὸς
1403 1427 1502 1498 τὴν
1537 1426 1719 1480 πίστιν
1751 1427 1817 1480 τὰ

227 1517 440 1587 ταύτης
477 1518 880 1590 κατορθώματα
915 1520 1117 1590 ἔχουσι,
1151 1517 1546 1589 διαγράψωμεν
1603 1518 1688 1570 ἐπ’
1715 1518 1814 1571 αὐ-

229 1609 354 1679 τὴν,
393 1611 534 1679 ὅπερ
567 1610 734 1674 ὲστίν,
767 1609 858 1663 ἐπὶ
885 1610 984 1681 τὴν
1013 1609 1277 1680 τοιαύτην
1315 1609 1423 1661 τῶν
1443 1607 1818 1681 βραδυπίστων

231 1699 448 1753 σανίδια
473 1701 712 1771 κέδρινα,
739 1701 824 1754 ἵνα
847 1701 997 1774 εἴπῃ,
1035 1701 1133 1771 τὴν
1164 1700 1272 1753 τῶν
1303 1700 1467 1754 πάλαι
1484 1700 1707 1754 δικαίων
1728 1700 1818 1752 καὶ

1162 313 1561 370 ENARRATIO
1601 313 1668 367 ΙΝ
1704 312 2054 368 CANTICUM
2095 313 2565 371 CANTICORUM.

3383 315 3482 370 150

1084 426 1334 497 καθάπερ
1357 428 1436 491 εἰς
1455 430 1629 498 τεῖχος
1660 428 1811 478 ἔποι-

1915 437 1966 480 et
1998 426 2294 480 illuminata
2320 428 2418 491 sit;
2437 437 3082 496 tanquamsupermurum
3103 427 3485 482 aulilicabimus

1923 531 2083 585 super
2115 533 2232 571 eam
2269 518 2666 588 prOpugnaeula
2700 529 2952 587 argentea
2983 535 2997 582 ;
3034 519 3086 573 id
3111 528 3192 572 est
3213 559 3226 584 ,
3265 527 3319 572 ut
3345 516 3485 573 arbi-

1922 617 2052 672 tror,
2090 609 2535 677 reprehensiones
2577 624 2696 678 qua:
2739 609 3043 680 corrigendi
3089 612 3193 663 vim
3229 609 3486 671 habeant.

1883 739 1886 744 .
1921 710 1974 753 et
2013 699 2174 753 veluti
2211 716 2401 754 aurum
2435 702 2558 768 igne
2601 702 2706 756 sint
2749 703 3066 757 examinatze
3097 719 3110 756 :
3159 720 3177 753 ι
3209 700 3432 770 Eloquia
3462 717 3482 752 ι

1923 790 2062 844 enim
2101 809 2118 842 ι
2147 791 2388 855 Domini,
2424 792 2634 860 eloquia
2668 799 2821 847 casta
2850 808 2864 845 :
2897 803 3171 860 argentum
3201 792 3325 862 igne
3363 805 3486 845 exa-

1923 883 2204 945 minatum,
2231 881 2513 951 probatum
2561 882 2612 936 in
2667 893 2842 948 terra,
2895 891 2950 937 et
2990 892 3268 950 puraatum
3301 893 3484 952 septu-

1922 973 2064 1042 plum
2085 974 2149 1025 “.
2182 992 2199 1025 ι

1993 1065 2323 1120 CCXXXIX.
2359 1065 2416 1121 Si
2440 1066 2610 1136 jauua
2636 1074 2730 1130 est,
2757 1065 3058 1136 aculpamus
3080 1081 3237 1134 super
3261 1082 3380 1120 eam
3411 1077 3492 1121 ta-

1925 1156 2098 1210 bulam
2135 1159 2222 1211 cetl
2228 1160 2419 1211 rinam.

1992 1247 2253 1314 Quoniam
2289 1250 2432 1303 enim
2459 1249 2596 1304 sicut
2635 1257 2786 1318 porta
2819 1264 2980 1319 super
3021 1249 3292 1304 cardinem
3326 1250 3487 1304 volvi-

1926 1351 2030 1402 tur,
2060 1340 2135 1393 sic
2166 1342 2318 1408 piger
2345 1354 2504 1408 super
2547 1340 2764 1405 lectum,
2810 1350 3091 1410 prepterea
3114 1381 3128 1404 ,
3165 1341 3372 1410 Opinor,
3413 1341 3493 1394 di-

1926 1431 2026 1483 cit:
2056 1429 2110 1482 Si
2143 1429 2411 1498 pigritiam
2443 1429 2507 1482 ad
2530 1429 2685 1483 fidem
2721 1429 2954 1484 habeant
2983 1428 3099 1497 eius
3127 1443 3311 1498 opera,
3349 1429 3489 1483 scul-

1927 1537 2114 1591 pemus
2143 1536 2304 1590 super
2343 1536 2486 1587 eam,
2529 1521 2579 1574 id
2615 1531 2715 1588 est,
2745 1537 2904 1590 super
2925 1522 3184 1590 ejusmodi
3223 1521 3491 1590 pigritiam

1925 1627 2110 1666 eorum
2141 1613 2230 1682 qui
2266 1613 2429 1666 tardae
2458 1620 2584 1666 sunt
2621 1611 2782 1678 ﬁdei,
2827 1611 3047 1667 tabellas
3087 1612 3360 1675 cedrinas,
3395 1610 3491 1667 hoc

1925 1710 2045 1764 est,
2103 1709 2341 1755 veterum
2398 1700 2662 1765 justorum
2732 1710 2783 1754 et
2835 1701 3264 1768 patriarcharum
3315 1699 3493 1755 incor-

231 1790 590 1862 πατριαρχῶν
622 1791 864 1861 ἄσηπτον
893 1793 985 1844 καὶ
1015 1791 1398 1862 ὴδραιωμένην
1440 1790 1646 1859 γνῶσιν
1666 1829 1680 1853 ,
1729 1791 1819 1844 καὶ

1925 1800 2136 1859 ruptam
2169 1801 2221 1844 et
2244 1791 2492 1846 stabilem
2537 1790 2847 1855 scientiam,
2897 1800 2950 1843 et
2976 1805 3159 1843 eorum
3200 1790 3492 1872 orationem

228 1885 335 1953 τὴν
372 1881 599 1935 ἐκείνων
645 1882 739 1936 ἐπὶ
774 1881 978 1952 ταύτην
1015 1880 1363 1952 ἐπιϐάλωμεν
1407 1881 1602 1954 εὐχὴν,
1645 1881 1731 1936 ἵνα
1754 1885 1819 1953 τῇ

229 1973 460 2026 ἐκείνων
509 1972 776 2044 πρεσϐείᾳ
814 1972 876 2025 τὸ
911 1973 1156 2026 ἐλλεῖπον
1207 1961 1341 2042 αὑτῇ
1395 1973 1675 2043 ὑστέρημα
1709 1972 1820 2043 (46)

227 2063 657 2136 ἁναπληρωθείη
686 2065 783 2136 τῆς
822 2065 1075 2128 πίστεως.
1106 2066 1226 2118 Ὅτι
1245 2065 1302 2118 δὲ
1330 2065 1505 2136 κέδρῳ
1542 2067 1592 2118 οἱ
1625 2065 1822 2119 δίκαιοι

227 2156 649 2221 ἀπεικάζονται,
685 2156 845 2227 φησί·
878 2176 896 2208 ι
935 2157 1153 2218 Δίκαιος
1175 2156 1249 2218 ὡς
1277 2157 1452 2223 φοῖνιξ
1474 2156 1720 2227 ἀνθήσει,
1749 2157 1822 2218 ὡς

225 2250 262 2321 ἡ
308 2247 502 2319 κέδρος
529 2249 560 2317 ἡ
591 2250 648 2301 ὲν
670 2247 746 2319 τῷ
775 2247 990 2318 Λιϐάνῳ
1020 2246 1479 2318 πληθυνθήσεται.
1519 2266 1536 2298 ι
1571 2247 1732 2311 Σανίς
1768 2247 1822 2300 δὲ

229 2339 343 2393 ἀπὸ
374 2340 570 2410 κέδρου
592 2339 686 2392 τοῦ
719 2339 918 2403 παντός
951 2339 1068 2391 ἐστι
1102 2338 1286 2410 μέρος,
1314 2338 1505 2411 ὥσπερ
1529 2339 1623 2393 καὶ
1652 2343 1683 2410 ἡ
1712 2338 1822 2392 τῶν

227 2432 461 2485 δικαίων
489 2430 755 2502 πρεσϐεία
790 2431 956 2502 μέρος
991 2431 1108 2484 ἐστὶ
1146 2431 1248 2500 τῆς
1277 2431 1640 2500 δικαιοσύνης.
1691 2428 1824 2486 Εἶτα

230 2525 521 2579 ἀκούσασα
567 2526 599 2594 ἡ
652 2523 791 2594 καλὴ
836 2525 930 2578 καὶ
986 2522 1242 2587 εὕπιστος
1298 2523 1436 2594 αὓτη
1492 2523 1675 2595 νύμφη
1724 2525 1823 2596 τὴν

233 2617 367 2688 περί
416 2617 622 2670 τούτων
665 2615 945 2687 διαϐολὴν,
993 2616 1269 2685 ἀναφωνεῖ
1327 2617 1700 2687 ὲγκαλουμένη
1746 2617 1824 2686 τῷ

230 2709 433 2778 εαυτῆς
459 2707 702 2778 νυμφίῳ,
731 2707 824 2760 καί.
846 2707 1012 2775 λέγει·

310 2800 440 2855 ΣΜ’.
476 2801 570 2852 Στ.
609 2806 661 2854 ι’.
711 2799 852 2870 Ἐγὼ
890 2798 1107 2869 τεῖχος,
1137 2799 1236 2854 καί
1261 2802 1314 2853 οἰ
1334 2799 1557 2868 μαστοί
1597 2816 1715 2867 μου
1744 2799 1824 2864 ὠς

233 2882 471 2961 κύῥτοι.

321 2984 480 3053 Ἐγὼ,
501 2985 687 3055 φησιν,
713 2984 994 3057 ἑδραίωμα
1016 2984 1114 3053 τῆς
1149 2983 1405 3046 πίστεως,
1431 2985 1522 3036 καὶ
1549 2984 1596 3035 οἱ
1630 2983 1823 3053 μαστοὶ

235 3077 459 3152 πύργοι.
501 3077 680 3148 Ὅπερ
724 3077 892 3141 ἐστὶν,
934 3078 990 3130 αἰ
1021 3075 1116 3129 δύο
1150 3074 1414 3145 Διαθῆκαι
1447 3076 1565 3138 ταῖς
1609 3073 1710 3144 τῆς
1747 3074 1821 3128 δι-

234 3168 534 3239 καιοσύνης
568 3166 830 3238 πράξεσιν
855 3169 934 3231 εἰς
959 3166 1092 3236 ὕψος
1118 3167 1569 3238 πεπυργωμέναι.

309 3255 485 3309 ΣΜΑ’.
543 3255 692 3324 Ἐγὼ
725 3255 886 3324 ἥμην
915 3257 984 3309 ἐν
1011 3255 1337 3324 ὀφθαλμοῖς
1367 3255 1554 3310 αὐτοῦ
1592 3255 1703 3325 (47)
1743 3257 1823 3322 ὡς

230 3347 615 3414 εὑρίσκουσα
633 3345 899 3414 εἰρήνην.

309 3435 421 3492 Καὶ
463 3438 572 3508 γὰρ
608 3432 766 3509 εὗρεν
799 3440 1057 3510 εἰρήνην,
1107 3439 1168 3492 τὸ
1214 3441 1463 3510 χάρισμα
1503 3441 1632 3512 παρ’
1655 3439 1821 3493 αὑτοῦ

233 3527 485 3581 λαϐοῦσα
517 3528 612 3582 τοῦ
640 3528 913 3592 εἰπόντος·
950 3547 968 3580 ι
1006 3528 1243 3602 Εἰρήνην
1268 3530 1365 3601 τὴν
1408 3530 1519 3601 (48)
1567 3530 1704 3602 ἐμὴν
1738 3530 1816 3583 δί-

232 3619 402 3688 δωμι,
451 3619 677 3690 εἰρήνην
719 3618 815 3690 τὴν
863 3620 1000 3690 ὲμὴν
1031 3620 1234 3691 ἀφίημι
1264 3623 1424 3692 ὑμῖν·
1465 3639 1484 3671 ›
1512 3621 1588 3684 ὡς
1619 3623 1712 3674 καὶ
1740 3623 1828 3674 Σο-

234 3711 342 3778 φία
373 3710 522 3778 λέγει
551 3713 679 3782 περὶ
704 3711 799 3765 τοῦ
828 3712 1170 3783 Πνεύματος·
1193 3733 1210 3764 ι
1247 3712 1387 3781 Ἐγὼ
1414 3713 1522 3784 γὰρ
1544 3713 1653 3785 (49)
1680 3714 1826 3785 ἥμην

235 3795 270 3876 ᾗ
296 3801 628 3872 προσέχαιρε
647 3818 660 3832 ·
697 3801 817 3854 καθ’
844 3801 1054 3873 ἡμέραν
1084 3803 1455 3875 εὐφραινόμην
1482 3803 1537 3856 δὲ
1569 3805 1625 3857 ὲν
1657 3821 1824 3875 προσ-

233 3893 378 3962 ώπῳ
413 3892 579 3946 αὑτοῦ
615 3896 672 3947 ὲν
712 3896 875 3948 παντὶ
904 3895 1080 3967 καιρῷ
1105 3912 1116 3924 ·
1149 3896 1236 3948 ὅτε
1273 3895 1446 3948 ἐποίει
1471 3895 1562 3948 τὸν
1597 3895 1820 3966 κόσμον,

235 3983 391 4053 ῐἰίνιτίν
419 3986 550 4054 παρ’
584 3983 732 4054 αὐτῴ
759 3985 1089 4055 ἁρμόζουσα.
1130 4005 1149 4038 ι

311 4073 484 4128 ΣΜΒ⁰⁶
518 4075 612 4130 Στ.
669 4073 1088 4144 ια’.Ἀμπελὼν
1117 4075 1373 4144 ἐγενήθη
1416 4073 1495 4139 τῷ
1539 4073 1820 4143 Σαλομὼν

231 4165 310 4218 ἂν
335 4164 696 4234 Βεελλαμών
735 4165 868 4237 (50).

327 4255 653 4325 Ἀμπελῶνα
689 4257 1019 4328 γεγενῆσθαι
1065 4257 1213 4326 λέγει
1241 4257 1338 4327 τὴν
1375 4256 1701 4326 Ἐκκλησίαν
1739 4251 1820 4323 τῷ

235 4349 460 4420 Χριστῷ
495 4349 575 4420 τῷ
601 4350 876 4420 Πνεύματι
905 4349 1093 4421 Κυρίῳ
1123 4349 1378 4420 Σαλομὼν
1398 4347 1531 4419 (51),
1563 4347 1640 4419 τῷ
1670 4349 1819 4416 εἰρη-

235 4440 492 4492 νσύσαντι
513 4439 585 4493 τά
614 4457 674 4493 τε
698 4443 752 4493 ὲν
776 4441 987 4512 οὐρανῷ
1020 4441 1113 4494 καὶ
1135 4441 1204 4493 τά
1230 4441 1322 4494 ὲπι
1353 4439 1474 4509 γῆς.

311 4525 488 4585 ΣΜΓἎ
519 4531 738 4585 Ἔδωκε
768 4533 875 4586 τὸν
900 4530 1226 4601 ἀμπελῶνα
1246 4530 1432 4584 αὐτοῦ
1450 4529 1571 4594 τοῖς
1600 4527 1816 4596 τηροῦ-

234 4636 368 4676 σιν.

313 4708 440 4771 Τοῖς
468 4709 697 4780 τηροῦσι
732 4709 876 4780 λέγει
917 4711 1014 4772 τὰς
1053 4710 1216 4766 αὐτοῦ
1251 4708 1487 4773 ἐντολὰς,
1522 4709 1598 4772 ὠς
1637 4706 1732 4760 καί.
1764 4707 1819 4758 ὲν

234 4801 319 4871 τῷ
349 4801 665 4873 Εὑαγγελίῳ
686 4802 836 4871 ἔλεγε
875 4803 1012 4874 πρὸς
1039 4804 1163 4864 τοὺς
1206 4801 1520 4863 Ἰουδαίους·
1557 4815 1574 4849 ι
1618 4795 1816 4867 Ἀρθή-

239 4907 397 4944 σεται
442 4892 534 4960 ἀφ’
581 4891 736 4962 ὑμῶν
785 4895 818 4963 η
879 4892 1141 4961 βασιλεία,
1192 4891 1288 4945 καὶ
1334 4889 1618 4960 δοθήσεται
1674 4885 1817 4938 ἔθνει

237 4981 485 5036 ποιοῦντι
513 4984 638 5048 τοὺς
665 4983 910 5056 καρποὺς
939 4983 1137 5053 αὐτῆς·
1179 5002 1197 5035 ι
1235 4983 1370 5053 ὅπερ
1408 4979 1546 5046 ἐστὶ,
1580 4979 1671 5032 τὸν
1703 4978 1811 5046 άμ-

1923 1895 2083 1949 super
2126 1896 2244 1934 eam
2297 1881 2662 1951 imponemus,
2722 1889 2779 1935 ut
2835 1880 3045 1934 illorum
3086 1880 3494 1942 intercessione.

1921 1974 2064 2041 quod
2091 1973 2138 2026 ei
2167 1974 2316 2028 deest
2346 1982 2401 2028 et
2427 1973 2671 2029 defectus
2703 1973 2824 2027 fidei
2867 1974 3166 2042 impleatur.
3193 1972 3342 2039 Quod
3367 1986 3496 2027 vero

1921 2063 2048 2132 justi
2082 2063 2245 2118 cedro
2285 2065 2671 2130 assimilentur,
2718 2065 2794 2119 ait
2825 2062 3101 2133 Scriptura
3131 2081 3144 2118 :
3184 2061 3409 2118 «Justus
3438 2073 3495 2117 ιιι

1923 2160 2097 2228 palma
2153 2159 2401 2224 ﬂorebit;
2457 2161 2597 2214 sicut
2655 2160 2848 2214 cedrus
2892 2175 3007 2228 qua:
3051 2160 3102 2213 in
3151 2159 3355 2213 Libano
3387 2170 3490 2220 est,

1926 2249 2447 2319 multiplicabitur”.
2480 2269 2500 2302 ›
2537 2249 2742 2304 Tabula
2793 2263 2919 2304 vero
2956 2265 3019 2304 ex
3053 2248 3214 2303 cedro
3257 2256 3339 2302 est
3373 2263 3496 2318 pars

1927 2344 2125 2406 totius,
2184 2341 2638 2410 quemadmodum
2693 2341 2962 2411 justorum
3015 2341 3330 2395 intercessio
3374 2355 3496 2409 pars

1923 2444 2004 2488 est
2027 2434 2267 2502 justitize.
2298 2433 2500 2488 Deinde
2532 2434 2645 2502 ipsa
2697 2448 2891 2501 sponsa
2946 2433 3169 2501 pulchra
3217 2440 3271 2487 et
3324 2432 3496 2487 (idolis

1927 2523 2063 2579 hanc
2109 2524 2162 2578 in
2208 2524 2289 2578 his
2338 2525 2501 2580 rebus
2554 2523 2879 2580 calumniam
2940 2523 3165 2578 audiens
3208 2523 3492 2587 exclamat,

1927 2632 2046 2670 cum
2079 2617 2170 2670 tali
2213 2618 2351 2686 apud
2392 2633 2547 2672 suum
2598 2631 2855 2686 sponsum
2893 2617 3270 2672 criminatione
3306 2632 3496 2687 urgea-

1931 2717 2034 2771 tur,
2063 2717 2117 2762 et
2143 2709 2221 2762 ait
2255 2728 2266 2761 :

1995 2799 2192 2854 CCXL.
2232 2800 2380 2855 Vers.
2431 2799 2516 2855 10.
2572 2799 2685 2868 Ego
2725 2815 2938 2865 murus,
2992 2810 3038 2852 σι
3090 2799 3247 2853 ubera
3295 2815 3408 2853 mea
3441 2807 3494 2852 ut

1927 2901 2115 2943 ιιωϊεε.

1997 2982 2129 3050 Ego,
2164 2983 2359 3050 inquit,
2387 2983 2652 3037 stabilitas
2683 2982 2803 3036 [idet
2833 2999 2844 3034 τ
2873 2991 2926 3035 et
2957 2983 3143 3046 ubera,
3179 2991 3353 3038 turres
3389 3002 3401 3038 :
3442 2985 3493 3038 id

1925 3077 2047 3136 est,
2097 3071 2203 3124 duo
2241 3070 2586 3125 Testamenta
2620 3072 2685 3126 ad
2716 3083 2876 3140 opera
2912 3068 3136 3138 iustitiae.
3163 3072 3212 3125 in
3254 3071 3495 3128 altitudi-

1850 3135 1892 3191 C
1928 3135 2047 3215 nem
2076 3161 2336 3215 aedificata
2368 3162 2518 3230 quasi
2558 3173 2754 3218 turres.

1996 3251 2216 3307 CCXLI.
2255 3251 2362 3322 Ego
2405 3270 2546 3307 eram
2579 3256 2630 3308 in
2659 3255 2821 3309 oculis
2860 3253 3005 3322 ejus,
3049 3256 3203 3324 quasi
3239 3256 3499 3310 inveniens

1925 3361 2101 3410 pacem
2113 3387 2124 3399 .

2001 3435 2209 3490 Etenim
2241 3436 2440 3490 invenit
2464 3452 2652 3504 pacem
2675 3478 2688 3500 .
2729 3455 2848 3492 cum
2887 3439 3151 3508 acceperit
3180 3439 3406 3507 gratiam
3432 3438 3500 3492 ab

1926 3538 1992 3578 eo
2012 3525 2102 3594 qui
2129 3525 2260 3581 dixit
2287 3544 2300 3579 :
2337 3545 2352 3579 ι
2386 3525 2579 3580 Pacem
2612 3541 2784 3580 meam
2815 3526 2890 3580 do
2914 3526 3084 3590 vobis,
3115 3540 3300 3594 pacem
3324 3540 3499 3581 meam

1931 3613 2173 3683 relinquo
2211 3615 2359 3668 vobis
2381 3615 2429 3648 "
2459 3633 2472 3668 :
2513 3633 2531 3666 ι
2575 3613 3025 3682 quemadmodum
3062 3613 3336 3682 Sapientia
3370 3612 3500 3667 dicit

1927 3705 1994 3761 de
2021 3705 2222 3776 Spiritu
2256 3725 2268 3760 :
2309 3725 2326 3758 ι
2357 3708 2464 3778 Ego
2491 3709 2631 3762 enim
2665 3721 2811 3761 eram
2857 3708 2940 3761 cui
2977 3705 3338 3775 adgaudebat;
3369 3721 3498 3774 quo-

1932 3795 2059 3849 tidie
2101 3807 2280 3852 autem
2311 3797 2654 3866 jucundabar
2681 3798 2732 3851 iu
2766 3797 2902 3852 faeie
2932 3797 3049 3868 ejus
3091 3797 3142 3850 in
3187 3797 3330 3850 omni
3361 3806 3495 3851 tem-

1930 3899 2091 3953 pore;
2135 3892 2346 3955 quando
2393 3887 2624 3942 faciebat
2671 3888 2961 3953 mundum,
3008 3902 3153 3943 eram
3199 3887 3336 3956 apud
3378 3903 3498 3942 eum

1929 3976 2215 4044 disponens
2243 3977 2309 4028 ⁸⁷.
2345 3996 2362 4028 ι

2000 4066 2242 4124 CCXL".
2277 4067 2429 4123 Vers.
2470 4069 2554 4121 Η.
2609 4067 2773 4124 Vinea
2813 4069 2955 4137 facta
3008 4079 3082 4123 est
3129 4067 3405 4124 Salomoni
3448 4071 3498 4123 in

1934 4157 2245 4212 Beellamon.

2004 4251 2223 4304 Vineam
2257 4252 2452 4306 factam
2485 4267 2605 4306 esse
2638 4254 2715 4307 ait
2754 4252 3048 4307 Ecclesiam
3075 4252 3315 4319 Christo,
3349 4255 3502 4323 spiri-

1934 4338 2056 4391 tuali
2092 4338 2364 4394 Salomoni
2389 4381 2403 4404 ,
2435 4341 2524 4408 qui
2558 4340 2858 4410 paciticavit
2894 4354 3013 4411 quae
3042 4351 3168 4396 sunt
3194 4342 3247 4397 in
3283 4342 3420 4398 coelo
3448 4353 3502 4396 et

1933 4430 1984 4482 in
2017 4438 2155 4482 terra
2185 4430 2249 4483 ”.

1995 4518 2255 4574 CCXLIII.
2295 4520 2446 4574 Dedit
2479 4523 2676 4576 vineam
2700 4539 2852 4578 suam
2887 4525 3320 4579 custodientibus.

1999 4697 2435 4754 Custodientihus
2483 4699 2686 4755 scilicet
2739 4701 2985 4754 mandata
3047 4698 3163 4770 ejus
3219 4699 3393 4765 dicit,
3450 4711 3510 4755 ut

1927 4794 2090 4845 etiam
2132 4792 2182 4844 in
2215 4791 2504 4860 Evangelio
2537 4792 2671 4846 dixit
2718 4790 2958 4847 Juduris:
2990 4809 3009 4843 ι
3037 4790 3325 4847 Auferetur
3347 4807 3377 4846 α
3413 4806 3509 4845 vo-

1927 4884 2008 4937 bis
2028 4897 2269 4952 regnum,
2288 4894 2342 4936 et
2364 4883 2577 4938 dabitur
2597 4884 2741 4954 genti
2759 4881 2990 4938 facienti
3010 4882 3218 4939 fruetus
3239 4885 3354 4953 ejus
3372 4885 3451 4952 υς
3481 4903 3498 4934 ι

1926 4972 1976 5027 id
2028 4982 2142 5039 est,
2175 4975 2384 5029 vineam
2433 4973 2630 5029 locabit
2671 4973 2790 5030 aliis
2870 4974 2934 5030 iis
2985 4974 3232 5030 videlicet
3262 4975 3353 5044 qui
3386 4988 3503 5032 ser-

303 5179 356 5210 "
383 5175 526 5233 Psai.
557 5194 634 5244 xx,
661 5179 713 5233 7.
769 5179 815 5211 "
840 5177 983 5235 Psal.
1023 5194 1107 5237 ιρι
1130 5220 1147 5246 ,
1178 5180 1264 5234 15.
1320 5181 1364 5213 ’⁸
1391 5181 1545 5235 Joan.
1583 5195 1670 5234 τιν
1691 5221 1704 5244 ,
1755 5180 1819 5234 l7

1905 5181 1935 5211 "
1965 5178 2119 5232 Prov.
2147 5190 2257 5239 vni,
2288 5175 2376 5230 30.
2432 5175 2702 5231 "Coloss.
2738 5192 2788 5240 ι,
2815 5175 2906 5230 20.
2957 5176 3001 5208 ”
3028 5176 3218 5232 Matth.
3255 5177 3489 5244 run-£3.

314 5333 430 5464 (£3;
457 5334 602 5403 Lego
625 5335 977 5422 ιρωτισθεῶα.

314 5405 405 5464 (ei
460 5405 604 5464 Lego
642 5408 968 5464 εποικοδομή

460 5405 604 5480 Lego
642 5408 1175 5480 ὲποικοδομήσωμεν.

1926 5341 2146 5462 upilqu
2168 5337 2266 5407 τὴν
2294 5336 2428 5407 ἐμὴν
2460 5337 2649 5408 δίδωμι
2683 5339 2826 5409 ὑμῖν.

1999 5409 2013 5462 ί
2055 5410 2108 5462 9)
2143 5406 2307 5461 Sacer
2333 5417 2508 5462 textus
2560 5409 2721 5461 habet
2771 5427 2783 5461 :

1999 5406 2111 5490 (f9)
2137 5406 2307 5490 ἕπει·
2323 5406 2508 5488 tentus
2560 5406 2730 5490 habet
2771 5427 2783 5461 :
2827 5408 2947 5490 Καὶ.
2968 5409 3042 5490 ὡς
3076 5407 3493 5490 ἰσχρρὰὲποίει,

340 5473 632 5554 45)_Vatie.
669 5478 800 5531 edit.
850 5473 969 5531 κάν
998 5473 1070 5543 εἰ,
1111 5493 1268 5548 quam
1311 5478 1596 5534 lectionem
1630 5480 1818 5534 habuit

340 5559 401 5596 us
427 5553 710 5602 mternres.

1926 5473 2243 5548 τὰθεμέλια
2289 5476 2387 5545 τῆς
2414 5478 2548 5545 γῆς,
2577 5477 2760 5548 Ἤμην
2822 5481 2947 5550 παρ’
2980 5473 3215 5549 αὑτῷά
3237 5477 3492 5548 μόζουσα.

1940 5547 2079 5602 Ἐγὼ
2112 5548 2279 5602 ἥμην.
2307 5541 2340 5602 ἦ
2372 5546 2748 5602 ποοσέγαιοεν.
2776 5549 2910 5602 Καθ’
2939 5547 3150 5602 ἡμέραν
3180 5495 3235 5602 δῖ
3270 5549 3492 5602 cauom-

239 5552 401 5602 vetus
427 5545 710 5612 interpres.

321 5612 428 5687 (ιρι
459 5612 606 5687 Lego
626 5618 720 5687 κειὶ
743 5616 1056 5687 ὑστέρημα.

320 5683 428 5750 (Π)
456 5686 547 5738 Sic
570 5685 695 5739 cod.
724 5683 1165 5742 Alex.'Vaticana
1200 5688 1328 5743 edit.
1355 5687 1553 5741 αὐτῶν.

318 5751 426 5823 (ιε)
468 5753 637 5808 Sacer
675 5765 852 5810 textus
902 5757 1079 5823 habet,
1124 5757 1359 5828 Εἰρήνην
1420 5757 1619 5828 ἀφίημι
1670 5759 1817 5828 ὑμῖν,

1940 5541 2279 5632 ’ξὶγεοήμην,
2307 5541 2748 5632 προσέχαιρεῂ
2776 5541 3150 5632 Καθίιὴμέραν
3180 5541 3248 5602 δὲ’
3270 5541 3496 5618 εὔφραι-

1928 5618 2097 5689 νόμην
2126 5617 2182 5689 ἐν
2213 5617 2486 5689 προσώπῳ
2509 5617 2678 5689 αὑτοῦ
2701 5620 2758 5689 tv
2787 5617 3175 5689 παντικαιρῷ.

2000 5685 2108 5759 (50)
2128 5685 2312 5759 AVatic.
2335 5685 2471 5759 edit.
2508 5687 2811 5759 Βεελαμῴν.

1992 5755 2098 5828 (Si)
2127 5756 2265 5827 Lego
2292 5755 2366 5827 τῷ
2392 5773 2565 5827 πνευμ
2577 5755 2742 5830 σιτικῷ
2769 5757 3043 5828 Σαλομών.
