4208 6312
252 381 346 435 I57
1276 380 1332 436 S.
1376 375 1720 435 ASTERIUS
1749 371 2144 432 AMASENUS.
2182 399 2252 410 —-
2283 366 2577 424 NOTITIA.
3389 359 3489 415 153

243 495 419 558 lingua
453 493 508 546 in
537 493 795 547 Auctariu
845 493 1108 548 Ducmano
1140 492 1308 547 Paris.
1352 490 1505 554 1624,
1532 489 1581 552 i,
1612 498 1738 540 tom.
1764 487 1828 548 ll.
1862 502 1911 554 ρ.
1941 485 2063 544 565,
2098 493 2152 536 et
2178 524 2180 537 .
2209 481 2258 535 in
2289 479 2605 532 Bibliotheca
2639 473 2860 530 Patrum
2906 474 3082 530 Paris.
3110 473 3248 529 16H
3282 472 3488 544 (1654),

255 594 401 637 tomo
435 580 549 636 XIII
579 597 593 646 ;
645 582 738 635 sed
773 596 872 650 ope
912 582 1177 643 codicum,
1210 596 1344 649 quos
1371 597 1398 632 ιι
1426 577 1713 632 Sirmondo
1740 575 1961 629 Ducteus
1990 579 2285 640 acceperat,
2318 569 2620 622 accuratius
2683 566 2982 620 reccnsitas.
3030 563 3166 618 Tum
3207 564 3399 620 Latine
3430 564 3483 619 in

248 674 574 729 Bibliotheca
605 673 828 727 Patrum
858 673 1043 728 Colon.
1079 673 1236 730 1618.
1275 682 1403 725 tom.
1439 669 1526 734 ιν,
1561 667 1786 722 Rubenii
1809 667 2106 720 versionem
2133 663 2484 719 Combelisius
2518 661 2590 713 ita
2619 659 2981 726 interpolavit,
3016 667 3075 712 ut
3100 674 3292 713 novam
3326 659 3487 714 veluti

247 767 618 818 adamaverit.
644 763 849 820 Gallire
878 765 1153 820 transtulit
1205 763 1530 817 Franciscus
1564 759 1834 813 Maucroix
1864 757 1966 827 (a),
2002 755 2154 810 Paris
2191 752 2346 820 1695,
2393 752 2570 816 iit-12,
2610 751 2832 807 consilio
2868 749 3013 804 Pauli
3056 750 3356 813 Pelissonii,
3400 758 3489 820 qui

241 857 382 910 inter
404 857 795 910 disertissimos
820 855 1036 911 Graecos
1066 854 1317 910 Ecclesiae
1347 853 1591 907 doctores
1617 850 1788 903 locum
1834 846 2156 916 singularem
2189 845 2401 900 Asterie
2452 843 2786 898 tribuendum
2839 856 2956 896 esse
3003 857 3105 895 non
3139 842 3421 895 dubitavit.

313 945 366 999 6.
401 947 497 1009 Εἰς
517 947 608 998 τὸν
635 948 922 1018 προφήτην
952 945 1169 1016 Δανιὴλ,
1198 945 1293 997 καὶ
1325 945 1404 1007 εἲς
1439 942 1538 1012 τὴν
1577 939 1884 994 Σωσάνναν.
1937 937 1975 992 Ι;

1827 955 1884 993 ιν.
1937 937 2005 992 In
2027 937 2293 991 Danielem
2322 937 2643 1006 praphetam,
2675 946 2719 987 et
2747 933 3068 988 Susannam.
3101 934 3291 1002 Incipit
3322 953 3335 988 :
3381 933 3489 985 ’Δεὶ

237 1037 333 1088 τοῦ
362 1036 681 1106 ῐῐνεύματος
705 1039 738 1107 ἡ
768 1038 945 1109 χάρις.
983 1038 1058 1090 Ex
1097 1052 1197 1090 ms.
1237 1037 1379 1105 regis
1412 1031 1880 1089 Christianissimi.

1826 1031 1880 1085 ti.
1907 1029 2072 1084 FABB.
2107 1060 2176 1071 υ-
2214 1029 2400 1082 Exstat
2441 1028 2492 1082 in
2548 1027 2676 1082 bibl.
2723 1025 2896 1080 Paris.
2929 1025 3068 1095 publ.
3099 1027 3254 1082 codd.
3291 1039 3488 1079 ucxcu

239 1140 296 1183 et
323 1146 580 1192 uocum,
619 1150 671 1182 n.
701 1131 789 1186 29.
821 1161 888 1171 —
911 1130 1083 1186 Oxon.
1113 1132 1165 1184 in
1196 1133 1316 1185 cod.
1347 1130 1569 1182 Barocc.
1603 1142 1765 1182 cxcn.
1800 1126 1970 1181 Hann.
3466 1202 3467 1205 η

315 1222 366 1273 7.
401 1223 494 1285 Εἰς
524 1223 617 1274 τὸν
647 1224 710 1275 ὲκ
739 1223 948 1287 κοιλίας
976 1223 1196 1292 τυφλόν.
1235 1221 1300 1276 In
1336 1237 1530 1275 (tecum
1579 1233 1609 1272 α
1640 1220 1931 1281 nativitate,
1974 1255 1977 1268 .

1829 1227 1931 1281 ate,
1974 1216 2128 1272 Joan.
2153 1233 2226 1270 ix.
2267 1215 2453 1284 Incipit
2487 1232 2499 1267 :
2543 1212 2881 1284 Ἦκούσαμεν
2910 1212 3112 1284 ἀρτίως
3143 1211 3234 1265 τοῦ
3257 1212 3373 1266 υίοῦ
3391 1212 3491 1285 τῆς

242 1309 493 1379 βροντῆς.
533 1310 609 1364 Ex
652 1312 833 1365 codice
861 1309 1127 1365 Sirmondi
1159 1319 1212 1365 et
1267 1309 1635 1380 Seguieriano.
1663 1306 1816 1378 Legit
1843 1307 2064 1360 Pbotius
2086 1315 2151 1365 eL
2188 1306 2302 1359 loca
2330 1320 2394 1359 ex
2435 1304 2536 1359 hoc
2563 1318 2810 1358 sermone
2834 1303 3036 1372 profert
3080 1305 3132 1358 in
3162 1302 3493 1359 Bibliotheca

240 1402 362 1455 cod.
391 1415 604 1463 ccuxl,
642 1417 694 1470 p.
733 1402 838 1455 89.0
867 1405 995 1456 edit.
1025 1404 1228 1470 prima.

318 1490 369 1543 8.
402 1493 492 1554 Είς
518 1494 643 1556 τοὺς
674 1493 862 1561 ἁγίους
890 1493 1225 1564 κορυφαίους
1255 1491 1608 1557 ἀποστόλους,
1636 1490 1842 1562 Πέτρον
1868 1489 1962 1542 καὶ

1829 1505 1842 1542 ν
1868 1489 1962 1542 καὶ
1990 1490 2221 1544 Παῦλον.
2253 1488 2317 1544 In
2355 1498 2563 1543 sanctos
2586 1489 2848 1557 principes
2878 1491 3162 1557 apostolos,
3199 1491 3411 1545 Petrum
3441 1499 3491 1544 et

245 1583 496 1640 Paulum.
528 1589 718 1658 Incipit
753 1608 766 1644 :
799 1592 975 1645 Πᾶσαι
1003 1593 1101 1663 μὲν
1124 1593 1178 1645 αἱ
1205 1592 1455 1662 συνήθεις
1493 1583 1674 1646 αὗται.
1705 1591 1782 1643 Ex
1811 1604 1907 1644 ven

1831 1592 2128 1644 reneranda'
2159 1589 2497 1660 antiquitatis
2527 1588 2712 1642 codice
2737 1585 3087 1656 Seguieriano
3117 1599 3306 1638 recens
3335 1581 3493 1636 allato

239 1692 309 1731 ex
345 1677 543 1732 celebri
580 1683 908 1737 monasterio
938 1682 1038 1751 τῆς
1063 1682 1437 1754 ὲγκλείστρας,
1469 1681 1708 1737 Graeciae.

318 1769 368 1823 9.
414 1769 720 1841 Ἐγκώμιον
759 1775 838 1836 είς
864 1773 954 1826 τὸν
987 1774 1136 1839 ἅγιον
1165 1775 1535 1845 ἱερομάρτυρα
1568 1776 1781 1827 Φωκᾶν.
1811 1773 1876 1827 In
1896 1773 1955 1829 S.

1832 1775 1876 1827 ἠ
1896 1773 1955 1829 S.
1980 1784 2258 1843 martyrem
2281 1783 2531 1838 Phocum,
2551 1769 2922 1839 Sinopensem,
2947 1782 3158 1836 passum
3189 1765 3370 1819 Roma:
3396 1765 3494 1818 sub

241 1860 500 1933 Trajano.
542 1865 734 1935 Incipit
775 1867 971 1939 εΚαλὴ
1004 1868 1100 1922 καὶ
1134 1870 1503 1940 συμφέρουσα.
1561 1869 1640 1924 Ex
1690 1869 1874 1923 codice

1830 1885 1874 1922 :e
1923 1870 2062 1939 regis
2096 1868 2280 1923 Galliae
2306 1877 2360 1922 et
2395 1869 2728 1938 autographa
2770 1866 3059 1920 Sirmondi.
3095 1865 3149 1918 In
3173 1861 3492 1933 quibusdam

240 1957 522 2011 codicibus
555 1959 636 2028 (ut
665 1959 912 2014 Caesareo
931 1964 1066 2028 apud
1095 1962 1434 2017 Lambecium
1459 1978 1577 2025 vm,
1603 1977 1656 2031 p.
1705 1963 1833 2031 245)
1865 1963 1938 2033 (b)
1966 1964 2150 2030 incipit
2178 1978 2207 2015 a
2240 1961 2437 2026 verbis,
2469 1976 2520 2028 p.
2546 1959 2667 2025 171,
2697 1961 2825 2014 edit.
2856 1955 3260 2013 Combeﬁsiaute
3286 1970 3299 2007 :
3332 1950 3498 2021 Ἱερὺς

242 2047 345 2117 μὲν
370 2047 464 2100 καὶ
495 2047 780 2115 θεσπέσιος
810 2053 952 2116 ἅπας
975 2055 1004 2106 ὁ
1027 2052 1135 2105 τῶν
1164 2053 1424 2122 γενναίων
1480 2055 1770 2125 μαρτύρων
1804 2072 1902 2108 κατ

1832 2055 2119 2121 εατάλογος.
2155 2055 2330 2121 Atque
2384 2051 2455 2104 ita
2505 2051 2716 2115 Latine,
2751 2059 3001 2117 tanquam
3037 2044 3290 2099 Simeone
3327 2039 3494 2093 Meta-

240 2143 466 2209 phraste
501 2158 745 2210 auctore,
777 2149 973 2218 legitur
1016 2152 1155 2219 apud
1206 2150 1618 2220 Lipomannnm,
1651 2159 1779 2205 tom.
1823 2151 1907 2213 γι,
1938 2168 1990 2218 p.
2019 2150 2148 2214 274,
2177 2162 2229 2202 et
2254 2148 2478 2201 Snrium'
2501 2148 2566 2201 ad
2594 2147 2665 2198 22
2695 2143 2845 2212 Sept.
2888 2145 3028 2198 Duos
3057 2140 3264 2194 Phocas
3294 2143 3497 2205 marty-

240 2244 332 2290 res
368 2240 420 2291 in
452 2238 554 2294 hoc
580 2257 832 2297 sermone
859 2246 925 2298 ab
975 2244 1190 2299 Asterie
1220 2244 1497 2307 confundi,
1525 2254 1676 2298 notat
1720 2245 1984 2299 Baronins
2035 2245 2098 2297 ad
2127 2241 2470 2312 Martyrolog.
2504 2239 2652 2295 Rom.
2688 2240 2754 2293 14
2783 2237 2911 2302 Jul.,
2960 2251 3120 2304 quem
3170 2232 3290 2287 vide
3335 2232 3495 2284 etiam

239 2327 310 2382 ad
337 2331 370 2385 5
399 2332 597 2398 Martii,
636 2336 726 2389 ubi
766 2347 911 2390 notat
952 2339 1110 2392 verba
1144 2341 1381 2407 quaedam
1413 2338 1552 2409 (qua:
1590 2355 1708 2409 pag.
1743 2340 1840 2393 178
1868 2341 1996 2393 edit.
2019 2337 2329 2393 Cotnbellsii
2360 2334 2651 2405 leguntur),
2686 2334 2888 2388 laudari
2916 2335 2966 2386 in
2998 2331 3221 2396 septima
3266 2326 3494 2398 synodo.

319 2426 383 2479 10
438 2427 532 2490 Εἰς
567 2430 693 2493 τοὺς
727 2431 918 2498 ἁγίους
969 2431 1275 2502 μάρτυρας.
1330 2431 1640 2485 Encomium
1690 2433 1743 2484 in
1794 2442 1981 2484 sancto.

1836 2442 2000 2484 motos
2044 2439 2318 2498 martyres.
2379 2427 2610 2496 Incipit:
2646 2427 2834 2479 Ἔστιν
2891 2423 2965 2486 ὡς
3011 2424 3185 2476 ἔοικεν
3228 2419 3322 2474 καὶ
3349 2414 3498 2489 παρὰ

239 2520 370 2573 τῶν.
401 2520 476 2576 Ex
517 2523 704 2579 codice
733 2527 878 2579 card.
911 2526 1204 2590 Columnae,
1232 2528 1565 2581 describente
1588 2524 1699 2580 lac.
1730 2525 2020 2578 Sirmondo
2048 2522 2250 2594 [exstat
2275 2525 2327 2577 in
2360 2523 2478 2578 cod.
2513 2521 2683 2575 Paris.
2723 2520 2850 2574 bibl.
2878 2519 3023 2588 publ.
3055 2515 3324 2588 σκαιῇ.
3358 2515 3498 2569 Loca

240 2617 349 2669 duo
381 2631 411 2669 e
442 2634 541 2672 ms.
579 2618 826 2674 Cursareo
853 2624 1097 2676 emendat
1125 2621 1442 2677 Lambecius
1467 2636 1585 2684 vm,
1624 2636 1675 2689 ι).
1708 2621 1811 2674 575
1843 2618 1912 2690 [s.
1938 2636 1991 2687 p.
2027 2619 2120 2672 791
2161 2635 2282 2688 sqq.
2309 2619 2395 2674 ed.
2421 2616 2624 2672 Kollar.
2659 2617 2779 2671 cod.
2819 2631 2984 2679 xxxv,
3012 2631 3065 2669 n.
3103 2611 3181 2684 b].

317 2710 402 2762 11.
441 2711 532 2774 είς
567 2713 861 2785 μαρτύριον
889 2713 987 2783 τῆς
1013 2717 1366 2786 πανευφὴμου
1402 2716 1676 2787 μάρτυρος
1704 2714 1979 2784 Εὐφημίας

1838 2714 2012 2784 γμίας,
2045 2713 2328 2785 ἐκφρασις.
2388 2692 2675 2767 Ειιιίτηιιίο
2721 2713 2989 2781 imaginis,
3040 2727 3143 2779 qua
3189 2708 3500 2776 exprimitur

242 2801 560 2868 martyrium
585 2803 894 2856 clarissima:
920 2806 1169 2874 martyris
1222 2805 1550 2874 Euphemia',
1583 2806 1682 2860 sub
1730 2805 1904 2859 Diocle

1838 2805 2065 2858 cletiano
2095 2820 2284 2875 passm.
2334 2805 2528 2872 Incipit
2558 2823 2572 2859 :
2608 2803 2806 2875 Πρώην
2838 2802 2956 2873 μὲν,
3003 2794 3048 2854 ὦ
3076 2801 3283 2872 ἄνδρες,
3324 2800 3500 2867 Δημο-

243 2893 441 2964 σθένην
477 2895 637 2965 ἔσχον
659 2899 717 2950 ὲν
751 2899 906 2969 χερσὶ
934 2900 1024 2952 τὸν
1049 2900 1240 2953 δεινόν.
1271 2899 1422 2954 Hanc
1454 2900 1719 2971 ἐκφρασιν
1743 2901 1902 2954 Aster

1837 2899 1939 2952 verii
1974 2900 2446 2955 landant‘PhOIius
2474 2902 2524 2954 in
2549 2901 2867 2954 Bibliotheca
2898 2898 3018 2953 cod.
3049 2912 3264 2957 ccuxr.
3297 2911 3349 2964 p.
3376 2891 3499 2972 820,

243 2984 373 3038 etin
400 2986 778 3053 Amphilochiis
817 2999 1004 3057 qum-st.
1042 2991 1164 3055 125,
1195 2991 1542 3045 etAdrianus
1567 2991 1630 3058 II,
1671 3005 1832 3057 papa,
1868 2989 1961 3044 lib.
2006 2989 2080 3043 De
2104 2991 2443 3059 imaginibus,
2474 2990 2786 3060 prolemque
2815 2991 3074 3057 integram
3110 2988 3334 3055 septima
3369 2999 3504 3055 syn-

244 3078 383 3133 odus
413 3081 627 3135 actione
658 3083 710 3144 Δ,
744 3092 870 3134 ιοιη.
899 3081 968 3135 lll
1001 3082 1164 3145 Binii,
1203 3098 1323 3155 pag.
1362 3083 1467 3138 5M
1493 3099 1606 3154 seq.
1640 3083 1845 3138 Laudat
1875 3082 2068 3136 iterum
2103 3096 2154 3152 p.
2189 3082 2311 3150 659,
2345 3085 2557 3139 actione
2593 3083 2648 3148 6,
2683 3091 2738 3138 et
2770 3098 2821 3150 p.
2849 3081 2973 3148 700,
3015 3081 3226 3134 actione
3260 3079 3312 3133 8.
3345 3077 3505 3133 Com-

246 3171 473 3228 bellsius
504 3189 636 3230 vero
672 3191 738 3231 ex
769 3177 1045 3232 codicibus
1073 3180 1283 3232 duobus
1309 3181 1471 3249 regiis
1498 3179 1570 3251 (ο)
1596 3179 1900 3249 castigavit,
1938 3186 1991 3232 et
2037 3194 2174 3234 nova
2206 3181 2454 3236 versione
2484 3181 2719 3235 donavit.
2753 3179 2956 3236 Gallice
2986 3196 3107 3235 cum
3135 3178 3322 3246 primis
3344 3176 3500 3246 quin—

248 3280 355 3334 que
383 3268 618 3324 homiliis
649 3271 808 3325 vertit
837 3269 1162 3327 Franciscus
1187 3271 1486 3337 Maucroix,
1522 3273 1693 3330 Paris.
1731 3277 1870 3332 1695
1904 3279 2082 3333 in-12.

325 3358 450 3413 Sex.
490 3375 629 3429 quas
664 3362 904 3429 proxime
961 3363 1221 3419 hactenus
1275 3365 1455 3429 retuli,
1495 3366 1702 3435 primus
1749 3365 1935 3423 Graece
1961 3380 2014 3424 et
2043 3370 2232 3424 Latine
2261 3363 2447 3436 edidit,
2476 3368 2918 3438 Rubenianisque
2947 3366 3243 3436 subiunxit,
3286 3375 3341 3420 et
3368 3352 3503 3421 iuni-

249 3468 438 3508 versas
484 3457 626 3510 notis
678 3456 963 3510 illustravit
1017 3456 1342 3514 Franciscus
1378 3457 1756 3523 Combelisius,
1786 3471 1913 3514 tom.
1950 3462 2230 3516 lAuctarii
2258 3461 2737 3516 nouiBibliolhecw
2768 3459 3007 3525 Patrum,
3031 3459 3201 3514 Paris.
3230 3459 3364 3515 1648
3409 3459 3501 3514 fol-

249 3545 447 3600 Latine
482 3547 675 3602 deinde
703 3563 768 3603 ex
810 3549 1118 3605 Combelisii
1147 3553 1397 3606 versione
1449 3553 1729 3622 subjunxit
1790 3554 2118 3624 Theophilus
2159 3556 2509 3626 Raynandus,
2561 3557 2813 3624 operibus
2838 3555 3158 3611 Latinorum
3183 3557 3505 3624 scriptorum

249 3635 455 3691 Leonis
497 3636 697 3709 Magni,
727 3639 940 3696 Maximi
978 3641 1351 3708 Tanrinensis,
1375 3644 1520 3698 Petri
1545 3644 1881 3717 Chrysologi,
1929 3647 2215 3717 Fulgentii,
2248 3648 2518 3704 Valeriani
2549 3649 2916 3713 Centeliensis,
2945 3657 2999 3703 et
3021 3649 3263 3713 Amedei,
3297 3647 3505 3702 Lausa-

252 3727 438 3779 nensis
466 3727 727 3798 episcopi,
765 3745 882 3799 qtae
915 3733 1014 3786 sub
1049 3733 1202 3788 titulo
1251 3733 1507 3802 Heptadis
1547 3738 1852 3804 primulum,
1882 3737 2188 3794 Christiana
2225 3741 2480 3808 sapientia
2508 3751 2554 3794 et
2580 3739 2833 3808 facundia
2863 3739 3298 3800 clarissimorum,
3333 3737 3504 3807 Lugd.

251 3816 397 3872 1652
422 3831 475 3872 et
497 3820 667 3875 Paris.
721 3823 873 3888 1661,
933 3824 1025 3893 fol,
1054 3842 1159 3880 una
1190 3827 1308 3892 hac,
1352 3841 1410 3882 ut
1443 3829 1686 3896 queritur
1720 3831 1770 3884 in
1817 3832 1956 3887 Bibl.
1987 3836 2375 3888 concionatoria
2405 3833 2780 3896 Combelisius,
2829 3834 2978 3904 oﬁcii
3017 3833 3208 3902 gratia,
3249 3833 3386 3902 quod
3417 3846 3508 3886 er

252 3921 505 3979 punctum
537 3929 705 3968 meum
739 3917 1073 3983 producentis
1107 3934 1293 3972 nomen
1345 3931 1440 3973 est.
1473 3919 1736 3975 Nimirum
1782 3922 2116 3978 Dominicani
2172 3925 2477 3980 Combelisii
2551 3941 2746 3980 nomen
2802 3926 3031 3979 libenter
3069 3923 3507 3993 supprimendum

256 4015 410 4060 ratus
434 4016 514 4060 est
543 4007 749 4062 Jesuita
777 4009 1123 4080 Haynaudus,
1160 4012 1440 4082 professus
1473 4016 1633 4069 etiam
1665 4014 2014 4086 Cyriacorum
2050 4019 2411 4073 adversarius.
2453 4017 2511 4073 In
2555 4019 2640 4073 illa
2671 4018 2978 4074 Combel‘tsii
3027 4017 3354 4072 Bibliotheca
3381 4033 3508 4070 con-

256 4096 564 4151 cionatoria
590 4100 855 4170 pleraeque
880 4103 1042 4156 etiam
1068 4106 1267 4159 Asterii
1302 4105 1536 4160 homiliae
1563 4122 1626 4161 ex
1656 4107 1960 4162 Combelisii
2002 4111 2249 4164 versione
2290 4110 2479 4165 Latine
2502 4112 2840 4166 exhibentur.

331 4191 419 4244 12.
471 4193 770 4264 Ἐγκὼμιον
804 4198 884 4261 είς
919 4198 1012 4251 τὸν
1042 4198 1195 4266 ἅγιον
1249 4201 1690 4274 πρωτομάρτυρα
1736 4203 1993 4271 Στέφανοι

1843 4221 2026 4271 φανον.
2081 4203 2343 4259 Laudatio
2389 4204 2448 4260 S.
2476 4207 2876 4276 protomartyris
2934 4205 3206 4273 Stephani.
3265 4203 3505 4273 Incipit:

264 4280 361 4344 Ὠς
390 4283 534 4355 ἱερὸς
589 4285 804 4357 ἀληθῶς
837 4288 928 4341 καὶ
967 4289 1168 4352 καλῶς.
1204 4289 1277 4344 Ex
1315 4290 1490 4346 Pltotii
1540 4293 1865 4356 testimonio,
1925 4324 1926 4331 ι

1853 4335 1865 4356 ,
1925 4294 2045 4347 cod.
2077 4310 2290 4360 ccuxt,
2323 4296 2534 4350 Asterio
2561 4299 2825 4349 Amaseno
2848 4297 3166 4362 vindicatur,
3193 4305 3247 4349 et
3274 4297 3372 4350 sub
3395 4297 3509 4366 ejus

257 4375 483 4430 nomine
513 4391 541 4430 a
574 4377 896 4434 Contbelisio
921 4380 1206 4437 exhibetur
1248 4383 1436 4439 Graece
1465 4394 1520 4439 et
1538 4383 1750 4448 Latine.
1781 4394 1909 4438 tom.
1943 4386 1959 4438 l
2003 4385 2241 4440 Auctarii
2267 4390 2404 4453 noui,
2438 4404 2556 4458 pag.
2583 4387 2705 4450 285,
2739 4387 2859 4442 licet
2885 4388 3094 4441 codices
3123 4388 3337 4455 quidam
3373 4388 3511 4442 rele-

258 4477 385 4523 rant
438 4471 502 4525 ad
572 4471 818 4527 Proclutn
873 4475 1546 4546 Constantinopolitanum,
1597 4479 1738 4532 inter
1787 4480 1940 4546 cujus
1997 4480 2247 4536 bomilias
2286 4479 2617 4534 aVincentio
2673 4481 2933 4536 Riccardo
2986 4482 3127 4534 edita
3181 4490 3286 4544 cst,
3341 4491 3396 4534 ut
3456 4483 3506 4535 in

254 4561 454 4618 Proclo
491 4580 544 4620 ιι.
577 4566 779 4632 17,18,
815 4571 946 4622 dixi.
987 4572 1054 4624 At
1079 4569 1281 4625 fallitur
1300 4571 1567 4635 Oudinus,
1597 4573 1685 4641 qui
1717 4572 1994 4627 homiliam
2022 4578 2077 4627 in
2123 4585 2554 4643 protomartyrem
2594 4576 2938 4643 Stephanum,
2974 4577 3255 4642 quaeinter
3284 4573 3509 4644 Nysseni

255 4670 424 4722 opera
471 4666 601 4711 tom.
625 4657 712 4723 lll,
745 4675 866 4731 pag.
889 4661 1016 4726 554,
1075 4661 1289 4731 legitur,
1323 4662 1517 4717 Asterii
1557 4677 1680 4716 esse
1708 4664 1922 4728 scribit,
1960 4680 2016 4733 p.
2051 4665 2116 4720 59
2151 4664 2504 4733 Supplementi
2541 4666 2604 4719 de
2632 4667 2970 4733 scriptoribus
3011 4666 3191 4720 eccles.
3224 4665 3314 4720 llla
3343 4668 3510 4731 enim,

257 4746 602 4802 licetsitnilia
627 4752 868 4817 quaedam
903 4754 1116 4818 habeat,
1141 4754 1366 4816 aliaest,
1408 4764 1567 4822 atque
1600 4755 1786 4823 incipit
1821 4773 1834 4808 :
1892 4756 1919 4806 't

1892 4756 1978 4818 Ὠς
2021 4755 2162 4826 καλὴ
2199 4756 2305 4808 τῶν
2333 4755 2550 4824 ἀγαθῶν
2594 4759 2628 4827 ἡ
2664 4757 2970 4811 ἀκολουθία.
2998 4755 3131 4811 Vide
3162 4761 3212 4810 in
3247 4755 3509 4827 Nysseno.

337 4834 425 4889 13.
456 4834 523 4888 In
548 4835 817 4892 Psalmunt
850 4841 953 4895 ιγ.
987 4843 1176 4913 incipit
1212 4860 1226 4897 :
1265 4843 1478 4913 Ὥσπερ
1504 4845 1532 4897 ὁ
1573 4846 1637 4916 τῇ
1673 4845 1938 4917 ποικιλίᾳ.
1970 4846 1999 4899 Ῑῖ

1852 4847 1938 4917 .lqt.
1970 4846 2183 4900 Prodiit
2212 4863 2242 4900 e
2277 4863 2377 4900 ms.
2406 4836 2652 4900 Graeareo
2677 4848 2862 4902 Graece
2894 4850 3033 4902 inter
3061 4849 3308 4904 homilias
3341 4848 3514 4918 Chry.

258 4930 510 4991 snstomi,
545 4940 673 4984 tom.
709 4932 798 4987 VII
830 4935 961 4988 edit.
992 4934 1297 4997 Saviliantc,
1338 4952 1392 5005 p.
1424 4935 1550 4998 451,
1599 4936 1692 4990 sed
1731 4939 2049 4992 auctoritate
2079 4939 2296 4992 (ὶιιιθιιιθ
2344 4939 2394 4990 in
2436 4937 2677 4992 Psalmos
2703 4954 2735 4994 ι.
2765 4956 2790 4992 a
2820 4941 3036 4994 [)aniele
3059 4939 3295 4994 Barbare
3326 4941 3516 4996 Latine

257 5022 439 5087 editm,
470 5023 680 5080 Asterio
705 5028 1008 5081 vindicatur
1034 5040 1060 5078 a
1087 5025 1370 5091 Cotclerio,
1392 5028 1481 5096 qui
1516 5028 1693 5081 varias
1732 5027 1988 5084 lectiones
2027 5029 2227 5084 codicis
2254 5028 2428 5097 Regii,
2462 5041 2590 5083 tom.
2622 5030 2662 5083 ll
2722 5029 3069 5095 Monnment.,
3100 5047 3218 5101 pag.
3248 5031 3350 5089 516
3374 5049 3515 5104 seq.,

260 5118 576 5189 publicavit.

337 5236 414 5304 (a)
450 5236 674 5288 Journal
691 5237 781 5288 des
815 5233 1060 5304 Sanguis,
1095 5233 1248 5298 1695,
1283 5251 1335 5302 p.
1369 5235 1472 5290 6‘29
1503 5235 1630 5286 edit.
1665 5233 1840 5288 Amst.

344 5240 391 5304 [α
450 5236 674 5288 Journal
691 5237 781 5288 des
815 5236 1060 5296 Savants,
1095 5236 1248 5298 1695,
1283 5251 1335 5302 p.
1369 5236 1472 5290 6‘29
1503 5236 1630 5286 edit.
1665 5236 1840 5288 Amst.

344 5236 414 5376 ibi
453 5305 523 5376 Ρ.
546 5305 648 5359 517
679 5320 762 5376 sq.
800 5306 884 5358 ed.
923 5302 1120 5376 Kollar.
1178 5305 1289 5376 qui,
1334 5316 1389 5357 ut
1424 5316 1477 5358 et
1510 5305 1758 5376 Lambec.
1800 5305 1864 5357 de
1917 5303 2124 5358 duobus
2158 5306 2348 5360 Phocis
2387 5312 2629 5376 quadam
2687 5307 3142 5364 animadvertunt.
3183 5307 3306 5364 Haec
3337 5318 3515 5362 autem

262 5369 466 5448 Asis-ri}
513 5369 751 5448 laudatio
797 5381 944 5442 grata
1003 5374 1169 5427 luisse
1197 5369 1412 5427 'videtur
1441 5375 1874 5441 antiquioribus;
1901 5385 2097 5448 utpote
2152 5393 2272 5448 cum
2305 5369 2472 5430 illa-in
2504 5379 2745 5448 pluribus
2775 5386 3026 5432 occurrat
3074 5379 3254 5448 codd,
3285 5393 3338 5432 ο.
3371 5394 3422 5446 g.
3443 5379 3512 5448 in

265 5441 1147 5514 hibl.Bodlei,fuemunt“et
1202 5458 1444 5497 chxxxv
1509 5453 1759 5514 sedeat.
1793 5441 1972 5514 codd.
2029 5446 2253 5514 Angliae,
2286 5460 2417 5510 etc.,
2473 5441 2600 5504 tom.
2632 5447 2672 5511 I,
2729 5456 2782 5501 et
2812 5449 2863 5500 in
2910 5459 3034 5501 tom.
3075 5447 3134 5511 ll,
3168 5441 3309 5511 inter
3358 5441 3512 5500 codd.

263 5514 372 5588 Th.
399 5513 550 5580 Gate,
579 5530 633 5566 n.
661 5512 896 5576 5878;—-
924 5513 975 5565 in
1003 5511 1132 5588 bibl.
1161 5514 1427 5588 quondam
1452 5513 1611 5588 _regia
1643 5512 1862 5588 Thurin.
1914 5511 2139 5588 ιεξκξνιξ
2171 5517 2259 5588 τοι.
2315 5516 2402 5588 99,
2456 5519 2542 5571 ubi
2584 5519 2744 5588 etiam
2800 5517 2986 5585 incipit
3022 5537 3035 5571 :
3080 5516 3242 5588 Ἰίερὸς
3290 5517 3397 5588 μὲν
3417 5517 3516 5588 καὶ

265 5579 578 5647 θεσπέσιος,
617 5592 750 5644 etc.,
775 5596 825 5651 vi.
857 5591 964 5634 cat.
997 5583 1154 5651 codd.
1176 5580 1270 5636 Gr.
1302 5579 1550 5641 Taurin.,
1583 5597 1635 5649 p.
1668 5580 1790 5643 181;
1818 5612 1888 5621 —-
1921 5579 2208 5651 Mediolani
2235 5587 2285 5640 in
2318 5586 2445 5642 bibl.
2488 5586 2878 5651 Ambrosiana;
2911 5579 2983 5627 1——
3010 5596 3064 5642 et
3114 5579 3166 5642 iii
3207 5579 3325 5640 eos.
3366 5584 3516 5639 Slor-

269 5656 440 5727 tiano,
473 5650 1082 5727 teste_Montla_ttc._bibl.
1117 5665 1228 5705 mss
1301 5652 1334 5703 l.
1364 5667 1412 5717 p.
1445 5651 1548 5705 495
1578 5661 1631 5703 et
1684 5651 1805 5708 700:
1838 5680 1895 5689 --
1938 5649 2109 5708 Paris.
2145 5657 2194 5708 in
2232 5666 2353 5711 octo
2405 5657 2556 5710 codd.
2592 5656 2721 5710 bibl.
2776 5649 2918 5727 publ.
2961 5656 3084 5711 add.
3119 5655 3278 5725 paulo
3303 5664 3427 5709 ante
3455 5653 3511 5710 in

268 5705 458 5778 notitia
492 5705 650 5776 codd.
680 5731 735 5775 et
767 5719 902 5774 infra
936 5705 1104 5771 lima.

343 5793 410 5852 lc)
442 5791 634 5848 Exstat
671 5791 722 5845 in
755 5788 923 5844 tribus
950 5789 1106 5842 codd.
1145 5788 1312 5843 Paris.
1350 5788 1479 5843 bibl.
1513 5788 1662 5857 publ.
1694 5787 1767 5843 In.
