4208 6312
208 370 301 427 'lGl
1380 384 1490 439 Fll.
1528 381 1917 442 COMBEFISH
1958 387 2349 443 PBASFATIO.
3378 398 3483 453 ib").

214 511 405 565 Asterii
433 524 817 585 suppeterent,
857 531 1035 573 rerum
1069 518 1234 573 etiam
1266 533 1469 582 vetera.
1514 539 1577 578 ac
1603 524 1714 594 jam
1753 525 1893 578 edita
1924 526 1976 578 in
2005 541 2169 579 unum
2211 527 2431 581 collecta
2462 542 2654 598 corpus
2686 545 2749 587 ac
2776 534 3073 605 recognita,
3101 535 3242 603 juris
3277 538 3477 609 publici

216 602 445 660 iacerem
484 620 651 678 atque
694 610 1005 679 vulgarem:
1037 625 1143 680 quo
1179 611 1281 665 sibi
1322 614 1573 683 deinceps
1611 625 1793 671 tantus
1835 626 2108 672 constaret
2147 616 2329 683 Pater,
2364 634 2468 673 non
2524 622 2699 699 qualis
2738 624 2852 694 ipse
2888 602 3013 680 olim
3057 602 3259 684 relictis
3277 602 3476 685 inonu-

212 695 412 752 mentis
439 696 750 763 habuisset,
781 702 875 755 sed
908 700 1081 770 qualis
1110 700 1226 756 fere
1256 712 1377 772 post
1418 712 1496 757 tot
1536 704 1755 773 saecula,
1792 720 1896 760 non
1933 706 2115 775 paucis
2151 705 2347 775 injuria
2383 695 2682 777 temporum
2713 714 2926 770 amissis
2968 731 3182 773 suarum
3222 719 3480 774 lucubra-

216 790 444 857 tionum,
484 800 579 846 aut
616 794 776 863 plane
804 794 1069 861 obscuris,
1113 795 1267 850 nobis
1308 795 1487 849 habet.
1537 795 1670 862 Quis
1711 798 1854 851 enim
1894 796 2164 861 Photium,
2198 812 2477 854 sermones
2520 801 2717 855 Asterii
2755 804 3080 873 relegentem
3114 825 3176 863 ac
3206 809 3478 866 deﬂet-au-

217 891 342 945 tem,
381 882 597 952 legens;
637 886 965 957 nostrisque,
1000 902 1106 956 qua
1146 888 1318 953 novis,
1369 904 1470 957 qua
1511 898 1666 943 antea
1701 888 1881 953 editis,
1923 890 1970 941 ei
2013 888 2147 944 lecta
2189 906 2534 961 componens,
2573 894 2623 946 in
2663 896 2857 964 quibus
2904 898 2990 953 vix
3034 917 3137 955 una
3177 914 3268 957 aut
3306 905 3480 960 altera

218 972 462 1040 bomilia,
491 976 724 1030 decades
762 978 931 1031 amba:
957 977 1312 1042 conveniant,
1360 994 1463 1033 non
1503 979 1653 1049 plura
1696 979 1880 1049 ejusmt

1823 980 1965 1034 modi
2015 983 2181 1050 ipsius
2220 984 2332 1038 sive
2374 984 2700 1054 ἑορταστικά
2735 989 2847 1044 sive
2883 990 3185 1064 ἐξηγητικά
3212 1000 3483 1054 exeidibso

217 1066 543 1132 pervident?
584 1067 805 1126 Lubens
838 1087 987 1142 ergo,
1028 1085 1137 1140 quo
1176 1081 1230 1126 et
1272 1072 1503 1128 residuis
1541 1073 1661 1128 istis
1694 1073 1748 1126 in
1785 1081 2059 1141 posterum
2093 1084 2309 1129 cautum
2352 1077 2441 1141 sit,
2483 1076 2799 1151 fruaturque
2837 1082 3147 1142 Christiana
3180 1092 3482 1160 respublica

210 1157 297 1214 vel
326 1158 573 1228 tantillis,
601 1164 781 1231 magni
802 1164 933 1220 adeo
958 1179 1020 1220 ac
1047 1163 1342 1221 Christiani
1376 1166 1612 1221 rhetoris
1643 1164 2002 1235 theologique,
2037 1167 2268 1231 exuviis,
2296 1169 2437 1224 votis
2462 1171 2760 1228 amicorum
2794 1177 2955 1245 cessi,
2985 1194 3047 1234 ac
3082 1157 3295 1237 manum
3327 1188 3478 1255 Operi

210 1253 462 1321 admovi;
502 1257 849 1328 primumque
880 1258 1016 1328 ejus,
1055 1260 1105 1313 in
1140 1275 1260 1315 meo
1298 1260 1401 1315 hoc
1440 1273 1751 1314 sermonum
1801 1257 2065 1328 ejusmodi
2100 1275 2163 1315 ac
2201 1262 2543 1318 homiliarum
2584 1267 2909 1324 selectarum
2949 1273 3226 1343 faseiculo,
3256 1253 3376 1346 quo
3394 1282 3481 1336 vix

209 1347 349 1402 alius
391 1350 673 1419 antiquior
708 1364 1042 1416 occurreret,
1092 1353 1267 1408 locum
1313 1352 1480 1408 volui.
1531 1353 1765 1424 Philippi
1813 1354 2043 1409 Rubenii
2081 1355 2346 1410 editarum
2396 1358 2635 1432 quinque
2664 1361 2973 1417 orationum
3024 1370 3220 1433 versio,
3269 1375 3481 1426 tametsi

208 1439 432 1505 elegans
464 1455 530 1496 ac
561 1442 797 1507 erudita,
840 1443 1111 1497 nonnullis
1140 1452 1321 1497 tamen
1364 1441 1474 1497 visa
1502 1451 1587 1497 est
1617 1442 1794 1497 minus
1824 1457 2081 1513 expressa
2110 1460 2123 1497 :
2154 1445 2504 1513 quamobrem
2552 1447 2747 1503 indulsi
2780 1450 2930 1516 mihi,
2963 1463 3019 1508 ut
3055 1455 3142 1509 illo
3177 1457 3288 1528 ejus
3328 1470 3485 1514 utens

204 1532 417 1597 labore,
452 1548 519 1588 ac
550 1549 617 1591 eo
646 1549 731 1589 me
757 1535 938 1591 multis
976 1536 1219 1604 adiutum
1249 1549 1586 1606 agnoscens,
1623 1534 1771 1590 velut
1809 1552 2001 1591 novam
2038 1555 2103 1593 ex
2144 1555 2207 1595 ea
2241 1540 2545 1595 versionem
2578 1541 2709 1595 mihi
2749 1543 3090 1603 adornarem.

279 1625 453 1682 Porro
484 1628 822 1696 praefandum
859 1628 1061 1697 aliquid
1103 1628 1169 1683 de
1203 1636 1431 1681 auctore
1462 1626 1756 1689 videretur,
1788 1638 1845 1681 ut
1881 1628 2113 1684 certiora
2147 1631 2324 1700 aliqua
2361 1640 2703 1686 monumenta
2735 1644 3027 1691 exstarent.
3060 1640 3119 1694 ll.
3158 1640 3219 1696 P.
3248 1642 3486 1701 Jacobns

210 1720 543 1776 Sirmuudus
572 1721 625 1775 in
661 1721 810 1777 calce
836 1723 915 1775 sui
939 1720 1161 1785 codicis,
1198 1720 1312 1774 haec
1336 1734 1364 1773 a
1405 1719 1599 1775 Ducam
1627 1720 1829 1789 collega
1860 1720 2175 1778 doctissimo
2202 1723 2369 1787 edita,
2394 1737 2489 1777 sua
2527 1738 2686 1778 manu
2734 1726 3046 1783 adnotarat.
3079 1731 3274 1785 Auctor
3294 1738 3482 1791 nurum

204 1814 440 1883 quinque
481 1813 788 1866 orationum
828 1811 1064 1865 Asterius
1098 1811 1335 1863 Amasete
1384 1807 1565 1862 Ponti.
1609 1808 1698 1864 Sic
1738 1812 1876 1863 enim
1908 1815 2101 1866 citetur
2132 1815 2188 1865 in
2220 1830 2254 1867 ll
2289 1817 2485 1885 synodo
2516 1815 2739 1872 Nictena
2774 1821 2977 1875 actione
3012 1821 3063 1884 6,
3096 1840 3251 1879 serm.
3292 1828 3343 1880 in
3380 1830 3485 1883 La-

207 1920 397 1960 zarum
436 1915 491 1959 et
538 1905 782 1960 divitem.
843 1901 985 1957 Vixit
1030 1917 1170 1955 anno
1215 1898 1410 1953 Christi
1457 1900 1582 1963 400,
1618 1912 1671 1953 ut
1716 1900 1958 1971 colligere
1988 1914 2063 1957 est
2105 1920 2170 1958 ex
2208 1908 2443 1962 oratione
2486 1908 2559 1963 De
2589 1907 2861 1965 Kalendis.
2894 1910 3155 1980 Ejusdem
3190 1920 3363 1971 oratio
3392 1938 3479 1974 seu

205 1998 482 2068 ἐκφρασις
518 1999 571 2052 in
600 1997 956 2068 Euphemiam
990 2005 1280 2065 martyrem
1300 1993 1575 2058 laudatur,
1607 2005 1654 2048 et
1692 2010 1756 2048 ea:
1787 2004 1934 2063 parte
1963 1997 2275 2051 describitur
2310 2000 2361 2052 in
2393 2002 2572 2053 eadem
2605 2004 2803 2070 synodo
2837 2014 2941 2058 act.
2976 2005 3010 2058 4
3033 2016 3079 2059 et
3121 2007 3172 2059 6.
3210 2011 3478 2065 Adrianus

204 2095 469 2144 secundus
510 2091 603 2143 lib.
646 2091 722 2145 De
752 2087 1095 2159 imaginibus.
1126 2085 1475 2154 Repreltensio
1512 2103 1627 2155 cap.
1660 2087 1750 2152 14,
1795 2089 1851 2141 in
1892 2099 1995 2142 act.
2038 2089 2092 2146 4.
2125 2089 2276 2155 Quod
2301 2092 2507 2161 judices
2548 2095 2638 2164 qui
2673 2097 2725 2148 in
2755 2096 2983 2164 prtafata
3015 2103 3213 2169 synodo
3245 2104 3481 2171 fuerunt,

204 2182 498 2237 insolenter
524 2191 575 2238 et
614 2184 897 2253 incongrue
935 2193 1099 2237 artem
1137 2180 1415 2248 pictoriam
1444 2182 1692 2236 extollere
1722 2184 1897 2236 conati
1940 2192 2083 2249 sunt,
2132 2186 2359 2240 dicentes
2394 2203 2411 2241 :
2445 2186 2546 2241 Pia
2593 2200 2669 2243 est
2716 2205 2803 2243 ars
2842 2191 3078 2259 pictoris,
3128 2203 3177 2248 et
3217 2212 3319 2249 non
3351 2208 3484 2253 recte

203 2276 425 2346 quidam
458 2290 576 2328 eam
611 2275 916 2343 insipienter
963 2272 1266 2327 detrahunt.
1308 2270 1593 2341 Responsio
1623 2287 1643 2327 :
1670 2270 1893 2325 Beatum
1928 2274 2192 2329 Asterium
2232 2286 2342 2330 toto
2380 2276 2595 2333 Oriente
2642 2290 2881 2335 sanctum
2921 2286 3133 2350 habent,
3176 2297 3223 2340 et
3267 2288 3391 2342 dum
3420 2294 3483 2346 tle

205 2368 370 2437 gestis
396 2379 600 2421 sancta:
628 2366 937 2437 Euphemia:
963 2384 1251 2421 sermonem
1280 2366 1508 2435 fecisset,
1539 2366 1775 2419 laudavit
1800 2365 1914 2433 ejus
1948 2369 2282 2435 martyrium,
2315 2371 2447 2424 sicut
2471 2388 2563 2440 per
2585 2374 2818 2426 ordinem
2846 2375 3045 2429 viderat
3072 2376 3204 2431 illud
3230 2380 3482 2448 liquidius

206 2462 430 2528 pictum.
471 2460 602 2528 Quae
643 2461 861 2529 quidem
902 2460 1055 2522 satis,
1095 2475 1216 2513 cum
1250 2458 1621 2527 episcopatum
1668 2467 1779 2511 tum
1814 2458 2026 2512 titulum
2060 2462 2365 2516 sanctitatis
2408 2464 2695 2518 videantur
2738 2466 2950 2521 Asterie
2984 2480 3169 2524 nostro
3195 2487 3478 2542 asserere;

209 2567 319 2607 non
353 2552 493 2607 forte
539 2563 723 2608 tamen
756 2553 911 2616 satis,
943 2552 1033 2604 uui
1071 2566 1135 2605 ac
1163 2551 1336 2605 eidem
1369 2550 1602 2612 Asterio,
1648 2548 1765 2618 ejus
1806 2551 2009 2606 nomini
2053 2553 2311 2623 inscripta
2356 2556 2558 2617 omnia,
2598 2571 2661 2611 ac
2698 2557 2973 2614 Asterium
3018 2561 3257 2618 Amasea:
3288 2569 3479 2631 pra-le-

208 2645 415 2708 rentia,
444 2646 748 2701 vindicare.
780 2646 923 2698 Sane
953 2644 1011 2698 S.
1050 2642 1384 2711 Nicephorus
1426 2643 1794 2699 Antirrhetieo
1832 2644 1887 2710 2,
1914 2662 2038 2700 cum
2072 2647 2361 2714 respondet
2392 2647 2507 2701 loco
2534 2648 2605 2701 illi
2637 2664 2702 2703 ex
2733 2665 2984 2707 sermone
3021 2654 3070 2707 in
3096 2654 3271 2709 locum
3308 2658 3481 2711 Evan—

207 2739 334 2808 gelii
365 2737 523 2793 Luca:
550 2738 615 2793 de
646 2736 856 2791 Lazaro
889 2746 942 2790 et
973 2736 1156 2800 divite,
1205 2737 1296 2805 qui
1328 2735 1360 2790 (i
1395 2735 1480 2790 illa
1525 2746 1630 2790 act.
1667 2752 1705 2791 ll
1738 2752 1869 2808 syno

1819 2739 1928 2792 todi
1974 2737 2190 2792 Nicena:
2219 2738 2477 2809 objicitur
2510 2758 2522 2793 :
2561 2742 2651 2813 Μὴ
2686 2742 2864 2813 γράφε
2898 2745 2987 2799 τὸν
3030 2746 3261 2817 Χριστὸν
3293 2749 3481 2822 (ἀρκεῖ

206 2826 320 2899 γὰρ
360 2826 510 2895 αὐτῷ
566 2829 598 2897 ὴ
639 2825 737 2896 μία
789 2825 889 2893 τῆς
938 2823 1379 2893 ὲνσωματώσεως
1423 2824 1913 2895 ταπεινοφροσύνη,
1956 2826 2021 2895 ἣν
2053 2825 2393 2897 αὐθαιρέτως
2433 2829 2499 2883 δι’
2542 2833 2689 2901 ἡμᾶς
2730 2832 3113 2904 καιεεδέξατο>·
3150 2838 3241 2891 ἐπὶ
3288 2839 3342 2892 δὲ
3385 2841 3479 2910 τῆς

204 2921 389 2991 ψυῖἧς
427 2937 518 2972 σου
565 2918 848 2990 βαστάζων
886 2915 1090 2987 νοητῶς
1120 2917 1210 2970 τὸν
1247 2916 1536 2988 ἀσώματον
1585 2918 1780 2986 Λόγον,
1832 2936 1866 2971 π

1832 2920 2116 2989 περίφερε.
2164 2918 2291 2974 Noli
2337 2923 2547 2991 pingere
2588 2925 2897 2980 Christum:
2935 2929 3061 2982 satis
3106 2931 3241 2982 enim
3288 2932 3369 2983 illi
3408 2942 3480 2983 est

207 3029 318 3065 una
342 3011 436 3062 illa
462 3009 687 3078 abjectio
720 3008 974 3073 assumpti
1000 3008 1255 3073 corporis,
1298 3023 1454 3073 quam
1493 3018 1671 3074 sponte
1696 3007 1861 3059 nostri
1891 3024 2054 3061 causa
2082 3010 2305 3078 suscepit
2349 3025 2366 3062 :
2395 3014 2520 3086 quin
2555 3015 2783 3081 spiritali
2812 3018 3012 3071 ratione
3055 3017 3271 3073 Verbum
3304 3023 3480 3075 incor-

205 3116 422 3168 poreum
466 3108 677 3168 gestans
720 3099 918 3161 animo,
967 3096 1248 3163 circumfer
1262 3115 1281 3163 ;
1313 3106 1593 3167 postquam
1633 3099 1820 3154 multis
1859 3116 2046 3154 sanam
2081 3102 2279 3156 Asterii
2318 3116 2551 3159 mentem
2585 3105 2754 3162 fusius
2802 3110 2971 3165 relato
3018 3112 3134 3181 ejus
3175 3115 3482 3170 testimonio

207 3190 575 3258 explicasset,
614 3190 886 3245 Asterium
928 3191 1267 3257 postmodum
1310 3190 1523 3245 Asterie
1561 3203 1858 3258 opponens,
1895 3192 2094 3255 haeret,
2142 3195 2468 3265 omninoque
2505 3197 2897 3267 incompertum
2944 3202 3141 3258 habere
3185 3206 3478 3273 signiﬁcat,

208 3283 427 3335 idemne
458 3281 709 3335 Asterius
743 3292 930 3335 auctor
958 3281 1188 3334 exsistat
1216 3280 1458 3348 prtel'ata:
1491 3282 1752 3335 orationis
1781 3283 1832 3335 in
1861 3280 2123 3336 Lazarum
2158 3300 2202 3338 et
2233 3288 2467 3349 divitem.
2501 3304 2563 3342 ac
2593 3291 2857 3345 orationis
2882 3293 2934 3345 in
2974 3295 3423 3349 htemorrlwusam
3450 3313 3470 3349 :

214 3372 537 3441 Ἐπομένως
581 3372 639 3425 δὲ
666 3371 895 3434 τούτοις,
930 3370 1168 3440 εἰσήχθω
1207 3371 1369 3423 πάλιν
1410 3372 1703 3443 Ἀστέριος.
1744 3373 1807 3425 El
1850 3374 1946 3442 μὲν
1982 3374 2135 3446 παρὰ
2175 3376 2265 3427 τὸν
2310 3378 2367 3429 ὲν
2404 3379 2591 3449 χερσὶν
2639 3380 2845 3452 ἕτερος,
2878 3383 2912 3451 ἡ
2946 3382 3175 3452 ἀλήθεια
3208 3384 3374 3455 εἰδείη
3413 3387 3478 3438 ἂν

208 3470 368 3538 μόνη,
407 3469 569 3537 ἡμεῖς
597 3466 655 3520 δὲ
683 3464 834 3518 οὐδὲν
858 3463 1117 3533 τούτουγε
1147 3463 1332 3517 ’ἐνεκεν
1359 3465 1668 3536 διοισόμεθα
1690 3484 1705 3497 ·
1742 3468 1791 3519 εἰ
1830 3467 1885 3521 δὲ
1916 3470 1943 3520 6
1969 3469 2131 3533 αὐτὸς
2165 3464 2316 3533 οὗτος
2342 3472 2512 3541 ἐστιν,
2551 3473 2774 3527 αὐτόθεν
2804 3477 2913 3538 τοῖς
2938 3477 3157 3539 οἰκείοις
3183 3478 3480 3549 τοξεύμασι

206 3562 612 3635 βαλλέσθωσαν,
652 3560 746 3613 καὶ
782 3558 984 3628 βολίσιν
1024 3557 1225 3623 ὀξείαις
1263 3559 1840 3629 τραυματιζέσθωσαν,
1896 3562 1991 3615 καὶ
2046 3563 2154 3615 τῶν
2198 3562 2574 3634 ἐξευρημένων
2616 3566 3023 3636 μηχανημάτων
3058 3567 3157 3631 τὰς
3189 3572 3479 3638 σφενδόνας

207 3656 577 3727 δεχέσθωσαν,
605 3650 700 3705 καὶ
726 3669 777 3704 τ.
814 3651 859 3702 ὲ.
895 3648 970 3703 Iis
994 3659 1380 3719 consequenter,
1414 3666 1529 3719 qua:
1551 3654 1689 3704 dicta
1729 3666 1867 3716 sunt,
1907 3656 2189 3707 inducatur
2220 3672 2426 3709 rursum
2465 3657 2723 3714 Asterius.
2754 3662 2827 3713 Ac
2856 3664 3083 3732 quidem,
3110 3680 3233 3717 num
3268 3668 3309 3718 is
3340 3670 3477 3722 alius

205 3753 300 3813 sit,
336 3759 524 3817 praeter
545 3761 660 3798 eum
686 3744 776 3813 qui
800 3743 855 3797 in
884 3742 1123 3794 manibus
1156 3751 1416 3807 uersatur,
1458 3742 1569 3795 sola
1614 3745 1801 3797 veritas
1837 3746 2050 3798 noverit.
2096 3745 2209 3799 Nos
2250 3763 2368 3799 vero
2405 3749 2533 3801 nihil
2572 3749 2729 3819 Ituju-s
2766 3752 2838 3805 rei
2871 3754 3043 3820 gratia
3085 3756 3474 3811 contendamus.

208 3840 364 3907 Quod
394 3840 440 3891 si
478 3837 575 3891 iste
609 3837 745 3889 idem
780 3834 887 3902 ipse
910 3843 1009 3896 est,
1035 3832 1158 3885 inde
1183 3833 1292 3885 suis
1326 3832 1639 3901 ipsijaeulis
1665 3834 1943 3902 feriantur,
1984 3852 2047 3888 ac
2074 3838 2241 3889 acutis
2276 3838 2561 3893 missilibus
2602 3844 2925 3906 sancientur,
2974 3845 3477 3916 adiuventarumque

206 3934 573 3987 machinarum
603 3930 777 3997 iactus
806 3929 1089 3992 excipiant.
1124 3927 1322 3983 Eodem
1365 3926 1477 3982 fere
1520 3931 1680 3983 modo
1710 3930 2012 3985 Antirrhet.
2054 3933 2109 3995 5,
2150 3933 2315 3987 misso
2350 3933 2519 3988 lloma
2554 3948 2808 4006 excerpto
2854 3952 2880 3989 a
2929 3938 3103 3992 Leone
3148 3940 3365 4006 Allatio,
3415 3958 3479 3998 ac

207 4029 329 4083 loco
366 4024 721 4083 commodiori
759 4024 986 4080 edendo.
1036 4023 1189 4090 Quod
1224 4016 1350 4094 ergo
1383 4024 1550 4079 tantis
1582 4027 1831 4092 superior
1860 4025 2201 4094 Nicephorus
2246 4028 2487 4097 ignotum
2532 4027 2739 4089 habuit,
2779 4043 2839 4081 ac
2890 4029 2993 4082 tale
3024 4030 3376 4097 existimavit,
3409 4043 3472 4087 ut

206 4118 410 4173 nemini
446 4118 582 4171 scitu
619 4114 778 4170 facile
813 4112 1103 4183 putaverit,
1161 4113 1302 4167 haud
1346 4127 1448 4182 ego
1490 4127 1576 4166 me
1604 4114 1808 4167 certius
1841 4115 2183 4183 promiserim
2222 4114 2657 4171 declaraturam:
2692 4119 2898 4172 tametsi
2924 4121 3100 4191 stylus
3156 4122 3353 4193 ubique
3388 4126 3473 4177 sui

205 4210 402 4266 similis
452 4218 614 4278 atque
670 4205 920 4276 inprimis
973 4206 1024 4259 in
1057 4203 1539 4272 descriptionibus,
1571 4204 1819 4258 eumdem
1852 4207 2050 4274 ubique
2088 4207 2262 4275 ipsum
2309 4208 2536 4262 suadeat
2568 4225 2581 4261 :
2619 4224 2721 4277 quo
2751 4224 2804 4263 et
2837 4210 3058 4266 Photins
3092 4214 3288 4267 indit-io
3325 4232 3475 4269 eum-

204 4307 331 4362 dem
366 4302 611 4374 agnoscit
641 4302 730 4370 qui
762 4300 901 4355 oculi
927 4298 1196 4370 ἔκφρασιν
1234 4297 1285 4352 in
1336 4295 1561 4351 Joannis
1601 4296 1947 4366 Evangelium
1990 4299 2054 4350 de
2085 4312 2228 4352 cweo
2268 4308 2391 4352 nato
2423 4302 2749 4370 composuit,
2782 4312 2835 4356 et
2872 4304 2959 4371 qui
2990 4304 3134 4357 illam
3173 4304 3221 4356 in
3258 4305 3315 4359 S.
3366 4308 3471 4360 liu-

206 4396 507 4467 pbemiam,
538 4396 800 4450 insertam
845 4393 983 4448 actis
1033 4408 1105 4447 νη
1154 4392 1364 4462 synodi.
1419 4390 1549 4447 Utut
1580 4390 1670 4453 sit,
1734 4390 1864 4442 nihil
1913 4399 2023 4442 toto
2072 4391 2171 4445 hoc
2214 4391 2556 4447 homiliarum
2596 4407 2840 4459 corpore,
2879 4395 3153 4462 quodnon
3185 4397 3470 4467 plurimam

204 4488 569 4558 eloquentiam
599 4504 720 4544 cum
751 4486 863 4556 pari
899 4487 1094 4556 pietate
1138 4484 1392 4539 exhibeat
1424 4483 1718 4553 :quodque
1748 4481 1880 4535 adeo
1914 4497 2016 4535 non
2064 4495 2309 4538 sanctum
2356 4485 2502 4538 illum
2538 4484 2867 4539 Amasenum
2920 4488 3213 4553 Asterium,
3248 4489 3468 4555 referat,

205 4596 268 4637 ac
327 4582 614 4653 φιλάρετον
670 4579 956 4646 Asterium,
1018 4594 1178 4648 quem
1229 4576 1451 4631 l‘hotius
1506 4574 1750 4629 nominat
1783 4594 1795 4628 :
1828 4574 2080 4628 nonnulla
2133 4577 2296 4630 etiam
2343 4576 2396 4630 in
2450 4591 2513 4631 eo
2546 4579 2905 4643 reperiuntur,
2963 4582 3015 4630 in
3056 4580 3251 4647 quibus
3290 4581 3465 4648 palam

206 4660 443 4740 εὗσεϐεϊ,
478 4690 536 4728 ut
567 4673 804 4743 loquitur
834 4671 973 4726 idem
1009 4669 1255 4735 Photius,
1285 4682 1347 4722 ae
1382 4681 1441 4721 se
1481 4665 1548 4730 is,
1578 4664 1899 4719 Arianorum
1931 4679 2003 4719 ac
2037 4665 2423 4719 Anomeeorum
2465 4666 2672 4721 hostem
2719 4666 3044 4736 pracipuutn
3089 4669 3325 4722 ostendit
3361 4686 3374 4722 :
3410 4680 3467 4722 ut

206 4783 330 4838 quae
357 4780 491 4820 nova
524 4765 716 4819 damus
750 4777 816 4817 ex
846 4761 1105 4816 Eucomio
1136 4759 1188 4813 in
1222 4758 1499 4828 principes
1531 4756 1896 4824 apostolorum
1952 4755 2167 4809 Petrum
2203 4763 2252 4808 et
2283 4754 2530 4810 Paulum.
2576 4757 2824 4812 Asterius
2857 4757 2992 4811 alter
3012 4772 3169 4826 quem
3209 4758 3461 4816 faetionis

206 4861 428 4915 Arianae
479 4857 859 4930 philosophum
906 4856 1064 4927 ponit.
1108 4853 1489 4923 Hieronymus,
1530 4851 1716 4920 aitque
1757 4850 2043 4918 scripsisse
2081 4849 2179 4903 sub
2214 4847 2533 4903 Constantio
2562 4849 2614 4901 in
2654 4847 2944 4917 Epistolam
2986 4846 3379 4933 adﬂanturtos,
3412 4853 3469 4903 in

208 4954 499 5024 Evangelia
527 4960 583 5006 et
614 4949 878 5015 Psalmos,
904 4947 1182 5018 antiquior
1207 4944 1307 4999 fuit
1337 4961 1351 5007 ;
1381 4959 1443 4999 ac
1472 4958 1645 5013 neque
1675 4942 1782 5005 hic,
1812 4940 2146 4996 admirabilis
2183 4939 2270 4994 ille
2300 4941 2545 4995 Asterius
2579 4939 2811 5005 videtur,
2847 4955 3003 5008 quem
3041 4940 3465 4997 luculentissima

207 5044 380 5114 elogio
412 5042 786 5098 Tbeodoretus
811 5041 867 5093 in
906 5037 1200 5103 Philotheo,
1224 5053 1275 5092 c.
1302 5036 1359 5101 2,
1386 5035 1674 5099 describit;
1711 5031 1970 5101 quidquid
2006 5030 2229 5086 Photius
2262 5031 2552 5085 contendat
2586 5043 2838 5100 excerpto
2871 5030 3036 5082 Roma
3066 5030 3232 5083 misso
3261 5048 3273 5084 :
3306 5046 3464 5099 quem

210 5150 307 5191 nec
352 5134 514 5205 liquet
554 5134 728 5190 fuisse
773 5132 1084 5201 episcopum
1121 5148 1134 5183 :
1166 5138 1365 5197 printer
1417 5142 1577 5195 quem
1633 5134 1716 5179 est
1756 5124 2001 5177 Asterius
2041 5122 2177 5177 alius
2225 5138 2288 5175 ex
2335 5122 2537 5177 Ariano
2563 5123 2890 5176 orthodoxus
2917 5122 3200 5189 episcopus
3239 5137 3301 5174 ac
3337 5137 3465 5175 con-

207 5228 397 5290 fessor,
426 5225 601 5281 clarus
645 5223 805 5279 titulo
838 5220 1139 5276 sanctitatis
1185 5234 1251 5274 ac
1282 5217 1511 5273 Romani
1553 5214 1922 5285 Martyrologii
1972 5213 2169 5267 tabulis
2214 5213 2483 5281 ascriptus
2533 5212 2812 5268 Athanasii
2863 5211 3085 5280 aequalis
3132 5226 3196 5265 ac
3246 5211 3464 5265 Eusebii

208 5320 575 5386 Vercellensis,
618 5332 782 5389 quem
836 5330 938 5370 non
987 5315 1156 5383 liquet
1203 5329 1273 5367 an
1316 5321 1667 5366 monumenta
1716 5309 1893 5377 aliqua
1941 5309 2243 5377 reliquerit.
2295 5306 2490 5361 Noster
2531 5322 2589 5363 se
2629 5308 2877 5362 Asterius
2911 5305 3124 5360 Juliano
3174 5321 3460 5375 supparcm

209 5414 430 5471 ostendit
462 5421 601 5469 orat.
642 5410 900 5466 adversus
946 5407 1253 5472 auaritiam,
1286 5420 1407 5460 cum
1459 5412 1608 5459 ηοω
1654 5402 1974 5473 superstites
2013 5400 2296 5470 plurimos,
2339 5399 2428 5469 qui
2474 5400 2542 5455 ab
2578 5414 2642 5455 eo
2686 5400 2888 5455 inducti
2943 5398 3167 5453 fuissent
3204 5397 3269 5452 ad
3306 5396 3460 5452 Iidem

209 5507 512 5577 negantiam.
