4212 6318
153 429 234 483 ῖθό
1151 436 1425 490 ιιυιιιῌΑ
1457 438 1499 500 1,
1546 437 1626 490 DE
1670 438 1719 490 υἱ

1788 438 1894 494 [TE
1929 441 2011 503 ΕΤ
2045 442 2338 498 [ΔΖᾹΒΟ.

3248 460 3353 514 16b

152 541 268 592 κεῖαν
292 538 374 590 καὶ
407 537 547 606 φίλον
583 537 647 588 τὸ
677 541 743 607 τῇ
767 539 922 610 χρείᾳ
949 541 1054 592 τῶν
1085 543 1399 609 ἀναγκαίων
1428 547 1524 616 τὴν
1562 549 1689 616 χρῆ-

1805 564 1864 603 ac
1896 552 2053 619 frugi,
2107 553 2376 621 proprium
2426 568 2486 607 ac
2548 555 2811 615 familiare
2859 573 2960 631 est,
3015 579 3134 620 cum
3173 582 3352 626 rerum

155 645 219 679 tuv
248 628 462 697 μετρεῖν·
513 627 745 694 φεύγειν
773 627 830 681 δὲ
861 629 960 698 τῆς
1005 632 1232 700 ματαίου
1264 635 1565 700 κενοδοξίας
1597 639 1688 690 τὸν

152 718 394 788 συρφετὸν,
422 718 515 772 καὶ
529 721 632 790 τὴν
655 722 853 778 πλάνον
880 727 900 757 ³
925 725 1217 798 διαγωγὴν,
1253 728 1327 792 ὡς
1359 724 1560 793 κακίας
1584 749 1690 800 μη-

151 809 273 879 τέρα.
313 809 414 862 Καὶ
442 810 531 862 τνα
558 813 890 885 σαφέστερον
917 815 1080 869 αὐτοῦ
1105 817 1294 870 τούτου
1336 819 1431 872 τοῦ
1465 820 1689 891 λεγομέ-

151 917 222 953 νου
263 898 350 969 τὴν
385 899 616 971 δύναμιν
669 905 1093 976 καταμάθωμεν,
1142 911 1174 978 ή
1210 909 1317 961 τῶν
1377 911 1687 981 ἐνδυμάτων

153 990 306 1061 πρώτη
347 989 735 1066 διαγνωσθήτω
765 997 982 1067 χρῆσις,
1017 999 1178 1071 μέχρι
1215 1001 1380 1068 πόσου
1424 1002 1518 1054 καὶ
1544 1003 1688 1067 τίνος

78 1104 82 1106 ·
109 1095 114 1098 ·
150 1080 618 1154 παραληφθήσεται,
650 1087 796 1157 ὅροις
826 1089 918 1140 καὶ
947 1090 1132 1143 κανόσι
1173 1093 1685 1165 περιλαμϐανομένη

149 1170 370 1241 σώφροσι.
404 1173 468 1226 Τί
496 1175 678 1229 τοίνυν
708 1179 737 1230 ό
761 1178 856 1232 τοῦ
892 1179 1098 1234 δικαίου
1133 1183 1295 1253 νόμος
1323 1186 1509 1256 φησίνο
1551 1187 1689 1258 Πρό-

149 1260 278 1316 όατον
308 1263 335 1314 ό
363 1262 494 1328 Θεὸς
538 1265 750 1321 ἔκτισεν
801 1267 1034 1341 εὖκομον
1067 1271 1164 1343 τὴν
1195 1274 1377 1346 δορὰν,
1428 1279 1522 1330 καὶ
1577 1281 1686 1341 τοῖς

150 1353 334 1423 μαλλοῖς
358 1355 778 1426 εὐθηνούμενον⁸
812 1361 967 1414 τοῦτο
1010 1361 1208 1428 λαϐὼν,
1249 1367 1563 1438 άπόκειρον,
1594 1371 1686 1423 καὶ

145 1446 243 1508 δοὺς
261 1446 512 1519 ὑφαντικῇ
527 1449 692 1522 τέχνῃ
718 1452 814 1523 τὴν
841 1453 990 1522 ὕλην,
1013 1455 1214 1524 χιτῶνα
1238 1458 1418 1529 σαυτῷ
1448 1461 1541 1513 καὶ
1561 1462 1686 1532 ίμά-

144 1552 234 1590 τιον
254 1538 671 1606 κατασκεύασον,
702 1542 847 1605 ὅπως
875 1542 940 1596 ἀν
966 1544 1263 1620 διαφεύγῃς
1294 1549 1559 1619 χειμῶνος
1595 1570 1687 1606 ταο

146 1628 424 1698 λαιπωρίαν,
450 1631 550 1683 καὶ
597 1632 698 1701 τῆς
727 1633 952 1703 ζεούσης
987 1637 1202 1701 ἀκτῖνος
1229 1638 1429 1711 βλάϐην
1455 1640 1494 1696 ³.
1527 1643 1589 1696 Εί
1628 1643 1685 1696 δέ

147 1736 210 1772 σοι
249 1721 331 1772 καὶ
364 1720 705 1793 κουφοτέρας
752 1724 976 1794 ἐσθῆτος
1023 1727 1180 1798 χρεία
1225 1729 1365 1783 κατά
1417 1731 1513 1802 τὴν
1537 1732 1684 1805 ὥραν

144 1805 218 1857 τοῦ
247 1806 442 1878 θέρους,
499 1809 704 1863 ἔδωκεν
739 1813 767 1863 ό
798 1812 930 1875 Θεὸς
953 1813 1047 1866 τοῦ
1085 1816 1228 1869 λίνου
1253 1816 1349 1884 τὴν
1381 1819 1574 1890 χρῆσιν
1605 1825 1684 1884 είς

1791 656 1943 692 usum
1983 641 2300 697 necessitate
2356 645 2551 710 metiri,
2603 655 2709 702 tum
2765 650 2952 708 inanes
2989 669 3138 711 vana:
3169 661 3356 730 gloriae

1789 731 2130 799 quisquilias,
2161 734 2388 805 vitaeque
2419 737 2679 792 mollioris
2717 741 2957 812 delicias,
2996 754 3248 817 tanquam
3273 753 3356 806 vi-

1792 822 1985 876 tiorum
2017 833 2292 892 parentem
2327 828 2515 884 vitare.
2563 829 2869 900 Enimvero,
2917 851 3023 905 quo
3051 841 3167 908 ejus
3209 845 3352 911 quod

1791 912 2008 980 dicitur,
2045 916 2149 968 vim
2178 915 2376 971 clarius
2408 934 2817 990 cognoscamus,
2843 926 3045 994 primus
3067 934 3354 988 vestimen-

1790 1013 1962 1058 torum
1997 1021 2124 1060 usus
2154 1007 2523 1075 inspiciendus
2569 1023 2670 1078 est,
2712 1030 2872 1084 quam
2922 1017 3026 1073 late
3060 1032 3258 1090 pateat,
3296 1035 3352 1080 et

1788 1108 1921 1164 quos
1955 1096 2001 1150 ei
2035 1097 2170 1154 fines
2196 1109 2356 1168 atque
2401 1103 2682 1170 terminos,
2725 1110 3076 1176 temperantia
3103 1116 3349 1180 prmscri-

1789 1187 1972 1255 pserit.
2004 1187 2142 1254 Quid
2174 1205 2301 1258 ergo
2344 1189 2564 1259 iustitiae
2605 1195 2688 1249 lex
2743 1197 2853 1252 ait?
2901 1197 3163 1256 Pecudem
3212 1205 3350 1260 Deus
3402 1203 3405 1206 ⁴

1787 1278 1989 1332 creavit
2018 1279 2154 1350 pelle
2185 1281 2320 1336 bene
2348 1293 2556 1337 comata
2587 1299 2649 1339 ac
2687 1288 2864 1344 densis
2904 1289 3188 1362 velleribus
3216 1313 3229 1346 :
3262 1296 3346 1350 his

1787 1369 2038 1424 detonsis
2072 1381 2126 1426 et
2150 1374 2340 1428 textori
2380 1376 2609 1438 traditis,
2639 1379 2869 1434 tunicam
2897 1396 2958 1434 ac
2982 1383 3196 1449 pallium
3230 1401 3352 1454 per-

1788 1461 1890 1513 texi
1919 1460 2010 1513 tibi
2046 1476 2194 1526 cura,
2224 1478 2349 1532 quo,
2374 1480 2492 1519 cum
2521 1465 2734 1521 hiberni
2768 1469 2980 1538 frigoris
3022 1472 3340 1537 molestiam,

1787 1556 1897 1602 tum
1928 1548 2181 1606 ferventis
2209 1553 2340 1606 radii
2371 1569 2564 1608 noxam
2605 1555 2848 1626 eﬂ'ugias.
2887 1559 3037 1627 Quod
3070 1563 3344 1620 silevioro
3439 1593 3442 1597 ι

1786 1654 1880 1707 per
1906 1641 2149 1696 aestivum
2193 1651 2398 1714 tempus
2429 1656 2578 1702 veste
2621 1647 2885 1719 indigeas,
2930 1655 2996 1706 ad
3032 1654 3333 1710 uberiore'u

1787 1730 1924 1785 Deus
1958 1734 2387 1789 commoditatem
2427 1737 2515 1790 lini
2576 1754 2726 1792 usum
2773 1745 3056 1808 concessit,
3089 1746 3225 1798 unde
3253 1747 3346 1802 tibi

1786 1822 2035 1877 decorum
2066 1824 2117 1877 in
2145 1827 2365 1894 proclivi
2394 1828 2783 1893 indumentum,
2812 1833 2954 1901 quod
2988 1833 3146 1887 simul
3180 1847 3235 1890 et
3265 1849 3347 1891 te-

144 1896 442 1969 πλατυτέραν
473 1900 796 1953 ἀπόλαυσιν·
820 1903 912 1955 καί
951 1921 1032 1956 σοι
1083 1907 1281 1976 ῥᾷστον
1309 1909 1518 1962 ἐκεῖθεν
1547 1912 1680 1982 κτήο
1715 1901 1719 1954 l

1788 1922 1894 1979 gat,
1935 1922 1990 1967 et
2043 1914 2258 1971 levitate
2305 1918 2601 1988 refrigeret.
2642 1919 2706 1972 Et
2755 1896 2980 1976 hiscum
3016 1925 3338 1994 perfrueris.

145 1988 302 2041 σασθαι
355 1989 568 2061 σκέπην
620 1992 946 2062 εὐσχήμονα,
994 1995 1364 2065 ἀμφιεννῦσαν
1407 1999 1542 2069 ὁμοῦ
1589 2001 1681 2055 καὶ

141 2078 478 2150 ἀναψύχουσαν
510 2085 578 2152 τῇ
615 2085 906 2155 κουφότητι
967 2086 1075 2137 Καὶ
1121 2087 1323 2141 τούτων
1373 2090 1677 2156 ἀπολαύων,

140 2170 348 2239 ὁμολόγει
368 2171 441 2242 τῷ
475 2174 672 2244 κτίστῃ
702 2174 799 2244 τὴν
835 2175 1018 2245 χάριν,
1055 2177 1194 2248 ὑπὲρ
1215 2171 1288 2231 ὦν
1311 2181 1412 2232 οὐκ
1429 2180 1679 2251 ἐποίησεν

141 2263 272 2332 μόνον
312 2264 473 2334 ἡμᾶς,
516 2263 656 2316 ἀλλὰ
700 2265 794 2316 καὶ
842 2265 942 2336 τῆς
986 2266 1122 2335 πρὸς
1161 2267 1223 2321 τὸ
1257 2269 1354 2340 ζῇν
1386 2271 1680 2338 ἀσφαλείας

141 2355 434 2424 ἐφρόντισεν.
463 2357 565 2407 Ἂν
593 2355 648 2408 δὲ
676 2355 1100 2426 καταλιμπάνων
1133 2360 1194 2412 τὸ
1235 2359 1501 2430 πρόϐατον
1518 2363 1681 2415 καὶτὸ

139 2445 272 2516 ἔριον,
302 2448 390 2499 καὶ
437 2446 538 2517 τὴν
585 2447 890 2515 ἀναγκαίαν
920 2448 1014 2502 τοῦ
1043 2449 1378 2521 δημιουργοῦ
1401 2451 1508 2505 τῶν
1545 2454 1680 2506 ὅλων

140 2540 472 2608 παρασκευὴν,
508 2542 632 2604 ταῖς
660 2540 918 2612 ματαίαις
965 2541 1231 2605 ἐπινοίαις
1251 2583 1265 2604 ,
1293 2543 1389 2595 καὶ
1434 2546 1554 2607 ταῖς
1583 2547 1680 2615 ὲμ-

141 2629 360 2700 πλήκτοις
379 2631 703 2703 ἐπιθυμίαις
741 2631 1180 2704 ἐκδιαιτώμενος,
1206 2633 1304 2704 τὴν
1331 2634 1525 2704 βύσσον
1559 2636 1680 2689 ὲπι-

139 2722 294 2793 ζητῇς,
345 2724 436 2776 καὶ
483 2725 728 2796 συνάγῃς
777 2724 846 2778 τά
901 2723 1012 2777 τῶν
1055 2712 1338 2796 Περσικῶν
1383 2727 1679 2798 σκωλήκων

139 2816 335 2883 νήματα,
363 2814 506 2868 ίστὸν
537 2814 596 2868 δὲ
616 2813 860 2886 ἀράχνης
885 2814 1142 2884 ἀνεματον
1161 2813 1411 2885 ὑφαίνης’
1430 2814 1524 2868 καὶ
1547 2817 1680 2884 πρὸς

138 2906 208 2958 τὸν
250 2906 540 2976 άνθόὸαφον
574 2906 885 2978 ἐρχόμενος,
944 2903 1171 2974 μισθοὺς
1208 2904 1382 2967 τελεῖς
1415 2904 1676 2974 δαψιλεῖς,

140 2992 205 3044 ῐνα
220 2993 297 3048 τδν
331 2995 518 3065 κόχλον
544 2996 610 3047 ὲκ
647 2993 921 3061 Θαλάσσης
937 2992 1230 3064 θηρεύσας,
1260 2993 1337 3063 τῷ
1363 2995 1554 3064 αἵματι
1577 2993 1672 3048 τοῦ

139 3082 250 3145 ζώω
275 3086 429 3157 χρίσῃ
485 3085 550 3138 τὸ
601 3084 823 3154 ἔνδυμα,
860 3084 1018 3137 τοῦτο
1063 3083 1484 3155 ὑπερμαζῶντός
1535 3085 1680 3136 ἐστιν

139 3173 404 3245 ἀνθρώπου,
453 3176 892 3248 παραχρωμένου
943 3178 1011 3245 τῇ
1061 3176 1270 3245 κτήσει,
1319 3176 1418 3228 οὐκ
1469 3174 1681 3244 ἔχοντος

138 3266 242 3318 ὅπου
262 3266 318 3319 τὺ
350 3265 669 3338 περιττεῦον
697 3266 882 3336 ἐκχέῃ.
920 3266 1029 3318 Καὶ
1054 3264 1144 3318 διά
1192 3264 1350 3318 τοῦτο
1377 3267 1405 3318 ό
1440 3263 1676 3328 τοιοῦτος

142 3355 439 3422 μαστίζεται,
472 3357 629 3427 παρά
666 3355 758 3408 τοῦ
802 3355 1131 3424 Εὑαγγελίου
1183 3353 1674 3425 κατηγορούμενος,

137 3449 195 3511 ὡς
230 3447 346 3518 βλάξ
385 3448 479 3503 καὶ
527 3449 843 3520 θηλυδρίας,
901 3449 1124 3518 κόσμοις
1162 3447 1361 3501 ἀθλίων
1404 3448 1676 3520 κορασίων

137 3539 598 3612 καλλωπιζόμενος.

188 3629 347 3684 ’Δλλοι
374 3631 538 3684 πάλιν
575 3631 718 3685 κατά
749 3631 846 3702 τὴν
877 3629 1099 3702 γνώμην
1121 3630 1220 3700 τῆς
1245 3631 1437 3702 όμοίας
1461 3631 1682 3702 ματαιό-

137 3735 264 3790 τητος
280 3722 521 3793 ἐρασταί·
556 3722 762 3793 μᾶλλον
802 3722 882 3785 δὲ,
907 3722 1043 3792 πρὸς
1073 3721 1132 3775 τὸ
1162 3721 1322 3776 πλέον
1357 3722 1457 3793 τὴν
1483 3725 1680 3777 κακίαν

137 3813 452 3882 ἀσκήσαντες,
478 3814 607 3868 οὐδὲ
637 3815 796 3885 μέχρι
824 3814 932 3869 τῶν
967 3816 1272 3888 εἰρημένων
1302 3815 1538 3887 ἔστησαν
1581 3817 1680 3886 τῆς

140 3907 293 3974 μωρᾰς
313 3906 555 3970 ἐπινοίας
582 3908 708 3969 τοὺς
737 3907 916 3976 ὅρους⁸
942 3907 1078 3960 ἀλλά
1104 3924 1224 3961 τινα
1259 3905 1420 3978 κενὴν
1449 3909 1679 3976 ὑφαντι-

139 3995 215 4066 κὴν
257 3996 558 4070 ἐξευρόντες
588 3997 684 4050 καὶ
738 3999 1048 4069 περίεργον,
1088 3998 1210 4069 ἥτις
1248 4002 1316 4070 τῇ
1359 3999 1530 4070 πλοκῇ
1582 4000 1678 4053 τοῦ

139 4088 362 4157 στήμονος
406 4089 547 4161 πρὸς
582 4089 937 4181 τὴνκρόκηγτ
973 4089 1074 4160 τῆς
1107 4090 1387 4162 γραφικῆς
1433 4093 1679 4181 μιμεῖται

139 4177 213 4248 τὴν
234 4178 466 4250 δύναμιν,
501 4179 603 4233 καὶ
625 4179 842 4232 πάντων
873 4177 1029 4242 ζώων
1045 4183 1156 4244 τοῖς
1180 4181 1406 4242 πέπλοις
1430 4180 1530 4243 τὰς
1552 4177 1681 4253 μορ-

141 4267 220 4333 φὰς
249 4271 646 4340 ἐνσημαίνεται,
682 4269 781 4340 τὴν
804 4271 1023 4342 ἀνθινὴν
1068 4271 1164 4324 καλ⁵
1200 4270 1414 4341 μυρίοις
1443 4269 1680 4332 είδώλοις

142 4362 528 4434 πεποικιλμένην
569 4363 974 4433 φιλοτεχνοῦσιν
1000 4362 1224 4432 ἐσθῆτα,
1250 4363 1461 4425 ἑαυτοῖς
1505 4379 1565 4414 τε
1589 4362 1679 4414 καὶ

141 4453 331 4518 γυναιξὶ,
351 4455 441 4508 καὶ
475 4454 689 4508 παισίνο
727 4454 1012 4518 παίζοντες
1044 4454 1248 4518 λοιπὸν,
1275 4454 1335 4506 οὐ
1366 4452 1682 4516 σπουδάζον-

141 4557 223 4603 τες·
251 4545 378 4597 κατά
405 4545 505 4616 τῆς
537 4544 808 4616 ἀμετρίας
859 4544 953 4597 τοῦ
985 4544 1216 4597 πλούτου
1258 4543 1678 4616 παραχρώμενοι
1709 4578 1753 4632 D

140 4632 197 4700 τῷ
221 4633 323 4704 βίῳ,
341 4638 399 4689 οὐ
438 4635 740 4708 χρώμενοι,
767 4634 1305 4706 ἀντινομοθετοῦντες
1351 4634 1429 4705 τῷ
1458 4633 1674 4705 Παύλῳ,

143 4723 210 4773 καὶ
240 4727 524 4797 μαχόμενοι
565 4729 688 4788 ταῖς
746 4725 1126 4790 θεοπνεύστοις
1160 4727 1382 4795 φωναῖς,
1415 4727 1476 4778 οὐ
1499 4725 1679 4796 γράμ-

146 4829 292 4878 μασιν,
318 4817 451 4870 ἀλλά
489 4815 837 4888 πράγμασιν.
877 4818 941 4869 Ἀ
975 4817 1084 4888 γὰρ
1115 4819 1318 4879 ἐκεῖνος
1365 4813 1674 4886 ἀπεκήρυξε

146 4901 270 4974 λόγῳ,
298 4907 444 4961 ταῦθ’
471 4903 624 4962 οῦτοι
657 4908 917 4982 κρατοῦσι
951 4911 1057 4962 καὶ
1075 4907 1300 4978 κυροῦσι
1329 4908 1439 4969 τοῖς
1473 4906 1671 4977 ἔργοις.

148 4993 279 5049 Ὅταν
303 4993 390 5052 οὖν
433 5000 789 5072 ἐνδυσάμενοι
827 5000 1086 5070 φανῶσιν,
1114 4999 1189 5062 ὡς
1235 5001 1402 5069 τοῖχοι
1426 5014 1673 5068 γεγραμ-

151 5083 266 5150 μένοι
300 5091 444 5167 ’ξαρά
468 5091 583 5146 τῶν
638 5091 1111 5162 συντυγχανόντων
1144 5090 1396 5162 ὁρῶνται.
1449 5088 1558 5142 Καί
1582 5104 1682 5140 που

148 5179 219 5230 καὶ
248 5181 307 5234 τά
336 5183 521 5236 παιδία
577 5183 775 5247 αὐτοὺς
808 5182 1184 5252 περιίστανται
1219 5180 1507 5252 μειδιῶντα
1551 5178 1684 5248 πρὸς

150 5266 332 5338 ἀλληλα,
368 5253 472 5326 ,καὶ
499 5273 1050 5328 δακτυλοδεικνοῦντα
1082 5272 1180 5342 τὴν
1218 5273 1274 5325 ὲν
1304 5274 1417 5333 τοῖς
1451 5269 1683 5340 ἱματίοις

149 5364 342 5434 γραφήν·
375 5365 653 5435 βαδίζουσι
675 5367 730 5418 δὲ
759 5366 1132 5437 παρεπόμενα,
1168 5365 1267 5416 οὐκ
1297 5362 1681 5433 ἀναχωροῦντα

201 5565 217 5594 ²
251 5564 362 5634 Leg.
413 5567 638 5620 πλάδον.
743 5567 763 5597 ³
795 5566 957 5620 Sirm.
991 5565 1156 5637 Apog.
1217 5564 1394 5639 βολήν.

201 5693 262 5762 (ἓ)
301 5694 461 5751 Rebus
496 5698 747 5750 abutatur
774 5699 899 5758 suis,
925 5696 1392 5766 παραχρωμένου
1425 5696 1498 5764 τῇ
1533 5697 1672 5766 κτή-

150 5776 238 5838 σει.
272 5767 412 5834 Legit
438 5770 669 5846 interpr.
710 5767 902 5830 κτίσει,
933 5783 1053 5846 cum
1095 5771 1305 5846 reddat:
1352 5767 1502 5846 rebus
1529 5784 1674 5846 creo:

153 5831 200 5884 tu
225 5831 465 5889 abutatur.
519 5831 716 5891 verum
753 5846 967 5905 praestat
991 5836 1051 5888 τὸ
1077 5837 1264 5907 κτήσει
1294 5878 1306 5901 ,
1347 5847 1403 5889 ut
1437 5838 1505 5890 sit
1536 5854 1549 5889 :
1585 5837 1672 5905 qui

1517 5565 1536 5594 ‘
1572 5563 1744 5619 lCor.
1791 5575 1896 5623 vn,
1941 5557 2027 5612 3i.

1781 2002 2023 2057 Creatori
2065 2007 2291 2074 gratiam
2336 2009 2494 2072 habe,
2549 2011 2688 2080 quod
2731 2027 2832 2065 non
2871 2017 3026 2068 modo
3059 2033 3155 2072 nos
3187 2034 3341 2072 crca~

1782 2094 1880 2154 vit,
1912 2109 2092 2148 verum
2125 2097 2288 2152 etiam
2319 2101 2493 2155 tutela:
2517 2110 2571 2155 et
2599 2104 2857 2171 prasidiis
2888 2106 3010 2160 vitae
3046 2112 3341 2177 prospexit.

1781 2182 1930 2248 Quod
1958 2185 2000 2238 si
2030 2187 2219 2243 ovibus
2243 2204 2306 2243 ac
2333 2190 2448 2244 lana
2483 2194 2704 2260 relictis,
2736 2199 3149 2268 necessarioque
3179 2200 3343 2255 Crea-

1783 2272 1915 2327 toris
1941 2275 2179 2329 omnium
2209 2289 2464 2347 apparatu
2489 2292 2689 2348 spreto,
2727 2287 2878 2338 vanis
2901 2289 3337 2355 cogitationibus,

1781 2366 2105 2434 vesanisque
2134 2369 2511 2437 cupiditatibus
2555 2373 2606 2424 iu
2643 2373 2822 2428 lusum
2857 2375 3076 2442 etfusus,
3126 2390 3178 2433 et
3221 2382 3346 2451 bys-

1780 2468 1897 2508 sum
1928 2457 2177 2526 requiris,
2209 2469 2263 2512 et
2291 2459 2628 2516 Persicorum
2661 2465 2887 2519 stamina
2937 2469 3194 2523 vermium
3226 2471 3340 2524 cul-

1783 2546 1923 2614 ligis,
1955 2549 2094 2603 unde
2121 2549 2365 2613 evanida,
2400 2560 2457 2605 ut
2488 2552 2559 2606 ita
2593 2553 2790 2622 dicam,
2834 2570 3044 2611 araneas
3073 2559 3173 2612 tela
3207 2575 3339 2614 cou-

1783 2650 2034 2694 texatur:
2099 2642 2144 2695 si
2196 2653 2452 2711 praeterea
2511 2645 2791 2699 tinctorem
2844 2646 3045 2717 ingenti
3101 2653 3346 2706 mercede

1781 2733 2054 2798 conducis,
2091 2742 2148 2788 ut
2177 2735 2310 2788 mari
2357 2740 2628 2791 cochleam
2680 2750 2924 2805 venatus,
2970 2743 3085 2810 ejus
3115 2745 3342 2798 animal-

1781 2819 1886 2871 culi
1914 2820 2172 2888 sanguine
2197 2831 2396 2875 vestem
2435 2823 2671 2889 inliciat;
2711 2825 2760 2878 id
2814 2841 2938 2880 vero
2976 2828 3204 2884 hominis
3256 2842 3340 2885 est

1782 2908 2065 2965 immodice
2144 2910 2504 2978 lascivientis,
2577 2915 2773 2984 quique
2857 2919 3013 2973 rebus
3089 2921 3344 2974 abutatur

1781 3002 1891 3054 suis
1917 3000 2016 3071 (2),
2046 3017 2144 3057 nec
2168 3003 2380 3066 habeat,
2417 3004 2467 3057 iu
2492 3020 2622 3073 quos
2639 3022 2766 3061 usus
2799 3006 3244 3074 stipat-afﬂuentes
3265 3013 3345 3065 di-

1784 3089 1944 3143 vitias
1971 3088 2224 3147 effundat.
2262 3093 2444 3162 quue
2485 3111 2586 3148 non
2637 3097 2924 3163 immerito,
2969 3099 3088 3153 talis
3123 3109 3179 3154 ut
3217 3103 3345 3155 mol-

1785 3179 1852 3234 lis
1883 3196 1946 3235 ac
1969 3181 2328 3247 eﬂ'eminatus,
2373 3185 2681 3254 cultumque
2728 3203 2791 3242 ac
2837 3201 3149 3244 ornamenta
3183 3191 3344 3245 misec

1785 3285 1964 3324 rarum
1993 3272 2284 3340 puellarum
2316 3283 2608 3341 mutuatus,
2643 3278 2982 3344 vituperante
3014 3280 3299 3350 Evangelia
3319 3320 3335 3345 ,

1781 3360 2012 3429 vapulat.

1848 3629 1952 3682 Alii
1983 3629 2108 3683 item
2135 3628 2328 3683 similis
2372 3638 2613 3684 amantes
2647 3629 2930 3698 vanitatis;
2958 3631 3086 3700 quin
3107 3631 3216 3686 imo
3247 3647 3341 3685 au-

1780 3722 2039 3778 ctioribus
2073 3721 2247 3776 modis
2288 3721 2479 3774 vitium
2510 3720 2834 3789 excolentes,
2887 3736 2954 3776 ne
2990 3724 3076 3777 hic
3123 3724 3339 3793 quidem

1781 3815 1956 3868 stultae
1990 3812 2222 3868 solertiae
2257 3812 2388 3866 fines
2419 3811 2817 3867 constituerunt
2854 3831 2868 3868 :
2903 3816 2996 3868 sed
3031 3831 3167 3870 novo
3207 3831 3341 3886 quo-

1780 3909 1900 3961 dam
1933 3921 1995 3960 ac
2023 3919 2426 3974 supervacaneo
2460 3904 2705 3959 textrina
2733 3914 3056 3970 commento,
3090 3909 3229 3976 quod
3260 3923 3342 3961 ar-

1781 4008 1885 4053 tem
1915 4001 2220 4068 pictoriam,
2251 3998 2497 4053 staminis
2525 3997 2950 4066 acsubtegmiuis
2973 3999 3150 4052 subtili
3180 4015 3328 4053 com-

1780 4089 2026 4159 plexione
2077 4088 2332 4153 imitans,
2374 4089 2611 4141 omnium
2673 4085 2872 4140 formas
2917 4086 3227 4140 animalium
3285 4089 3339 4142 in

1779 4179 2020 4232 vestibus
2063 4178 2352 4247 exprimat,
2388 4175 2597 4236 ﬂorida.
2641 4191 2702 4229 ac
2752 4178 3022 4231 sexcentis
3068 4179 3339 4245 varicgata

1781 4269 1966 4338 ﬁguris
2005 4269 2344 4332 vestimenta,
2372 4280 2480 4320 tum
2523 4268 2644 4332 sibi,
2676 4277 2784 4320 tum
2809 4268 3084 4331 uxoribus,
3116 4283 3178 4321 ac
3209 4268 3342 4320 lihe-

1781 4363 1855 4416 ris
1883 4375 2106 4429 operose
2142 4358 2464 4425 coniiciunt;
2499 4358 2620 4412 ludo
2666 4359 2915 4427 deinceps
2961 4372 3197 4429 agentes,
3235 4374 3339 4412 non

1782 4453 1924 4508 serio
1951 4453 2152 4522 aliquid
2181 4453 2439 4506 facientes
2469 4469 2483 4505 :
2522 4452 2612 4520 qui
2646 4451 2957 4504 divitiarum
3016 4465 3342 4519 exsuperan-

1784 4542 1876 4607 tia,
1930 4542 2126 4596 sacculo
2159 4542 2482 4605 abutantur,
2547 4555 2649 4594 non
2706 4539 3003 4605 utantur‘;
3067 4555 3123 4592 ac
3174 4539 3343 4593 Paulo

1785 4635 2049 4689 contraria
2088 4634 2362 4698 sauciant;
2417 4633 2718 4701 divinisque
2768 4632 3020 4694 vocibus,
3073 4632 3152 4685 sin
3208 4633 3342 4684 scri-

1783 4725 1890 4793 ptis
1918 4738 1980 4778 ac
2040 4723 2239 4788 verbis,
2296 4738 2358 4777 ac
2399 4722 2553 4776 factis
2610 4722 2981 4776 adversentur.
3019 4719 3145 4785 Quzc
3199 4721 3338 4772 enim

1784 4815 1871 4870 ille
1900 4829 2147 4870 sermone
2181 4814 2495 4883 proscripsit
2519 4812 2571 4879 ',
2605 4813 2718 4866 hrcc
2762 4813 2860 4879 ipsi
2894 4811 3164 4864 mordicus
3213 4809 3341 4863 reti-

1783 4920 1911 4963 nent
1935 4920 1999 4961 ac
2016 4906 2265 4980 operibus
2279 4913 2387 4966 rata
2413 4903 2614 4957 volunt.
2636 4902 2767 4957 Cum
2789 4903 2972 4970 itaque
2996 4900 3187 4954 talibus
3213 4899 3345 4950 ami-

1781 4999 1851 5052 cti
1883 4999 1937 5051 in
1970 4996 2239 5066 publicum
2266 4995 2549 5063 prodeunt,
2593 5001 2848 5059 tanquam
2892 4989 3084 5058 depicti
3111 4988 3344 5056 parietes

1780 5087 1952 5142 obviis
1985 5087 2282 5154 quibusque
2309 5092 2620 5141 cernuntur.
2657 5081 2795 5148 Quin
2825 5091 2880 5134 et
2913 5079 3064 5150 pueri
3095 5077 3344 5147 quando-

1779 5193 1884 5248 que
1911 5179 2281 5240 circumstant,
2314 5176 2528 5244 risuque
2559 5183 2745 5226 mutuo
2771 5171 2941 5242 pictas
2971 5171 3023 5225 in
3053 5168 3344 5222 vestimen-

1782 5269 1849 5322 tis
1892 5268 2093 5336 iiguras
2130 5266 2304 5320 indice
2358 5271 2676 5325 monstrant,
2721 5275 2785 5314 ac
2840 5272 2976 5328 pone
3028 5265 3341 5322 sequentes,

1778 5373 1919 5428 πει-ο
1972 5357 2184 5410 tandem
2223 5354 2499 5420 recedunt,
2535 5367 2598 5407 ac
2622 5352 2689 5406 ab
2741 5351 2820 5406 eis
2847 5348 3002 5402 avelli
3040 5346 3340 5414 patiuntur.

2139 5556 2159 5589 ⁸
2198 5553 2218 5607 1
2273 5555 2415 5609 Tim.
2448 5569 2525 5617 ιι,
2561 5551 2743 5618 9,10.

1783 5710 1944 5748 censu
1997 5709 2060 5746 ac
2088 5692 2240 5746 bonis
2268 5691 2529 5760 possessis
2567 5689 2834 5749 abutatur,
2867 5699 3007 5739 ma.e
3047 5697 3339 5760 .nsumens,

1783 5781 1886 5817 non
1915 5765 1965 5816 in
1993 5777 2118 5817 suos
2149 5777 2210 5815 ac
2236 5755 2457 5830 proximi
2500 5769 2824 5828 Opportunos
2852 5770 3002 5833 usus,
3031 5769 3092 5810 ac
3128 5755 3178 5808 in
3210 5765 3344 5822 quos

1787 5836 1921 5887 Deus
1955 5833 2239 5886 concessit.
