4212 6318
784 387 880 443 Hi7

2060 386 2118 441 S.
2162 384 2434 441 ASTERH
2479 382 2786 441 AMASENI

3960 388 4057 444 168

788 499 983 556 Videre
1011 508 1095 554 est
1117 497 1225 553 illic
1248 496 1453 563 leones,
1483 498 1802 568 pantheras,
1830 511 2006 564 ursos,
2039 509 2243 565 tauros,
2278 518 2364 557 ca-

2479 498 2632 570 αέχρι
2673 496 2891 551 πολλοῦ.
2931 495 3076 549 Ἐκεῖ
3104 495 3317 563 λέοντες
3356 498 3452 553 καὶ
3478 500 3791 573 παρδάλειςο
3839 502 4057 573 ἄρκτοι,

786 609 904 662 nes,
940 591 1128 657 silvas,
1162 604 1314 656 saxa,
1341 600 1602 645 venantes
1640 591 1803 658 viros,
1833 605 1896 647 ac
1925 593 2107 647 omnia
2134 594 2369 662 denique

786 688 932 740 circa
969 699 1090 755 quae
1114 683 1383 754 pictormn
1406 681 1674 737 industria
1700 694 1946 737 versatur
1973 693 2179 737 natura:
2202 699 2372 737 aemu-

787 774 855 832 la.
887 773 1122 829 Necesse
1158 772 1409 827 videlicet
1433 780 1572 836 erat,
1614 781 1672 825 ut
1694 772 1929 837 videtur,
1964 788 2151 829 eorum
2176 774 2371 828 nedum

786 868 1023 938 parietes
1063 881 1126 920 ac
1164 866 1355 921 domos
1394 866 1622 935 picturis
1660 866 1942 933 exornari,
1983 881 2171 922 verum
2206 866 2369 921 etiam

788 960 1019 1023 tunicas,
1070 966 1123 1012 et
1151 959 1312 1027 pallia
1344 959 1423 1013 eis
1456 957 1837 1026 superiniecta.

856 1137 1034 1208 Siqui
1078 1145 1257 1189 autem
1308 1150 1427 1189 cum
1464 1134 1585 1198 viri,
1623 1144 1733 1188 tum
1789 1134 2000 1189 feminae
2046 1151 2110 1189 ex
2148 1136 2236 1201 iis,
2284 1137 2374 1206 qui

788 1228 991 1281 divitiis
1032 1224 1275 1290 aﬂluunt,
1320 1224 1684 1296 religiosiores
1717 1226 1990 1291 videntur,
2045 1226 2269 1283 collecta
2309 1242 2375 1282 ex

788 1319 1013 1374 historia
1064 1318 1373 1387 evangelica
1412 1326 1751 1388 argumenta,
1786 1318 2084 1373 textoribus
2115 1319 2378 1373 submini-

788 1418 997 1474 strant;
1027 1411 1200 1477 ipsunt
1229 1408 1449 1479 inquam
1474 1408 1753 1464 Christum
1786 1421 2030 1464 nostrum
2063 1426 2184 1465 cum
2220 1411 2377 1466 disci-

788 1502 928 1572 pulis
959 1502 1242 1567 onmibus;
1293 1516 1356 1555 ac
1390 1500 1673 1564 miracula,
1720 1516 1827 1572 qua
1866 1494 2119 1573 quodque
2167 1504 2376 1557 ratione

789 1603 1067 1648 narratum
1116 1592 1363 1646 habetur.
1404 1592 1625 1647 Videbis
1674 1594 1887 1663 nuptias
1920 1592 2159 1648 Galilaaae
2188 1605 2242 1647 et
2272 1593 2373 1663 hy-

789 1679 965 1745 drias;
994 1678 1368 1749 paralyticum,
1401 1676 1600 1733 lectum
1649 1679 1701 1732 in
1748 1680 1989 1733 humeris
2036 1687 2374 1751 gestantem;

790 1782 1021 1832 cmcutn,
1070 1769 1240 1822 oblito
1288 1767 1402 1821 tuto
1454 1779 1731 1835 curatum;
1788 1767 2052 1839 proﬂuvio
2099 1770 2378 1841 sanguinis

2476 588 2569 643 καὶ
2596 588 2810 659 ταῦροι,
2840 586 2935 640 καὶ
2964 586 3144 651 κὺνες’
3173 587 3316 653 ὕλαι,
3358 593 3453 645 καὶ
3482 593 3701 666 πέτραι,
3727 595 3825 649 καὶ
3869 595 4062 667 ἄνδρας

2475 677 2810 749 θηροκτόνοι,
2849 677 2942 730 καὶ
2982 678 3133 731 πᾶσα
3186 680 3219 750 ἠ
3269 680 3369 751 τῆς
3414 685 3691 756 γραφικῆς
3717 686 4061 757 ἐπιτήδευσις

2478 770 2790 841 μιμουμένη
2825 770 2923 841 την
2979 768 3161 838 φύσιν.
3222 772 3371 825 Ἔδει
3407 775 3517 847 γὰρ
3566 777 3641 849 μὴ
3674 779 3803 841 τοὺς
3852 777 4061 850 τοίχους

2475 862 2655 916 αὑτῶν
2675 860 2857 931 μόνον,
2895 861 2970 926 ὼς
2996 860 3192 927 ἔοικεν,
3232 864 3446 930 καὶτὰς
3490 868 3669 932 οἰκίας
3716 870 4059 943 κοσμεῖσθαιο

2406 1022 2409 1026 θ
2476 954 2611 1008 ἀλλὰ
2666 954 2766 1026 ἤδη
2819 955 2914 1006 καὶ
2969 954 3097 1017 τοὺς
3130 953 3385 1024 χιτῶνας,
3440 959 3537 1011 καὶ
3595 961 3667 1015 τά
3715 962 3775 1016 ὲν
3836 962 4064 1027 ἐκείνοις

2479 1046 2689 1116 ἱμάτια.

2553 1140 2706 1193 Ὅσοι
2740 1140 2796 1195 δὲ
2825 1144 2918 1196 καὶ
2952 1145 3073 1199 ὅσαι
3101 1144 3209 1200 τῶν
3260 1144 3633 1201 πλουτούντων
3664 1145 3744 1219 [ὲν
3785 1145 3941 1220 ὑμῖν]
3972 1146 4065 1202 εὑ-

2476 1227 2815 1302 ).α6έστεροι,
2850 1234 3242 1308 ἀναλεξάμενοι
3270 1235 3367 1309 τὴν
3405 1237 3764 1309 εὑαγγελικὴν
3801 1238 4062 1310 ἱστορίαν,

2476 1322 2589 1385 τοῖς
2615 1322 2878 1391 ὑφανταῖς
2934 1327 3281 1399 παρέδωκαν·
3330 1328 3494 1381 αὑτὸν
3518 1327 3663 1397 λέγω
3691 1328 3783 1383 τὸν
3832 1330 4068 1399 Χριστὸν

2477 1414 2634 1482 ἡμῶν
2670 1416 2809 1486 μετὰ
2841 1418 2952 1473 τῶν
2992 1420 3247 1491 μαθητῶν
3270 1420 3545 1475 ἁπάντων·
3582 1421 3676 1474 καὶ
3712 1421 3821 1475 τῶν
3850 1421 4067 1493 θαυμα-

2480 1507 2611 1559 σίων
2643 1506 2895 1572 ἕκαστον,
2939 1509 3074 1583 ὠςή
3116 1512 3366 1585 διήγησις
3396 1512 3531 1583 ἔχει.
3572 1513 3730 1583 "Od/et
3750 1514 3842 1568 τὸν
3890 1515 4069 1587 γάμον

2477 1596 2578 1666 τῆς
2632 1598 2942 1664 Γαλιλαίας,
2985 1602 3082 1655 καὶ
3132 1602 3234 1665 τὰς
3291 1602 3499 1674 ὑδρίας·
3537 1603 3630 1657 τὸν
3675 1605 4066 1676 παραλυτικὸν,

2478 1688 2578 1759 τὴν
2595 1688 2782 1759 κλίνην
2807 1692 2901 1744 ἐπὶ
2925 1691 3034 1747 τῶν
3052 1691 3219 1765 ὤμων
3243 1694 3495 1765 φέροντα’
3522 1695 3613 1749 τὸν
3634 1697 3832 1766 τυφλὸν
3854 1699 3937 1770 τῷ
3965 1715 4070 1770 πη-

2479 1778 2555 1849 λῷ
2588 1778 3049 1853 θεραπευόμενονυ
3085 1784 3183 1855 τὴν
3207 1785 3611 1857 αἱμορῤοοῦσαν
3633 1788 3726 1841 τοῦ
3759 1790 4070 1860 κρασπέδου

789 1859 1123 1913 laborantem
1152 1858 1431 1924 fetninam,
1471 1858 1739 1913 ﬁmbriam
1765 1861 2223 1928 prehendentem;
2254 1878 2376 1928 pec-

2480 1869 2922 1946 λαμϐανομένηνο
2952 1875 3050 1946 τὴν
3098 1855 3421 1948 ἁμαρτωλον
3461 1880 3573 1942 τοῖς
3623 1855 3919 1934 πὸσὶνέοῠ
3962 1880 4070 1952 Ἰη-

789 1952 1066 2015 catricem,
1100 1950 1166 2004 ad
1222 1951 1385 2019 pedes
1436 1949 1562 2005 Jesu
1613 1951 1985 2017 accidentetn;
2043 1950 2312 2007 Lazarum
2346 1969 2375 2008 e

789 2044 1036 2113 sepulcro
1087 2042 1153 2096 ad
1212 2043 1375 2095 vitam
1449 2043 1802 2097 redeuntem:
1866 2042 2102 2113 dumque
2154 2046 2268 2099 luet:
2304 2047 2378 2097 l‘a-

791 2137 958 2201 ciunt,
1004 2136 1088 2203 pie
1112 2149 1169 2187 se
1205 2133 1411 2197 facere,
1445 2134 1605 2203 idque
1654 2135 1955 2190 indumenti
1991 2152 2181 2207 genus,
2235 2140 2372 2206 quoi

790 2226 899 2280 Deo
929 2238 1139 2297 gratum
1172 2227 1261 2289 sit,
1300 2227 1525 2282 induere
1556 2228 1911 2283 arbitrantur.
1946 2230 2011 2283 At
2040 2246 2126 2284 me
2154 2234 2373 2299 quidem

791 2319 835 2372 si
865 2319 1110 2383 audiant,
1147 2318 1267 2371 istis
1309 2318 1625 2383 divenditis,
1660 2321 1807 2375 vivas
1841 2320 1929 2373 Dei
1977 2321 2241 2392 imagines
2280 2337 2375 2377 co-

790 2407 925 2463 lant.
954 2406 1073 2462 Noli
1114 2407 1393 2463 Christum
1428 2409 1650 2479 pingere
1679 2409 1757 2481 (5)
1785 2411 1938 2481 (satis
1984 2413 2130 2466 enim
2168 2412 2246 2468 illi
2272 2423 2376 2476 est,

794 2515 901 2554 una
955 2500 1042 2554 illa
1100 2498 1560 2569 iucorporationis
1607 2502 1902 2568 humilitas,
1962 2518 2125 2573 quam
2186 2513 2379 2573 sponte

791 2589 962 2644 nostri
998 2602 1161 2642 causa
1208 2590 1505 2659 suscepit),
1546 2590 1673 2659 quin
1704 2590 1929 2660 spiritali
1983 2592 2193 2647 ratione
2248 2593 2378 2648 Ver-

791 2678 921 2734 bum
962 2678 1335 2747 incorporeum
1382 2690 1599 2749 gestans
1628 2680 1830 2744 animo,
1865 2681 2177 2739 circumfer.
2210 2682 2287 2739 Ne
2320 2685 2376 2739 in

791 2770 1037 2825 vestibus
1079 2770 1433 2839 paralyticum
1488 2773 1656 2838 habe,
1701 2775 1796 2827 sed
1842 2774 2120 2829 inﬁrmum
2154 2776 2379 2831 decum-

792 2860 1007 2915 bentem
1038 2861 1277 2931 require.
1317 2860 1395 2916 Ne
1427 2862 1707 2917 mulierem
1742 2866 2023 2935 sanguinis
2048 2864 2199 2923 ﬂuxu
2229 2869 2377 2925 labo-

794 2958 1002 3000 rantem
1032 2949 1233 3019 jugiter
1262 2951 1473 3019 aspice;
1509 2952 1602 3005 sed
1631 2953 1804 3008 viduae
1839 2955 2050 3011 alllictae
2088 2958 2370 3016 miserere.

791 3038 871 3093 Ne
899 3041 1257 3109 peccatricem
1312 3043 1377 3095 ad
1432 3042 1639 3097 Domini
1702 3060 1873 3114 genua
1931 3049 2374 3117 procumbentem

794 3130 1101 3201 diligentius
1139 3142 1435 3195 contnere;
1466 3134 1558 3187 sed
1588 3143 1801 3189 tuorum
1835 3138 2091 3191 memoria
2120 3151 2371 3209 peccato-

796 3238 914 3276 rum
955 3223 1242 3285 conlritus,
1292 3224 1486 3279 uberes
1515 3224 1784 3297 lacrymas
1820 3230 2025 3285 emitte.
2074 3229 2151 3285 Ne
2189 3247 2373 3286 resur-
2404 3201 2449 3261 C

794 3326 1008 3386 gentem
1046 3332 1110 3371 ex
1163 3320 1393 3372 mortuis
1426 3318 1691 3373 Lazarum
1744 3322 1935 3391 pinge;
1987 3325 2081 3377 sed
2133 3325 2377 3379 idoneam

797 3420 901 3465 tua:
951 3410 1367 3465 resurrectionis
1412 3412 1781 3467 defensionem
1826 3429 1976 3483 para.
2016 3414 2135 3469 Noli
2176 3431 2376 3470 caecum

795 3502 848 3555 in
874 3511 1023 3556 veste
1061 3500 1446 3569 circumferre;
1482 3502 1575 3556 sed
1613 3503 1881 3558 viventem
1918 3520 2121 3559 caecum
2170 3507 2371 3561 benefi-

794 3591 895 3646 ciis
953 3591 1149 3645 solare.
1215 3588 1334 3644 Noli
1402 3592 1662 3660 cophinos
1716 3594 2062 3664 reliquiarum
2123 3597 2375 3667 pingere;

795 3682 889 3736 sed
930 3681 1231 3736 esurientes
1263 3697 1442 3752 pasce.
1486 3681 1560 3738 Ne
1596 3684 1817 3754 hydrias
1862 3687 1913 3741 in
1938 3690 2178 3743 vestibus
2208 3701 2375 3759 gesta,

796 3788 932 3843 quas
961 3774 1184 3844 replevit
1219 3773 1295 3844 (ll)
1337 3776 1387 3828 in
1433 3774 1579 3829 Cana
1612 3776 1878 3843 Galilaeaz;
1919 3783 2009 3835 sed
2043 3782 2244 3836 sitienti
2286 3798 2381 3852 po-

798 3873 909 3919 tum
941 3865 1137 3932 prmbe.
1173 3863 1445 3918 Hactenus
1484 3867 1636 3922 nobis
1670 3867 1949 3935 splendida
1977 3870 2065 3923 illa
2095 3887 2157 3925 ac
2186 3887 2376 3941 snper-

795 3954 864 4009 ba
924 3952 1094 4007 vestis
1150 3952 1335 4007 divitis
1388 3952 1633 4021 profuit:
1691 3955 1831 4009 haud
1868 3971 1998 4010 vero
2052 3958 2368 4027 negligeuia

796 4054 921 4098 sunt
942 4042 1244 4112 sequentia.
1276 4041 1447 4096 Luxui
1481 4058 1712 4113 namque
1736 4046 1997 4110 vestium,
2032 4061 2095 4099 ac
2129 4060 2379 4115 purpura:

798 4143 854 4190 et
882 4137 1066 4205 bysso,
1101 4135 1367 4204 splendidi
1399 4135 1450 4188 in
1484 4136 1727 4205 singulos
1753 4137 1866 4191 dies
1893 4138 2125 4192 convivii
2159 4138 2379 4193 delicias

799 4227 1063 4296 adiunxit.
1104 4226 1260 4281 Paria
1292 4227 1557 4297 siquidem
1608 4244 1673 4283 ac
1724 4230 1966 4298 ejusdem
2013 4234 2179 4288 animi
2221 4237 2378 4290 ambo

798 4317 934 4379 hsce,
986 4316 1157 4369 inutili
1210 4317 1466 4385 inanique
1514 4318 1741 4372 vestium
1795 4321 2090 4377 ambitione
2129 4324 2379 4381 lascivius

797 4409 1004 4475 ornari,
1032 4412 1316 4478 ventrique
1353 4424 1417 4463 ac
1444 4410 1582 4480 gula
1618 4410 1831 4465 mollius
1861 4414 2091 4469 servire.

871 4606 1127 4677 Voluptas
1161 4607 1342 4677 itaque
1372 4621 1437 4661 ac
1474 4606 1719 4669 deliciae,
1754 4610 1969 4666 virtutis
2002 4613 2183 4668 studio
2220 4629 2379 4681 repu-

798 4708 1009 4769 gnant:
1066 4708 1298 4767 suntque
1331 4714 1439 4763 res,
1492 4701 1733 4754 animum
1783 4702 2082 4757 addicentis
2133 4705 2375 4760 mollitiei

798 4807 863 4848 ac
895 4791 1223 4860 dill'usionis;
1278 4794 1686 4864 immodicazque
1728 4795 2129 4863 delectationis,
2167 4814 2230 4853 ac
2274 4800 2374 4855 illi-

871 4974 946 5043 (‘53
992 4970 1118 5043 Noli
1145 4968 1410 5025 Christum
1444 4973 1671 5039 pingere.
1704 4971 1879 5043 Locus
1916 4974 2005 5026 hic
2036 4972 2194 5040 paqu
2225 4973 2385 5027 aliter

797 5042 997 5097 citatur
1028 5042 1081 5095 in
1128 5057 1200 5093 vtt
1236 5045 1463 5111 synodo,
1498 5054 1604 5095 act.
1643 5042 1695 5107 6,
1739 5042 1934 5096 additis
1967 5043 2145 5095 verbis
2187 5047 2383 5110 quibus

800 5130 858 5166 se
886 5114 1015 5165 satis
1037 5112 1285 5164 Asterius
1314 5113 1568 5180 explicat,
1600 5124 1657 5163 ut
1684 5127 1787 5163 non
1817 5114 2081 5179 picturam
2110 5113 2374 5175 absolute.

800 5186 891 5236 sed
926 5182 1121 5234 nimios
1168 5189 1413 5248 sumptus
1444 5182 1673 5233 vestiunt
1718 5181 2127 5249 pieturatartuu,
2183 5186 2273 5249 qui
2324 5185 2377 5236 in

2484 1961 2580 2015 σοῦ
2606 1964 3078 2034 προσπίπτουσαν*
3104 1966 3194 2020 τὸν
3230 1965 3480 2039 Λάζαρον
3509 1970 3574 2022 ὲκ
3604 1970 3700 2021 τοῦ
3730 1970 3903 2040 τάφου
3934 1974 4072 2043 πρὸς

2479 2055 2576 2125 τὴν
2598 2054 2741 2126 ζωὴν
2766 2056 3197 2128 ὑποστρέφοντα.
3235 2059 3345 2113 Καὶ
3373 2060 3547 2113 ταῦτα
3584 2062 3886 2127 ποιοῦντες,
3924 2066 4076 2119 εὐσε-

2481 2147 2593 2200 ϐεῖν
2629 2147 2931 2219 νομίζουσι,
2965 2151 3059 2205 καὶ
3089 2152 3282 2221 ἱμάτια
3311 2156 3683 2226 κεχαρισμένα
3716 2156 3792 2227 τῷ
3830 2156 3952 2228 Θεῷ
3973 2161 4074 2230 ἁμ-

2482 2239 2815 2307 φιέννυσθαι.
2866 2241 3034 2314 Ἐμὴν
3069 2242 3461 2315 δὲείδὲχονται
3516 2246 3844 2321 συμϐουλὴν,
3886 2250 4072 2305 ἐκεῖνα

2483 2330 2852 2399 πωλήσαντες,
2883 2331 2981 2396 τὰς
3014 2332 3194 2399 ζώσας
3214 2336 3430 2400 εἰκόνας
3456 2337 3549 2390 τοῦ
3573 2338 3710 2392 Θεοῦ
3756 2342 4075 2413 τιμησάτω-

2482 2438 2598 2479 σαν.
2629 2424 2721 2495 Mi]
2744 2424 2921 2496 γράφε
2956 2426 3045 2478 τὸν
3076 2427 3310 2497 Χριστὸν
3354 2432 3537 2498 (ἀρκεῖ
3562 2430 3670 2502 γὰρ
3700 2433 3849 2504 αὑτῷ
3894 2434 3929 2504 ἡ
3978 2435 4074 2505 μία

2479 2515 2578 2583 τῆς
2606 2514 3047 2584 ὲνσωματώσεως
3078 2522 3578 2592 ταπεινοφροσύνη,
3611 2522 3677 2593 ἣν
3731 2524 4075 2596 αὐθαιρέτως

2480 2607 2548 2659 δι’
2581 2610 2729 2680 ἡμᾶς
2754 2608 3121 2677 κατεδέξατο),
3174 2612 3268 2664 ἐπὶ
3296 2610 3354 2663 δὲ
3386 2612 3486 2681 τῆς
3510 2614 3691 2683 ψυχῆς
3727 2631 3838 2679 σου,
3876 2615 4075 2686 βαστά-

2480 2700 2590 2765 ζων
2623 2699 2827 2772 νοητῶς
2853 2700 2946 2753 τὸν
3001 2702 3292 2773 ἀσώματον
3316 2703 3489 2772 Λόγον
3524 2706 3810 2778 περίφερε.
3843 2709 3936 2780 Μὴ
3961 2711 4075 2773 τοῖς

2485 2790 2719 2862 ίματίοις
2766 2790 2856 2862 ἔχε
2907 2792 2998 2844 τὸν
3054 2793 3445 2865 παραλυτικὸν·
3484 2794 3621 2848 ἀλλὰ
3678 2798 3769 2850 τὸν
3817 2798 4074 2870 κείμενον

2480 2882 2763 2954 ἄρρωστον
2797 2881 3148 2954 ἐπιζήτησον.
3184 2886 3276 2955 Μὴ
3325 2886 3528 2959 ἱστόρει
3560 2888 3800 2959 συνεχῶς
3832 2890 3934 2960 τὴν
3992 2893 4076 2946 αι-

2484 2973 2843 3046 μορῤοοῦσανθ
2874 2974 3009 3027 ἀλλὰ
3030 2976 3206 3047 χήραν
3230 2976 3557 3050 θλιϐομένην
3582 2979 3822 3051 ἐλέησον.
3856 2983 3954 3053 Μὴ
3973 2985 4076 3054 τὴν

2483 3062 2801 3134 ἁμαρτωλὸν
2828 3065 3060 3131 γυναῖκα
3091 3065 3365 3137 ἐπιμελῶς
3407 3067 3511 3139 ὅρα
3544 3069 3951 3137 γονυπετοῦσαν
3986 3074 4078 3128 τὸν

2481 3157 2705 3229 Κύριον
2728 3157 2842 3211 ἀλλ’
2875 3158 2965 3211 ἐπὶ
2995 3162 3108 3222 τοῖς
3128 3161 3294 3214 αὑτοῦ
3328 3160 3762 3234 πλημμελήμασι
3791 3166 4078 3236 συντριϐό-

2483 3268 2665 3320 μενος,
2686 3250 2889 3304 πυκνὸν
2931 3251 3119 3323 ἔκχεον
3158 3254 3218 3307 τὺ
3264 3253 3519 3325 δάκρυον.
3557 3258 3649 3329 Μὴ
3692 3258 3781 3313 τὸν
3819 3258 4076 3333 Λάζαροκ

2483 3342 2833 3412 ἐγειρόμενον
2879 3344 2943 3396 ἐκ
2983 3346 3192 3415 νεκρῶν
3240 3347 3592 3419 σκιαγράφει’
3640 3349 3775 3404 ἀλλὰ
3824 3351 3929 3421 τῆς
3980 3353 4078 3423 σῆς

2480 3436 2828 3498 ἀναστάσεως
2848 3436 3059 3507 ἀγαθὴν
3085 3438 3183 3510 τὴν
3214 3438 3513 3507 ἀπολογίαν
3536 3439 3845 3510 εὐτρέπιζε.
3864 3443 3963 3515 Μὴ
3987 3443 4080 3497 τὸν

2478 3524 2676 3593 τυφλὸν
2706 3526 2797 3577 ἐπὶ
2823 3525 2923 3595 τῆς
2972 3527 3200 3598 ἐσθῆτος
3250 3530 3537 3601 περίφερεο
3580 3531 3715 3585 ἀλλὰ
3748 3532 3839 3587 τὸν
3868 3533 4078 3600 ζῶντα,

2480 3616 2575 3667 καὶ
2606 3615 2713 3668 τῶν
2747 3615 2921 3685 ὄψεων
2950 3617 3305 3689 ἀφῃρημένον
3352 3622 3472 3684 ταῖς
3507 3621 3776 3686 εὐποιίαις
3822 3640 4080 3697 παραμυ-

2482 3705 2598 3760 θοῦ.
2624 3708 2715 3778 Μὴ
2748 3708 2875 3770 τοὺς
2905 3708 3157 3779 κοφίνους
3186 3709 3464 3782 ζωγράφει
3488 3713 3595 3767 τῶν
3616 3712 3900 3783 λειψάνων·
3940 3716 4079 3771 ἀλλᾶ

2480 3796 2645 3867 τρέφε
2666 3797 2792 3861 τοὺς
2820 3799 3140 3863 πεινῶντας.
3180 3802 3271 3873 Μὴ
3309 3803 3408 3867 τὰς
3447 3805 3635 3877 ὑδρίας
3664 3808 3758 3862 ἐπὶ
3800 3810 3910 3864 τῶν
3940 3813 4071 3882 ἱμα-

2482 3888 2607 3941 τίων
2633 3888 2887 3959 βάσταζε,
2922 3889 2987 3953 ἃς
3004 3891 3061 3942 ὲν
3080 3892 3235 3962 Κανᾷ
3257 3893 3547 3960 Γαλιλαίας
3578 3898 3917 3971 ἐπλήρωσεν·
3938 3904 4078 3957 ἀλλὰ

2482 3980 2667 4045 πότιζε
2713 3982 2804 4035 τὸν
2850 3982 3107 4053 διψῶντα.
3166 3986 3289 4039 Ἐπὶ
3345 3987 3519 4043 ταῦτα
3545 3990 3690 4061 ἡμᾶς
3721 3992 3979 4064 ὠφέλησε
4018 4000 4079 4049 τὸ

2482 4074 2829 4146 ὑπερήφανον
2870 4076 3074 4146 ἔνδυμα
3106 4079 3200 4132 τοῦ
3259 4080 3539 4134 πλουσίου·
3587 4085 3647 4138 οὑ
3704 4087 3810 4158 μὴν
3840 4089 3967 4142 οὐδὲ
4010 4089 4077 4144 τὰ

2481 4165 2608 4236 ἑξῆς
2624 4167 2963 4238 περιοπτέον.
2989 4170 3351 4239 Προστέθεικε
3378 4173 3488 4245 γὰρ
3512 4178 3576 4245 τῇ
3600 4178 3853 4251 πορφύρᾳ
3886 4181 3989 4234 καὶ
4010 4186 4077 4254 τῇ

2483 4258 2684 4330 βύσσῳ,
2713 4259 2775 4314 τὸ
2811 4264 3025 4332 τρυφᾷν
3056 4263 3176 4316 καθ’
3206 4267 3420 4338 ἡμέραν
3454 4266 3742 4339 λαμπρῶς·
3770 4274 3995 4339 πάντως
4022 4276 4078 4330 δὲ

2478 4350 2581 4419 τῆς
2601 4352 2730 4422 μιᾶς
2757 4351 2981 4424 γνώμης
3005 4354 3311 4427 ἀμφότερα,
3363 4358 3422 4411 τὸ
3450 4358 3545 4412 καὶ
3573 4362 3639 4431 τῇ
3671 4363 3934 4435 ἀχρήστῳ
3984 4384 4077 4436 φι-

2481 4441 2701 4512 λοτιμίᾳ
2752 4442 2859 4496 τῶν
2903 4443 3229 4515 ἐσθημάτων
3270 4449 3793 4518 ἐγκαλλωπίζεσθαι,
3852 4458 3952 4510 καὶ
4008 4461 4075 4529 τῇ

2410 4540 2458 4599 Ῑ)
2484 4534 2681 4603 γαστρὶ
2701 4534 2795 4587 καὶ
2811 4536 2875 4605 τῇ
2904 4536 3141 4607 φάρυγγι
3175 4538 3444 4593 δουλεύειν
3464 4541 3778 4611 ἡδυπαθῶς.

2552 4622 2743 4695 Τρυφὴ
2782 4625 2962 4680 τοίνυν
3005 4629 3153 4681 ἐστὶν
3196 4632 3424 4703 πρᾶγμα
3470 4634 3724 4705 πολέμιον
3777 4637 4075 4709 φιλαρέτου

2485 4712 2647 4783 ζωῆς·
2677 4714 2930 4783 βλακείας
2956 4716 3011 4770 δὲ
3036 4720 3129 4771 καὶ
3161 4719 3460 4791 διαχύσεως
3487 4723 3797 4796 δουλούσης·
3833 4730 4076 4784 ἀπολαύ-

2486 4821 2623 4867 σεως
2646 4805 2908 4877 ἀμέτρου,
2942 4808 3037 4862 κα)⁴
3084 4809 3526 4882 ἀνδραποδώδους
3584 4817 3895 4888 συνηθείας.
3963 4821 4074 4875 Καὶ

2662 4980 2816 5067 Αῼυασ
2858 4983 3085 5067 replevit.
3121 4986 3653 5067 _Corrig_it_chmus,
3705 4996 4070 5067 ἐπλήρωσαν,

2479 5052 2835 5137 γεμιςοεηιξιιη
2874 5066 2943 5137 eo
2989 5060 3131 5122 quod
3188 5052 3326 5125 apud
3367 5052 3762 5137 Jtt-itllnellt'sil,
3810 5052 3905 5120 καὶ
3942 5052 4072 5137 ὲγέέ

2483 5134 2667 5187 μισαν,
2719 5129 2785 5193 et
2820 5122 3179 5193 impleverunt,
3223 5122 3334 5181 etc.
3401 5130 3602 5186 Verum
3659 5122 3778 5187 cum
3848 5122 4072 5193 codices

2483 5204 2707 5275 inlunem
2746 5192 3002 5275 singulari
3056 5205 3370 5275 con-stanter
3408 5200 3663 5275 eli'erant,
3699 5206 3985 5275 possitque
4016 5192 4069 5263 in

800 5251 1968 5342 paullfrei‘esszeult“erogattdj‘.‘Lvitqperet
1984 5251 2377 5342 Pretiae
2479 5258 2751 5337 plu-istum
2778 5251 3041 5342 refer-riu
3074 5267 3167 5334 qui
3218 5251 3905 5341 dicaturdecisa}:ququ
3917 5251 4071 5342 1?de

798 5319 888 5391 τὸν
919 5319 1154 5391 Χριστέν
1190 5321 1247 5391 εν
1278 5320 1532 5391 ἱματίοις,
1570 5320 1705 5372 ἀλλὰ
1746 5320 1943 5391 μᾶλλον
1981 5321 2078 5389 τὴν
2110 5319 2381 5375 cerave-

799 5390 1099 5461 ).wgtdt'rwv_
1126 5390 1330 5461 τούτων
1392 5390 1634 5461 δαπάνην
1690 5390 1925 5459 πτωχοῖς
1984 5390 2375 5461 προσπορίζου.

813 5461 997 5528 Ἀρκεί
1042 5458 1335 5531 γ-άρίναὺτῷ
1378 5462 1411 5524 ἡ
1449 5458 1545 5530 μία
1588 5462 1687 5530 τῆς
1720 5458 2160 5530 ὲνσωματώσεως
2191 5458 2380 5514 ταπεί-

801 5545 984 5591 νωσις.
1024 5548 1041 5578 ι
1068 5529 1181 5581 Noli
1213 5529 1487 5583 Christum
1532 5532 1581 5582 in
1616 5529 1953 5583 vestimentis
1997 5533 2235 5599 pingere,
2285 5534 2378 5587 sed

803 5602 980 5666 potius
1008 5601 1197 5651 borum
1244 5611 1491 5666 sumptus
1521 5600 1848 5669 pauperibus
1877 5615 2059 5669 eroga.
2080 5668 2083 5669 ν
2102 5601 2308 5655 Sullicit
2330 5603 2377 5656 ei

805 5686 906 5720 una
935 5670 1383 5739 incorporatiouis
1414 5668 1706 5722 humilitas.
1724 5687 1741 5718 ι
1768 5670 1823 5723 S.
1848 5668 2026 5724 tamen
2047 5668 2378 5739 Nicephorus

803 5739 875 5791 ita
922 5740 1053 5791 citat
1101 5750 1159 5794 ut
1204 5738 1432 5795 habetur
1470 5739 1573 5804 hic,
1615 5755 1677 5793 ac
1724 5740 1875 5807 longa
1924 5738 2381 5795 commentatione

802 5807 1052 5870 explicat.

2477 5326 2627 5407 jussu
2662 5346 2687 5408 ιι
2721 5330 2984 5386 ministris
3011 5326 3217 5408 factum
3248 5347 3361 5408 est,
3407 5354 3504 5393 usu
3546 5326 3921 5408 receptiSISimo
3948 5326 4071 5399 u'a—r:

2485 5398 2709 5481 rationis
2737 5404 3100 5481 .compendio,
3152 5406 3282 5459 nihil
3336 5398 3447 5481 ipse
3491 5398 3803 5481 tttutattduiti
3854 5398 4073 5481 putavi.

2482 5468 2700 5546 Accedit
2737 5468 2908 5538 ipsum
2953 5487 3148 5553 revera
3177 5490 3244 5553 ac
3288 5468 3536 5553 proxime
3560 5480 3837 5535 Christum
3854 5468 4072 5553 'imple;

2484 5552 2647 5618 visse,
2694 5555 2798 5618 non
2842 5557 3000 5609 aqua,
3054 5546 3162 5618 sed
3197 5548 3341 5618 vino,
3396 5549 3537 5615 quod
3576 5566 3641 5603 ex
3687 5567 3827 5618 aqua
3883 5546 4070 5611 in'eis

2484 5607 2646 5695 iecit;
2702 5607 3031 5695 cuius,'non
3078 5614 3281 5695 prioris
3316 5607 3640 5695 i’mpletiouis
3686 5607 4070 5695 sacramento,

2486 5676 2587 5730 illis
2619 5681 2821 5748 bydriis
2853 5676 3126 5739 veneratio
3158 5676 3407 5743 accessit.
