4212 6318
194 407 285 466 169

1213 416 1491 472 ιιυιιιιιλ
1533 421 1571 474 l.
1618 421 1702 474 DE
1736 422 1965 477 DthTli
2006 422 2091 478 ΕΤ
2132 424 2424 481 ΙιᾹΖςιῐὶΟ.

3331 436 3434 491 £70

194 524 476 594 λεγόμενον
522 528 629 597 μὲν
663 530 724 581 τὸ
762 531 991 601 πρᾶγμα
1020 530 1077 584 ἓν
1122 549 1173 585 τι
1218 534 1483 597 (gaius-cat-
1520 535 1758 600 ἐξεταζό-

1831 540 2067 599 ιιιετιιιίε
2115 540 2538 594 consuetudims.
2603 538 2666 593 Et
2714 556 3022 610 quanquam
3079 557 3167 599 res
3213 561 3316 601 una
3372 565 3433 603 ac

202 638 349 693 μενον
373 622 431 675 δὲ
453 623 602 677 κατά
645 624 814 695 μέρος
841 628 935 679 καὶ⁹
976 627 1477 698 κατηγορούμενον,
1506 631 1569 683 ὲκ
1595 630 1770 684 ποικί-

196 713 311 783 λης’
332 714 427 767 καί
482 715 733 779 πλείονος
783 717 875 768 καὶ
903 717 1275 787 πολυκεφάλου
1304 720 1500 783 κακίας
1532 721 1642 792 ἔχει
1674 721 1771 792 τὴν

196 806 473 859 σύστασιν.
506 806 703 878 Τρυφὴ
760 808 868 880 γὰρ
906 809 1006 861 οὐκ
1041 808 1106 862 ἂν
1153 810 1379 877 γένοιτο,
1417 813 1491 884 μὴ
1552 814 1770 878 πολλαῖς

195 895 488 966 αὐξηθεῖσα
523 900 648 960 ταῖς
694 897 867 962 ὕλαις.
922 900 1093 965 ’Ὕλας
1123 902 1179 954 δὲ
1231 903 1461 956 πλούτου
1500 904 1769 976 σωρεῦσαι

193 986 619 1058 ἀναμαρτήτως,
659 989 958 1059 ἀμήχανον·
1005 991 1145 1063 πλὴν
1186 993 1237 1044 εἰ
1276 994 1349 1063 μή
1378 1010 1502 1060 τινι,
1543 994 1683 1049 κατὰ
1710 997 1769 1050 τὸ

194 1074 442 1140 σπάνιον,
493 1076 571 1140 ὡς
611 1076 689 1148 τῷ
726 1078 878 1142 Ἰὼϐ,
911 1079 1172 1150 συμϐαίη,
1221 1083 1314 1134 καὶ
1346 1082 1593 1154 πλουτεῖν
1616 1084 1770 1154 δαψι-

190 1164 317 1229 λῶς,
350 1166 449 1220 καὶ
474 1166 575 1237 ζῇν
600 1167 740 1221 κατά
764 1168 824 1221 τὸ
844 1168 1050 1223 δίκαιον
1101 1172 1341 1244 ἀκριϐῶς
1389 1177 1480 1227 Δεῖ
1496 1176 1671 1228 τοίνυν
1692 1178 1768 1246 τῷ

190 1256 493 1325 τρυφῶντι,
522 1258 738 1330 πρῶτον
780 1259 878 1329 μὲν
903 1261 1078 1324 οἰκίας
1109 1264 1451 1327 πολυτελοῦς,
1483 1266 1646 1338 ψήφῳ
1674 1269 1768 1322 καὶ

190 1343 360 1410 λίθοις
390 1348 488 1401 καὶ
525 1349 709 1419 χρυσῷ
740 1351 876 1404 κατά
912 1353 1010 1414 τὰς
1064 1353 1280 1425 νύμφας
1324 1360 1763 1431 κεκοσμημένης·

193 1437 329 1509 πρὸς
365 1439 423 1492 δὲ
449 1440 547 1504 τὰς
580 1441 879 1510 ἐξαλλαγὰς
905 1445 1014 1497 τῶν
1041 1445 1201 1517 ὡρῶν
1225 1448 1317 1501 τοῦ
1365 1451 1609 1521 ἐνιαυτοῦ
1643 1454 1766 1506 ἐπι-

186 1528 423 1597 τηδσίως
443 1531 693 1602 ἐχούσης.
737 1535 987 1601 Ζητεῖται
1024 1535 1133 1607 γὰρ
1162 1538 1357 1610 θερμὴ,
1403 1541 1614 1614 ἀλεεινὴ
1668 1544 1766 1613 μὲν

187 1620 220 1688 ἠ
246 1620 342 1673 τοῦ
371 1622 659 1692 χειμῶνος,
692 1625 786 1677 καὶ
813 1622 1159 1698 τετραμμένη
1174 1629 1309 1699 πρὸς
1336 1631 1433 1699 τὴν
1453 1633 1644 1688 ἀκτῖνα
1667 1635 1766 1705 τῆς

188 1710 559 1782 μεσημϐρίας·
584 1714 1008 1786 ἀναπεπταμένη
1041 1717 1097 1769 δὲ
1127 1720 1265 1789 πρὸς
1278 1720 1376 1791 τὴν
1401 1722 1620 1792 ἄρκτον,
1675 1725 1765 1778 θε-

187 1798 335 1868 ρινήο
356 1800 445 1852 ἴνα
466 1799 689 1865 λεπταῖς
714 1802 851 1871 ὁμοῦ
877 1804 969 1856 καὶ
988 1804 1223 1874 ψυχραῖς
1253 1811 1373 1872 ταῖς
1401 1808 1599 1882 αὔραις
1647 1815 1765 1877 ταῖς

185 1886 461 1958 βορειναῖς
493 1891 887 1961 καταπνέηται.
927 1893 1083 1945 Μετὰ
1103 1894 1325 1966 ταύτην,
1353 1899 1511 1969 χρεία
1543 1900 1765 1955 πολυτεο

181 1978 309 2042 λοῦς
335 1982 563 2051 ἐσθῆτος
596 1982 692 2053 τῆς
712 1985 1007 2055 μελλούσης
1037 1989 1434 2057 ἀμφιέννυσθαι
1469 1993 1537 2045 τὰ
1566 1994 1759 2067 βάθρα,

179 2069 282 2134 τὰς
329 2071 538 2136 κλίνας,
570 2072 670 2136 τὰς
734 2075 1004 2142 πιὸάδας,
1054 2078 1151 2142 τὰς
1197 2078 1387 2150 θύρας.
1425 2081 1609 2136 Πάντα
1654 2085 1762 2156 γὰρ

181 2161 313 2231 παρ’
347 2160 579 2223 ἐκείνοις
609 2162 885 2231 ἐπιμελῶς
913 2164 1152 2219 ἐνδύεται
1176 2166 1267 2218 καὶ
1286 2167 1356 2219 τὰ
1381 2167 1581 2238 ἀψυχα,
1604 2169 1764 2222 ἐλεει-

179 2249 287 2313 νῶς
312 2249 425 2302 τῶν
450 2252 699 2321 πενήτων
733 2252 1093 2322 ὲκδυομένων.
1126 2254 1369 2324 Πρόσθες
1390 2254 1516 2325 ἑξῆς
1552 2258 1761 2323 τούτοις

180 2343 276 2393 καὶ
306 2343 522 2409 λόγισαι
550 2347 641 2396 τὸν
680 2344 737 2395 ὲν
800 2344 1048 2397 σκεύεσιν
1114 2345 1373 2417 ἄργυρον,
1420 2348 1510 2401 τὸν
1538 2350 1756 2420 χρυσὸν,

176 2434 278 2503 τὴν
313 2434 685 2487 πολυδάπανον
715 2437 1012 2508 ἀγορασίαν
1037 2438 1145 2491 τῶν
1182 2441 1245 2490 ὲκ
1261 2439 1485 2501 Φάσιδος
1506 2439 1755 2510 ὀρνίθων·

176 2526 319 2577 οἴνου
352 2526 446 2577 τοῦ
475 2527 741 2591 Φοίνικος,
778 2529 836 2581 ὃν
883 2532 937 2581 αι
983 2530 1216 2599 ἄμπελοι
1246 2530 1423 2601 Τύρου
1452 2530 1616 2585 πολὺν
1646 2534 1759 2594 τοῖς

178 2616 454 2679 πλουσίοις
480 2618 574 2670 καὶ
621 2619 803 2688 τίμιον
851 2621 1204 2689 ἀπορῤέουσυ
1238 2624 1418 2675 πᾶσαν
1443 2622 1539 2696 τὴν
1591 2622 1757 2695 ἀλλην

174 2705 276 2773 τῆς
324 2707 1084 2781 ἀπολαύσεωςπαρατκευὴν,
1137 2714 1204 2783 ἥν
1246 2713 1426 2789 αὐτῶν
1472 2715 1580 2768 τῶν
1614 2732 1757 2787 χρω-

179 2795 357 2863 μένων
410 2798 556 2849 ἐστὶν
588 2800 865 2870 ἐπιμελῶς
895 2804 1180 2871 ὀνομάσαι.
1216 2802 1459 2869 Αὔξουσα
1480 2806 1589 2879 γὰρ
1634 2809 1756 2863 καθ’

175 2887 388 2957 ἡμέραν
418 2889 511 2945 ἐπὶ
540 2890 601 2943 τὸ
637 2893 1055 2964 περιεργότερον
1091 2897 1123 2964 ἡ
1158 2898 1360 2969 τρυφὴ,
1394 2899 1492 2969 ἤδη
1532 2901 1624 2954 καὶ
1646 2901 1756 2954 τῶν

174 2977 234 3041 ἐξ
300 2980 527 3050 Ἰνδικῆς
582 2982 890 3053 ἀρωμάτων
948 2988 1245 3057 παρεγχέει
1277 2992 1389 3053 τοῖς
1434 2990 1603 3059 ὄψοιςο
1661 2996 1756 3047 καὶ

177 3068 379 3137 μᾶλλον
434 3070 541 3122 τῶν
600 3072 799 3143 ἰατρῶν
846 3077 894 3126 οι
938 3076 1254 3146 μυροπῶλαι
1307 3082 1431 3142 τοῖς
1474 3081 1755 3152 μαγείροις

174 3159 561 3229 ὑπηρετοῦσιν.
603 3163 881 3218 Ἐντεῦθεν
908 3160 1161 3235 ἐννόησον
1191 3166 1252 3220 τὸ
1278 3164 1634 3240 δορυφορικὸν
1655 3172 1755 3241 τῆς

173 3249 453 3320 τραπέζης
473 3251 1152 3325 πλῆθος,τραπεζοποιοὺς,
1167 3258 1453 3326 οἰνοχόους,
1478 3259 1752 3330 ταμιείας,

173 3339 268 3390 καὶ
298 3340 422 3402 τοὺς
447 3339 652 3393 τούτων
680 3342 1093 3412 ἀφηγουμένους
1125 3345 1435 3414 μουσικούς·
1465 3350 1751 3417 μουσικὰς,

171 3427 551 3500 ὀρχηστρίδας,
573 3430 828 3501 αὐλητὰς.
854 3433 1265 3500 γελωτοποιοὺς,
1288 3436 1547 3502 κόλακας,
1576 3455 1753 3509 παρα-

173 3521 373 3583 σίτους,
430 3520 522 3574 τὸν
566 3522 860 3576 ἀκόλουθον
911 3524 1009 3593 τῆς
1065 3526 1426 3598 ματαιότητος
1465 3530 1748 3599 συρφετόν.

171 3610 360 3663 Ταῦτα
383 3612 471 3664 ἵνα
496 3611 693 3683 κτηθῇ,
720 3614 873 3667 πόσοι
931 3616 1160 3687 πένητες
1209 3617 1556 3673 ἀδικοῦνταιι
1596 3622 1746 3674 πόσοι

170 3701 226 3756 δὲ
254 3703 484 3774 ὀρφανοὶ
506 3704 929 3767 κονδυλίζονταιί
962 3707 1123 3761 πόσαι
1144 3709 1198 3761 δὲ
1215 3707 1745 3782 χῆραιδακρύουσινι

172 3794 329 3846 redeat
377 3794 620 3864 σφοδρῶς
650 3797 1086 3868 σπαραττόμενοι
1121 3801 1444 3856 σπεύδουσιν
1488 3794 1622 3874 πρὸς
1652 3806 1745 3872 ἁγ-

172 3882 361 3954 χόνηνι
398 3886 462 3937 Ἦ
488 3886 544 3939 δὲ
573 3885 679 3938 τῶν
722 3887 976 3942 τοιούτων
1003 3891 1168 3962 ψυχὴ,
1196 3891 1383 3965 ὥσπερ
1407 3893 1643 3964 Ληθαίου
1676 3912 1751 3948 τι·

171 3974 257 4036 νὸς
296 3972 485 4039 ὓδατος
513 3976 849 4047 γευσαμένη,
886 3981 1086 4050 ἑαυτῆς
1140 3984 1445 4053 ἀμνημονεί
1472 3985 1745 4052 καθάπαξ,

172 4064 251 4127 τίς
285 4067 452 4128 ἐστιν,
486 4067 580 4119 ιιαῆ⁵
612 4067 715 4120 τίνι
750 4069 1120 4135 συνέζευκται,
1144 4071 1236 4126 καὶ
1258 4075 1339 4127 ὅτι
1365 4076 1496 4128 ποτὲ
1522 4076 1619 4146 τῆς
1649 4095 1744 4129 συ-

174 4155 365 4223 ζυγίας
401 4157 603 4228 ταύτης
653 4158 966 4230 λυθήσεται,
1015 4165 1109 4215 καὶ
1160 4164 1322 4217 πάλιν
1368 4167 1746 4220 ἀνακτισθέντι

177 4250 485 4319 συνοικήσει
538 4250 616 4320 τῷ
665 4250 901 4322 σώματι.
977 4254 1249 4319 Ἐλθόντος
1301 4257 1355 4311 δὲ
1405 4257 1597 4329 καιροῦ
1651 4261 1744 4313 τοῦ

175 4338 525 4410 καθήκοντος,
550 4344 643 4396 καὶ
668 4345 762 4398 τοῦ
790 4346 1167 4417 ἀπαραιτήτου
1198 4349 1615 4420 προστάγματος
1646 4351 1746 4421 τῆς

176 4428 311 4499 πρὸς
342 4429 404 4482 τὸ
431 4428 588 4500 σῶμα
617 4435 899 4498 κοινωνίας
930 4436 1283 4502 ἀποσπῶντος
1314 4439 1503 4510 αὐτὴν,
1552 4441 1745 4494 ἀναλο-

170 4518 366 4589 γισμὸς
429 4520 733 4591 εἰσέρχεται
778 4523 883 4575 τῶν
932 4525 1299 4596 βεϐιωμένων,
1347 4530 1440 4583 καὶ
1460 4531 1741 4601 ἀνωφελὴς

176 4610 449 4677 μετάνοια,
497 4612 726 4666 κατόπιν
761 4615 1022 4686 γινομένη
1066 4617 1163 4687 τῆς
1197 4618 1401 4688 χρείας.
1448 4619 1580 4672 Τότε
1631 4619 1740 4691 γὰρ

172 4700 373 4770 ὀνίνησι
407 4702 756 4772 μεταμέλεια,
786 4706 911 4758 ὃταν
952 4707 980 4759 ό
1023 4707 1549 4779 μεταϐουλευόμενος
1596 4708 1741 4773 ὲξουυ

176 4790 294 4844 σίαν
321 4791 418 4864 ἔχῃ
445 4794 545 4862 τῆς
591 4794 947 4865 διορθιῖισεωςο
978 4797 1359 4869 ἀναιρεθείσης
1385 4799 1440 4851 δὲ
1465 4799 1566 4870 τῆς
1588 4800 1742 4871 ὲνερ-

168 4882 325 4949 γείας
357 4883 449 4935 τοῦ
495 4884 815 4955 κατορθοῦν,
867 4888 1082 4957 ἀχρεῖος
1113 4892 1146 4959 ἡ
1176 4888 1343 4959 λύπη,
1382 4892 1473 4943 καὶ
1514 4892 1741 4961 μάταιος

169 4975 202 5044 ὴ
231 4974 590 5043 μετάγνωσις.

234 5230 474 5300 Πτωχὸς
501 5231 569 5285 δέ
606 5249 696 5303 τις
724 5229 802 5304 ἦν
828 5234 1068 5303 ὀνόματι
1101 5234 1375 5303 Λάζαρος.
1408 5237 1481 5289 Οὐ
1523 5238 1727 5308 πένητα

166 5320 353 5383 ἁπλῶς
400 5322 704 5393 ὑπογράφει
738 5327 767 5378 ό
813 5324 995 5394 λόγος,
1041 5326 1141 5396 τῆς
1192 5326 1436 5394 δαπάνης
1492 5330 1584 5382 καὶ
1628 5332 1728 5399 τῆς

165 5410 353 5482 χρείας
382 5411 490 5465 τῶν
528 5414 841 5481 ἀναγκαίων
884 5415 1275 5487 ἐστερημένον·
1307 5417 1442 5470 ἀλλὰ
1482 5420 1589 5489 γὰρ
1631 5423 1725 5472 καὶ

234 5582 311 5658 (ᾖ)
352 5585 425 5638 Ac
452 5585 882 5658 lessellulisLSi‘e
924 5587 1203 5658 Cltrysost.
1237 5589 1390 5644 Hom.
1433 5591 1485 5644 in
1522 5593 1727 5646 divitem

160 5660 211 5703 et
238 5651 526 5731 afﬁni".
559 5651 1494 5731 μοιιιιΔνιῇ,Πιιεωίξτάγὲψηφωμῖένα
1531 5661 1721 5731 ἐδάφη,

161 5723 429 5775 (asellum
457 5741 519 5777 ac
548 5725 743 5788 lapillis
772 5725 1014 5777 distincta
1037 5723 1367 5793 pavimenta.-
1386 5729 1481 5784 Ubi
1524 5732 1567 5783 is
1603 5723 1721 5783 eum

160 5804 349 5845 vocem
376 5808 479 5845 non
517 5794 659 5847 male
688 5796 941 5864 eitplicztt,
970 5805 1022 5848 et
1046 5806 1100 5848 ut
1139 5798 1403 5864 ejusmodi
1436 5800 1721 5855 tessellulis

470 5888 746 5946 Ρλτιιοι.
789 5888 904 5946 Gn.
949 5887 1078 5947 XL.
1174 5922 1177 5925 λ

1871 631 2094 699 simplex
2124 631 2390 696 videatur,
2424 640 2480 685 ut
2513 632 2734 702 pr0pius
2769 644 2944 689 tamen
2973 636 3231 705 inspicias
3265 654 3328 694 ac
3354 643 3429 695 si-

1870 720 2091 787 gillatim
2122 721 2421 785 examines,
2461 735 2492 775 e
2532 723 2680 775 varia
2735 738 2797 777 ac
2849 723 3125 793 multiplici
3177 728 3432 782 vitiorum

1870 809 2095 863 colluvie
2137 810 2361 865 conﬂata
2405 812 2717 880 reperietur.
2762 813 3006 867 Deliciari
3049 816 3190 870 enim
3231 819 3435 885 absque

1872 903 2078 970 magnis
2121 902 2470 958 facultatibus
2518 902 2657 957 haud
2713 904 2904 971 possis.
2950 902 3302 960 Accumulare
3337 922 3436 962 au-

1873 1001 1978 1046 tem
2018 992 2234 1047 divitias
2261 995 2397 1049 citra
2424 1004 2723 1067 peccatum,
2753 995 3114 1062 impossibile;
3146 998 3243 1049 nisi
3272 998 3428 1052 alicui

1872 1080 2034 1151 (quod
2064 1082 2216 1137 valde
2248 1084 2450 1153 rarum)
2483 1083 2627 1152 large
2665 1083 2823 1137 simul
2853 1083 3071 1138 divitem
3102 1099 3239 1149 esse,
3272 1088 3433 1141 sedu-

1872 1169 2027 1238 loque
2080 1171 2342 1239 justitiam
2407 1171 2605 1237 colere,
2664 1172 2741 1225 uti
2794 1170 2894 1226 Job
2950 1174 3242 1243 contingat.
3295 1176 3446 1229 Aute'

1868 1259 2047 1313 muria
2074 1270 2275 1325 autem,
2305 1263 2354 1314 ei
2392 1263 2475 1315 cui
2526 1262 2668 1316 laute
2707 1262 3044 1333 delicateque
3085 1266 3267 1319 vivere
3304 1281 3431 1331 pro-

1868 1351 2124 1419 positum,
2164 1352 2322 1408 domo
2358 1369 2491 1423 opus
2533 1365 2615 1410 est
2665 1358 2859 1413 cultius
2903 1372 3201 1427 exstructa,
3238 1371 3429 1416 actes~

1866 1441 2072 1495 sellulis
2120 1441 2197 1513 (ὅ)
2253 1445 2550 1515 lapillisque
2613 1457 2667 1502 et
2714 1465 2843 1502 auru
2892 1464 3210 1521 Sponsarum
3255 1454 3429 1509 instar

1866 1542 2054 1586 ornata
2094 1550 2108 1587 :
2144 1542 2258 1587 tum
2284 1537 2444 1589 etiam
2474 1538 2539 1591 ad
2590 1541 2910 1594 mutationes
2945 1551 3245 1609 temporum
3271 1546 3426 1597 anni-

1865 1637 1972 1690 que
1995 1632 2337 1693 tempestates
2371 1627 2507 1683 bene
2535 1632 2959 1687 accommodata.
3010 1631 3432 1689 Commendatur

1867 1716 2031 1779 enim,
2092 1719 2315 1772 hiberna
2360 1720 2577 1785 quidem
2627 1723 2836 1788 calida;
2877 1725 3056 1791 aprica
3108 1725 3194 1778 illa
3242 1740 3307 1780 ac
3362 1727 3429 1779 ad

1868 1804 2219 1861 meridianum
2264 1809 2433 1863 solem
2477 1825 2779 1875 conversa;
2827 1815 3009 1868 aestiva
3064 1830 3191 1869 vero
3233 1816 3299 1869 ad
3347 1831 3434 1870 se-

1800 1885 1837 1938 Β
1868 1894 2223 1963 ptentrionem
2258 1910 2596 1967 exporrecta,
2639 1916 2745 1970 quo
2790 1913 2976 1958 tenues
3028 1904 3129 1958 illae
3178 1920 3241 1960 ac
3273 1904 3429 1975 frigi-
3489 1964 3494 1970 _

1865 1985 1999 2038 dula:
2026 1986 2094 2039 ab
2120 2000 2272 2041 arcto
2304 1992 2571 2059 spirantes
2602 2007 2765 2058 aurae,
2809 2008 2927 2049 eam
2964 1994 3190 2063 perﬂare
3217 2011 3280 2051 ac
3305 2012 3429 2066 per-

1865 2089 2042 2128 meare
2090 2079 2371 2132 commode
2424 2082 2655 2135 valeant.
2707 2083 2786 2135 Ad
2824 2084 2936 2138 base
2988 2085 3220 2154 Stragula
3278 2087 3424 2139 multi

1865 2166 2020 2230 pretii
2050 2176 2307 2222 veste/est
2346 2185 2500 2237 opus,
2544 2172 2609 2226 ad
2647 2173 2784 2227 imas
2829 2175 3143 2243 integendas
3175 2177 3334 2233 sedes
3366 2195 3431 2233 ac

1863 2269 2119 2319 scamma,
2162 2259 2455 2327 lectosque,
2489 2276 2553 2315 ac
2590 2264 2772 2318 tlroros
2795 2303 2811 2328 ,
2856 2275 2909 2320 et
2947 2266 3141 2334 januas
3173 2288 3185 2322 :
3242 2269 3425 2324 omnia
3456 2265 3459 2268 ⁴

1862 2346 2123 2413 siquidem
2162 2351 2300 2417 apud
2356 2367 2447 2406 eos
2508 2364 2759 2408 accurate
2814 2360 3149 2423 vestiuntur,
3208 2364 3423 2417 tametsi

1862 2432 2179 2498 inanimata,
2211 2452 2330 2491 cum
2381 2440 2597 2493 interim
2629 2458 2889 2510 pauperes
2925 2447 3303 2503 miserabiliter
3338 2466 3428 2504 vc-

1860 2525 2107 2578 stimenta
2136 2527 2402 2581 deliciam.
2436 2531 2586 2586 Adde
2618 2548 2737 2587 vasa
2768 2545 3016 2605 argentea
3035 2548 3196 2607 atque
3222 2556 3381 2595 aurea
3405 2582 3423 2607 ,

1863 2627 2129 2683 expensas
2154 2632 2353 2687 graves
2383 2624 2687 2678 coemendis
2715 2624 2997 2683 Phasianis
3031 2632 3239 2694 avibus,
3271 2633 3426 2687 vino-

1862 2722 1972 2777 que
2023 2694 2324 2776 Pbtenicio,
2358 2717 2495 2782 quod
2539 2718 2671 2773 vites
2707 2718 2906 2789 Tyriae,
2951 2724 3194 2789 quamvis
3237 2740 3425 2780 carum

1861 2799 2061 2855 ail'atim
2106 2804 2359 2859 divitibus
2388 2806 2609 2861 clllunnt
2642 2825 2655 2873 ;
2684 2825 3003 2880 omnemque
3024 2814 3158 2868 adeo
3192 2816 3426 2886 volupta-

1860 2892 1928 2947 tis
1966 2902 2128 2962 alque
2165 2896 2480 2951 deliciarum
2522 2913 2836 2969 apparatum
2874 2905 2940 2957 ab
2986 2905 3090 2960 illis
3146 2908 3278 2977 ipsis
3330 2912 3421 2979 qui

1858 2993 2135 3052 usurpant,
2172 2997 2421 3040 accurate
2468 2992 2873 3047 recensendum.
2917 2995 3137 3050 Auctior
3176 3002 3317 3052 enim
3367 3001 3419 3055 in

1857 3073 1970 3128 dies
2004 3075 2271 3143 voluptas,
2316 3092 2378 3132 ac
2424 3082 2637 3135 curiose
2667 3084 3006 3153 exquisitior,
3041 3089 3199 3141 etiam
3240 3090 3418 3146 Indica

1858 3172 2104 3218 aromata
2139 3166 2276 3237 cibis
2305 3166 2571 3235 aﬂundit;
2600 3174 2874 3242 magisque
2895 3175 3005 3243 jam
3038 3181 3224 3246 coquis
3256 3198 3417 3250 quam

1858 3259 2096 3321 medicis,
2132 3264 2469 3331 unguentarii
2503 3265 2774 3334 impendio
2797 3280 2941 3323 sunt.
2976 3270 3112 3337 Quin
3140 3284 3194 3329 et
3221 3291 3418 3331 tncnsre

1855 3346 2165 3401 Satellitium
2220 3368 2560 3407 numerosum
2601 3360 2901 3426 perpende:
2937 3370 3250 3431 structores,
3306 3368 3420 3435 pin-

1855 3451 2065 3501 cernas,
2098 3446 2565 3509 promos-condos,
2609 3456 2661 3500 et
2708 3450 2798 3518 qui
2842 3452 2925 3505 bis
2972 3466 3207 3521 praeeunt
3252 3458 3418 3511 musi-

1854 3542 1971 3593 cos,
2026 3532 2284 3597 musicas,
2343 3537 2734 3603 saltatriculas,
2792 3542 3067 3611 tibicines,
3129 3547 3412 3613 ridiculos.

1853 3617 2173 3683 gnathones,
2204 3624 2490 3689 parasitos,
2525 3626 2730 3680 turbam
2771 3630 3025 3686 vanitatis
3054 3636 3301 3690 comitem
3338 3650 3412 3690 at-

1852 3720 1955 3774 que
1984 3707 2349 3777 pedisequam.
2392 3712 2513 3768 Haec
2556 3724 2615 3768 ιιι
2649 3729 3054 3786 comparentur,
3099 3734 3231 3793 quot
3284 3742 3413 3795 pau-

1851 3810 2007 3864 peres
2034 3796 2296 3855 alliciendi
2346 3803 2580 3871 injuria?
2627 3816 2755 3873 quot
2805 3810 2994 3879 pugnis
3043 3816 3277 3869 caedendi
3323 3833 3413 3870 or-

1851 3887 2054 3953 pbani?
2088 3899 2217 3957 quot
2251 3892 2534 3961 lugendum
2562 3896 2769 3952 viduis?
2794 3913 2923 3967 quot
2960 3902 3186 3972 denique
3216 3907 3410 3963 misere

1851 3978 2173 4034 dilaniantes
2226 3983 2451 4052 seipsos,
2484 3986 2548 4039 ad
2603 3990 2782 4041 restim
2832 4005 2895 4044 ac
2934 3992 3179 4061 laqueum
3230 3998 3412 4052 decur-

1851 4068 2069 4121 rendum
2132 4071 2466 4126 habuerint?
2513 4076 2786 4145 Ejusmodi
2842 4082 3083 4147 profecto
3135 4085 3409 4144 hominum

1849 4158 2047 4220 anima,
2076 4160 2228 4227 quasi
2278 4160 2490 4216 Lethaea
2531 4169 2760 4233 quadam
2812 4170 3085 4240 degustata
3123 4189 3281 4243 aqua,
3325 4181 3409 4231 sui

1850 4256 2069 4309 prorsus
2113 4245 2477 4315 obliviscitur;
2528 4266 2645 4320 qua
2678 4264 2731 4307 et
2758 4257 2866 4324 ipsa
2922 4261 3011 4323 sit,
3043 4276 3105 4314 ac
3147 4265 3231 4317 cui
3279 4280 3410 4319 con-

1842 4330 2049 4396 juncta,
2096 4344 2259 4402 ulque
2286 4340 2475 4407 copula
2511 4342 2623 4397 lucc
2650 4346 2971 4415 quandoque
2998 4351 3067 4404 sit
3111 4355 3363 4408 solvenda
3390 4375 3406 4419 ;

1846 4420 2066 4489 ipsaque
2098 4425 2312 4494 iterum,
2345 4442 2644 4486 recreatum
2671 4450 2864 4504 corpus
2885 4453 2949 4491 ac
2985 4442 3277 4497 redivivum
3307 4446 3405 4500 do-

1848 4512 2099 4567 micilium
2144 4516 2412 4576 habitura.
2449 4519 2548 4576 Ubi
2576 4536 2753 4579 autem
2780 4538 2976 4583 statum
3008 4542 3214 4601 tempus
3243 4535 3405 4591 adve-

1848 4603 2004 4665 nerit,
2053 4618 2116 4658 ac
2150 4606 2530 4673 indeprecabili
2565 4614 2796 4678 decreto,
2829 4622 3071 4689 corporis
3110 4637 3173 4676 at:
3212 4627 3405 4681 eniture

1842 4706 2013 4747 nexus
2059 4692 2435 4781 dissolvendus
2490 4704 2615 4768 erit,
2672 4709 2867 4775 prioris
2918 4711 3041 4765 vitae
3095 4717 3406 4786 recogitalin

1844 4782 2080 4837 animum
2108 4788 2331 4853 subibit,
2364 4806 2596 4861 seraque
2637 4811 2699 4850 ac
2748 4799 2880 4851 nihil
2912 4802 3188 4868 profutura
3224 4782 3401 4874 paeni-

1844 4876 2027 4929 tentia.
2062 4875 2213 4933 Tunc
2240 4883 2380 4933 enim
2418 4884 2630 4938 demum
2657 4889 2973 4955 paenitentia
3007 4897 3245 4961 prodest,
3280 4913 3399 4951 cum

1840 4974 2053 5021 mutans
2088 4973 2439 5039 propositum,
2487 4980 2813 5033 emendandi
2852 4979 3157 5038 facultatem
3205 4986 3397 5054 habet;

1841 5058 2050 5113 sublata
2078 5075 2205 5115 vero
2236 5062 2359 5117 boni
2398 5068 2580 5134 operis
2610 5071 2766 5139 copia
2813 5087 2874 5127 ac
2918 5075 3150 5141 actione,
3197 5077 3401 5135 inutilis

1840 5148 1993 5201 dolor
2023 5166 2085 5204 ac
2115 5152 2289 5207 inanis
2316 5157 2588 5225 pteuitudo
2625 5171 2725 5215 est.

1912 5237 2041 5293 Erat
2084 5256 2253 5296 autem
2298 5248 2514 5315 quidam
2560 5254 2825 5305 mendicus
2877 5257 3081 5309 nomine
3137 5256 3394 5315 Lazarus.

1838 5328 2042 5384 Nedum
2092 5332 2372 5404 Scriptura
2440 5354 2725 5409 pauperem
2766 5344 3021 5399 describit
3094 5352 3398 5403 necessario

1836 5436 1931 5475 usu
1971 5438 2147 5477 rerum
2182 5427 2516 5493 destitutum,
2546 5445 2608 5484 ac
2634 5434 2855 5499 penuria
2892 5434 3225 5492 laborantem
3255 5437 3395 5503 {ve-

1838 5600 2179 5685 a‘cwralculis'
2226 5614 2435 5659 constet
2483 5609 2623 5676 quod
2680 5614 2945 5685 musivum
2991 5629 3128 5685 Opus
3180 5631 3395 5678 vocant.

1837 5665 2033 5748 {legitis
2080 5665 2547 5748 cotles,_qttomtnt
2594 5665 3127 5743 οοιιιιιιιςίιᾶ-Ιιεῆἶ
3169 5665 3393 5748 {Eu};

1834 5735 1995 5789 Savil.
2033 5741 2266 5795 restituit
2293 5735 2515 5801 Dircaeus
2539 5762 2602 5801 cx
2634 5735 2919 5807 Czcsar'eis.
2959 5735 3115 5741 5""
3170 5735 3225 5787 “ῗ

3086 5912 3123 5970 6
