4212 6318
765 391 860 450 ΓΗ

2039 397 2095 452 S.
2140 399 2177 452 Α
2190 398 2270 452 ST
2281 397 2411 452 ΕΒΗ
2451 398 2754 461 AMASENI

3929 407 4030 465 172

765 524 883 565 rum
913 509 1076 564 etiam
1109 510 1257 580 gravi
1296 517 1499 564 lentum
1525 513 1866 584 mgritudine,
1904 530 2130 584 corpore
2165 519 2332 570 tabido

2451 518 2732 591 ἀρρωστίᾳ
2793 519 3030 592 δδυνηρᾷ
3089 523 3462 592 συνεχόμενον,
3516 540 3607 575 και
3667 522 4029 595 διερῤυηκότα

760 606 1160 679 dimitentique,
1193 611 1309 666 sine
1341 611 1452 668 lare
1480 629 1542 669 ac
1575 615 1754 678 domo,
1797 610 2053 665 incultum
2094 624 2156 661 ac
2213 609 2339 662 hor-

762 697 964 762 ridum,
1001 709 1163 769 atque
1195 702 1258 755 ad
1284 701 1504 768 januam
1533 705 1712 759 divitis
1741 703 2057 774 projectum.
2081 701 2160 757 Ad
2196 719 2341 756 sum-

761 803 925 855 mam,
962 805 1083 845 cum
1109 807 1236 846 cura
1266 809 1326 849 ac
1370 797 1576 866 tragico
1621 798 1730 850 tere
1776 797 2040 850 c0tlmrno
2090 795 2340 864 pauperis

761 881 1035 937 miseriam
1079 895 1326 949 enarrat,
1364 903 1473 955 quo
1503 887 1672 955 magis
1703 902 1806 942 non
1846 886 2156 941 miserantis
2189 887 2338 940 duri-

761 970 887 1025 tiem
921 980 1066 1028 nolet
1106 983 1268 1042 atque
1315 976 1582 1030 traducat.
1616 975 1786 1042 Quem
1817 975 1962 1029 enim
1995 974 2221 1028 alterius
2259 975 2335 1026 [ι-

757 1076 873 1117 mes
901 1077 962 1117 ac
993 1064 1259 1133 aegritudo
1301 1065 1778 1121 commiseratione
1826 1082 1932 1120 non
1980 1067 2171 1134 tangit,
2226 1066 2334 1119 tera

755 1165 889 1206 sane
913 1162 997 1207 est
1024 1154 1254 1209 rationis
1288 1170 1502 1224 expers,
1538 1170 1821 1225 perperam
1860 1155 2154 1209 humanam
2188 1155 2338 1208 indu-

755 1249 842 1296 tus
867 1241 1120 1308 formam,
1155 1259 1219 1299 ac
1255 1244 1529 1298 voluntate
1549 1242 1749 1297 fallens
1780 1252 2065 1308 naturam;
2097 1243 2337 1310 adeoque

757 1331 888 1386 feris
924 1333 1056 1402 ipsis
1119 1345 1284 1404 atque
1329 1334 1520 1390 belluis
1571 1334 1858 1388 immanior
1905 1342 2008 1388 est.
2057 1335 2336 1402 Siquidem

758 1439 886 1481 sues
915 1425 1157 1496 iugulata
1196 1443 1290 1480 sue
1322 1442 1482 1482 sensu
1511 1426 1745 1495 quodam
1774 1425 1977 1480 doloris
2005 1425 2331 1488 aﬂlciuntur,

755 1528 820 1569 ac
862 1516 1068 1568 circum
1117 1529 1308 1569 recens
1357 1517 1534 1568 lusum
1565 1514 1882 1583 sanguinem
1909 1515 2064 1568 triste
2088 1530 2337 1567 murmur

752 1605 940 1657 edunt.
984 1603 1177 1665 Boves,
1220 1602 1357 1654 tauri
1392 1603 1592 1655 caedem
1630 1601 2003 1664 circumstant,
2039 1598 2333 1653 miserabili

753 1693 991 1748 dolorem
1045 1696 1250 1763 mugitu
1302 1693 1666 1759 tlesignantes.
1707 1690 1845 1757 Quin
1881 1706 2074 1758 gruum
2117 1705 2334 1758 quoque

754 1799 967 1855 greges,
1002 1799 1122 1838 cum
1158 1801 1264 1838 una
1299 1784 1439 1837 forte
1469 1783 1766 1854 gregalium
1809 1782 1860 1835 in
1897 1797 2082 1837 casses
2120 1782 2328 1846 incidit,

2446 609 2507 661 τὸ
2538 609 2719 680 σῶμα,
2764 611 2967 676 ἄοικον,
3005 613 3271 677 άνεστιον,
3321 613 3714 682 ἀθεράπευτον.
3765 617 3832 684 τῇ
3888 613 4028 685 πύλῃ

2445 701 2539 755 τοῦ
2590 702 2846 757 πλουσίου
2885 704 3358 776 προσερριμμένον
3425 705 3535 760 Καὶ
3583 705 3702 759 λίαν
3756 706 4027 777 ἐπιμελῶς

2445 797 2510 864 τῇ
2559 794 2810 865 διηγήσει
2856 795 2955 859 τὰς
3021 795 3307 868 συμφοράς
3359 798 3449 849 ἐπὶ
3501 797 3642 850 τέλει
3693 797 4033 868 ὲκτραγῳδεῑ

2446 887 2539 940 τοῦ
2577 888 2815 959 πτωχοῦ,
2857 889 2948 943 ἵνα
2994 888 3094 959 τὴν
3147 887 3239 940 τοῦ
3279 887 3352 958 μὴ
3382 889 3659 954 ἐλεοῦντος
3704 889 4031 961 στηλιτεύσῃ

2448 976 2810 1048 σκληρότητα.
2857 979 2914 1032 Ὀ
2964 977 3074 1050 γάρ
3123 978 3259 1049 πρὸς
3295 977 3454 1048 λιμὸν
3501 979 3595 1032 καὶ
3650 979 3805 1032 νόσον
3862 978 4032 1049 μηδὲν

2447 1067 2670 1136 πάσχων
2710 1067 2941 1121 ἐλεεινὸν
2980 1069 3014 1138 ἢ
3046 1069 3357 1139 συμπαθὲς,
3411 1068 3598 1140 θηρίον
3629 1070 3776 1122 ἐστὶν
3811 1069 4029 1136 ἄλογον,

2445 1157 2631 1220 κακῶς
2666 1158 2746 1220 είς
2789 1159 3075 1227 ἀνθρώπου
3108 1160 3392 1231 μορφωθὲν
3437 1161 3642 1232 σχῆμα,
3699 1161 4030 1232 ψευδόμενον

2443 1251 2510 1318 τῇ
2543 1251 2857 1320 προαιρέσει
2887 1251 2988 1320 τὴν
3020 1251 3180 1319 φύσιν
3203 1269 3214 1281 ·
3258 1251 3456 1321 μᾶλλον
3489 1252 3545 1304 δὲ
3576 1253 3671 1305 καὶ
3705 1251 3888 1304 αὐτῶν
3913 1250 4025 1303 τῶν

2445 1340 2648 1411 θηρίων
2695 1342 3211 1413 ἀσυμπαθέστερον·
3243 1343 3295 1395 εί
3329 1361 3391 1410 γε
3445 1342 3631 1414 χοίρου
3677 1343 3775 1413 μὲν
3822 1339 4030 1410 σφαζοιο

2447 1434 2639 1504 μένου,
2692 1433 2942 1494 ἕλκονται
3010 1434 3146 1504 πρός
3199 1450 3317 1486 τινα
3382 1433 3633 1504 λυπηρὰν
3689 1433 3941 1500 αἴσθησιν
3982 1433 4030 1482 οἱ

2442 1528 2632 1596 χοῖροι,
2660 1527 2753 1579 καὶ
2780 1525 2858 1596 τῷ
2887 1526 3160 1598 νεορρύτῳ
3189 1525 3375 1596 αἵματι
3415 1523 3612 1594 ἀνιαρὰ
3643 1522 3996 1593 ἐπιτρύζουσι
4015 1539 4026 1551 ’

2423 1617 2817 1694 ⁸περιίστανται
2859 1617 2915 1670 δὲ
2948 1616 3041 1670 τοῦ
3077 1617 3278 1687 ταύρου
3319 1617 3408 1668 τὸν
3459 1617 3617 1684 φόνον
3652 1616 3700 1668 οἱ
3751 1614 3892 1684 βόες,
3929 1614 4031 1682 ὲμ-

2445 1708 2607 1761 παθεῖ
2641 1707 2916 1780 μυκηθμῷ
2948 1709 3045 1780 τὴν
3085 1708 3255 1779 ἀλγὴν
3304 1707 3678 1777 σημαίνοντες.
3717 1703 3936 1773 Ἀγέλαι
3967 1703 4026 1757 δὲ

2441 1799 2708 1870 γεράνων,
2759 1801 2887 1870 μιᾶς
2926 1798 3035 1851 τῶν
3080 1796 3360 1867 συννόμων
3391 1795 3801 1883 περιπεσούσης
3842 1792 4033 1866 θηρά-

749 1887 964 1945 captam
1024 1875 1507 1939 circumvolitant,
1566 1889 1631 1928 ac
1687 1874 2014 1927 lamentabili
2087 1872 2322 1941 quodam

2433 1906 2617 1961 τροις,
2679 1889 3061 1961 περιίπτανται
3127 1889 3226 1958 τὴν
3278 1872 3678 1958 κρατουμένην,
3731 1885 3823 1938 καί
3882 1900 4032 1946 τινος

732 1955 1009 2036 ὀιοιιεοτε
1065 1967 1403 2033 complentes
1471 1978 1673 2026 aerem,
1742 1965 1992 2016 comitem
2065 1977 2217 2015 suam
2275 1977 2338 2017 ac

749 2057 1019 2127 gregalem
1083 2057 1384 2124 requirunt.
1444 2055 1725 2110 Hominem
1781 2068 1929 2116 vero,
1986 2053 2182 2109 animal
2247 2070 2336 2108 ra-

753 2148 895 2203 tione
951 2149 1231 2217 prmditum
1277 2164 1340 2202 ac
1390 2157 1754 2210 mansuetum,
1793 2147 1995 2214 Deique
2040 2146 2335 2200 imitatione

749 2241 1050 2296 b0nitatem
1078 2240 1318 2313 doctum,
1354 2238 1541 2292 leviter
1572 2238 1708 2292 adeo
1746 2237 2118 2305 proximorum
2153 2237 2334 2291 acerbi

749 2346 910 2387 casus
945 2343 1247 2401 gravesque
1283 2327 1626 2382 calamitates
1672 2325 1907 2380 aﬂicient
1951 2335 2113 2394 atque
2157 2340 2335 2379 move-

749 2422 910 2475 bunt!

818 2510 1044 2565 Jacebat
1089 2510 1272 2578 itaque
1313 2521 1652 2561 mrumnosus
1690 2505 1776 2559 ille
1813 2520 1877 2560 ac
1906 2515 2093 2574 gratus
2129 2519 2334 2573 pauper

748 2604 800 2654 in
834 2601 1042 2670 magnis
1086 2599 1381 2662 doloribus,
1421 2599 1615 2667 pedum
1671 2612 1769 2650 ttsu
1817 2596 2057 2665 privatus
2112 2595 2330 2666 (alioqui

746 2690 894 2746 enim
926 2690 1223 2759 pessimum
1252 2689 1404 2741 illum
1440 2697 1603 2756 atque
1639 2687 1930 2756 superbum
1967 2686 2329 2751 declinasset;

746 2784 1043 2853 aliumque,
1099 2782 1381 2851 projanua
1416 2780 1502 2833 illa
1539 2779 1809 2848 hospitum
1855 2777 2217 2833 interfectrice
2269 2792 2333 2832 ac

749 2877 1073 2945 pauperibus
1137 2874 1371 2937 occlusa,
1439 2872 1615 2926 locum
1678 2869 2021 2940 delegisset):
2081 2869 2330 2924 manibus

746 2981 963 3036 quoque
1017 2966 1329 3031 destitutus,
1368 2979 1435 3018 ne
1468 2963 1700 3033 palmam
1733 2962 1950 3031 quidem
1988 2960 2055 3014 ad
2082 2960 2328 3014 emendi-

2440 1983 2728 2054 ὀδυρτικῆς
2764 1983 3010 2054 κλαγγῆς
3061 1981 3150 2034 τὸν
3200 1980 3341 2051 ἀέρα
3390 1977 3713 2051 πληροῦσιν,
3749 1978 3849 2048 τὴν
3891 1978 4030 2048 ὁμό-

2441 2073 2604 2142 φυλον
2648 2072 2902 2143 ζητοῦσαι
2940 2072 3033 2124 καὶ
3065 2069 3348 2141 σύννομον.
3386 2070 3708 2140 ’Ἄνθρωπον
3738 2069 3817 2131 δὲ,
3847 2069 3912 2120 τὸ
3942 2068 4032 2121 λο-

2438 2163 2594 2232 γικὸν
2621 2162 2758 2227 ζῶον
2784 2163 2879 2216 καὶ
2904 2163 3134 2234 ἥμερον,
3166 2163 3260 2215 καὶ
3293 2160 3413 2216 καθ’
3435 2161 3732 2232 ὁμοιότητα
3761 2159 3897 2214 Θεοῦ
3930 2159 4032 2230 τὴν

2439 2253 2748 2322 ἀγαθότητα
2803 2252 3215 2322 παιδευόμενον,
3278 2251 3472 2323 μικρὸν
3527 2252 3668 2305 οῦτω
3721 2251 4031 2322 φροντίζειν

2436 2343 2543 2396 τῶν
2599 2343 2880 2412 συγγενῶν
2932 2345 2988 2401 ὲν
3038 2345 3158 2405 ταῖς
3210 2341 3498 2414 όδυνηραῖς
3555 2344 3661 2396 τῶν
3724 2343 4029 2414 συμφορῶν

2438 2433 2824 2504 περιστάσεσιν
2843 2433 2855 2485 !

2513 2524 2728 2577 Ἔκειτο
2788 2523 2966 2577 τοίνυν
3019 2525 3049 2575 6
3119 2521 3458 2587 πολυώδυνος
3522 2526 3617 2579 καὶ
3689 2525 4027 2596 εὑχάριστος

2437 2619 2624 2689 πένης,
2655 2619 2821 2683 πόδας
2847 2620 2947 2672 οὑκ
2981 2617 3117 2689 ἔχων
3166 2614 3222 2689 (ἦ
3269 2617 3378 2689 γάρ
3414 2619 3574 2673 αὑτὸν
3611 2620 3885 2692 ἀλάστορα
3932 2621 4028 2674 καὶ

2437 2711 2782 2780 ὑπερήφανον
2817 2709 3039 2779 ἔφυγεν,
3069 2711 3256 2782 ἕτερον
3297 2711 3460 2763 τόπον
3491 2710 3855 2781 ἐκλεξάμενος
3900 2713 4028 2765 ἀντὶ

2433 2804 2532 2873 τῆς
2575 2803 2887 2869 ξενοκτόνου
2935 2802 3147 2873 πύλης,
3193 2804 3293 2871 τῆς
3328 2801 3722 2873 κεκλεισμένης
3773 2806 3888 2866 τοῖς
3922 2804 4028 2856 πέ-

2433 2894 2650 2965 νησιν),
2710 2892 2908 2965 χειρῶν
2962 2893 3355 2966 ἀφῃρημένος,
3414 2893 3510 2946 καὶ
3573 2894 3693 2947 οὑδὲ
3756 2894 4030 2967 παλάμην

2434 2985 2570 3055 ἔχων
2620 2987 2923 3057 προτείνειν
2970 2987 3049 3049 είς
3093 2985 3332 3054 αἴτησιν,
3370 2986 3708 3056 ἐμφραχθεὶς
3756 2986 3901 3040 αὑτά
3951 2987 4030 3040 τὰ

745 3059 977 3114 candum
1027 3057 1209 3111 valens
1257 3057 1616 3123 protendere;
1670 3055 1765 3108 sed
1806 3061 1861 3107 et
1906 3053 2052 3107 vocis
2083 3053 2196 3120 ipsa
2236 3066 2323 3104 or-

754 3168 776 3170 η
835 3169 872 3170 ,,
915 3151 1182 3170 -L-._---.-
1235 3149 1442 3170 ι.-ι.-,...
1536 3146 1927 3170 -.-2.1..Ι...υ.η....
1975 3160 2036 3170 ...ι
2073 3157 2322 3170 ..-ναυηηρνι

2433 3053 2793 3150 ὄργανα-τῆς
2844 3077 3049 3145 φωνῆς,
3085 3077 3177 3129 καί
3208 3053 3332 3129 τινα
3368 3053 3696 3147 βραγχῶσαν
3741 3079 3834 3130 καὶ
3886 3095 4030 3150 τρα-

744 3168 881 3218 gana
909 3151 1188 3205 obstructa
1235 3149 1477 3214 habens,
1535 3146 1928 3214 stridulumque
1973 3160 2037 3198 ac
2073 3157 2323 3213 asperum

745 3256 936 3297 sonum
985 3248 1204 3310 pectore
1233 3238 1526 3302 emittens;
1572 3235 1824 3291 omnibus
1868 3235 2024 3303 plane
2071 3234 2327 3289 membris

744 3330 968 3387 mutilus
997 3337 1313 3398 captusque,
1342 3328 1464 3382 tetri
1501 3325 1671 3380 morbi
1714 3325 1978 3394 reliquiae,
2031 3323 2321 3376 intirmita-

746 3422 814 3475 tis
871 3421 1120 3474 humanae
1168 3415 1476 3472 miserabile
1523 3415 1851 3485 exemplum.
1905 3414 2087 3484 Neque
2140 3423 2322 3466 tamen

746 3511 1086 3566 miseriarum
1137 3517 1317 3563 tantus
1362 3522 1640 3572 numerus,
1693 3506 1848 3560 elatae
1877 3506 2111 3560 cervicis
2147 3504 2322 3559 homi-

745 3618 868 3657 nem
906 3603 971 3656 ad
1007 3601 1394 3671 inspectionem
1429 3599 1662 3654 inﬂexit.
1693 3597 2014 3651 Prteteribat
2042 3595 2322 3650 hominem

743 3694 886 3748 velut
927 3709 1137 3756 saxum,
1172 3708 1236 3748 eo
1268 3691 1473 3748 scelere
1521 3705 1639 3746 sese
1670 3690 2037 3759 obstringens,
2084 3689 2168 3741 cui
2207 3685 2326 3739 nul-

743 3789 848 3842 lum
878 3788 1100 3842 omnino
1131 3787 1307 3840 velum
1337 3794 1428 3838 aut
1452 3793 1741 3854 praetextus
1772 3794 1932 3836 esset.
1966 3780 2150 3849 Neque
2179 3780 2320 3832 enim

743 3881 807 3932 ad
834 3895 892 3933 se
915 3879 1273 3949 purgandum,
1305 3877 1545 3944 vulgaria
1574 3875 1659 3928 illa
1699 3889 1762 3928 ac
1791 3874 2031 3943 speciosa
2059 3873 2324 3926 adducere

740 3980 989 4040 poterat:
1018 3969 1130 4023 Non
1157 3984 1366 4032 noram,
1399 3969 1740 4038 lgnorabam,
1769 3964 1951 4019 Latuit
1997 3981 2081 4020 me
2114 3966 2324 4019 mendi-

740 4077 835 4116 cus
886 4062 1177 4129 quiritans;
1229 4060 1427 4128 quippe
1469 4059 1560 4124 qui
1610 4072 1707 4126 pro
1749 4057 1955 4111 foribus
1986 4057 2194 4126 jacens,
2238 4058 2319 4109 in-

740 4152 1000 4220 gredienti
1050 4168 1112 4206 ac
1159 4150 1458 4222 egredienti
1503 4148 1816 4219 spectaculo
1855 4157 2018 4210 esset,
2075 4164 2180 4216 quo
2227 4165 2321 4203 su-

741 4245 890 4314 perbi
923 4244 1154 4298 hominis
1191 4243 1598 4296 damnationem
1641 4238 2096 4308 indeprecabilem
2134 4239 2322 4291 redde-

743 4346 844 4390 ret.
877 4336 971 4390 Vel
1002 4334 1191 4388 saltent
1233 4334 1402 4388 micas
1433 4335 1496 4385 de
1534 4347 1719 4384 mensa
1751 4332 2005 4386 deciduas
2032 4331 2316 4398 cupiebat:

744 4436 800 4480 at
831 4442 898 4480 ne
927 4426 1219 4495 quidquam
1251 4432 1575 4478 consecutus
1604 4431 1707 4486 est,
1741 4423 1858 4486 sed,
1890 4437 2010 4476 cum
2041 4422 2128 4477 ille
2157 4424 2317 4475 satie-
2356 4453 2394 4505 ο

743 4529 851 4573 tate
889 4518 1289 4586 dirumperetur
1319 4554 1334 4578 ,
1368 4515 1508 4569 fame
1537 4517 1651 4585 ipse
1686 4530 1748 4570 ac
1786 4515 1961 4583 inopia
1989 4516 2314 4569 tabescebat.

739 4612 843 4665 Par
871 4613 1049 4679 itaque
1093 4627 1157 4665 ac
1202 4626 1412 4681 aequum
1459 4609 1726 4674 videatur,
1774 4611 2134 4665 Chananzeam
2170 4610 2315 4663 illam

739 4704 1101 4767 thnissant,
1132 4704 1407 4757 hominum
1440 4703 1584 4756 osori
1627 4703 1776 4757 diviti
1817 4703 2128 4773 magistram
2160 4701 2315 4757 adhi-

735 4796 871 4859 beri,
901 4809 962 4848 ea
995 4794 1350 4848 inculcantem
1399 4809 1519 4863 qua:
1559 4794 1756 4862 scripta
1817 4803 1942 4848 sunt
1971 4808 1984 4846 :
2018 4791 2193 4846 Etiam
2229 4809 2315 4846 ca-

737 4885 870 4948 telli,
920 4886 1150 4955 pessime
1184 4884 1463 4938 hominum
1499 4899 1562 4938 ac
1596 4885 1844 4952 superbe,
1875 4889 1937 4937 de
1972 4884 2119 4936 micis
2149 4884 2311 4936 edunt

733 4993 850 5048 quia
872 4975 1068 5029 cadunt
1105 4977 1166 5028 de
1200 4992 1384 5029 mensa
1415 4977 1748 5029 dominarum
1778 4992 1990 5029 auorum
2012 4976 2067 5042 ος
2119 4984 2171 5029 tu
2217 4990 2309 5028 au-

742 5078 845 5122 tem
878 5067 1098 5121 fratrem
1147 5078 1294 5119 tuum
1342 5074 1502 5134 atque
1555 5066 1805 5121 tribulem
1852 5082 2027 5135 neque
2057 5067 2160 5121 hoc
2191 5081 2312 5119 mu-

737 5173 869 5214 nere
908 5159 1159 5228 dignatus
1190 5158 1289 5212 es?
1323 5159 1429 5212 Sed
1470 5172 1628 5212 canes
1657 5161 1872 5228 quidem
1915 5172 2042 5212 cura
2093 5158 2313 5212 aleban-

740 5259 864 5312 tur;
895 5265 959 5304 ac
983 5249 1206 5304 seorsim
1259 5250 1474 5318 quidem
1531 5249 1747 5303 molossi
1781 5288 1795 5312 ,
1853 5250 2079 5302 seorsim
2133 5259 2310 5300 autem

724 5340 989 5404 venatici,
1037 5349 1175 5394 tecto
1223 5339 1430 5407 pariter
1483 5339 1786 5406 gaudebant
1815 5353 1879 5392 ac
1906 5346 2120 5400 strato;
2182 5336 2304 5389 dili-

731 5439 1028 5498 genterque
1053 5430 1342 5484 attributos
1363 5429 1659 5497 peculiares
1689 5427 1966 5481 ministros
1998 5427 2302 5480 habebant:

728 5533 852 5572 cum
884 5519 1098 5573 interim
1131 5520 1279 5574 humi
1309 5521 1549 5590 neglecta
1569 5520 1777 5588 iaceret
1805 5527 1968 5585 atque
1995 5516 2301 5571 calcaretur

730 5607 826 5664 Dei
857 5611 1052 5681 imago,
1093 5628 1255 5680 quam
1296 5626 1455 5666 manu
1498 5627 1596 5667 sua
1642 5610 2120 5681 praestantissimus
2172 5609 2303 5664 arti-

801 5812 820 5842 ‘
852 5811 1036 5868 Matth.
1064 5829 1152 5878 xv,
1183 5813 1272 5866 ‘27.

2430 3170 2582 3238 χεῖαν
2613 3168 2722 3221 τῶν
2753 3169 2990 3239 στέρνων
3029 3167 3168 3240 ἠχὴν
3203 3169 3572 3239 περιιέμενος,
3615 3170 3780 3223 πᾶσιν
3827 3170 4028 3237 ἁπλῶς

2430 3267 2954 3339 ὴκρωτηριασμένος
2999 3270 3108 3330 τοῖς
3156 3267 3392 3338 μέλεσιν,
3427 3269 3584 3323 νόσου
3626 3273 3868 3341 πονηρᾶς
3901 3271 4027 3325 λεί-

2428 3361 2616 3430 ψανον,
2663 3359 2896 3413 ἐλεεινὸν
2949 3361 3256 3432 ὑπόδειγμα
3305 3361 3404 3432 τῆς
3459 3361 3808 3433 ἀνθρωπίνης
3852 3364 4028 3419 deﬂe--

2428 3463 2594 3525 νείας.
2635 3462 2774 3514 Ἀλλ’
2811 3463 2962 3533 ὅμως
2999 3463 3121 3516 οὐδὲ
3153 3463 3407 3526 τοσοῦτος
3459 3464 3756 3532 κατάλογος
3806 3482 4027 3535 συμφο.

2423 3551 2538 3622 ¹ρῶν
2588 3551 2794 3604 ἔκλινεν
2824 3552 2961 3622 πρὸς
3005 3552 3294 3623 ἐπίσκεψιν
3332 3552 3423 3605 τὸν
3459 3553 3767 3622 ὑψαύχεναο
3812 3557 4023 3627 παρῄει

2425 3643 2483 3694 δὲ
2508 3643 2581 3707 ὼς
2614 3642 2761 3696 λίθον
2796 3642 2890 3696 τὸν
2919 3643 3227 3714 ἄνθρωπον,
3263 3643 3669 3713 ἀπροφάσιστον
3703 3646 3802 3716 τὴν
3831 3646 4022 3718 άμαρο

2426 3733 2546 3786 τίαν
2570 3732 2933 3786 ἐπιτελῶν.οὑ
2952 3733 3060 3805 γὰρ
3078 3728 3222 3803 εἶχεν
3239 3732 3638 3804 ἐγκαλούμενος
3649 3734 3824 3803 λέγειν
3839 3736 4022 3790 ταῦτα

2428 3836 2492 3890 τὰ
2533 3834 2684 3887 κοινὰ
2719 3834 2810 3887 καὶ
2856 3834 3220 3905 εὐπρόσωπαο
3277 3839 3390 3889 Ουκ
3439 3834 3631 3904 ἔγνων,
3666 3836 3778 3890 Οὐκ
3829 3837 4021 3907 ᾔδεινο

2430 3925 2660 3979 Ἔλαθέν
2686 3943 2752 3996 με
2774 3925 3006 3979 ποτνιῶν
3023 3928 3050 3979 6
3063 3927 3293 3995 πτωχόςο
3309 3927 3366 3989 ὃς
3383 3926 3557 3981 ἔκειτο
3575 3928 3681 3998 πρὸ
3695 3928 3789 3999 τῆς
3812 3930 3964 4000 πύλη
3976 3950 4023 3993 ς,

2425 4019 2686 4081 εἰσιόντος
2717 4019 2810 4071 καὶ
2860 4017 3093 4084 ἐξιόντος
3127 4017 3328 4088 θέαμα,
3375 4018 3460 4071 ἵνα
3508 4020 3885 4091 ἀπαραίτητον
3923 4025 4024 4094 ὲρ-

2426 4113 2663 4182 γάσηται
2703 4111 2798 4164 τοῦ
2836 4111 3186 4182 ὑπερηφάνου
3221 4112 3321 4184 τὴν
3352 4111 3648 4183 καταδίκην
3711 4113 4026 4185 Ἐπεθύμει

2424 4204 2517 4258 καὶ
2557 4203 2663 4257 τῶν
2719 4204 2915 4274 ψιχίων
2968 4205 3068 4274 τῆς
3119 4206 3434 4276 τραπέζης,
3485 4206 3578 4257 καὶ
3633 4206 3754 4259 οὐδὲ
3805 4209 4024 4263 τούτων

2424 4296 2755 4366 ἐτύγχανενι
2794 4296 2908 4349 ἀλλ’
2947 4297 2976 4347 6
3018 4297 3116 4366 μὲν
3154 4301 3219 4369 τῇ
3274 4297 3561 4369 πλησμονῇ
3610 4298 3980 4370 διερρήγνυτο
4006 4319 4020 4333 ι

2425 4390 2452 4440 6
2485 4388 2564 4451 δὲ,
2614 4387 2718 4439 ὑπὸ
2768 4387 2864 4464 τῆς
2918 4388 3126 4451 ἐνδείας
3170 4389 3416 4458 ἐτήκετο.
3456 4389 3634 4442 Καλὸν
3676 4388 3768 4445 οὖν
3812 4389 3880 4464 ἦν
3917 4398 4027 4450 καὶ

2422 4477 2630 4529 δίκαιον
2657 4477 2755 4546 τὴν
2795 4478 3105 4530 Χαναναίαν
3148 4479 3362 4551 ἐκείνην
3387 4479 3484 4550 τὴν
3527 4482 3815 4536 Φοίνισσαν
3858 4484 4024 4539 διδά-

2428 4567 2627 4620 σκαλον
2682 4567 2973 4638 ἐπιστῆσαι
3030 4568 3105 4638 τῷ
3156 4569 3531 4640 μισανθρώπῳ
3587 4572 3856 4643 πλουσίῳ,
3917 4575 4022 4629 λέ-

2421 4673 2623 4723 γουσαν
2657 4657 2840 4709 ἐκεῖνα
2869 4657 2937 4709 τὰ
2972 4659 3367 4729 γεγραμμένα·
3401 4661 3506 4728 ὅτι,
3532 4657 3602 4714 Ὦ
3632 4663 3869 4736 ἀλάστορ
3914 4667 4025 4720 καὶ

2421 4758 2760 4829 ὑπερήφανε,
2795 4757 2895 4810 καὶ
2939 4758 3010 4812 τὰ
3067 4759 3319 4826 κυνάρια
3363 4761 3551 4815 ἐσθίει
3583 4763 3702 4816 ἀπὸ
3749 4762 3868 4817 τῶν
3906 4769 4025 4835 ιιι-ι-

2419 4850 2567 4916 χίων
2616 4849 2735 4902 τῶν
2795 4850 3139 4903 πιπτόντων
3193 4851 3308 4903 ἀπὸ
3369 4851 3484 4920 τῆς
3549 4853 3836 4923 τραπέζης
3885 4856 4024 4912 τῶν

2417 4942 2641 5009 κυρίων
2673 4941 2903 4996 αὐτῶν·
2950 4943 3013 4994 σὺ
3043 4943 3100 4995 δὲ
3132 4943 3222 4994 τὸν
3257 4943 3487 5014 ἀδελφόν
3522 4963 3636 5011 σου,
3666 4947 3755 4999 τὸν
3792 4948 4022 5017 ὁμόφυ..

2416 5043 2526 5109 λον,
2568 5041 2771 5112 ταύτης
2805 5042 2904 5111 τῆς
2939 5042 3148 5113 δωρεᾶς
3185 5044 3284 5096 οὐκ
3329 5043 3599 5112 ἠξίωσας;
3639 5046 3780 5099 Ἀλλ’
3811 5051 3859 5100 οἱ
3899 5051 4021 5119 μὲν

2413 5144 2579 5206 κύνες
2621 5142 2896 5214 ἐπιμελῶς
2938 5145 3246 5214 ἐτρέφοντο,
3297 5150 3418 5199 κατ’
3461 5148 3598 5200 ἰδίαν
3634 5149 3683 5200 οί
3715 5148 3966 5218 φύλακες
3998 5191 4020 5220 ,

2417 5237 2586 5307 χωρὶς
2613 5237 2662 5288 οί
2690 5235 2982 5306 θηρευταί·
3015 5238 3109 5290 καὶ
3141 5238 3341 5308 στέγης
3385 5238 3633 5305 ἠξιοῦντο
3658 5241 3753 5294 καὶ
3787 5241 4018 5314 κλίνης,

2416 5328 2509 5380 καὶ
2579 5327 2921 5399 θεραπευτὰς
2986 5325 3132 5399 εἶχον
3211 5331 3777 5401 ἀποκεκληρωμένους
3849 5337 4018 5392 κατὰ

2416 5419 2684 5491 σπουδήν·
2725 5407 2954 5490 ἐρῤιπτο
2981 5420 3039 5473 δὲ
3080 5422 3255 5491 χαμαὶ¹
3293 5423 3326 5491 ὴ
3369 5421 3461 5474 τοῦ
3499 5421 3634 5475 Θεοῦ
3664 5421 3829 5478 εἰκὼν
3867 5425 4023 5494 άμε-

2411 5511 2646 5582 λουμένη
2692 5513 2786 5565 καί
2825 5511 3162 5581 πατουμένη,
3210 5512 3276 5583 ἣν
3323 5512 3430 5584 ίδίᾳ
3484 5513 3628 5583 χειρὶ
3660 5515 3688 5565 6
3718 5514 3829 5567 τῶν
3859 5516 4020 5574 ὅλων

2410 5610 2793 5681 ἀριστοτέχνης
2848 5610 2942 5665 καὶ
2991 5610 3322 5683 δημιουργὸς
3388 5613 3755 5669 διεπλάσατο·
3807 5617 3861 5670 εί
3923 5636 4023 5692 τῳ
