4212 6318
149 416 243 472 173

1183 413 1466 470 HOMILIA
1502 413 1646 468 LDE
1685 410 1912 467 DlVlTE
1953 411 2038 465 ET
2080 409 2376 467 LAZARO.

3296 398 3402 468 172-

148 531 372 602 Μωῦσῆς
434 532 758 598 ἀξιόπιστος
816 530 1199 603 τεκμηριώσας
1257 531 1365 584 τῶν
1425 529 1725 602 ἀνθρώπων

1831 527 1913 582 fex
1943 540 2006 581 ac
2038 524 2218 581 mundi
2253 537 2437 581 auctor
2467 526 2704 582 condidit
2735 529 2777 592 ⁷,
2825 538 2880 582 ut
2922 528 3006 582 c‘ni
3037 525 3247 598 Moyses
3279 528 3399 584 ido—

149 623 236 694 τὴν
265 624 498 691 γένεσιν.

215 800 274 853 ΕΞ
315 801 412 869 μὲν
443 794 537 853 οὖν
576 800 931 871 ἐτελεύτησεν
971 798 1134 868 μέχρι
1163 799 1355 852 τούτου
1399 799 1461 851 τὸ
1493 798 1586 851 τοῦ
1615 800 1726 851 Λα-

149 887 310 962 ζάρου
348 893 619 964 διήγημα,
656 895 753 946 καὶ
783 891 959 957 οὕτως
989 891 1101 964 εἶχε
1152 892 1259 945 τῶν
1312 892 1651 963 πραγμάτων
1694 893 1727 962 ἡ

149 982 325 1051 φύσις,
368 983 444 1046 ὼς
477 986 544 1052 τῇ
577 983 864 1054 ἀνωμαλίᾳ
904 982 997 1035 τοῦ
1047 982 1383 1052 βίουιτούτου
1434 984 1534 1054 τὴν
1584 981 1729 1051 ζωὴν

147 1071 300 1141 ἡμῶν
345 1072 808 1141 περιγράφεσθαι,
853 1070 1091 1141 μεγάλας
1126 1070 1192 1123 ἂν
1242 1071 1431 1140 ἀφῆκα
1482 1069 1729 1139 σχετλιά-

148 1162 252 1225 ζων
289 1162 478 1229 φωνάς
502 1177 513 1191 ·
565 1164 652 1230 ἐφ’
679 1160 761 1224 οἷς
790 1163 840 1214 οί
877 1160 1189 1224 κτισθέντες
1228 1161 1526 1230 ὁμοτίμως,
1558 1159 1729 1224 οὕτως

149 1252 348 1316 ἀνίσως
399 1253 537 1322 μετὰ
585 1253 695 1305 τῶν
754 1253 1037 1324 ὁμοφύλων
1092 1253 1389 1324 διάγομεν·
1427 1252 1615 1323 ἐπειδὴ
1671 1253 1730 1305 δὲ

149 1343 288 1396 καλά
331 1341 401 1395 τὰ
437 1341 732 1413 λειπόμενα
767 1344 903 1415 πρὸς
950 1343 1237 1414 ἀκρόασιν,
1282 1347 1339 1396 ἐν
1369 1347 1480 1406 τοῖς
1529 1344 1732 1415 παρελ-

151 1433 300 1486 θοῦσι
352 1433 649 1499 στενάξας,
691 1436 720 1485 ὁ
749 1434 938 1503 πένης,
988 1435 1045 1486 ὲν
1078 1436 1189 1497 τοῖς
1236 1433 1548 1496 ἀκολούθοις
1582 1431 1735 1486 εὐθύ-

153 1542 346 1597 μησον,
398 1525 588 1596 μαθὼν
628 1525 724 1578 τοῦ
779 1525 1109 1596 συμπτώχου
1161 1543 1254 1579 σου
1301 1526 1401 1596 τὴν
1455 1527 1732 1598 μακαρίαν

149 1616 472 1670 ἀπόλαυσιν.
523 1617 793 1687 Εὑρήσεις
848 1618 954 1688 γὰρ
1002 1617 1210 1670 δικαίου
1268 1617 1454 1688 κριτοῦ
1508 1617 1733 1688 ἀκριϐὲς

147 1707 520 1780 δικαστήριον,
545 1710 603 1761 ἐν
696 1708 939 1773 στενάζει
965 1711 994 1762 ὁ
1021 1709 1396 1781 ἡδυπαθήσας,
1425 1710 1520 1762 καὶ
1554 1711 1734 1780 τρυφᾷ

149 1799 177 1850 ὁ
205 1799 520 1869 μοχθήσας·
586 1801 845 1870 ἑκάτερος
873 1799 930 1852 δὲ
971 1801 1254 1870 κομίζεται
1299 1799 1366 1852 τὰ
1409 1797 1546 1870 πρὸς
1579 1799 1733 1862 ἀξίαν

151 1890 423 1960 ἐπίχειρα.

234 1980 502 2049 ἐτένετο
542 1980 610 2034 δὲ
645 1979 971 2036 ἀποθανεῖν
1029 1980 1138 2034 τὸν
1183 1980 1441 2048 πτωχὸν,
1490 1981 1588 2033 καὶ
1619 1980 1728 2033 ἀπ-

149 2070 474 2139 ενεχθῆναι
531 2070 651 2125 ὑπὸ
716 2069 835 2123 τῶν
895 2069 1163 2139 ἀγγέλων
1222 2071 1309 2134 είς
1361 2069 1469 2121 τὸν
1505 2070 1738 2122 κόλπον

166 2161 437 2232 Ἀϐραάμ.
480 2163 646 2233 Ὁρᾷς
688 2163 819 2224 τοὺς
859 2160 1206 2222 διακονιστὰς
1248 2158 1342 2211 τοῦ
1392 2159 1602 2210 δικαίου
1648 2159 1739 2210 καὶ

155 2255 410 2325 πένητος,
437 2255 531 2308 καὶ
561 2256 689 2317 τοὺς
725 2253 1002 2323 ὑπηρέτας
1034 2252 1133 2321 τῆς
1166 2250 1581 2321 μεταστάσεως;
1616 2248 1742 2317 Ἀγ-

157 2345 302 2412 γελοι
353 2344 463 2413 γὰρ
508 2343 890 2414 ἐδορυφόρουν,
929 2341 1157 2410 γαληνόν
1192 2357 1250 2392 τε
1290 2339 1385 2391 καί¹
1440 2341 1613 2410 πρᾶον
1659 2341 1738 2401 ei;

156 2434 317 2486 αὑτὸν
352 2433 663 2502 βλέποντες,
694 2434 788 2486 καὶ
818 2431 895 2500 τῷ
933 2433 1170 2501 σχήματι
1215 2429 1610 2499 προδηλοῦντες
1641 2429 1741 2498 τὴν

157 2525 536 2594 άναμένουσαν
577 2524 741 2576 αὐτὸν
775 2522 1069 2593 θεραπείαν
1115 2522 1209 2573 καὶ
1243 2520 1444 2575 ἄνεσιν.
1488 2521 1739 2594 Ἐνετέθη

159 2613 211 2665 δὲ
237 2613 525 2682 κομισθεὶς
555 2614 669 2674 τοῖς
697 2612 916 2673 κόλποις
930 2609 1022 2664 τοῦ
1065 2609 1430 2681 πατριάρχουο
1459 2610 1486 2663 ὃ
1521 2612 1611 2664 καὶ
1628 2611 1742 2664 δια-

159 2705 449 2774 πορήσεως
473 2703 730 2773 ἀφορμὴν
770 2702 996 2773 παρέχει
1025 2705 1136 2766 τοῖς
1167 2703 1337 2772 ἡδέως
1368 2703 1436 2756 τὰ
1468 2702 1603 2773 βάθη
1634 2702 1743 2757 τῶν

161 2794 396 2866 Γραφῶν
424 2794 824 2864 βασανίζουσιν.
849 2795 911 2848 Ei
939 2795 1049 2867 γὰρ
1081 2796 1189 2856 πᾶς
1215 2794 1483 2848 τελευτῶν
1537 2794 1744 2858 δίκαιος

163 2889 300 2959 πρὸς
357 2887 449 2939 τὸν
482 2887 642 2940 αὐτὸν
689 2884 965 2957 κομίζοιτο
1012 2887 1193 2949 τόπον,
1227 2885 1394 2949 πολύς
1429 2902 1513 2948 τις
1548 2884 1613 2938 ἂν
1658 2885 1744 2954 εἴη

163 2979 258 3030 καὶ
289 2977 376 3030 ἐπ’
402 2977 629 3047 ἄπειρον
662 2976 1054 3046 ὰνηπλωμένος
1091 2978 1118 3028 ό
1142 2975 1360 3043 κόλπος,
1386 2974 1440 3027 εἴ
1465 2992 1526 3045 γε
1564 2975 1746 3045 μέλλοι

163 3069 472 3140 χωρητικὸς
517 3067 734 3121 ἔσεσθαι
782 3066 876 3120 τοῦ
913 3068 1150 3139 πλήθους
1190 3067 1302 3122 τῶν
1332 3068 1494 3124 ὁσίων
1523 3070 1742 3132 παντός.

166 3160 226 3212 Ei
275 3159 332 3211 δὲ
367 3158 528 3212 τοῦτο
568 3158 852 3223 παντελῶς
889 3159 1169 3230 ἀμήχανον
1206 3159 1426 3230 (κόλπος
1475 3161 1584 3231 γὰρ
1625 3178 1739 3214 κοι-

166 3251 379 3314 λανθεὶς
456 3250 627 3322 ἄνδρα
686 3252 785 3321 μὲν
835 3251 928 3305 καὶ
981 3249 1078 3304 ἕνα
1130 3250 1440 3323 δυσχερῶς,
1488 3253 1640 3322 μόλις
1687 3253 1742 3305 δὲ

163 3341 258 3395 δύο
293 3342 637 3412 περιστέλλει
663 3341 885 3413 βρέφη),
916 3342 1117 3413 θεωρία
1148 3360 1231 3407 τις
1266 3344 1412 3414 ἡμᾶς
1442 3345 1746 3414 ἐκδέχεται,

165 3434 230 3503 τῇ
267 3431 438 3485 εἰκόνι
481 3432 576 3484 τοῦ
626 3431 884 3502 αἰσθητοῦ
932 3433 1161 3497 κόλπου,
1205 3433 1340 3503 πρὸς
1388 3437 1584 3505 νοητήν
1629 3452 1749 3490 τινα

168 3524 556 3596 πραγματείαν
608 3523 1043 3594 χειραγωγοῦσα.
1085 3524 1150 3576 Τί
1185 3523 1292 3595 γάρ
1338 3526 1456 3576 ἐστι
1504 3525 1563 3577 τὺ
1601 3525 1750 3594 λεγό-

172 3631 364 3687 pavos;
411 3615 471 3668 Ὀ
523 3615 808 3687 Ἀϐραάμ,
864 3616 1045 3685 φησὶν,
1100 3614 1418 3683 ἀποδέχεται
1479 3617 1603 3678 τοὺς
1657 3610 1750 3669 τὸν

169 3707 549 3762 ιΰπολίτευτον
613 3706 886 3776 ζήσαντας
934 3704 1072 3775 βίον.
1133 3706 1266 3758 Εἰπὲ
1319 3705 1521 3770 τοίνυν,
1568 3701 1613 3760 ὧ
1663 3705 1752 3759 θε-

173 3796 361 3850 σπέσιε
407 3796 592 3848 Λουκᾶ
628 3794 723 3863 (ὡς
765 3795 902 3865 πρὸς
947 3795 1191 3864 παρόντα
1233 3794 1340 3866 γάρ
1377 3811 1435 3846 σε
1475 3795 1569 3847 καὶ
1613 3795 1751 3867 ὀρώ-

176 3901 336 3956 μενον
365 3884 724 3954 διαλέξομαι),
754 3884 842 3937 διά
877 3884 930 3936 τί
964 3884 1174 3937 πολλῶν
1212 3885 1381 3938 ὅντων
1405 3885 1628 3939 δικαίων
1655 3885 1750 3939 καὶ

175 3977 562 4048 πρεσϐυτέρων
601 3975 697 4030 τοῦ
734 3977 1012 4048 Ἀϐραὰμ,
1058 3976 1264 4048 ταύτην
1307 3978 1417 4030 τῶν
1463 3978 1751 4049 μεθηλικε·

179 4067 382 4137 στέρων
435 4068 534 4139 τὴν
599 4068 767 4139 τιμὴν
838 4068 1278 4140 άπεκλήρωσας,
1329 4070 1612 4140 σιωπήσας
1659 4070 1750 4123 τὸν

187 4157 376 4227 Ἑνὼχ,
425 4159 515 4212 τὸν
561 4158 706 4219 Νῶε,
740 4160 835 4212 καὶ
867 4158 921 4211 εί
959 4177 1043 4223 τις
1091 4159 1248 4222 ἄλλος
1304 4158 1447 4213 κατὰ
1489 4159 1582 4214 τὸν
1638 4160 1751 4229 βίον

173 4251 383 4314 τούτοις
436 4250 756 4316 ἀκόλουθος;
795 4250 956 4304 Ἀλλά
1007 4266 1100 4303 σου
1153 4251 1296 4321 τάχα
1355 4252 1609 4322 συνίημι,
1657 4252 1751 4305 καὶ

174 4341 274 4393 οὒκ
323 4340 424 4404 ἔξω
477 4341 657 4411 βάλλει
703 4341 798 4394 τοῦ
847 4342 1049 4394 σκοποῦ
1095 4341 1130 4394 ἀ
1183 4341 1489 4412 λογίζομαι.
1533 4343 1749 4416 Ἐπειδὴ

177 4431 288 4501 γὰρ
318 4433 347 4484 ὁ
384 4431 637 4502 Ἀϐραὰμ
669 4431 921 4502 θεράπων
964 4431 1228 4502 Χριστοῦ,
1263 4433 1354 4487 καὶ
1387 4433 1750 4504 διαφερόντως

177 4516 332 4584 οὗτος
379 4522 680 4594 ἀνθρώπων
726 4523 793 4575 τά
829 4523 931 4592 τῆς
996 4521 1088 4575 τοῦ
1139 4521 1373 4594 Χριστοῦ
1426 4524 1750 4592 ἐπιφανείας

179 4613 414 4679 ἐδέξατο,
444 4616 537 4667 καὶ
565 4610 623 4667 τὸ
653 4615 755 4684 τῆς
787 4613 1014 4684 Τριάδος
1056 4616 1352 4685 μυστήριον
1387 4614 1586 4678 ἱκανῶς
1621 4617 1750 4684 ἡμῖν

183 4707 239 4757 ἐν
264 4707 332 4775 τῇ
373 4706 542 4774 σκηνῇ
585 4704 678 4757 τοῦ
716 4706 976 4776 γέροντος
1001 4703 1194 4756 τούτου
1226 4702 1554 4774 διετυπώθη,
1589 4704 1753 4773 ἧνικα

180 4798 304 4859 τοὺς
339 4800 485 4869 τρεῖς
513 4798 778 4867 ἀγγέλους
810 4797 884 4862 ὡς
919 4796 1119 4866 ἀνδρας
1165 4795 1476 4867 ὁδοιπόρους
1515 4796 1749 4862 ἐξένισε·

182 4887 276 4938 καὶ
303 4887 485 4951 ἁπλῶς
520 4889 584 4939 ἐκ
635 4886 844 4940 πολλῶν
877 4883 1154 4958 μυστικῶν
1187 4887 1526 4958 αἰνιγμάτων
1558 4889 1754 4950 οίκείος

183 4975 464 5048 ἄνθρωπος
515 4971 670 5041 οὗτος
719 4977 1008 5047 γεγένηται
1064 4976 1159 5029 τοῦ
1211 4976 1368 5042 Θεοῦ,
1400 4975 1492 5029 τοῦ
1540 4975 1752 5046 χρόνοις

185 5064 404 5136 ὕστερον
437 5068 845 5138 ἁμφιεσαμένου
869 5067 966 5137 τὴν
1000 5067 1195 5138 σάρκα,
1223 5067 1317 5119 καὶ
1353 5067 1441 5120 διά
1470 5066 1634 5136 μέσου
1653 5067 1750 5119 τοῦ

187 5157 527 5228 ἀνθρωπικοῦ
568 5159 761 5212 τούτου
806 5159 1306 5229 παραπετάσματπ
1349 5157 1594 5228 ἐναργῶς
1631 5160 1754 5229 ὀμι-

185 5249 441 5318 λήσαντος
462 5252 575 5312 τοῖς
602 5249 933 5320 ἀνθρώποις·
954 5251 1039 5303 διὰ
1060 5250 1235 5312 τοῦτο,
1260 5249 1349 5300 τὸν
1371 5247 1568 5300 κόλπον
1592 5249 1752 5302 αὑτοῦ

185 5332 297 5392 οἷον
333 5341 501 5395 εὕδιόν
534 5359 652 5396 τινα
685 5342 877 5411 λιμένα
912 5343 1005 5396 καὶ
1051 5333 1315 5395 ἄκλυστον
1346 5341 1752 5412 ἀναπαυτήριον

251 5479 271 5509 ’
306 5476 437 5532 Gen.
480 5495 536 5543 ll,
574 5478 668 5532 ‘27.

257 5602 332 5673 (ϐ)
361 5604 631 5690 __quuiorit
663 5607 837 5690 αξςςιεὶξ
859 5606 1075 5690 homini.
1109 5605 1227 5690 τῶν
1242 5608 1756 5690 μεθηλικεστξρων

184 5673 639 5744 ἀπεκλήρωσας.
694 5677 776 5729 Sit
811 5676 947 5728 forte
993 5675 1070 5745 τῷ
1100 5673 1561 5747 μεθηλικεστέρῳ.
1611 5673 1754 5744 Quo-

187 5748 347 5798 modo
377 5748 499 5800 mbil
531 5747 896 5815 supplendum
925 5753 1013 5798 aut
1049 5745 1259 5799 durum.
1316 5745 1539 5799 Videtur
1586 5748 1752 5800 inter-

189 5828 307 5884 pres
358 5829 467 5870 eam
519 5832 712 5870 vocem
770 5816 1041 5867 contrario
1095 5832 1253 5871 sensu
1313 5818 1628 5880 reddidisse,
1690 5834 1751 5871 ac

1831 632 1963 672 neus
2000 633 2061 673 ac
2116 614 2220 672 lide
2271 617 2461 687 dignus
2506 620 2741 688 scriptor
2784 619 3028 675 videatur
3068 619 3265 674 condii’
3297 607 3399 676 lto-

1830 709 2009 762 minis.

1902 799 2057 866 Quod
2112 800 2155 854 si
2206 801 2293 854 hic
2331 799 2435 855 loci
2472 801 2698 856 historia
2727 801 2919 856 Lazari
2953 802 3174 857 haberet
3215 803 3399 868 ﬁnem,

1830 892 2017 960 sicque
2060 905 2238 945 rerum
2288 897 2479 946 natura
2522 890 2709 955 ferret,
2749 901 2807 946 ut
2851 903 2956 947 tam
2994 893 3200 948 diversa
3236 909 3299 948 ac
3328 894 3404 948 in-

1839 981 2030 1049 aequali
2057 992 2221 1046 sorte,
2251 981 2502 1036 humana:
2543 982 2663 1036 vita?
2697 984 3023 1038 curriculum
3058 982 3399 1047 deﬂuiretur.

1831 1074 1937 1126 alta
1984 1086 2114 1126 sane
2160 1088 2221 1126 ac
2254 1081 2464 1126 exserta
2498 1089 2626 1126 voce
2661 1073 3057 1143 deplangerem,
3099 1071 3239 1144 quod
3287 1076 3402 1144 pari

1833 1163 2040 1216 honore
2065 1163 2301 1229 conditi,~
2321 1180 2488 1233 usque
2524 1167 2660 1220 adeo
2690 1165 3042 1234 inaequalibus
3078 1165 3251 1219 modis
3281 1152 3418 1220 cum

1834 1255 2114 1309 tribulibus
2159 1271 2461 1325 ageremus.
2515 1257 2819 1318 Enimvero,
2875 1272 2995 1311 cum
3040 1273 3102 1311 ea
3148 1273 3265 1326 quze
3321 1272 3409 1310 re-

1833 1352 1978 1418 stant
2007 1345 2188 1396 auditu
2220 1345 2473 1412 praeclara
2507 1347 2634 1410 sint,
2655 1346 3005 1415 qni.pauper,
3036 1346 3406 1416 superiOribus

1833 1435 2181 1505 adgemuisti,
2225 1437 2365 1490 bono
2407 1437 2652 1506 deinceps
2677 1448 2795 1491 esto
2825 1437 3022 1500 animo,
3059 1437 3298 1506 ejusdem
3329 1446 3409 1490 te-

1834 1540 1954 1579 cum
1991 1527 2152 1581 sortis
2181 1530 2432 1596 pauperis
2465 1531 2784 1583 condiscens
2816 1529 3227 1582 beatitudinem.
3256 1527 3410 1583 Com-

1833 1616 2009 1684 peries
2031 1618 2172 1671 enim
2219 1618 2348 1686 justi
2378 1617 2574 1686 judicis
2599 1630 2844 1673 exactum
2880 1618 3132 1684 tribunal,
3178 1620 3275 1673 sub
3303 1633 3409 1688 quo

1835 1706 2170 1774 voluptarius
2193 1708 2279 1761 ille
2308 1718 2488 1778 gemat
2509 1725 2571 1763 ac
2598 1709 2771 1778 ploret
2795 1749 2809 1774 ,
2836 1709 3241 1778 mendicusque,
3271 1709 3408 1764 bene

1837 1813 1899 1852 ac
1943 1798 2165 1867 pulchre
2222 1800 2463 1863 habeat,
2521 1814 2584 1855 ac
2637 1803 2960 1872 condignum
3008 1813 3232 1870 utcrquc
3274 1813 3409 1872 prte-

1839 1892 2003 1944 mium
2040 1892 2196 1946 ferat.

1907 1980 2136 2035 Factum
2169 1993 2243 2036 est
2273 1992 2446 2036 autent
2476 1993 2531 2037 ut
2562 2001 2853 2037 moreretur
2892 1985 3159 2037 mendicus
3190 1996 3236 2037 et
3289 2000 3413 2053 por-

1838 2081 2039 2124 taretur
2067 2072 2131 2125 ab
2159 2072 2357 2142 angelis
2389 2075 2443 2127 in
2473 2075 2646 2127 sinum
2682 2075 2931 2127 Abrahae.
2970 2075 3133 2129 Vides
3159 2074 3410 2143 pauperis

1840 2161 2053 2228 acjusti
2083 2160 2334 2226 famulos,
2373 2162 2597 2233 ejusque
2649 2165 2983 2234 migrationis
3025 2165 3415 2218 administros?

1843 2253 2051 2323 Quippe
2099 2255 2272 2324 angeli
2318 2255 2576 2310 satellitio
2616 2257 2924 2328 cingebant.
2965 2258 3157 2311 blande
3201 2273 3261 2310 ac
3296 2258 3410 2326 pla-

1841 2344 1961 2398 cide
1991 2346 2043 2398 in
2079 2360 2202 2398 eum
2249 2346 2539 2411 intuentes,
2572 2347 2789 2416 orisque
2824 2349 3008 2402 habitu
3040 2350 3330 2417 repositum
3365 2350 3414 2404 ei

1845 2436 2066 2509 llinimen
2131 2451 2195 2491 ac
2255 2439 2631 2492 remissionem
2694 2439 2952 2507 pra'iudio
3019 2441 3412 2494 manstralmttt.

1843 2525 2036 2592 Porro,
2063 2526 2377 2594 deportatus
2411 2527 2520 2593 ille,
2547 2526 2597 2581 in
2630 2529 2750 2581 sinu
2788 2528 3108 2597 patriarcha:
3134 2528 3413 2596 depositus

1845 2627 1924 2669 est
1956 2632 1968 2668 :
2001 2615 2142 2684 quod
2170 2617 2385 2684 quidem
2418 2618 2484 2672 iis
2517 2633 2702 2672 ansam
2731 2617 3044 2687 quaestionis
3076 2618 3297 2686 praebet,
3323 2617 3413 2687 qui

1845 2707 2092 2762 iubentes
2120 2706 2520 2776 Scripturarum
2559 2706 2822 2777 profunda
2852 2718 3182 2764 scrutantur.
3225 2709 3410 2776 Siqui-

1847 2799 1968 2852 dem
2014 2797 2156 2850 enim
2188 2797 2452 2864 iustorum
2494 2797 2717 2865 quilibet
2759 2797 2865 2851 vita
2908 2799 3173 2852 excedens
3209 2798 3258 2851 in
3294 2813 3416 2852 eum

1847 2885 2089 2942 defertur
2112 2887 2314 2952 locum,
2349 2887 2682 2957 peramplum
2721 2897 2850 2968 sane
2881 2902 2944 2941 ac
2981 2888 3261 2942 immensis
3294 2903 3419 2954 spa-

1850 2977 1938 3032 tiis
1988 2978 2278 3033 distentum
2325 2979 2499 3032 sinum
2558 2979 2699 3032 hunc
2747 2983 2958 3046 Oportet
3006 2993 3145 3043 esse,
3189 2989 3241 3031 ut
3276 2979 3324 3032 in
3354 2994 3420 3034 eo

1847 3076 2158 3120 sanctorum
2191 3067 2368 3120 omnis
2402 3066 2688 3120 multitudo
2724 3067 3046 3120 continenda
3081 3068 3168 3121 sit.
3201 3068 3331 3123 Cum
3367 3071 3417 3121 id

1822 3170 1980 3230 .vero
2009 3168 2230 3223 prorsus
2268 3156 2386 3211 ﬁeri
2422 3165 2651 3225 nequeat
2683 3156 2855 3226 (sinus
2896 3159 3036 3212 enim
3078 3163 3422 3226 quantumvis

1850 3255 2012 3303 cavus
2041 3257 2095 3300 et
2138 3259 2329 3316 capax,
2381 3246 2464 3302 vel
2525 3262 2688 3300 unum
2735 3257 2876 3316 agre
2926 3249 3139 3316 Virum,
3193 3249 3423 3303 infantes

1849 3339 1936 3392 vix
1991 3337 2124 3393 duos
2175 3338 2623 3407 complectatur):
2659 3339 2888 3409 mystica
2927 3341 3169 3407 quaedam
3221 3340 3420 3394 intelli-

1853 3430 2032 3500 gentia
2062 3429 2320 3495 occnrrit,
2362 3429 2690 3497 sensilisque
2735 3429 2886 3484 sinus
2929 3430 3179 3499 imagine,
3207 3431 3271 3484 ad
3301 3447 3422 3485 scn—

1852 3532 1944 3574 sus
1974 3518 2234 3588 spiritalis
2264 3518 2550 3573 medullam
2592 3534 2748 3572 manu
2783 3519 2949 3574 ducit.
2982 3520 3120 3585 Quid
3156 3521 3298 3574 enim
3336 3522 3422 3589 hic

1853 3610 2085 3666 dicitur?
2113 3608 2376 3664 Nimirum
2405 3611 2679 3679 suscipere
2706 3604 2978 3662 Abraham
3020 3624 3116 3663 eos
3163 3611 3252 3678 qui
3289 3611 3424 3675 heye

1857 3715 1920 3756 ac
1947 3711 2090 3755 recte
2113 3700 2276 3754 vitam
2307 3700 2676 3754 instituerunt.-
2705 3700 2817 3770 Age
2844 3700 3044 3768 itaque,
3073 3701 3252 3755 divine
3275 3695 3417 3756 Luca

1854 3793 2000 3862 (nam
2027 3793 2172 3846 velut
2201 3801 2517 3862 praesentem
2546 3802 2596 3846 te
2622 3807 2685 3848 ac
2711 3793 2780 3846 ob
2807 3791 2988 3846 oculos
3018 3793 3246 3861 positum
3276 3809 3425 3846 COIIt-

1854 3883 2121 3953 peilaho);
2155 3884 2283 3950 quid
2311 3897 2507 3948 causae,
2539 3893 2595 3936 ut
2625 3883 2806 3937 multis
2832 3883 2997 3953 justis
3024 3899 3086 3936 ac
3116 3884 3425 3938 Abrahamo

1855 3975 2264 4043 antiquioribus,
2287 3976 2427 4029 hunc
2446 3975 2779 4044 potissimum
2797 3973 3056 4028 honorem
3075 3973 3148 4044 (6)
3163 3975 3424 4044 sequioris

1853 4066 2026 4120 aetatis
2071 4064 2272 4118 homini
2310 4064 2691 4132 assignaveris,
2722 4065 3036 4135 praeteriens
3062 4065 3262 4130 Euoch,
3291 4066 3421 4132 Nec,

1862 4173 1925 4212 ac
1952 4157 1996 4211 si
2042 4159 2130 4225 qui
2191 4171 2284 4210 eos
2338 4156 2555 4225 paribus
2612 4157 2734 4210 vitae
2788 4157 2980 4212 studiis
3034 4159 3199 4213 secuti
3258 4159 3429 4212 sunt?

1859 4249 2166 4312 Enimvero,
2226 4258 2460 4302 mentem
2503 4247 2615 4317 jam
2669 4261 2815 4303 tuam
2872 4249 3169 4320 intelligere
3200 4251 3421 4316 videor;

1856 4356 1956 4394 nec
2000 4341 2133 4407 abit,
2188 4351 2246 4393 ut
2302 4340 2514 4409 opinor,
2569 4349 2720 4393 extra
2778 4355 2999 4408 scopum
3063 4340 3422 4394 ratiocinatio.

1858 4429 2008 4496 Quod
2034 4432 2175 4486 enim
2197 4417 2548 4486 ‘Abrahamus
2579 4430 2797 4486 Christo
2825 4433 3121 4501 impensius
3151 4433 3424 4494 servierit,

1858 4522 2015 4589 eique
2041 4536 2098 4575 se
2128 4521 2233 4584 ille,
2263 4535 2372 4588 prae
2418 4521 2736 4576 mortalibus
2782 4523 2920 4585 aliis,
2969 4521 3165 4576 divinis
3209 4525 3424 4590 appati-

1860 4611 2096 4665 tiouibus
2137 4611 2482 4676 revelaverit,
2522 4611 2764 4679 atquein
2797 4611 2941 4665 illius
2981 4612 3126 4665 senis
3179 4611 3424 4665 ἔλθοι-ηε-

1858 4703 1979 4756 culo
2035 4703 2316 4756 Trinitatis
2369 4705 2684 4773 mysterium
2765 4703 2980 4756 abunde
3035 4702 3189 4755 nobis
3236 4705 3422 4755 adum-

1858 4790 2068 4845 bratum
2114 4792 2206 4853 sit,
2256 4806 2375 4844 cum
2421 4802 2530 4846 tres
2572 4791 2790 4861 angelos
2832 4792 3068 4844 virorum
3108 4792 3422 4861 peregrino-

1858 4900 1974 4937 rum
2027 4884 2224 4951 specie,
2281 4883 2513 4951 hospitio
2565 4882 2844 4950 suscepit;
2907 4888 3050 4951 quod
3095 4882 3327 4952 denique
3355 4898 3421 4937 ex

1856 4976 2098 5045 mysticis
2132 4974 2310 5028 multis
2341 4973 2737 5044 mnig‘matibus,
2769 4973 2910 5028 idem
2941 4974 3044 5042 ille,
3080 4975 3193 5038 Dei,
3221 4975 3310 5044 qui
3336 4975 3388 5028 fu
3408 5006 3424 5015 -

1862 5068 1996 5120 turis
2065 5066 2405 5135 postmodum
2470 5065 2800 5134 temporibus
2859 5079 3075 5120 carnem
3143 5068 3424 5121 induturus

1860 5168 2023 5222 esset,
2055 5174 2117 5214 ac
2153 5159 2328 5212 medio
2365 5159 2719 5213 humanitatis
2748 5159 2867 5212 velo
2893 5157 3067 5228 palam
3096 5175 3217 5213 cum
3247 5161 3422 5213 homi-

1863 5252 2020 5304 nibus
2071 5260 2213 5304 esset
2262 5261 2590 5316 versaturus,
2639 5253 2978 5307 necessarius
3027 5253 3421 5318 quodaminodo

1861 5356 1924 5394 ac
1956 5341 2235 5396 familiaris
2282 5340 2506 5397 eiii-ctus
2554 5345 2653 5407 sit;
2713 5344 2916 5399 idcirco
2939 5344 3054 5414 ejus
3087 5347 3282 5410 sinunt,
3328 5359 3424 5397 ceu

1864 5608 2010 5662 velut
2038 5610 2519 5681 aevosuperiorem
2557 5609 2907 5677 significaret,
2940 5612 3080 5681 quod
3112 5612 3245 5664 satis
3267 5613 3426 5668 abso-

1865 5693 1989 5748 num
2016 5689 2114 5730 est.
2153 5678 2266 5730 Alia
2297 5692 2379 5748 εει
2408 5679 2486 5732 vis
2518 5682 2920 5748 propositionis,
2951 5678 3070 5735 cum
3101 5682 3166 5734 de
3209 5691 3426 5734 aetatum

1865 5747 2231 5824 aitet-natione
2276 5747 2934 5824 όιυίιιυιιίμεθηλικίωσις
2979 5759 3031 5807 et
3082 5748 3427 5824 μεθηλικιοῦ-

1866 5815 2262 5885 ceat,'siugulis
2295 5815 2590 5887 quibusque
2622 5815 2933 5888 se'ptettniis.
