4212 6318
787 392 888 449 ΠΒ

2054 403 2111 461 S.
2154 402 2426 459 ASTERII
2464 405 2770 463 AMASENI

3946 413 4042 468 i't‘ti

786 510 1135 578 tranquillum
1160 512 1443 579 quemdam
1489 523 1725 583 portum,
1770 525 1932 589 atque
1978 518 2042 573 ab
2082 520 2226 575 omni
2262 518 2360 573 flu-

2464 517 2602 577 εἷναι
2652 522 2758 577 τῶν
2789 520 3009 575 δικαίων
3039 522 3221 592 φησίν.
3262 523 3349 575 Ἐν
3399 522 3615 595 Χριστῷ
3667 526 3775 596 γάρ
3826 529 4045 582 πάντων

784 606 969 657 ctuum
998 602 1286 671 agitatione
1316 604 1558 671 quietum
1611 606 1812 675 locum,
1858 610 2008 665 dicit.
2050 609 2106 664 ln
2139 611 2358 666 Christo

784 694 949 757 enim,
976 704 1219 746 nostrum
1237 695 1477 748 omnium
1500 696 1645 751 salus
1662 708 1762 765 est,
1782 716 1843 754 ac
1868 715 1987 769 spes
2004 702 2359 770 exspectatio-

787 801 893 856 que
928 784 1091 838 futuri
1125 787 1331 851 saeculi,
1368 789 1457 857 qui
1495 790 1789 844 secundum
1828 792 2118 845 humanam
2152 792 2356 847 seriem

783 891 852 930 ex
900 891 1061 931 carne
1104 878 1396 931 Ahrahami
1448 895 1672 948 germen
1746 882 2172 950 prodiitzatque
2226 884 2359 938 atleo

783 964 1054 1027 existimo,
1088 965 1187 1018 viri
1216 967 1363 1020 senis
1390 968 1647 1022 honorem
1677 977 1730 1022 et
1754 971 1915 1023 decus
1940 970 1990 1022 in
2024 972 2357 1025 Salvatorem

782 1053 1008 1119 referri,
1038 1055 1130 1124 qui
1166 1065 1247 1109 est
1271 1056 1434 1125 judex
1470 1073 1530 1110 ac
1557 1058 1863 1125 prmniator
1886 1060 2120 1122 virtutis,
2154 1058 2357 1128 justosv

782 1160 888 1214 que
940 1147 1131 1199 blanda
1176 1145 1263 1199 illa
1313 1162 1375 1200 ac
1418 1148 1737 1201 demulcenti
1784 1163 1913 1201 voce
1959 1150 2359 1218 compellat,ac

781 1233 914 1289 dicit
940 1251 952 1265 ’
995 1234 1200 1298 Venite,
1233 1236 1489 1290 benedicti
1536 1234 1715 1290 Patris
1757 1237 1879 1301 mei,
1926 1239 2185 1307 possidete
2208 1257 2360 1309 para-

779 1338 890 1380 tum
918 1326 1057 1380 vobis
1088 1343 1303 1397 regnum
1330 1327 1376 1384 ⁸.

854 1415 1082 1472 Factum
1114 1428 1186 1470 est
1217 1430 1394 1472 autem
1424 1429 1479 1472 ut
1513 1435 1707 1486 pauper
1722 1432 2039 1478 moreretur.
2072 1424 2186 1479 Duo
2218 1440 2361 1495 qua:-

778 1507 902 1563 dam
951 1508 1092 1561 circa
1146 1523 1434 1576 pauperem
1478 1518 1774 1576 notantur;
1820 1529 2012 1583 nempe
2066 1516 2356 1571 necessarii

778 1607 1112 1653 commeatus
1146 1602 1393 1668 penuria,
1431 1609 1483 1655 et
1520 1604 1780 1657 monestia
1826 1606 2017 1673 animi,
2053 1624 2115 1662 ac
2140 1608 2359 1662 humilis

777 1705 991 1744 morum
1028 1692 1344 1759 compositio
1414 1691 1491 1747 Ne
1534 1709 1663 1763 ergo
1721 1697 1968 1765 quisquis
2018 1714 2220 1769 pauper
2251 1711 2355 1768 est,

779 1796 845 1837 ac
876 1783 1118 1851 pecunia:
1150 1783 1382 1852 indigus,
1416 1788 1720 1855 pannisque
1745 1789 1977 1855 obsitus,
2009 1792 2226 1845 virtutis
2254 1792 2354 1847 sibi

778 1873 1014 1927 vindicet
1051 1872 1283 1937 laudem,
1328 1885 1418 1927 aut
1454 1885 1753 1945 egestatem
1788 1881 1920 1933 satis
1952 1881 2151 1935 habere
2176 1883 2241 1936 ad
2267 1898 2359 1937 sa-
2387 1867 2430 1923 Β

776 1962 944 2018 lutem
977 1964 1270 2019 existimet.
1311 1963 1428 2020 Non
1468 1968 1613 2022 enim
1668 1968 1877 2024 laudem
1924 1970 2088 2026 habet
2136 1974 2227 2042 qui
2268 1989 2361 2029 ue-

778 2057 1036 2111 cessitate
1058 2065 1142 2110 est
1169 2071 1373 2127 pauper
1402 2075 1417 2111 :
1451 2060 1544 2113 sed
1579 2060 1623 2115 is
1659 2062 1877 2116 demum
1915 2063 1967 2116 in
2001 2063 2360 2121 admiratione

780 2158 885 2211 est,
931 2148 1021 2217 qui
1066 2160 1257 2218 sponte
1294 2165 1359 2204 ac
1409 2152 1572 2207 animi
1625 2152 1871 2221 decreto,
1932 2158 2177 2213 modeste
2234 2158 2355 2213 fert.

778 2240 996 2308 Alioqui
1048 2242 1213 2304 enim,
1275 2250 1547 2311 utcunque
1592 2246 1668 2315 (7)
1724 2261 1899 2301 rerum
1941 2250 2166 2317 penuria
2217 2249 2362 2304 labo-

786 2329 1051 2397 rantibus,
1089 2340 1146 2383 ut
1192 2330 1226 2385 ii
1274 2333 1457 2401 pravis
1483 2334 1724 2389 moribus
1754 2336 1864 2390 sint
1897 2352 1960 2391 ac
1997 2338 2362 2393 inemendabi-

778 2419 878 2487 les,
904 2433 1091 2475 coacta
1144 2432 1435 2491 paupertas
1485 2424 1548 2478 ad
1598 2425 1764 2479 multa
1808 2441 1873 2481 ac
1918 2428 2359 2491 malaiaciuora,

778 2508 1040 2563 viaticum
1075 2512 1308 2565 exsistit.
1354 2512 1497 2565 Sane
1546 2526 1695 2578 vero,
1728 2514 1773 2568 si
1810 2516 2025 2583 quando
2060 2518 2127 2569 ad
2167 2518 2356 2585 praesi-

780 2601 865 2654 dis
894 2601 1131 2653 tribunal
1169 2602 1416 2667 accessi,
1473 2602 1739 2669 parietum
1792 2606 2131 2675 perfossores
2171 2622 2361 2661 onmes

780 2708 844 2748 ac
891 2692 1184 2762 plagiarios
1210 2733 1225 2757 ,
1277 2702 1759 2766 grassatoresque,
1802 2708 1857 2751 et
1898 2698 2067 2766 fures,
2111 2715 2173 2754 ac
2216 2701 2359 2769 ipsos

786 2785 1112 2851 homicidas,
1154 2786 1339 2854 inopes
1376 2802 1439 2840 ac
1482 2788 1763 2858 ignobiles,
1803 2791 1919 2845 sine
1951 2790 2065 2845 lare
2101 2807 2163 2846 ac
2216 2792 2359 2846 sedi-

782 2881 883 2935 bus
931 2879 1201 2945 homines,
1244 2879 1377 2935 vidi.
1429 2877 1585 2934 Unde
1632 2891 1846 2935 constat
1895 2882 2097 2951 liquido
2140 2885 2357 2939 beatum

783 2973 871 3027 hic
899 2982 1190 3041 pauperem
1237 2971 1384 3025 illum
1428 2986 1457 3026 a
1506 2974 1786 3044 Scriptura
1827 2976 2132 3044 praedicari,
2183 2978 2273 3046 qui
2330 2992 2361 3032 e

780 3059 1118 3134 philosophia
1171 3064 1476 3144 composito
1519 3065 1699 3119 animo
1748 3066 1989 3121 laborem
2048 3082 2112 3122 ac
2152 3082 2354 3122 aerum-

782 3171 905 3211 nam
936 3154 1499 3245 perfert,for(titerque
1528 3172 1592 3211 ac
1627 3167 1941 3213 constanter
1986 3159 2241 3214 adversus
2281 3170 2359 3215 to-

784 3246 919 3302 ierat
941 3262 1123 3313 casus,
1156 3262 1219 3301 ac
1253 3248 1384 3301 nihil
1416 3248 1500 3303 vel
1527 3249 1749 3303 sceleris
1778 3248 1860 3304 vel
1885 3249 2073 3319 ﬂagitii
2118 3250 2356 3315 molitur,

780 3346 841 3391 ut
864 3338 1015 3391 carni
1039 3352 1136 3407 per
1175 3337 1507 3407 voluptatem
1540 3347 1703 3408 atque
1738 3339 1961 3394 delicias
2006 3341 2359 3409 gratificetur.

780 3427 953 3495 Quem
1008 3429 1183 3498 ipsum
1240 3431 1480 3498 apertius
1527 3430 1788 3503 describit
1818 3431 2077 3486 Dominus
2108 3433 2159 3487 in
2190 3435 2361 3503 prima

787 3522 1142 3585 beatitudine,
1190 3536 1312 3576 cum
1352 3523 1427 3575 ait
1460 3539 1474 3574 :
1511 3520 1659 3585 Beati
1684 3540 1933 3593 pauperes
1955 3524 2147 3591 spiritu
2173 3525 2216 3577 ’.
2257 3523 2362 3578 Ne-

782 3625 888 3679 que
939 3610 1102 3681 igitur
1147 3610 1326 3665 omnis
1372 3625 1573 3680 pauper
1608 3612 1826 3678 justus,
1874 3612 1965 3666 sed
2027 3613 2073 3667 is
2131 3622 2360 3678 tantum,

786 3699 876 3768 qui
911 3708 995 3755 est
1031 3699 1241 3754 Lazaro
1266 3701 1507 3755 moribus
1531 3702 1773 3772 similis;
1806 3715 1980 3771 neque
2007 3702 2156 3756 dives
2184 3704 2362 3757 o'mnis

784 3790 1071 3861 reprobus,
1102 3792 1195 3845 sed
1223 3790 1313 3860 qui
1354 3792 1517 3844 vitam
1553 3791 1625 3844 ita
1667 3791 1924 3856 instituit,
1957 3805 2015 3845 ut
2044 3792 2129 3846 ille
2156 3792 2363 3847 Lazaro

781 3881 1005 3950 aqualis
1033 3900 1047 3935 ;
1090 3895 1153 3933 ac
1182 3881 1273 3949 qui
1305 3881 1502 3947 reipsa,
1529 3895 1591 3933 ac
1614 3881 1811 3949 quibus
1835 3882 2023 3935 eadem
2048 3881 2119 3934 illi
2151 3883 2362 3946 vivunt,

781 3972 1031 4042 ejusdem
1063 3972 1187 4026 vita:
1222 3981 1389 4025 testes
1422 3971 1695 4027 manifesti
1726 3974 2017 4027 exsistunt.
2056 3972 2193 4039 Quid
2215 3976 2359 4027 enim

782 4062 1089 4119 admirabili
1143 4060 1288 4116 Joho
1342 4062 1698 4130 opulentius?
1759 4061 1942 4131 Neque
2012 4073 2187 4118 tamen
2240 4080 2361 4118 eum

787 4155 951 4209 nimia
988 4154 1075 4207 illa
1110 4168 1288 4207 rerum
1321 4153 1474 4221 capia
1505 4168 1567 4207 ac
1608 4152 1906 4221 aﬂlueutia,
1959 4164 2047 4208 aut
2088 4170 2117 4208 a
2153 4156 2362 4225 justitia

786 4244 1023 4298 alienum
1061 4243 1222 4309 fecit;
1276 4253 1389 4305 aut,
1424 4252 1483 4297 ut
1511 4245 1747 4298 breviter
1771 4244 1971 4309 dicam,
1997 4260 2024 4298 a
2052 4246 2250 4299 virtute
2273 4246 2365 4299 de-

792 4337 980 4393 movit.
1010 4335 1210 4389 Contra
1239 4349 1394 4399 vcro,
1424 4335 1555 4404 quid
1592 4335 1849 4390 Iscariote
1879 4335 2216 4404 psuperius?
2259 4336 2363 4390 Ne-

789 4443 894 4497 que
929 4435 1109 4480 tamen
1141 4426 1224 4479 vel
1258 4426 1539 4479 minimum
1571 4426 1636 4480 ad
1670 4429 1895 4480 salutem
1924 4427 1969 4481 ei
2002 4425 2206 4495 profuit
2240 4443 2366 4497 ege-

2464 618 2496 686 ή
2504 614 2621 686 μῶν
2640 618 2671 687 ἡ
2693 616 2933 686 σωτηρία
2949 614 3042 667 καὶ
3061 617 3093 685 ἡ
3114 615 3387 685 ἀπεκδοχὴ
3410 616 3502 670 τοῦ
3530 617 3810 688 μέλλοντος
3827 621 4041 685 αἰῶνος,

2462 706 2539 777 τῷ
2569 709 2631 760 ὲκ
2662 708 2762 777 τῆς
2802 707 3003 777 σαρκὸς
3035 706 3128 759 τοῦ
3165 707 3418 779 Ἀϐραὰμ
3473 709 3610 762 κατά
3643 708 3739 778 τὴν
3772 710 4045 781 ἀνθρωπι-

2463 797 2563 867 κὴν
2606 796 2927 851 ἀκολουθίαν
2971 798 3354 869 βλαστήσαντι.
3396 798 3503 851 Καί
3542 817 3629 868 μοι
3663 802 3810 853 δοκεῖ
3847 803 3878 871 ὴ
3914 805 4045 874 περὶ

2459 886 2553 940 τὸν
2577 888 2808 958 γέροντα
2836 888 3025 940 τοῦτον
3063 888 3197 959 τιμὴ
3255 890 3336 951 είς
3383 890 3475 942 τὸν
3508 890 3736 961 Σωτῆρα
3776 891 3872 961 τὴν
3906 893 4043 944 ἀνα-

2461 978 2636 1046 φοράν
2669 977 2835 1048 ἔχειν,
2862 978 2954 1030 τὸν
2983 978 3175 1049 κριτὴν
3217 979 3345 1031 ὄντα
3375 980 3469 1032 καὶ
3506 980 3902 1051 μισθαποδότην
3937 982 4040 1051 τῆς

2460 1070 2679 1141 ἀρετῆς,
2718 1072 2813 1123 καὶ
2843 1073 2910 1140 τῇ
2942 1069 3310 1142 θεραπευτικῇ
3356 1074 3507 1141 φωνῇ
3547 1071 4034 1142 προσκαλούμενον

2458 1162 2584 1225 τοὺς
2614 1162 2870 1225 δικαίους,
2904 1164 2997 1216 καὶ
3028 1162 3255 1230 λέγοντα
3275 1181 3287 1193 ·
3324 1164 3525 1229 Δεῦτε,
3565 1166 3619 1216 οἱ
3644 1165 4041 1234 εὐλογημένοι

2458 1252 2567 1306 τοῦ
2615 1256 2848 1320 Πατρός
2885 1270 3038 1323 μου·
3090 1254 3585 1323 κληρονομήσατε
3632 1255 3748 1322 τὴν
3798 1257 4046 1325 ἡτοιμα-

2459 1346 2694 1416 σμένην
2728 1345 2873 1415 ὑμῖν
2906 1347 3253 1411 βασιλείαν.

2543 1437 2804 1507 Ἐγένετο
2844 1437 2913 1491 δὲ
2948 1438 3275 1493 ἀποθανεῖν
3309 1440 3418 1492 τὸν
3462 1441 3719 1509 πτωχόν.
3754 1440 3929 1509 Διπλῆ
3961 1458 4044 1503 τις

2460 1530 2609 1583 ἐστὶν
2652 1532 2685 1600 ἡ
2717 1531 2845 1601 περὶ
2886 1530 2980 1584 τὸν
3015 1531 3229 1601 πτωχὸν
3272 1531 3544 1601 σημασία·
3591 1534 3623 1602 ὴ
3669 1533 3766 1602 μὲν
3807 1532 4042 1603 δηλοῦσα

2457 1621 2567 1675 τῶν
2602 1622 2914 1691 ἀναγκαίων
2954 1624 3053 1693 τὴν
3102 1622 3306 1675 ἔνδειαν
3329 1639 3342 1653 °
3382 1624 3414 1694 ἠ
3464 1622 3519 1675 δὲ
3572 1624 3669 1694 τὴν
3706 1641 4041 1697 μετριοφρο-

2460 1712 2626 1782 σύνην
2658 1712 2874 1766 καὶτοῦ
2921 1714 3084 1783 ἦθους
3136 1713 3235 1783 τὴν
3286 1712 3670 1782 ταπεινότητα.
3715 1715 3807 1784 Μὴ
3856 1714 4039 1768 τοίνυν
4126 1778 4131 1785 _

2459 1804 2487 1856 6
2518 1802 2630 1857 τῶν
2658 1801 2799 1857 ὑλῶν
2829 1803 3049 1874 ἀπόρως
3080 1802 3237 1872 ἔχων,
3277 1803 3371 1854 καὶ
3414 1802 3708 1871 πενόμενος
3749 1802 4043 1873 ἀργυρίου.

2459 1893 2833 1964 ἠμφιεσμένος
2858 1893 2914 1947 δὲ
2943 1892 3040 1963 τὴν
3082 1891 3318 1962 ἐλεεινὴν
3364 1892 3675 1963 ἐφεστρίδα,
3721 1892 4046 1944 οίκειούσθω

2458 1984 2558 2055 τῆς
2601 1984 2801 2055 ἀρετῆς
2858 1984 2949 2036 τὸν
2999 1983 3243 2047 ἔπαινον,
3282 1982 3417 2053 μηδὲ
3462 1980 3731 2053 νομιζέτω
3781 1982 4044 2055 ἀρκέσειν

2458 2074 2608 2144 αὑτῷ
2658 2074 2755 2145 τὴν
2806 2072 3012 2127 ἔνδειαν
3060 2074 3198 2146 πρὸς
3248 2073 3543 2144 σωτηρίαν.
3590 2072 3667 2128 Οὐ
3699 2075 3807 2145 γὰρ
3849 2075 3879 2126 6
3924 2074 4047 2127 κατ’

2459 2166 2707 2235 ἀνάγκην
2740 2164 3036 2234 πενόμενος
3079 2166 3418 2217 ἐπαινεῖταιο
3452 2165 3567 2217 ἀλλ’
3596 2165 3624 2217 6
3670 2165 3765 2235 τὴν
3818 2164 4049 2235 γνώμην

2460 2256 2798 2326 αὐθαιρέτως
2888 2254 3196 2326 μετριάζων
3272 2254 3633 2325 θαυμάζεται.
3704 2256 3855 2309 Ἐπεὶ
3933 2259 4047 2317 τοῖς

2459 2345 2850 2417 ἀπορουμένοις
2879 2346 3085 2410 ἁπλῶς,
3133 2346 3315 2416 έχουσι
3348 2346 3402 2399 δὲ
3436 2348 3532 2400 τὸν
3565 2348 3772 2419 τρόπον
3798 2344 4040 2414 ἀδιαγὼ-

2459 2456 2623 2510 γητον
2661 2438 3125 2509 ἢάκατόρθωτον,
3168 2438 3377 2507 ἐφόδιον
3430 2440 3638 2506 γίνεται
3687 2437 3899 2492 πολλῶν
3949 2438 4046 2490 καὶ

2460 2528 2714 2600 πονηρῶν
2742 2527 3107 2598 τολμημάτων
3142 2529 3175 2599 ἡ
3209 2528 3345 2598 πρὸς
3379 2528 3628 2600 ἀνάγκην
3659 2528 4039 2598 ἀκτημοσύνη.

2460 2619 2572 2673 Καὶ
2624 2618 2833 2682 πάντας
2881 2618 2991 2687 ὲγὼ
3026 2619 3152 2681 τοὺς
3207 2619 3576 2689 τοιχωρύχους
3621 2619 3716 2671 καὶ
3770 2618 4046 2686 ἀνδραπο-

2459 2709 2663 2774 διστὰς,
2702 2709 2784 2763 ἔτι
2831 2707 2935 2779 μὴν
2966 2707 3311 2773 λωποδύτας,
3358 2710 3452 2761 καὶ
3483 2707 3740 2771 κλέπτας,
3781 2709 3877 2761 καὶ
3920 2708 4051 2771 τοὺς

2460 2797 2822 2871 ἀνδροφόνους
2858 2797 3077 2859 αὐτοὺς,
3115 2795 3170 2849 εί
3210 2814 3340 2850 ποτε
3384 2796 3695 2869 παρέϐαλον
3735 2797 4049 2868 ἁρχοντικῷ

2463 2888 2746 2961 κριτηρίῳ,
2782 2887 3035 2960 πένητας,
3058 2886 3397 2958 ἐθεασάμην,
3429 2889 3759 2955 ἀγνώστους,
3804 2888 4048 2951 ἀοίκους,

2459 2981 2755 3044 ἀνεστίους.
2798 2980 2883 3043 Ὦς
2917 2980 2982 3032 ἐκ
3035 2978 3227 3031 τούτου
3272 2976 3540 3050 πρόδηλον
3584 2973 3743 3042 εἶναι,
3784 2977 3865 3029 ὃτι
3945 2995 4050 3046 μα-

2461 3070 2678 3141 καρίζει
2709 3068 2805 3123 νῦν
2844 3070 2878 3139 ὴ
2916 3067 3110 3139 Γραφὴ
3151 3067 3242 3120 τὸν
3277 3065 3493 3137 πτωχὸν
3538 3067 3739 3118 ἐκεῖνον
3770 3065 3859 3117 τὸν
3901 3066 4053 3133 φιλο-

2467 3160 2622 3229 σόφῳ
2654 3157 2801 3231 ψυχῇ
2847 3158 2974 3219 τοὺς
3019 3156 3251 3227 μόχθους
3282 3155 3649 3226 βαστάζοντα’
3678 3155 4057 3226 καρτεροῦντα

2464 3251 2521 3305 δὲ
2564 3250 2829 3319 γενναίως
2881 3249 3015 3320 πρὸς
3064 3247 3165 3311 τὰς
3211 3246 3565 3319 περιστάσεις
3613 3245 3707 3299 τοῦ
3763 3246 3905 3316 βίου,
3956 3247 4059 3301 καί

2464 3343 2619 3397 οὐδὲν
2663 3340 3078 3411 κακουργοῦντα
3120 3339 3380 3411 πονηρὸν,
3430 3340 3518 3393 ἵνα
3563 3342 3626 3409 τῇ
3681 3338 3844 3408 σαρκὶ
3889 3338 4055 3409 χαρί-

2466 3450 2625 3504 σηται
2657 3433 2759 3503 τῆς
2783 3432 2994 3502 τρυφῆς
3022 3431 3121 3501 τὴν
3151 3431 3472 3483 ἀπόλαυσιν.
3511 3432 3608 3483 Ὃν
3653 3430 3746 3481 καὶ
3786 3429 4057 3497 σαφέστε-

2466 3543 2559 3597 ρον
2608 3523 2900 3595 διαγράφει
2950 3525 3007 3575 ὲν
3057 3520 3134 3591 τῷ
3184 3520 3386 3592 πρώτῳ
3440 3520 3549 3575 τῶν
3606 3520 3981 3591 μακαρισμῶν
4026 3522 4058 3573 6

2463 3619 2691 3690 Κύριος,
2720 3617 2926 3685 λέγων’
2960 3619 3249 3683 Μακάριοι
3277 3617 3332 3668 οι
3356 3614 3577 3682 πτωχοί
3619 3614 3697 3678 τῷ
3726 3615 4051 3681 πνεύματι.

2464 3710 2601 3765 Οὔτε
2632 3705 2726 3763 οὖν
2760 3710 2867 3772 πᾶς
2900 3706 3113 3777 πτωχὸς
3168 3706 3374 3769 δίκαιος
3395 3746 3410 3770 ,
3456 3704 3571 3758 ἀλλ’
3610 3706 3821 3767 ἐκεῖνος
3870 3698 3990 3767 οἷος
4023 3705 4055 3757 6

2465 3801 2750 3873 Λάζαροςο
2781 3798 2907 3852 οὔτε
2943 3800 3055 3862 πᾶς
3090 3796 3342 3860 πλούσιος
3388 3795 3833 3865 ἀπεγνωσμένος,
3872 3794 3998 3848 ἀλλ’
4029 3796 4060 3847 6

2468 3892 2607 3963 μετά
2652 3889 2908 3960 τοιαύτης
2955 3888 3062 3952 ζῶν
3109 3887 3511 3959 προαιρέσεως,
3556 3886 3673 3938 οἵαν
3720 3883 3865 3955 εἶχεν
3896 3887 3926 3937 6
3960 3884 4058 3941 τοῦ

2464 3984 2716 4053 Λαζάρου
2769 3979 3093 4061 σύγχρονφ,
3139 3980 3235 4032 καὶ
3280 3976 3471 4030 τούτου
3506 3977 3553 4028 oi
3585 3975 3674 4029 διὰ
3719 3976 3819 4045 τῆς
3851 3976 4055 4048 πείρας

2463 4072 2557 4126 τοῦ
2592 4072 2707 4143 βίου
2738 4071 3012 4143 μάρτυρες
3053 4068 3331 4140 πρόδηλοι.
3364 4068 3429 4119 Τί
3459 4068 3569 4137 γὰρ
3602 4066 3693 4118 τοῦ
3736 4066 3880 4118 θείου
3930 4064 4057 4118 Ἰὼϐ

2470 4160 2905 4232 πλουσιώτερον;
2945 4160 3083 4211 Ἀλλ’
3126 4161 3276 4228 ὅμως
3308 4159 3341 4227 ή
3376 4158 3456 4220 είς
3502 4157 3640 4225 ἄγαν
3683 4155 3914 4225 εὐπορία
3963 4157 4057 4209 τὸν

2467 4255 2668 4325 ἀνδρα,
2721 4252 2847 4307 οὔτε
2893 4252 2992 4321 τῆς
3045 4250 3391 4320 δικαιοσύνης
3441 4248 3824 4319 ὴλλοτρίωσεν,
3880 4248 4053 4313 οὔτε,

2469 4342 2769 4412 συλλήϐδην
2824 4342 3021 4403 είπείν,
3070 4340 3166 4409 τῆς
3220 4339 3425 4410 ἀρετῆς
3494 4336 3777 4408 ἐξώρισεν.
3835 4337 3899 4389 Τί
3954 4338 4052 4389 τοῦ

2480 4430 2832 4504 Ἰσκαριώτου
2883 4432 3245 4501 πενέστερον;
3296 4428 3461 4482 Οὐδὲν
3515 4427 3770 4480 ἀπώνατο
3815 4427 3917 4496 τῆς
3966 4430 4056 4481 ἐν·

788 4528 943 4579 stas;
975 4530 1160 4569 verum
1198 4528 1320 4569 cum
1362 4516 1611 4569 undecim
1657 4530 1720 4570 ac
1763 4515 2116 4586 philosophis,
2156 4516 2363 4586 ipsique

2468 4522 2616 4586 δείας
2659 4523 2739 4585 είς
2788 4520 3090 4591 σωτηρίανο
3141 4516 3276 4571 ἀλλά
3324 4520 3434 4581 τοῖς
3476 4516 3666 4570 ἕνδεκα
3715 4515 3911 4585 πένησι
3960 4516 4059 4569 καὶ

793 4610 929 4664 adeo
964 4606 1214 4670 Domino,
1260 4608 1350 4676 qui
1386 4618 1577 4676 sponte
1612 4622 1818 4676 pauper
1847 4608 2017 4662 nostri
2052 4622 2213 4662 causa
2242 4606 2372 4663 eire-

790 4708 913 4755 ctus
934 4708 1021 4753 est
1050 4700 1117 4763 ¹⁶,
1148 4699 1507 4753 contubernio
1542 4699 1765 4767 junctus
1790 4707 1959 4763 esset,
1996 4698 2369 4767 animipravi-

791 4800 901 4845 tate
934 4790 985 4844 in
1014 4791 1303 4844 avaritiam
1337 4792 1594 4858 abreptus
1642 4788 1818 4858 ipsam
1844 4789 1969 4844 inde
2003 4789 2367 4863 proditionem

792 4884 1013 4938 molitus
1044 4890 1145 4937 est.

863 4972 1056 5043 Opem
1088 4972 1325 5042 pretium
1359 4980 1540 5026 autem
1574 4970 1714 5037 erit,
1754 4971 2034 5041 utriusque
2073 4969 2362 5026 elationem

2469 4614 2777 4685 φιλοσόφοις
2813 4610 3285 4681 συνδιαιτώμενος,
3316 4610 3409 4662 καὶ
3443 4606 3591 4677 αὐτῷ
3626 4623 3688 4673 γε
3724 4605 3800 4675 τῷ
3834 4606 4056 4677 Κυρίῳ,

2468 4706 2546 4777 τῷ
2572 4707 2638 4759 δι’
2666 4706 2811 4775 ἡμᾶς
2850 4702 3189 4772 αὐθαιρέτως
3232 4699 3629 4769 πτωχεύσαντι,
3662 4697 3830 4766 κακίᾳ
3860 4714 4062 4767 προαι-

2472 4796 2673 4868 ρέσεως
2705 4794 2785 4855 είς
2824 4790 3190 4863 φιλαργυρίαν
3255 4787 3641 4860 παρενεχθεὶς,
3692 4785 3903 4839 ἐκεῖθεν
3950 4788 4053 4840 καὶ

2466 4888 2563 4959 τὴν
2593 4885 2883 4958 προδοσίαν
2909 4883 3351 4955 ὲρᾳδιούργησεν,

2546 4972 2728 5038 Ἀξιον
2756 4971 2815 5025 δὲ
2844 4971 2935 5025 καὶ
2960 4970 3057 5041 τὴν
3083 4969 3325 5040 ἐκφορὰν
3359 4966 3620 5038 ἐκατέρου
3649 4965 3755 5019 τῶν
3787 4964 4059 5037 τεθνηκό-

794 5062 1035 5117 defuncti
1079 5063 1372 5132 prudenter
1421 5062 1758 5116 examinare.
1808 5060 2026 5132 Pauper
2063 5062 2207 5117 enim
2245 5078 2367 5118 cum

2475 5079 2581 5117 των
2602 5061 2837 5123 συνετῶς
2854 5060 3170 5131 δοκιμάσαι.
3202 5060 3261 5112 Ὀ
3284 5060 3383 5129 μὲν
3410 5058 3519 5129 γὰρ
3536 5058 3747 5129 πτωχὸς
3770 5058 4061 5129 κοιμηθεὶς

793 5153 1194 5215 obdormisset,
1246 5151 1469 5221 angelos
1518 5151 1667 5220 ipsos
1718 5153 1982 5221 stipantes
2031 5154 2253 5219 habuit,
2297 5169 2362 5209 ac

2474 5152 2738 5221 ἀγγέλους
2764 5148 2909 5223 εἶχεν
2946 5152 3275 5223 δορυφόρους
3299 5150 3394 5202 καὶ
3424 5147 3787 5220 θεραπευτὰς,
3819 5147 4061 5216 ἄγοντας

792 5242 1056 5312 obsequio
1083 5241 1358 5307 foventes,
1386 5241 1475 5310 qui
1506 5241 1573 5293 ad
1606 5242 1776 5294 locum
1811 5241 2011 5310 quietis
2033 5283 2048 5307 ,
2076 5242 2229 5297 bona:
2259 5243 2371 5308 spei

2475 5243 2637 5297 αὑτὸν
2670 5242 2808 5314 μετά
2822 5240 2993 5312 καλῆς
3024 5241 3125 5311 τῆς
3152 5240 3366 5303 ἐλπίδος
3390 5241 3472 5302 εἰς
3499 5238 3587 5291 τὸν
3610 5255 3771 5291 τοπον
3788 5239 3886 5309 τῆς
3915 5239 4060 5292 ἀνα-

798 5332 1014 5401 pieuum
1053 5332 1443 5401 perducerent;
1484 5342 1725 5385 mortuus
1759 5343 1932 5386 autem
1957 5332 2125 5398 dices,
2160 5334 2371 5405 inquit,

2478 5333 2750 5397 παύσειας
2771 5336 2803 5386 ό
2822 5332 2889 5386 δὲ
2948 5334 3245 5397 πλούσιος
3269 5328 3607 5393 ἀποθανὼν,
3635 5329 3817 5399 φησιν,
3836 5327 4056 5397 ἐτάφη.

875 5535 897 5565 ⁸
921 5532 1113 5587 Matth.
1150 5546 1276 5594 xxv,
1315 5531 1403 5586 54.
1480 5532 1502 5563 ’
1535 5531 1725 5586 Matth.
1757 5547 1809 5597 v,
1834 5532 1887 5586 ὅ.
1969 5533 2012 5563 ¹⁹
2036 5530 2079 5586 ιι
2108 5532 2235 5587 Cor.
2271 5547 2386 5600 vm,
2416 5533 2470 5588 9.

870 5684 947 5755 (7)
982 5684 1360 5755 diioquienim
1398 5693 1677 5753 αι’-υηφιρ,
1710 5680 2106 5755 οιΑ-Ρτοᾲὲπί,
2149 5684 2371 5738 restituo

2475 5683 2587 5746 τοῖς
2615 5680 3011 5755 ἀπορουμένοις
3045 5682 3251 5747 ἁπλως,
3282 5682 3351 5736 ad
3376 5686 3685 5755 superiora,
3720 5696 3932 5755 unaque
3964 5684 4059 5737 illa

798 5752 940 5809 ιπεί.
969 5752 1080 5819 Qua
1110 5754 1208 5807 levi
1236 5756 1528 5807 mutatione
1552 5752 1766 5807 Constat
1791 5753 1932 5815 clara
1971 5753 2169 5813 littera,
2209 5768 2370 5823 quam
2477 5767 2608 5806 voce
2633 5752 2881 5815 reddens,
2924 5752 2977 5803 in
3004 5762 3330 5821 paupertate,
3362 5755 3504 5823 quod
3542 5754 3693 5809 valde
3710 5753 3962 5823 jejunum
3996 5768 4063 5807 ac

792 5826 1066 5893 interpres
1113 5823 1251 5877 male
1296 5825 1567 5889 obscurat,
1617 5824 1880 5877 reducens
1916 5824 2075 5878 verba
2130 5822 2215 5877 illa
2250 5822 2371 5875 ἐπεὶ
2479 5831 2763 5890 angustum
2794 5829 3109 5891 paupertate
3143 5829 3245 5876 est.
