4212 6318
167 375 267 431 ΠΤ

1190 376 1468 432 llOMlLlA
1510 376 1547 433 l.
1590 377 1677 432 DE
1716 377 1941 434 DIVITE
1984 376 2066 431 ET
2108 375 2394 434 LAZABO.

3303 374 3406 445 178

172 491 331 544 Οὐδὲν
353 490 461 560 γὰρ
483 484 597 543 οἷον
620 490 757 563 αὐτῇ
788 489 1090 563 χρήσασθαι
1115 496 1180 565 τῇ
1212 494 1350 558 λέξει
1382 497 1445 565 τῇ
1481 498 1748 567 γραφικῇ,

1853 496 2080 563 sepultus
2113 504 2187 549 est
2228 492 2327 565 (8).
2363 490 2505 547 Nihil
2542 490 2683 547 enim
2718 490 2943 562 perinde
2974 491 3148 545 valeat
3182 504 3243 545 ac
3272 506 3406 546 cono

171 579 363 643 ἱκανῶς
393 580 484 633 διὰ
515 582 647 651 μιᾶς
681 581 878 647 λέξεως
904 582 1276 654 ἐρμηνευούσῃ
1300 582 1397 654 τὴν
1430 584 1621 653 ἄτιμον
1652 582 1743 636 τοῦ

170 672 421 723 πλουσίου
458 672 783 724 κατάλυσιν.
849 672 903 725 '0
942 673 1049 745 γὰρ
1087 675 1404 746 ἁμαρτωλὸς
1446 675 1708 729 τελευτῶν
1730 714 1779 738 ,.

169 764 334 828 ὅντως
364 765 657 828 θάπτεται,
690 766 897 835 χθόνιος
926 767 999 819 ὢν
1028 767 1089 820 τὸ
1124 768 1282 838 σῶμα
1303 808 1317 831 ,
1349 770 1533 840 γήίνος
1562 770 1615 822 δὲ
1658 771 1748 823 καὶ

169 856 261 927 τὴν
291 856 475 927 ψυχήν
496 874 508 885 ·
549 859 641 910 καὶ
675 858 735 909 τδ
779 858 1003 927 φυσικὸν
1034 858 1246 929 ἐκείνης
1281 856 1494 931 ἀξίωμα
1523 864 1749 932 τῇσυμ-

171 947 368 1017 παθεία
413 948 512 1017 τῆς
554 949 758 1019 σαρκὸς
799 949 933 1019 πρδς
962 948 1059 1019 τὴν
1093 949 1223 1020 ὓλην
1258 936 1610 1018 καταγαγὼν,
1658 952 1749 1003 οὑ-

168 1038 254 1090 δὲν
289 1039 530 1108 χρηστὸν
570 1040 669 1109 τῆς
712 1039 907 1092 ἑαυτοῦ
954 1037 1099 1109 ζωῆς
1146 1041 1567 1111 καταλιμπάνων
1617 1042 1750 1094 ὑπό-

174 1145 385 1198 μνημα,
432 1128 571 1200 λήθῃ
616 1129 672 1182 δέ
714 1130 894 1199 ἀτίμῳ
928 1129 1361 1201 καλυπτόμενος,
1404 1132 1614 1186 καὶτὸν
1641 1132 1749 1184 τῶν

173 1217 539 1290 βοσκημάτων
574 1220 802 1274 θάνατον
826 1220 1109 1274 τελευτῶν.
1154 1222 1196 1274 Τ
1202 1223 1334 1291 ἀφος
1366 1224 1461 1293 μὲν
1490 1222 1597 1293 γὰρ
1638 1222 1749 1293 ἔχει

173 1311 232 1362 τὸ
261 1310 421 1380 σῶμα
447 1328 460 1340 ·
492 1310 624 1382 ᾅδης
657 1312 717 1364 δὲ
764 1312 862 1382 τὴν
882 1312 1063 1383 ψυχήν
1083 1329 1097 1342 ·
1137 1312 1229 1365 δύο
1260 1314 1511 1366 σκοτεινὰ
1536 1313 1748 1383 δεσμω-

173 1401 372 1471 τήρια,
411 1401 745 1473 μεριζόμενα
776 1401 871 1456 τοῦ
908 1402 1145 1474 πονηροῦ
1184 1404 1283 1473 τὴν
1319 1404 1607 1475 τιμωρίαν.
1641 1405 1750 1458 Καὶ

173 1491 255 1553 τίς
288 1493 392 1544 οὐκ
429 1492 494 1545 ἂν
533 1494 632 1564 τῆς
663 1494 915 1558 ἀϐουλίας
948 1495 1040 1548 τὸν
1069 1495 1250 1548 ἄθλιον
1298 1495 1747 1566 καταμέ’μψαιτο;

173 1583 340 1652 tvm“
387 1584 487 1652 μὲν
521 1585 661 1657 ὑπὲρ
694 1589 797 1656 γῆς
834 1581 901 1657 ἦν
932 1587 1272 1658 γαυροῦντα,
1305 1587 1750 1658 μεγαλαυχούμε-

177 1687 287 1734 νον,
315 1669 537 1724 πάντων
567 1672 1011 1743 ὑπερφρονοῦντα
1036 1673 1140 1727 τῶν
1172 1672 1453 1736 συζώντων
1494 1675 1586 1726 καὶ
1620 1675 1749 1744 ὀμο-

178 1759 381 1829 φύλων,
409 1760 505 1812 καὶ
543 1762 823 1832 μονονουχὶ
857 1762 1152 1834 μύρμηκας
1184 1765 1278 1816 καὶ
1306 1761 1591 1831 σκώληκας
1619 1762 1752 1815 ἀπο-

1850 596 1999 655 cepta
2035 587 2110 640 uti
2147 586 2441 655 Scriptura:
2471 598 2634 650 voce,
2668 598 2769 653 qua
2798 596 2902 637 una
2938 581 3192 637 infamem
3223 581 3406 637 divitis
3464 628 3466 630 ,

1850 679 2050 731 exitum
2087 676 2298 730 abunde
2348 675 2599 745 explicat.
2653 674 2883 728 Moriens
2925 674 3121 743 quippe
3154 680 3418 740 peccator

1849 785 1975 824 vere
2027 769 2303 837 sepelitur,
2357 769 2612 838 quoniam
2660 782 2882 835 corpore
2935 777 2989 820 et
3033 767 3216 819 animo
3252 762 3407 831 juxta

1850 863 2124 916 terrestris
2185 871 2309 927 est;
2374 877 2439 915 ac
2492 860 2793 933 naturalem
2842 857 2996 926 hujus
3052 857 3408 927 dignitatem,

1850 951 2234 1019 conjunctione
2272 966 2337 1035 ac
2374 951 2676 1023 sympathia
2726 950 2905 1003 carnis
2940 949 3006 1001 ad
3060 949 3247 1002 sordes
3310 946 3409 1000 fae-

1850 1055 2047 1110 cesque
2091 1053 2331 1097 terrenas
2384 1046 2636 1097 deorsum
2678 1041 2879 1106 trahit,
2918 1040 3230 1109 nullumque
3277 1037 3411 1093 utile

1851 1132 1972 1187 vitae
2034 1148 2144 1187 sua:
2215 1143 2623 1187 monumentum
2682 1133 3023 1201 relinquens,
3074 1145 3138 1185 ac
3190 1128 3414 1200 ignobili

1860 1232 2034 1278 tectus
2066 1224 2364 1288 oblivione,
2402 1224 2631 1279 similem
2672 1224 2966 1291 pecudibus
3005 1231 3231 1276 mortem
3272 1220 3407 1275 obit.

1855 1314 1984 1367 Nam
2023 1322 2077 1369 et
2109 1331 2304 1385 corpus
2328 1356 2342 1379 ,
2385 1316 2686 1385 sepulcrum
2719 1331 2734 1381 ;
2771 1323 2824 1369 et
2860 1315 3091 1368 animam
3116 1352 3131 1378 ,
3169 1311 3409 1366 infernus

1854 1404 2015 1459 habet
2049 1424 2061 1459 :
2103 1421 2165 1461 ac
2206 1406 2360 1474 quasi
2402 1406 2672 1460 tenebrosi
2709 1406 2811 1459 duo
2862 1419 3145 1467 carceres,
3194 1416 3407 1471 pmnam

1858 1494 2068 1550 scelesti
2100 1511 2163 1550 ac
2192 1496 2447 1550 ultionem
2478 1496 2803 1562 partiuntur.
2840 1494 2970 1561 Quis
3000 1501 3209 1559 autem,
3243 1505 3370 1561 rogo
3391 1530 3407 1556 ,

1854 1587 2107 1641 miserum
2160 1602 2223 1641 ac
2273 1586 2539 1640 infelicem
2593 1585 2839 1640 stultitiae
2875 1598 2979 1639 non
3020 1584 3267 1648 incuset,
3318 1583 3413 1651 qui

1854 1679 2104 1747 quidem,
2141 1678 2193 1732 in
2232 1677 2479 1733 humanis
2508 1693 2702 1747 agens,
2737 1691 2928 1747 magna
2961 1676 3192 1743 spiraret
3226 1714 3242 1739 ,
3280 1688 3404 1728 sese

1855 1768 2116 1829 efferret,
2172 1782 2361 1821 omnes
2416 1782 2536 1821 cum
2572 1768 2687 1836 ipso
2748 1775 3022 1820 versantes
3075 1780 3138 1818 ac
3189 1763 3411 1818 tribules

176 1848 445 1902 καλοῦντα
492 1852 619 1913 τοὺς
662 1853 1117 1921 ἐντυγχάνοντας,
1163 1852 1303 1923 κενῷ
1346 1852 1401 1904 δὲ
1443 1852 1749 1921 φρονήματι

1856 1872 1984 1912 suos
2021 1856 2323 1924 despicatui
2363 1857 2624 1921 haberet;
2662 1871 2723 1909 ac
2755 1870 2997 1924 quosque
3030 1854 3411 1909 convenientes

176 1939 276 2007 τῆς
322 1938 692 2009 ὀλιγοχρονίου
741 1940 899 2011 δόξης
945 1941 1440 2015 διαρρηγνύμενον
1491 1942 1651 2012 ἡνίκα
1693 1942 1751 1994 δὲ

177 2031 509 2101 ἀπεσπάσθη
539 2031 635 2083 τοῦ
669 2030 817 2101 βίου,
881 2033 974 2086 καὶ
1010 2034 1085 2097 ὡς
1113 2036 1398 2104 μαστιγίας
1438 2034 1622 2097 δοῦλος
1648 2035 1753 2102 ἀφ-

178 2120 354 2193 ῃρέθη
392 2122 502 2174 τῶν
539 2123 836 2194 ἀλλοτρίων
861 2164 875 2184 ,
923 2119 997 2178 ὧν
1020 2124 1078 2189 ἐξ
1111 2126 1296 2188 ἀνοίας
1324 2126 1569 2195 ἐνόμιζεν
1614 2120 1750 2178 εἶναι

174 2211 465 2281 δεσπότης,
496 2215 575 2275 εἰς
604 2214 930 2284 ἀντίρροπον
958 2214 1055 2284 τῆς
1077 2215 1481 2285 ὑπερηφανείας
1510 2215 1753 2283 καταφέ-

184 2318 334 2371 ρεται
374 2304 736 2373 ταπεινότητα
765 2344 780 2369 ,
813 2305 903 2356 καὶ
936 2307 1103 2373 γραὸς
1146 2306 1447 2377 θρηνούσης
1485 2306 1753 2377 ὀδυρμοὺς

182 2397 637 2467 προϐαλλόμενος,
684 2398 869 2468 μακρά
905 2401 997 2452 καὶ
1027 2399 1262 2470 ἀνόνητα
1292 2400 1381 2452 τὸν
1410 2400 1752 2469 πατριάρχην

177 2488 553 2553 ἀποκαλεῖται,
584 2490 756 2558 λέγων
775 2508 787 2519 ·
821 2490 1045 2561 [Πάτερ
1094 2490 1355 2560 Ἀϐραὰμ,
1378 2490 1637 2557 ἐλέησόν
1652 2506 1748 2558 με,

165 2579 277 2634 ικαὶ
305 2579 552 2648 πέμψον
572 2579 856 2648 Λάζαρον,
888 2582 988 2633 ἵνα
1016 2579 1192 2649 ,βάψῃ
1224 2580 1288 2633 τὸ
1315 2580 1501 2649 ἄκρον
1522 2580 1625 2634 τοῦ
1653 2580 1754 2633 δα-

180 2670 409 2722 κτύλου
439 2670 626 2723 αὑτοῦ
665 2670 904 2736 ὕδατος,
940 2671 1037 2724 καί
1068 2671 1384 2741 καταψύξῃ
1412 2672 1527 2739 τὴν
1558 2671 1753 2741 γλῶσ-

179 2758 303 2813 σάν
334 2778 492 2829 μου,
537 2760 626 2813 ὅτι
678 2761 975 2831 ὀδυνῶμαι
1025 2763 1094 2815 ἐν
1148 2761 1222 2831 τῇ
1267 2763 1445 2834 φλογὶ
1477 2763 1750 2835 ταύτῗΓ]

180 2851 359 2920 ζητῶν
388 2852 557 2913 ἔλεον,
594 2852 653 2904 ὃν
696 2853 794 2905 οὑκ
824 2852 1055 2916 ἔδωκεν,
1102 2854 1264 2925 ἡνίκα
1300 2854 1393 2908 τοῦ
1449 2856 1753 2927 εὐεργετεῖν

182 2942 471 3013 πρόχειρον
500 2939 645 3013 εἶχεν
671 2944 770 3014 τὴν
802 2945 1044 3009 ἐξουσίαν
1064 2962 1077 2976 ·
1113 2944 1277 3009 ἀξιῶν
1305 2946 1361 2999 δέ
1388 2946 1535 3017 αὐτῴ
1563 2946 1752 3017 βοηθὸν

181 3033 324 3085 κατά
364 3034 457 3085 τοῦ
493 3034 661 3103 πυρὸς
689 3034 980 3102 ἀφικέσθαι
1013 3036 1103 3088 τὸν
1145 3036 1424 3107 Λάζαρον·
1462 3038 1752 3109 εὐχόμενος

1850 1956 2056 2002 tantum
2099 1963 2202 2002 non
2246 1947 2497 2002 formicas
2537 1963 2599 2001 ac
2635 1962 2845 2001 vermes
2884 1947 3213 2016 appellaret,
3257 1944 3403 1999 inani

1850 2036 2026 2103 fastu,
2078 2037 2343 2107 ﬂuxaeqbe
2401 2052 2465 2091 ac
2528 2036 2733 2108 fugacis
2787 2036 3039 2106 opinione
3085 2036 3268 2106 gloriae
3332 2035 3413 2088 di-

1851 2138 2229 2197 rumperetur:
2276 2129 2364 2182 ubi
2419 2136 2599 2183 autem
2656 2129 2725 2181 ab
2788 2128 2891 2181 hoc
2940 2128 3135 2181 saculo
3189 2126 3408 2179 avulsus

1850 2219 1984 2285 fuit,
2043 2234 2108 2273 ac
2168 2226 2420 2287 tanquam
2480 2235 2667 2274 servus
2722 2218 2947 2289 ﬂagrio,
3007 2220 3215 2283 aliena,
3273 2233 3408 2285 quo-

1853 2328 1968 2364 rum
2019 2326 2077 2366 se
2123 2326 2217 2380 per
2267 2312 2555 2365 humanam
2608 2312 2931 2365 dementiam
2977 2304 3249 2365 dominum
3295 2321 3413 2360 cre-

1853 2402 2112 2466 didisset,
2162 2401 2341 2455 ablata
2399 2402 2621 2466 amisit,
2680 2402 2745 2455 ad
2794 2416 2974 2471 parem
3034 2415 3142 2454 sua:
3197 2399 3270 2453 illi
3321 2414 3413 2451 su-

1855 2494 2052 2560 perbiae
2107 2493 2375 2571 delatﬁtur
2434 2476 2825 2557 humilitatem,
2879 2506 3117 2559 anusque
3176 2489 3411 2559 lugentis

1850 2583 2022 2637 instar
2066 2576 2399 2652 lamegt'titns,
2452 2582 2609 2651 longo
2643 2597 2706 2639 ac
2760 2582 2929 2636 inutili
2977 2582 3256 2635 verborum
3295 2595 3412 2633 am-

1850 2674 1961 2728 bitu
2015 2663 2373 2743 patriui'cham
2431 2673 2681 2736 invocat,
2737 2674 2971 2727 dicens:
3024 2669 3185 2725 Pater
3241 2671 3412 2723 Abra-

1849 2768 2007 2831 ham,
2075 2766 2318 2819 miserere
2365 2766 2513 2817 mei:
2568 2772 2614 2817 et
2669 2765 2815 2818 mitte
2868 2763 3169 2829 Lazarum,
3224 2773 3280 2817 ut
3330 2766 3412 2816 in-

1852 2859 2019 2925 tingat
2075 2865 2361 2909 extremum
2417 2854 2571 2923 digiti
2630 2855 2714 2907 sui
2767 2856 2821 2907 in
2871 2870 3094 2923 aquam,
3149 2862 3206 2907 ut
3260 2854 3415 2925 refri-

1852 2957 1990 3018 geret
2047 2947 2283 3016 linguam
2337 2963 2536 3010 meam,
2590 2948 2717 3015 quia
2766 2947 2971 2999 crucior
3017 2947 3072 3001 in
3116 2945 3213 3000 hac
3258 2948 3415 3016 ﬂant-

1854 3054 1939 3090 ma
1972 3077 1985 3100 ,
2038 3034 2467 3088 misericordiam
2509 3049 2788 3103 quaerens,
2839 3049 2998 3102 quam
3043 3035 3155 3103 ipse
3197 3035 3417 3088 minime

181 3124 535 3192 ἀπομυζῆσαι
569 3123 661 3175 τοῦ
699 3122 896 3194 λεπροῦ
928 3124 1017 3177 τὸν
1057 3124 1350 3189 δάκτυλον,
1388 3126 1564 3194 ὀλίγον
1603 3144 1749 3181 νενο-

1858 3125 2277 3193 impertivisset,
2346 3140 2466 3177 cum
2523 3124 2570 3176 ei
2639 3122 3005 3177 benefaciendi
3073 3124 3299 3178 facultas
3363 3127 3416 3176 in

181 3214 439 3283 τισμένον
467 3213 639 3267 ὕδατι.
664 3214 921 3273 Τοιαῦται
945 3214 1053 3268 τῶν
1078 3216 1467 3288 φιλοσωμάτων
1487 3218 1752 3273 ἀδουλίαν

184 3302 344 3356 τοῦτο
374 3304 481 3357 τῶν
514 3304 884 3373 φιλοπλούτων
918 3307 1011 3360 καὶ
1040 3306 1334 3376 φιληδόνων
1360 3309 1421 3360 τὸ
1448 3309 1617 3372 τέλος.
1648 3311 1758 3363 Καὶ

187 3396 458 3466 προσήκει
492 3395 581 3447 τδν
628 3395 848 3447 συνετὸν
891 3396 983 3449 καὶ
1022 3398 1277 3469 προμηθῆ
1322 3398 1416 3452 τοῦ
1452 3400 1756 3470 μέλλοντος,

187 3481 299 3539 οἷον
332 3486 620 3557 φάρμακόν
651 3504 701 3540 τι
734 3487 1165 3558 προφυλακτικδν
1197 3493 1499 3562 νοσήματος
1525 3493 1622 3563 τὴν
1654 3510 1757 3548 πα·

188 3576 425 3649 ραόολὴν
454 3578 821 3647 ἡγησάμενον,
851 3580 1040 3644 φυγεῖν
1075 3579 1181 3631 τῶν
1213 3581 1411 3650 ὁμοίων
1437 3582 1621 3634 κακῶν
1661 3581 1760 3652 τὴν

189 3670 413 3738 πεῖραν·
467 3666 529 3718 τὸ
576 3667 861 3737 συμπαθὲς
898 3669 992 3722 καὶ
1032 3669 1442 3740 φιλάνθρωπον,
1481 3670 1555 3735 ὼς
1583 3672 1762 3726 αἰτίαν

188 3756 290 3826 τῆς
320 3756 461 3824 ζωῆς
502 3757 604 3825 τῆς
654 3757 988 3829 μελλούσης,
1021 3760 1355 3830 ἀσκήσαντα.
1402 3763 1762 3833 Δραματικῶς

189 3846 298 3915 γὰρ
321 3848 453 3915 ἡμῖν
491 3848 520 3899 ὀ
558 3846 715 3914 λόγος
745 3848 844 3919 τὴν
870 3847 1152 3903 νουθεσίαν
1180 3851 1271 3903 ἐπὶ
1301 3851 1605 3922 προσώπων
1630 3853 1763 3923 ώρι-

194 3936 404 4005 σμένων
435 3936 664 4002 ἐξέθετο,
691 3939 780 3992 ἵνα
804 3939 1061 4010 ἐμψύχως
1100 3942 1193 3994 καὶ
1230 3941 1513 4005 δεικτικῶς
1546 3944 1767 3996 παιδευ-

196 4022 377 4087 θέντες
415 4026 514 4094 τῆς
556 4027 766 4097 ἀγαθῆς
806 4028 1083 4092 πολιτείας
1125 4030 1217 4083 τὸν
1268 4031 1462 4100 νόμον,
1498 4031 1763 4102 μηδέποτε

201 4118 698 4186 καταιρρονήσωμεν
736 4117 842 4171 τῶν
876 4118 974 4187 τῆς
1008 4119 1228 4191 Γραφῆς
1266 4121 1762 4191 παραγγελμάτων,
1800 4164 1801 4167 η

198 4206 271 4267 ὡς
305 4206 432 4276 ἄχρι
461 4208 617 4276 λόγου
652 4208 813 4279 μόνον
840 4210 1164 4279 φοϐούντων,
1194 4212 1254 4264 οὺ
1287 4213 1391 4283 μὴν
1420 4212 1516 4284 τὴν
1541 4214 1766 4285 ἀπειλὴν

201 4296 548 4365 προαγόντων
579 4300 659 4361 είς
698 4299 991 4371 τιμωρίαν.
1042 4298 1171 4354 Οἶδα
1220 4301 1360 4372 γὰρ,
1397 4302 1473 4366 ώς
1504 4305 1552 4355 oi
1586 4304 1767 4357 πολλοὶ

199 4386 304 4438 τῶν
336 4386 632 4459 ἀνθρώπων
665 4394 783 4454 ταῖς
815 4392 1093 4456 τοιαύταις
1129 4393 1403 4456 ὑπονοίαις
1445 4383 1766 4459 δελεαζόμε-

1863 3225 2113 3286 promptu
2188 3224 2383 3278 esset,
2454 3226 2751 3282 petensque
2816 3230 2880 3268 ac
2936 3214 3181 3284 ﬂagitans
3246 3214 3417 3269 Laza-

1858 3323 1977 3363 rum
2030 3306 2289 3361 advenire
2344 3305 2574 3358 Iaturum
2627 3304 2903 3373 suppetias
2959 3306 3219 3359 adversus
3280 3305 3420 3372 ignis

1860 3399 1969 3453 vim
2037 3412 2101 3452 ac
2159 3396 2541 3460 ﬂammarum;
2633 3404 2792 3464 atque
2866 3396 3076 3449 modico
3141 3395 3420 3463 perfusum

1862 3489 2088 3542 humore
2132 3485 2332 3555 lcprosi
2363 3469 2602 3553 digitum
2626 3524 2641 3550 ,
2675 3499 2937 3553 precans,
2987 3484 3297 3538 allambere.
3332 3483 3425 3537 Sic

1865 3580 2119 3647 nimirum
2174 3576 2366 3640 habet,
2423 3576 2700 3629 hominum
2757 3575 3002 3643 corporis
3064 3576 3424 3630 amantiorum

1864 3668 2139 3733 stultitia;
2190 3667 2269 3720 sic
2328 3679 2515 3718 eorum
2565 3666 2775 3731 exitus,
2841 3665 2931 3735 qui
2985 3680 3145 3736 supra
3206 3665 3422 3719 modum

1863 3762 2176 3816 divitiarum
2239 3773 2301 3813 ac
2350 3760 2679 3828 voluptatum
2742 3758 2966 3812 sludiosi
3023 3766 3167 3811 sunt.
3224 3755 3427 3822 Quam-

1863 3853 2049 3908 obrem
2101 3850 2316 3919 sapiens
2362 3851 2589 3919 quisque
2639 3864 2703 3904 ac
2758 3849 2923 3902 futuri
2982 3848 3274 3917 providus,
3326 3863 3425 3901 ceu

1868 3943 2059 3998 morbo
2126 3942 2367 3997 cavendo
2423 3951 2794 4011 comparatum
2849 3940 3143 3995 remedium
3200 3938 3429 4008 parabo-

1868 4033 1975 4085 lam
2025 4041 2321 4100 reputans,
2367 4028 2755 4082 misericordiae
2804 4040 2868 4081 ac
2918 4026 3267 4081 humanitatis
3317 4025 3431 4080 συι-

1868 4132 1958 4184 tu,
2007 4121 2201 4190 quibus
2247 4120 2553 4173 obtineatur
2597 4115 2777 4170 futura
2825 4117 2968 4181 vita,
3015 4116 3267 4171 similium
3317 4131 3431 4169 ma-

1869 4211 2039 4265 lorum
2084 4210 2379 4279 periculurn
2425 4208 2597 4263 vitare
2636 4208 2906 4262 habuerit.
2949 4209 3249 4262 Dramatice
3288 4207 3429 4261 enim

1869 4318 1933 4357 ac
1980 4302 2145 4358 certis
2199 4302 2432 4356 inductis
2490 4303 2735 4369 personis
2784 4300 3059 4367 Scriptura
3112 4301 3433 4353 admonitio-

1873 4408 1992 4447 nem
2043 4394 2325 4462 exposuit,
2374 4407 2480 4461 quo
2525 4407 2620 4459 per
2667 4392 2816 4444 vivas
2866 4392 3129 4461 imagines
3178 4401 3434 4459 certaque

200 4494 305 4541 νοι,
338 4478 608 4545 ἀκώλυτον
636 4481 848 4544 ἑαυτοῖς
883 4482 976 4535 τοῦ
1010 4483 1344 4554 ἁμαρτάνειν
1385 4483 1481 4554 τὴν
1510 4485 1761 4550 ἐξουσίαν

1870 4485 2337 4538 demonstratione
2386 4486 2521 4538 bene
2580 4483 2791 4537 vivendi
2848 4483 3017 4553 legem
3066 4483 3286 4547 edocti,
3346 4498 3433 4537 sa-

203 4565 527 4635 χαρίζονται.
571 4570 687 4621 Πᾶν
716 4569 773 4622 δέ
814 4571 1120 4624 τούναντίον
1152 4572 1300 4643 παρὰ
1340 4573 1439 4643 τῆς
1477 4575 1767 4645 προκειμέέ

204 4671 296 4724 νης
327 4656 546 4726 Γραφῆς
569 4658 951 4729 διδασκόμεθα,
976 4660 1049 4725 ώς
1074 4663 1194 4716 οὑδέ
1222 4665 1516 4735 συγγνώμη
1553 4682 1636 4727 τις
1666 4665 1767 4734 τῆς

205 4744 319 4797 ἐκεῖ
348 4747 577 4815 κρίσεως
606 4750 966 4821 ἐπελαφρύνει
999 4753 1095 4824 τὴν
1125 4754 1375 4820 κόλασιν,
1407 4756 1524 4812 οὐδὲ
1560 4756 1771 4817 ἐλαττοῖ

203 4835 296 4906 τὴν
324 4836 631 4911 ὡρισμένην
653 4848 920 4911 τιμωρίαν
949 4843 1352 4915 φιλανθρωπία*
1388 4848 1442 4900 εἴ
1456 4864 1517 4915 γε
1544 4848 1626 4901 δεῖ
1650 4850 1771 4913 ταῖς

206 4930 406 4994 φωναῖς
460 4928 551 4982 τοῦ
605 4933 943 5004 πατριάρχου
998 4936 1372 5007 τεκμηριῶσαι
1432 4938 1521 4991 τὸν
1587 4939 1762 5008 λόγον.

206 5018 378 5071 Πολλὰ
407 5020 511 5091 γὰρ
554 5023 851 5087 ίκετευθεὶς
898 5026 1045 5094 παρὰ
1075 5027 1168 5079 τοῦ
1206 5027 1483 5093 πλουσίου,
1526 5030 1618 5083 καὶ
1657 5048 1760 5100 μυ-

210 5108 338 5178 ρίων
364 5110 606 5165 ἐλεεινῶν
634 5113 947 5177 ἐπακούσας
972 5118 1164 5184 φωνῶν
1186 5157 1198 5180 ,
1227 5117 1350 5171 οὔτε
1380 5122 1491 5182 τοῖς
1517 5120 1768 5191 ὀδυρμοῖς

208 5199 526 5272 ἐπεκλάσθη,
554 5202 678 5256 οὔτε
702 5204 798 5275 τῆς
821 5205 1009 5275 ὀδύνης
1036 5206 1267 5271 ἐξείλετο
1318 5210 1410 5261 τὸν
1433 5210 1643 5281 πικρῶς
1668 5228 1769 5281 μα-

208 5286 536 5357 στιζόμενον·
579 5294 837 5364 αὐστηρῷ
886 5294 941 5345 δὲ
967 5295 1044 5364 τῷ
1079 5297 1520 5369 φρονήματιτὴν
1556 5300 1768 5366 δικαίαν

204 5380 384 5451 κρίσιν
412 5382 706 5453 ἐκύρωσεν,
737 5383 926 5449 εἰπὼν,
965 5386 1047 5438 ὅτι
1078 5387 1225 5457 πρὸς,
1243 5388 1398 5453 ἀξίαν
1423 5390 1636 5459 ἑκάστῳ
1665 5390 1771 5443 διες

272 5583 347 5649 (8)
386 5584 633 5653 Sepullus
677 5594 753 5635 est
783 5624 796 5641 .
839 5584 1049 5654 ἐτάφη.
1103 5586 1191 5640 Sic
1235 5587 1415 5641 Grurca
1477 5593 1768 5644 etiamnum

202 5655 445 5730 retonent,
498 5655 707 5719 rejecto
752 5656 1145 5730 aII-sequentia
1199 5658 1291 5730 illo
1355 5660 1411 5711 ἐν
1461 5660 1581 5730 ᾄδῃ,
1631 5662 1769 5727 quod

206 5719 383 5795 [saliua
424 5723 668 5794 jungunt
717 5723 1005 5791 participio
1062 5727 1330 5792 sepultus,
1392 5719 1576 5795 cstipie
1631 5719 1769 5783 idem

208 5788 503 5851 Latinorum
528 5788 767 5859 'stnsus,
813 5810 876 5845 ac
904 5788 1057 5862 «jucm
1090 5788 1140 5849 in
1175 5811 1273 5848 una
1313 5797 1393 5850 illa
1432 5788 1556 5852 κοτε
1584 5799 1770 5867 depre-

1870 4589 1957 4629 cra
2023 4573 2223 4626 monita
2272 4588 2337 4625 ac
2393 4581 2655 4648 praecepta
2720 4585 2995 4640 nunquam
3055 4586 3429 4637 aspernemur,

1875 4678 2125 4736 tanquam
2170 4666 2283 4721 solo
2327 4675 2564 4720 terreant
2613 4678 2897 4728 sermone,
2940 4677 3001 4715 ac
3051 4662 3241 4715 inanes
3287 4660 3429 4714 intra

1872 4758 2046 4811 minas
2110 4758 2439 4811 consistant.
2499 4754 2608 4809 Nec
2658 4757 2802 4809 enim
2864 4768 2951 4808 me
3007 4754 3169 4815 latet,
3229 4763 3435 4806 morta-

1875 4847 1999 4899 lium
2040 4845 2220 4915 plures
2254 4844 2580 4913 ejuscemodi
2608 4844 3023 4913 cogitationibus
3055 4842 3325 4906 delinitos,
3352 4841 3435 4896 ef-

1880 4935 2088 4990 frenem
2151 4936 2253 5001 sibi
2317 4936 2588 4990 licentiam
2647 4935 2903 5009 peccandi
2963 4933 3261 5003 indulgere.
3324 4933 3433 4987 Ve-

1874 5044 1992 5082 rum
2036 5028 2141 5081 alia
2192 5043 2289 5082 nos
2337 5028 2515 5081 omnia
2561 5027 2710 5083 locus
2760 5028 2845 5080 hic
2894 5026 3186 5095 Scriptura:
3228 5025 3433 5092 docet;

1872 5119 2013 5175 nulla
2062 5120 2268 5174 scilicet
2314 5118 2428 5186 ejus
2471 5119 2658 5188 judicii
2713 5134 2927 5187 ptenam
2975 5118 3310 5187 indulgentia
3358 5118 3434 5174 le-

1880 5209 2033 5272 vari,
2094 5208 2239 5263 nulla
2300 5208 2575 5263 decretum
2644 5209 2965 5279 supplicium
3032 5208 3265 5279 mitigari
3328 5209 3437 5263 cle—

1874 5302 2112 5366 mentiar;
2164 5300 2209 5355 si
2261 5302 2417 5354 modo
2474 5300 2789 5368 patriarchae
2842 5300 3066 5354 vocibus
3115 5308 3320 5354 certam
3371 5299 3434 5353 ﬂ-

1872 5392 1991 5451 dem
2052 5390 2221 5447 astrui
2276 5391 2540 5445 volumus.
2613 5388 2747 5444 Cum
2820 5393 2963 5445 enim
3038 5389 3221 5444 multis
3286 5390 3435 5445 dives

1880 5592 2065 5648 hendit
2100 5592 2365 5653 Asterius,
2412 5598 2466 5645 ut
2510 5598 2651 5644 totus
2693 5589 2805 5660 ipse
2832 5587 3077 5660 sepultus
3101 5586 3327 5660 dicatur,
3371 5604 3435 5645 ac

1873 5662 2114 5715 absolute
2163 5661 2423 5727 sepultus,
2465 5674 2690 5726 corpore
2716 5656 2934 5729 pariter
2976 5674 3035 5711 ac
3087 5656 3282 5721 animo,
3327 5672 3441 5727 quo

1875 5740 2101 5800 utroque
2132 5740 2375 5787 terrenus
2404 5728 2820 5797 exstitissetpac
2852 5728 3044 5795 dignus
3072 5729 3301 5789 inferno.
