4212 6318
203 322 295 376 {Si

1167 334 1443 389 HOMlLlA
1481 336 1539 388 Il.
1584 335 1668 391 DE
1707 337 2073 394 (ECONOMO
2111 339 2545 405 lNlQUITATIS.

3347 339 3444 390 182

205 434 438 504 μάλιστα
468 437 496 488 ό
536 437 670 501 Θεὸς
700 441 732 509 ἡ
743 439 880 508 μῶν,
909 441 1017 497 τῶν
1039 444 1248 516 θνητῶν
1275 447 1552 520 ὑπερέχει,
1587 449 1664 519 τῷ
1689 452 1773 502 ἀεὶ

1882 455 2126 521 locuples,
2195 455 2531 519 postmodum
2571 467 2770 521 pauper
2807 450 3062 511 eﬂertus,
3134 462 3199 501 ne
3255 462 3442 515 panem

204 525 230 576 ὀ
257 525 419 588 αὐτὸς
450 523 593 580 εἶναι
615 570 629 593 ,
662 533 757 585 καὶ
782 532 1040 597 ὡσαύτως
1077 536 1218 606 ἔχειν
1237 578 1250 600 ,
1287 539 1380 592 καὶ
1417 540 1774 611 ἀναφαίρετον

206 617 504 686 κεκτῆσθαι
537 621 681 693 ζωὴν
700 663 713 686 ,
742 626 835 676 καὶ
871 625 1047 691 δόξαν,
1089 629 1180 679 καὶ
1211 627 1456 699 δύναμιν.

277 881 452 933 Πόθεν
486 877 578 934 οὖν
605 885 685 947 είς
715 885 920 956 ταύτην
948 882 1110 956 ἦλθον
1148 887 1448 957 τῆν’ἁρχὴν
1475 889 1565 940 τοῦ
1593 887 1770 956 λόγου,

209 969 239 1039 ἢ
278 969 418 1038 τάχα
445 969 720 1042 γνώριμον
752 973 849 1044 ήδη
888 975 1142 1044 τυγχάνει
1173 978 1286 1038 τοῖς
1318 975 1440 1027 νοῦν
1473 975 1652 1044 ἔχουσι
1686 979 1779 1029 καὶ

209 1057 532 1126 φιλολόγοις.
582 1061 641 1114 '0
680 1063 892 1125 Λουκᾶς
935 1064 1064 1132 ἡμῖν
1119 1062 1433 1133 παραϐολὴν
1463 1063 1780 1129 ἀναπλάσας

209 1148 500 1217 ὑπανέγνω
553 1151 789 1222 ἀρτίως,
827 1154 882 1205 ὲν
1008 1153 1097 1206 τὸν
1145 1155 1424 1225 οἰκονόμον
1462 1156 1568 1208 τῶν
1622 1157 1778 1209 ἁλλο-

206 1237 371 1308 τρίων
405 1239 714 1311 ὑπογράφει
745 1245 1060 1313 στενόμενον
1093 1246 1187 1296 καὶ⁵
1217 1245 1560 1314 θλιϐόμενον,
1595 1248 1777 1318 ἐπειδὴ

205 1326 278 1392 ὡς
303 1328 554 1400 παθητὴς
580 1333 673 1385 καὶ
703 1332 1078 1398 πολυδάπανος
1126 1336 1357 1404 ηκουσεν
1387 1336 1534 1407 παρὰ
1563 1337 1654 1390 τοῦ
1685 1355 1779 1390 κυ-

209 1418 324 1489 ρίου
347 1420 460 1473 τῶν
491 1423 786 1492 χρημάτων
819 1425 913 1478 καὶ
945 1425 1050 1476 τῶν
1081 1425 1397 1496 κτημάτων,
1434 1428 1514 1480 ὅτι
1541 1428 1649 1491 Δὸς
1673 1429 1780 1482 τὸν

203 1511 390 1578 λάτον
427 1512 538 1580 τῆς
565 1513 949 1580 διοικήσεως,
983 1518 1075 1569 καὶ
1108 1517 1434 1588 μετάστηθι·
1479 1520 1540 1572 οὐ
1571 1519 1677 1590 γάρ
1720 1536 1780 1572 σε

204 1603 316 1665 τοῖς
359 1603 531 1671 ὲμοῖς,
577 1604 652 1668 ὡς
686 1605 865 1668 ίδίοις,
899 1607 1167 1678 ἑντρυφᾷν
1194 1609 1475 1679 ἀνέξομαι.
1510 1610 1680 1664 Τοῦτο
1722 1612 1779 1666 δέ

205 1692 373 1756 ἔστιν,
407 1695 470 1746 οὐ
504 1695 793 1764 γενομένου
826 1697 1146 1767 πράγματος
1173 1699 1450 1770 ἐξήγησις,
1483 1700 1617 1754 ἀλλὰ
1645 1701 1781 1754 πλά-

1877 545 2088 612 quidem
2120 545 2183 596 ad
2243 545 2360 596 vita:
2407 551 2762 596 commeatum
2813 540 2951 594 domi
3013 539 3188 592 habet.
3228 536 3443 604 Hocque

1879 634 2108 686 maxime
2136 632 2272 686 Deus
2300 630 2452 685 nobis
2476 629 2788 684 mortalibus
2820 638 3052 697 prastat,
3081 627 3222 695 quod
3236 639 3445 695 semper

1879 724 2016 777 idem
2062 740 2123 776 ac
2155 723 2205 776 in
2244 725 2428 776 eodem
2458 721 2526 773 sit
2576 728 2758 784 statu,
2801 721 3069 788 vitamque
3115 727 3170 774 et
3219 715 3440 786 gloriam

1879 828 1941 866 ac
1977 813 2267 880 potentiam
2298 809 2687 865 iuauferibilem
2723 811 2932 864 habeat.

1952 902 2067 968 Quo
2103 910 2275 955 autem
2317 901 2368 954 iu
2408 901 2672 956 sermonis
2709 901 2809 952 hoc
2844 897 3119 952 exordium
3153 894 3431 958 venerim,

1883 992 2020 1046 forie
2063 991 2169 1059 jam
2219 993 2573 1061 intelligenles
2616 1006 2678 1045 ac
2732 988 2951 1042 litterati
2994 985 3148 1040 iacile
3199 985 3443 1040 animad-

1880 1094 2116 1138 vertunt.
2174 1083 2464 1148 Nimirum,
2522 1085 2656 1136 lecta
2712 1082 2868 1135 modo
2928 1087 3008 1132 est
3059 1076 3352 1146 composita
3410 1089 3439 1128 ι

1882 1176 2020 1230 Luca
2072 1176 2355 1242 parabola,
2406 1176 2457 1228 in
2504 1190 2612 1242 qua
2659 1173 2778 1236 ille,
2819 1172 3117 1225 alienorum
3159 1169 3461 1237 dispensa-

1884 1275 2092 1328 torem,
2157 1265 2360 1318 tristem
2415 1263 2778 1331 afﬂictumque
2825 1260 3124 1325 describit,
3181 1258 3270 1313 ubi
3322 1267 3442 1310 tan-

1881 1370 2040 1426 quam
2078 1355 2327 1423 prodigus
2361 1369 2425 1408 ac
2458 1355 2762 1421 dissipator,
2796 1365 2858 1403 ex
2885 1351 3144 1404 bonorum
3171 1362 3232 1401 ac
3259 1360 3437 1400 rerum

1882 1445 2098 1500 domino
2157 1447 2426 1509 audisset,
2495 1441 2669 1497 Redde
2729 1441 2981 1493 rationem
3033 1437 3442 1505 dispensationis

1882 1543 2017 1597 tua',
2059 1548 2120 1586 ac
2167 1549 2326 1601 quam
2374 1534 2480 1586 cito
2523 1531 2776 1586 discede:
2816 1544 2914 1582 nec.
2961 1529 3134 1588 enim.
3197 1527 3359 1580 rebus
3393 1534 3443 1579 te

1882 1623 2278 1693 meis,periude
2311 1637 2373 1677 ac
2411 1623 2542 1686 tuis,
2581 1619 2844 1675 luxuriari
2889 1620 3085 1672 sinam.
3133 1615 3226 1671 Est
3265 1623 3439 1670 autem

1885 1704 2030 1777 hac,
2083 1730 2186 1767 non
2231 1728 2369 1767 vera:
2418 1712 2490 1766 rei
2539 1711 2805 1774 narratio,
2852 1711 2942 1764 sed
2991 1709 3112 1762 (icta
3153 1704 3438 1775 parabola,

206 1798 288 1844 σις
330 1783 665 1854 πιραϐολῆς,
693 1789 804 1848 τοῖς
844 1787 1292 1856 ἐπεσκιασμένοις
1315 1789 1420 1841 τῶν
1455 1789 1626 1857 λόγων
1664 1790 1782 1858 ὴθιο

1886 1819 2000 1871 que:
2049 1819 2296 1857 sermone
2346 1804 2574 1873 quodam
2627 1801 2973 1866 adumbralo,
3026 1797 3283 1852 moralem
3346 1811 3444 1850 nos

205 1874 303 1944 χὴν
330 1874 531 1945 ἀρετὴν
565 1875 981 1930 ὲκπαιδεύουσα.
1012 1878 1180 1931 Γνῶθι
1211 1880 1387 1932 τοίνυν
1409 1879 1659 1946 ἕκαστος,
1704 1881 1779 1946 ὡς

206 1963 501 2033 ἀλλοτρίων
525 1960 575 2016 εἷ
596 1964 894 2035 διοικητὴς,
918 1967 1008 2018 καὶ
1037 1966 1197 2037 ῥίψας
1224 1968 1332 2022 άπὸ
1355 1968 1456 2038 τῆς
1483 1969 1662 2040 ψυχῆς
1687 1987 1778 2023 σου

207 2055 301 2125 τῆς
339 2055 628 2118 αὑθεντίας
657 2055 754 2126 τὴν
794 2057 1205 2126 ὑπερηφανίαν,
1247 2059 1306 2110 τὸ
1344 2057 1436 2111 τοῦ
1477 2059 1781 2114 ὑπευθύνου

207 2147 301 2199 καὶ
321 2147 608 2216 οἰκονόμου
636 2147 870 2200 ἀνάλαϐε
901 2149 1158 2200 ταπεινὸν
1185 2150 1279 2201 καὶ
1303 2149 1548 2214 εὐλαϐὲς,
1574 2150 1661 2203 ἀεὶ
1689 2150 1781 2202 τὸν

208 2239 395 2309 κύριόν
428 2256 521 2292 σου
548 2240 860 2308 ἀναμένων,
905 2240 997 2292 καὶ
1040 2241 1174 2310 μετὰ
1210 2241 1410 2305 δειλίας
1448 2235 1782 2312 συγγράφων

207 2329 304 2398 τῆς
336 2329 633 2396 ἀπολογίας
674 2329 735 2380 τὸ
769 2329 1094 2390 λογοθέσιον.
1130 2329 1398 2401 Πάροικος
1438 2332 1545 2403 γὰρ
1574 2328 1646 2393 εἷ,
1683 2333 1785 2385 ὀλι-

207 2421 489 2490 γοχρονίου
512 2423 758 2491 χρήσεως
779 2423 872 2474 καὶ
895 2420 1192 2490 παρώικῆς
1213 2421 1390 2474 λαϐὼν
1413 2423 1779 2493 συγχώρησιν.

208 2512 274 2564 Ei
321 2510 682 2580 ἀμφιϐάλλεις
725 2512 816 2563 ἐπὶ
854 2512 963 2573 τοῖς
1010 2511 1340 2581 γνωρίμοις,
1388 2513 1668 2584 κατάμαθε
1717 2515 1785 2568 τὰ

208 2602 488 2669 γινόμενα,
518 2601 611 2652 καὶ
644 2604 710 2670 τῇ
743 2599 956 2668 ἀψευδεῖ
984 2598 1308 2671 διδασκάλῳ,
1334 2604 1402 2672 τῇ
1434 2603 1620 2675 πείρᾳ,
1653 2621 1783 2658 παι-

206 2691 447 2760 δεύθητι.

282 2866 562 2935 Κέκτησαι
591 2865 808 2936 χωρίον,
835 2867 867 2937 ἢ
898 2867 1046 2938 παρά
1082 2868 1334 2938 πατέρων
1372 2869 1579 2935 λαϐὼν,
1614 2871 1646 2939 ἢ
1679 2870 1788 2924 ἀπό

211 2973 358 3017 τινος
399 2955 840 3025 συναλλάγματος
895 2958 1080 3028 κύριος
1124 2959 1384 3026 γεγονώς.
1442 2961 1785 3029 Ἀναλόγισαι

211 3041 308 3100 οὖν
334 3050 400 3116 τῇ
431 3049 622 3118 μνήμῃ
652 3048 746 3100 καὶ
775 3049 1156 3120 ἁπαρίθμησαι
1183 3051 1422 3114 πάντας,
1463 3054 1511 3103 εί
1541 3052 1785 3117 δύνασαι,

1883 1892 2134 1944 virtutem
2187 1894 2363 1946 docet.
2421 1890 2606 1959 Itaque
2662 1891 2876 1942 noveris
2917 1887 3164 1958 quisquis
3218 1900 3314 1948 es,
3363 1898 3446 1938 re-

1882 1995 1996 2032 rum
2049 1979 2139 2032 tibi
2198 1981 2494 2034 alienarum
2553 1978 3007 2047 dispensationem
3064 1988 3183 2030 esse
3236 1972 3445 2040 delega-

1885 2079 2018 2131 tam,
2072 2069 2349 2139 eiectaque
2397 2083 2617 2137 prorsus
2652 2083 2718 2121 ex
2774 2067 2957 2120 animo
3010 2061 3291 2134 potestatis
3350 2061 3442 2114 he-

1886 2156 1997 2208 rilis
2051 2158 2342 2224 superbia,
2409 2154 2799 2223 dispensatoris
2853 2151 3158 2206 rationibus
3219 2149 3442 2204 obnoxii

1885 2249 2240 2303 humilitatem
2295 2264 2360 2302 ac
2410 2247 2767 2302 reverentiam
2824 2258 3006 2306 sume,
3066 2241 3448 2307 dominumque

1883 2353 2094 2406 semper
2136 2348 2492 2405 exspectans,
2545 2333 2754 2387 tabulas
2802 2347 2864 2385 ac
2907 2331 3117 2384 codices
3172 2330 3438 2381 rationum

1882 2427 2112 2480 sollicite
2165 2443 2228 2480 ac
2301 2438 2534 2479 tremore
2593 2423 2894 2477 couscribe.
2956 2421 3250 2488 lnquiliuus
3303 2418 3446 2471 enim

1884 2533 1975 2583 es,
2026 2527 2186 2585 atque
2237 2518 2304 2570 ad
2356 2517 2519 2571 breve
2566 2523 2780 2584 tempus
2823 2527 2887 2566 ac
2940 2510 3166 2564 transitu
3230 2522 3446 2561 usuram

1884 2623 2194 2664 concessam
2259 2608 2446 2662 habes.
2512 2607 2662 2673 Quod
2726 2607 2770 2660 si
2835 2603 2996 2658 rebus
3042 2601 3173 2653 adeo
3230 2598 3439 2666 perspi-

1886 2695 2000 2749 cuis
2056 2695 2258 2758 haeres,
2321 2707 2390 2748 ex
2442 2708 2499 2746 re
2560 2696 2673 2761 ipsa
2738 2707 2801 2746 ac
2871 2687 3200 2758 experientia
3267 2685 3452 2750 disce,

1887 2798 2003 2852 qua:
2058 2784 2308 2850 magistra
2363 2783 2493 2836 nihil
2545 2782 2704 2835 fallax
2733 2795 2836 2836 est.

1956 2873 2220 2928 Pradium
2265 2873 2503 2942 possides
2550 2873 2698 2940 (l0),
2752 2871 2887 2937 ejus,
2938 2870 3018 2924 vel
3064 2885 3127 2923 ex
3185 2869 3446 2935 majorum

1887 2964 2231 3027 haereditate,
2288 2964 2368 3017 vel
2420 2970 2700 3016 contractu
2756 2961 2954 3027 aliquo,
2999 2960 3222 3028 adeptus
3277 2955 3448 3010 domi-

1889 3055 2054 3108 nium.
2101 3053 2352 3108 Ilemoria
2404 3053 2565 3123 igitur
2600 3061 2771 3106 tecum
2813 3059 3026 3118 repete,
3063 3064 3127 3102 ac
3158 3061 3446 3110 enumera,

209 3137 340 3198 τοὺς
374 3136 478 3204 πρὸ
519 3135 611 3188 σοῦ
644 3139 1048 3208 κατεσχηκότας
1090 3141 1253 3194 αὑτό·
1297 3140 1552 3195 ἒπίϐαλλε
1595 3142 1650 3195 δὲ
1694 3144 1788 3198 καὶ

1891 3147 1932 3200 si
1971 3157 2151 3216 potes,
2189 3151 2450 3213 quotquot
2491 3142 2542 3196 id
2581 3142 2756 3210 ipsum
2797 3152 2920 3194 ante
2961 3150 3013 3192 te
3051 3139 3446 3207 possederunt:

209 3224 295 3295 τῷ
344 3225 590 3293 μέλλοντι
621 3227 794 3298 χρόνῳ
824 3228 915 3280 τὸν
960 3228 1082 3282 νοῦν
1107 3269 1120 3292 ,
1164 3231 1258 3283 καὶ
1292 3231 1447 3285 πόσοι
1489 3233 1652 3286 αὑτοῦ
1695 3251 1789 3286 κυ-

219 3315 495 3388 ριεύσουσι
530 3318 666 3387 μετὰ
706 3320 765 3370 σὲ
806 3321 1156 3391 κατανόησον,
1190 3323 1400 3392 Φράσον
1440 3322 1496 3376 δέ
1542 3340 1667 3394 μοι,
1711 3324 1787 3378 τίο

216 3423 309 3470 νος
338 3409 369 3476 ἡ
413 3408 715 3472 δεσποτεία,
749 3412 838 3462 καὶ
878 3412 986 3464 τίσι
1017 3412 1136 3465 κατ’
1160 3411 1433 3484 ἐξαίρετον
1465 3414 1790 3486 διαφέρουσα

217 3501 329 3560 τοίς
379 3500 668 3568 ἐσχηκόσι,
725 3503 836 3564 τοῖς
866 3501 1098 3571 ἔχουσιν,
1141 3503 1174 3573 ἢ
1213 3506 1326 3567 τοῖς
1362 3504 1674 3573 μέλλουσινς
1730 3506 1791 3559 Ei

218 3588 329 3656 γάρ
357 3606 441 3650 τις
470 3591 533 3641 ὲκ
556 3592 803 3662 μηχανῆς
832 3592 1036 3655 πάντας
1063 3592 1383 3664 ἀθροίσειεν,
1408 3594 1790 3666 εὑρεθήσονται

218 3677 440 3740 πλείους
471 3679 577 3731 τῶν
609 3679 790 3748 βώλων
821 3684 868 3734 oi
897 3685 1239 3753 κεκτημένοι.
1283 3685 1499 3738 Μᾶλλον
1528 3685 1603 3746 δὲ,
1637 3688 1792 3759 είπερ

220 3768 466 3840 ἀκριϐῶς
490 3770 668 3839 βούλει
701 3772 933 3826 κατιδεῖν
959 3773 1063 3825 τίνι
1102 3775 1399 3845 παρόμοιος
1427 3778 1455 3827 ό
1484 3775 1593 3845 βίος
1614 3778 1645 3846 ή
1657 3777 1789 3846 μῶν,

225 3859 598 3928 μνημόνευσον
631 3863 811 3917 εἴποτε
846 3862 964 3933 ὥρᾳ.
993 3864 1183 3935 θέρους
1219 3866 1541 3936 ὁδοιπορῶν,
1584 3866 1794 3921 ἐθεάσω

1891 3245 2012 3305 post
2059 3235 2251 3288 deinde
2294 3236 2472 3288 animo
2505 3232 2789 3286 attendens
2826 3230 3060 3284 futurum
3097 3240 3334 3296 tempus,
3367 3236 3446 3280 te-

1891 3342 2012 3379 cum
2055 3334 2272 3392 reputa,
2304 3338 2464 3392 quam
2495 3323 2647 3376 multi
2693 3331 2814 3391 post
2864 3334 2916 3375 te
2965 3320 3078 3387 ejus
3130 3320 3237 3374 sint
3286 3317 3450 3372 futuri

1891 3420 2113 3474 domini.
2147 3417 2242 3473 Dic
2278 3431 2424 3482 vero,
2455 3418 2634 3481 sodes,
2664 3417 2943 3486 cujusnam
2977 3415 3091 3484 ejus
3119 3413 3411 3467 dominium
3433 3451 3450 3476 ,

1896 3520 1986 3564 aut
2014 3510 2078 3563 ad
2113 3522 2245 3577 quos
2283 3507 2408 3561 illud
2444 3507 2701 3577 peculiari
2734 3506 2961 3573 quadam
2997 3505 3203 3557 ratione
3242 3517 3302 3555 ac
3339 3502 3452 3556 sin-

1893 3601 2150 3671 gulariter
2203 3601 2474 3670 pertinet;
2531 3597 2598 3650 ad
2645 3610 2811 3650 eosne
2859 3595 2948 3663 qui
2993 3594 3326 3652 habuerunt.
3383 3606 3451 3646 an

1892 3693 1980 3762 qui
2016 3689 2248 3753 habent,
2280 3689 2363 3743 vel
2399 3688 2488 3758 qui
2521 3688 2772 3754 deinceps
2819 3693 2945 3739 sunt
2986 3682 3266 3739 habituri?
3313 3679 3449 3736 Nam

1892 3780 1939 3835 si
1971 3780 2089 3848 quis
2122 3791 2311 3832 omnes
2337 3776 2482 3830 velut
2512 3789 2542 3830 e
2571 3773 2818 3830 machina
2851 3770 3255 3840 congregaverit
3277 3809 3291 3833 ,
3329 3783 3452 3838 pos-

1892 3885 2131 3926 sessores
2164 3869 2343 3937 plures
2367 3877 2652 3922 occurrent
2687 3879 2844 3934 quam
2877 3863 3062 3931 glebas.
3099 3861 3238 3928 Quin
3282 3874 3405 3915 vero
3435 3902 3451 3928 ,

219 3949 438 4020 δένδρον
477 3951 823 4020 ἀμφιθαλὲς,
855 3954 945 4006 ἐπὶ
982 3953 1114 4008 πολὺ
1156 3955 1248 4008 τοῦ
1290 3957 1525 4020 πλάτους
1564 3959 1657 4011 καὶ
1699 3959 1789 4012 τοῦ

1895 3969 1952 4014 ιιι
1979 3973 2290 4027 expressam
2335 3957 2519 4012 lubeas
2565 3953 2722 4022 hujus
2767 3954 2888 4006 vitae
2917 3955 3100 4007 videre
3130 3952 3412 4021 imaginem
3435 3990 3452 4014 ,

226 4045 434 4115 μήκους
479 4045 704 4116 διῆκον,
761 4047 940 4100 ίκανδν
991 4051 1056 4119 τῇ
1103 4052 1231 4119 σκιᾷ
1281 4051 1454 4113 οίκίας
1509 4049 1789 4121 πληρῶσαι

1894 4049 2176 4104 recordare
2197 4086 2212 4113 ,
2246 4047 2291 4100 si
2322 4045 2462 4101 forte
2522 4044 2716 4099 accidit
2769 4052 2830 4096 ut
2863 4041 3152 4111 aliquando
3186 4055 3280 4110 per
3311 4041 3454 4094 aesti-

223 4138 436 4207 χρείαν.
464 4138 648 4208 Τούτῳ
679 4138 932 4209 τερφθεὶς
954 4140 1211 4210 ὑπῆλθες,
1244 4142 1355 4202 καὶ,
1381 4143 1464 4209 ἐφ’
1494 4142 1616 4194 ὅσον
1641 4141 1788 4212 ἐξῆν,

1895 4153 2015 4192 vum
2065 4147 2274 4206 tempus
2328 4137 2428 4189 iter
2473 4148 2642 4202 agens
2683 4132 2907 4185 viridem
2954 4128 3200 4185 arborem
3240 4127 3453 4197 conspi-

223 4228 402 4278 ἐκεῖσε
432 4227 769 4294 κατέμεινες.
815 4227 966 4280 Ἐπεὶ⁸
1003 4227 1060 4280 δὲ
1105 4227 1212 4280 ἔδει
1247 4228 1404 4281 πάλιν
1432 4230 1662 4301 ἀπᾶραι,
1702 4231 1789 4283 καὶ

1902 4229 2139 4292 careris,
2195 4229 2430 4297 patulam
2483 4227 2626 4279 illam
2677 4239 2740 4276 ac
2777 4223 2973 4286 ultam,
3025 4220 3234 4286 lataque
3273 4229 3450 4293 aptam

225 4315 322 4369 σοῦ
355 4317 673 4387 βουλομένου
702 4320 800 4390 τὴν
824 4318 1026 4387 ἄφιξιν,
1051 4320 1235 4389 ἔτερος
1262 4319 1539 4391 όδοιπόρος
1567 4321 1786 4390 ἐπέστη.

1894 4321 2112 4383 umbra,
2149 4330 2207 4371 ut
2239 4318 2319 4372 vel
2358 4318 2543 4370 domus
2576 4313 2818 4381 impleret
2848 4313 3037 4365 vicem.
3072 4310 3239 4378 Hujus
3274 4319 3327 4364 tu
3359 4310 3452 4362 de-

223 4408 336 4460 Καὶ
373 4410 435 4461 σὺ
471 4410 568 4478 μὲν
592 4410 848 4480 ὲφόρτους
886 4411 981 4482 τὴν
1005 4412 1346 4480 ἀποσκευήνο
1373 4415 1401 4464 ό
1441 4411 1498 4465 δὲ
1526 4412 1624 4482 τὴν
1661 4411 1789 4465 ίδίαν

1897 4411 2124 4465 lectatus
2174 4409 2490 4461 animuitate
2539 4403 2728 4458 subisti
2780 4401 3061 4465 umbram,
3107 4399 3311 4466 subque
3350 4413 3449 4464 ea,

224 4496 473 4568 καθῄρει.
496 4500 588 4550 καὶ
609 4479 783 4552 πάντα
797 4499 864 4552 τὰ
882 4479 949 4552 σά
964 4499 1154 4570 ἀθρόον
1173 4479 1459 4563 διεδέξατο,
1485 4479 1590 4569 τὴν.
1605 4499 1789 4554 στιϐά-

1893 4501 2123 4569 quandiu
2177 4499 2350 4563 licuit,
2391 4502 2756 4551 commoratus
2800 4508 2877 4546 es.
2925 4491 3056 4557 Quia
3101 4505 3228 4549 vero
3257 4491 3450 4544 iterum

223 4589 384 4650 δα,τὸ
403 4589 532 4659 πῦρ,
553 4591 650 4661 τὴν
663 4590 757 4643 τοῦ
777 4591 992 4661 δένδρου
1016 4591 1194 4654 σκιὰν,
1213 4592 1271 4645 το
1290 4591 1602 4663 παραρρέον
1627 4590 1788 4662 ὕδωρ.

1892 4593 2039 4645 abire
2095 4588 2413 4658 oportebat,
2471 4586 2791 4640 destinatum
2851 4584 3173 4652 cOgitantem
3235 4579 3448 4644 locum,

224 4678 337 4731 Καὶ
366 4681 393 4731 ό
431 4679 528 4748 μὲν
560 4680 738 4747 εῖχετο
770 4679 870 4749 τῆς
908 4679 1306 4744 κατακλίσεως·
1351 4682 1413 4735 σὺ
1444 4681 1500 4734 δὲ
1521 4721 1535 4743 ,
1567 4682 1660 4734 τοῦ
1691 4699 1788 4734 πε-

1900 4683 2037 4736 alius
2087 4679 2355 4751 quispiam
2389 4677 2564 4731 viator
2595 4674 2824 4727 accessit
2853 4691 2864 4726 :
2904 4688 2966 4726 ac
3003 4683 3055 4724 tu
3089 4671 3304 4744 quidem
3333 4681 3449 4724 sar-

225 4767 477 4841 ριπάτου.
520 4766 783 4838 Ἐτέρφθη
817 4754 1088 4834 κάκεῖνος,
1116 4763 1236 4822 εἶτα
1258 4768 1495 4838 ἀφῆκενο
1529 4772 1622 4823 καὶ
1647 4770 1706 4822 τὸ
1731 4769 1789 4822 ἓν

1893 4773 2065 4825 cinam
2118 4767 2381 4824 sustulisti
2453 4763 2736 4837 (il);‘ille
2783 4764 3062 4832 deposuit,
3104 4771 3298 4832 tuaque
3333 4775 3448 4814 om-

297 4945 411 5016 (IO)
453 4943 996 5022 Predium_pouides.
1037 4947 1183 5022 Lego
1212 4961 1274 5002 ac
1306 4948 1537 5022 corrigo,
1585 4950 1780 5022 κέκτη-

228 5015 466 5094 σαιηριιο
503 5017 596 5067 καὶ
647 5015 879 5094 inﬁdae:
907 5017 1062 5094 _quod
1096 5015 1270 5094 minus
1294 5015 1545 5094 cubaret,
1578 5034 1676 5073 nec
1697 5015 1781 5074 eSt

227 5085 370 5163 aliud
401 5099 560 5153 quam
588 5085 872 5163 antiquarii
906 5086 1102 5163 lapsus.
1120 5085 1337 5163 ⁵ιιιιιὶοιιι
1366 5089 1604 5163 Asterius
1623 5103 1778 5163 oeca-

227 5154 441 5221 sionem
470 5155 762 5221 sumpsisse
792 5154 1077 5208 enarrandi
1120 5155 1276 5221 hujus
1327 5156 1424 5207 loci
1455 5172 1518 5209 ex
1552 5157 1778 5211 lectione

227 5168 430 5206 sionem
470 5168 762 5221 sumpsisse
792 5168 1077 5208 enarrandi
1121 5168 1187 5207 nu
1216 5169 1276 5207 us
1327 5168 1424 5207 lOCI
1455 5172 1518 5209 ex
1552 5168 1776 5211 lectione

226 5220 550 5290 evangelica,
582 5233 640 5275 ut
673 5237 787 5276 mos
819 5222 903 5277 ille
931 5225 1133 5292 legendi
1167 5168 1438 5292 Evangelii
1485 5227 1622 5278 inter
1652 5226 1776 5281 Mis-

228 5306 409 5370 sarum
439 5292 716 5367 solemnia,
749 5307 851 5346 non
887 5291 1041 5348 unius
1068 5291 1777 5370 Ηὶειςοερίγιηὶιιιηω*Κρειο-

227 5362 319 5412 sic
366 5363 611 5427 proprius
665 5371 823 5420 esset,
881 5371 937 5414 ut
994 5363 1218 5416 assumit
1271 5362 1530 5415 Vastalius
1581 5363 1630 5416 in
1682 5379 1778 5417 suo

227 5427 428 5508 Joanne
454 5428 948 5508 Hierosolym._._sed
979 5432 1204 5484 aliarum
1236 5429 1592 5508 Ecclesiarum
1628 5448 1774 5488 com-

229 5499 423 5562 munis,
463 5510 520 5551 ut
570 5497 711 5571 nullo
764 5499 883 5551 inde
931 5510 1261 5571 argumento,
1323 5502 1442 5552 aliis
1497 5504 1779 5571 abrogatos

228 5579 521 5644 sermones,
547 5567 719 5620 eidem
747 5577 978 5622 assertos
996 5567 1181 5644 iaciat.
1213 5567 1451 5644 Forsque
1478 5585 1581 5644 non
1601 5567 1776 5644 pauca

225 5637 426 5706 ejusad
453 5639 593 5706 idem
615 5646 929 5706 argumenta
960 5639 1089 5691 nihil
1117 5638 1209 5691 illo
1240 5639 1504 5691 robustius
1528 5640 1773 5694 habeant.

225 5701 386 5758 Paulo
419 5705 646 5762 inferius
674 5701 756 5770 τὸ,
785 5704 1056 5769 δικάζεται
1087 5707 1178 5760 καὶ
1216 5706 1456 5777 φέρεται,
1485 5709 1683 5763 mutavi
1726 5711 1778 5763 in

1883 4951 2131 5016 δικάζετε
2155 4958 2208 5004 et
2244 4951 2456 5019 φέρετε,
2491 4947 2682 5019 Liquet
2711 4947 2761 5000 in
2790 4945 3046 5019 ejusmodi
3076 4944 3246 5019 facili;
3284 4958 3445 4998 caco-

1885 5014 2126 5089 grapliiu.
2160 5014 2269 5088 Τὴν
2295 5014 2589 5072 ὗπεύθυνον
2635 5017 2762 5069 dicit
2794 5014 3120 5089 πλεονεξίαν,
3166 5014 3231 5068 ad
3282 5027 3444 5081 quam

1887 5085 2063 5141 animo
2121 5085 2506 5158 proﬂigandam
2541 5089 2816 5158 hortatur
2863 5085 3173 5158 auditores,
3234 5097 3337 5158 non
3388 5091 3445 5136 ut

1891 5151 2138 5227 quisque'
2181 5151 2444 5212 calculum
2479 5226 2483 5227 ί
2521 5155 2940 5227 daiririatoriu_iii_
2983 5153 3116 5206 ferat
3188 5151 3445 5208 adversus

1885 5221 2316 5287 suum'auimam,
2353 5235 2411 5278 ut
2441 5226 2638 5278 absone
2670 5223 2895 5274 reddidit
2930 5221 3210 5287 interpres.

1955 5294 2065 5365 (Η)
2107 5295 2380 5365 ..ςαιτὶηιιηι
2417 5292 2694 5354 sustulisti,
2745 5289 2826 5344 σὺ
2854 5290 2975 5365 μὲν
3013 5291 3283 5365 ξφόρτοις
3330 5288 3448 5356 τὴν

1883 5361 2252 5432 ἀποσκευήν.
2308 5362 2575 5430 interpres
2624 5376 2725 5413 non
2775 5361 2966 5432 reddit.
3027 5361 3244 5432 humans
3290 5369 3444 5432 putat

1885 5433 2054 5484 locum
2111 5427 2466 5495 mundosmn,
2525 5432 2704 5497 aitque
2781 5427 3010 5482 fortasse
3056 5429 3442 5497 scribendum;

1885 5503 1995 5555 Καὶ
2021 5503 2083 5555 σὺ
2123 5501 2218 5571 μὲν
2252 5499 2550 5571 ὲφόρτιζες.
2579 5496 2689 5571 Ego
2720 5497 2850 5551 nihil
2890 5507 3303 5571 errattIanuto,
3350 5496 3443 5549 sed

1890 5586 2041 5623 usum
2078 5565 2500 5624 Asteriuin'voce
2533 5565 2706 5621 minus
2733 5567 3024 5632 communi,
3077 5565 3216 5622 aillui
3259 5576 3434 5620 tamen

1886 5639 1983 5710 τῷ,
2016 5638 2272 5710 φορτίζω,
2299 5653 2362 5692 ac
2385 5651 2456 5710 ex
2486 5638 2670 5692 eadem
2697 5637 2875 5710 radice
2902 5651 2914 5688 :
2947 5645 3004 5690 ut
3031 5651 3126 5705 pro
3156 5651 3220 5691 eo
3243 5633 3448 5710 inelue-

1888 5703 2222 5778 τίιφὸρτόω·
2257 5709 2397 5778 quod
2427 5716 2708 5774 utrumque
2730 5706 2798 5760 sit
2823 5719 3001 5772 onero,
3032 5703 3158 5759 onus
3179 5703 3322 5759 ιοίιο.
