4212 6318
752 308 853 360 185

2022 315 2078 371 S.
2122 317 2395 371 .XS'l'Eliil
2440 318 2733 374 AMASENI

3906 328 4006 381 185

750 422 839 473 nia
870 421 1050 473 statim
1082 421 1293 488 excepit
1327 440 1339 485 ;
1375 432 1637 485 stratum,
1662 426 1871 494 ignem,
1900 444 2171 483 ramorum
2203 448 2319 483 um-

2425 433 2640 504 δένδρον
2674 436 2763 486 ἐπὶ
2796 437 2926 504 μιᾶς
2966 434 3177 503 ἡμέρας
3224 436 3439 502 ἐγένετο
3487 438 3624 506 τάχα
3661 438 3787 492 δέκα
3836 440 4007 507 ξένων

748 508 942 571 bram,
1001 528 1063 563 ac
1118 528 1312 578 aquam
1366 513 1856 581 praeterﬂuentem;
1916 521 2184 588 coepitque
2236 521 2322 575 ille

749 599 1055 663 recubare;
1116 612 1203 667 tu,
1258 614 1404 655 tuum
1443 607 1696 673 prosequi
1735 608 1854 661 iter.
1900 608 2206 665 Delectatus
2242 623 2326 665 est

745 700 801 741 et
834 688 951 752 ille,
1019 699 1239 759 tumque
1288 696 1509 763 reliquit
1557 707 1801 755 tectum:
1856 701 2151 769 eademque
2205 703 2319 769 ipsa

746 781 910 833 arbor
960 796 1062 834 una
1119 784 1240 847 die,
1291 785 1475 839 decem
1520 786 1657 842 forte
1703 790 1973 858 hospitum
2029 793 2093 845 ad
2156 791 2321 846 breve

755 881 965 937 tempus
1012 873 1367 929 diversorium
1425 873 1568 942 fuit;
1626 894 1689 933 ac
1742 894 1863 948 qua:
1916 880 2164 936 omnibus
2220 898 2318 936 usu

744 964 956 1031 patuit,
996 966 1155 1019 unius
1187 979 1305 1020 erat
1341 972 1449 1023 veri
1498 972 1727 1025 domini.
1778 972 1931 1029 Haud
1974 972 2153 1039 aliter,
2198 976 2319 1029 vita:

744 1056 905 1124 hujus
954 1056 1238 1113 facultates
1285 1074 1348 1115 ac
1391 1061 1594 1130 copiae,
1641 1078 1763 1124 cum
1810 1063 2010 1118 multos
2050 1065 2317 1119 delectent

742 1163 808 1199 ac
868 1151 1127 1215 p'ascant,
1184 1151 1426 1206 dominio
1493 1163 1669 1206 tamen
1726 1154 1792 1208 ad
1853 1154 2029 1209 solum
2092 1156 2323 1209 attinent

744 1238 954 1302 Deum,
990 1241 1081 1307 qui
1113 1242 1471 1296 immortalem
1520 1259 1583 1298 ac
1631 1245 1994 1314 corruptionis
2040 1254 2319 1312 expertem

741 1328 981 1394 possidet
1028 1329 1215 1385 vitam.
1254 1328 1440 1385 Vidisti
1488 1347 1702 1401 quoque
1750 1349 2036 1389 commune
2079 1335 2320 1389 diverso-

742 1415 917 1483 rium,
955 1434 1063 1487 quo
1110 1420 1269 1489 plane
1323 1421 1547 1490 contigit
1594 1432 1841 1490 agentem
1893 1423 1995 1478 iter
2025 1424 2317 1478 divertere.

738 1502 905 1561 Multa
941 1509 1065 1565 inde
1096 1512 1393 1580 accepisti,
1427 1528 1548 1565 cum
1583 1512 1714 1565 nihil
1747 1512 2052 1577 intulisses,
2086 1513 2279 1567 lectum
2301 1552 2315 1577 ,

2424 523 2786 594 ὀλιγοχρόνιον
2834 524 3177 591 καταγώγιον
3202 543 3214 554 ·
3259 529 3354 578 καὶ
3404 528 3463 579 τὸ
3513 529 3726 581 πάντων
3773 535 4004 604 γενόμε-

2412 620 2537 677 νον,
2572 615 2690 677 ἑνὸς
2718 610 2786 685 ἦν
2814 615 2908 667 τοῦ
2936 616 3088 677 ὄντος
3117 617 3326 687 κυρίου.
3355 618 3568 673 Οὕτωσί
3602 621 3660 673 δὲ
3689 622 3779 674 καὶ
3810 626 3865 677 αἱ
3903 643 4006 677 πε-

2429 706 2659 774 ριουσίαι
2693 707 2791 775 τῆς
2816 706 3049 760 ἐνταῦθα
3087 707 3402 777 διαγωγῆς,
3438 711 3701 780 τέρπουσι
3742 714 3841 783 μὲν
3876 715 4007 767 πολ-

2425 789 2548 852 λοὺς
2596 791 2689 842 καὶ
2729 791 3021 862 τρέφουσι·
3069 794 3168 863 τῆς
3216 794 3534 860 δεσποτείας
3571 799 3715 871 μόνῳ
3758 802 3836 872 τῷ
3880 804 4005 875 Θεῷ

2426 881 2829 951 προσηκούσης,
2852 883 2929 952 τῷ
2950 882 3225 954 ἄφθαρτον
3254 886 3348 936 καὶ
3371 885 3673 959 ἀνώλεθρον
3700 889 3877 960 ἔχοντι
3901 893 4004 964 τὴν

2424 970 2591 1042 ζωήν.
2633 969 2872 1029 Ἐθεάσω
2888 974 2981 1026 καὶ
3008 974 3341 1043 πανδοχεῖον,
3369 977 3455 1044 ἐφ’
3480 972 3539 1030 οὗ
3560 979 3776 1042 πάντως
3794 982 4003 1039 ὁδεύων

2424 1061 2754 1125 κατέλυσας·
2784 1062 2973 1127 ἔλαϐες
3006 1064 3064 1117 δε
3094 1064 3306 1118 ἐκεῖθεν
3335 1067 3507 1121 πολλὰ
3526 1107 3544 1131 ,
3575 1069 3859 1139 βαστάζων
3891 1089 4003 1141 μην

2418 1152 2527 1215 δὲν,
2578 1152 2800 1223 κλινην,
2839 1152 3155 1224 τράπεζαν,
3198 1155 3536 1226 ἐκπώματα,
3584 1160 3819 1223 πίνακα,
3861 1160 4001 1217 ἄλλα

2419 1241 2585 1312 σκεύη
2639 1243 2974 1297 παντοδαπά.
3012 1246 3238 1299 Οὐδέπω
3266 1246 3323 1299 δέ
3352 1264 3455 1300 που
3490 1250 3628 1319 πρὸς
3665 1252 4002 1321 αὐτάρκειαν

2418 1333 2763 1403 χρησαμένου
2786 1374 2800 1399 ,
2849 1330 2981 1405 ἧκεν
3013 1336 3171 1400 ἄλλος
3220 1339 3523 1393 πνευπιῶν
3546 1382 3561 1403 ,
3609 1342 4001 1413 κεκονιαμένος

2418 1423 2760 1491 κατεπείγων
2796 1442 2855 1477 σε
2896 1427 2989 1481 καί
3022 1427 3246 1498 ἐξείρων
3278 1429 3372 1482 τοῦ
3404 1432 3741 1504 πανδοκείου,
3772 1436 3866 1491 καὶ
3898 1436 4005 1507 ζης

2416 1512 2523 1565 τῶν
2554 1514 2622 1566 τὰ
2644 1514 2901 1585 ἀλλότρια
2924 1517 2999 1580 ὡς
3024 1517 3301 1589 ἐξαίρετα.

737 1613 1015 1667 mensam,
1064 1601 1289 1668 pocula,
1339 1603 1548 1668 discos,
1598 1603 1814 1672 aliaque
1858 1604 2035 1658 cumis
2084 1603 2300 1674 generis
2338 1618 2487 1659 vasa.
2534 1604 2633 1661 Ubi
2666 1615 2845 1661 autem
2875 1610 3103 1663 necdum
3146 1610 3212 1665 iis
3259 1622 3519 1681 quantum
3575 1616 3711 1670 satis
3771 1618 4001 1673 videba—

737 1706 845 1758 tur,
893 1708 1021 1757 usus
1059 1709 1241 1761 esses,
1274 1695 1588 1764 supervenit
1654 1696 1793 1751 alius
1851 1696 2261 1751 anhelabundus
2295 1709 2359 1749 ac
2399 1695 2844 1767 pulverulentus,
2906 1715 3106 1770 urgens
3138 1713 3229 1768 te,
3273 1714 3437 1775 atque
3484 1708 3632 1761 exire
3667 1712 4007 1778 compellens

736 1788 1133 1851 e'diversorio,
1170 1788 1451 1858 alienaque
1479 1804 1576 1843 ceu
1616 1789 1830 1857 propria
1870 1797 2141 1859 repetens.

808 1882 957 1935 Talis
1013 1882 1237 1935 omnino
1286 1884 1392 1934 vita
1428 1892 1635 1947 nostra,
1685 1881 1902 1943 fratres.
1948 1892 2042 1935 aut
2087 1882 2130 1935 si
2175 1879 2302 1950 quid

2480 1878 2732 1943 Τοιοῦτος
2757 1880 2789 1951 ἠ
2798 1880 2913 1950 μῶν
2947 1884 2975 1936 ὁ
3014 1882 3146 1953 βίος,
3196 1885 3435 1955 ἀδελφοὶ,
3490 1888 3581 1940 καὶ
3605 1890 3657 1941 εί
3678 1907 3727 1941 τι
3747 1889 3851 1941 τῶν
3876 1890 4003 1961 λεχ-

733 1974 893 2028 dictis
922 1972 1293 2026 transitorium
1338 1970 1507 2041 magis
1545 1987 1607 2026 ac
1665 1973 1933 2026 caducum
1990 1980 2095 2025 est.
2136 1970 2314 2039 Quare

734 2078 855 2116 cum
897 2061 1106 2130 aliquos
1142 2062 1307 2115 audio
1346 2063 1621 2116 dicentes:
1660 2061 1926 2119 Prandium
1980 2076 2194 2124 meum;
2236 2068 2312 2121 et.

734 2154 938 2208 Daunus
987 2168 1143 2219 mea,
1188 2154 1330 2207 haud
1360 2156 1492 2209 satis
1535 2155 1716 2208 mirari
1753 2170 2007 2223 possum,
2045 2154 2315 2223 quomodo

740 2243 861 2312 quae
896 2260 1001 2299 non
1036 2256 1162 2299 sunt
1193 2259 1413 2307 eorum.
1450 2246 1595 2301 inani
1636 2244 1737 2299 sibi
1776 2245 1976 2316 syllaba
2020 2246 2313 2310 vindicent,

735 2336 1021 2403 tribusque
1043 2336 1328 2390 fallacibus
1348 2337 1605 2390 litterulis
1633 2337 1809 2390 aliena
1841 2337 1961 2391 sinu
1986 2338 2309 2407 astringant.

735 2428 888 2482 Sicut
912 2428 1057 2481 etaim
1082 2427 1407 2481 histrionum
1435 2443 1694 2495 personas
1719 2444 1878 2483 nemo
1905 2428 2120 2497 quidem
2153 2444 2316 2497 pecu-

736 2520 945 2575 liariter
970 2534 1034 2574 ac
1066 2521 1312 2587 proprias
1351 2519 1534 2581 habet,
1570 2520 1662 2573 sed
1693 2534 1789 2587 pro
1814 2534 1871 2573 re
1901 2534 1964 2573 ac
1995 2529 2315 2589 argumenta

735 2611 961 2680 quisque
991 2610 1090 2664 sibi
1127 2620 1277 2664 actor
1310 2609 1539 2673 imponit
1567 2628 1581 2675 ;
1615 2610 1683 2662 ita
1720 2619 1921 2664 terram
1966 2623 2316 2678 terrenasque

735 2701 1039 2765 facultates,
1070 2702 1226 2771 quasi
1255 2713 1434 2756 vestes
1470 2701 1559 2755 alii
1597 2716 1665 2756 ex
1698 2702 1819 2755 aliis
1850 2702 2081 2757 induunt
2109 2718 2171 2755 ac
2195 2717 2314 2755 mu-

735 2804 870 2848 tant.
899 2794 1233 2860 Dic,qu:eso,
1268 2809 1392 2845 num
1421 2794 1695 2860 potentius
1738 2793 1939 2861 aliquid
1986 2794 2189 2864 regno?
2218 2795 2313 2847 At-

736 2886 823 2952 qui
873 2895 1115 2939 scrutare
1160 2886 1375 2955 regias;
1423 2886 1681 2953 conquire
1729 2884 1936 2954 regales
1964 2885 2313 2955 chlamydes;

735 2972 993 3039 plurimas
1043 2986 1173 3025 sane
1226 2987 1345 3039 qua:
1398 2972 1691 3025 multorum
1750 2986 1933 3041 regum
1977 2973 2318 3027 centexerint

735 3075 984 3130 corpora,
1012 3060 1253 3115 attendes
1294 3080 1307 3115 :
1346 3062 1509 3115 simili
1540 3077 1755 3133 quoque
1786 3064 2017 3128 ratione,
2064 3076 2314 3126 coronas,

735 3153 954 3216 libulas,
1002 3167 1167 3207 zoras
1213 3150 1366 3222 (12);
1420 3154 1602 3206 omnia
1644 3153 1896 3207 nimirum
1945 3154 2315 3209 hereditatem

2418 1969 2615 2023 θέντων
2642 1970 3059 2044 προδικώτερον.
3127 1974 3268 2043 Ἐγὼ
3310 1976 3368 2029 δὲ
3431 1976 3694 2047 θαυμάζω
3752 1981 3875 2041 τοὺς
3909 1978 4005 2032 λέ-

2416 2080 2645 2130 γοντας’
2679 2064 2754 2117 Τὸ
2772 2066 2970 2136 χωρίον
3032 2084 3133 2135 μου
3160 2084 3173 2097 °
3208 2068 3325 2131 καὶ,
3367 2069 3432 2119 Ἠ
3466 2069 3613 2122 οἰκία
3654 2087 3755 2139 μου
3777 2086 3790 2098 θ
3851 2071 4007 2133 ὅπως

2420 2154 2635 2233 ματαίῳ
2670 2156 2907 2228 συλλαϐῇ
2971 2156 3359 2221 ὲξοικειοῦνται
3414 2158 3481 2212 τὰ
3516 2161 3589 2230 μὴ
3630 2162 4006 2232 προσήκοντα,

2416 2252 2510 2303 καὶ
2528 2252 2674 2322 τρισὶ
2700 2253 2987 2322 στοιχείοις
3017 2254 3317 2323 ἀπατηλοῖς
3345 2255 3787 2321 ἐναγκαλίζονται
3809 2256 3875 2308 τὰ
3906 2256 4010 2308 άλ-

2417 2341 2621 2415 λότρια,
2663 2344 2750 2405 Ὡς
2793 2344 2905 2413 γάρ
2954 2346 3022 2397 τὰ
3053 2344 3162 2395 τῶν
3197 2345 3614 2414 θαυματοποιῶν
3662 2352 4002 2417 προσωπεῖα,

2416 2433 2529 2503 ἔχει
2556 2436 2654 2505 μὲν
2691 2434 2867 2497 οὐδεὶς
2928 2438 3043 2487 κατ’
3085 2435 3381 2507 ἐξαίρετον,
3414 2440 3615 2501 πάντες
3636 2439 3691 2490 δὲ
3729 2439 4004 2491 ἐπιτίθεν-

2415 2541 2505 2576 ται
2525 2525 2577 2583 οἱ
2616 2524 2723 2578 τῶν
2767 2525 3060 2595 δραμάτων
3092 2526 3409 2597 ὑποκριταί·
3453 2528 3593 2580 οὕτω
3620 2529 3719 2597 τὴν
3756 2529 3857 2596 γῆν
3907 2529 4008 2581 καὶ

2416 2614 2515 2677 τὰς
2536 2616 2632 2668 ἀπ’
2656 2616 2872 2685 ἐκείνης
2894 2615 3046 2681 ὔλας,
3096 2616 3245 2669 ἄλλοι
3272 2614 3330 2679 ὲξ
3355 2615 3530 2669 ἄλλων
3558 2616 3633 2679 ὠς
3653 2617 3840 2687 ἱμάτια
3876 2633 4009 2687 μετ-

2418 2703 2711 2766 ενδύονται.
2746 2707 2837 2777 Μή
2866 2724 2917 2758 τι
2950 2706 3243 2776 βασιλείας,
3288 2706 3409 2758 είπέ
3458 2723 3569 2776 μοι,
3599 2706 4008 2778 δυνατώτερονς

2417 2797 2530 2850 ἀλλ’
2556 2799 2707 2868 ὅμως
2741 2797 3034 2868 ὲρεύνησον
3101 2797 3171 2850 τά
3204 2798 3446 2867 βασίλεια
3466 2815 3479 2827 ·
3536 2798 3767 2869 ζήτησον
3797 2798 4011 2868 χλαμύ-

2417 2887 2513 2950 δας
2543 2886 2855 2956 βασιλικάς·
2888 2889 3142 2958 εὑρήσεις
3176 2888 3231 2941 δὲ
3285 2888 3487 2950 ταύτας
3542 2888 3752 2951 ἱκανὰς,
3779 2889 3835 2940 αἳ
3873 2889 4009 2942 πολ-

2418 2976 2525 3033 λῶν
2561 2976 2823 3047 βασιλέων
2858 2977 3114 3030 ἐνέδυσαν
3139 2976 3384 3049 σώματα.
3432 2979 3661 3048 Ὁμοίως
3683 2979 3736 3031 δὲ
3763 2979 3857 3031 καὶ
3880 2980 4014 3040 τοὺς

2421 3068 2739 3137 στεφάνους,
2768 3068 2863 3122 καὶ
2915 3069 3013 3133 τὰς
3045 3070 3283 3141 πόρπας,
3334 3070 3427 3123 καὶ
3466 3069 3564 3132 τὰς
3597 3069 3794 3132 ζώνας,
3831 3072 4014 3124 πάντα

2422 3156 2785 3229 κληρονομίαν
2824 3158 3076 3224 ἄστατον,
3107 3160 3301 3230 χρῆσιν
3329 3160 3512 3231 κοινὴν
3542 3158 3650 3213 ἀπὸ
3670 3158 3776 3211 τῶν
3796 3159 4014 3211 ὁδευόν-

736 3243 1080 3307 instabilem;
1138 3259 1479 3298 communem
1534 3261 1730 3308 usum,
1783 3245 1853 3298 ab
1905 3246 2011 3311 iis,
2070 3245 2159 3312 qui
2220 3245 2320 3298 iter

2425 3263 2528 3299 των
2580 3249 2659 3311 εἰς
2724 3249 2849 3311 τοὺς
2908 3248 3171 3318 μένοντας
3220 3248 3641 3303 ἁποϐαίνουσαν.
3691 3249 3753 3299 Τί
3788 3248 3845 3299 δὲ
3901 3247 4017 3299 τῶν

735 3344 936 3406 agunt,
971 3337 1037 3390 ad
1081 3335 1217 3391 alios
1248 3345 1621 3391 transeuntem
1646 3377 1660 3401 ,
1702 3336 1792 3404 qui
1828 3347 2131 3390 remanent.
2175 3336 2316 3402 Quid

739 3437 923 3481 autem
960 3442 1025 3481 ac
1051 3428 1237 3497 quanti
1271 3437 1378 3481 tota
1408 3427 1532 3494 illa,
1570 3442 1731 3496 quam
1762 3428 2020 3497 presides
2052 3428 2317 3492 obtinent,

736 3518 945 3575 scena?
981 3530 1336 3589 argenteum,
1388 3520 1640 3587 inquam,
1683 3519 2009 3584 vehiculum,
2056 3535 2117 3573 ac
2156 3534 2320 3573 aurea

735 3608 929 3677 virga?
957 3607 1144 3662 Nonne
1166 3623 1380 3677 semper
1419 3609 1535 3663 haec
1570 3623 1775 3677 praeses
1808 3608 1974 3663 habet
1997 3609 2141 3680 (l5);
2186 3624 2320 3662 nnn-

735 3714 896 3769 quam
928 3708 1113 3753 tamen
1162 3698 1301 3753 idem
1326 3739 1341 3760 ,
1380 3700 1472 3754 sed
1506 3700 1735 3769 quisque
1783 3700 1958 3754 solum
1994 3701 2061 3752 ad
2098 3715 2313 3756 usuram

734 3791 915 3861 exigui
956 3792 1255 3860 temporis?
1302 3790 1455 3847 Sicut
1492 3792 1636 3847 enim
1679 3792 1938 3846 feretrum
1987 3802 2081 3845 aut
2118 3793 2311 3845 sanda'

734 3883 841 3951 pila
864 3920 880 3945 ,
915 3881 1017 3935 alia
1064 3882 1291 3938 subinde
1320 3883 1585 3943 cadavera
1613 3883 1841 3951 suscipit
1868 3901 1884 3939 ι
1912 3882 1995 3938 sie
2031 3884 2318 3952 magistra-

736 3983 887 4027 tuum
908 3972 1163 4043 insignia,
1204 3983 1419 4052 utentes
1450 3975 1739 4029 identidem
1774 3983 2133 4029 commutant.
2165 3971 2319 4028 Unde

734 4073 793 4117 et
819 4063 1128 4133 frequentes
1146 4065 1435 4133 Apostolus
1461 4065 1513 4120 in
1540 4067 1680 4121 hanc
1702 4064 1816 4119 fere
1863 4064 2190 4122 sententiam
2228 4079 2323 4118 no-

737 4155 821 4208 bis
848 4154 1162 4208 erudiendis
1188 4155 1445 4208 inclamat
1471 4170 1669 4211 voces:
1704 4154 1954 4209 Praeterit
1980 4156 2118 4208 enim
2148 4156 2322 4223 ﬁgura

736 4244 894 4314 hujus
929 4246 1111 4298 mundi
1132 4245 1211 4311 ¹³;
1238 4255 1291 4298 et
1320 4244 1485 4299 illud:
1518 4244 1791 4313 Tanquam
1823 4244 1956 4298 nihil
1978 4244 2223 4297 habentes
2273 4254 2324 4297 et

736 4333 913 4385 omnia
947 4334 1266 4399 possidentes
1296 4334 1341 4367 ¹⁸
1371 4353 1386 4401 ;
1421 4335 1551 4388 illud
1594 4336 1718 4389 item
1750 4352 1763 4387 ε
1799 4334 1903 4399 Qui
1934 4344 2175 4398 utuntur,
2205 4345 2325 4388 tan-

2425 3337 2781 3409 ὑπαρχόντων
2811 3340 2853 3370 ¹⁶
2879 3339 3037 3405 ἀξίας
3068 3342 3101 3410 ὴ
3130 3339 3323 3409 σκηνὴ,
3353 3340 3413 3392 τὸ
3443 3338 3715 3411 ἀργυροῦν
3740 3339 3946 3408 ὄχημα,
3981 3342 4016 3408 ἡ

2424 3433 2719 3501 καλαμὶςή
2757 3431 2965 3501 χρυσῆς
2998 3432 3091 3484 καὶ
3142 3433 3242 3485 οὐκ
3266 3433 3353 3485 ἀεὶ
3380 3431 3548 3484 ταῦτα
3578 3432 3687 3500 ἔχει
3714 3431 3801 3483 τὸν
3831 3430 4017 3501 ὓπαρ-

2424 3543 2539 3596 χον,
2572 3526 2667 3577 καὶ
2692 3523 2945 3576 οὐδέποτε
2970 3522 3063 3575 τὸν
3095 3522 3278 3586 αὐτὸν,
3309 3525 3357 3574 εί
3399 3523 3473 3592 μὴ
3525 3522 3659 3592 πρὸς
3681 3520 3857 3588 ὀλίγον
3882 3521 4020 3574 Exu-

2429 3631 2585 3681 στον;
2624 3614 2713 3676 Ὠς
2741 3612 2849 3684 γάρ
2884 3614 2916 3683 ἡ
2956 3612 3109 3684 κλίνη
3144 3612 3245 3682 τῆς
3268 3614 3507 3683 ἐκφορᾶς
3537 3611 3724 3665 ἄλλοτε
3766 3611 3903 3667 ἄλλα
3932 3612 4021 3666 se.

2424 3722 2580 3775 χεται
2618 3703 2879 3774 σώματα·
2930 3702 3073 3762 οὕτω
3107 3706 3201 3759 καὶ
3261 3705 3369 3765 τῶν
3427 3705 3608 3775 ἀρχῶν
3642 3704 3712 3760 τὰ
3768 3704 4021 3773 σύμϐολα

2424 3796 2551 3858 τοὺς
2580 3795 2895 3865 χρωμένους
2923 3796 3162 3865 ἀμείϐει.
3202 3794 3481 3848 Ἐντεῦθεν
3530 3797 3623 3848 καὶ
3680 3798 3708 3848 ὁ
3750 3796 4019 3848 Ἀπόστο-

2424 3885 2514 3947 λος
2541 3885 2672 3954 ἡμῖν
2705 3883 2833 3936 ἐϐόα
2854 3883 3113 3948 πλείστας
3144 3883 3348 3952 φωνὰς,
3397 3882 3600 3953 ταύτης
3646 3884 3744 3955 τῆς
3775 3884 4021 3943 διανοίας

2428 3975 2806 4038 παιδευτικάς·
2842 3975 3096 4044 Παρὰγει
3145 3974 3256 4044 γὰρ
3292 3975 3356 4027 τὸ
3387 3973 3596 4042 σχῆμα
3644 3975 3749 4028 τοῦ
3780 3975 4023 4041 κόσμου

2425 4066 2674 4121 τούτου·
2711 4066 2803 4122 καὶ
2841 4066 2922 4130 τὸ,
2959 4068 3052 4131 Ὠς
3096 4065 3296 4135 μηδὲν
3348 4065 3615 4135 ἔχοντες,
3661 4066 3759 4118 καὶ
3817 4064 4023 4119 πάντα

2427 4157 2817 4227 κατέχοντες·
2858 4159 2971 4223 καὶ,
3007 4161 3071 4211 Ol
3112 4157 3419 4228 χρώμενοι,
3460 4159 3541 4222 ὡς
3568 4157 3654 4226 μὴ
3706 4156 4021 4224 παραχρώ-

2422 4266 2615 4319 μενοι.
2652 4248 2840 4303 Πάντα
2895 4249 3005 4320 γὰρ
3030 4249 3204 4302 ταῦτα
3263 4251 3399 4321 πρὸς
3435 4251 3531 4303 ἕνα
3576 4249 3742 4300 τείνει
3790 4248 4020 4311 σκοπὸν,

2429 4342 2511 4392 ὃτι
2539 4342 2816 4411 προσῆκεν
2849 4341 2925 4403 ὼς
2958 4341 3266 4411 ἐφημέρους
3303 4342 3449 4410 ἡμᾶς
3476 4339 3687 4409 διαζῆν,
3720 4338 4019 4407 ἀναμένον-

734 4439 895 4489 quam
941 4439 1044 4481 non
1079 4424 1451 4478 abutantur".
1492 4424 1619 4479 Ηωο
1649 4426 1793 4479 ettim
1829 4425 2011 4478 omnia
2051 4425 2117 4477 ad
2162 4442 2323 4479 unum

2431 4446 2531 4492 τας
2560 4433 2659 4500 τῆς
2691 4431 2869 4494 ἐξόδου
2900 4432 2960 4483 τὸ
2984 4430 3252 4501 σύνθημα.

735 4527 958 4583 scopum
1006 4516 1266 4581 tendunt,
1315 4515 1457 4585 quod
1513 4515 1659 4570 velut
1706 4516 1763 4570 in
1800 4515 1941 4570 diem
2008 4515 2095 4569 hic
2136 4516 2315 4573 vivere
2369 4521 2709 4594 debeamus,
2756 4536 3077 4591 semperque
3133 4522 3313 4582 exitus
3374 4520 3589 4590 signum
3638 4536 3699 4575 ac
3758 4531 4027 4578 tesseram

737 4616 1079 4674 exspectare.

890 4751 906 4805 Ι
937 4750 1060 4805 Cor.
1092 4766 1189 4814 vu,
1214 4749 1303 4813 51.
1384 4751 1426 4781 ⁸³
1450 4750 1490 4805 ll
1527 4750 1653 4806 Cor.
1688 4764 1767 4815 τι,
1798 4748 1882 4801 10.

810 4888 921 4959 (l2)
965 4885 1213 4959 Fibulas,
1276 4902 1457 4959 sonas.
1510 4883 1662 4959 Quod
1707 4884 1793 4937 hic
1846 4883 2031 4955 πόρπη
2093 4883 2327 4945 Asterie,

737 4953 960 5029 sequior
993 4956 1203 5029 Graecia
1236 4954 1432 5029 φίδλαν
1475 4953 1727 5024 appellat,
1774 4968 1894 5029 qua;
1921 4953 2090 5029 unum
2126 4961 2210 5029 est
2263 4968 2329 5006 ex

736 5022 1077 5084 ornamentis
1134 5022 1563 5093 imperialibus,—
1596 5034 1654 5076 ut
1713 5032 1783 5093 et,
1818 5022 1920 5075 alia
1988 5022 2075 5093 hic
2132 5022 2326 5076 relata.

742 5100 1008 5154 Existimo
1028 5110 1152 5151 esse
1176 5092 1318 5163 quod
1343 5096 1516 5163 instar
1544 5092 1842 5163 numerans
1871 5100 2039 5163 totum
2062 5092 2331 5151 intextum

740 5168 938 5239 lapillis
1008 5160 1872 5239 to_g:£_'superinduuut._Verum
1938 5160 2329 5239 plunra‘noster

737 5228 883 5296 Goar
905 5253 1024 5290 cum
1057 5228 1113 5289 i'n
1144 5228 1484 5302 Euchologio,
1514 5243 1626 5285 tum
1653 5232 1705 5284 in
1739 5232 1880 5302 notis
1911 5232 1980 5302 qd
2004 5228 2328 5302 Cedrenum,

740 5324 805 5361 ac
831 5308 1111 5378 praecipue
1138 5305 1191 5363 in
1222 5304 1288 5356 iis
1316 5299 1435 5371 quae
1466 5305 1765 5378 meditatur
1810 5301 1861 5354 in
1899 5299 2188 5378 quinnm,
2243 5300 2332 5352 ubi

739 5369 904 5433 etiam
959 5369 1024 5429 de
1067 5374 1237 5446 virga,
1274 5369 1344 5429 ac
1389 5387 1483 5427 seu
1535 5371 1799 5446 arundine
1827 5369 2221 5446 praefectorum
2273 5384 2334 5423 ac

744 5449 1073 5514 reliquorum
1103 5439 1544 5514 tttagistratuum,
1572 5441 1674 5514 alia
1708 5455 1774 5514 ac
1792 5439 2041 5514 aliaipro
2070 5439 2337 5514 cujusque

745 5506 1094 5584 magistratus
1130 5506 1356 5584 ratione.
1385 5509 1499 5564 Non
1536 5510 1674 5584 male
1705 5506 2145 5584 etiatnnDucgeus.
2192 5506 2340 5584 Bene

743 5577 871 5641 item
904 5584 1147 5638 correxit
1182 5583 1543 5649 interpretem
1579 5582 1627 5632 in
1668 5579 1847 5633 verbis
1876 5577 2051 5649 Pauli,
2078 5577 2331 5649 παράγει

741 5656 802 5709 τὸ
858 5656 1041 5725 σχῆμα
1081 5654 1176 5725 τοῦ
1235 5646 1441 5721 κόσμου
1493 5649 1874 5725 τούτουορυιη
1930 5648 2005 5701 sic
2059 5646 2337 5701 ille’male

741 5718 1086 5791 t'etldt'dissut,
1112 5718 1467 5795 lienrtt'scmut
1497 5722 1629 5775 enim
1656 5718 1865 5789 faciem,
1892 5727 2020 5781 cita,
2051 5732 2166 5791 pro,
2200 5733 2335 5789 praf-

1962 4747 2004 4778 ¹³
2032 4745 2053 4799 ι
2079 4747 2205 4803 Cor.
2245 4763 2338 4814 νιι,
2368 4749 2457 4802 51.

2538 4745 2583 4775 ¹⁶
2618 4742 2782 4798 Sirm.
2815 4742 2936 4796 cod.
2973 4740 3253 4811 ὑπάρχων,
3286 4754 3349 4793 ac
3386 4739 3595 4793 melius.

2442 4882 2563 4935 terit
2608 4880 2808 4961 ﬁgura,
2870 4886 3000 4961 etc.”
3029 4891 3165 4961 μυξη.
3210 4883 3291 4929 est
3321 4872 3670 4961 'conm‘tunist
3706 4882 4026 4957 sanctorum

2439 4942 2702 5019 expositio
2733 4942 2849 5019 ejus
2872 4947 2996 5019 loci.
3029 4942 3085 5019 lii
3121 4945 3289 4998 altero
3321 4944 3457 5006 loco,
3484 4943 3557 5004 ὡς
3602 4942 3675 5019 μῂ
3725 4942 4024 5019 παραχρῴ-

2441 5012 2621 5090 μενοι,
2651 5021 2732 5072 sic
2759 5017 2955 5090 Paulus
2996 5016 3209 5090 videtur
3241 5028 3463 5067 monere
3493 5013 3748 5090 utendum
3798 5012 4025 5090 mundo,

2440 5080 2497 5145 ut
2531 5080 2764 5144 sitnusus
2795 5089 3000 5154 absque
3031 5086 3225 5148 abusu,
3252 5098 3339 5154 Aac
3378 5084 3707 5154 castiga_tus,_
3745 5095 3808 5154 ac
3845 5080 4025 5148 qualis

2440 5169 2695 5227 acceptus
2718 5158 2810 5210 sit.
2846 5150 2951 5227 Sic,
2974 5154 3204 5227 Tertull.
3250 5152 3455 5227 lib.l_De
3495 5150 3639 5227 cultu
3683 5150 4025 5227 feminarum,

2441 5245 2489 5284 c.
2523 5221 2899 5293 9,'Sequamur
2920 5223 3249 5286 Apostolum,
3279 5222 3369 5290 qui
3401 5237 3492 5274 nos
3527 5221 3791 5273 utimonet
3825 5223 4025 5281 munda

2442 5300 2563 5361 isto,
2595 5298 2746 5366 quasi
2772 5311 2874 5347 non
2898 5294 3199 5366 abutamur.

2507 5357 2620 5435 (l5)
2664 5365 2852 5435 Nonne
2881 5361 3226 5435 sempenhwc
3265 5359 3711 5435 prrvsesmhabet.9
3767 5358 3879 5410 οὐκ
3930 5357 4026 5410 ἀεὶ

2440 5427 2650 5493 ταῦτα.
2727 5432 2818 5487 Sic
2878 5427 3035 5502 plane
3090 5430 3371 5499 legendum
3426 5427 3746 5502 afﬁrmative
3798 5442 3860 5480 ac
3901 5441 4028 5502 cum

2440 5519 2565 5561 nota
2601 5495 3022 5573 interrog.,'nm1
3057 5495 3413 5573 negantemut
3440 5498 3615 5551 reddit
3644 5498 3868 5573 interpr.
3904 5495 4029 5550 Vult

2441 5578 2585 5631 enim
2615 5575 2787 5643 ipsam
2810 5567 3066 5643 'quidenn
3086 5567 3458 5643 praefecturam
3489 5582 3609 5621 esse
3653 5567 3797 5643 uelut
3829 5580 4025 5643 perpe-

2443 5655 2611 5709 tuam,
2637 5636 2706 5698 ac
2732 5636 2854 5711 ejus
2875 5636 3127 5711 insignia,
3154 5653 3337 5692 verum
3362 5638 3497 5691 alios
3526 5650 3591 5690 ex
3621 5637 3741 5692 aliis
3767 5636 4031 5695 continua

2444 5716 2741 5772 mutatione
2769 5712 3045 5784 suscipere
3075 5724 3138 5765 ac
3167 5721 3473 5783 capessere.
