4212 6318
168 350 259 404 185
1110 352 1395 408 HOMILIA
1436 353 1499 408 ll.
1538 352 1631 407 DE
1664 352 2029 411 OEGONOMO
2071 354 2509 423 IMQUITATIS.

3308 358 3410 415 186

231 464 337 516 Καὶ
372 464 463 515 ἴνα
486 464 817 536 καταμάθῃς
840 464 1103 537 ἀκριϐῶς,
1141 468 1223 521 ὅτι
1246 469 1432 539 νόμοις
1463 470 1745 524 ύπόκεισαι
1775 479 1805 532 Α

1918 471 2034 538 Quo
2061 482 2239 527 autem
2285 475 2492 542 plenius
2521 472 2731 537 discas,
2778 471 2987 542 legibus
3024 478 3075 526 te
3114 486 3179 526 ac
3217 474 3411 543 regulis

167 553 255 609 καὶ
279 554 471 606 κανόσι
501 554 866 620 δεσποτικαῖς,
902 555 1021 609 καθ’
1061 557 1155 621 οὓς
1184 575 1243 611 σε
1280 561 1553 630 προσῆκεν
1586 563 1741 631 ἀκρι-

169 644 271 708 ϐῶς
293 644 546 716 διορθοῦν
566 663 579 675 ·
629 645 739 698 ἀπὸ
770 646 966 699 σαυτοῦ
1017 648 1232 720 πρῶτον
1266 652 1619 720 κατανόησον,
1658 653 1739 704 ὃτι

168 736 255 790 καὶ
282 736 346 788 τὸ
401 734 567 804 σῶμά
594 751 708 799 σου,
737 734 830 788 καὶ
879 737 915 807 ἠ
945 736 1088 808 ψυχὴ
1142 738 1479 808 πανταχόθεν
1515 741 1624 802 τοῖς
1645 740 1742 808 τῆς

166 826 359 895 ἀρετῆς
385 825 674 878 ὑπόκειται
712 827 1182 897 παραγγέλμασιν,
1237 832 1331 882 καὶ
1377 832 1493 884 οὐδὲ
1544 830 1739 883 σαυτοῦ

167 909 346 980 κύριος
372 904 427 961 εἴ
448 926 463 938 ·
496 910 632 963 ἀλλὰ
687 911 966 981 προσῆκέν
1011 930 1071 966 σε
1128 917 1432 987 οἰκονομεῖν
1462 918 1555 971 καὶ
1586 917 1741 985 λόγον

164 1001 253 1053 καὶ
274 1000 504 1071 πρᾶξιν,
535 1003 629 1055 καὶ
660 1006 769 1057 πᾶν
807 1004 906 1075 τῆς
949 992 1094 1075 ζωῆς
1137 1023 1230 1058 σου
1255 1008 1479 1078 κίνημα.
1512 1007 1742 1071 Ἐλαϐες

166 1088 321 1158 σῶμα
352 1091 507 1165 παρά
550 1091 643 1144 τοῦ
678 1091 980 1160 κτίσαντος,
1033 1096 1099 1147 ὲκ
1131 1096 1337 1150 πολλῶν
1369 1098 1569 1169 μορίων
1616 1115 1743 1167 συγ-

165 1180 439 1249 κείμενον,
497 1183 594 1236 καὶ
642 1184 805 1237 πέντε
852 1184 1168 1256 αἰσθήσεσιν
1220 1190 1300 1251 εἰς
1330 1188 1427 1253 τὰς
1460 1189 1560 1258 τῆς
1597 1190 1743 1262 ζωῆς

163 1270 351 1338 χρείας
383 1271 856 1343 οἰκονομούμενον.
904 1274 1100 1329 Εἰσὶδὲ
1135 1276 1256 1330 οὐδὲ
1280 1272 1436 1331 αὗται
1472 1279 1740 1349 ἐλεύθεροι

166 1361 255 1412 καὶ
284 1361 610 1431 αὐτόνομοι·
646 1363 762 1417 ἀλλ’
794 1363 997 1434 ἑκάστη
1027 1365 1185 1437 δούλη
1231 1368 1410 1437 νόμων
1442 1370 1601 1422 ἐστίν.
1630 1371 1741 1425 Καὶ

166 1453 382 1522 πρῶτος
433 1452 618 1507 ἀκούει
667 1455 959 1526 ὀφθαλμόςο
1010 1457 1180 1511 Βλέπε
1211 1458 1391 1527 φύσιν,
1427 1461 1520 1513 καί
1550 1460 1740 1531 θὲὼρει

165 1540 449 1610 ἀβλέπειν
475 1544 636 1597 καλόν
658 1562 671 1575 θ
730 1545 899 1615 ἥλιον,
933 1548 1113 1601 πᾶσαν
1149 1550 1247 1617 τὴν
1276 1551 1597 1621 οἰκουμένην
1627 1570 1739 1621 φωρ

167 1631 416 1707 τίζονταο
454 1636 703 1705 σελήνην,
759 1636 819 1688 τὸ
859 1637 1179 1708 σκυθρωπὸν
1231 1642 1325 1694 καὶ
1380 1639 1617 1711 ζοφῶδες
1639 1643 1738 1712 τῆς

168 1719 359 1783 νυκτὸς
413 1722 897 1789 καταυγάζουσανο
956 1726 1082 1787 τοὺς
1130 1726 1320 1789 ἄλλους
1372 1728 1623 1799 ἀστέρας,
1675 1731 1736 1782 ού

1844 563 2034 631 subjici
2067 564 2394 628 Dominicis,
2439 564 2502 615 ad
2539 579 2660 632 qua:
2700 565 2880 619 omnia
2910 562 3096 619 sedulo
3132 564 3409 634 dirigenda

1843 654 1969 718 sint,
1999 655 2225 721 teipsutn
2272 655 2323 708 in
2372 654 2559 723 primis
2592 655 2799 707 intuere
2838 663 2891 707 et
2923 654 3230 719 considera,
3263 664 3319 708 ut
3355 664 3415 710 et

1842 758 2041 810 corpus
2070 754 2127 797 ct
2176 744 2353 797 anima
2422 746 2773 815 undcqttaque
2794 744 3008 798 virtutis
3034 751 3316 799 teneantur
3336 744 3413 799 le-

1842 832 2017 904 gibus,
2052 850 2226 902 neque
2276 836 2351 889 tui
2403 834 2515 905 ip'se
2569 836 2817 889 dominus
2862 836 2977 900 sis;
3018 839 3109 890 sed
3144 852 3265 891 cum
3295 850 3412 891 ser—

1843 939 1957 991 mo,
2028 935 2139 993 tum
2198 928 2471 992 actiones,
2527 936 2690 996 atque
2746 927 2880 981 adeo
2926 929 3229 996 quicunque
3291 929 3413 983 vita:

1842 1027 2021 1087 motus
2046 1056 2061 1078 ,
2104 1028 2254 1071 certa
2286 1018 2379 1071 tibi
2424 1017 2541 1088 lege
2574 1017 2801 1072 habendi
2831 1018 2959 1071 sint.
2994 1018 3259 1088 Accepisti
3292 1033 3414 1073 cor-

1841 1119 1942 1175 pus
1973 1118 2001 1157 a
2037 1102 2325 1168 Creatore,
2355 1118 2422 1159 ex
2457 1105 2699 1174 pluribus
2743 1106 2987 1174 partibus
3027 1106 3409 1173 compositum,

1840 1207 1895 1250 et
1916 1197 2154 1265 quinque
2181 1196 2429 1251 sensibus
2459 1198 2523 1250 ad
2548 1213 2702 1252 usum
2728 1198 3275 1265 commoditatemque
3292 1199 3413 1251 vitae
3452 1193 3456 1196 ’

1842 1286 2183 1341 instructum.
2208 1288 2278 1342 At
2314 1302 2490 1357 neque
2525 1288 2623 1357 ipsi
2660 1288 2813 1343 liberi
2848 1299 3007 1353 sunt,
3046 1303 3108 1341 ac
3136 1288 3217 1342 sui
3254 1286 3411 1357 juris,

1841 1378 1935 1432 sed
1978 1378 2089 1432 suis
2124 1378 2354 1447 quisque
2383 1379 2593 1448 legibus
2628 1380 2967 1450 astringitur.
3014 1378 3228 1432 Primus
3254 1378 3307 1431 in
3335 1381 3415 1434 eis

1841 1470 1991 1522 audit
2038 1469 2225 1523 oculus
2263 1469 2375 1541 (l4)
2412 1488 2426 1523 :
2461 1470 2730 1524 Contuere
2760 1480 3002 1524 naturam
3034 1508 3049 1534 ,
3093 1485 3155 1524 ac
3186 1485 3248 1525 ea
3285 1484 3415 1533 cou-

1842 1558 2119 1628 templare,
2149 1574 2266 1628 qua:
2287 1562 2422 1615 bene
2447 1576 2510 1616 ac
2531 1564 2754 1616 honeste
2776 1562 2939 1616 videri
2960 1568 3197 1631 queant;
3223 1560 3412 1626 solem,

1844 1659 2110 1705 terrarum
2147 1651 2332 1705 orbem
2363 1652 2807 1719 collustrantem;
2865 1653 3045 1705 lunam
3074 1691 3087 1714 ,
3127 1651 3331 1705 tristem
3361 1662 3416 1706 et

1842 1741 2125 1796 obscuram
2154 1742 2327 1796 noctis
2363 1742 2554 1796 faciem
2584 1741 3007 1805 illuminantem;
3054 1743 3237 1797 stellas
3260 1750 3419 1796 caete-

166 1809 297 1863 πολὺ
328 1811 447 1878 μὲν,
479 1812 597 1864 οὐδὲ
618 1811 888 1883 αὔταρκες
924 1818 1054 1885 ἡμῖν
1110 1817 1169 1869 τὺ
1218 1820 1345 1888 παρ’
1378 1818 1579 1870 ἑαυτῶν
1623 1820 1738 1887 φῶς
1770 1812 1805 1866 Ε

1839 1848 1925 1887 ras
1948 1872 1963 1896 ,
1990 1833 2242 1899 exiguum
2263 1873 2279 1897 ,
2306 1833 2424 1888 illas
2467 1833 2680 1902 quidem
2712 1848 2886 1901 neque
2925 1832 3076 1886 nobis
3114 1831 3407 1898 suﬂiciens,

167 1901 564 1971 χορηγοῦνταςε
602 1903 741 1974 πλὴν
773 1905 834 1956 τὸ
872 1905 1065 1970 κάλλος
1086 1907 1118 1959 ὅ
1147 1906 1355 1977 ἔλαχον,
1392 1908 1737 1961 ἀποστίλϐον-

165 2008 284 2055 τας.
315 1990 521 2063 Θεώρει
559 1994 683 2063 γῆν,
731 1999 915 2063 φυτοῖς
972 1998 1335 2051 παντοδαπέσι
1372 2001 1463 2052 καὶ
1489 2000 1737 2070 βοτάναις

166 2080 423 2149 κομῶσαν
468 2080 741 2135 θάλασσαν
790 2084 1141 2155 ήπλωμένην,
1198 2087 1273 2150 ὠς
1306 2088 1484 2140 πεδίον
1514 2088 1734 2158 ὁμαλὲς,

164 2170 290 2222 ὅταν
325 2171 404 2234 εἰς
459 2171 702 2242 καθαρὰν
755 2171 995 2243 γαλήνην
1027 2178 1198 2244 παγῇ.
1231 2177 1326 2238 Εἰς
1365 2175 1649 2229 ταῦτακαὶ
1671 2178 1738 2229 τὰ

166 2259 386 2313 τοιαῦτα
431 2262 813 2332 κατακέχρησο
856 2261 934 2332 τῷ
984 2264 1117 2333 ὁρᾷν
1138 2282 1151 2295 ·
1183 2265 1280 2328 τὰς
1309 2264 1363 2317 δὲ
1396 2265 1559 2328 ἄλλας
1588 2265 1734 2330 θέας,

164 2352 284 2405 ὅσαι
313 2352 402 2404 διὰ
424 2356 523 2421 τῆς
555 2346 733 2422 ὅψεως
760 2355 858 2420 τὴν
918 2352 1118 2423 βλάϐην
1166 2357 1512 2425 ἐπεισάγουσι
1539 2362 1603 2429 τῇ
1643 2358 1739 2427 ψυ-

165 2444 254 2513 χῇ,
285 2441 455 2510 φεῦγε
499 2442 593 2494 καὶ
644 2444 975 2512 παράτρεχε,
1016 2444 1109 2496 καί⁵
1170 2445 1398 2497 ἐπιτίθει
1430 2448 1608 2516 σαυτῷ
1641 2448 1737 2500 κά-

163 2532 372 2603 λυμμα,
406 2534 492 2584 ἵνα
526 2533 598 2602 μὴ
629 2532 819 2602 βλέπῃ.
861 2532 1076 2585 Βέλτιον
1107 2535 1213 2603 γὰρ
1252 2538 1496 2589 σκοτίσαι
1529 2539 1626 2608 τὴν
1650 2539 1735 2591 αῖ-

166 2623 377 2693 σθησιν,
412 2624 539 2675 ὅταν
565 2624 671 2674 τῶν
701 2623 878 2692 ἔργων
906 2623 998 2676 τοῦ
1034 2626 1255 2689 σκότους
1285 2627 1381 2697 τὴν
1404 2628 1578 2683 αἰτίαν
1606 2648 1740 2701 παρ-

165 2714 301 2784 έχει.
330 2715 429 2766 Διά
456 2712 614 2766 τοῦτο
642 2714 769 2783 χθὲς
798 2714 979 2782 έλεγεν
1024 2718 1153 2786 ἡμῖν
1182 2720 1210 2769 ό
1251 2718 1452 2790 Κύριος
1482 2719 1567 2772 διὰ
1596 2720 1742 2773 Ματ-

165 2802 317 2857 θαίου
345 2821 360 2834 ’
389 2803 513 2869 Πᾶς
537 2808 570 2857 ό
602 2805 851 2868 ,βλέπων
874 2806 1125 2875 γυναῖκα
1181 2809 1329 2875 πρὸς
1357 2810 1421 2863 τὸ
1457 2811 1739 2880 ἐπιθυμῆ-

164 2910 288 2957 σαι,
341 2893 459 2961 ἤδη
494 2896 849 2963 ἐμοίχευσεν
870 2896 1063 2964 αὐτὴν
1099 2900 1168 2950 ἐν
1221 2899 1296 2969 τῇ
1338 2902 1583 2969 καρδίςν
1645 2904 1738 2956 καὶ

168 2984 373 3053 βέλτιον
425 2986 714 3039 ἐκκόπτειν
759 2988 940 3055 αὐτὸν,
996 2991 1124 3042 ὅταν
1167 2991 1377 3045 ἄτακτα
1424 2992 1594 3065 βλέπῃ
1644 2996 1737 3049 καὶ

166 3075 444 3145 ἐπιζήμια.
483 3077 593 3130 Καὶ
613 3079 646 3145 ὴ
680 3077 816 3148 ἀκοὴ
844 3080 1276 3152 παραγγέλματα
1313 3083 1586 3137 κωλυτικά
1620 3087 1740 3139 πά-

167 3182 263 3236 σης
294 3140 518 3238 [κακῆς]
566 3140 899 3238 ἀκροάσεως.
1106 3140 1214 3242 γὰρ
1258 3174 1450 3244 αὐτὴν,
1480 3176 1608 3228 ὅταν
1641 3177 1735 3246 μὲν
1764 3140 1805 3196 C

164 3256 383 3324 ἀγαθῶν
404 3275 563 3310 τινων
593 3258 785 3331 ἀκούῃ,
834 3261 1290 3335 ἀναπεπταμένην
1347 3260 1507 3328 εἶναι,
1542 3268 1634 3319 καὶ
1672 3268 1737 3320 δι’

164 3347 358 3415 ἑαυτῆς
395 3350 463 3417 τῇ
495 3348 639 3418 ψυχῇ
675 3349 1063 3421 παραπέμπειν
1090 3352 1200 3405 τῶν
1247 3356 1629 3425 συμφερόντων
1655 3358 1739 3410 λό-

164 3451 273 3504 γιον
302 3436 405 3504 τὴν
435 3434 705 3506 αἴσθησιν.

233 3520 296 3571 Εἰ
324 3520 384 3572 δέ
410 3537 493 3582 τις
521 3521 720 3580 κακίας
766 3523 997 3594 ἑταῖρος,
1031 3526 1124 3577 καὶ
1150 3525 1355 3596 λοιμὸς,
1417 3530 1509 3582 καὶ
1544 3530 1739 3602 φθόρος

166 3607 471 3677 πλησιάσας
504 3610 662 3680 αὐτῇ,
693 3611 973 3664 ὲπαντλεῖν
1005 3613 1184 3682 μέλλει
1216 3615 1315 3685 τῆς
1351 3618 1623 3687 ἁμαρτίας
1649 3622 1738 3672 τὸν

166 3698 442 3771 βόρϐορον,
496 3699 576 3752 δεῖ
606 3702 827 3769 φεύγειν
853 3704 1031 3767 αὑτὸν,
1061 3705 1135 3767 ὡς
1168 3705 1368 3761 ἰοϐόλον
1396 3708 1598 3778 θηρίον.
1634 3711 1740 3763 Σω-

166 3793 426 3863 φρονείτω
448 3793 593 3862 καὶὴ
619 3792 838 3860 γλῶσσα
876 3794 1013 3863 μετά
1038 3794 1133 3847 τοῦ
1177 3796 1440 3866 στόματος
1464 3815 1477 3828 ·
1514 3799 1737 3854 λαλείτω

164 3882 229 3939 τὰ
251 3882 434 3935 δίκαια
452 3900 466 3912 ·
499 3882 608 3934 τῶν
635 3882 691 3936 δὲ
734 3883 1197 3955 ἀπηγορευμένων
1230 3887 1536 3958 ἀπεχέσθω,
1564 3889 1733 3944 λοιδο-

170 3973 312 4041 ριῶν,
342 3975 738 4039 συκοφαντιῶν,
789 3977 1122 4047 κατηγορίας
1152 3978 1358 4045 ἀδίκου,
1407 3981 1736 4045 καταλαλιᾶς

166 4061 256 4132 τῆς
286 4061 429 4115 κατά
460 4062 569 4114 τῶν
602 4062 866 4132 ἀδελφῶν,
908 4064 1253 4135 βλασφημίας
1284 4069 1382 4139 τῆς
1410 4070 1547 4140 πρὸς
1570 4070 1733 4123 Θεὸνο

171 4152 478 4220 φθεγγέσθω
507 4153 562 4205 δὲ
587 4156 687 4209 ὅσα
707 4154 949 4225 εὔφημα,
988 4158 1087 4210 ὅσα
1108 4157 1325 4229 εὐσεϐῆ,
1357 4161 1456 4213 ὅσα
1485 4162 1732 4231 πράξεων

172 4243 377 4310 ἀγαθῶν
412 4243 526 4313 ἔχει
546 4243 646 4315 τὴν
669 4246 975 4318 συμϐουλήν
992 4264 1005 4277 ·
1045 4248 1137 4300 καὶ
1165 4248 1368 4316 λεγέτω
1394 4252 1501 4313 πᾶς
1526 4251 1734 4322 ἄνθρω-

174 4351 262 4396 πος
293 4335 358 4387 τὰ
384 4334 475 4387 τοῦ
522 4335 878 4405 Ἰεροιίνάλιιτου⁶
905 4332 1086 4391 Ebur
1127 4337 1379 4403 Φυλάξω
1419 4341 1524 4406 τὰς
1556 4340 1733 4407 ὁδούς

1837 1938 1900 1977 ex
1936 1937 2056 1977 sese
2098 1921 2279 1977 lumen
2310 1926 2644 1993 praebentes;
2680 1937 2862 1976 verum
2892 1925 3033 1991 quod
3082 1923 3242 1977 decus
3268 1937 3418 1977 acce-

1836 2022 2033 2082 perunt
2094 2028 2158 2068 ac
2213 2015 2477 2084 speciem,
2543 2013 2895 2081 ejarulantes.
2960 2013 3154 2082 Aspice
3218 2026 3414 2067 terram

1837 2103 2029 2171 plantis
2064 2090 2366 2172 ouinigenis
2403 2105 2692 2173 herbisque
2741 2112 3086 2170 comantem;
3138 2119 3201 2158 ac
3247 2119 3413 2168 mare,

1837 2196 2155 2264 aequabilem
2188 2197 2240 2248 in
2288 2196 2567 2264 planitiem
2607 2210 2902 2265 expansum
2927 2235 2943 2259 ,
2982 2195 3072 2249 ubi
3112 2210 3241 2264 pura
3272 2204 3418 2249 tran-

1838 2287 2077 2357 quillitas
2112 2287 2304 2340 stravit
2335 2301 2399 2340 ac
2447 2286 2582 2339 ﬁxit.
2625 2286 2679 2340 lu
2717 2286 2800 2340 his
2846 2301 2906 2339 ac
2941 2286 3245 2355 lmjusmodi
3299 2287 3416 2341 visu

1838 2388 2023 2441 ntere;
2082 2375 2286 2445 reliqua
2341 2391 2470 2430 vero
2525 2377 2832 2445 spectacula
2883 2391 3002 2444 quae
3065 2392 3129 2429 ex
3194 2386 3415 2445 aspectu

1838 2482 2030 2520 noxam
2062 2466 2241 2519 animo
2285 2465 2556 2529 inferunt,
2582 2466 2705 2533 fuge
2733 2480 2796 2519 ac
2860 2475 3216 2533 praetercurre
3241 2505 3256 2530 ,
3293 2466 3417 2519 tibi—

1838 2570 1942 2625 que
1965 2555 2102 2623 ipse,
2134 2565 2189 2607 ut
2213 2570 2278 2608 ne
2304 2555 2487 2608 videas
2507 2594 2522 2620 ,
2556 2554 2735 2608 velum
2759 2555 3030 2609 abducito.
3066 2555 3247 2610 Satius
3270 2558 3415 2611 enim

1837 2648 2016 2701 sensui
2050 2648 2301 2701 tenebras
2328 2645 2616 2711 inducere,
2661 2662 2821 2715 quam
2860 2647 3112 2715 operibus
3161 2646 3413 2701 tenebra-

1838 2753 1957 2792 rum
1982 2737 2321 2791 occasionem
2352 2737 2609 2805 praebere.
2652 2734 2857 2791 Idcirco
2888 2737 3041 2790 nobis
3080 2736 3195 2790 heri
3230 2736 3413 2790 Domi-

1838 2844 1937 2883 nus
1962 2827 2197 2881 Matthaai
2228 2842 2323 2881 ore
2354 2827 2567 2881 dicebat
2598 2848 2612 2883 :
2644 2825 2953 2896 Quicunque
2995 2829 3186 2881 uideri:
3234 2829 3410 2881 mulie-

1838 2935 1945 2972 rem
1976 2919 2042 2971 ad
2078 2918 2542 2986 concupiscendum
2565 2956 2580 2981 ,
2610 2916 2723 2984 jam
2767 2916 3053 2969 moechatus
3095 2925 3170 2969 est
3210 2933 3323 2970 eam
3358 2918 3413 2969 in

1839 3010 1991 3062 corde
2020 3024 2113 3061 suo
2136 3008 2175 3039 ³⁷
2211 3028 2223 3063 :
2264 3016 2588 3077 praestatque
2603 3006 2917 3059 exscindere
2950 3007 3155 3073 ipsum,
3195 3022 3313 3058 cum
3347 2998 3413 3059 ad

1840 3097 1977 3151 iscda
2008 3113 2071 3152 ac
2093 3098 2248 3152 noxia
2279 3096 2546 3167 aspicit".
2589 3095 2694 3150 Sed
2725 3106 2777 3150 et
2808 3096 2954 3150 auris
2975 3096 3170 3148 malum
3199 3110 3411 3148 omnem

1840 3188 2086 3241 auditum
2140 3188 2478 3255 prohibentia
2506 3185 2617 3258 (15)
2655 3195 2917 3256 praecepta
2952 3186 3120 3240 audit.
3146 3186 3225 3239 Ad
3252 3200 3415 3241 sanos

1838 3280 1981 3333 enim
2018 3278 2292 3347 bonosque
2322 3293 2603 3333 sermones
2651 3287 2861 3348 oportet
2901 3289 3139 3347 apertam
3172 3293 3313 3342 esse,
3351 3294 3414 3333 ac

1838 3368 1889 3421 in
1928 3371 2163 3422 animum
2191 3408 2206 3432 ,
2249 3384 2346 3423 suo
2377 3370 2546 3438 ipsum
2577 3383 2781 3435 organo
2809 3368 2957 3421 velut
2984 3369 3131 3431 tubo,
3154 3370 3413 3422 conduci-

1836 3461 2019 3515 bilium
2054 3475 2605 3515 sermonumrsensum
2630 3460 3017 3514 transmittere.

1905 3552 1975 3605 At
2002 3552 2046 3605 si
2080 3553 2200 3619 quis
2225 3552 2477 3605 vitiorum
2512 3551 2716 3606 assecla
2742 3592 2756 3613 ,
2788 3550 3149 3618 pestilensque
3188 3564 3251 3603 ac
3285 3563 3408 3617 per-

1836 3644 2070 3698 niciosus
2098 3644 2314 3712 propius
2343 3644 2585 3708 accedat,
2612 3642 2816 3709 peccati
2848 3639 3127 3715 infusurus
3175 3654 3411 3703 cmnum,

1834 3730 2120 3802 fugiendus
2147 3734 2233 3786 ille
2260 3743 2421 3801 atque
2451 3734 2704 3787 vitandus
2726 3775 2739 3797 ,
2780 3733 2922 3785 haud
2954 3745 3108 3785 secus
3138 3741 3296 3796 atque
3321 3746 3409 3785 ve-

1833 3836 2068 3876 nenosus
2096 3836 2338 3889 serpens.
2370 3820 2441 3876 Os
2470 3822 2638 3889 etiam
2666 3835 2728 3875 ac
2767 3821 2942 3890 lingua
2978 3821 3236 3889 castigata
3262 3820 3363 3873 sint
3391 3859 3406 3884 ,

1834 3920 1894 3964 ut
1920 3911 2057 3965 bona
2105 3920 2312 3964 tantum
2348 3921 2401 3964 et
2446 3911 2667 3965 honesta
2718 3921 2999 3980 premant;
3041 3927 3068 3963 a
3106 3911 3262 3966 Redis
3285 3926 3408 3964 vero

1832 4000 2116 4069 vetitisque
2159 4000 2500 4064 abstineant;
2531 4015 2722 4069 nempe
2749 4015 2777 4053 a
2807 4000 3075 4054 conviciis
3100 4041 3113 4063 ,
3144 4015 3170 4052 a
3202 3999 3407 4054 calum-

1828 4091 1937 4161 niis
1957 4129 1973 4154 ,
2000 4090 2183 4159 iniqua
2209 4091 2617 4155 criminatione,
2649 4092 2980 4145 detractione
3014 4091 3271 4145 adversus
3302 4091 3407 4145 ira-

1834 4188 1975 4244 tres,
2014 4194 2077 4234 ac
2116 4180 2449 4250 blasphemia
2490 4190 2676 4235 contra
2722 4179 2919 4247 Deum,
2955 4195 3250 4248 eorumque
3290 4182 3406 4237 loco

1831 4268 2128 4338 proferant,
2162 4270 2205 4323 si
2239 4285 2341 4340 qua
2369 4269 2506 4324 bona
2534 4310 2549 4335 ,
2583 4272 2627 4325 si
2659 4286 2761 4338 qua
2788 4273 2894 4339 pia,
2931 4271 2976 4325 si
3009 4286 3112 4339 qua
3146 4271 3404 4325 bonarum

1834 4361 2105 4413 actionum
2145 4361 2427 4414 consilium
2474 4362 2706 4416 habeant
2754 4376 2815 4415 ac
2848 4362 3198 4415 incentivum.
3250 4362 3403 4419 Sacri

171 4441 296 4517 μου,
333 4425 440 4517 τοῦ
462 4426 550 4517 μὴ
580 4425 1028 4517 ἀμαρτάνειγμε
1060 4429 1128 4482 ἐν
1161 4429 1413 4498 γλώσσῃ
1445 4448 1558 4499 μου
1584 4447 1599 4463 ⁸
1638 4431 1731 4485 καὶ
1763 4464 1805 4517 D

1833 4447 2026 4502 Psalta:
2053 4448 2280 4517 quisque
2312 4449 2425 4502 haec
2446 4458 2666 4517 usurpet
2698 4463 2713 4503 :
2750 4449 2873 4502 Dixi
2910 4465 2927 4502 :
2960 4447 3264 4503 Custodiam
3292 4452 3403 4505 vias

176 4512 248 4576 τὸ,
280 4513 410 4579 Ταῖς
436 4513 746 4582 γλώσσαις
768 4516 965 4569 αὐτῶν
989 4518 1380 4573 ἐδολιοῦσαν
1411 4522 1503 4573 καὶ
1535 4521 1616 4583 τὸ,
1672 4522 1730 4573 Τί

179 4602 458 4672 ἐωυχᾷς
486 4605 558 4656 ἐν
581 4606 777 4672 κακίᾳ,
827 4610 860 4660 ὀ
900 4608 1155 4675 δυνατὸς
1203 4610 1495 4679 ἁνομίαν;
1540 4611 1732 4678 Ὅλην

177 4691 277 4759 τὴν
303 4693 526 4762 ἡμέραν
567 4695 807 4751 ἀδικίαν
847 4698 1166 4768 ἐλογίσατο
1220 4702 1259 4769 ἡ
1283 4700 1535 4769 γλῶσσά
1573 4717 1689 4756 σου
1714 4720 1728 4733 ³

176 4782 299 4836 ὼσεί
330 4783 513 4850 ξυρὸν
544 4785 918 4855 ἠκονημένον
942 4789 1230 4857 ἐποίησας
1252 4790 1454 4846 δόλον.
1485 4792 1523 4842 Γ
1526 4791 1734 4845 ευέσθω

173 4871 268 4927 τῶν
298 4873 645 4940 ὠφελούντων
673 4876 735 4929 τὸ
786 4878 979 4949 στόμα.
1038 4879 1406 4948 Σωφρωνείτω
1432 4880 1525 4933 καί¹
1548 4883 1581 4950 ή
1624 4881 1728 4951 ῥὶς,

178 4962 242 5033 μὴ
269 4964 473 5034 τρυφὴν
501 4965 588 5018 ἀεὶ
609 4964 1027 5039 όσφραινομένη,
1060 4973 1195 5040 μήτε
1222 4969 1406 5039 μύρων
1427 4972 1729 5024 πολυτελῶν

174 5054 361 5131 ἀτμοὺς
391 5055 611 5119 εὐώδεις
659 5059 753 5111 ἐπὶ
792 5058 894 5127 τὴν
938 5059 1176 5130 κεφαλὴν
1230 5061 1546 5114 ἁνέλκουσα.
1608 5062 1728 5115 Τῶν

1833 4554 2008 4598 meas,
2050 4548 2104 4590 ut
2140 4555 2241 4591 non
2284 4539 2581 4607 delinquant
2614 4541 2665 4592 in
2708 4540 2887 4608 lingua
2923 4555 3033 4592 mea
3060 4540 3124 4605 ",;
3160 4549 3213 4593 et
3241 4558 3254 4593 :
3282 4540 3402 4595 Lin-

1832 4627 1945 4694 guis
1986 4630 2095 4679 suis
2126 4627 2300 4680 dolose
2331 4630 2550 4696 agebant
2586 4628 2662 4694 ";
2684 4644 2744 4684 ac
2786 4624 3044 4695 ιιι-πίεται
3076 4644 3090 4681 :
3121 4627 3260 4693 Quid
3284 4631 3401 4700 glo-

1796 4740 1811 4753 ο
1833 4718 1992 4771 riaris
2023 4719 2077 4771 in
2106 4718 2310 4771 malitia
2331 4761 2344 4783 ,
2366 4720 2648 4788 quipotens
2672 4735 2725 4772 es
2748 4720 2801 4771 in
2818 4720 3133 4784 iniquitate?
3159 4718 3284 4773 Tota
3318 4720 3401 4774 die

1832 4808 2145 4876 injustitiam
2174 4810 2420 4877 cogitavit
2444 4809 2625 4879 lingua
2659 4820 2751 4863 tua
2775 4824 2793 4861 :
2817 4811 2953 4863 sicut
2979 4813 3227 4864 novacula
3245 4820 3400 4865 acula

1836 4898 2007 4964 fecisti
2052 4900 2313 4952 dolum“.
2346 4899 2536 4953 Gustet
2571 4917 2632 4955 os
2687 4918 2804 4971 qua:
2848 4903 3205 4957 conducibilia
3250 4914 3393 4957 sunt.

1835 4989 1911 5041 Ac
1940 4989 2161 5043 naribus
2196 5005 2408 5059 quoque
2439 5006 2502 5044 ac
2528 4993 2773 5046 odoratui
2823 4994 3010 5047 modus
3054 4993 3396 5059 adhibeatur,

1835 5093 1901 5132 ne
1926 5079 2181 5147 voluptati
2224 5080 2417 5134 dedita:
2462 5081 2685 5136 nimium
2715 5083 2853 5143 sint,
2901 5091 3397 5152 unguentorumque

266 5216 307 5249 "
329 5216 518 5271 Matth.
558 5233 611 5283 ν,
652 5216 743 5271 28.
815 5217 859 5249 ¹⁸
881 5217 1067 5273 Matth.
1100 5236 1267 5287 xvnt,
1295 5224 1348 5280 8.
1430 5227 1471 5258 ¹⁰
1510 5226 1653 5282 Psal.
1679 5241 1859 5293 uxr],
1892 5228 1945 5285 8.
2025 5231 2069 5262 ²⁰
2094 5229 2233 5285 Psal.
2265 5246 2315 5298 ν,
2352 5232 2438 5288 ll.
2514 5234 2554 5265 ²¹
2585 5233 2723 5289 Psal.
2748 5251 2821 5301 Li,
2847 5237 2903 5301 5,
2942 5236 2997 5290 4.

230 5331 338 5409 (id)
378 5331 537 5409 Audit
590 5334 809 5395 oculus,
859 5332 1342 5409 «meacumea.
1394 5341 1721 5409 ὀφθαλμός.

167 5400 327 5475 Quod
356 5400 567 5475 auditus
618 5413 815 5475 sensus
870 5406 944 5456 sit
990 5400 1301 5472 disciplima,
1359 5400 1481 5475 que
1536 5400 1724 5465 inurito

1826 5341 1962 5418 facta
1992 5358 2056 5395 ex
2088 5358 2147 5396 ea
2180 5344 2284 5418 fuit
2306 5362 2408 5418 ivro:
2447 5348 2626 5418 πάσης
2651 5365 2664 5379 ·
2718 5364 2836 5416 quae
2879 5348 3024 5403 nullo
3057 5348 3391 5406 incommodo

1825 5413 2015 5483 abesse
2043 5422 2237 5479 potest.
2262 5416 2475 5483 Alioqui
2512 5413 2635 5470 vero
2658 5413 2760 5471 non
2787 5428 2995 5472 constat
3021 5433 3210 5472 sensus
3233 5419 3389 5473 Aste—

169 5472 393 5524 Asterius
430 5469 529 5536 ipsi
585 5466 844 5546 oculonac
888 5466 1138 5546 sensibus
1186 5466 1406 5543 reliquis
1448 5480 1721 5533 Dominica
1823 5481 1923 5533 rio.
1969 5466 2083 5534 Νοή
2122 5466 2275 5535 enim,
2314 5466 2491 5538 divina
2544 5466 2629 5539 ie;
2658 5466 3389 5544 ’έῶηἱέιὲἶὶῖὸιῐίέὀὶὶῑυῖςῖῐεῖε

168 5551 452 5626 prae-cpta,
500 5550 619 5607 qua:
659 5536 914 5603 audiant,
960 5543 1011 5597 id
1055 5554 1169 5611 est,
1217 5536 1542 5616 percipiant,
1600 5564 1723 5617 pro—
1824 5550 1930 5601 vult
1956 5566 2136 5613 aures,
2165 5561 2254 5605 aut
2283 5536 3388 5626 ρὲὸιίίυθι’ἀὲὶίάῧίέξίῐιιίἑξέἶειῐιῆδὲ)ὶίἆέ

168 5617 335 5739 νοῧιὲἷ.)
369 5674 568 5750 Halym
620 5696 822 5734 omnem
871 5680 1110 5733 auditum
1153 5685 1502 5750 prohibentia.
1566 5684 1717 5741 Addo

1817 5633 1959 5686 stupe
1990 5632 2242 5693 provocet
2280 5626 2556 5687 auditum;
2595 5628 2769 5693 sitque
2814 5626 3032 5689 auditio,
3063 5627 3201 5680 sicut
3230 5626 3383 5689 visio,

1815 5700 1916 5764 pro
1960 5689 2034 5740 rei
2067 5690 2261 5747 audita:
2308 5703 2400 5747 aut
2447 5693 2573 5748 visae
2615 5689 2852 5760 ratione,
2889 5696 3014 5764 quid
3060 5698 3256 5751 bonum
3292 5705 3385 5750 aut

165 5756 336 5800 vocem
374 5746 587 5817 κακῆς,
649 5764 812 5820 quam
874 5751 1107 5805 clausam
1154 5746 1521 5825 'rcpratseuto;
1578 5756 1716 5811 forte
1815 5746 2033 5811 malum.
