4212 6318
151 356 244 414 189

1108 352 1393 410 HOMILIA
1434 352 1495 407 ll.
1540 350 1627 408 DE
1667 351 2038 410 (ΕΕΟἉΟΜΟ
2078 350 2513 418 ιΝίΩΙῚΤᾹΤΙΞ.

3298 353 3401 410 190

156 476 242 525 καὶ
266 470 434 534 πάλιν
487 471 932 542 θαυματοποιοῖς,
968 469 1061 525 καὶ⁵
1106 468 1310 540 μίμοις,
1349 470 1579 533 καὶτοῖς
1609 468 1736 540 ἑξῆς

1837 468 2002 533 t‘eras,
2040 470 2367 537 alendosque
2398 483 2587 538 equos,
2624 468 2763 523 nulla
2802 469 3161 538 impensarum
3191 472 3402 529 ratione

156 559 415 632 ὀλεθρίοις
454 560 807 624 δαπανῶντες
856 561 955 631 τὴν
1006 559 1288 630 εὐπορίαν.
1340 560 1451 612 Καὶ
1500 559 1732 627 πρᾶγμα

155 655 433 725 πάσχομεν
450 654 630 720 κενὸν,
658 654 754 705 καί
783 654 977 723 μανίας
1000 650 1182 720 ἐγγύς.
1219 649 1388 704 Ἔνθα
1434 648 1533 719 μὲν
1570 647 1677 717 γάρ
1700 648 1733 718 ἡ

155 744 361 815 δαπάνη
402 743 561 814 φέρει
615 741 678 794 τὸ
728 741 914 812 κέρδος
964 737 1261 810 ἀνάριθμον
1305 738 1401 792 καὶ
1465 736 1737 806 σωτηρίαν

156 836 444 899 ἀθάνατον,
488 833 786 904 συνέχομεν
820 831 1061 903 σφοδρῶς
1084 830 1144 886 τὸ
1176 830 1457 901 ἀργύριον,
1498 828 1571 892 ὡς
1607 827 1740 898 μηδὲ

157 926 369 994 ὀλίγους
402 925 627 989 ὀϐολοὺς
664 924 762 993 τῆς
788 922 966 995 χειρὸς
1016 924 1267 977 ἐκπεσεῖν
1289 937 1302 950 ’
1331 921 1462 973 ὅπου
1484 918 1540 973 δὲ
1568 920 1745 990 ἀμαρ-

158 1017 286 1070 τιῶν
314 1017 533 1086 γίνεται
586 1015 648 1070 τὸ
679 1014 938 1085 ἀνάλωμα
966 1016 1060 1067 καὶ
1117 1011 1326 1087 μυρίων
1355 1009 1629 1067 κολάσεων
1659 1009 1745 1063 αἴ-

158 1124 289 1171 τιον,
317 1107 417 1161 καὶ
439 1107 610 1177 αὐτῆς
648 1122 713 1175 γε
734 1106 834 1175 τῆς
874 1104 961 1158 διὰ
1002 1104 1173 1173 πυρὸς
1199 1102 1488 1173 τιμωρίας,
1520 1100 1745 1156 αὐτοκέ-

160 1199 373 1251 λευστοι
402 1198 621 1267 ῥέομεν.
668 1197 733 1250 Ἡ
763 1195 1036 1264 φιλοτιμία
1057 1192 1426 1263 προλαμϐάνει
1454 1191 1549 1261 τὴν
1589 1191 1744 1261 αἴτη-

164 1304 273 1341 σιν*
306 1289 406 1341 καὶ
427 1289 608 1352 πάσας
641 1287 806 1359 θύρας
837 1286 1163 1351 ἀνοίξαντες,
1208 1286 1437 1354 ἀφίεμεν
1461 1283 1552 1336 τὸν
1580 1282 1741 1337 πλοῦ-

161 1396 249 1431 τον
276 1378 420 1450 πρὸς
456 1380 580 1442 τοὺς
613 1378 719 1446 ἔξω
748 1380 965 1449 χωρεῖν.
997 1376 1168 1430 Τοῦτο
1190 1376 1247 1429 δὲ
1280 1374 1339 1430 τό
1370 1374 1623 1445 φρόνημα
1647 1375 1745 1427 οὐκ

163 1470 275 1531 εστι
297 1469 504 1523 δούλων
523 1470 901 1541 ἀναμενόντων
918 1467 1009 1519 τὸν
1035 1466 1246 1536 κύριον,
1278 1463 1415 1517 ἀλλά
1434 1463 1568 1517 νέων
1597 1462 1744 1518 ἀσώ-

164 1579 289 1627 των,
322 1560 655 1631 κωμαστῶν,
686 1558 1020 1613 ἀκολάστων.

1840 561 2021 615 liabita
2046 599 2061 625 ,
2092 575 2225 629 apes
2257 560 2661 630 dispergamus;
2710 560 3014 629 deniquein
3050 564 3402 632 praestigiato-

1842 666 1929 707 res
1960 665 2023 706 ac
2054 652 2249 707 mimos
2292 652 2533 721 aliosque
2558 651 2949 721 perditissimus
2996 653 3238 708 homines
3270 655 3403 708 divi-

1847 742 1949 795 tias
1978 757 2394 809 eonsumamus,
2446 752 2607 811 atque
2657 742 2790 798 adeo
2832 744 3052 797 stultum
3084 744 3210 814 quid
3238 745 3405 799 scin-

1846 832 2011 886 sania:
2052 848 2273 902 prorsus
2312 833 2474 887 afﬁne
2513 831 2812 887 faciamus?
2846 832 2946 889 Ubi
2980 834 3121 887 enim
3162 834 3405 905 impensa

1840 920 2047 977 lucrum
2101 922 2477 977 inaestimabile
2536 936 2598 977 ac
2648 929 2902 976 aeternam
2956 921 3109 977 sﬂ‘ert
3153 924 3406 989 salutem,

1842 1026 2153 1081 compressa
2183 1026 2341 1066 manu
2378 1012 2657 1080 pectiniam
2695 1012 3008 1068 cubibemus
3028 1052 3044 1076 ,
3072 1023 3129 1068 ut
3158 1029 3226 1069 ne
3249 1016 3405 1085 pauci

1844 1104 2064 1172 quidem
2125 1104 2267 1158 oboli
2322 1104 2722 1169 exridnnt;nbi
2754 1111 2929 1157 autem
2988 1104 3054 1158 de
3111 1104 3410 1174 sumptibus

1842 1194 2143 1248 istiusmodi
2189 1196 2385 1265 agitur,
2442 1208 2577 1263 quos
2616 1202 2670 1247 et
2708 1202 2926 1264 peccata
2979 1195 3325 1260 comitamur,
3355 1186 3427 1251 et

1842 1300 2013 1353 paenae
2062 1284 2319 1349 infinitae,
2356 1301 2419 1340 ac
2463 1289 2542 1338 vel
2581 1287 2751 1354 ipsum
2798 1286 2937 1355 ignis
2973 1285 3292 1355 supplicium
3319 1298 3409 1341 σου

1844 1378 2048 1445 quitur,
2084 1373 2225 1430 ultro
2267 1391 2397 1447 opes
2447 1376 2788 1431 eﬂ‘undimut.
2822 1376 3060 1447 Largitio
3086 1390 3148 1431 ac
3181 1374 3416 1432 liberali-

1848 1476 1930 1520 tas
1962 1465 2074 1537 (l8)
2106 1467 2416 1534 petitionem
2467 1476 2723 1535 occupat;
2772 1477 2990 1536 totoque
3037 1478 3227 1537 aperto
3254 1467 3413 1533 ostio,

1848 1558 2067 1614 divitias
2096 1560 2160 1612 ad
2195 1568 2483 1614 extraneos
2524 1561 2672 1614 exire
2714 1561 3101 1628 permittimus.
3141 1562 3242 1629 Qui
3286 1575 3417 1616 sane

168 1668 270 1708 non
302 1662 390 1707 est
416 1666 610 1707 sensus
642 1650 962 1719 animusque
990 1662 1268 1702 servorum
1307 1645 1734 1716 exspectantium
1776 1648 2076 1719 dominum,
2109 1654 2201 1708 sed
2229 1640 2485 1723 iuvenum
2553 1651 2857 1707 ltelluonum
2883 1693 2898 1719 ,
2969 1664 3417 1726 comessatorum,

166 1743 503 1811 luxuriaeque
552 1756 616 1795 ac
646 1739 1012 1809 voluptatibus
1056 1738 1378 1792 deditorum.

233 1834 300 1887 Εἰ
348 1832 408 1886 δὲ
454 1830 649 1895 θέλεις,
687 1832 715 1882 ό
743 1828 1039 1901 ἀκροατὴς,
1090 1826 1215 1879 ἰδεῖν
1244 1825 1525 1896 οἰκονόμου
1568 1825 1750 1896 φόϐον,

1815 1833 1825 1885 ι
1926 1824 2077 1892 Quod
2108 1827 2175 1891 si,
2200 1827 2431 1891 auditor,
2476 1828 2656 1882 videre
2683 1828 2979 1896 desideras,
3009 1845 3168 1900 quam
3195 1833 3422 1889 sollicite

172 1924 313 1996 μετὰ
344 1924 450 1994 τῆς
479 1921 755 1993 σώφρονος
782 1919 1065 1982 εὐλαϐείας
1090 1918 1414 1980 διοικοῦντος
1436 1915 1507 1971 τά
1532 1934 1751 1971 πιστευ-

171 2016 349 2081 θέντα,
382 2012 689 2078 άνάπτυξον
731 2012 828 2083 τὴν
853 2011 1029 2082 βίϐλον
1057 2009 1154 2063 τοῦ
1180 2008 1368 2063 Δαϐίδ·
1421 2009 1652 2079 ζήτησον
1693 2009 1748 2060 ὲ-

171 2108 383 2170 κείνους
410 2108 537 2169 τοὺς
570 2104 762 2173 λόγους
781 2102 908 2156 ἔνθα
935 2102 1101 2173 φησὶν
1131 2100 1265 2171 πρὸς
1280 2099 1369 2153 τὸν
1393 2098 1566 2152 Θεδνό
1590 2099 1749 2169 ἀνὴρ,

172 2194 641 2269 πολυπραγμονῶν
683 2193 777 2249 τοῦ
816 2192 942 2246 ἰδίου
988 2192 1175 2252 τέλους
1236 2189 1334 2257 τὴν
1378 2188 1713 2258 προθεσμίαν
1737 2203 1750 2217 ο

173 2284 484 2355 Γνώρισόν
556 2301 676 2352 μοι,
726 2282 923 2349 Κύριε,
966 2280 1033 2334 τὸ
1079 2278 1263 2347 πέρας
1307 2294 1448 2346 μου,
1495 2276 1593 2330 καί
1650 2277 1756 2330 τὸν

174 2377 422 2445 ἀριθμὸν
461 2372 579 2428 τῶν
626 2371 864 2442 ἡμερῶν
897 2388 1016 2439 μου
1064 2370 1156 2434 τίς
1186 2370 1375 2431 ἐστιν,
1408 2368 1508 2420 ἵνα
1544 2365 1663 2435 γνῶ
1700 2368 1757 2420 τί

174 2463 403 2534 ὑστερῶ
432 2463 566 2535 ἐγώ.
610 2463 773 2533 Ὁρᾷς
829 2462 976 2521 ὅπως
1022 2459 1098 2522 ὡς
1146 2460 1203 2510 ὲν
1250 2456 1418 2509 εἰκόνι
1476 2456 1755 2526 θεωρεῖται

175 2558 247 2628 τῷ
272 2557 467 2626 λόγῳή
488 2553 582 2607 τοῦ
610 2551 908 2620 εὐξαμένου
937 2549 1195 2613 διάθεσις,
1224 2547 1306 2601 ὅτι
1336 2547 1589 2617 περιδεὴς
1621 2548 1753 2609 ἐστι,

178 2648 268 2701 καὶ
293 2645 509 2715 προορᾷ
537 2644 598 2696 τὸ
638 2641 852 2712 μέλλον,
908 2640 1001 2693 καὶ
1031 2637 1287 2709 ἀναμένει
1309 2637 1406 2707 τὴν
1438 2634 1638 2704 κρίσιν,
1665 2636 1758 2688 καὶ

177 2736 271 2806 τὴν
300 2732 644 2806 προθεσμίαν
697 2728 1143 2801 περιεργάζεται,
1168 2727 1267 2780 ,ἵνα
1298 2727 1370 2797 μὴ
1404 2723 1510 2796 [τὸ]
1539 2723 1728 2794 άπαρά

181 2843 370 2881 σκευον
401 2824 566 2878 αὑτὸν
595 2822 874 2895 καταλάϐῃ
926 2824 1023 2893 τῆς
1045 2821 1226 2888 ἐξόδου
1249 2820 1309 2873 τὸ
1346 2819 1594 2890 σύνθημα
1620 2836 1631 2848 ·
1666 2817 1759 2871 καὶ

182 2918 331 2987 ζητεῖ
374 2915 733 2987 λογισάμενος
794 2914 1052 2979 κατιδεῖν,
1100 2912 1154 2965 τί
1199 2912 1260 2965 τὸ
1320 2912 1417 2981 τῆς
1474 2910 1757 2981 παροικίας

181 2992 487 3076 ὑστέρημα,
510 3008 599 3059 ἰνα
626 3005 866 3068 σπεύσας
888 3004 1281 3075 ἀναπληρώσῃ,
1312 3003 1439 3073 πρὶν
1467 3001 1641 3054 ἐλθεῖν
1670 2999 1761 3052 τὸν

183 3098 460 3166 ἰξάγοντα.
522 3096 762 3167 Ἀληθῶς
790 3096 896 3167 γάρ
928 3097 1075 3147 ἐστιν
1103 3094 1267 3146 εἰκὼν
1287 3093 1593 3162 οἰκονόμου,
1627 3091 1757 3145 ἑκά-

185 3206 305 3243 στου
357 3188 517 3259 ήμῶν
550 3188 798 3255 τελευτὴ,
858 3186 924 3240 ἂν
956 3185 1027 3240 τά
1081 3183 1201 3237 καθ’
1229 3183 1458 3237 ἕκαστον
1512 3182 1761 3252 ἀλλήλοις

183 3279 647 3349 ἀντεξετάσωμεν,
698 3278 750 3329 τί
778 3278 875 3347 μὲν
906 3277 1102 3345 πάσχει
1151 3277 1179 3328 ὁ
1205 3273 1581 3344 ἀποθνήσκων,
1622 3271 1674 3325 τί
1704 3272 1760 3325 δὲ

185 3370 444 3441 ὑπομένει
476 3371 505 3425 ό
524 3370 624 3439 τῆς
639 3367 947 3437 οἰκονομίας
982 3365 1393 3437 ἐκϐαλλόμενος.

263 3630 498 3703 Ὁμοίως
540 3629 653 3701 γάρ
694 3628 722 3681 ὁ
758 3625 1023 3683 τελευτῶν
1060 3625 1239 3689 ἄλλοις
1292 3624 1764 3695 μεταπαραδίδωσι

186 3726 280 3795 τὴν
322 3723 610 3793 διοίκησιν,
644 3719 721 3783 ὡς
747 3722 776 3773 ό
807 3719 1086 3789 οἰκονόμος
1124 3716 1221 3779 τὰς
1267 3716 1510 3779 κλεῖδας·
1557 3717 1764 3777 ἐκεῖνος

190 3815 580 3885 ἐκϐαλλόμενος
612 3811 805 3883 ἀγροῦ·
840 3805 1013 3875 οὗτος,
1047 3808 1140 3861 τοῦ
1176 3808 1383 3877 κόσμου
1435 3806 1658 3869 παντὸς,
1689 3805 1763 3868 ὼς

189 3904 303 3967 ἑνὸς
348 3902 570 3974 χωρίου.
628 3895 953 3970 Περιπαθὼν
1001 3896 1276 3967 ἀναχωρεῖ
1324 3894 1607 3965 οἰκονόμος
1658 3892 1763 3945 τῶν

192 3993 332 4047 ἰδίων
367 3994 565 4055 πόνων,
602 3985 712 4045 οἷον
745 3988 1029 4059 ἀμπέλων,
1064 3990 1278 4059 κήπων,
1319 3985 1506 4040 οίκιῶν
1527 4002 1539 4015 ⁸
1592 3983 1643 4037 τί
1672 3979 1765 4037 οὖν

190 4087 334 4140 δοκεῖ
363 4102 449 4138 σοι
483 4086 577 4137 καὶ
611 4086 640 4138 ό
668 4081 937 4135 τελευτῶν
974 4079 1242 4151 πάσχειν;
1273 4079 1387 4132 Οὐκ
1419 4077 1668 4148 ὀδύρεται
1699 4074 1767 4128 τὰ

192 4178 476 4249 mitam;
515 4176 618 4228 οὐκ
649 4174 878 4237 ἐλεεινὸν
912 4170 1230 4244 περιϐλέπει
1259 4169 1357 4239 τὴν
1397 4168 1595 4230 οἰκίαν,
1629 4165 1765 4237 μετά

190 4269 457 4338 τοσαύτην
496 4266 870 4337 προσπάθειαν
900 4262 1278 4334 ἀπροαιρέτως
1311 4260 1480 4329 αὐτῆς
1509 4256 1766 4312 ἀποσπώ-

196 4375 387 4428 μενος,
419 4358 609 4429 πόρρω
653 4355 962 4427 θησαυρῶν,
1017 4352 1323 4422 ταμιείων;
1360 4350 1453 4405 καί
1496 4351 1624 4402 ὅταν
1663 4348 1767 4415 ἀφ-

1856 1918 2147 1987 tintideque
2176 1918 2486 1994 concredita
2534 1919 2633 1973 sibi
2688 1919 3029 1989 dispensator
3057 1923 3311 1990 providus
3335 1927 3422 1978 sd-

1856 2008 2144 2071 niinistret,
2176 2008 2391 2062 Davidis
2416 2009 2544 2062 mihi
2570 2008 2779 2077 explica
2815 2010 3015 2075 librum,
3042 2027 3057 2076 ;
3092 2028 3215 2066 eum
3246 2013 3418 2068 locum

1854 2112 2079 2165 quaere,
2132 2114 2237 2166 quo
2288 2100 2369 2151 vir
2412 2098 2500 2153 ille
2558 2100 2911 2169 prxestitutsm
2970 2102 3146 2156 exitus
3175 2105 3255 2156 sui
3279 2102 3420 2157 diem

1856 2190 2094 2244 studiose
2134 2191 2411 2259 inquirens
2439 2230 2451 2253 ,
2501 2191 2578 2244 sic
2602 2192 2665 2243 ad
2696 2190 2859 2245 Deum
2894 2190 3034 2246 fatur
3064 2212 3078 2247 :
3116 2194 3312 2247 Notum
3339 2194 3423 2263 {ac

1856 2281 2013 2344 milii,
2054 2281 2303 2346 Domine,
2352 2281 2505 2348 ﬁnem
2564 2299 2771 2347 utrum;
2814 2294 2861 2336 et
2912 2300 3183 2337 numerum
3222 2286 3423 2337 dierum

1856 2387 2086 2423 meorum
2114 2374 2230 2438 quis
2268 2381 2372 2431 est,
2403 2380 2459 2424 ut
2493 2373 2653 2425 sciam
2694 2374 2816 2439 quid
2852 2374 2984 2426 desit
3018 2374 3142 2427 mihi
3165 2375 3232 2431 ".
3263 2369 3425 2430 Vides

1859 2462 1910 2515 in
1944 2462 2027 2514 liis
2053 2464 2229 2547 vcrbés
2257 2472 2508 2530 tanquam
2556 2465 2605 2515 iu
2649 2465 2884 2533 imagine
2916 2467 3187 2533 precantis
3212 2480 3427 2535 expres-

1858 2566 1974 2604 Sum
2015 2551 2252 2605 animum
2278 2563 2330 2604 et
2363 2550 2695 2606 :ilTectionetn
2717 2596 2730 2617 ,
2762 2564 2817 2606 ut
2850 2556 2917 2607 sit
2950 2555 3168 2610 timidus
3195 2596 3209 2619 ,
3248 2564 3307 2609 ut
3341 2554 3427 2608 fu-

1863 2650 2035 2692 turum
2062 2642 2338 2708 provideat
2362 2682 2374 2701 ,
2408 2654 2464 2694 ut
2492 2642 2751 2710 judicium
2800 2653 3095 2713 exspectet,
3129 2646 3191 2699 a’c
3216 2646 3429 2700 curiose

1862 2730 2098 2798 inquirnt
2155 2732 2513 2797 praestitutum
2560 2730 2733 2794 diem,
2772 2748 2836 2784 ne
2893 2749 3014 2785 eum
3072 2734 3302 2788 abeundi
3357 2733 3430 2788 si-

1858 2832 2020 2886 gnum
2043 2857 2056 2880 ,
2096 2820 2415 2887 imparatum
2462 2818 2693 2872 offendat
2734 2830 2895 2889 atque
2924 2823 3192 2891 opprimat
3220 2842 3234 2878 :
3266 2831 3429 2892 utque

1861 2910 2163 2979 recogitans
2217 2910 2523 2980 perspicere
2577 2922 2781 2980 quierat
2847 2913 2973 2978 quid
3025 2928 3121 2981 pro
3194 2913 3427 2966 incolatu

1861 3000 2031 3065 desit,
2085 3012 2142 3054 ut
2189 3002 2462 3070 diligentia
2495 3020 2558 3057 ac
2593 3004 2769 3058 studio
2810 3005 2949 3071 quod
2998 3014 3077 3056 est
3130 3002 3286 3058 oﬂicii
3332 3002 3433 3056 im-

1864 3091 2036 3159 pleat,
2088 3092 2396 3160 priusquam
2454 3093 2533 3157 is,
2573 3094 2662 3161 qtti
2706 3102 2789 3153 est
2830 3092 3193 3156 abducturus,
3228 3092 3430 3150 veniat.

1788 3157 1833 3217 δ
1867 3180 2005 3237 Vere
2048 3198 2280 3253 namque
2330 3194 2570 3239 nostrum
2622 3186 2882 3254 cujusque
2924 3188 3100 3239 exitus
3158 3198 3433 3252 morsque,

1864 3277 2127 3330 tecunomi
2166 3291 2227 3329 ac
2248 3276 2633 3344 dispensatoris
2666 3279 2900 3346 speciem
2941 3276 3174 3347 praefert,
3206 3292 3263 3330 ut
3293 3277 3433 3346 sigil-

1866 3366 2013 3420 latim
2056 3368 2458 3433 examinemus,
2496 3384 2558 3422 ac
2588 3384 2815 3436 quaque
2855 3381 3238 3437 componamus
3265 3382 3281 3429 ;
3307 3366 3431 3435 quid

1878 3457 2114 3509 moriens
2139 3458 2373 3524 patiatur
2392 3495 2408 3519 ,
2441 3457 2637 3525 quidve
2661 3455 3080 3526 dispensationis
3107 3454 3434 3509 abdicandus

1866 3560 2105 3602 munere.

1934 3634 2163 3690 Perinde
2192 3637 2331 3689 enim
2362 3637 2407 3691 is
2452 3638 2539 3705 qui
2571 3638 2798 3691 moritur
2848 3637 2967 3691 aliis
3013 3636 3437 3691 administratio-

1867 3739 1988 3778 nem
2014 3724 2197 3789 tradit,
2224 3734 2383 3792 atque
2409 3736 2723 3778 oeconomus
2748 3726 2959 3778 claves:
2994 3726 3079 3778 bic
3126 3739 3254 3793 agro
3282 3722 3432 3789 ejici-

1872 3822 1997 3878 tur;
2050 3814 2135 3867 ille
2166 3822 2276 3867 toto
2332 3814 2532 3867 mundo
2567 3822 2817 3883 tanquam
2862 3829 2967 3867 uno
3016 3816 3243 3880 quodam
3307 3828 3438 3883 agro

1880 3904 2072 3958 cedere
2100 3906 2327 3973 cogitur.
2360 3903 2700 3958 (Ecouotnus
2731 3906 2943 3958 labores
2973 3920 3118 3970 suos,
3171 3914 3317 3974 puta,
3353 3906 3435 3957 vi-

1868 4010 2014 4058 ncas,
2046 3995 2250 4059 hortos,
2276 3996 2463 4050 domos
2488 4034 2502 4059 ,
2540 4006 2762 4049 maestus
2808 3997 3109 4065 invitusque
3142 3996 3389 4064 relinquit
3420 4014 3435 4062 ;

1868 4085 2015 4139 illum
2048 4094 2224 4139 autem
2242 4086 2334 4155 qui
2360 4086 2467 4139 vita
2496 4084 2757 4156 fungitur,
2781 4087 3051 4154 quomo‘do
3075 4097 3230 4155 putas
3259 4084 3437 4141 afﬁci?

1869 4174 2058 4231 Nattae
2110 4178 2479 4246 possessiones
2548 4178 2837 4246 deplorat?
2887 4176 3073 4231 Nonne
3146 4176 3437 4231 miserabili

1870 4277 2088 4336 aspectu
2134 4271 2350 4322 domum
2392 4270 2813 4337 circumquaque
2873 4269 3083 4328 lustrat,
3144 4284 3171 4322 s
3223 4281 3327 4335 qua
3360 4269 3440 4323 sic

1871 4360 2120 4415 adamata
2158 4358 2357 4413 invitus
2396 4358 2667 4424 avellitur,
2694 4369 2855 4427 atque
2886 4374 2912 4410 a
2940 4357 3288 4428 suppellectili
3333 4359 3440 4411 Ibe-

194 4451 376 4521 ίκηται
402 4450 539 4520 πρὸς
559 4448 650 4501 τὸν
678 4446 1025 4518 κληρωθέντα
1058 4443 1241 4505 τόπον,
1266 4440 1477 4495 ἀκούων
1496 4458 1509 4471 °
1530 4438 1750 4505 Ἀπόδος

1815 4498 1843 4521 η
1874 4449 2159 4516 saurisque
2216 4449 2400 4517 procul
2431 4448 2682 4515 ejicitur:
2714 4464 2777 4501 ac
2812 4449 2899 4501 ubi
2947 4463 3024 4502 etc
3077 4448 3441 4516 personabunt

1799 4498 1845 4555 D

192 4538 296 4591 τόν
322 4539 514 4607 λόγον
535 4536 647 4605 τῆς
672 4536 1011 4604 οἰκονομίας
1035 4549 1152 4587 σου
1170 4550 1187 4567 ·
1222 4529 1411 4595 δεῖξον,
1438 4530 1585 4591 ὅπως
1612 4529 1750 4600 ἠκου

1815 4529 1844 4555 ³
1873 4554 2052 4603 voces,
2086 4555 2207 4594 cum
2237 4539 2538 4608 pervenerit
2570 4540 2635 4592 ad
2664 4540 2985 4594 destinatum
3024 4538 3195 4591 locum
3218 4577 3231 4600 ,
3263 4535 3438 4589 Redde

198 4644 287 4692 σας
318 4627 432 4680 τῶν
474 4624 725 4689 ἐντολῶν,
763 4626 913 4687 ὅπως
942 4621 1186 4691 διετέθης
1215 4620 1350 4691 πρὸς
1378 4618 1504 4681 τοὺς
1544 4616 1770 4687 ὁμοδού-

193 4717 312 4781 λους
336 4757 352 4782 ,
407 4716 442 4786 ἢ
490 4714 741 4789 χρηστῶς
788 4713 880 4767 καὶ
925 4710 1422 4782 φιλανθρὼπως,ἢ
1466 4707 1772 4763 τούναντίον

193 4809 449 4882 ἐπαχθῶς
482 4808 575 4862 καὶ
613 4804 980 4878 τυραννικῶς,
1015 4802 1211 4865 παίων,
1253 4800 1601 4864 κονδυλίζων,
1632 4800 1771 4852 ἀπο-

196 4900 404 4972 στερῶν
441 4900 541 4970 τῆς
583 4895 951 4968 ὲλεημοσύνης
1003 4888 1347 4967 σιτηρέλσιον;
1389 4893 1509 4947 Κᾶν
1538 4893 1645 4965 μὴν
1683 4893 1772 4959 δυ-

194 4992 323 5063 νηθῇ
356 4991 489 5044 ῖλεω
520 4987 858 5063 καταστῆσαι
890 4987 981 5041 τὸν
1011 4985 1300 5057 δεσπότην,
1352 4984 1554 5054 ἀγαθὸν
1585 4983 1770 5038 δοῦλον

196 5082 387 5140 ἑαυτὸν
422 5081 622 5149 δείξας,
654 5076 713 5135 εὖ
746 5081 812 5135 ἂν
841 5079 955 5150 ἔχοι
975 5096 988 5109 ο
1028 5080 1077 5132 εἰ
1108 5078 1164 5132 δὲ
1196 5076 1525 5141 τούναντίον,
1559 5076 1661 5129 οὐκ
1690 5076 1771 5129 ἐτι

198 5175 466 5251 μάστιγες
501 5174 591 5229 διὰ
642 5172 872 5245 ῥάϐδων,
922 5172 1042 5225 οὐδὲ
1091 5170 1274 5241 μύλων
1331 5169 1603 5234 σκοτεινὸς
1626 5208 1641 5232 ,
1679 5170 1771 5223 καὶ

197 5268 356 5323 πέδαι
387 5267 628 5338 σιδηραῖ·
670 5265 809 5323 ἀλλά
840 5265 951 5336 πῦρ
988 5262 1271 5325 ἄσϐεστον,
1297 5260 1393 5323 καὶ
1420 5260 1609 5325 σκότος
1638 5260 1769 5315 αἰώ-

243 5399 290 5431 "
318 5397 465 5454 Psal.
492 5411 715 5459 xuvttt,
742 5397 794 5451 ὅ.

264 5534 383 5607 (l8)
431 5532 660 5607 Largitio
687 5548 750 5585 ac
779 5530 1085 5607 liberalitas.
1115 5528 1258 5607 Lego
1276 5542 1353 5607 .ac
1376 5526 1610 5607 corrigo,
1634 5528 1775 5607 quod

200 5596 429 5661 Ducibus
474 5596 704 5657 lilienter
758 5600 833 5652 ait
863 5599 1148 5663 lecturum,
1180 5596 1299 5650 ἀντὶ
1341 5596 1433 5649 τοῦ
1467 5601 1775 5666 προσλαμ-

201 5673 386 5738 ϐάνει,
414 5674 473 5727 τὸ
497 5669 921 5743 προλαμϐάνει.
950 5666 1127 5743 Palam
1160 5668 1303 5725 enim
1330 5667 1559 5743 explicat
1584 5678 1775 5743 auctor

202 5745 341 5804 quod
372 5736 429 5797 in
467 5736 651 5797 multis
684 5736 924 5808 quotidie
962 5738 1233 5809 lngemus;
1284 5737 1373 5813 qui
1405 5736 1545 5795 ultro
1583 5736 1769 5804 etiam,

1870 4634 2127 4685 rationem
2152 4640 2256 4686 tum
2281 4632 2682 4699 dispensationis
2708 4647 2722 4696 ;
2761 4630 2985 4685 ostendo
3012 4628 3280 4697 quomodo
3303 4642 3440 4696 prae-

1867 4722 2038 4791 ceptis
2061 4721 2539 4791 obtemperaveris,
2585 4732 2641 4773 ut
2670 4720 2917 4773 habueris
2964 4733 3091 4787 erga
3119 4732 3433 4779 conservos,

1868 4829 1994 4869 nuin
2017 4812 2151 4869 leuis
2176 4814 2544 4883 benignusque
2574 4827 2637 4866 ac
2663 4810 2924 4873 clemens,
2952 4825 3019 4863 an
3047 4817 3233 4863 contra
3265 4821 3442 4860 smus

1869 4914 1922 4961 et
1944 4904 2286 4971 inhumanus,
2315 4905 2475 4973 inque
2507 4918 2708 4958 morem
2735 4901 2966 4973 tyranni,
3002 4898 3192 4969 pugnis
3223 4912 3287 4950 ac
3314 4910 3439 4950 ver-

1870 4994 2087 5050 beribus
2122 4996 2172 5048 in
2223 5009 2319 5051 eos
2369 4996 2620 5057 saavieus,
2672 5008 2737 5046 ac
2776 4992 3131 5061 eleemosyna:
3185 4991 3444 5043 demenso

1868 5083 2165 5140 fraudans?
2191 5088 2267 5140 Ac
2298 5085 2513 5155 quidem
2545 5095 2604 5139 ut
2634 5084 2919 5139 Dominum
2948 5080 3234 5151 propitium
3253 5084 3441 5148 potue-

1870 5176 1939 5230 rit
1966 5180 2209 5243 reddere,
2245 5192 2308 5234 ac
2334 5178 2529 5233 bonum
2567 5192 2625 5233 se
2664 5190 2880 5231 servum
2938 5172 3186 5243 probare,
3219 5172 3357 5223 bene
3386 5166 3440 5220 id

1872 5267 2155 5334 habuerit;
2191 5270 2272 5327 sin
2304 5272 2503 5333 minus,
2537 5282 2641 5322 non
2690 5266 2797 5320 illic
2852 5265 2900 5319 ei
2933 5269 3131 5331 paratae
3166 5261 3328 5330 virga:
3377 5272 3443 5311 ac

1889 5544 1952 5585 ac
1984 5529 2117 5584 nihil
2170 5529 2337 5602 rogati
2370 5531 2442 5602 jn
2479 5527 2809 5602 meretrices,
2842 5526 3019 5602 ludos,
3042 5522 3253 5602 aliaque
3275 5521 3324 5575 id
3343 5535 3439 5590 ge-

1883 5615 1986 5654 nus
2034 5594 2635 5669 pecuniasret'l‘undant,
2687 5612 2807 5652 cum
2858 5596 2941 5648 vix
2966 5594 3185 5669 pbulum
3226 5594 3276 5645 in
3309 5605 3437 5660 pana

1880 5664 2048 5737 peres'
2069 5684 2133 5726 ac
2158 5670 2242 5741 pia
2268 5668 2369 5725 alia
2400 5680 2561 5740 opera
2588 5681 2822 5737 erogare
2844 5664 3165 5721 sustineant.
