4212 6318
744 294 842 349 {EH

2025 292 2082 348 S.
2127 289 2400 347 ASTEBII
2439 289 2765 346 AMASENI.

3911 286 3929 338 ί
3942 283 4029 339 θεῖ

744 408 948 475 ﬂagra;
990 422 1094 462 non
1149 406 1438 461 obscurum
1502 406 1830 471 pistrinum;
1882 420 1988 459 non
2044 405 2328 473 compedes

2432 418 2565 464 νιον,
2598 401 2791 454 ούποτε
2836 378 2976 470 φωτί
3011 404 3503 473 καταυγαζόμενον,
3554 402 3646 455 xui.
3690 404 3717 454 ὁ
3767 400 4014 473 βρυγμὸς

746 497 977 563 ferreae;
1016 498 1107 553 sed
1135 499 1271 567 ignis
1302 496 1776 564 inexstinguibilis,
1808 496 1898 549 sed
1936 494 2166 549 tenebrae
2198 510 2322 563 per-

746 600 942 658 petuas,
978 590 1224 655 nullaque
1251 589 1385 643 lucis
1438 588 1838 655 intercapedine
1875 588 2173 649 distinctae;
2229 587 2321 640 sed

745 681 947 734 stridor
971 679 1231 743 dentium,
1265 679 1430 744 ipsius
1460 679 1611 731 nobis
1664 676 1935 746 Evangelii
1989 676 2166 743 palam
2195 676 2320 729 olim

744 770 1054 837 designatus
1090 768 1396 821 testimonio
1419 768 1487 821 ".
1529 766 1678 833 Quod
1710 766 1753 819 si
1794 780 2063 834 nunquam
2094 766 2322 819 terrenis

747 861 899 913 hisce
956 858 1113 912 bonis
1166 868 1421 926 tanquam
1485 856 1673 911 alienis
1730 870 1952 919 exuere,
2013 869 2111 923 age
2169 869 2318 919 sane,

744 948 927 1004 fruere
962 951 1181 1011 mundo,
1222 957 1458 1017 :totaque
1494 945 1748 1019 libertate
1778 960 2033 999 sensuum
2076 944 2318 999 omnium

744 1037 1074 1091 adminiculo
1104 1037 1364 1105 voluptati
1396 1036 1645 1105 indulge;
1682 1037 1764 1090 sin
1808 1050 1987 1091 autem
2048 1037 2163 1090 haec
2200 1046 2327 1090 sunt

744 1130 1194 1194 consummanda,
1223 1144 1322 1183 nec
1356 1128 1454 1181 nisi
1481 1143 1650 1196 pauco
1683 1138 1924 1196 tempore
1950 1143 2136 1182 eorum
2171 1112 2326 1182 nobis

743 1222 1013 1277 constabit
1049 1221 1234 1275 fruitio
1269 1236 1283 1274 :
1333 1220 1621 1275 timeamus
1645 1259 1660 1285 ,
1715 1221 1915 1274 fratres
1938 1262 1953 1286 ,
1989 1220 2325 1289 migratiouil

742 1312 891 1366 illum
923 1312 1087 1373 diem,
1122 1324 1296 1378 exque
1318 1309 1529 1363 Domini
1561 1312 1895 1380 przescripto,
1932 1309 2198 1363 incolatus
2230 1323 2325 1361 no-

743 1403 843 1466 strj
872 1412 1113 1471 tempore
1144 1402 1404 1455 vivamus.
1434 1398 1510 1453 Ne
1533 1415 1628 1469 pro
1659 1416 1766 1456 acre
1792 1388 1967 1455 alieno
1991 1400 2154 1454 vincti
2178 1399 2324 1452 abri-

2432 494 2541 547 τῶν
2571 494 2817 555 ὀδόντων,
2846 494 2903 546 ὃν
2935 495 3124 563 σαφῶς
3151 498 3283 565 ἡμῖν
3328 495 3388 547 τὸ
3422 493 3755 563 Εὑαγγέλιον
3780 493 4016 563 προεδη-

2430 581 2622 637 λωσεν.
2664 582 2726 633 Εί
2771 582 2869 651 μέν
2900 578 2992 635 οὖν
3032 583 3287 636 ούδέποτε
3319 583 3425 635 τῶν
3465 582 3712 647 ἐνταῦθα,
3749 581 3823 644 ώς
3852 582 4015 634 ἀλλο-

2428 672 2614 743 τρίων,
2645 669 2901 742 ἐκϐάλλῃ,
2933 674 3353 743 κατατρύφησον
3378 671 3470 724 τοῦ
3498 672 3724 742 κόσμου,
3752 670 3847 723 καὶ
3870 670 4016 740 μετά

2430 763 2610 833 πάσης
2640 754 2943 833 αἰσθήσεως
2974 764 3250 819 ἀκώλυτον
3288 763 3425 831 ἄφες
3459 764 3557 834 τὴν
3594 762 3811 833 ἡδονήν.
3854 761 3919 813 Ei
3954 759 4014 813 δὲ

2432 853 2907 925 συντελεσθῄσεται
2942 854 3137 921 ταῦτα,
3188 855 3283 908 xui
3337 856 3430 907 ἐπὶ
3481 854 3691 925 μακρὸν
3729 854 3774 884 ³⁰
3830 850 4014 905 αὐτῶν

2426 942 2822 1015 ἀπολαύσομεν·
2857 945 3205 1017 φοϐηθῶμεν,
3264 944 3504 1013 ἀδελφοὶ,
3543 945 3642 1014 τὴν
3679 942 3890 996 ἐνθένδε
3918 958 4017 1012 με-

2428 1034 2710 1101 τάστασιν,
2743 1038 2836 1089 xui
2866 1036 3121 1107 ζήσωμεν
3154 1038 3212 1089 ἐν
3239 1034 3317 1105 τῷ
3348 1034 3524 1105 καιρῷ
3554 1034 3653 1105 τῆς
3689 1033 4010 1105 παροικίας,

2427 1124 2504 1189 ὡς
2539 1127 2568 1178 ὁ
2600 1126 2805 1198 Κύριος
2845 1130 3183 1182 ἐνετείλατο·
3236 1130 3310 1198 μὴ
3346 1126 3682 1197 ἀπαχθῶμεν
3732 1125 4013 1196 δεσμῶται

2432 1216 2569 1286 μετά
2601 1218 2799 1288 χρεῶν,
2836 1220 2948 1273 ἀλλ’
2979 1219 3288 1288 ὁδεύσωμεν
3328 1218 3633 1289 ἐλεύθεροι,
3676 1220 3770 1272 καὶ
3804 1219 4015 1287 εύπαρ-

2431 1308 2721 1379 ρησίαστον
2756 1311 2813 1365 τὸ
2837 1311 3075 1374 συνειδὸς
3105 1311 3458 1381 ἐπαγόμενοι,
3488 1310 3885 1380 ἀκατάγνωστα
3914 1308 4018 1378 φέ-

2430 1415 2615 1469 ροντες
2648 1401 2717 1455 τὰ
2741 1403 2839 1472 τῆς
2872 1404 2966 1458 τοῦ
3009 1403 3125 1473 βίου
3150 1403 3426 1466 πολιτείας
3454 1400 3652 1471 βιϐλία.
3807 1403 3817 1410 ’

744 1497 994 1564 piamur;
1032 1497 1127 1551 sed
1188 1494 1366 1559 liberi,
1408 1509 1735 1565 ‘securaque
1792 1494 2146 1561 conscientia,
2218 1492 2344 1545 vitae
2373 1493 2641 1547 rationum
2677 1494 2886 1552 libellos
2925 1497 3051 1550 nulli
3091 1495 3353 1551 obnoxios
3401 1492 3799 1564 reprehensioni
3834 1492 4014 1548 ferelr

741 1596 842 1649 tes,
885 1600 948 1640 eo
978 1588 1385 1665 contendamus.

814 1674 983 1729 Malus
1016 1657 1116 1729 iuit
1142 1676 1301 1745 hujus
1332 1677 1455 1731 vitae
1494 1692 1810 1733 mconomus
1846 1677 1997 1732 dives
2030 1676 2139 1742 ille,
2166 1674 2322 1744 cujus

2495 1677 2677 1741 Κακὸς
2722 1674 2791 1750 ἦν
2820 1679 3101 1748 οἰκονόμος
3131 1677 3230 1748 τῆς
3270 1676 3456 1729 ἐνθάδε
3491 1675 3637 1744 ζωῆς
3682 1658 3711 1725 ὁ
3754 1672 4015 1733 πλούσιος

744 1785 872 1839 ager
894 1771 1099 1825 fructus
1121 1771 1314 1826 uberes
1343 1772 1649 1826 reddiderat
1682 1789 1695 1825 :
1732 1774 1929 1843 quippe
1960 1773 2049 1841 qui
2080 1772 2129 1825 iu
2179 1779 2324 1823 tanta

742 1861 830 1915 illa
861 1860 1071 1931 frugum
1096 1863 1273 1930 copia,
1309 1863 1441 1916 nihil
1463 1865 1587 1918 boni
1612 1879 1674 1918 ac
1700 1864 2084 1917 humanitatem
2115 1862 2323 1916 haben~

742 1953 812 2005 tis
841 1953 1052 2007 consilii
1106 1953 1327 2019 inierit;
1384 1956 1476 2009 sed
1540 1955 1725 2008 hiante
1776 1956 1980 2009 ventris
2033 1952 2321 2017 desiderio,

743 2040 969 2111 latisque
1002 2058 1064 2096 ac
1102 2043 1376 2098 immensis
1427 2045 1672 2098 avaritiae
1717 2045 1927 2099 sinibus
1965 2044 2185 2112 apertis,
2229 2057 2325 2096 suo

742 2134 911 2201 ipsius
946 2135 1064 2187 usui
1103 2150 1166 2188 ac
1207 2135 1470 2205 voluptati
1525 2136 1707 2201 omnia
1754 2136 2046 2200 addixerit,
2091 2134 2274 2189 dicens
2308 2152 2321 2186 :

743 2222 1023 2277 Destruam
1052 2224 1238 2277 horrea
1272 2242 1413 2292 mea,
1455 2236 1502 2278 et
1529 2225 1733 2293 majora
1761 2234 2050 2290 exstruunt,
2082 2235 2130 2276 et
2155 2224 2324 2275 dicam

742 2315 937 2368 anima:
966 2332 1092 2369 mete
1127 2330 1147 2369 .'
1182 2314 1353 2369 Habes
1376 2317 1541 2368 multa
1566 2315 1703 2368 bona
1728 2318 1953 2383 reposita
1984 2331 2001 2378 ,'
2044 2317 2321 2383 requiesce,

742 2408 969 2467 comede,
1006 2408 1137 2473 bibe,
1179 2407 1390 2474 epulare
1439 2408 1509 2460 ³⁷.
1549 2408 1793 2474 Dumque
1841 2408 1954 2460 haec
1994 2408 2323 2485 loqueretur,

746 2495 919 2547 astitit
943 2496 1033 2563 qui
1064 2504 1206 2549 esset
1236 2496 1591 2550 abducturus.
1617 2496 1865 2550 Accessit
1889 2510 2183 2548 conservus
2218 2505 2320 2547 ter.

752 2584 895 2637 r;bili
934 2586 1134 2649 specie,
1169 2586 1258 2653 qui
1315 2585 1558 2640 avulsum
1623 2600 1651 2636 a
1706 2583 2035 2638 villicatioue
2092 2594 2322 2652 raperet.

743 2670 862 2726 Jam
894 2688 1022 2727 vero
1064 2676 1191 2742 quid
1238 2676 1342 2727 vita
1378 2673 1675 2743 voluptaria
1728 2672 1919 2739 juvat?
1978 2673 2156 2741 Atque
2215 2673 2328 2726 haec

746 2766 967 2835 quidem
1011 2767 1189 2820 vivide
1216 2782 1276 2819 ac
1303 2768 1561 2835 graphice
1593 2768 1658 2820 ad
1687 2778 1928 2820 nostram
1962 2767 2163 2833 scripta
2200 2772 2329 2817 sunt

743 2855 1188 2909 admonitionem.
1225 2855 1444 2920 Quanta
1471 2870 1595 2908 vero
1619 2857 1726 2909 vita
1766 2856 1867 2909 hac
1924 2857 2113 2908 horum
2166 2868 2327 2920 expe-

745 2945 977 3000 rientia?
1011 2946 1198 3000 Nonne
1225 2948 1337 2999 haec
1375 2946 1591 3001 assidue
1631 2961 1811 3000 rerum
1848 2945 1958 3015 ipsa
1994 2944 2327 2999 exhibitione

746 3035 873 3088 talia
900 3036 1137 3090 clamat?
1160 3037 1283 3089 dum
1314 3052 1433 3090 eum
1473 3038 1713 3106 quidem,
1744 3037 1833 3105 qui
1890 3036 2112 3090 meridie
2140 3034 2327 3088 ﬁrmus

746 3135 831 3181 est
855 3141 919 3180 ac
947 3126 1150 3192 valens,
1182 3138 1307 3182 ante
1342 3129 1555 3197 hesperi
1588 3137 1789 3191 ortum,
1847 3138 2116 3181 mortuum
2150 3138 2331 3182 ostcu-

745 3218 856 3285 dit;
888 3218 1148 3286 illumque
1193 3219 1281 3286 qui
1308 3219 1520 3287 vesperi
1574 3232 1738 3272 sanus
1788 3229 1873 3272 est
1924 3234 1985 3272 ac
2025 3218 2326 3283 incolumis,

746 3308 976 3364 necdum
1005 3309 1273 3377 explicato
1301 3309 1451 3362 radio
1472 3309 1731 3361 matutino
1755 3311 2082 3363 exstinctum
2116 3325 2129 3374 ;
2168 3308 2331 3361 alium

747 3400 983 3470 denique
1019 3400 1158 3453 inter
1184 3399 1372 3468 epulas
1402 3414 1463 3453 ac
1497 3399 1649 3453 cibos
1699 3400 1802 3453 vita
1846 3385 2156 3468 privatum?
2203 3400 2333 3466 Quis

750 3492 823 3543 ita
852 3491 1103 3551 stolidus,
1134 3502 1191 3543 ut
1224 3507 1327 3544 nou
1350 3490 1548 3557 videat,
1577 3490 1698 3544 aliis
1727 3490 1954 3559 aliisque
2000 3491 2173 3546 modis
2202 3507 2334 3558 quo-

752 3584 879 3638 tidie
912 3598 1009 3637 nos
1040 3584 1162 3637 vitae
1194 3582 1351 3650 huius
1395 3585 1803 3653 dispensatione
1861 3584 2061 3638 uwveri
2088 3583 2111 3635 ?
2145 3582 2334 3636 Enim-

749 3690 879 3730 vero
927 3675 1101 3730 bonus
1131 3691 1194 3730 ac
1227 3676 1398 3729 ﬁdelis
1427 3691 1639 3741 servus,
1671 3676 1855 3743 reique
1888 3674 2056 3744 probe
2107 3674 2337 3728 admini-

747 3773 934 3821 strata:
958 3765 1286 3819 conscientia
1330 3764 1520 3830 fretus,
1550 3766 1633 3818 ita
1661 3766 1840 3819 animo
1861 3772 2206 3833 comparatus
2230 3772 2333 3827 est,

750 3859 829 3912 uti
858 3859 985 3912 olim
1022 3857 1241 3913 Paulus.
1275 3858 1369 3913 Ille
1396 3860 1537 3912 enim
1565 3874 1686 3912 cum
1740 3873 1837 3913 nec
1876 3859 2132 3912 Dominus
2183 3872 2340 3927 urge-

2428 1765 2667 1829 ἐκεῖνος,
2701 1759 2763 1817 οὗ
2805 1768 2838 1836 ή
2894 1765 3047 1837 χώρα
3078 1766 3407 1836 ηύφόρησεν·
3455 1758 3641 1833 ἐπειδὴ
3673 1764 3738 1831 τῇ
3786 1760 4017 1829 εύθηνίᾳ

2425 1855 2534 1908 τῶν
2559 1858 2806 1928 καρπῶν,
2830 1858 2979 1910 οὐδὲν
3000 1860 3027 1911 ὁ
3054 1857 3149 1911 ἄνθ
3158 1874 3341 1926 ρωπος
3365 1856 3600 1927 χρηστὸν
3627 1851 4010 1907 ἐϐουλεύσατο·

2427 1946 2539 1998 ἀλλ’
2584 1947 2801 2011 ἀνοίξας
2848 1948 3081 2018 γαστρὸς
3120 1947 3447 2017 ἐπιθυμίαν,
3493 1946 3584 1998 xui
3627 1945 3754 2006 τοὺς
3785 1942 4015 2005 πλατεῖς

2428 2037 2519 2090 xui
2546 2039 2863 2109 ἀχωρήτους
2899 2038 3001 2108 τῆς
3034 2036 3350 2101 πλεονεξίας
3383 2037 3636 2098 κόλπους,
3668 2033 3846 2087 πάντα
3877 2034 4016 2085 ἀπε-

2428 2130 2629 2201 κλήρου
2674 2134 2742 2200 τῇ
2778 2130 2971 2183 ἐαυτοῦ
3024 2129 3345 2192 ἀπολαύσει,
3376 2129 3571 2196 λέγων·
3611 2124 3855 2180 Καθελῶ
3890 2141 4015 2195 μου

2426 2223 2533 2285 τὰς
2587 2220 2937 2287 ἀποθήκας,
2976 2221 3076 2273 καί
3125 2219 3401 2289 μείζονας
3448 2216 3855 2286 οἰκοδομήσω,
3910 2215 4014 2269 καί

2426 2312 2538 2380 ἐρῷ
2566 2310 2641 2379 τῇ
2678 2312 2853 2381 ψυχῖῖ
2872 2329 2992 2380 μου
3013 2328 3025 2340 ·
3066 2313 3263 2380 Ἔχεις
3291 2312 3491 2365 πολλὰ
3527 2309 3717 2379 ἀγαθὰ
3745 2310 4011 2375 κείμενα·

2427 2407 2762 2468 ἀναπαύου,
2799 2403 2971 2475 φάγε,
3004 2404 3123 2467 πίε,
3146 2405 3472 2471 εὐφραίνου
3497 2420 3511 2431 ·
3550 2402 3643 2454 xui
3672 2400 3883 2470 μεταξὺ
3915 2400 4018 2452 λαο

2427 2497 2660 2561 λοῦντος,
2706 2500 2733 2549 ὁ
2776 2496 3004 2564 ἀπάγων
3054 2495 3290 2564 ἐπέστη·
3328 2489 3458 2563 ἦλθε
3512 2491 3741 2562 φοϐερὸς
3787 2491 4015 2544 σύνδου-

2428 2589 2538 2653 λος,
2570 2587 2916 2641 ἀνάσπαστον
2956 2589 3020 2640 ἐκ
3058 2587 3160 2657 τῆς
3189 2582 3503 2653 οἰκονομίας
3536 2583 3759 2646 ἀπάξων
3781 2598 3793 2610 ·
3822 2582 3921 2634 καὶ
3960 2581 4017 2634 τί

2426 2680 2487 2732 τὸ
2532 2678 2721 2748 ὄφελος
2770 2681 2871 2748 τῆς
2918 2678 3204 2749 φιληδόνου
3246 2675 3482 2745 βουλῆς;
3535 2674 3644 2728 Kui
3690 2672 3858 2726 ταῦτα
3913 2674 4019 2742 μὲν

2429 2755 2686 2843 ἐμψύχως
2718 2772 2931 2841 ἐγράφη
2963 2773 3043 2833 εἰς
3092 2768 3374 2822 νουθεσίαν
3424 2766 3601 2837 ἡμῶν.
3658 2766 3723 2817 Ἡ
3753 2766 3808 2817 δὲ
3844 2768 4019 2836 πεῖρα

2428 2864 2520 2916 τοῦ
2556 2864 2668 2933 βίου
2719 2863 2973 2933 uocaui};
3027 2863 3100 2934 Ού
3139 2860 3259 2913 καθ’
3314 2859 3548 2928 ἑκάστην
3585 2857 3799 2928 ἡμέραν
3836 2855 4022 2909 ταῦτα

2355 2988 2400 3049 C
2432 2955 2499 3008 δι’
2556 2955 2731 3026 ἔργων
2781 2954 2903 3025 βοᾷ,
2951 2951 3205 3006 δεικνῦσα
3252 2952 3383 3022 ἡμῖν
3419 2950 3509 3002 τὸν
3558 2950 3614 3001 ἐν
3658 2949 3795 3019 μέσῃ
3830 2946 4024 3019 ἡμέρᾳ

2436 3048 2766 3115 ὑγιαίνοντα,
2811 3046 2917 3117 πρὸ
2958 3044 3059 3114 τῆς
3093 3043 3348 3114 ἐπιτολῆς
3383 3041 3475 3095 τοῦ
3517 3040 3751 3112 ἐσπέρου
3792 3038 4017 3110 νεκρόν·

2434 3140 2527 3193 xui
2558 3140 2648 3192 τὸν
2693 3138 3005 3210 ἐρρωμένον
3039 3139 3096 3189 ἐν
3159 3139 3225 3207 τῇ
3280 3135 3507 3206 ἑσπέρᾳ,
3548 3133 3645 3203 τὴν
3688 3134 3880 3186 ἀκτῖνα
3918 3132 4025 3202 τὴν

2434 3230 2662 3301 ἑωθινὴν
2702 3232 2761 3282 ού
2807 3227 3326 3299 καταλαμϐάνοντα·
3358 3229 3452 3279 xui
3492 3225 3649 3279 ἀλλον
3686 3222 3890 3292 μεταξῦ
3922 3223 4025 3276 τοῦ

2434 3324 2655 3387 ἐσθίειν,
2676 3321 2770 3375 τοῦ
2798 3319 2896 3392 ζῇν
2919 3319 3295 3390 ἀπολήγοντας
3320 3317 3415 3378 Τίς
3432 3315 3487 3368 δέ
3509 3314 3680 3377 οὕτως
3696 3312 3923 3383 ἠλίθιος,
3942 3311 4029 3375 ὡς

2440 3415 2513 3487 μὴ
2532 3416 2781 3487 συνορᾷν,
2806 3414 2953 3474 ὅπως
2983 3411 3309 3481 καθημέραν
3328 3407 3483 3469 ἄλλος
3508 3406 3695 3459 ἄλλοτε
3712 3403 3811 3473 τῆς
3826 3401 4027 3455 ἐνθάδε

2437 3506 2747 3577 οἰκονομίας
2770 3502 3199 3571 ἀποκινούμεθα;
3238 3498 3378 3552 Ἀλλ’
3402 3502 3429 3552 ὁ
3458 3498 3554 3568 μὲν
3586 3495 3788 3566 ἀγαθὸς
3806 3495 3903 3547 xui
3933 3513 4031 3547 πι-

2440 3586 2561 3660 στὸς
2587 3595 2803 3665 οἰκέτης
2818 3595 2913 3646 xui
2936 3591 3210 3655 πεποιθὼς
3229 3593 3297 3662 τῇ
3322 3589 3515 3643 ἐαυτοῦ
3546 3589 3828 3658 διοικήσει,
3844 3586 4033 3651 οὓτως

2439 3687 2550 3759 ἔχει
2563 3684 2805 3756 γνώμης,
2820 3668 2895 3748 ώς
2910 3679 3022 3755 εἶχε
3042 3682 3273 3745 Παῦλος.
3312 3683 3550 3742 Ἐκεῖνος
3565 3678 3799 3750 γάρ,τοῦ
3818 3678 4031 3747 Κυρίου

2442 3780 2516 3851 μὴ
2542 3778 2976 3845 κατεπείγοντος,
3014 3774 3240 3827 ἔσπευδε
3266 3773 3402 3845 πρὸς
3426 3771 3607 3835 αὑτὸν,
3644 3768 3737 3821 xui
3757 3768 3855 3838 τὴν
3890 3769 4033 3822 ἀνά-

2438 3874 2592 3925 λυσιν
2627 3868 2853 3929 ἐπόθει,
2902 3867 2998 3943 xui
3042 3867 3341 3936 παρῃτεῖτο
3381 3860 3521 3915 ἐκὼν
3558 3860 3655 3931 τὴν
3688 3858 4031 3928 οἰκονομίαν,

753 3960 853 4012 ret,
891 3949 955 4003 ad
986 3963 1106 4002 eum
1140 3949 1454 4012 anhelabat,
1488 3966 1552 4004 ac
1582 3949 1717 4003 solvi
1773 3949 2046 4019 cupiebat,
2087 3950 2331 4019 ultroque

2445 3965 2519 4034 πῆ
2550 3963 2647 4033 μὲν
2675 3962 2847 4029 λέγων
2869 3977 2885 3992 ·
2915 3957 3292 4023 Ταλαίπωρος
3321 3953 3435 4023 ἐγὼ
3475 3952 3806 4020 ἄνθρωπος,
3832 3952 3929 4014 τίς
3951 3965 4037 4020 με

751 4037 1148 4106 deprecabatur
1181 4038 1583 4103 villicatiouem,
1610 4038 1809 4093 alicubi
1868 4039 2087 4109 quidem
2148 4040 2221 4093 ita
2257 4041 2331 4093 di.

2435 4054 2688 4122 ρύσεται
2725 4051 2794 4103 ἐκ
2831 4048 2937 4104 τοῦ
2996 4046 3269 4115 σώματος
3314 4043 3421 4096 τοῦ
3455 4039 3716 4097 θανάτου
3773 4040 4028 4102 τούτου,

750 4142 880 4181 cens
910 4144 923 4179 :
965 4125 1158 4193 Infelix
1185 4144 1277 4195 ego
1307 4129 1479 4193 homo,
1508 4127 1625 4197 quis
1653 4145 1733 4181 me
1763 4129 2000 4182 liberabit
2041 4130 2105 4183 de
2128 4145 2331 4197 corpore

2442 4142 2537 4194 καὶ
2577 4141 2767 4194 πάλιν·
2815 4137 2971 4207 Ἑμοί
3024 4135 3111 4201 δὲ,
3158 4134 3348 4188 καλὸν
3388 4131 3716 4195 ἀναλῦσαι,
3762 4128 3861 4182 καί
3906 4128 4039 4182 σὺν

751 4216 936 4269 mortis
956 4217 1119 4285 hujus
1141 4216 1222 4269 "‘i
1246 4220 1323 4271 Ac
1368 4233 1558 4272 rursus
1589 4235 1601 4269 :
1639 4218 1774 4272 Mihi
1805 4228 1981 4273 autem
2049 4222 2239 4275 bonum
2265 4234 2331 4275 est

2444 4232 2674 4304 Χριστῷ
2711 4232 2885 4286 εἶναι.
2922 4230 2981 4282 'U
3013 4228 3070 4280 δέ
3118 4227 3301 4297 γήινος
3348 4225 3408 4277 τδ
3444 4223 3730 4294 φρόνημα,
3783 4220 3878 4274 xui
3917 4219 4038 4273 τῶν

752 4307 991 4371 dissolvi,
1020 4319 1065 4361 et
1101 4326 1211 4363 esse
1237 4327 1352 4364 cum
1381 4310 1593 4365 Christo
1640 4312 1707 4384 ἦν.
1750 4312 1968 4379 Contra,
2024 4314 2113 4381 qui
2144 4311 2331 4383 plenus

2450 4324 2633 4397 βώλων
2669 4313 2884 4392 ἀληθῶς
2932 4315 3220 4385 συγγενὴς,
3255 4312 3479 4366 τοιαῦτα
3510 4311 3758 4381 ὀδύρεται
3804 4311 4034 4378 ἀμηχα-

754 4407 839 4451 est
873 4399 1104 4454 terrenis
1139 4401 1583 4467 cogitationibus.
1614 4402 1895 4471 glebisque
1919 4416 1982 4456 ac
2012 4403 2174 4457 humo
2217 4419 2343 4459 vere

754 4500 1035 4559 cognatus,
1058 4492 1321 4559 ejusmodi
1347 4488 1674 4547 lamentatur
1691 4495 1888 4549 anxius
1908 4495 1973 4549 de
1999 4496 2341 4563 migratione,

756 4592 919 4650 atque
948 4582 1109 4638 homo
1136 4583 1223 4636 ille
1245 4584 1296 4637 iu
1326 4585 1579 4653 parabola
1605 4585 1935 4653 propositus:
1969 4586 2108 4651 Quid
2124 4586 2339 4655 faciam,

755 4674 882 4740 quia
926 4674 1170 4729 dominus
1238 4693 1383 4731 meus
1442 4678 1614 4745 aufert
1651 4695 1681 4731 a
1717 4694 1798 4730 me
1851 4677 2290 4744 dispensationem
2319 4679 2345 4730 .9

757 4762 966 4819 Fodere
988 4781 1089 4818 non
1112 4766 1277 4829 valeo,
1304 4766 1596 4820 mendicare
1624 4769 1907 4832 erubesco;
1934 4768 2132 4822 desidis
2182 4769 2343 4823 simul

734 4867 923 4926 ‘atque
951 4858 1233 4926 voluptarii
1260 4859 1410 4913 dolor
1445 4859 1530 4912 hic
1585 4874 1646 4913 ac
1696 4862 1937 4929 querela.
1989 4861 2345 4916 Ahiturieutis

758 4948 903 5002 enim
936 4946 1095 5002 ﬂetus
1125 4949 1213 5003 ille
1253 4964 1314 5003 ac
1345 4949 1595 5017 cjulatus,
1647 4950 1918 5004 hominem
1970 4953 2145 5021 arguit
2175 4952 2344 5007 fundo

763 5041 1057 5107 impensius
1087 5041 1381 5105 addictum,
1412 5041 1611 5109 quique
1639 5042 1820 5095 carnis
1849 5041 2075 5095 vitiosas
2099 5042 2346 5111 volupta-

764 5138 844 5182 tes
875 5128 1133 5195 deploret.
1193 5126 1540 5184 lmhecillitas
1590 5139 1768 5184 autem
1802 5146 1866 5185 ac
1924 5131 2048 5201 iuga
2077 5132 2341 5198 laborum,

765 5221 886 5272 vitae
939 5234 1033 5288 per
1080 5220 1326 5273 inertiam
1385 5237 1446 5275 ac
1498 5222 1757 5275 desidiam
1824 5231 1954 5277 actae
2012 5236 2133 5277 nota
2164 5233 2245 5279 est
2280 5240 2344 5279 ac

761 5312 993 5365 crimen.
1046 5308 1179 5363 Nam
1211 5311 1253 5365 si
1294 5312 1441 5380 operi
1491 5326 1554 5366 ac
1610 5312 1777 5367 labori
1809 5315 2156 5381 assuevisset,
2191 5331 2219 5369 a
2261 5315 2343 5370 io-

764 5400 960 5455 diendo
980 5417 1319 5471 nequaquam
1353 5387 1703 5461 abhorreret.

840 5492 993 5558 Quod
1016 5493 1061 5547 si
1112 5494 1397 5562 allegorice
1437 5494 1504 5547 de
1544 5494 1628 5549 his
1688 5512 1807 5566 quae
1863 5498 1961 5552 sub
2016 5498 2342 5553 intellectum

2444 4396 2551 4471 νῶν
2590 4415 2681 4467 ἐπὶ
2712 4417 2777 4483 τῇ
2830 4409 3189 4482 μεταστάσει,
3223 4399 3310 4458 οἶα
3339 4396 3493 4466 οὗτος
3521 4404 3549 4455 ὁ
3580 4401 3679 4469 τῆς
3712 4397 4038 4469 παραϐολῆς

2444 4509 2761 4579 ἄνθρωπος·
2800 4503 2859 4557 Τι
2889 4499 3121 4566 ποιήσω
3143 4539 3157 4564 ,
3194 4498 3283 4550 ὅτι
3317 4500 3349 4550 ό
3384 4493 3586 4561 κύριός
3607 4508 3727 4579 μου
3761 4490 4036 4579 ἀφαιροῖ-

2442 4575 2559 4648 ταί
2593 4591 2712 4661 τὴν
2763 4586 3109 4654 οἰκονομίαν
3166 4583 3265 4635 ἀπ’
3320 4579 3504 4650 spei};
3562 4575 3862 4629 Σκάπτειν
3914 4578 4038 4633 οὐκ

2446 4684 2669 4754 ἰσχύω,
2703 4678 2975 4735 ἀπαιτεῖν
3013 4675 3393 4743 αἰσχύνομαι.
3445 4665 3639 4739 Ἀργοῦ
3667 4666 3762 4721 καὶ
3806 4665 4036 4735 φιληδό-

2444 4792 2536 4829 νου
2569 4777 2602 4845 ἡ
2632 4772 2799 4842 λύπη.
2834 4770 2907 4823 Τὸ
2939 4770 3036 4840 μὲν
3069 4766 3177 4836 γὰρ
3200 4763 3291 4816 ἐπὶ
3319 4764 3384 4832 τῇ
3416 4760 3759 4829 ἀναχωρήσει
3781 4756 4033 4827 θρηνεῖν,

2450 4867 2670 4937 ἔλεγχός
2699 4866 2843 4917 ἐστιν
2883 4860 2976 4914 τοῦ
3009 4852 3434 4929 προστετηκέναι
3460 4849 3538 4920 τῷ
3571 4849 3776 4919 χωρίῳ,
3808 4848 3904 4900 xui.
3928 4848 4038 4913 τὰς

2449 4958 2717 5030 ἐμπαθεῖς
2764 4956 2861 5025 τῆς
2894 4950 3096 5022 σαρκὸς
3149 4944 3475 5006 ἀπολαύσεις
3512 4938 3828 5010 ὀδύρεσθαι·
3860 4938 3925 4991 τὺ
3963 4939 4039 5005 ,δὲ

2450 5049 2731 5104 ἀδυνατεῖν
2758 5044 2892 5115 πρὸς
2922 5042 3102 5113 ἔργον,
3144 5036 3313 5108 ἀργοῦ
3350 5034 3463 5104 βίου
3496 5031 3591 5085 xui
3629 5030 4036 5083 ἀναπεπτωκό-

2455 5159 2543 5204 τος
2576 5141 2691 5193 ἐστὶ
2721 5135 3104 5205 κατηγόρημα.
3136 5133 3198 5183 Εἰ
3234 5130 3342 5199 γὰρ
3368 5124 3510 5197 εῖχεν
3543 5124 3680 5194 πρὸς
3714 5122 4038 5193 φιλοπονίαν

2456 5230 2761 5302 συνήθειαν,
2802 5227 2900 5279 ούκ
2928 5223 2992 5277 ἂν
3020 5220 3265 5290 ἐφοϐεῖτο
3288 5215 3378 5269 τοῦ
3408 5215 3687 5269 σκάπτειν.

2525 5496 2587 5548 Εἰ
2629 5492 2687 5548 δὲ
2720 5484 3095 5559 ἀλληγορικῶς
3146 5481 3245 5550 τὴν
3275 5476 3590 5551 παραϐολὴν
3635 5473 3727 5525 ἐπὶ
3756 5472 3816 5525 τὸ
3840 5472 4039 5543 νοητὸν

842 5630 885 5706 '_'
929 5631 1114 5706 Matth.
1153 5646 1273 5706 xui,
1305 5631 1407 5698 42;
1434 5635 1688 5703 “11,15;
1718 5653 1864 5706 xxiv,
1908 5637 1966 5691 51
1999 5654 2013 5701 ;
2049 5650 2173 5699 xxv,
2229 5634 2316 5689 50.

2457 5630 2583 5686 Luc.
2629 5646 2722 5694 xu,
2760 5628 2844 5692 18,
2888 5624 2971 5678 l9.
3052 5620 3096 5652 ’⁸
3116 5617 3272 5671 Rom.
3305 5630 3398 5679 νη,
3437 5611 3526 5665 Ἡ.
3592 5611 3638 5641 ⁸⁸
3675 5606 3809 5663 Phil.
3846 5624 3884 5674 ι,
3937 5606 4038 5663 33.

761 5698 810 5735 ³ο
846 5700 978 5771 Leg.
1011 5703 1111 5755 ούκ
1156 5702 1250 5754 ἐπὶ
1303 5718 1467 5772 μακρ.
