4212 6318
163 424 249 479 193
1163 417 1447 473 llOMlLlA
1485 420 1573 477 ill.
1617 421 1982 481 ADVERSUS
2022 424 2424 483 AVARITIAM.

3279 436 3377 497 ιρι

165 536 475 606 ἰκλάδοιμεν,
504 535 647 606 μετά
687 534 785 605 τήν
812 533 1018 587 ἐνθένδε
1066 535 1393 605 μετάστασιν
1411 577 1425 601 ,
1454 539 1577 590 οὔτε
1612 539 1704 591 τοῦ
1735 549 1781 601 Α
1809 558 1828 596 ε

1735 549 1781 601 Α
1809 542 2026 608 cadunt,
2070 545 2378 611 parabolam
2407 546 2543 599 hanc
2574 547 2990 618 interpretemur
3021 571 3036 607 :
3089 553 3177 609 ubi
3212 560 3374 613 semel

166 629 443 695 προσαιτεῖν
497 624 710 695 καιρός.
763 624 872 677 Καὶ
913 623 1003 676 διά
1047 624 1203 676 τοῦτο
1256 626 1440 694 μηδεὶς
1478 624 1703 692 λεγέτω·

165 720 428 775 Σκάπτειν
456 721 568 773 οὐκ
588 720 798 787 ἰσχύω.
822 716 938 772 Κᾶν
968 717 1075 787 γὰρ
1104 717 1347 789 δύνηται,
1377 713 1548 782 οὐδεὶς
1578 737 1707 788 συγ-

164 814 323 883 χωρεῖ.
372 813 428 864 Ὁ
468 811 584 881 βίος
639 805 791 873 οὗτος
842 808 953 881 ἔχει
1002 808 1109 862 τῶν
1145 810 1371 864 ἐντολῶν
1398 811 1495 883 τὴν
1532 828 1707 880 γεωρο

160 900 299 965 γίαν·
327 901 353 953 ό
393 899 447 952 δὲ
483 898 718 968 μέλλων,
754 898 852 967 τὴν
891 898 1208 951 ἀπόλαυσιν.
1246 899 1409 952 Ὥστε
1448 900 1495 952 εἰ
1541 899 1706 970 μηδὲν

163 990 375 1061 εἰργάσω
398 989 659 1055 ἐνταῦθα,
694 988 989 1060 ἀπέμεινον
1019 992 1073 1042 αἰ
1101 991 1353 1061 ἄμπελοι,
1388 993 1482 1045 καὶ
1522 1009 1707 1063 περιτ-

160 1081 250 1144 τῶς
278 1079 578 1150 φροντίζεις
622 1081 750 1150 περὶ
790 1079 888 1151 τῆς
934 1080 1251 1151 σκαπάνης·
1292 1080 1415 1134 οὔτε
1455 1081 1512 1135 δὲ
1540 1099 1708 1153 προσ-

161 1170 299 1223 αιτῶν
324 1170 627 1241 ὠφελήσεις
654 1186 708 1222 τι
737 1171 950 1224 σαυτόν.
987 1172 1097 1224 Καὶ
1124 1170 1314 1225 τούτου
1343 1173 1512 1240 σαφὲς
1572 1175 1703 1242 ήμίν

160 1260 434 1331 ὑπόδειγμα
468 1262 867 1333 παραδέδοται,
898 1262 958 1314 τὸ
1000 1263 1107 1315 τῶν
1149 1264 1346 1334 μωρῶν
1395 1263 1701 1335 παρθένων·

161 1353 333 1415 αἳτινες
366 1352 573 1424 ἀπορίᾳ
600 1355 938 1407 καταστᾶσαι
965 1353 1057 1406 τοῦ
1085 1354 1284 1420 ὲλαίου,
1322 1354 1551 1420 ἀναιδῶς
1575 1357 1704 1427 ᾔτη-

160 1458 241 1496 σαν
283 1442 423 1514 παρά
458 1443 571 1496 τῶν
620 1444 896 1514 φρονίμων
923 1460 936 1473 ο
994 1442 1210 1515 ὤνησαν
1254 1445 1310 1498 δὲ
1360 1446 1534 1511 οὐδὲν,
1588 1446 1705 1501 ἀλλ’

158 1534 566 1606 ἀπεστράφησαν
606 1537 911 1606 ἄπρακτοι·
957 1536 1261 1600 δεικνύντος
1287 1536 1381 1590 τοῦ
1411 1538 1590 1607 λόγου,
1621 1539 1701 1591 ὅτι

159 1624 391 1695 ἀλλοτρίῳ
432 1625 602 1696 ἐλαίῳ
640 1627 698 1679 ὲν
730 1631 795 1698 τῇ
833 1627 1104 1699 παρουσίᾳ
1148 1626 1239 1680 τοῦ
1270 1628 1503 1698 νυμφίου
1530 1628 1705 1691 οὐδεὶς

159 1715 432 1785 κέχρηται’
500 1716 803 1781 τοῦτέστιν,
862 1717 1127 1789 ἀλλοτρίῳ
1188 1717 1572 1789 κατορθώματι
1625 1719 1705 1782 εἰς

158 1805 270 1858 ἰδίαν
313 1807 633 1862 ἀπόλαυσιν.
670 1808 944 1871 Ἕκαστος
995 1808 1101 1879 γὰρ
1129 1808 1224 1879 τήν
1263 1808 1400 1861 ἰδίαν
1432 1808 1703 1863 πολιτείαν

1810 632 1934 686 hinc
1956 634 2385 704 migraverimus,
2422 651 2589 706 neque
2627 644 2881 709 Operandi
2907 651 3115 714 tempus
3139 656 3244 716 est,
3277 663 3374 703 ne—

1807 736 1912 790 que
1933 724 2308 790 mendicandi;
2346 741 2519 795 eoque
2570 744 2727 784 nemo
2776 733 2960 787 dicat:
3022 734 3223 790 Fodere
3272 755 3374 792 non

1808 810 1970 866 valeo.
2003 810 2069 866 Ut
2093 815 2233 867 enim
2277 816 2507 870 maxime
2560 818 2738 873 valeas
2768 860 2781 884 ,
2830 836 2987 876 nemo
3044 828 3373 891 permiserit.

1808 896 1994 953 Cultus
2034 911 2088 954 et
2160 902 2464 960 observatio
2517 908 2890 964 mandatorum
2961 911 3119 981 hujus
3158 917 3373 984 propria

1809 987 1929 1041 vitae
1962 997 2079 1052 est;
2109 987 2293 1045 l'ruitio
2325 1007 2449 1047 vero
2472 991 2690 1051 futurae.
2725 996 2900 1063 Quare
2927 1000 2970 1053 si
3015 1000 3103 1055 hic
3135 1004 3267 1056 nihil
3314 1017 3375 1058 es

1807 1086 2076 1146 operatus,
2101 1092 2477 1137 remanserunt
2526 1085 2682 1148 viles,
2714 1099 2779 1140 ac
2818 1086 3089 1144 incassum
3138 1092 3205 1147 de
3257 1092 3372 1148 fos-

1807 1168 1961 1224 sione
2005 1170 2269 1227 sollicitus
2322 1187 2400 1226 es.
2442 1174 2510 1227 At
2556 1190 2655 1229 nec
2684 1177 3041 1235 mendicando
3080 1184 3372 1253 quidquam
3421 1193 3425 1196 ’

1808 1261 2120 1328 profeceris.
2160 1262 2325 1330 Hujus
2350 1263 2503 1317 nobis
2530 1266 2736 1322 illustre
2764 1271 3071 1338 exemplum
3114 1275 3369 1329 traditum

1806 1358 1907 1413 est,
1938 1351 2174 1420 quinque
2210 1352 2335 1407 illud
2362 1352 2633 1417 fatuarum
2675 1358 2941 1429 virginum
2965 1360 3048 1429 ³²;
3081 1377 3215 1432 quae,
3248 1379 3371 1420 cum

1805 1440 1981 1494 oleum
2011 1441 2140 1510 ipsis
2167 1443 2398 1510 deesset,
2429 1447 2767 1516 impudenter
2814 1451 2991 1505 oleum
3028 1468 3055 1506 a
3110 1455 3369 1523 sapienti-

1806 1531 1905 1585 bus
1933 1533 2220 1601 petierunt,
2257 1551 2356 1589 nec
2375 1539 2666 1607 quidquam
2694 1548 2872 1595 tamen
2892 1552 3027 1599 sunt
3050 1556 3369 1609 consecutae,

1807 1622 1899 1675 sed
1930 1637 1986 1676 re
2020 1622 2211 1678 infecta
2250 1624 2519 1680 abierunt.
2582 1627 2699 1697 Quo
2773 1632 3046 1693 docemur,
3103 1635 3371 1688 neminem

1806 1709 1980 1765 alieno
2013 1712 2086 1764 uti
2112 1713 2229 1767 oleo
2252 1713 2304 1767 in
2330 1716 2559 1768 adventu
2594 1717 2801 1784 sponsi,
2834 1719 2882 1769 id
2914 1727 3015 1783 est,
3048 1719 3238 1773 alienis
3262 1735 3373 1774 me-

1810 1801 1945 1866 ritis,
1977 1804 2042 1855 ad
2070 1818 2222 1857 suum
2248 1805 2414 1871 ipsius
2448 1808 2787 1860 commodum
2821 1822 2883 1861 ac
2914 1808 3168 1862 fructum.
3199 1809 3369 1876 Quam

156 1895 216 1957 ὡς
250 1896 449 1965 ἱμάτιον
496 1897 907 1969 περιϐέϐληται,
940 1900 1050 1951 εἴτε
1078 1898 1326 1969 λαμπρὸν
1372 1900 1466 1953 καὶ
1504 1900 1700 1969 τίμιον,
1736 1883 1777 1937 Β
1806 1906 1819 1943 ⁴

1736 1883 1777 1937 Β
1806 1890 2034 1960 quisque
2081 1894 2246 1961 gessit
2292 1895 2411 1947 vitae
2444 1898 2742 1962 rationem,
2786 1912 2883 1951 ceu
2932 1910 3135 1953 vestem
3176 1901 3370 1966 induit,

156 1988 247 2039 εἴτε
278 1987 473 2055 φαῦλον
527 1990 625 2042 καὶ
661 1991 759 2059 τῆς
806 1990 1084 2062 πτωῃκῆς
1136 1991 1446 2062 ἑφεστρίδος
1496 1992 1699 2060 ὅμοιον.

166 2079 494 2134 Ἐκδύσασθαι
535 2081 593 2135 δὲ
619 2082 751 2135 αὐτὸ
778 2082 877 2135 οὐκ
911 2084 1078 2146 ἐστιν,
1120 2082 1241 2137 οὕτε
1274 2083 1577 2148 ἀπαλλάξαι
1610 2083 1703 2136 καὶ

156 2170 509 2241 διαμείψασθαι
538 2171 675 2239 πρὸς
702 2171 907 2243 ἔτερον,
936 2172 1057 2226 οὔτε
1082 2174 1147 2225 ὲκ
1173 2172 1363 2237 δάνους
1396 2174 1427 2244 ἢ
1459 2174 1703 2245 χρήσεως

155 2264 203 2315 ἰν
221 2264 289 2334 τῷ
316 2263 489 2335 καιρῷ
518 2265 618 2334 τῆς
640 2265 872 2334 κρίσεως
904 2265 1347 2320 καλλωπίσασθαι
1374 2267 1464 2319 καὶ
1497 2283 1703 2336 κοσμη-

156 2351 306 2423 θῆναι.
340 2355 506 2409 Μένει
532 2355 589 2409 δὲ
616 2355 847 2419 ἕκαστος
873 2350 983 2420 οἷος
1010 2358 1102 2410 ἐπὶ
1134 2360 1230 2429 τῆς
1250 2356 1501 2427 ἀληθείας
1530 2357 1696 2420 ἐστὶν,

153 2443 244 2497 tiu
282 2445 449 2517 πένης
487 2446 730 2515 ἀγαθῶν,
767 2446 877 2500 εἴτε
920 2447 1191 2511 πλούσιος.
1240 2447 1349 2500 Καὶ
1381 2446 1553 2501 ταῦτα
1603 2447 1701 2517 μὲν

153 2529 232 2585 hri
258 2534 537 2587 τοσοῦτον.-

210 2621 267 2676 Τί
311 2625 352 2676 δ’
378 2623 444 2677 ἂν
498 2625 751 2695 εἴποιμεν
809 2625 938 2695 περὶ
987 2625 1086 2696 τῆς
1137 2626 1536 2697 συγχωρήσεως
1594 2626 1701 2680 τῶν

152 2712 320 2783 χρεῶν,
344 2714 408 2783 ἢν
435 2715 732 2784 ἐπενόησεν
773 2716 800 2767 ὁ
831 2714 1112 2784 οἰκονόμος
1144 2700 1241 2786 τῆς
1270 2714 1501 2777 ἀδικίας.
1533 2732 1701 2786 παρα-

156 2802 325 2873 μυθίαν
375 2804 556 2874 ἑαυτῷ
606 2805 715 2859 τῶν
762 2804 946 2858 κακῶν
1006 2806 1141 2875 πρὸς
1201 2806 1326 2868 τοὺς
1377 2804 1699 2875 ὁμοδούλους

154 2898 693 2967 πραγματευσάμενος
717 2913 733 2960 ;
769 2897 844 2950 Οὐ
872 2896 980 2967 γάρ
1009 2897 1157 2949 ἐστιν
1186 2894 1404 2966 εβκολον
1430 2899 1510 2960 εἰς
1539 2896 1701 2968 ἀλλη-

153 2984 314 3055 γορίαν
348 2988 639 3040 ἀκόλουθον
687 2988 1087 3058 μετασκευάσαι
1122 2986 1201 3057 τῷ
1231 2988 1602 3058 γεγραμμένῳ
1630 2988 1697 3046 ³¹.

157 3077 211 3129 '0
249 3078 302 3131 δέ
350 3096 438 3149 μοι
498 3079 672 3133 πολλὰ
726 3078 1126 3148 σκοπησαμένῳ
1162 3077 1407 3149 παρέστη
1429 3118 1444 3142 ,
1493 3077 1700 3131 τοιοῦτο

1804 1980 1919 2033 sive
1940 1980 2270 2048 splendidam
2305 1984 2447 2037 illam
2502 2002 2564 2039 ac
2607 1989 2917 2054 pretiosam,
2960 1988 3072 2043 sive
3106 1989 3260 2043 vilem
3307 2004 3372 2044 ac

1804 2074 2123 2139 paupertino
2144 2075 2327 2144 sagulo
2358 2077 2624 2132 similem:
2659 2094 2753 2133 nec
2785 2094 2979 2134 exuere
3008 2094 3125 2133 eam
3163 2079 3241 2133 fas
3266 2089 3368 2146 est,

1804 2170 1895 2212 aut
1915 2160 2015 2219 alia
2044 2177 2373 2220 commutare
2398 2183 2413 2231 ;
2450 2182 2547 2221 nec
2576 2170 2794 2223 omnino
2820 2170 2903 2224 vel
2936 2185 3002 2223 ex
3037 2172 3175 2225 dono
3197 2172 3278 2226 vel
3304 2187 3369 2226 ex

1804 2255 2140 2307 commodato
2178 2256 2366 2321 judicii
2414 2266 2654 2329 tempore
2706 2272 2953 2314 ornatum
3005 2262 3370 2331 mundumque

1802 2344 2088 2399 asciscere.
2139 2344 2317 2401 Manet
2356 2350 2584 2418 quisque
2641 2350 2815 2420 qualis
2874 2366 3060 2406 revera
3119 2359 3218 2409 est.
3254 2352 3369 2407 sive

1802 2435 2063 2488 honorum
2093 2450 2314 2505 egenus,
2336 2438 2449 2492 sive
2480 2439 2629 2494 dives
2652 2449 2705 2494 et
2724 2441 2993 2510 copiosus.
3026 2440 3091 2495 Et
3116 2444 3227 2497 haec
3253 2444 3371 2512 qui.

1803 2521 1922 2575 dem
1962 2523 2236 2579 hactenus.

1872 2612 2138 2683 Quidjam
2168 2616 2409 2671 dicemus
2431 2616 2495 2670 de
2526 2619 2917 2675 condonatione
2946 2637 3006 2677 ac
3046 2622 3366 2678 remissione

1802 2704 2124 2764 debitorum.
2166 2722 2327 2776 quam
2353 2708 2654 2776 iniquitatis
2685 2726 2999 2767 meonomus
3031 2723 3369 2768 counnentus

1800 2804 1900 2862 est,
1933 2807 1989 2850 ιιι
2009 2797 2258 2851 solatium
2300 2800 2514 2869 aliquod
2554 2810 2607 2854 et
2637 2803 2891 2857 auxilium
2920 2803 2971 2857 in
3022 2804 3174 2857 malis
3228 2803 3365 2871 apud

1801 2902 2089 2944 conservos
2116 2889 2214 2943 sibi
2242 2892 2616 2959 compararet?
2638 2893 2757 2948 Non
2786 2895 2929 2948 enim
2954 2910 3084 2949 sane
3109 2895 3367 2963 proclive,

1800 2980 1942 3049 quod
1978 2981 2049 3032 ita
2078 2982 2335 3047 scriptum
2366 2991 2447 3035 est
2478 2981 2530 3035 in
2562 2983 2873 3053 allegOriam
2906 2998 3033 3039 vero
3071 3001 3364 3040 consonam

1800 3083 2134 3126 convertere.
2172 3071 2354 3127 Dicam
2404 3083 2580 3129 tamen
2615 3075 2753 3145 quod
2806 3075 2969 3129 multa
3022 3077 3255 3130 volventi
3310 3077 3365 3132 in

152 3166 409 3237 τυγχάνει·
459 3168 672 3232 Πάντες
726 3167 1035 3239 ἄνθρωποι,
1084 3168 1197 3220 ὅσοι
1245 3166 1342 3238 τὴν
1400 3167 1698 3238 μέλλουσαν
1728 3178 1815 3239 nl

1728 3211 1770 3239 η
1804 3174 2035 3216 mentem
2069 3164 2233 3218 venit.
2277 3170 2475 3219 Omnes
2508 3181 2624 3231 nos,
2659 3175 2921 3234 quotquot
2948 3164 3178 3219 futuram
3212 3168 3366 3222 nobis

152 3260 334 3323 heroi;
360 3261 550 3318 ἄνεσιν
584 3259 1088 3332 πραγματευόμεθα
1109 3300 1124 3325 ,
1161 3258 1415 3330 ἀλλότρια
1442 3259 1695 3326 διδόντες,

152 3353 179 3424 ἦ
206 3356 627 3427 συγχωροῦντες,
659 3358 859 3409 οἰκεῖον
899 3353 1235 3427 ποριζόμεθα
1259 3353 1470 3425 κέρδος.
1517 3350 1699 3405 Ἀλλό-

148 3462 255 3516 τρια
295 3447 348 3499 δὲ
379 3446 560 3516 λέγω,
612 3446 683 3500 τά
723 3446 818 3498 τοῦ
856 3445 1150 3498 Δεσπότου.
1194 3444 1359 3498 Οὐδὲν
1401 3444 1510 3513 γάρ
1553 3443 1699 3495 ἐστιν

154 3537 409 3609 ήμέτερον’
442 3538 583 3591 ἀλλὰ
628 3537 807 3591 πάντα
835 3536 934 3607 τῆς
974 3535 1184 3589 ἐκείνου
1215 3532 1529 3595 δεσποτείας
1566 3532 1700 3603 κτή-

159 3646 295 3696 ματα.
329 3633 462 3685 Ὅτε
496 3630 561 3685 ἂν
589 3626 681 3684 οὖν
713 3646 796 3691 τις
834 3629 1153 3699 αἰσθόμενος
1186 3627 1285 3697 τῆς
1321 3624 1574 3695 τελευτῆς
1608 3622 1702 3675 καὶ

154 3719 235 3787 τῆς
277 3720 485 3775 ἐνθένδε
534 3721 949 3792 μεταστάσεως,
995 3717 1260 3780 εὐποιίαις
1303 3716 1533 3785 κουφίσῃ
1592 3712 1700 3766 τῶν

155 3812 404 3883 ἁμαρτιῶν
424 3813 488 3873 τὸ
514 3814 754 3883 φορτίον,
783 3812 814 3881 ἢ
841 3812 1139 3883 χρεωσταῖς
1166 3808 1524 3878 συγχωρήσας
1546 3803 1704 3875 ὀφλή-

157 3921 276 3972 ματα
298 3947 311 3968 ,
358 3907 391 3976 ἢ
436 3909 552 3967 τοῖς
590 3905 904 3974 πενομένοις
938 3901 1259 3973 χορηγήσας
1285 3900 1385 3969 τὴν
1418 3897 1699 3969 εὐπορίαν,

152 3994 208 4048 τὰ
226 3996 308 4050 τοῦ
337 3998 614 4050 Δεσπότου
642 3996 836 4058 διδοὺς,
864 3993 1049 4063 φίλους
1076 3991 1269 4043 κτᾶται
1300 3986 1548 4048 πολλοὺς.
1576 3985 1701 4046 τοὺς

158 4088 419 4155 μέλλοντας
450 4089 599 4161 αὐτῷ
631 4088 1076 4161 προσμαρτυρεῖν
1108 4084 1259 4155 παρὰ
1276 4081 1365 4152 ,τῷ
1400 4082 1574 4151 Κριτῇ
1602 4079 1700 4149 τὴν

154 4177 523 4252 ἀγαθωσύνην,
574 4182 672 4235 καὶ
718 4179 806 4233 διὰ
852 4179 949 4249 τῆς
1011 4175 1315 4247 μαρτυρίας
1362 4169 1701 4242 εὐτρεπίζειν

153 4270 437 4342 ἀναψύξεως
466 4271 829 4340 καταγώγιον.
870 4269 1161 4340 Μάρτυρες
1196 4266 1252 4318 δὲ
1278 4263 1527 4331 λέγονται
1558 4262 1605 4313 oi
1641 4254 1698 4312 εὖ

154 4361 389 4427 παθόντες
440 4362 595 4434 παρά
618 4362 698 4433 τῷ
720 4363 921 4434 Κριτῇ,
946 4361 1006 4412 οὐ
1036 4360 1258 4427 φωναῖς,
1284 4356 1358 4419 ὼς
1381 4352 1699 4423 ἀγνοοῦντα,

155 4453 469 4518 διδάσκοντές
493 4494 509 4518 ,
546 4453 660 4507 ἀλλ’
690 4453 765 4518 ὡς
810 4453 911 4522 τῆς
939 4451 1067 4522 περὶ
1099 4451 1297 4511 αὐτοὺς
1326 4446 1575 4518 πράξεως
1604 4444 1702 4513 τῆς

1804 3254 2044 3322 requiem
2074 3267 2390 3323 comparare
2423 3256 2701 3307 studemus
2721 3294 2737 3319 ,
2768 3254 3067 3309 alienarum
3115 3257 3365 3312 donatio«

1802 3360 1924 3397 nem
1956 3358 2017 3399 ac
2038 3344 2440 3399 concessionem
2499 3359 2700 3405 rerum,
2752 3343 2954 3398 lucrum
2994 3359 3058 3399 ac
3103 3354 3363 3415 quaestum

1802 3436 2076 3505 proprium
2101 3434 2347 3497 facimus.
2377 3435 2597 3503 Appellu
2646 3442 2823 3488 autem
2862 3436 3055 3499 aliena,
3090 3452 3207 3505 qua:
3264 3436 3368 3493 Do-

1805 3525 1933 3579 mini
1959 3535 2102 3580 sunt.
2133 3523 2277 3579 Nihil
2322 3526 2464 3580 enim
2500 3526 2719 3580 omnino
2750 3535 3011 3587 nostrum,
3043 3529 3134 3580 sed
3165 3527 3367 3592 omnia,

1804 3615 1945 3670 illius
1964 3625 2089 3669 sunt
2119 3615 2359 3670 dominio
2382 3618 2687 3686 mancipata
2720 3617 2878 3670 bona.
2911 3616 3043 3671 Cum
3094 3618 3215 3687 quis
3266 3618 3368 3688 igi-

1804 3716 1910 3771 tur,
1939 3708 2256 3761 moriturum
2299 3706 2411 3759 fore
2438 3706 2835 3775 persentiscens
2887 3720 2949 3759 ac
2986 3706 3365 3775 migraturum,

1804 3806 2144 3866 peccatorum
2175 3810 2311 3849 onus
2348 3795 2697 3849 beneﬁcentia
2728 3795 2906 3848 levare
2950 3798 3149 3860 Studet,
3194 3811 3257 3849 ac
3285 3797 3370 3849 vel

1802 3884 2105 3941 debitorum
2129 3886 2228 3940 sibi
2255 3886 2529 3939 nominum
2553 3886 2777 3952 gratiam
2806 3884 2954 3948 facit,
2974 3885 3055 3938 vel
3085 3887 3371 3953 egentibus

1804 3979 2046 4049 largitur,
2073 3995 2135 4033 ea
2163 3980 2412 4039 donando
2454 3992 2574 4048 quae
2606 3991 2730 4034 sunt
2782 3980 3015 4046 Domini,
3062 3982 3240 4050 plures
3265 3984 3367 4037 sibi

1802 4069 2004 4122 amicos
2035 4068 2309 4132 conciliat,
2348 4073 2434 4136 qui
2478 4069 2733 4122 bonitatis
2760 4067 2874 4135 ejus
2919 4086 2982 4123 ac
3035 4070 3369 4127 liberalitatis

1804 4160 1939 4228 apud
1962 4158 2203 4213 Iudicem
2236 4169 2395 4212 teste.
2431 4157 2592 4212 futuri
2634 4161 2758 4223 sint,
2803 4175 2864 4214 ac
2902 4161 3204 4214 testimonio
3236 4177 3356 4224 suo,

1804 4249 2073 4319 refrigerii
2110 4248 2284 4302 locum
2311 4251 2569 4318 paraturi.
2601 4251 2767 4304 Porro
2792 4261 2959 4306 teSIes
2989 4251 3244 4305 dicuntur
3276 4254 3368 4307 be-

1806 4340 1996 4394 neﬁcio
2025 4338 2199 4393 aﬂecti
2240 4342 2380 4409 apud
2431 4338 2709 4406 Iudicem;
2742 4357 2845 4393 non
2876 4340 3113 4401 vocibus,
3153 4351 3208 4394 ut
3243 4350 3365 4395 tan-

1805 4434 1962 4501 quam
1994 4432 2236 4500 ignarum
2263 4429 2529 4497 doceant;
2590 4429 2681 4484 sed
2714 4430 2857 4499 quod
2894 4430 2944 4483 in
2980 4444 3073 4484 eos
3129 4431 3367 4485 exhibita

154 4549 393 4620 τιμωρίας
417 4550 546 4611 τοὺς
568 4548 994 4619 ἁμαρτήσαντας
1015 4521 1428 4613 ἐξαιρουμένης.
1464 4538 1559 4591 Ὃν
1592 4534 1699 4607 γὰρ
1733 4543 1779 4601 D
1806 4534 1817 4575 ⁵

1733 4524 1967 4601 Dactio,
2003 4535 2251 4575 auc:ores
2306 4535 2429 4574 suos
2480 4535 2507 4573 a
2556 4521 2839 4575 criminum
2896 4533 3055 4588 ptrue
3116 4525 3365 4577 eximat:

155 4638 326 4710 τρόπον
370 4640 431 4695 τὸ
475 4636 614 4710 αἷμα
650 4637 743 4692 τοῦ
796 4636 961 4690 Ἀϐελ
1008 4634 1221 4703 ἐλέγετο
1260 4632 1387 4701 βοᾷν
1437 4627 1572 4699 πρὸς
1608 4626 1700 4679 τὸν

156 4730 285 4795 Θεὸν,
312 4734 513 4805 ὁμοίως
544 4732 639 4785 καὶ
664 4730 726 4781 τὸ
757 4726 959 4796 ἀγαθὸν
1006 4726 1164 4798 ἔργον
1192 4722 1511 4793 λεχθήσεται
1556 4733 1697 4788 μαρ-

155 4826 310 4891 τυρεῖν
344 4822 424 4893 τῷ
480 4817 863 4891 κατωρθωκότι
911 4818 968 4868 ὲν
1015 4813 1239 4885 Χριστῷ
1302 4808 1475 4882 Ἰησοῦ
1503 4805 1701 4878 -Κυρίῳ

156 4910 288 4982 ἡμῶν
306 4929 318 4941 ·
338 4905 382 4981 ᾧ
408 4914 443 4983 ἡ
467 4911 595 4975 δόξα
612 4911 697 4975 εἰς
716 4909 842 4972 τοὺς
866 4906 1070 4969 αἰῶνας
1089 4903 1196 4957 τῶν
1226 4900 1460 4957 αἰώνων.
1501 4899 1698 4969 *Αμήν.

875 5087 946 5140 Γ’.

516 5180 746 5249 Ὀμιλία
772 5177 920 5231 κατὰ
952 5172 1327 5238 πλεονεξίας.

218 5271 433 5343 ’Δνδρες
492 5269 845 5344 Χριστιανοὶ,
913 5269 1008 5323 καὶ
1074 5265 1317 5337 κλήσεως
1372 5257 1690 5331 ἐπουρανίου

212 5409 403 5479 “Leg.
450 5410 512 5462 τὸ
562 5407 966 5479 γεγραμμένον.
1041 5404 1085 5435 ³²
1118 5401 1301 5455 Matth.
1357 5398 1563 5462 xxv,l
1620 5409 1737 5464 sqq.

1809 4629 1932 4667 nam
1970 4628 2073 4682 qua
2105 4614 2307 4665 ratione
2329 4611 2546 4682 sanguis
2574 4611 2705 4665 Abel
2735 4610 2969 4666 clamare
2992 4613 3056 4663 ad
3086 4611 3368 4666 Dominum

1809 4705 1981 4759 dictus
1998 4702 2165 4769 est”,
2191 4704 2377 4758 eodem
2405 4702 2563 4757 modo
2588 4718 2747 4770 opera
2777 4704 2914 4757 bona
2937 4704 2984 4756 ei
3006 4703 3370 4759 testimonium

1809 4798 2092 4865 perhibere
2116 4797 2379 4860 dicentur,
2404 4796 2493 4866 qui
2524 4793 2717 4849 meruit
2739 4809 2802 4847 ac
2816 4795 3073 4862 praeclara
3106 4794 3291 4863 gessit,
3317 4793 3369 4847 in

1808 4890 2024 4944 ChriSto
2071 4887 2200 4943 Jesu
2253 4889 2478 4943 Domino
2527 4898 2711 4943 nostro
2734 4928 2748 4951 ,
2777 4887 2861 4941 cui
2894 4886 3060 4957 gloria
3089 4885 3144 4939 iit
3174 4884 3369 4940 saxcula

1806 4980 2144 5036 saeculorum.
2171 4981 2359 5034 Amen.

2539 5068 2631 5124 'lll.

2098 5160 2325 5216 Humilia
2370 5159 2615 5215 adversus
2642 5158 2921 5212 avaritiam
2953 5156 3082 5228 (l9).
3147 5172 3153 5177 '

1874 5253 1989 5308 Viri
2021 5252 2337 5317 Christiani,
2381 5266 2586 5321 vosque
2615 5249 2852 5306 caelestis
2907 5246 3201 5302 vocationis
3241 5259 3366 5315 par-

1831 5393 1873 5424 ³³
1903 5392 2037 5447 Gen.
2102 5406 2173 5454 IV,
2240 5390 2326 5447 10.

214 5546 319 5619 (ιθ)
358 5545 650 5604 Occasione
691 5543 1068 5619 nundinarum.
1114 5553 1232 5618 τιυμε
1280 5536 1334 5619 in.
1391 5541 1687 5619 ιωιινιῖιξιξι
1798 5524 2501 5619 9,0.illiPPP'EEEE‘P‘E'P
2542 5520 3367 5619 =29acturam3:81.223?

158 5604 408 5672 soletu'uiis
443 5620 633 5669 crebro
663 5612 840 5681 populi
874 5604 1145 5681 concursu
1173 5607 1284 5681 jam
1322 5613 1430 5681 tum
1477 5604 1686 5681 tierent,

1795 5591 2116 5652 celebranda
2154 5606 2374 5662 tropaea,
2417 5608 2480 5647 ac
2551 5596 2603 5645 in
2641 5591 3356 5662 Martygriis.nonnunquam

440 5659 1353 5747 'épééiéIEhgnaudam
1380 5675 1515 5747 __hoc
1573 5659 1689 5725 loco
1795 5659 2320 5747 glirysostomus,_ut
2341 5679 2461 5747 c_uut
2492 5663 2557 5715 de
2584 5659 3369 5747 sapclto'lilah‘yl'a,»elegimus

162 5756 382 5810 Asterius
414 5756 647 5823 suscepit
670 5743 973 5813 avaritiam,
1015 5743 1249 5823 inquam
1276 5743 1447 5823 pridie
1479 5753 1691 5823 quoque

164 5823 382 5880 invectus
411 5813 587 5882 esset:
616 5823 711 5878 sed
746 5834 847 5873 non
880 5824 1051 5874 exstat
1088 5813 1256 5870 altera
1297 5813 1385 5866 illa
1418 5813 1686 5866 tractatio.

1796 5727 2048 5806 Mar'tyria
2092 5727 2243 5806 estra
2294 5735 2474 5806 urbes,
2522 5732 2664 5806 quod
2718 5727 2926 5799 legibus
2965 5727 3220 5783 Romanis
3258 5742 3365 5783 non

1800 5802 1985 5862 liceret
2019 5804 2175 5859 condi
2203 5805 2253 5857 in
2283 5803 2504 5859 urbibus
2536 5802 2805 5856 cadavera.
