4212 6318
754 402 861 459 195

2034 405 2092 459 S.
2135 405 2173 458 Α
2187 400 2413 458 STERH
2453 404 2757 459 AMASENI

3928 403 4031 465 196

750 521 943 592 ticipes
974 520 1021 553 ³⁸
1048 518 1228 576 eifectl
1262 521 1384 585 viri,
1414 520 1566 591 plebs
1615 524 1906 588 rusticana,
1960 536 2019 577 ac
2066 531 2322 594 quotquol

2438 522 2656 593 μέτοχοι
2680 523 2901 595 ἄνδρες·
2952 527 3111 596 ὑμεῖς
3164 522 3192 580 ὁ
3222 526 3459 599 χωρικδς
3509 529 3709 601 δῆμος,
3754 530 3847 583 καὶ
3888 530 4029 585 πάν-

746 613 958 682 oppidis
985 602 1215 683 egressi,
1242 629 1346 667 una
1370 615 1729 669 consensione
1756 617 1820 669 ad
1845 616 1947 669 hoc
1974 615 2169 669 festum
2199 630 2331 669 con-

746 703 996 759 curristis
1052 705 1265 773 (omnes
1293 706 1493 775 quippe
1532 720 1628 760 vos
1685 721 1792 760 uno
1820 707 2154 775 complector
2179 705 2332 759 vocis

747 793 1079 867 praeconio):
1115 797 1415 867 quisquene
1441 809 1675 853 vestrum
1708 799 1888 853 animo
1905 814 2088 852 curam
2124 798 2329 868 injecit,

746 886 1130 956 perspexitque
1160 902 1225 943 ac
1267 888 1533 943 intellexit
1585 904 1687 958 qua
1717 896 1781 941 de
1810 903 1976 945 causa
2012 888 2331 942 conveneri-

747 978 911 1033 mus‘!
943 994 1009 1034 ac
1037 994 1207 1050 quare
1240 990 1525 1052 martyres,
1570 996 1692 1034 cum
1752 982 1946 1033 aedium
1987 988 2183 1033 ornata
2214 979 2328 1035 cul-

746 1078 909 1140 tuque
959 1071 1265 1141 magniﬁco,
1324 1081 1437 1125 tum
1489 1073 1687 1126 annuis
1721 1069 2053 1138 ejuscemodi
2097 1070 2330 1125 coetibus

745 1162 1131 1228 honestentur,
1185 1177 1250 1218 ac
1302 1179 1410 1233 quo
1445 1163 1788 1233 potissimum
1850 1162 2125 1231 pr0posito
2158 1175 2326 1228 scopo

742 1254 976 1322 majores
1009 1255 1204 1319 nostri,
1245 1255 1345 1309 ista
1380 1269 1499 1323 qua:
1532 1254 1777 1307 videmus
1807 1251 2327 1319 instituerint,jure~

741 1361 848 1417 que
880 1355 1140 1417 perpetuo
1171 1363 1294 1401 eum
1324 1348 1483 1401 ritum
1516 1346 1860 1414 adaposteros
1892 1343 2327 1399 transmiserint?

738 1435 929 1491 Nonne
956 1436 1042 1492 vel
1093 1451 1283 1506 parum
1342 1434 1641 1490 intendenti
1691 1434 1931 1489 animum
1970 1449 2032 1488 ac
2092 1433 2325 1503 sapienti

739 1527 955 1596 planum
992 1528 1041 1582 id
1073 1536 1235 1597 atque
1261 1526 1630 1596 perspicuum,
1662 1525 1879 1594 pietatis
1908 1525 2025 1579 Zelo
2053 1525 2166 1580 haec
2196 1525 2325 1579 talia

739 1619 894 1676 nobis
925 1620 1221 1674 constituta
1245 1633 1387 1683 esse,
1420 1619 1800 1687 solemnesque
1830 1629 2150 1682 conventus,
2172 1634 2323 1673 com-

739 1725 929 1764 munes
960 1710 1225 1779 quosdam
1278 1711 1583 1765 animorum
1619 1709 1843 1766 conﬂari
1879 1711 2055 1777 ludos,
2086 1720 2147 1763 ut
2176 1725 2325 1764 mar-

741 1810 917 1871 tyrum
950 1801 1097 1855 cultu
1134 1816 1197 1855 ac
1233 1798 1602 1867 veneratione,
1652 1815 1813 1870 quam
1869 1801 1940 1855 illi
1978 1816 2074 1871 pro
2123 1802 2325 1869 pietate

736 1891 1110 1947 fortitudinem
1152 1892 1552 1959 exhibuerunt,
1594 1894 1888 1957 imitemur,
1943 1902 2109 1961 utque
2142 1894 2328 1947 docto-

737 1986 888 2039 ribus
932 2000 995 2037 ea
1021 1984 1314 2039 occasione
1367 1985 1715 2054 congregatis
1764 1999 1949 2039 aurem
1999 1984 2326 2053 praebentes,

737 2073 1078 2145 profuturum
1113 2074 1340 2144 aliquid,
1370 2090 1430 2129 ac
1462 2084 1624 2129 antea
1681 2075 2059 2146 hactenusque
2102 2077 2326 2148 ignorav

740 2175 848 2219 tum
872 2165 1179 2231 discamus;
1209 2166 1292 2219 vel
1318 2166 1451 2221 certi
1490 2166 1746 2219 nimirum
1775 2166 1979 2237 aliquid
2010 2169 2278 2237 dogmatis
2307 2185 2321 2234 ;

737 2254 817 2309 vcl
854 2257 1247 2323 expositionem
1277 2256 1517 2319 obscuri,
1547 2272 1611 2309 ac
1640 2256 1877 2324 ambigui
1918 2257 2020 2311 loci
2076 2258 2314 2328 Scriptu-

739 2362 813 2401 τα»
842 2362 858 2413 ;
889 2347 973 2401 vel
1025 2348 1256 2416 denique
1318 2347 1678 2416 compositum
1715 2362 2023 2415 sermonem
2083 2349 2326 2405 moribus

738 2440 1127 2495 instituendis?
1179 2439 1286 2495 Sed
1324 2442 1469 2495 enim
1504 2455 1600 2496 vos
1656 2440 1787 2494 mihi
1818 2441 2091 2502 videmini,
2122 2442 2327 2497 omisso

736 2531 954 2586 virtutis
1002 2531 1203 2595 studio,
1274 2546 1515 2601 curaque
1593 2532 1788 2585 animae
1830 2532 2161 2601 posthabita,
2228 2533 2326 2587 toti

737 2624 881 2676 circa
912 2636 1235 2677 mammona
1270 2625 1482 2687 sordes,
1524 2623 1807 2693 forumque
1847 2637 2023 2675 reruni
2054 2623 2324 2677 venalium

738 2713 983 2778 versari;
1015 2711 1105 2766 alii
1137 2713 1357 2782 quidem
1411 2713 1511 2783 ipsi
1544 2714 1974 2778 contrahentes;
2010 2712 2099 2766 alii
2136 2712 2325 2769 alienis

738 2804 929 2858 intenti
964 2802 1367 2873 inhiantesque,
1395 2818 1459 2858 ac
1490 2818 1670 2871 rerum
1718 2802 1985 2857 venalium
2024 2804 2326 2871 contentio—

738 2897 911 2949 siores
938 2896 1295 2950 aestimatores
1318 2895 1684 2959 sciscitantes,
1712 2911 1817 2965 quo
1852 2910 1949 2949 sua
1982 2895 2211 2949 invicem
2248 2896 2325 2949 vi-

739 2987 947 3041 lescere
985 2985 1187 3040 l‘aciant
1220 3002 1284 3041 ac
1318 2987 1489 3057 pretio
1546 2988 1808 3041 minuant.
1852 2984 2073 3049 Verum,
2134 2987 2320 3057 agite;

740 3079 842 3132 hoc
876 3077 1008 3131 mihi
1031 3077 1269 3132 studium
1306 3079 1373 3133 ad
1434 3078 1735 3133 Ecclesiam
1793 3077 2099 3144 transferte,
2165 3079 2324 3133 relin-

2435 630 2545 676 τες,
2602 614 2716 667 ὅσοι
2788 615 2897 669 τῶν
2961 617 3170 672 πόλεων
3228 622 3673 691 ὲκφοιτήσαντες,
3724 623 3861 693 πρὸς
3929 622 4032 693 τὴν

2436 704 2718 774 παροῦσαν
2777 706 3085 778 συμφώνως
3126 710 3320 782 ἑορτὴν
3373 712 3739 783 συνεδράμετε
3786 712 4030 785 (γενικῷ

2434 794 2541 865 γὰρ
2588 797 2731 868 ὑμᾶς
2783 800 2991 864 πάντας
3055 801 3448 872 περιλαμϐάνω
3497 806 3878 876 κηρύγματι),
3917 800 4032 875 ἄρα

2431 886 2662 952 ἕκαστος
2704 891 2857 962 ὑμῶν
2897 893 3179 946 ἐνεϐάλετο
3226 897 3290 964 τῇ
3333 895 3542 968 διανοίᾳ
3586 898 3865 967 φροντίδα,
3899 914 4030 951 συν-

2432 976 2572 1032 εἶδεν
2598 976 2656 1030 δέ
2700 979 2793 1031 καὶ
2840 981 3189 1051 κατενόησεν,
3236 982 3376 1053 ὑπὲρ
3415 983 3559 1047 τίνος
3610 982 4024 1055 ὴθροίσθημενς

2432 1067 2549 1120 ἀνθ’
2578 1069 2699 1122 ὅτου
2749 1069 2805 1123 δὲ
2849 1072 3116 1142 τιμῶνται
3152 1074 3428 1145 μάρτυρες
3495 1075 3660 1129 οἴκων
3706 1074 4027 1145 περιφανῶν

2432 1165 2830 1229 κατασκευαῖς,
2867 1164 2961 1215 καὶ
2987 1166 3099 1226 τοῖς
3146 1164 3439 1229 ἐνιαυσίοις
3468 1165 3682 1228 τούτοις
3710 1165 4024 1234 συλλόγοις,

2431 1250 2526 1302 καὶ
2547 1250 2683 1321 πρὸς
2706 1251 2824 1304 τίνα
2848 1252 3049 1304 σκοπὸν
3074 1252 3360 1323 βλέποντες
3390 1256 3437 1307 οί
3460 1254 3693 1325 πατέρες
3718 1257 3750 1326 ἡ
3760 1255 3877 1327 μῶν
3907 1259 4030 1309 ἐνοο

2434 1339 2739 1410 μοθέτησαν
2760 1340 2827 1394 τὰ
2844 1340 3115 1413 ὁρώμενα,
3144 1345 3236 1396 καὶ
3259 1344 3476 1418 ἰσχυρὸν
3494 1346 3711 1415 ἀφῆκαν
3731 1345 3820 1399 τὸν
3853 1346 4023 1418 νόμον

2430 1430 2543 1490 τοῖς
2572 1429 2899 1499 psset-ram;
2933 1433 3003 1484 Ἢ
3036 1433 3301 1504 πρόδηλον
3331 1434 3411 1505 τῷ
3441 1437 3535 1488 καὶ
3568 1436 3763 1506 μικρὸν
3806 1436 4031 1492 πυκνώ-

2432 1536 2585 1575 σαντι
2615 1522 2715 1592 τὴν
2753 1521 3012 1589 διάνοιαν,
3055 1523 3130 1589 ὡς
3173 1526 3320 1598 ζήλῳ
3350 1529 3482 1598 ἡμῖν
3530 1528 3810 1593 εὐσεϐείας
3847 1529 4026 1585 ταῦτα

2427 1609 2735 1685 διετυπὼθη
2758 1654 2773 1679 ,
2821 1615 2915 1667 καὶ
2946 1616 3099 1669 κοινὰ
3143 1617 3518 1686 παιδαγωγεῖα
3569 1618 3678 1673 τῶν
3725 1620 3915 1691 ψυχῶν
3965 1622 4024 1674 αί

2430 1702 2768 1775 πανηγύρεις
2824 1706 3166 1775 συνάγονται,
3200 1708 3285 1761 ἵνα
3316 1710 3599 1780 μάρτυρας
3633 1711 3923 1782 τιμῶντες,
3964 1710 4029 1766 τὸ

2427 1791 2538 1845 τῶν
2588 1793 2881 1866 μαρτύρων
2928 1796 3069 1866 ὑπὲρ
3116 1798 3397 1865 εὐσεϐείας
3447 1801 3714 1872 καρτερὸν
3771 1800 4032 1875 μιμησὼ-

2360 1870 2401 1927 Β
2434 1882 2603 1952 μεθα·
2629 1883 2718 1938 ἵνα
2743 1889 2857 1947 τοῖς
2888 1888 3276 1958 συναγομένοις
3305 1870 3938 1958 παιδευταίςὺποθέντες
3964 1894 4028 1951 τὸ

2428 1968 2541 2037 οὖς,
2572 1975 2833 2046 μάθωμέν
2857 1995 2910 2029 τι
2934 1980 3193 2050 χρηστὸν,
3228 1980 3257 2033 δ
3301 1986 3407 2053 πρὸ
3439 1983 3669 2055 βραχέος
3694 1986 3796 2039 οὐκ
3826 1984 4027 2056 ἐγινώ-

2431 2081 2656 2136 σκομεν,
2682 2065 2715 2138 ἢ
2745 2067 3013 2139 δόγματος
3040 2071 3362 2140 ἀσφάλειαν,
3388 2074 3420 2145 ἢ
3450 2074 3604 2128 λύσιν
3629 2078 4029 2151 ἀπορουμένης

2430 2158 2653 2230 Γραφῆς
2679 2159 2754 2231 ,ἡ
2794 2176 2915 2214 τινα
2952 2160 3109 2231 λόγον
3149 2164 3248 2235 τὴν
3277 2165 3386 2219 τῶν
3425 2165 3572 2236 ἠθῶν
3618 2167 4029 2239 ἐπανορθοῦντα

2430 2249 2797 2317 κατάστασιν;
2842 2252 3033 2322 Ὑμεῖς
3070 2253 3127 2307 δέ
3166 2272 3257 2325 μοι
3288 2255 3492 2310 δοκεῖτε
3518 2257 3620 2328 τῆς
3650 2259 3854 2330 ἀρετῆς
3903 2263 4030 2314 ἐπι-

2433 2338 2651 2408 μέλειαν
2692 2341 2959 2411 ἀφέντες,
3009 2345 3100 2396 καὶ
3138 2345 3235 2416 τῆς
3276 2348 3407 2418 περὶ
3448 2348 3546 2419 τὴν
3574 2349 3751 2421 ψυχὴν
3784 2351 4030 2421 σπουδῆς

2429 2428 2804 2500 ἐκλαθόμενοι,
2840 2431 2969 2502 ὃλην
2999 2434 3211 2490 ἑαυτῶν
3245 2438 3691 2507 μετατεθεικέναι
3734 2442 3833 2513 τὴν
3868 2443 4032 2514 μέρι-

2432 2537 2569 2590 μναν
2597 2522 2735 2592 πρὸς
2753 2522 2846 2576 τὸν
2865 2527 3132 2594 συρφετὸν
3160 2527 3255 2581 τοῦ
3284 2533 3584 2599 μαμμωνᾶ,
3613 2532 3708 2584 καὶ
3733 2533 3835 2604 τὴν
3853 2535 4028 2604 ἀσχο-

2427 2612 2545 2666 λίαν
2574 2614 2681 2667 τῶν
2713 2617 3034 2687 πρατηρίων
3055 2634 3069 2647 °
3106 2621 3155 2672 οί
3204 2621 3300 2689 μὲν
3342 2621 3499 2675 αὐτοὶ⁵
3541 2624 4025 2694 συναλλάττοντες,

2426 2704 2475 2756 oi
2503 2704 2560 2757 δὲ
2596 2706 2886 2777 κεχηνότες
2912 2710 2993 2770 είς
3032 2708 3102 2763 τὰ
3137 2709 3425 2782 ἀλλότρια,
3471 2715 3566 2766 καὶ⁵
3606 2715 3734 2778 τοὺς
3779 2717 3872 2772 ἐπὶ
3909 2721 4026 2783 τοίς

2427 2794 2607 2859 ὠνίοις
2634 2783 3075 2865 φιλονεικοῦντας
3104 2804 3466 2876 ἱστοροῦντες,
3497 2806 3646 2869 ὅπως
3668 2807 3738 2861 τὰ
3768 2808 4027 2881 ἀλλήλων

2426 2886 2852 2953 ἐπευωνίζωσιν.
2898 2891 3059 2946 Ἀλλὰ
3093 2895 3354 2964 μετάθετέ
3377 2914 3466 2966 μοι
3499 2896 3591 2951 τὸν
3615 2900 3780 2953 πόθον
3807 2901 3903 2955 ἐπὶ
3920 2902 4025 2975 τὴν

2439 2977 2796 3049 Ἐκκλησίαν·
2825 2982 3191 3054 καταλείψατε
3216 2985 3315 3057 τὴν
3342 2987 3730 3060 φιλαργυρίαν,
3759 2991 3857 3062 τὴν
3890 2992 4027 3061 d76-

2432 3083 2617 3138 ραιον,
2648 3070 2746 3142 τὴν
2781 3073 3035 3142 μαινάδα.
3094 3077 3511 3149 Ἀποστράφητε
3552 3080 3723 3152 αὐτὴν
3766 3082 3843 3146 ὡς
3888 3083 4029 3138 auo-

736 3167 888 3238 quite
910 3168 1217 3231 avaritiam,
1247 3167 1392 3221 illam
1440 3166 1967 3232 circumforaneam,
2010 3168 2153 3222 illam
2188 3183 2319 3222 ma:-

2432 3176 2568 3229 σμον
2599 3163 2866 3233 ἐταιρίδα,
2906 3165 3299 3236 προσγελῶσαν
3342 3168 3418 3238 τῷ
3456 3168 3672 3242 πλήθει,
3698 3176 3817 3235 ταῖς
3852 3173 4024 3227 ἀλλο-

741 3259 875 3316 nada
909 3274 924 3313 :
954 3261 1288 3314 aversaniini
1351 3269 1604 3329 tanquam
1654 3270 1862 3328 turpem
1901 3259 2321 3326 meretriculam,

738 3350 1062 3406 multitudini
1095 3352 1443 3416 arridentem,
1466 3352 1655 3407 alienis
1681 3360 1929 3405 ornatam
1969 3351 2319 3418 indumentis,

736 3455 801 3496 ac
814 3439 1085 3496 coloribus
1115 3442 1385 3513 pigmenta
1396 3441 1456 3496 rii
1479 3441 1732 3498 fucatam.
1750 3442 1969 3509 Contra,
1990 3452 2167 3499 amate
2184 3444 2322 3498 diti-

737 3546 863 3586 nam
894 3531 1037 3586 illam
1065 3546 1129 3586 ac
1153 3531 1376 3603 probam
1404 3531 1786 3602 pudicamque,
1821 3533 2015 3588 decore
2047 3534 2321 3600 amictam,

736 3624 996 3695 vultuque
1018 3624 1166 3694 gravi
1208 3638 1272 3679 ac
1300 3624 1563 3679 modesto.
1592 3622 1682 3678 Sic
1711 3625 1854 3679 enim
1884 3626 1961 3679 ait
1986 3624 2239 3680 Salomon
2268 3626 2321 3680 in

735 3716 872 3773 libro
897 3716 1354 3773 Proverbiorutn:
1416 3714 1500 3771 Ne
1553 3718 1792 3771 dimittas
1853 3734 1992 3783 eam,
2052 3728 2198 3787 teque
2227 3716 2324 3770 illa

735 3820 918 3864 mutuo
944 3808 1315 3877 complectetur
1346 3823 1365 3860 :
1397 3808 1558 3877 dilige
1592 3824 1727 3871 eam,
1771 3817 1819 3861 et
1867 3808 2123 3861 custodiet
2176 3818 2225 3860 te
2253 3807 2319 3861 ⁸³.

735 3899 854 3957 Νι)ιί
912 3914 1009 3969 per
1047 3909 1420 3969 contemptum
1477 3900 1782 3968 praeterire,
1821 3914 1918 3953 nec
1950 3914 2069 3968 quae
2122 3898 2215 3953 tibi
2268 3899 2320 3953 in

734 3976 837 4049 hac
866 4005 1051 4046 mensa
1088 3989 1460 4059 proponimus,
1488 4004 1554 4044 eo
1586 3990 1926 4058 aspernanda
1967 3998 2145 4059 putes,
2176 3991 2319 4058 quod

732 4100 797 4139 ea
830 4083 997 4153 gratis
1050 4080 1307 4147 consequi
1360 4091 1534 4150 potes.
1592 4077 1695 4135 Sed
1736 4096 1801 4134 co
1831 4083 2066 4150 gratiora
2107 4084 2216 4137 sint
2258 4098 2323 4138 ac

734 4175 905 4244 magis
956 4183 1308 4242 expetantur,
1330 4174 1471 4241 quod
1510 4186 1616 4226 non
1665 4174 1950 4227 sedeamus
2008 4174 2318 4230 institorum

733 4281 885 4322 more
942 4279 1065 4319 cum
1129 4272 1331 4335 statera
1367 4273 1421 4316 et
1461 4264 1710 4317 trutina;
1765 4263 2087 4334 lucrumque
2130 4282 2316 4331 unum,

730 4359 998 4412 auditoris
1031 4372 1093 4411 ac
1129 4356 1374 4426 discipuli
1407 4356 1635 4410 salutem
1656 4372 1983 4426 quaeramus.

804 4449 965 4506 Lecta
1006 4450 1159 4504 nobis
1181 4459 1349 4504 estex
1373 4450 1521 4503 Actis
1553 4450 1919 4517 apostolorum
1949 4449 2099 4504 Pauli
2122 4444 2188 4505 ad
2214 4451 2315 4505 Fc-

2427 3251 2607 3323 τρίαις
2641 3252 2795 3318 θλαις
2837 3255 3340 3329 καλλωπιζομένην,
3394 3261 3491 3313 καὶ
3538 3266 3650 3326 τοῖς
3694 3262 3880 3319 ἄνθεσι
3922 3266 4026 3321 τοῦ

2428 3346 2894 3416 φαρμακοπώλου.
2958 3350 3258 3423 Ἐράσθητε
3308 3352 3515 3426 ταύτης
3565 3355 3666 3426 τῆς
3717 3355 3868 3421 θείας
3918 3361 4025 3413 καὶ

2428 3431 2707 3505 σώφρονος
2734 3436 3075 3509 ἐσταλμένης
3117 3440 3362 3510 κοσμίως
3382 3483 3396 3507 ,
3427 3443 3626 3514 σεμνὸν
3651 3445 3747 3499 καὶ
3769 3446 4028 3518 ἀμετεὼ-

2430 3541 2613 3595 ριστον
2645 3524 2970 3599 βλεπούσης.
3001 3529 3158 3584 Οὕτω
3180 3532 3287 3602 γὰρ
3346 3528 3606 3605 Σαλομών
3638 3537 3697 3588 ἐν
3718 3540 3784 3607 τῇ
3818 3555 4026 3609 παροι-

2429 3617 2600 3685 μιακῇ
2637 3616 2805 3689 βίϐλῳ
2834 3619 2997 3690 φησίν
3017 3638 3033 3653 ⁶
3064 3622 3163 3691 Μὴ
3192 3622 3636 3694 ἐγκαταλείπῃς
3670 3629 3888 3696 αὐτὴν.
3915 3632 4025 3686 καὶ

2425 3705 2740 3770 ἀνθέξεται
2756 3722 2894 3763 σου.
2936 3709 3246 3780 Ἐράσθητι
3271 3712 3485 3783 αὐτῆς,
3515 3717 3612 3770 καί
3642 3719 3892 3787 τηρήσει
3914 3737 4020 3776 σε.

2424 3792 2515 3863 Μὴ
2556 3794 2835 3868 παρέλθῃς
2860 3803 3305 3873 καταφρονήσας,
3337 3804 3473 3874 μηδέ
3503 3805 3572 3859 τὰ
3602 3809 3732 3879 παρ’
3762 3811 3896 3880 ἡμῖν
3921 3813 4025 3865 ἐπὶ

2423 3884 2522 3955 τῆς
2570 3887 2853 3959 τραπέζης
2894 3890 3098 3963 ταύτης
3131 3893 3495 3965 προκείμενα,
3538 3897 3628 3951 διὰ
3669 3899 3828 3953 τοῦτο
3871 3902 4024 3956 αὐτὰ

2424 3974 2653 4047 νομίσῃς
2672 3975 2865 4048 ἄτιμα,
2891 3977 3078 4053 ἐπειδὴ
3110 3983 3312 4052 προῖκά
3341 4000 3424 4037 σοι
3445 3984 3652 4050 ἔξεστιν
3678 3988 3777 4059 τὴν
3806 3991 4016 4060 κτῆσιν

2426 4068 2913 4139 περιποιήσασθαι·
2966 4070 3103 4125 ἀλλὰ
3153 4075 3245 4127 καὶ
3280 4074 3482 4147 μᾶλλον
3529 4077 3892 4152 ἐπιθύμησον,
3926 4082 4021 4136 ὅτι

2422 4158 2483 4209 οὐ
2514 4158 2803 4230 καθήμεθα
2842 4161 3101 4233 κάπηλοι,
3137 4163 3302 4233 ζυγὸν
3340 4166 3372 4237 ἦ
3417 4169 3689 4241 τρυτάνην
3721 4171 4015 4244 φέροντες⁸

2422 4246 2479 4300 ἓν
2506 4248 2562 4302 δὲ
2594 4251 2785 4322 κέρδος
2817 4252 3111 4326 ζητοῦμεν,
3146 4258 3245 4329 τὴν
3267 4256 3363 4312 τοῦ
3395 4260 3639 4332 μαθητοῦ
3669 4266 3970 4336 σωτηρίαν.

2504 4442 2840 4515 Ἀνεγνώσθη
2880 4446 3009 4516 ἡμῖν
3050 4447 3115 4500 ἐκ
3152 4447 3259 4503 τῶν
3290 4448 3549 4521 Πράξεων
3600 4452 3815 4508 Παύλου
3846 4455 4018 4526 λόγος

731 4554 873 4596 stum
931 4557 997 4595 ac
1037 4540 1326 4610 Agrippam
1363 4539 1537 4594 oratio
1561 4539 1606 4570 ³⁸
1638 4555 1651 4590 :
1678 4538 1850 4603 Pauli,
1884 4540 2135 4609 inquam,
2170 4541 2317 4595 illius

2426 4537 2557 4609 πρὸς
2581 4539 2787 4610 Φῆστον
2812 4541 2905 4594 καὶ
2941 4541 3268 4612 Ἀγρίππαν,
3298 4544 3512 4599 Παύλου
3537 4546 3629 4600 τοῦ
3654 4547 3847 4601 πιστοῦ
3876 4551 4021 4605 ἀπο-

732 4644 783 4687 et
811 4629 981 4685 ﬁdelis
1009 4628 1235 4698 apostoli
1254 4638 1308 4681 et
1333 4626 1613 4697 prudentis
1639 4626 1895 4680 oratoris.
1921 4625 2111 4681 Vidisti
2134 4625 2313 4696 plane,

732 4720 968 4787 auditor,
992 4720 1256 4788 siquidem
1294 4717 1530 4771 animum
1557 4716 1858 4779 advertisti,
1898 4723 1957 4771 ut
1982 4731 2081 4771 nec
2111 4717 2199 4771 ille
2227 4734 2318 4772 ve-

734 4816 945 4869 ritatem
977 4828 1041 4866 ex
1073 4820 1219 4865 metu
1248 4806 1470 4880 prodat;
1512 4822 1578 4863 ac
1611 4807 1927 4877 obsequium
1959 4823 2085 4877 erga
2122 4809 2315 4877 Agrip-

732 4922 852 4977 pam
866 4904 1133 4961 sermonis
1147 4902 1392 4955 libertate
1407 4910 1729 4970 temperans.
1751 4900 1941 4953 durum
1958 4900 2185 4954 tribunal
2200 4900 2312 4971 (9.0)

731 4996 1086 5065 rmumitiget,
1139 5008 1203 5047 ac
1237 4992 1303 5046 ad
1356 4991 1631 5046 leuitatem
1679 4991 1962 5045 inﬂectat:
2007 5007 2111 5044 non
2162 4991 2317 5046 aliter

731 5104 894 5159 quam
947 5087 992 5141 si
1034 5085 1240 5140 belluas
1298 5082 1523 5153 aliquas,
1568 5082 1849 5148 orationis,
1889 5091 1947 5136 ut
2003 5084 2072 5135 ita
2115 5083 2316 5159 dicam,

732 5177 1161 5233 contrectatione
1192 5176 1523 5231 iucantares.
1569 5171 1675 5229 Sed
1704 5184 1758 5228 et
1807 5172 2097 5229 Zacharias
2154 5176 2314 5231 hodie

732 5269 1076 5338 prophetavit
1120 5266 1257 5339 (21),
1283 5279 1599 5336 magnorum
1646 5266 1800 5321 nobis
1832 5263 2100 5335 Uuigeuiti
2131 5281 2315 5322 sacra-

837 5402 884 5434 “
919 5399 1081 5457 llebr.
1113 5415 1197 5466 tn,
1222 5401 1273 5454 1.

802 5536 912 5607 (Ξο)
956 5538 1153 5591 Durum
1190 5534 1443 5607 tribunal,
1488 5533 1677 5603 τραχὺ
1722 5532 2048 5607 κριτήριοχ.
2068 5532 2161 5588 Sic
2186 5533 2311 5605 legit

734 5603 1021 5673 interpres,
1071 5622 1191 5661 cum
1251 5605 1424 5660 reddit
1475 5607 1635 5658 duros
1690 5603 1912 5657 animos.
1974 5603 2104 5657 Erat
2160 5603 2309 5657 certe

2425 4631 2630 4698 στόλου,
2686 4633 2779 4685 καὶ
2836 4634 3001 4703 σοφοῦ
3057 4636 3392 4709 δημηγόρου.
3453 4635 3605 4704 Εἶδες
3661 4640 3901 4707 πάντως,
3965 4636 4020 4697 ὦ

2421 4724 2715 4796 ἀκροατὴς,
2744 4727 2792 4779 εί
2817 4726 2907 4779 τὸν
2936 4724 3061 4780 νοῦν
3090 4729 3418 4800 ἐπέστησας,
3447 4732 3595 4795 ὅπως
3629 4732 3722 4786 καὶ
3744 4733 3842 4805 τὴν
3868 4734 4019 4806 ἀλή-

2424 4814 2573 4869 θειαν
2600 4816 2661 4869 οὐ
2689 4818 3012 4889 προδίδωσιν
3046 4820 3111 4874 ἐκ
3132 4820 3353 4887 δειλίας,
3385 4823 3479 4876 καὶ
3498 4824 3596 4895 τὴν
3619 4824 3754 4897 πρὸς
3788 4826 4019 4898 Ἀγρίπ-

2425 4921 2533 4957 παν
2564 4906 2866 4975 θεραπείαν
2911 4909 2977 4978 τῇ
3031 4909 3317 4980 παρρησίᾳ
3376 4912 3637 4982 κεράσας,
3669 4913 3729 4965 τὸ
3766 4912 3944 4984 βραχὺ
3964 4915 4015 4948 ³⁷

2424 4997 2705 5067 κριτήριον
2743 4997 3079 5067 ἐκμαλάσσει
3111 5001 3247 5071 πρὸς
3270 5001 3597 5074 ἀγαθότητα,
3626 5002 3813 5073 ὥσπερ
3839 5006 4017 5075 θηρία

2421 5085 2543 5137 τινὰ
2572 5085 2891 5157 κατεπᾴδων
2920 5089 3040 5159 ταῖς
3061 5086 3154 5141 τοῦ
3179 5088 3337 5156 λόγου
3365 5091 3829 5161 μεταχειρήσεσιν.
3862 5090 4018 5163 Προ-

2422 5175 2721 5243 εφήτευσεν
2749 5176 2844 5228 καὶ
2869 5176 3109 5247 σήμερον
3135 5179 3428 5250 Ζαχαρίας,
3456 5179 3566 5233 τῶν
3592 5177 3841 5249 μεγάλων
3871 5180 4018 5250 ἡμῖν

2426 5264 2740 5335 μυστηρίων
2793 5265 2888 5319 τοῦ
2934 5268 3275 5337 Μονογενοῦς
3324 5270 3631 5339 ὑπανοίγων
3675 5270 3771 5341 τὴν
3808 5270 4012 5341 θύραν,

1366 5400 1411 5432 ³⁸
1438 5398 1596 5454 Prov.
1624 5415 1700 5464 tv,
1736 5396 1789 5452 6.
1866 5397 1912 5429 ³⁵
1928 5398 2051 5452 Act.
2088 5414 2213 5463 xxv,
2251 5399 2322 5454 8s

2426 5416 2455 5465 .;
2479 5414 2626 5462 xxvt,
2658 5397 2692 5453 2
2714 5416 2838 5470 sqq.
2915 5404 2959 5434 ³⁷
2992 5402 3122 5475 Leg.
3157 5422 3354 5476 τραχυ.

2422 5534 2594 5599 tisset,
2630 5546 2686 5599 ut
2716 5538 2837 5591 Act.
2870 5554 2991 5591 xxv.

2489 5598 2600 5681 (ξι)
2641 5598 2930 5681 Zacharias
2970 5610 3121 5663 hodie
3167 5612 3520 5681 prophetarit.
3564 5609 3651 5665 Uti
3690 5610 3886 5675 Latini,
3923 5619 4016 5673 sic

735 5672 925 5747 Festus
955 5675 1123 5731 Putth
1150 5678 1318 5747 durus
1346 5676 1532 5747 iudex,
1568 5675 1657 5742 qui
1690 5674 1878 5747 volens
1911 5674 2144 5743 gratiam
2179 5688 2311 5747 prae:
2415 5684 2469 5747 et
2517 5672 2691 5747 Graeci
2715 5679 3019 5747 praecipuis
3072 5672 3376 5747 (ritibusque
3435 5680 3819 5735 festivitatibus
3867 5672 4016 5742 Quae

736 5759 876 5823 stare
900 5746 1120 5823 ludatis,
1156 5742 1359 5823 eisdem
1408 5742 1959 5823 I'auluurtradilurtis
2007 5753 2149 5809 erat,
2205 5742 2307 5796 nisi
2419 5744 2677 5823 lectiones
2712 5742 2943 5823 habent,
3000 5764 3064 5802 ac
3082 5742 3102 5823 ί
3120 5742 3526 5823 ἁναγνώσματα
3576 5762 3639 5804 ex
3692 5751 4014 5823 Sciipltlra’

736 5818 847 5890 ipse
887 5816 1205 5887 appellando
1242 5814 1532 5879 Caesarem,
1581 5814 1819 5882 iniquum
1850 5822 2104 5869 conatum
2155 5828 2311 5867 aver-

2412 5811 2563 5882 juxta
2619 5814 2758 5882 quod
2816 5816 2935 5870 l'esti
2994 5820 3129 5872 ratio
3171 5811 3389 5875 videtur:
3426 5820 3663 5890 exigere,
3729 5811 4015 5894 précipaé
