4212 6318
764 376 860 429 199

2030 382 2091 436 S.
2131 379 2407 436 ASTERH
2447 383 2755 441 ΑνΑεΕΝι

3924 386 4033 442 230

763 500 1075 570 cupiditate,
1108 498 1393 567 studtoque
1434 497 1751 552 dominandi
1791 496 2079 567 peregrino
2122 498 2338 567 p0pttlo,

2462 502 2737 571 βούλεσθαι
2769 502 2957 574 κύριος
2981 500 3119 558 εἶναι
3146 504 3299 573 ξένου
3324 507 3454 563 λαοῦ
3503 507 3597 561 καὶ
3630 502 3936 578 μηδαμόθεν
3965 507 4031 575 τῇ

764 593 854 658 qui
881 595 946 644 ad
974 591 1089 658 ejus
1137 589 1269 643 nihil
1306 589 1593 658 imperium
1625 589 1934 657 spectaret?
1980 588 2114 642 Hinc
2145 588 2345 641 factum

764 696 871 750 εει,
908 692 983 748 υι,
1012 697 1132 736 cum
1167 681 1372 735 alienos
1401 697 1505 736 non
1534 682 1851 745 dimitteret,
1878 696 2004 737 suos
2027 681 2347 751 perdiderit,

765 790 869 843 qua
903 785 1083 842 strage
1110 773 1619 841 primogenitorum,
1653 787 1755 841 qua
1792 773 1956 826 maris
1993 773 2184 824 itinere
2222 787 2347 840 per-

765 869 1041 922 secutione
1080 868 1329 921 abeuntis
1354 865 1558 935 pepuli.
1590 864 1797 919 Omitto
1828 865 1969 919 enim
2001 864 2198 920 fluenta
2224 881 2348 920 san-

766 961 959 1030 guinea
981 1000 995 1024 ,
1021 976 1273 1013 ranarum
1310 960 1573 1013 inﬁnitam
1608 958 1843 1013 sobolem
1866 999 1882 1023 ,
1915 958 2103 1013 bruciti
2154 967 2347 1012 tetram

768 1052 943 1114 luem,
997 1052 1339 1120 postularum
1383 1064 1446 1105 ac
1491 1051 1809 1120 papularum
1861 1048 2056 1105 foedam
2106 1051 2349 1120 eruptio-

770 1157 890 1195 nem
916 1179 930 1205 ,
962 1140 1369 1209 quadrupedum
1404 1154 1588 1193 necem
1609 1178 1625 1205 ,
1660 1149 2017 1208 caeteramque
2048 1138 2253 1193 cladem
2287 1152 2352 1192 ac

767 1245 995 1300 pestem,
1016 1247 1119 1301 qua
1149 1229 1435 1303 lEgyptus,
1468 1230 1537 1286 ob
1560 1230 1821 1299 principis
1848 1229 2129 1284 avaritiam
2154 1230 2352 1299 impro-

769 1324 999 1392 bamque
1023 1323 1183 1377 alieni
1204 1322 1577 1391 cupiditatem,
1603 1320 1859 1373 damnata
1912 1318 2031 1373 fuit.
2066 1318 2205 1372 Alibi
2229 1333 2352 1371 rur-

768 1410 907 1476 sum,
936 1414 1074 1467 mala
1102 1414 1203 1467 hoc
1226 1413 1407 1467 scabie
1434 1427 1495 1465 ac
1524 1411 1697 1479 Spissa
1724 1410 1869 1479 lepra
1915 1409 2244 1463 vindicatum
2272 1408 2355 1463 di-

770 1506 897 1559 dici.
929 1504 991 1557 Et
1021 1504 1175 1574 juxta
1205 1517 1415 1555 mecum
1448 1501 1538 1555 hic
1570 1500 1879 1565 recordare,
1907 1498 2151 1569 quisquis
2174 1500 2347 1553 histoo

770 1597 906 1649 riam
935 1608 1107 1655 amas,
1147 1609 1211 1645 ac
1252 1592 1414 1646 Elisei
1453 1592 1712 1660 praeclara
1740 1591 1875 1645 facta
1906 1590 2137 1645 libenter
2161 1591 2313 1646 audis
2334 1632 2349 1656 ,

771 1684 1227 1755 quemadmodum
1280 1681 1521 1735 Naaman
1577 1681 1667 1736 ille
1716 1680 1919 1751 Syrus,
1973 1689 2261 1751 postquam
2300 1681 2351 1734 in

768 1775 1001 1833 Iordane
1024 1774 1267 1841 lavisset,
1304 1790 1332 1827 a
1367 1773 1515 1843 lepra
1549 1771 1713 1827 fuerit
1739 1772 2000 1827 liberatus
2025 1773 2105 1826 δ⁸ε
2140 1780 2355 1827 contra-

772 1885 877 1940 que
940 1884 1002 1923 ea
1064 1876 1350 1935 correptus
1407 1880 1539 1934 puer
1574 1864 1760 1929 Giezi,
1796 1879 1993 1917 avarus
2048 1863 2358 1918 adolescens
2392 1841 2431 1898 Β

774 1977 872 2016 nec
897 1960 1170 2015 studiosus
1190 2001 1205 2026 ,
1235 1959 1326 2028 qui
1360 1956 1661 2027 spiritalem
1706 1957 1935 2025 gratiam
1964 1954 2360 2023 gratoitamque

772 2050 1009 2104 doctoris
1040 2047 1301 2102 medelam
1362 2047 1533 2116 pretio
1572 2047 1887 2099 ventitarat.
1937 2044 2079 2111 Quid
2127 2042 2355 2097 Absalo-

773 2152 919 2202 nem,
946 2124 1214 2190 mitissimi
1252 2137 1421 2206 patris
1468 2136 1703 2190 ferocem
1755 2135 2128 2202 audacemque
2161 2132 2352 2190 tilium.

774 2232 839 2284 ad
855 2229 1201 2299 parricidium
1218 2228 1395 2297 adegit
1417 2227 1503 2280 "3
1530 2226 1715 2281 Nonne
1739 2226 2119 2294 intempestiva
2150 2237 2361 2276 succes-

774 2321 946 2374 sionis
986 2321 1165 2386 regiae,
1199 2319 1484 2386 alienaque
1509 2318 1795 2370 invadendi
1831 2331 1894 2370 ac
1942 2312 2227 2382 diripiendi
2258 2327 2357 2365 cu-

777 2410 1013 2481 piditas?
1050 2410 1186 2476 Quid
1224 2407 1416 2463 Jodam
1470 2422 1499 2463 e
1539 2407 1784 2476 catalogo
1838 2405 2233 2474 discipulorum
2261 2417 2360 2456 ex-

776 2502 990 2570 punxit,
1038 2514 1212 2566 exque
1270 2497 1516 2567 apostolo
1578 2499 1909 2565 proditorem
1968 2493 2128 2548 fecit?
2176 2491 2362 2546 Nonne

784 2608 906 2647 cum
941 2591 1310 2663 gazopltylacii
1335 2590 1497 2644 inﬁda
1532 2588 1952 2649 administratio,
1987 2593 2098 2638 tum
2130 2583 2362 2655 pretium

778 2685 999 2749 infame,
1032 2694 1085 2737 et
1116 2683 1460 2736 denariorum
1498 2682 1703 2747 aliquot
1737 2678 2126 2748 propudiosum
2172 2685 2362 2731 auclo-

778 2786 1080 2831 ramenlum
1124 2774 1207 2826 ‘7?
1248 2774 1471 2826 Ananiae
1501 2772 1733 2839 denique
1763 2779 1817 2824 et
1870 2766 2150 2838 Sappbiraa
2196 2767 2365 2820 tristis

779 2868 920 2921 unde
957 2875 1012 2919 et
1059 2865 1295 2936 tragicus
1348 2865 1399 2917 in
1456 2864 1604 2916 Actis
1648 2860 2014 2930 apostolorum
2067 2857 2245 2913 exitus
2276 2857 2365 2911 “'2

782 2957 969 3013 Nonne
994 2957 1119 3027 quia
1163 2971 1385 3010 suarum
1438 2970 1495 3007 se
1527 2953 1669 3007 furto
1705 2966 1905 3016 rerum,
1940 2964 2002 3003 ac
2024 2949 2361 3017 propriorum

780 3050 1124 3103 denariorum
1168 3045 1453 3114 sacrilegio
1480 3039 1981 3097 contaminassent?
2027 3038 2247 3092 Deﬁciet
2282 3052 2365 3090 me

782 3142 915 3209 dies.
951 3141 1009 3205 si
1034 3138 1312 3193 ministros
1339 3145 1393 3190 et
1424 3129 1690 3203 mancipia
1725 3132 1971 3186 avaritia:
2019 3130 2365 3184 dinumerare

782 3247 1022 3302 pergam.
1062 3228 1223 3283 Missa
1266 3229 1448 3296 itaque
1494 3221 1685 3279 veteri'
1711 3222 1955 3285 historia,
1992 3221 2362 3291 quotidianam

784 3321 907 3375 vita:
928 3316 1315 3389 erperientiam
1355 3316 1771 3382 interrogemus,
1804 3311 2104 3380 cujusmodi
2151 3309 2262 3363 fera
2294 3311 2365 3362 sit

784 3412 1009 3465 avaritia
1034 3449 1049 3473 ,
1082 3422 1145 3462 ac
1180 3422 1341 3478 quam
1393 3420 1551 3475 egre,
1584 3417 1732 3473 quos'
1771 3400 1937 3455 semel
2000 3401 2364 3469 prehenderit,

784 3499 922 3553 elabi
950 3498 1129 3564 sinat;
1156 3508 1214 3549 ut
1238 3506 1427 3565 vegeta
1449 3510 1664 3563 semper
1684 3503 1845 3561 atque
1873 3492 2067 3553 valida,
2094 3505 2365 3558 nunquam

784 3588 1097 3644 debilitetur
1124 3602 1188 3640 ac
1218 3586 1471 3650 deticiat;
1508 3586 1603 3638 sed
1622 3600 1741 3637 cum
1772 3583 1856 3646 iis,
1892 3596 2028 3651 quos
2062 3581 2162 3635 sibi
2189 3581 2368 3647 subje-

786 3680 943 3744 cerit,
969 3685 1325 3731 consenescat
1357 3686 1518 3745 atque
1557 3683 1836 3744 perennet.

857 3768 1201 3824 Libidinosus
1248 3781 1313 3820 ac
1343 3780 1630 3835 corporum
1669 3774 1883 3816 amator
1935 3762 2150 3815 tametsi
2208 3762 2368 3830 longo

786 3861 1070 3916 insanierit
1104 3870 1347 3927 tempore
1395 3857 1727 3925 voluptatum
1780 3866 1927 3909 ostro
1976 3855 2236 3923 percitus,
2281 3852 2369 3907 ubi

791 3962 971 4005 tamen
998 3950 1079 4003 vel
1114 3950 1229 4019 ipse
1271 3948 1475 4002 seniles
1526 3947 1702 4015 attigit
1746 3960 1936 4009 annos,
1984 3945 2067 3998 vel
2098 3959 2254 4012 quam
2282 3944 2372 3996 de-

788 4042 969 4112 pcrilt,
1002 4042 1267 4095 exoletam
1302 4053 1366 4093 ac
1415 4037 1565 4091 ﬂoris
1598 4037 1853 4091 exstincti
1884 4035 2052 4099 videt,
2095 4034 2370 4088 remissio.

789 4146 910 4185 nem
941 4118 1153 4184 tandem
1208 4129 1481 4196 finemque
1530 4127 1702 4181 morbi
1752 4127 1975 4179 invenit.
2033 4123 2284 4187 Gulosus,
2316 4132 2371 4177 et

790 4225 905 4294 ipse
932 4238 960 4276 a
994 4222 1196 4276 ventris
1216 4221 1584 4289 voluptatibus
1619 4219 1841 4282 recedit,
1869 4217 1984 4271 sive
2023 4219 2237 4286 quando
2256 4215 2368 4285 jam

790 4329 911 4369 eum
945 4313 1169 4367 satietas
1196 4311 1363 4379 cepit,
1390 4311 1507 4364 sive
1552 4324 1674 4363 cum
1699 4312 2036 4373 stomachus,
2077 4321 2140 4360 ac
2190 4317 2371 4374 partes

792 4403 916 4466 illae,
964 4404 1159 4471 quibus
1190 4402 1272 4456 vis
1317 4415 1380 4454 ac
1425 4412 1619 4453 munus
1663 4396 2033 4466 eoncoquendi
2084 4393 2365 4457 incumbit,

2449 593 2656 647 ἐκείνου
2705 594 2949 667 βασιλείᾳ
2991 598 3395 668 προσήκοντοςς
3427 600 3537 654 Καὶ
3568 599 3654 653 διὰ
3692 597 3869 655 τοῦτο.
3904 600 4035 660 τοὺς

2450 681 2761 753 ἀλλοτρίους
2817 684 2917 736 οὐκ
2964 686 3143 753 ἀφεὶς,
3192 688 3316 751 τοὺς
3362 687 3521 752 ἰδίους
3562 688 3859 742 ἀπώλεσεν·
3908 689 4038 751 τοὺς

2452 774 2551 845 μὲν
2579 778 2636 827 ὲν
2665 775 2850 847 πληγῇ
2886 777 2994 829 τῶν
3028 780 3406 849 πρωτοτόκων·
3444 782 3569 843 τοὺς
3601 781 3682 845 δέ,
3722 783 3779 834 ἐν
3810 783 3874 851 τῇ
3911 780 4039 833 διώ-

2452 864 2531 929 ξει
2566 870 2632 937 τῇ
2660 867 2803 921 κατὰ
2834 867 3128 923 θάλασσαν.
3168 870 3390 941 Ἀφίημι
3423 872 3527 940 γὰρ
3558 873 3832 943 ποταμοὺς
3857 873 3940 935 εἰς
3960 866 4057 925 αἶς

2453 975 2531 1028 μα
2590 960 2843 1031 ῥυέντας,
2901 962 2995 1013 καὶ
3043 961 3329 1031 βατράχων
3388 961 3616 1016 ἄπλετον
3664 963 3896 1031 γένεσιν,
3942 960 4041 1014 καὶ

2453 1049 2683 1123 βρούχου
2716 1053 2916 1125 λύμην,
2949 1054 3045 1105 καὶ
3073 1054 3414 1123 φλυκταινῶν
3451 1055 3759 1127 ἐξάνθησιν,
3800 1054 3893 1108 καὶ
3928 1054 4042 1127 τῶν

2451 1144 2791 1213 τετραπόδων
2823 1144 2914 1197 τὸν
2940 1143 3188 1209 θάνατον,
3220 1146 3314 1197 καὶ
3344 1146 3523 1199 πᾶσαν
3562 1126 3661 1217 τὴν
3700 1147 3945 1200 κάκωσιν
3970 1126 4042 1216 ἢν

2451 1230 2725 1300 Αἴγυπτος
2773 1232 3133 1304 κατεδικάσθη
3188 1232 3276 1286 διὰ
3315 1233 3415 1306 τὴν
3462 1234 3774 1299 πλεονεξίαν
3810 1231 3905 1285 τοῦ
3943 1235 4045 1304 ἆρ-

2452 1338 2657 1391 χοντος.
2704 1321 2962 1392 Ἀλλαχοῦ
2991 1321 3149 1376 πάλιν
3183 1322 3334 1386 τέλος
3362 1324 3460 1395 τῆς
3487 1324 3759 1394 ἁμαρτίας
3796 1324 4045 1394 κατέμα-

2454 1412 2565 1476 θον,
2599 1412 2805 1483 λέπραν
2832 1413 3026 1484 ἀθρόον
3058 1414 3136 1485 τῷ
3165 1414 3462 1486 πλεονέκτῃ
3490 1416 3896 1486 περιχυθεῖσαν.
3926 1414 4043 1469 Καί

2458 1521 2546 1574 μοι
2596 1504 3181 1577 ωνδιαμνημόνευσον,
3223 1506 3278 1559 ετ
3310 1524 3393 1569 τις
3436 1507 3748 1579 φιλοῖστωρ,
3795 1508 3888 1562 καὶ
3932 1507 4043 1560 τῶν

2456 1594 2895 1665 κατορθωμάτων
2934 1596 3240 1650 Ἐλισσαίου
3274 1598 3549 1668 φιλήκοος,
3576 1599 3723 1663 ὅπως
3756 1598 3853 1669 μὲν
3878 1601 3907 1653 6
3940 1598 4045 1653 Σύ-

2457 1700 2550 1754 ρος
2586 1684 2837 1754 Νεαιμάν
2871 1685 3204 1758 ἐκαθαρίσθη
3235 1686 3337 1758 τῆς
3372 1686 3600 1758 λέπρας,
3634 1690 3691 1742 ἐν
3723 1687 3800 1759 τῷ
3839 1689 4045 1761 Ἰορδά-

2458 1789 2524 1845 νῃ
2550 1774 2905 1844 λουσάμενος·
2939 1778 3087 1841 ὅπως
3113 1776 3171 1830 δὲ
3217 1778 3478 1849 μετῆλθεν
3504 1779 3563 1831 τὸ
3604 1780 3772 1855 πάθος
3810 1782 3891 1841 εἰς
3926 1779 4048 1833 Γιι-

2462 1862 2543 1927 ζεῖ
2564 1864 2623 1917 τὸ
2656 1865 2961 1936 παιδάριον,
2992 1870 3272 1922 νεανίσκον
3302 1868 3631 1941 πλεονέκτην
3662 1872 3755 1924 καὶ
3782 1870 4047 1938 ἀφιλόσο-

2459 1968 2577 2019 φον,
2648 1955 3017 2023 πνευματικὸν
3082 1955 3411 2026 πιυλήσαντα
3462 1957 3727 2027 χάρισμα.
3788 1956 3884 2021 καὶ
3944 1954 4047 2023 τὴν

2458 2041 2686 2111 ἄμισθον
2731 2044 2970 2114 ἰατρείαν
3000 2043 3093 2096 τοῦ
3122 2043 3463 2099 διδασκάλου.
3502 2045 3671 2097 Πόθεν
3708 2047 3736 2097 ό
3782 2044 4049 2099 Ἀϐεσσα-

2458 2132 2579 2202 λὼμ
2639 2133 2973 2203 πατραλοίας
3046 2135 3294 2202 ἐγένετο,
3353 2136 3381 2187 6
3434 2134 3529 2187 τοῦ
3601 2135 3776 2206 πράου
3840 2135 4049 2206 πατρὸς

2462 2224 2807 2293 φλεγμαίνων
2849 2226 2941 2278 καὶ
2981 2224 3189 2296 θρασὺς
3244 2226 3562 2290 νεανίσκος;
3612 2227 3672 2279 οὐ
3703 2226 3807 2297 πρὸ
3849 2224 4049 2296 καιροῦ

2460 2312 2703 2385 ζητήσας
2756 2315 2854 2383 τεὴν
2890 2314 3257 2385 κληρονομίαν
3294 2314 3394 2384 τῆς
3448 2314 3743 2385 βασιλείας,
3788 2315 4053 2385 ἐπιπηδή.

2463 2422 2557 2469 σας
2588 2406 2643 2457 δὲ
2664 2408 2776 2469 τοῖς
2808 2404 3128 2476 ἀλλοτρίοις,
3156 2406 3231 2469 ὼς
3264 2406 3478 2477 ἆρπαξ;
3509 2408 3612 2460 Τὸν
3646 2407 3843 2461 Ἰούδαν
3864 2407 3923 2460 δὲ
3946 2407 4053 2461 πά-

2461 2496 2564 2559 λιν,
2593 2496 2644 2549 τί
2671 2497 2768 2549 τοῦ
2796 2497 3096 2565 καταλόγου
3125 2498 3233 2551 τῶν
3261 2497 3520 2569 μαθητῶν
3546 2498 3822 2563 ἐξέϐαλεν,
3859 2499 4053 2568 ἐποίη-

2465 2603 2552 2638 σεν
2574 2586 2631 2639 δέ
2658 2587 2921 2657 προδότην
2943 2587 3057 2641 ἀντ’
3082 2588 3413 2654 ἀποστόλου;
3456 2590 3517 2642 οὐ
3542 2590 3602 2642 τὸ
3624 2590 4049 2659 γαζοφυλάκιον,

2463 2676 2679 2749 πρῶτον
2724 2666 3235 2749 ῥᾳδιουργούμενον,
3265 2676 3441 2751 εἷταή
3476 2682 3669 2751 κτῆσις
3708 2685 3805 2752 τῆς
3849 2682 4052 2752 ἀτίμου

2463 2769 2947 2839 τιμῆς;,Ἀνανίαν
2983 2770 3077 2823 καλ⁵
3111 2771 3427 2843 Σάπφειραν
3467 2771 3557 2824 διὰ
3588 2771 3640 2823 τί
3674 2769 4054 2842 τραγῳδοῦσιν

2463 2859 2571 2912 τῶν
2590 2860 2917 2915 ,ἀποστόλων
2972 2861 3027 2914 αἰ
3072 2861 3338 2931 Πράξεις;
3388 2863 3489 2916 οὐκ
3535 2864 3721 2935 ἐπειδὴ
3763 2864 3871 2916 τῶν
3904 2862 4056 2917 ἰδίων

2464 2952 2711 3019 ἐγένοντο
2736 2952 2985 3018 κλέπται,
3018 2954 3110 3007 καὶ
3142 2953 3249 3006 τῶν
3276 2952 3489 3007 οἰκείων
3524 2955 3888 3025 ἀναθημάτων
3916 2956 4060 3027 i696-

2468 3043 2655 3110 συλοι;
2703 3043 3003 3114 Ἐπιλείψει
3052 3062 3121 3115 με
3168 3044 3307 3114 τάχα
3344 3046 3437 3098 καὶ
3482 3047 3513 3116 ἡ
3554 3046 3733 3117 ἡμέρα
3771 3044 3899 3108 τοὺς
3950 3046 4060 3116 τῆς

2393 3174 2436 3233 C
2469 3132 2780 3233 πλεονεξίας
2831 3134 3112 3204 ὑπηρέτας
3156 3134 3654 3206 ἀπαριθμούμενονι
3698 3136 3955 3204 Ἀφέντες
3999 3134 4061 3188 δέ

2466 3223 2562 3294 τὴν
2607 3224 2844 3279 παλαιάν
2900 3226 3163 3298 ἱστορίαν.
3189 3226 3285 3295 τὴν
3335 3228 3529 3296 πεῖραν
3565 3228 3908 3297 ἐξετάσωμεν
3954 3227 4061 3298 τὴν

2467 3313 2980 3386 παρακολουθοῦσαν
2998 3316 3075 3387 τῷ
3105 3314 3223 3387 βίῳ-
3239 3312 3350 3369 οἷον
3377 3313 3515 3370 οἶδεν
3531 3317 3717 3390 θηρίον
3737 3320 3837 3389 τὴν
3861 3318 4063 3370 πλεον-

2469 3404 2633 3472 εξίαν,
2682 3407 2777 3460 καὶ
2836 3400 2910 3460 ὧν
2970 3408 3037 3461 ἂν
3096 3408 3325 3478 λάϐηται
3368 3410 3835 3462 δυσαπάλλακτον·
3872 3409 4063 3478 ἀκμά-

2468 3496 2558 3562 ζον
2600 3498 2685 3550 ἀεὶ
2718 3499 2813 3551 καὶ
2842 3498 2901 3551 οὐ
2948 3498 3365 3569 μαραινόμενονσ
3409 3502 3793 3572 συγγηράσκον
3842 3501 3901 3552 δέ
3940 3502 4063 3564 τοῖς

2471 3586 2674 3652 ἁλοῦσι,
2710 3588 2804 3640 καὶ
2828 3590 2906 3650 εἰς
2932 3588 3082 3651 τέλος
3108 3588 3285 3641 συνόν.

2552 3762 2610 3813 Ὀ
2643 3760 2838 3827 λάγνος
2882 3762 2975 3815 καὶ
3017 3761 3286 3831 σωμάτων
3344 3760 3597 3831 ἐραστὴς,
3638 3760 3738 3814 κᾶν
3783 3762 3875 3815 ἐπὶ
3916 3764 4062 3817 πολὺ

2470 3854 2590 3915 ταῖς
2636 3849 2955 3921 ἐπιθυμίαις
2987 3852 3253 3923 λυσσήσῃ,
3295 3851 3326 3914 ἦ
3369 3852 3530 3914 αὐτὸς
3569 3853 3649 3915 εἰς
3678 3852 4065 3925 πρεσϐυτικὴν

2471 3939 2688 4010 ἡλικίαν
2718 3938 2885 3991 ἐλθὼν
2952 3939 2985 4009 ἢ
3023 3938 3081 3991 τὸ
3121 3936 3451 4006 ποθούμενον
3496 3936 3755 4007 ἑωρακὼς
3806 3937 4064 3991 παλαιω-

2472 4030 2582 4092 θέν,
2612 4030 2707 4082 καὶ
2743 4029 2802 4081 τὸ
2836 4028 2993 4093 ἀνθος
3019 4017 3311 4091 ἀποϐαλὸν,
3340 4029 3526 4081 στάσιν
3556 4030 3799 4099 εὑρίσκει
3836 4030 3935 4099 τῆς
3969 4030 4065 4082 v6-

2474 4139 2588 4176 σου.
2625 4123 2684 4174 '0
2714 4122 3123 4192 γαστρίμαργος
3162 4124 3434 4191 ἀναχωρεῖ
3471 4121 3563 4174 καὶ
3606 4121 3768 4183 αὐτὸς
3803 4121 3904 4189 τῆς
3935 4124 4064 4190 φιλ-

2471 4215 2709 4283 ηδονίας,
2743 4212 2775 4283 ἦ
2809 4213 2903 4265 τοῦ
2940 4214 3099 4282 κόρου
3130 4210 3531 4281 πληρώσαντος,
3566 4210 3599 4281 ἢ
3638 4210 3744 4262 τῶν
3767 4210 4063 4263 πεπτιγῶν

2478 4305 2678 4375 μορίων
2712 4304 3144 4373 ἀσθενησάντων,
3180 4303 3273 4355 καὶ
3300 4302 3621 4356 παυσάντων
3661 4304 3758 4372 τὴν
3800 4304 4063 4355 ἐπιτετα-

2476 4394 2643 4464 μένην
2681 4392 2879 4465 δρεξιν.
2929 4394 2985 4445 '0
3018 4391 3288 4460 φιλόδοξος
3318 4391 3537 4455 πολλαῖς
3566 4393 3927 4461 ὲγκομπάσας
3964 4410 4063 4446 πε-

792 4494 1175 4550 imbecilliores
1213 4493 1388 4556 facta,
1419 4491 1656 4545 biantem
1705 4489 1849 4541 illam
1891 4485 2249 4557 appetentiam
2282 4500 2366 4539 se-

2478 4485 2797 4555 ριφανείαις,
2834 4481 2927 4535 τοῦ
2963 4483 3228 4553 φανητιᾷν
3266 4483 3549 4553 ἀπολήγει.
3582 4483 3645 4535 Ἠ
3670 4483 3726 4535 δὲ
3740 4482 3840 4551 τῆς
3864 4483 4064 4536 πλεον-

792 4584 1007 4638 darunt.
1033 4582 1387 4644 Ambitiosus,
1424 4578 1515 4633 ubi
1548 4577 1730 4631 multis
1756 4573 2368 4643 splendoribusmagui-

794 4677 895 4732 iice
920 4675 1144 4745 gloriam
1187 4673 1393 4737 habuit,
1424 4670 1655 4741 spectari
1712 4668 1927 4721 tandem
1972 4666 2131 4730 velle,
2159 4679 2220 4719 ac
2253 4666 2363 4717 ina-

797 4784 895 4824 nes
920 4769 1050 4821 dare
1079 4767 1299 4836 glorias,
1334 4765 1553 4820 desinit.
1595 4762 1795 4818 Verum
1842 4759 2089 4813 avaritiae
2116 4757 2368 4819 morbus,

790 4858 1054 4927 ejusmodi
1092 4856 1289 4909 malum
1312 4863 1417 4920 est,
1448 4863 1506 4907 ut
1528 4853 1613 4906 vix
1638 4866 1874 4921 unquam
1905 4864 1969 4903 eo
1993 4849 2214 4903 liberari
2247 4861 2373 4917 pos-

794 4951 889 5004 sis.
908 4951 984 5002 Ac
1010 4947 1149 5002 sicut
1177 4956 1434 5017 perpetuo
1456 4944 1643 4997 vivens
1668 4951 1831 5011 atque
1864 4940 2123 4995 frondens
2169 4938 2369 4991 hedera

793 5040 996 5095 adsitas
1013 5040 1257 5107 irrepens
1274 5036 1498 5089 arbores
1524 5034 1697 5087 valide
1721 5030 2170 5087 circumvolvitur
2195 5029 2374 5081 adlue-

796 5141 1013 5199 retque,
1050 5143 1113 5182 ac
1143 5144 1208 5182 ne
1238 5127 1405 5181 ramis
1442 5125 1661 5192 quidem
1699 5123 2076 5176 fatiscentibus
2113 5129 2205 5172 aut
2248 5131 2371 5171 are-

796 5221 950 5277 factis
1003 5220 1226 5283 recedit,
1276 5217 1378 5272 nisi
1425 5217 1547 5285 quis
1581 5215 1752 5269 ﬂexus
1803 5215 1935 5268 istos
1965 5221 2021 5266 et
2073 5210 2372 5280 anguineos

794 5311 948 5381 quasi
1001 5324 1181 5380 gyros,
1236 5307 1379 5362 ferro
1421 5317 1614 5363 secet:
1662 5308 1734 5359 ita
1786 5319 1884 5359 nec
1927 5304 2076 5356 avari
2108 5310 2371 5363 mentem,

795 5404 911 5457 sive
948 5402 1033 5454 bic
1070 5401 1282 5467 juvenis
1308 5401 1399 5464 sit,
1431 5401 1545 5469 sive
1585 5413 1773 5463 senex,
1802 5396 1855 5449 in
1883 5395 2184 5448 libertatem
2222 5390 2379 5445 facile

796 5492 1107 5552 viudicaris,
1159 5491 1260 5545 nisi
1321 5492 1501 5544 sobrio
1540 5488 1900 5557 prudentique
1932 5484 2181 5539 consilio
2231 5480 2377 5535 velut

798 5584 1062 5637 macbtera
1092 5583 1336 5635 morbum
1368 5579 1669 5634 discideris.

865 5784 988 5841 ιιιν
1018 5784 1145 5856 Reg.
1173 5800 1227 5851 γ,
1263 5786 1328 5839 Η,
1352 5799 1494 5855 sqq.;
1530 5782 1660 5839 Luc.
1687 5796 1766 5850 tv,
1788 5780 1877 5834 27.
1944 5781 1988 5811 “
2013 5778 2055 5832 ll
2078 5780 2207 5847 Reg.
2243 5792 2326 5842 xv,
2358 5783 2380 5829 ι
2421 5790 2542 5845 sqq.

2473 4574 2621 4639 εξίας
2650 4572 2823 4635 νόσος,
2880 4570 3046 4625 κακόν
3083 4573 3197 4623 ἐστι
3229 4571 3687 4624 δυσαπάλλακτον.
3716 4571 3825 4623 Καὶ
3860 4569 4064 4641 ὥσπερ

2473 4668 2501 4719 6
2530 4664 2716 4726 κισσὸς
2747 4656 2922 4725 οὗτος,
2964 4662 3022 4714 τὸ
3050 4661 3274 4725 εὐθαλὲς
3302 4661 3465 4729 φυτὸν
3500 4661 3594 4713 καὶ
3628 4659 3934 4728 ἀείφυλλον,
3964 4662 4064 4713 ἐπὶ

2474 4753 2539 4807 τὰ
2584 4752 3016 4825 παραπεφυκότα
3068 4752 3175 4804 τῶν
3208 4750 3439 4821 δένδρων
3485 4751 3757 4823 ἀνέρπων,
3815 4752 4063 4822 ἰσχυρῶς

2474 4846 2867 4915 περιελίττεται
2907 4847 3019 4906 τοῖς
3059 4843 3255 4909 ξύλοις,
3295 4836 3485 4913 ὦνπερ
3532 4843 3597 4896 ἂν
3629 4841 3912 4912 δράξηταν
3962 4847 4065 4898 καὶ

2473 4934 2595 4989 οὔτε
2628 4935 2994 4998 πεπονθότων,
3019 4933 3139 4987 οὗτε
3169 4934 3539 5004 ξηρανθέντων
3569 4935 3857 5004 ἀναχωρεῖ,
3891 4937 3944 4987 εἰ
3982 4936 4063 5005 μή

2472 5044 2555 5091 τις
2595 5025 2757 5079 αὐτοῦ
2788 5026 3006 5097 σιδήρῳ,
3026 5025 3275 5095 καθάπερ
3309 5024 3621 5095 δράκοντος,
3666 5022 3896 5094 διατέμῃ
3928 5026 4065 5089 τοὺς

2476 5119 2754 5189 ἑλιγμοὺς.
2807 5118 2992 5181 Οὕτως
3039 5117 3158 5169 οὐδὲ
3198 5116 3437 5170 τοιούτου
3478 5116 3654 5187 ψυχὴν
3688 5114 4063 5185 ἐλευθερῶσαι

2476 5212 2692 5283 ῥᾴδιον,
2766 5209 2873 5263 εἴτε
2954 5209 3235 5273 νεάζοντος
3290 5208 3384 5261 τοῦ
3450 5207 3727 5277 σώματος,
3788 5208 3897 5259 εἴτε
3963 5210 4064 5261 καὶ

2475 5301 2973 5373 ὑπομαρανθέντος,
3012 5301 3107 5353 ἐὰν
3143 5301 3215 5371 μή
3246 5318 3327 5363 τις
3363 5298 3627 5373 νηφαλέος
3664 5296 3925 5367 λογισμὸς
3960 5298 4062 5350 ἐπ-

2476 5372 2674 5455 ελθὼν,
2692 5393 2766 5455 ὡς
2804 5393 3041 5463 μάχαιρα
3066 5390 3298 5461 διακόψῃ
3448 5388 3620 5441 νόσον.

2627 5774 2667 5803 ⁸⁷
2698 5770 2849 5826 Joan.
2880 5786 2974 5833 xtt,
3001 5768 3051 5823 6.
3133 5769 3176 5800 “
3198 5767 3319 5823 Act.
3352 5779 3404 5833 γ,
3434 5766 3458 5818 1
3491 5778 3613 5833 sqq.
