4212 6318
749 395 855 449 233

2027 397 2083 449 S.
2128 395 2401 449 ASTICRII
2447 394 2747 449 AMASLNI
3920 398 4031 456 205

753 521 867 580 gat,
900 510 1297 581 sublacrymari
1346 509 1585 579 incipit:
1628 511 1671 565 si
1717 523 1910 580 magna
1957 526 2109 580 aqua:
2146 513 2249 575 vis,
2281 528 2342 566 ac

2455 514 2557 565 κῶν
2592 513 2681 565 τὸν
2709 512 2918 584 αὐχμὸν
2948 512 3287 580 ὲξιάπασθαι,
3331 512 3527 578 πένθος
3554 514 3757 568 τέλειον
3787 514 3851 569 τὸ
3884 518 4029 587 πρᾶ-

752 603 982 657 sicritati
1016 602 1262 657 tollenda:
1296 617 1392 670 par
1448 603 1686 674 ingruat,
1712 612 1990 658 extremus
2012 618 2131 657 eum
2162 606 2337 659 luctus

756 703 1002 759 occupat.
1032 691 1222 747 Omnia
1242 693 1498 759 deinceps
1518 696 1832 762 perlustrat,
1851 708 1915 749 ac
1935 694 2166 748 sollicite
2191 709 2335 764 qua:-

758 786 847 847 rit,
876 786 1019 838 haud
1066 800 1223 841 seeos
1253 801 1315 841 ac
1348 787 1690 856 periclitante
1716 786 1841 851 filio,
1874 801 1996 839 num
2038 787 2334 841 remedium

756 876 993 944 aliquod,
1031 876 1332 946 modusque
1365 894 1431 932 ac
1473 878 1635 943 ratio,
1669 879 1935 932 frumenta
1973 895 2003 931 a
2054 877 2175 933 tabe
2210 894 2334 932 ver-

758 969 1034 1035 tniumq‘ue
1084 968 1279 1035 injuria
1336 969 1641 1024 diutissime
1699 969 1975 1023 servandi.
2040 969 2116 1022 Ac
2159 971 2201 1023 si
2227 970 2337 1039 jam

757 1066 990 1113 a'stuare
1038 1060 1455 1126 animadvertit,
1486 1074 1548 1113 ac
1574 1058 1781 1115 caloris
1831 1058 1961 1112 vitio
1994 1059 2215 1126 corripi,
2246 1074 2342 1127 pro

760 1150 1094 1205 medicorum
1129 1151 1180 1205 in
1221 1165 1315 1205 eos
1355 1151 1603 1205 instituto
1634 1148 1768 1221 (2'5),
1808 1150 1895 1218 qui
1934 1164 2068 1218 pene
2090 1151 2339 1204 exhausti

763 1252 887 1295 sunt
937 1255 1002 1297 ac
1056 1242 1460 1308 distabuerunt,
1499 1242 1757 1312 expandit
1794 1256 1881 1303 ea,
1921 1243 2080 1310 inque
2112 1242 2345 1297 minores

759 1333 1088 1387 distribuens
1118 1334 1391 1397 cuoiulos,
1422 1334 1603 1388 studet
1628 1331 1972 1402 refrigerare.
2006 1332 2222 1387 Assidet
2248 1334 2346 1387 nti~

2444 620 2579 673 γμα.
2650 605 2966 675 Περινοστεί
3003 604 3188 658 λοιπὸν
3234 607 3369 659 πᾶσι
3424 607 3866 678 συσκοπούμενος
3902 609 4033 679 περὶ

2443 696 2536 749 τοῦ
2568 696 2742 763 σίτου,
2770 696 2847 760 ὼς
2874 696 2991 749 υἱοῦ
3020 696 3444 761 κινδυνεύοντος,
3480 698 3563 761 τίς
3606 697 3768 761 ἴασις,
3801 698 3885 761 τίς
3931 716 4036 769 μη-

2446 788 2601 857 χανὴ,
2628 788 2714 841 ἵνα
2748 787 2881 859 πρὸς
2908 788 3074 841 πολὺν
3104 788 3420 860 αὑταρκέσῃ
3451 792 3660 862 χρόνον.
3692 790 3776 843 ἵνα
3793 790 3901 843 τῶν
3932 806 4033 861 ση-

2441 877 2551 932 τῶν
2572 878 2807 952 διαφύγῃ
2827 880 2887 932 τὸ
2907 878 3099 943 πάθος.
3136 879 3253 933 Κᾶν
3276 880 3531 951 αἴσθηται
3554 882 3853 946 καύσωνος,
3878 881 3955 943 ὡς
3980 882 4033 934 oi

2446 970 2621 1042 ἰατροὶ
2658 972 2786 1033 τοὺς
2815 970 3298 1043 διαφορουμένους,
3317 972 3629 1037 διαπλώσας
3653 973 3835 1037 αὑτὸν,
3865 987 4035 1026 κατα-

2447 1062 2658 1134 μερίζει
2695 1062 2791 1117 καὶ
2816 1062 3142 1134 καταψύχει,
3170 1064 3386 1134 μοχθῶν
3419 1065 3875 1137 προσκαθέζεται,
3908 1061 4033 1116 σκέ·

2446 1170 2555 1223 πην
2593 1153 2733 1207 κατὰ
2771 1153 2872 1225 τὴν
2908 1152 3257 1226 μεσημϐρίαν
3290 1155 3593 1223 σοφίζεται,
3620 1154 3721 1218 τὰς
3748 1154 3906 1218 σκιὰς
3943 1171 4040 1207 vu-

2447 1243 2574 1308 κτὸς
2615 1244 2942 1313 ἀπογυμνοῖ,
2996 1244 3084 1296 ἶνα
3126 1246 3247 1307 ταῖς
3295 1245 3493 1317 αὔραις
3529 1249 3650 1310 ταῖς
3687 1246 4037 1318 νυκτεριναῖς

2450 1334 2811 1405 ύποπνέηται.
3222 1337 3227 1341 ’

759 1440 848 1480 ser
898 1438 961 1477 ac
1008 1440 1067 1479 se
1094 1425 1458 1490 discruciatus;
1519 1434 1877 1496 tegumenque
1921 1440 1983 1479 ac
2037 1434 2278 1479 tutamen
2313 1440 2340 1477 a
2380 1425 2606 1480 meridie
2656 1427 2953 1496 excogitat;
3020 1442 3083 1479 ac
3116 1424 3263 1480 circa
3293 1433 3508 1478 noctem
3576 1439 3763 1479 rursus
3789 1439 4036 1489 amovet.

762 1529 814 1570 ιιι
845 1526 1125 1571 nocturnae
1158 1531 1303 1571 aurae
1335 1518 1558 1573 liberius
1593 1517 1835 1586 aspirare
1865 1527 2084 1587 queant.

833 1612 889 1666 ltt
923 1614 1008 1666 his
1042 1614 1314 1668 labetibus
1338 1628 1400 1668 ac
1431 1613 1693 1669 molestiis
1722 1616 2077 1669 circumstans
2111 1630 2333 1685 pauper,

2517 1612 2704 1667 Ταῦτα
2737 1610 2885 1681 αύτῷ
2914 1607 3348 1679 ταλαιπωροῦντι
3390 1610 3419 1661 ὁ
3454 1606 3621 1677 πένης
3659 1606 4036 1677 περιίσταται,

760 1704 1124 1773 periclitantis
1162 1705 1373 1775 aliquid
1398 1705 1656 1762 frumenti
1688 1718 1863 1775 rogat,
1884 1723 1979 1761 nec
2012 1708 2102 1763 ille
2133 1709 2338 1761 tribuit:

763 1806 858 1851 aut
893 1812 1046 1861 sane,
1084 1796 1135 1851 id
1195 1812 1360 1867 parce
1414 1798 1705 1852 admodum
1766 1814 1829 1852 ac
1866 1799 2218 1865 semianimis,
2248 1814 2345 1870 pro

764 1887 1162 1942 vehementiori
1196 1902 1296 1943 suo
1318 1888 1384 1943 ad
1418 1888 1545 1943 illud
1588 1888 1803 1944 aﬂ'ecm.
1841 1890 2038 1945 Verum
2093 1893 2343 1953 obsecro,

763 1977 857 2046 qui
894 1977 986 2031 tali
1026 1980 1301 2048 prmditus
1337 1979 1559 2048 ingenio
1584 1980 1680 2043 sis,
1705 1995 1769 2033 ne
1806 1988 2062 2050 perpetuo
2085 1982 2163 2035 sic
2194 1980 2343 2034 labo-

764 2085 889 2125 rare
913 2085 977 2125 ac
1022 2071 1343 2126 diseruciari
1386 2072 1537 2127 velis.
1577 2071 1724 2127 Sane
1763 2073 1979 2143 quidem
2015 2072 2095 2125 vel
2134 2073 2178 2126 is
2213 2086 2347 2137 quo-

764 2178 869 2232 que
900 2178 1095 2219 avarus
1119 2164 1311 2234 dignus
1336 2174 1418 2218 est
1446 2164 1815 2226 miseratione,
1844 2163 1933 2232 qui
1965 2178 2067 2216 non
2090 2164 2344 2216 abhorret

766 2271 794 2307 a
834 2242 1080 2319 deliciis;
1138 2255 1229 2323 qui
1289 2255 1493 2308 ventris
1556 2254 1828 2324 voluptate
1875 2255 2106 2323 aliisque
2164 2255 2349 2309 definit

766 2351 959 2414 vitam,
1000 2361 1235 2415 eumque
1268 2347 1506 2401 hominis
1542 2346 1702 2400 finem
1751 2346 1947 2401 credit.
1985 2346 2149 2400 Multo
2178 2346 2349 2416 magis

767 2452 832 2491 ac
868 2438 1192 2491 immensum
1226 2436 1589 2499 miserrimus,
1645 2436 1734 2506 qui
1770 2435 2047 2489 illiberalis
2076 2444 2159 2489 est
2187 2447 2349 2504 atque

766 2529 1058 2593 sordidus;
1090 2543 1338 2597 unusque
1391 2527 1506 2596 ipse
1551 2544 1669 2597 qua:
1695 2536 1818 2581 sunt
1846 2527 2075 2595 plurium
2099 2532 2357 2594 occupat,

771 2637 833 2676 ac
863 2637 1019 2676 suum
1041 2621 1390 2675 nihilominus
1414 2619 1628 2689 genium
1649 2616 1954 2680 deft'audat,
1982 2615 2126 2669 nullo
2149 2623 2351 2669 exacta:

773 2712 907 2765 adeo
933 2711 1222 2779 diligentia:
1253 2710 1426 2763 fructu
1468 2716 1632 2776 atque
1678 2709 1804 2761 fine.
1851 2706 1986 2772 Quis
2030 2706 2172 2760 enim
2203 2708 2352 2774 igno-

770 2813 873 2863 rat,
912 2811 1138 2869 propter
1160 2800 1422 2870 seipsum,
1454 2799 1698 2867 exceptis
1727 2798 2037 2862 virtutibus,
2064 2797 2193 2851 nihil
2214 2797 2350 2861 lieri,

767 2892 859 2945 sed
895 2901 953 2945 ttt
1001 2891 1142 2943 aliud
1201 2906 1263 2943 ex
1325 2889 1430 2943 alio
1486 2888 1811 2953 obtineatur,
1846 2904 1909 2941 ac
1958 2888 2352 2943 conﬁciamus?

764 2982 934 3038 Nemo
985 2992 1131 3037 certe
1182 2982 1463 3051 quisquam
1533 2981 1701 3035 soliui
1772 2997 1929 3035 causa
1992 2960 2420 3049 navigationisC

770 3076 903 3130 mari
958 3090 1017 3131 se
1067 3075 1389 3136 committit;
1428 3088 1585 3127 nemo
1632 3081 1847 3141 propter
1878 3074 2047 3140 ipsam
2080 3072 2342 3140 agricola-

770 3170 966 3222 tionem
994 3168 1047 3221 in
1075 3166 1258 3219 labore
1292 3175 1503 3219 aetatem
1540 3164 1683 3233 agit;
1742 3164 1836 3218 sed
1878 3163 2079 3232 liquido
2109 3172 2345 3225 constat,

771 3259 911 3326 quod
938 3268 1087 3311 certo
1122 3267 1349 3324 uterque
1384 3256 1613 3309 consilio
1651 3256 1781 3309 istas
1818 3254 2097 3309 molestias
2130 3253 2341 3307 subeat:

774 3352 911 3406 alter
944 3350 1199 3403 nimirum
1234 3349 1308 3402 uti
1344 3347 1519 3415 fruges
1557 3350 1886 3415 uberemque
1922 3360 2153 3399 messem
2201 3343 2350 3399 colli-

774 3454 892 3512 gat;
920 3442 1076 3505 alter,
1119 3450 1177 3493 ut
1212 3442 1440 3494 nauticae
1467 3438 1846 3510 negotiationis
1875 3436 2093 3491 divitias
2130 3436 2343 3490 referat.

772 3536 849 3589 Tu
876 3550 1005 3590 vero
1034 3534 1142 3599 dic,
1172 3538 1350 3600 sodes,
1378 3533 1627 3602 quidnam
1662 3540 1892 3601 spectes,
1913 3541 1966 3584 ut
1994 3530 2073 3584 sic
2095 3529 2353 3599 colligas?

772 3630 972 3697 quidve
1010 3627 1131 3682 fluis
1168 3626 1497 3696 prepositum
1529 3626 1619 3689 sit,
1655 3606 1716 3677 ut
1759 3624 1829 3677 ita
1864 3636 1994 3690 opes
2023 3620 2347 3674 inutilesex-

774 3730 987 3773 struere
1011 3717 1271 3772 studeas?
1297 3716 1386 3769 Vel
1438 3718 1574 3785 ipse,
1609 3716 1807 3784 inquis,
1843 3729 1929 3768 me
1963 3723 2218 3782 aspectus
2261 3711 2354 3764 de-

773 3810 956 3863 lectat.
1005 3807 1164 3877 Atqui
1210 3808 1411 3859 ratione
1456 3807 1559 3859 alia
1595 3807 1784 3859 mOtbo
1812 3815 1900 3860 tuo
1943 3805 2191 3874 indulge;
2230 3820 2351 3856 nant

781 3900 971 3952 alienis
1006 3900 1167 3950 etiam
1202 3896 1358 3950 bonis
1408 3896 1601 3949 sedare
1659 3899 1761 3948 hoc
1812 3893 2138 3947 desiderium
2178 3903 2351 3961 potes.

787 3992 843 4043 Si
888 4001 937 4043 te
964 3988 1109 4056 capit
1138 4004 1200 4040 ac
1228 3987 1495 4041 exhilarat
1553 3987 1759 4055 argenti
1803 3986 1996 4056 fulgor,
2037 3988 2090 4039 in
2120 3987 2356 4055 argenti-

783 4082 941 4136 licttltt
968 4080 1193 4133 ollicinis
1218 4078 1474 4132 assidenti
1506 4088 1882 4132 coruscantem
1920 4081 2132 4146 argenti
2181 4080 2352 4133 lucem

780 4171 1135 4239 contemplari
1168 4169 1323 4233 licet;
1380 4180 1472 4222 attt
1522 4170 1668 4223 circa
1726 4169 1901 4223 forum
1933 4179 1985 4222 et
2032 4170 2144 4224 loca
2178 4187 2353 4224 rerum

784 4263 1076 4324 venalium,
1115 4262 1202 4315 ubi
1240 4260 1397 4322 disci,
1430 4262 1635 4325 lances,
1690 4261 1935 4327 aqu-ales,
1979 4277 2041 4315 ac
2070 4277 2229 4316 omne
2266 4278 2355 4331 ge-

784 4372 884 4409 nus
914 4365 1160 4425 prostant
1205 4352 1445 4421 exposita
1478 4367 1628 4411 vasa.
1681 4354 1921 4407 allillllllll
1953 4355 2241 4409 obleet:.re.
2268 4357 2358 4410 Li-

782 4456 972 4507 berum
998 4451 1098 4505 hoc
1122 4464 1183 4503 ac
1223 4449 1517 4518 gratuitum
1546 4448 1936 4517 spectaculum.
1978 4448 2082 4503 Sed
2118 4462 2169 4504 et
2205 4467 2360 4504 nont-

785 4541 1044 4594 molarios
1094 4551 1342 4606 spectare
1393 4537 1541 4599 licet,
1590 4537 1763 4605 quiin
1818 4539 2018 4592 titensis
2079 4542 2358 4607 pecuniam

782 4632 1002 4687 assidue
1057 4636 1398 4684 contrectant
1450 4637 1613 4696 atque
1670 4628 2034 4684 dinutneraut.
2080 4629 2204 4683 lmo-
2235 4647 2361 4685 vero

784 4722 945 4777 rectis
995 4720 1173 4790 potius
1216 4718 1596 4785 obtemperans
1662 4718 1899 4780 monitis,
1950 4734 2173 4786 pravum
2217 4721 2359 4775 hunc

792 4814 1088 4884 appetitum
1119 4825 1313 4875 exues,
1338 4825 1401 4863 ac
1428 4810 1667 4863 animum
1701 4810 1954 4865 mutabis.
1987 4811 2183 4866 Facilis
2217 4814 2359 4866 enim

2445 1706 2623 1777 ζητῶν
2654 1708 2717 1758 ἐκ
2742 1702 2836 1757 τοῦ
2862 1701 3260 1764 κινδυνεύοντος
3288 1700 3461 1763 σίτου,
3490 1699 3585 1752 καὶ
3617 1699 3679 1751 ού
3706 1698 3923 1751 δίδωσιν
3945 1716 3960 1729 ·
3999 1699 4036 1766 ἢ

2444 1798 2589 1860 δοὺς,
2627 1795 2900 1865 φειδωλῶς
2940 1793 3224 1865 χαρίζεται
3269 1792 3363 1845 καὶ
3389 1789 3710 1862 ἠμίθνητος,
3746 1788 3842 1843 τοῦ
3880 1789 4033 1842 σίτου

2448 1890 2653 1961 σφόδρα
2700 1888 3109 1960 περιεχόμενος.
3155 1884 3248 1955 Μὴ
3288 1883 3467 1937 τοίνυν
3505 1883 3792 1953 ἀπέραντα
3842 1881 4036 1953 μόχθει

2447 1982 2541 2036 καὶ
2574 1980 2809 2051 χαλέπα,
2850 1979 2877 2031 ὁ
2906 1975 3169 2040 τοιοῦτος,
3203 1973 3530 2047 παρακαλῶ.
3572 1974 3752 2026 Ἐλέου
3792 1974 3890 2044 μὲν
3924 1973 4036 2044 γὰρ

2447 2074 2595 2139 ἄξιος
2618 2074 2713 2126 καὶ
2734 2073 2761 2124 ὁ
2788 2071 3009 2143 τρυφῶν
3040 2070 3395 2139 πλεονέκτης,
3428 2069 3457 2121 ὁ
3484 2070 3547 2138 τῇ
3572 2068 3770 2139 γαστρὶ
3793 2069 3885 2120 καὶ
3915 2070 4037 2130 ταῖς

2448 2166 2631 2229 ἄλλαις
2660 2165 2873 2235 ἡδοναῖς
2907 2159 3235 2232 περιορίζων
3272 2160 3361 2211 τὸν
3401 2158 3534 2224 βίον,
3565 2157 3724 2211 τοῦτο
3755 2157 3905 2221 τέλος
3952 2174 4038 2208 νο-

2452 2257 2623 2327 μίζων
2672 2256 2771 2325 τῆς
2818 2253 3255 2323 ἀνθρωπότητος.
3304 2251 3363 2303 Ὀ
3403 2250 3460 2303 δὲ
3508 2252 3890 2320 μικροπρεπὴς
3939 2252 4038 2303 καὶ

2453 2347 2835 2418 σμικρολόγος,
2869 2345 2988 2397 οὐδὲ
3021 2344 3219 2415 μέτρον
3253 2342 3366 2413 ἔχει
3389 2343 3488 2413 τῆς
3519 2341 3854 2411 ἀθλιότητος,
3892 2341 4034 2412 λαμ-

2450 2438 2626 2491 ϐάνων
2656 2437 2723 2489 τὰ
2748 2435 2856 2488 τῶν
2896 2433 3129 2496 πολλῶν,
3168 2434 3259 2487 καὶ
3287 2432 3466 2503 ἐαυτῷ
3502 2432 3576 2503 μὴ
3602 2432 3797 2495 διδοὺς,
3822 2434 3905 2496 είς
3941 2433 4036 2485 οὒ-

2449 2528 2536 2580 δὲν
2562 2528 2617 2580 δὲ
2644 2526 2968 2595 καταλήγων
2996 2524 3097 2593 τῆς
3123 2523 3360 2594 σπουδῆς
3392 2522 3761 2593 ἀποτέλεσμα.
3802 2523 3897 2586 Τίς
3928 2522 4041 2595 γὰρ

2450 2621 2550 2672 οὑκ
2583 2615 2742 2681 οἶδεν,
2787 2618 2862 2681 ὡς
2900 2616 3053 2669 οὐδὲν
3091 2617 3199 2668 τῶν
3238 2615 3556 2683 γινομένων,
3591 2615 3732 2686 πλὴν
3765 2616 3873 2667 τῶν
3905 2616 4040 2685 ἀρεο

2450 2711 2579 2769 τῶν.
2611 2709 2742 2763 αὐτὸ
2784 2709 2847 2761 δι’
2883 2707 3042 2760 ἑαυτὸ
3074 2707 3306 2775 γίνεται,
3340 2705 3451 2759 ἀλλ’
3476 2706 3663 2778 ἕτερόν
3698 2724 3749 2759 τι
3798 2706 4043 2777 πράττο-

2456 2818 2574 2870 μεν,
2608 2800 2672 2852 ἵν’
2706 2797 2831 2853 ἄλλο
2854 2796 3325 2865 κατορθώσωμενς
3362 2796 3550 2859 Οὐδεὶς
3578 2795 3775 2857 πλέων,
3808 2796 3874 2848 δι’
3906 2796 4045 2849 αὑτό

2453 2894 2512 2945 τὸ
2568 2892 2740 2954 πλεῖ-ι,
2798 2888 3135 2944 θαλαττεύειο
3176 2888 3295 2940 οὐδὲ
3358 2888 3641 2960 γεωργῶν,
3693 2889 3759 2942 δι’
3805 2888 3941 2942 αὐτὸ
3980 2888 4046 2942 τὸ

2454 2986 2741 3055 γεωργεῖν,
2781 2985 2895 3046 τοῖς
2922 2983 3103 3045 πόνοις
3137 2981 3291 3052 συζῇε
3329 2981 3465 3034 ἀλλὰ
3511 2981 3794 3052 πρόδηλον,
3825 2984 3903 3048 ὡς
3928 2988 4047 3049 τοῖς

2452 3073 2714 3144 λυπηροῖς
2766 3070 3191 3142 ἐγκαρτεροῦσιν
3242 3070 3562 3139 ἀμφότεροι,
3599 3071 3628 3122 ὀ
3671 3070 3770 3140 μὲν
3806 3072 3895 3126 ἵνα
3940 3074 4049 3145 τὴν

2453 3164 2785 3236 ἐπικαρπίαν
2808 3164 2906 3233 τῆς
2933 3163 3056 3235 γῆς,
3089 3163 3118 3214 ὁ
3145 3162 3201 3215 δὲ
3233 3162 3319 3215 ἵνα
3356 3162 3447 3213 τὸν
3480 3161 3705 3215 πλοῦτον
3734 3164 3831 3233 τῆς
3855 3181 4047 3218 ναυτι-

2454 3258 2555 3326 κῆς
2590 3256 2857 3327 ἐμπορίας
2900 3256 3216 3326 κομίσηται.
3250 3255 3321 3307 Σὺ
3356 3254 3433 3313 δὲ.
3459 3254 3513 3307 τί
3543 3254 3602 3308 τὸ
3629 3255 3719 3309 σὺν
3754 3256 3929 3326 πέρας
3962 3260 4041 3311 εἰσ

2454 3353 2540 3406 πέ.
2572 3352 2689 3405 ’Ίνα
2714 3352 3024 3420 συναγάγῃς
3046 3368 3060 3415 ;
3087 3350 3194 3402 Καὶ
3218 3351 3365 3401 ποῖον
3394 3348 3552 3403 τοῦτο
3579 3349 3728 3412 τέλος
3758 3351 3837 3413 τὸ,
3865 3352 4013 3423 iiqu
4031 3384 4047 3393 ο

2454 3461 2577 3497 στον
2606 3442 2738 3513 ὓλην
2779 3440 3153 3512 σωρεύσαντα,
3200 3439 3459 3510 (nemo;
3508 3440 3713 3512 Τέρπει
3761 3458 3847 3511 με,
3883 3446 4046 3511 φησὶ,

2454 3535 2549 3589 καὶ
2571 3534 2746 3606 ήθέα.
2782 3532 2993 3587 Οὐκοῦν
3018 3533 3191 3596 άλλως
3224 3533 3285 3584 τὸ
3317 3532 3755 3604 σαυτοῦ¹νόσημα
3790 3534 4046 3603 μέτελθε.

2458 3625 2705 3691 Ἔξεστιν
2732 3622 2840 3692 γὰρ
2884 3624 2979 3676 καὶ
3007 3625 3119 3693 τοῖς
3144 3621 3447 3693 ἀλλοτρίοις
3482 3623 3728 3692 χρήμασι
3761 3641 4051 3694 προσανα-

2456 3716 2649 3770 παύειν
2680 3715 2770 3767 τὸν
2809 3714 2986 3767 πόθον.
3026 3713 3087 3767 El
3131 3713 3411 3786 εὐφραίνει
3462 3731 3520 3766 σε
3554 3715 3614 3766 τὸ
3660 3714 3914 3767 στιλπνὸν
3949 3718 4051 3769 τοῦ

2456 3809 2745 3881 ἀργυρίου,
2780 3804 3234 3878 προσκαθήμενος
3276 3807 3387 3868 τοῖς
3420 3805 3774 3874 ἀργυροχόοις
3803 3805 4052 3860 dume-

2458 3918 2525 3954 πε
2549 3899 2684 3971 πρὸς
2716 3898 2816 3969 τὴν
2849 3897 3060 3966 πυκνὴν
3091 3895 3183 3948 καὶ
3221 3895 3540 3949 στίλϐουσαν
3570 3896 3762 3965 αὑγήν·
3794 3897 3825 3966 ἢ
3852 3898 3946 3949 καὶ⁵
3976 3899 4055 3950 τὰ

2459 3993 2737 4065 πρατήρια
2800 3990 3260 4061 καταλαμϐάνων,
3324 3989 3529 4057 τέρπου
3600 3990 3711 4051 τοῖς
3780 3988 4055 4054 ποικίλοις

2461 4082 2733 4145 σκεύεσιν,
2757 4080 3042 4152 ὀψοφόροις
3069 4096 3126 4132 τε
3158 4078 3253 4131 καὶ
3277 4077 3548 4148 προχόοις·
3596 4079 3794 4147 προῖκα
3826 4078 3935 4148 γάρ
3963 4095 4055 4133 σοι

2459 4178 2554 4229 καὶ
2592 4172 2869 4228 ἀκώλυτον
2901 4173 2934 4241 ὴ
2969 4170 3083 4223 οέα.
3133 4171 3276 4239 Ὅρα
3325 4168 3417 4221 καὶ
3453 4169 3576 4228 τοὺς
3620 4169 4056 4239 ἀργυρογνώμο-

2460 4284 2557 4324 νας
2627 4266 2753 4328 τοὺς
2816 4262 2909 4316 επὶ
2983 4260 3091 4314 τῶν
3161 4260 3447 4330 τραπεζῶν
3508 4260 3868 4331 ψηλαφῶντας
3951 4265 4055 4315 καὶ

2464 4359 2834 4430 ἀριθμοῦντας
2891 4354 3127 4425 συνεχῶς
3181 4357 3250 4406 τὰ
3300 4354 3646 4424 νομίσματα’
3717 4354 3918 4423 μᾶλλον
3968 4356 4054 4419 δὲ,

2463 4449 2784 4521 παραινέσει
2846 4446 3089 4508 πεισθεὶς
3129 4443 3332 4515 ἀγαθῇ.
3380 4444 3613 4514 μετάοου
3666 4445 3763 4514 τῆς
3797 4444 4053 4515 γνώμης.

2463 4541 2697 4603 Εὓκολος
2740 4539 2849 4610 γὰρ
2887 4540 2919 4608 ἡ
2955 4537 3257 4607 διόρθωσις,
3300 4534 3486 4605 ἐπειδὴ
3523 4536 3596 4605 μὴ
3638 4533 3853 4602 φύσεώς
3899 4536 4058 4589 ἔστιν

2462 4634 2676 4701 ἀνάγκη
2729 4626 3029 4691 πλεονεξία,
3088 4626 3232 4696 ὁρμὴ
3282 4625 3338 4677 δὲ
3394 4624 3785 4694 προαιρέσεως·
3832 4625 3899 4693 ἢν
3954 4642 4055 4695 με-

2467 4722 2719 4778 ταϐαλείν
2757 4724 2868 4782 τοῖς
2899 4720 2957 4772 τὸ
3001 4718 3279 4788 συμφέρον
3306 4714 3766 4784 ἐπιλογιζομένοις
3798 4717 3859 4768 οὐ
3889 4718 4058 4787 χαλε-

2470 4816 2587 4867 πόν.

789 4903 1079 4966 ευιτεοιὶο,
1108 4916 1232 4955 cum
1269 4900 1497 4953 avaritia
1528 4916 1633 4955 non
1659 4902 1731 4955 sit
1762 4902 1942 4970 aliqua
1986 4905 2244 4958 naturalis
2286 4907 2608 4971 necessitas,
2641 4908 2733 4961 sed
2765 4908 2998 4976 impetus
3046 4920 3109 4958 ac
3161 4906 3461 4957 voluntaria
3510 4904 3752 4972 quaedam
3808 4901 4055 4965 affectio,

789 5014 952 5071 quam
982 5000 1251 5066 deponere
1280 4996 1420 5049 haud
1459 4996 1527 5051 iis
1559 4998 1631 5051 sit
1661 4995 1895 5062 difﬁcile,
1931 5000 2019 5067 qui
2057 5010 2307 5069 reputent
2333 5014 2393 5053 ac
2423 5003 2602 5055 norint
2634 5003 2956 5057 concludere
2990 5000 3130 5069 quod
3166 4999 3293 5052 utile
3318 5000 3405 5052 sit.

860 5090 1112 5160 Prospice
1140 5088 1323 5143 animo
1354 5087 1405 5140 in
1464 5086 1705 5142 futurum
1738 5097 1971 5159 tempus,
2009 5090 2228 5158 quando
2258 5106 2362 5143 non

786 5186 934 5250 om;
990 5180 1205 5252 quando
1256 5180 1491 5248 pauxilla
1577 5189 1722 5233 terra
1778 5190 2155 5249 exporrectum
2216 5190 2364 5235 tuum

793 5290 992 5345 corpus
1042 5272 1193 5328 omni
1233 5273 1545 5327 destitutum
1602 5287 1763 5327 sensu
1831 5274 2075 5326 habitura
2136 5286 2248 5339 est;
2305 5290 2367 5328 ac

790 5384 1085 5441 paucorum
1118 5365 1291 5419 tabula
1329 5363 1656 5432 palmorum,
1712 5374 1833 5417 tuas
1874 5375 2185 5418 contectura
2239 5365 2363 5417 reli-

788 5462 967 5533 quius.
998 5459 1096 5514 Ubi
1159 5468 1286 5509 tunc
1327 5470 1481 5523 opes,
1538 5470 1601 5507 ac
1658 5455 1885 5509 collecta
1944 5456 2197 5509 cimelia?
2237 5457 2369 5521 Quis

861 5616 973 5687 (ἳό)
1018 5612 1123 5665 Pro
1176 5609 1490 5687 medicorum
1644 5614 1734 5686 .eo's
1788 5608 2051 5687 instituto,
2102 5609 2211 5687 qui,
2262 5616 2364 5660 etc.

791 5676 917 5742 Levi
956 5676 1397 5751 'transpositi‘one
1447 5676 1654 5729 restitui
1721 5680 1862 5743 quod
1912 5688 2063 5751 textu
2121 5679 2358 5751 luxatum

796 5768 915 5808 erat
966 5747 1147 5820 atque
1176 5747 1479 5806 confusum.
1522 5761 1651 5820 cum
1699 5757 1853 5820 antea
1912 5748 2198 5820 legeretur,
2252 5747 2363 5820 toi;

786 5815 1227 5899 διαφορουμένοις
1260 5815 1649 5886 καταμερίζει·
1691 5818 1883 5885 quippe
1912 5815 2159 5881 alterum,
2200 5818 2365 5870 medi-

2547 5092 2892 5161 ’Υπέρκυψον
2928 5090 3007 5159 τῷ
3044 5088 3290 5158 λογισμῴ
3330 5090 3408 5150 εἰς
3438 5087 3526 5139 τὸν
3560 5085 3685 5153 ἑξῆς
3716 5086 3925 5156 χρόνον,
3959 5084 4058 5139 ὅτε

2465 5184 2562 5235 οὐκ
2594 5182 2692 5254 ἔσῃ
2746 5184 2834 5234 ὅτε
2864 5180 3037 5251 μικρὰ
3078 5182 3148 5249 γῆ
3180 5178 3395 5242 καθέξει
3434 5195 3526 5230 σου
3568 5176 3945 5245 διηπλωμένον
3993 5178 4058 5229 τὸ

2469 5271 2626 5339 σῶμα
2648 5270 3004 5339 ’ἀναίσθητον
3040 5267 3182 5330 πλάξ
3223 5267 3279 5319 δὲ
3312 5267 3507 5332 ὀλίγων
3553 5263 3840 5333 σπιθαμῶν
3878 5263 4049 5316 καλύ-

2467 5361 2555 5429 ψει
2578 5362 2636 5412 τὸ
2663 5361 2931 5429 λείψανον.
2964 5360 3072 5411 Ποῦ
3099 5359 3220 5411 τότε
3246 5359 3273 5408 ὁ
3306 5357 3533 5418 πλοῦτος
3557 5357 3650 5409 καὶ
3677 5358 3745 5407 τὰ
3767 5355 4035 5425 συναχθέν

2467 5474 2533 5507 τα
2588 5456 2877 5524 κειμήλια;
2912 5454 3005 5515 Τίς
3059 5455 3086 5503 ὁ
3129 5451 3236 5503 τῶν
3268 5448 3735 5517 καταλειφθέντων
3784 5446 4064 5515 κλειρονό-

2479 5621 2569 5659 eos
2592 5647 2605 5667 ,
2641 5620 2865 5659 alterum
2925 5604 3142 5670 respicit
3170 5616 3411 5655 avarum.
3443 5601 3531 5668 qui
3565 5599 3787 5668 idipsuni
3824 5617 4063 5670 propor-

2474 5679 2619 5727 tione
2671 5676 2723 5727 in
2779 5674 3044 5726 frutnenta
3098 5670 3423 5723 tabescentia
3476 5682 3708 5735 prmstet,
3766 5684 3931 5739 atque
3982 5674 4063 5725 illi

2474 5746 2524 5797 in
2575 5760 2799 5811 «corpora
2850 5744 3203 5796 immoderato
3244 5746 3433 5811 calore
3482 5739 3943 5805 eontabescentia,
3996 5758 4064 5795 ac

2476 5830 2592 5881 qius:
2630 5810 2737 5867 tota
2774 5815 2823 5866 iu
2861 5814 3084 5867 sudores
3118 5810 3477 5870 resolvantur,
3518 5822 3726 5861 acmstu
3763 5811 4062 5864 exhausta.
