4212 6318
154 420 244 474 9.05

1182 422 1463 477 IllillllJA
1502 424 1588 478 111.
1629 420 1991 478 ADVERSUS
2024 419 2426 475 AVARITIAM.

3301 420 3407 477 200

160 550 274 603 μοςς
302 533 381 586 υὺ
410 534 527 606 γὰρ
570 536 795 599 πάντως
840 539 1044 600 ἐκεῖνος
1093 533 1245 592 ἔσται
1281 540 1543 610 διάδοχος,
1576 539 1635 593 ὃν
1672 540 1735 591 σὺ

1844 540 2108 595 bonorum
2157 539 2465 593 relictorum
2498 536 2709 594 haeres?
2748 536 2856 592 Nec
2886 538 3031 593 enim
3077 538 3124 592 is
3162 540 3405 604 omnino,

161 624 468 697 προσδοκᾷς.
524 629 625 680 “Av
675 628 870 691 παῖδας
920 628 1275 700 καταλείπῃς,
1330 631 1492 700 τυχὸν
1547 630 1735 684 κονδυ-

161 717 515 789 λισθήσονται,
572 722 672 773 καὶ
727 720 1034 791 όμότροπός
1077 738 1172 774 σου
1217 723 1551 792 πλεονέκτης
1604 722 1737 795 θρη-

160 806 367 871 νοῦντας
408 810 616 871 αὐτοὺς
654 810 756 881 τῆς
793 811 970 873 οἰκίας
1019 812 1114 881 τῆς
1141 813 1416 884 πατρικῆς
1453 812 1734 866 ἀπελάσει.

161 900 265 953 Κᾶν
289 899 464 962 ἄπαις
491 900 585 952 ὲπί
616 918 741 954 τινα
765 902 876 954 τῶν
901 901 1070 969 φίλων
1100 902 1476 976 παραπέμψῃς
1501 903 1591 955 τὸν
1617 902 1740 974 κλῆ-

161 1006 261 1059 ρον,
292 990 369 1059 μὴ
403 992 650 1062 πρόσεχέ
683 1009 777 1044 σου
809 995 873 1063 τῇ
902 992 1263 1063 διαθήκῃ,·ὼς
1292 996 1534 1065 ἀκινήτῳ
1565 995 1735 1065 νόμῳ,

156 1081 223 1143 ὡς
250 1084 543 1154 πράγματι
565 1084 945 1154 ἀναπιρῤήτιρ
973 1086 1067 1137 καὶ
1101 1086 1325 1156 ἰσχυρῷ.
1362 1086 1548 1157 Ὀλίγη
1573 1103 1738 1139 σπου-

157 1172 212 1242 δὴ
243 1175 449 1245 ἄκυρον
481 1178 656 1227 ποιεῖν
680 1175 779 1245 τὴν
811 1175 1046 1246 γραφήν.
1082 1176 1151 1227 Ἢ
1170 1177 1265 1247 οὐχ
1292 1179 1424 1248 ὁρᾷς
1451 1178 1578 1239 τοὺς
1611 1195 1738 1229 συν-

156 1265 285 1333 εχῶς
313 1268 373 1318 ἐν
398 1269 511 1329 τοῖς
539 1267 911 1337 δικαστηρίοις
935 1267 1074 1321 κατὰ
1104 1267 1212 1320 τῶν
1239 1268 1511 1339 διαθηκῶν
1536 1272 1737 1338 ἀγωνιο

158 1358 435 1427 ζομένους,
462 1359 614 1422 ὅπως
644 1358 810 1421 αὑτὰς
854 1359 1120 1422 ποικίλοις
1163 1361 1522 1431 ἐγχειρήμασι
1566 1377 1739 1431 παρα-

158 1450 463 1522 κρούονται,
501 1455 625 1516 τοὺς
669 1452 776 1504 τῶν
824 1452 1005 1523 νόμων
1048 1452 1297 1521 τεχνίτας
1346 1451 1738 1523 προϊστάμενοι

158 1544 510 1614 συνηγόρους,
547 1544 673 1606 τοὺς
709 1542 915 1606 δεινοὺς
970 1546 1207 1615 ῥήτορας
1248 1545 1575 1615 ἐπαγόμενοι
1610 1545 1734 1615 βοη-

156 1634 295 1697 Θοὺς,
321 1634 780 1705 ψευδομάρτυρας
813 1635 1125 1705 τρέφοντες,
1149 1635 1470 1707 δικαστήρια
1493 1635 1737 1704 διαφθεί-

159 1740 371 1793 ροντεςς
418 1722 531 1777 Καὶ
582 1723 669 1777 διὰ
722 1724 878 1777 τοῦτο
927 1717 991 1791 ἐξ
1035 1718 1111 1777 ὧν
1155 1726 1286 1796 ὁρᾷς
1314 1725 1441 1790 ζῶν,
1475 1724 1739 1797 περὶτῶν

159 1812 456 1882 μελλόντων
488 1813 598 1868 τῶν
646 1813 785 1885 μετά
827 1816 885 1867 σὲ
932 1814 1210 1871 παιδεύου.
1247 1817 1309 1869 Ei
1344 1816 1553 1870 δίκαιον
1595 1816 1737 1888 ἔχεις

1838 647 1998 700 quem
2054 632 2317 694 destinas,
2384 630 2598 685 futurus
2649 640 2750 685 est.
2781 630 2836 685 Si
2908 618 3061 684 liberi
3086 630 3409 698 superstites

1839 724 1968 782 sint,
2002 736 2178 791 pugno
2227 721 2367 775 forte
2411 736 2476 775 ac
2539 720 2850 776 verberibus
2888 722 3186 787 medentur,
3227 723 3411 791 tuique

1840 813 2034 867 similis
2097 827 2294 867 avarus
2355 812 2600 882 Ingentes
2656 821 2876 880 paterna
2943 816 3104 867 domo
3156 813 3406 882 expellet.

1839 903 1990 968 Quod
2031 903 2073 957 si
2105 904 2270 958 orbus
2317 903 2504 958 liberis
2542 904 2607 956 ad
2643 894 2871 973 aliquem
2909 906 3203 959 amicorum
3235 915 3412 959 trans-

1841 994 2020 1047 mittas
2048 994 2435 1057 haereditatmn,
2473 1012 2576 1047 non
2606 1004 2688 1048 est
2732 1010 2831 1049 cur
2867 997 3174 1051 testamenti
3214 996 3412 1051 tabulis

1842 1100 2165 1155 magnopere
2185 1086 2445 1149 conﬁdas,
2482 1096 2735 1152 tanquam
2760 1094 2924 1140 certae
2951 1095 3004 1139 et
3036 1086 3265 1140 delinilze
3283 1086 3406 1155 legi,

1842 1188 2093 1246 tanquam
2164 1179 2237 1231 rei
2296 1179 2512 1232 minime
2568 1187 2971 1242 controversa,
3023 1181 3215 1250 cuique
3264 1169 3422 1235 nullo

1842 1272 2001 1325 modo
2028 1272 2321 1326 contradici
2353 1282 2535 1339 queat.
2571 1271 2775 1327 Modica
2803 1289 2965 1341 opera
2998 1274 3320 1342 scripturam
3348 1288 3411 1328 ac

1846 1363 2056 1417 tabulas
2091 1363 2276 1417 irritas
2305 1366 2407 1418 fac.
2451 1364 2637 1418 Nonne
2666 1379 2762 1418 eos
2795 1365 2947 1419 vides
2995 1365 3083 1432 qui
3119 1365 3332 1419 assidue
3356 1366 3406 1417 in

1843 1451 1960 1506 foro
1997 1469 2158 1520 super
2185 1457 2777 1525 testamentislitigant,
2833 1473 2939 1526 quo
2973 1456 3137 1510 variis
3163 1471 3222 1511 ea
3255 1456 3407 1510 moli-

1844 1545 2079 1599 liOIlillUS
2108 1560 2171 1599 ac
2204 1546 2407 1600 artibus
2429 1557 2675 1601 evertant
2703 1548 3048 1616 eludanlqne,
3068 1548 3410 1617 jurisperitos

1841 1645 2100 1704 patronos
2122 1634 2465 1700 adhibentes,
2501 1649 2747 1693 oratores
2791 1638 3184 1693 disertissimos
3211 1637 3410 1691 auxilit-

1842 1727 2193 1791 asciscentes,
2232 1727 2397 1781 falsos
2432 1736 2595 1783 testes
2631 1729 2880 1783 mercede
2919 1728 3410 1797 condttcentes,ju-

1843 1813 2021 1867 dicum
2056 1830 2346 1871 concessus
2376 1816 2810 1885 corrumpentes?
2856 1816 3214 1882 Quamobrem
3244 1834 3305 1872 ex
3341 1819 3410 1875 iis

154 1906 238 1958 τὸν
262 1906 520 1967 πλοῦτον.
552 1909 633 1971 εἰς
654 1908 772 1961 δέον
798 1909 1017 1981 χρῆσαι,
1041 1910 1116 1971 ὠς
1144 1910 1172 1961 ὁ
1202 1910 1474 1980 μακάριος
1520 1910 1658 1963 Ἰώϐ·
1688 1912 1735 1977 εί

1842 1920 1962 1974 qua:
1988 1914 2039 1959 te
2071 1916 2343 1975 spectante
2375 1922 2440 1962 ac
2490 1907 2613 1963 vivo
2648 1910 2801 1974 tiunt,
2836 1910 2901 1963 de
2961 1910 3043 1963 his
3088 1908 3253 1963 facito
3279 1925 3409 1963 con-

155 1996 351 2058 ἇδικον,
385 1997 657 2051 ἀνάλυε-ον
679 1998 842 2052 αὐτὸν
874 2000 967 2052 ἐπὶ
992 2000 1119 2063 τοὺς
1149 1999 1470 2069 βιασθέντας
1491 2000 1732 2069 κυρίους,

156 2089 224 2150 ὡς
247 2089 598 2161 αἰχμάλωτον
629 2092 694 2144 ἐκ
722 2091 1035 2163 πολέμου·ἣ
1069 2091 1231 2144 αὐτὸν
1255 2092 1314 2144 ὃν
1338 2090 1549 2156 ἔλαϐες,
1578 2090 1611 2161 ἢ
1642 2107 1737 2161 με-

157 2179 219 2232 τὰ
249 2181 593 2253 προσθήκης,
628 2182 702 2245 ὡς
732 2182 761 2231 ὁ
788 2183 1074 2251 Ζακχαῖος.
1113 2184 1176 2235 Εἰ
1204 2184 1279 2254 μὴ
1309 2182 1459 2253 ἔχῃς,
1498 2182 1572 2253 μὴ
1604 2183 1737 2253 κτή-

158 2289 217 2343 σῃ
252 2273 459 2336 κακῶς.
500 2276 591 2327 Σοὶ
626 2275 726 2345 μὲν
760 2276 867 2347 γὰρ
902 2274 946 2306 ⁸³
981 2275 1336 2346 ἀκολουθήσει
1394 2274 1591 2345 πικρὸν
1639 2275 1739 2342 ὲφ-

155 2363 285 2417 eam
336 2367 370 2435 ή
429 2365 696 2436 ἁμαρτία,
750 2365 847 2435 τὴν
898 2366 1201 2435 ἀναγκαίαν
1245 2365 1592 2437 πορευομένῳ
1636 2382 1731 2418 ποο

161 2457 325 2526 ρείαν·
360 2461 394 2528 ή
421 2459 481 2511 δὲ
519 2460 818 2523 ἀπόλαυσις
855 2458 963 2512 τῶν
989 2458 1316 2529 κτηθέντων,
1349 2452 1432 2519 οἷς
1456 2458 1519 2510 οὐ
1564 2456 1730 2526 γινώ-

160 2563 320 2611 σκεις,
352 2548 874 2620 καταλειφθήσεται.
914 2550 1024 2603 Καὶ
1058 2550 1178 2601 τότε
1204 2548 1294 2602 τὸν
1325 2548 1489 2601 Δαϐὶδ
1520 2546 1733 2615 θαυμάε-

158 2656 264 2703 σεις
296 2640 557 2709 λέγοντα·
599 2641 968 2709 Θησιιυριζει,
1025 2639 1147 2694 καί⁸
1175 2642 1245 2693 οὐ
1290 2640 1568 2717 γινώσκει
1615 2638 1732 2691 τίνι

158 2731 401 2795 συνάξει
454 2732 627 2787 αὑτά.
688 2733 965 2804 Γνωρίσῃς
995 2732 1052 2786 δὲ
1094 2732 1189 2785 καὶ
1227 2731 1317 2784 τὸν
1351 2729 1604 2783 πλούσιον
1648 2727 1736 2780 τὸν

161 2824 431 2879 ἀντίθετον
455 2824 550 2880 τοῦ
586 2821 863 2893 Λαζάρου,
899 2823 989 2876 τὸν
1015 2824 1218 2894 ἀρτίως
1246 2824 1377 2893 ἡμῖν
1413 2822 1477 2874 ὲκ
1500 2817 1607 2872 τῶν
1631 2819 1737 2872 Εὐ·-

160 2915 423 2983 αγγελίων
468 2913 910 2985 ἀναγνωσθέντα,
955 2916 1017 2967 οὐ
1064 2914 1231 2989 μῦθον
1266 2912 1622 2983 συγκείμενον
1659 2912 1741 2973 είς

161 3006 518 3078 κατάπληξιν,
571 3006 710 3061 ἀλλά
756 3004 926 3059 τύπον
964 3006 1165 3077 ἀκριϐῆ
1213 3003 1587 3075 παραδοθέντα
1641 3000 1737 3054 τοῦ

163 3096 465 3164 μέλλοντος.

162 3188 461 3259 Erangeliis
510 3190 714 3245 lectum
756 3231 771 3255 ,

158 3290 361 3349 typum.

1828 1997 2115 2064 jecturam,
2140 2015 2259 2069 quae
2291 2009 2409 2069 post
2439 2008 2491 2055 te
2514 1999 2687 2054 futura
2720 2014 2864 2055 sunt.
2887 2001 2945 2055 Si
2974 2000 3412 2070 suut~opesju$te

1834 2105 1897 2144 ac
1924 2091 2160 2159 legitime
2178 2103 2362 2160 partas,
2390 2092 2526 2147 bene
2542 2093 2641 2155 eis,
2662 2092 2905 2161 exemplo
2920 2093 3058 2148 beati
3080 2091 3202 2160 Job,
3220 2103 3367 2149 ntere
3390 2112 3404 2147 :

1835 2180 1879 2233 si
1908 2181 2043 2234 male
2073 2193 2126 2234 et
2154 2198 2249 2251 per
2276 2184 2429 2237 nefas
2463 2184 2723 2252 quaesitm,
2776 2186 2894 2239 sine
2939 2187 3194 2254 tauquam
3238 2186 3409 2254 capti-

1836 2284 1934 2323 vos
1960 2284 1987 2322 a
2021 2271 2181 2335 bello,
2207 2273 2272 2323 ad
2307 2271 2576 2338 dominos,
2597 2288 2624 2324 a
2651 2273 2843 2337 quibus
2864 2272 2967 2325 illa:
2996 2273 3192 2338 injuria
3216 2272 3408 2327 ablata:

1839 2358 1967 2423 sint,
2006 2358 2213 2422 redire;
2244 2360 2324 2413 vel
2386 2361 2571 2430 quales
2612 2363 2913 2430 accepisti,
2978 2361 3059 2415 vel
3110 2363 3298 2427 etiam,
3332 2364 3405 2415 uti

1839 2450 2147 2516 Zaccba-us,
2176 2468 2296 2505 cum
2325 2451 2509 2507 fenore
2527 2469 2590 2508 ac
2617 2456 2876 2509 auctario.
2906 2453 2961 2509 Si
3001 2455 3176 2518 nullas
3214 2456 3403 2517 habes.

1840 2541 1946 2595 noli
1973 2556 2068 2610 per
2098 2542 2271 2597 malas
2295 2550 2442 2597 artes
2494 2525 2796 2613 acquirere.
2838 2543 3078 2616 Alioqui‘
3105 2548 3272 2609 enim,
3311 2550 3407 2601 ali-

1840 2642 2057 2687 cuntem
2093 2649 2157 2689 ac
2216 2635 2581 2689 necessarium
2639 2637 3029 2706 ingredientem
3092 2640 3214 2702 iter,
3254 2639 3409 2694 triste

1837 2727 2041 2794 peccati
2076 2727 2325 2781 viaticum
2353 2738 2707 2797 persequetur
2738 2746 2751 2782 :
2788 2727 3051 2798 bonisque
3095 2730 3192 2786 abs
3233 2739 3282 2784 te
3318 2746 3407 2785 re—

1839 2817 1979 2871 lictis
2023 2819 2181 2873 alieui
2209 2820 2484 2888 ignotique
2531 2818 2798 2875 fruentur.
2848 2819 2985 2874 Tum
3017 2822 3273 2875 Davidem
3300 2824 3405 2877 nti-

1840 2910 2028 2963 rabere
2051 2908 2361 2964 dicentem:
2408 2909 2774 2977 Tltesuurizat,
2823 2920 2870 2965 et
2907 2913 3113 2981 ignorat
3157 2913 3241 2965 cui
3284 2928 3407 2967 oon-

1835 2999 2071 3067 gregubit
2100 3016 2161 3053 ea
2189 3000 2254 3055 '°.
2294 3000 2428 3055 Tum
2462 3012 2516 3056 et
2571 3002 2788 3057 divitem
2852 3002 3000 3056 illum
3053 3003 3269 3058 noveris
3298 3002 3407 3058 La-

1840 3105 1968 3144 zaro
2018 3083 2323 3160 oppositum
2371 3132 2387 3156 ,
2446 3093 2591 3147 illum
2638 3095 2855 3164 quidem
2914 3096 3073 3151 modo
3134 3096 3289 3152 nobis
3338 3112 3406 3149 ex

828 3202 1000 3256 neque
1050 3182 1286 3237 fabulam
1350 3184 1416 3235 ad
1478 3191 1741 3237 terrorem
1783 3184 2158 3251 compositam,
2189 3185 2285 3239 sed
2332 3196 2541 3241 certum
2588 3201 2653 3241 ac
2704 3187 3019 3243 absolutum
3069 3189 3171 3244 aevi
3236 3189 3403 3246 futuri

233 3369 296 3421 Ἦ
326 3369 525 3439 βύσσος
556 3370 814 3440 ὲσὰπη,ή
849 3369 1098 3437 βασιλεία
1133 3368 1398 3439 μετῆλθεν
1424 3369 1503 3430 είς
1525 3367 1732 3437 ἕτερον,

1913 3367 2114 3438 Byssus
2145 3369 2505 3437 computruit;
2563 3384 2787 3445 regnum
2821 3372 2887 3425 ad
2923 3370 3085 3425 alium
3118 3374 3397 3438 transivit;

156 3460 209 3512 ιί
252 3460 459 3531 τροφαί⁵
510 3458 958 3532 κατηργήθησαν·
986 3461 1034 3530 δή
1080 3460 1175 3512 ἀπ’
1215 3459 1439 3512 ἐκείνων
1490 3458 1735 3530 ἁμαρτία

158 3536 611 3621 συνεξεδήμησεν,
645 3552 721 3614 ὼς
750 3551 879 3604 σκιὰ
906 3542 1295 3621 παραμένουσα
1333 3549 1599 3620 βαδίζοντι
1630 3548 1736 3602 σώ-

156 3656 303 3708 ματι.
338 3640 448 3692 Καὶ
483 3640 571 3693 διὰ
594 3640 753 3692 τοῦτο
795 3639 934 3711 μετὰ
957 3640 1056 3711 τὴν
1087 3639 1429 3693 πολυτέλειαν
1455 3639 1564 3694 τῶν
1599 3657 1735 3711 συμ-

156 3734 377 3788 ποσίων,
412 3736 507 3786 καὶ
535 3733 633 3803 τὴν
652 3732 986 3805 ἁϐροδίαιτον
1017 3733 1315 3803 τράπεζαν,
1352 3731 1543 3795 ὓδατος
1580 3731 1732 3802 ῥανί-

151 3824 212 3877 ὄσ
252 3825 410 3893 ζητεῖ
450 3824 712 3878 δακτύλου
759 3824 961 3895 λεπροῦ
993 3825 1428 3889 ἀποστάζουσαν·
1456 3827 1550 3878 καὶ
1578 3826 1735 3879 καλεῖ

150 3917 236 3969 τὸν
264 3917 483 3986 πτωχὸν
526 3918 628 3987 τῆς
663 3917 932 3989 τιμωρίας
970 3916 1329 3989 θεραπευτὴν,
1356 3917 1448 3970 τὸν
1472 3918 1593 3970 οὐδὲ
1623 3921 1732 3988 χεῖ-

152 4022 247 4075 ρας
274 4007 477 4076 ἔχοντα
495 4008 655 4077 τάχα.
690 4007 851 4078 ήνίκα
874 4007 950 4079 τῷ
979 4009 1185 4062 πυλῶνι
1213 4008 1661 4081 προσερρίπτετο·
1695 4004 1731 4080 ἦ

150 4097 253 4165 γὰρ
280 4097 353 4150 ἂν
380 4098 508 4162 τοὺς
535 4096 706 4161 κύνας
728 4098 1091 4170 ἀπεσόϐησεν,
1118 4099 1245 4163 τοὺς
1296 4099 1731 4170 ὲπιλειχομένους

150 4186 211 4240 τά
240 4187 561 4258 τραύματα.
601 4190 889 4262 Ἐπιθυμεῖ
911 4192 972 4246 δὲ
1007 4190 1272 4261 συμμίξαι
1300 4190 1379 4261 τῷ
1401 4191 1637 4263 Λαζάρῳ
1668 4193 1733 4245 ἐκ

149 4274 236 4329 τοῦ
272 4278 618 4348 κατὰντικρυ
651 4277 986 4351 βλεπομένῳ,
1025 4281 1120 4333 καὶ
1154 4280 1305 4351 μέσῳ
1333 4279 1628 4349 διείργεται
1653 4279 1733 4351 τῷ

148 4365 445 4437 ὀρύγματι,
507 4368 543 4437 ἢ
599 4368 677 4439 τῷ
719 4370 979 4440 χάσματι·
1043 4371 1102 4423 οὐ
1149 4369 1340 4441 βόθρου
1394 4372 1537 4434 τινὸς
1581 4364 1733 4437 ὄντος

144 4457 497 4528 ὠρυγμένου,
529 4460 651 4514 οὐδὲ
702 4460 909 4532 τάφρου
946 4462 1342 4533 πεποιημένης,
1367 4463 1452 4527 ’ὡς
1475 4464 1587 4516 ἐπὶ
1625 4463 1735 4517 τῶν

150 4548 538 4629 στρατοπέδων
561 4548 710 4605 ἐστιν
728 4551 868 4605 οἰδεῖν
895 4552 956 4605 τὸ
983 4552 1077 4607 τοῦ
1112 4552 1351 4622 πολέμου
1386 4553 1729 4623 μεταίχμιον·

1837 3460 2045 3514 deliciae
2076 3474 2139 3513 ac
2168 3459 2466 3529 voluptates
2499 3471 2868 3516 evanuerunt:
2913 3472 3192 3532 peccatum
3221 3473 3402 3521 autent

1839 3550 1913 3605 ab
1940 3550 2045 3603 illis
2084 3549 2391 3619 profectum
2431 3558 2634 3613 manet,
2677 3548 3070 3621 abeuntemque
3098 3552 3293 3624 oppido
3317 3571 3404 3611 se-

1838 3641 2046 3709 quitur,
2076 3639 2217 3693 haud
2269 3654 2425 3697 secus
2458 3654 2523 3693 ac
2579 3640 2770 3695 umbra
2810 3654 3006 3709 corpus
3034 3656 3048 3693 :
3080 3656 3254 3711 eoque
3283 3656 3406 3714 post

1832 3730 2204 3785 conviviorum
2238 3729 2714 3800 magniﬁcentiam,
2762 3739 2885 3801 post
2912 3731 3089 3787 lautas
3124 3734 3404 3802 opiparas-

1834 3837 1939 3891 que
1968 3836 2205 3890 mensas,
2244 3837 2395 3891 aquae
2455 3832 2662 3893 guttam
2693 3823 2888 3891 leprosi
2920 3823 3088 3893 digito
3128 3825 3403 3881 distillan-

1836 3922 1940 3967 tem
1972 3912 2219 3982 requirit,
2248 3927 2311 3968 ac
2341 3915 2645 3968 mendicum
2678 3915 2745 3968 ad
2772 3927 2991 3983 penam
3054 3916 3401 3984 mitigandam

1836 4003 2111 4073 implorat,
2144 4003 2237 4073 qui
2266 4012 2321 4057 et
2366 4002 2506 4059 ἴοι-ιε
2546 4003 2793 4058 manibus
2847 4005 3088 4059 defectus
3119 4004 3239 4071 fuit,
3277 4022 3400 4062 cum

1834 4095 1900 4147 ad
1928 4096 2151 4164 januam
2203 4095 2477 4166 proiectus
2521 4096 2761 4165 jaceret;
2823 4097 3024 4167 alioqui
3064 4099 3206 4154 enim
3238 4114 3405 4156 canes

1835 4183 2099 4252 tingentes
2125 4184 2308 4239 ulcera
2368 4184 2654 4256 abegisset.
2706 4185 2992 4242 Desiderat
3048 4198 3228 4244 autem
3267 4206 3402 4246 con-

1829 4274 1982 4343 jungi
2020 4272 2247 4338 Lazaro,
2276 4289 2435 4343 quem
2468 4290 2533 4328 ex
2565 4276 2794 4331 adverso
2850 4278 3013 4342 videt,
3048 4278 3190 4335 fossa
3230 4282 3405 4337 media

1832 4366 1915 4419 vel
1943 4366 2092 4419 biatu
2115 4365 2376 4420 divulsus.
2421 4366 2538 4431 Quo
2571 4368 2787 4436 quidem
2828 4369 3074 4437 designat
3101 4369 3402 4439 Scriptura,

1837 4469 1941 4509 non
1976 4450 2195 4523 vallum,
2225 4466 2321 4511 aut
2372 4471 2655 4527 aggerem,
2705 4458 2918 4526 qualem
2978 4460 3030 4513 in
3060 4465 3258 4515 castris
3282 4463 3405 4518 duci

1834 4546 2017 4602 videas
2046 4546 2111 4600 ad
2140 4548 2430 4601 arcendum
2460 4548 2687 4611 hostem,
2722 4549 2840 4613 sed,
2874 4560 3026 4619 puto,
3059 4562 3401 4620 peccatorum

145 4638 279 4691 am
325 4640 393 4693 τὺ
436 4639 690 4711 κώλυμα,
725 4637 899 4713 οἶμαι,
940 4643 1051 4696 τῶν
1076 4643 1489 4715 ἁμαρτημάτων
1525 4646 1553 4696 ό
1576 4644 1732 4712 λόγος

1835 4640 2041 4693 obicem
2073 4647 2126 4693 et
2172 4638 2553 4709 sepimentum,
2586 4642 2728 4709 quod
2774 4641 3033 4696 damnato
3055 4658 3121 4698 ac
3151 4648 3401 4714 reprobo,

147 4724 508 4789 ἐνδείκνυται,
564 4727 595 4780 ὃ
645 4728 723 4799 τῷ
766 4711 1209 4801 κιατδεγνιιημένῳ⁷
1363 4733 1499 4804 πρὸς
1532 4733 1625 4787 τὸν
1653 4711 1735 4787 δί-

1839 4728 1986 4783 velut
2018 4728 2154 4780 muri
2186 4727 2423 4795 objectu,
2458 4726 2661 4782 aditum
2690 4730 3087 4800 transitumque
3107 4734 3174 4786 ad
3195 4711 3402 4800 justum

146 4834 296 4869 uzov
330 4818 579 4891 παρόδου
620 4822 982 4893 ἀπετείχισεν.
1028 4825 1138 4877 Καί
1172 4842 1273 4893 μου
1312 4826 1413 4895 τὴν
1440 4828 1736 4897 ἑρμηνείαν

155 4910 387 4975 Ἡσαΐας
457 4914 488 4964 ό
542 4914 827 4984 προφήτης
884 4917 1361 4989 ὲπισφραγίζεται,
1421 4918 1559 4988 πρὸς
1607 4918 1735 4973 λαὸν

146 4999 355 5070 ἄφρονα
419 5000 634 5070 βαρέως
663 5003 1098 5074 ἀποτεινόμενος,
1134 5008 1227 5059 καὶ
1270 5007 1463 5075 λέγων·
1496 5006 1593 5073 Μὴ
1626 5008 1737 5059 οὐκ

146 5092 341 5157 ἰσχύει
367 5092 512 5161 χεὶρ
549 5094 770 5160 Κυρίου
793 5094 1125 5159 ὃιασῶσαι;
1152 5097 1193 5165 ἢ
1221 5098 1513 5166 ἐϐάρυνε-ν
1537 5099 1603 5150 τὸ
1629 5092 1738 5163 οὖς

142 5181 328 5235 αὑτοῦ
362 5183 481 5236 τοῦ
514 5182 600 5251 μὴ
628 5184 922 5249 ἀκοῦσαι;
961 5186 1123 5241 Ἀλλ’
1154 5191 1215 5241 αἱ
1246 5190 1522 5257 ἁμαρτίαι
1566 5187 1731 5257 ὑμῶν

144 5269 465 5324 summa».
515 5274 633 5327 ἀνὰ
678 5275 874 5344 μέσον
892 5276 1061 5345 ὑμῶν
1098 5279 1197 5332 καὶ
1241 5280 1359 5334 ἀνὰ
1392 5286 1589 5349 μέσον
1624 5279 1732 5333 τοῦ

147 5360 310 5415 θεοῦ.
344 5362 416 5414 Εἰ
448 5361 506 5414 δὲ
532 5364 907 5441 ἁμαρτήματα
944 5366 1266 5438 ἀνθρώπους
1309 5370 1564 5441 χωρίζειν
1590 5363 1732 5421 οἶδεν

144 5454 293 5520 θεοῦ,
324 5456 494 5508 οὐδὲν
533 5456 600 5508 ἂν
630 5456 939 5523 πλεονεξίας
960 5461 1409 5531 ἀμαρτωλότερον
1439 5463 1667 5529 γένοιτο,
1697 5463 1730 5531 ἢ

146 5545 231 5596 καὶ
263 5545 430 5616 παρά
444 5546 543 5615 τῆς
576 5545 840 5613 ἀψευδοῦς
867 5549 1049 5618 φωνῆς
1084 5548 1322 5610 Παύλου,
1352 5551 1449 5611 τοῦ
1478 5552 1574 5621 τῆς
1603 5550 1734 5617 ἁλη-

143 5633 285 5698 θείις
335 5638 613 5705 κήρυκος,
649 5634 1063 5706 εἰδωλολατρεία
1115 5638 1599 5709 προσαγορεύεται,
1638 5639 1731 5690 καὶ

142 5730 355 5781 πὲηιτων
388 5727 506 5779 τῶν
534 5725 721 5780 κακῶν
746 5726 872 5794 ῥίζα
903 5729 995 5779 καὶ
1028 5730 1235 5799 μήτηρ.

209 5846 362 5897 “10'.
434 5842 492 5893 εἰ
560 5841 633 5911 μὴ
675 5840 805 5911 γάρ.

1836 4819 2156 4872 interclusit.
2177 4817 2313 4871 lluic
2339 4831 2469 4871 vero
2493 4817 2842 4885 explicationi
2899 4820 3188 4877 subscribit
3215 4824 3402 4888 Isaias,

1836 4925 1957 4963 eum
1981 4910 2217 4979 graviter
2270 4909 2612 4976 insipientem
2654 4911 2905 4980 pepuhnn
2958 4913 3266 4983 increpans,
3294 4918 3400 4970 ait:

1841 5001 2095 5071 Nunquid
2121 5018 2221 5055 non
2255 5002 2381 5055 valet
2424 5019 2608 5056 manus
2640 5002 2850 5057 Domini
2888 5005 3059 5059 salvos
3086 5008 3304 5075 facere?
3329 5012 3404 5063 rel

1837 5093 2064 5159 gravavit
2092 5106 2271 5143 aurem
2304 5106 2457 5143 suam
2491 5101 2543 5142 ut
2580 5107 2682 5144 non
2710 5092 2937 5145 audiat?
2975 5092 3161 5147 Verum
3188 5108 3402 5165 peccatu

1836 5191 2005 5234 vestra
2035 5181 2274 5233 dividunt
2303 5180 2442 5232 inter
2480 5197 2566 5234 vos
2603 5194 2649 5233 et
2680 5180 2842 5233 Deum
2868 5182 2936 5234 ".
2960 5182 3112 5249 Quod
3138 5186 3181 5239 si
3208 5202 3401 5255 pecca.

1837 5282 2010 5326 torum
2051 5273 2325 5340 propriuttt
2370 5279 2475 5334 est,
2523 5283 2627 5324 uta
2678 5270 2787 5326 Deo
2837 5275 3083 5330 homines
3131 5290 3401 5347 separent,

1839 5366 1978 5418 haud
2033 5374 2177 5417 certe
2227 5362 2391 5416 ullum
2446 5365 2670 5416 avaritia
2726 5366 3042 5423 sceleratius
3096 5379 3403 5438 peccatum,

1838 5442 1997 5521 quam
2052 5464 2105 5508 et
2155 5470 2277 5507 vera
2326 5470 2457 5509 voce
2509 5456 2753 5510 veritatis
2814 5458 2900 5511 ille
2956 5475 3152 5527 praeco,
3187 5462 3399 5527 Paulus,

1840 5546 2195 5599 idulolntriam
2224 5546 2475 5614 appellat,
2498 5547 2849 5615 omniumque
2873 5551 3131 5604 malorum
3166 5555 3399 5608 radicem

1841 5650 1903 5688 ac
1949 5649 2172 5690 ttmtt'eln
2208 5638 2270 5687 θ’.

881 5840 925 5870 ⁵⁰
954 5840 1096 5895 l‘sal.
1148 5856 1379 5901 xxxvrtt,
1426 5840 1477 5893 7.
1557 5842 1598 5871 “
1632 5839 1734 5894 lea.

1835 5854 1885 5907 κ,
1916 5837 1964 5904 ί,
1992 5838 2047 5889 2.
2126 5838 2170 5869 "
2197 5836 2391 5907 Ephes.
2428 5853 2480 5905 v,
2515 5836 2575 5904 5;
2604 5836 2778 5891 lTim.
2810 5854 2881 5903 vt,
2919 5839 3003 5893 10.
