4212 6318
169 381 251 432 Ξο9
1193 384 1475 440 llOMlLlA
1523 383 1607 440 Ill.
1647 385 2019 446 ADVERSUS
2050 390 2510 446 AVAIHTIAM."

3331 385 3364 439 Ξ
3375 385 3436 440 ιο

175 497 230 567 ιῷ
259 497 436 567 χρόνῳ
475 497 532 550 δὲ
570 503 667 570 τὴν
696 500 991 573 ἐπιθυμίαν
1027 500 1345 568 πλεονάσας,
1399 508 1492 558 καὶ
1534 506 1752 577 πληρω·

1864 510 2103 564 ntorbum
2137 513 2365 578 retinet;
2403 513 2524 567 dein
2562 529 2686 567 vero
2742 522 2892 567 aucta
2928 526 3021 581 per
3053 518 3262 579 tempus
3285 510 3440 580 cupi-

171 591 263 653 Οεὶς
289 590 388 662 τὴν
425 592 630 662 ψυχὴν,
678 592 873 665 ἁθρόον
926 598 1223 667 ἐκρήγνυσι
1265 599 1364 669 τὴν
1416 598 1636 660 κακίαν,
1678 597 1752 661 ὼς

170 685 246 737 ἐπὶ
273 685 380 736 τῶν
419 686 682 755 σωλήνων
717 687 787 740 τὰ
810 688 994 742 ὕδατα.
1027 690 1136 742 Καὶ
1169 689 1351 743 λοιπόν
1376 693 1523 744 ἐστιν
1546 690 1755 760 άιρόρη-

172 793 246 840 τος
278 775 355 846 τῷ
391 778 699 850 πρεσϐύτῃ,
741 780 1020 851 μονονουχὶ
1055 780 1393 835 συνελαύνων
1428 782 1594 853 αύτρν
1619 781 1755 849 πρὸς

175 873 280 932 τοὺς
318 871 528 939 τάφους
579 872 893 939 ὑγιαίνοντα
927 873 1020 926 καὶ
1062 873 1365 943 βαδίζοντα·
1403 877 1499 928 Ἂν
1542 874 1757 943 κούφως

171 956 327 1029 ἀναϐῇ
361 959 456 1011 τὸν
489 953 682 1023 ἵππον,
733 961 1167 1032 ὑπερθαυμάζει·
1209 963 1276 1018 ἂν
1323 965 1530 1036 τροφῆς
1581 966 1756 1036 ἐρρω-

174 1050 487 1121 μενέστερον
518 1053 815 1125 μεταλάϐῃ,
846 1054 1126 1123 γογγύζει·
1158 1056 1224 1110 ἂν
1250 1057 1378 1120 τοὺς
1408 1043 1625 1119 οἰκέτας
1659 1057 1758 1109 ἑω-

172 1143 303 1206 θινὸς
347 1145 610 1216 διεγείρει
655 1147 792 1218 πρὸς
821 1131 1273 1220 τὰςτὺπηρεσίας.
1317 1152 1385 1220 τῇ
1428 1150 1759 1222 ὲγρηγόρσει

172 1239 255 1292 καὶ
280 1240 345 1308 τῇ
378 1239 614 1310 δυνάμει
646 1240 739 1293 τοῦ
771 1241 1027 1312 γέροντος
1059 1243 1306 1312 ἄχθεται.
1339 1244 1434 1295 Ἂν
1462 1243 1519 1295 δὲ
1547 1244 1640 1295 καὶ
1666 1243 1759 1296 δω-

176 1328 386 1398 ρήσεταί
433 1347 484 1382 τι
528 1330 638 1383 τῶν
680 1331 1062 1402 κειμηλίων,ἢ
1110 1332 1329 1402 οἰκέτην
1369 1333 1479 1403 ἀφῇ
1508 1315 1607 1403 vi};
1638 1332 1759 1386 δου-

175 1421 328 1483 λείας,
363 1422 487 1475 τότε
505 1421 570 1493 δὴ
609 1422 751 1486 τότε,
799 1424 892 1475 καὶ
919 1423 1102 1493 λῆρος,
1140 1424 1230 1478 καὶ
1277 1424 1631 1496 παραπρίων,
1667 1427 1761 1478 καὶ

174 1515 289 1576 τοὺς
342 1515 443 1583 τῆς
487 1515 632 1586 ζωῆς
682 1515 925 1587 ὑπερϐὰς
969 1517 1149 1589 ὅρους,
1200 1519 1293 1571 καὶ
1322 1517 1430 1570 τῶν
1462 1516 1761 1588 ἀλλοτρίων

177 1605 472 1677 σπαθητὴς,
548 1607 644 1661 καὶ
708 1609 816 1662 πᾶν
889 1608 1212 1681 βλάσφημον
1272 1610 1487 1663 ἁκούων
1549 1611 1764 1680 ἐμπαρ-

175 1702 408 1751 ιρινεῖταιο
461 1698 550 1752 διὰ
619 1698 672 1752 τί
727 1699 800 1770 μὴ
850 1701 1060 1771 ταχέως
1131 1701 1436 1767 ἀπέθανεν,
1499 1698 1762 1768 ἐγκαλού-

179 1808 344 1862 μενος.

240 1971 333 2034 Σὸς
361 1959 538 2034 οὗτος,
563 1964 608 2023 ὦ
650 1968 818 2040 μιαρὴ
860 1968 1158 2033 πλεονεξία,
1196 1971 1432 2041 καρπός⁶
1471 1971 1623 2042 παρὰ
1663 1970 1757 2024 σοῦ

179 2063 239 2116 τὰ
265 2061 460 2133 κέντρα
502 2061 799 2132 λαμϐάνων
841 2063 869 2113 ὁ
906 2064 1031 2124 παῖς
1055 2103 1068 2122 ,
1112 2061 1369 2133 πολέμιος
1407 2063 1614 2130 γίνεται
1666 2061 1758 2114 τοῦ

180 2157 550 2226 γεννήσαντος.
585 2156 657 2209 Σὺ
686 2155 914 2225 πληροῖς
941 2155 1040 2224 τὴν
1070 2156 1171 2225 γῆν
1199 2155 1412 2228 λῃστῶν
1438 2154 1531 2208 καὶ
1567 2172 1758 2224 φονευ-

176 2247 294 2310 τῶν,
321 2244 778 2299 καταποντιστῶν
820 2245 882 2297 δὲ
918 2245 1218 2309 θάλασσαν,
1251 2246 1350 2308 τὰς
1385 2246 1569 2308 πόλεις
1605 2241 1763 2316 θορύ-

178 2339 298 2402 ὖων,
360 2339 431 2391 τά
477 2339 807 2408 δικαστήρια
855 2337 1336 2408 ψευδομαρτύρων,
1385 2338 1759 2408 συκοφαντῶν,

177 2430 468 2502 προδοτῶν,
501 2431 839 2502 συνηγόρων,
869 2429 1140 2483 δικαστῶν
1164 2432 1283 2483 ἐκεῖ
1306 2431 1602 2502 ῥεπόντων,
1630 2431 1762 2485 ὅπου

177 2526 218 2578 δ’
247 2525 309 2579 ἂν
344 2526 407 2578 σὺ
442 2524 810 2596 καθελκύσῃς.
854 2522 1164 2587 Ηλεονεξία,
1207 2525 1387 2595 μήτηρ
1432 2524 1530 2594 τῆς
1584 2525 1763 2579 ἀνισό-

177 2628 349 2685 τητος,
390 2612 645 2684 ἀνηλεής,
686 2610 1093 2683 μισάνθρωπος,
1157 2614 1434 2684 ὧμοτάτη.
1484 2613 1584 2668 Δίιά
1632 2615 1764 2669 ταύ-

177 2720 269 2773 την
321 2705 350 2754 ὁ
382 2703 490 2756 τῶν
526 2701 832 2773 ἀνθρώπιον
869 2701 981 2772 βίος
1015 2701 1335 2773 ἀνωμαλίας
1375 2704 1556 2775 γέμει”
1586 2705 1681 2757 καὶ
1713 2706 1768 2757 οἷ

181 2796 271 2864 μὲν
300 2796 364 2847 ἐκ
401 2793 498 2847 τοῦ
530 2794 693 2864 κόρου
729 2791 989 2847 ναυτιῶσι
1017 2793 1114 2865 τὴν
1146 2794 1466 2863 περισσείαν
1496 2795 1604 2849 τῶν
1633 2813 1764 2865 κτη-

183 2886 379 2955 μάτων,
412 2880 526 2939 οἷον
575 2884 780 2956 τροφὴν
831 2883 1105 2955 ἄπληστον
1149 2885 1574 2950 ἁποὸλύζοντες·
1617 2886 1763 2941 ἄλλοι

179 2977 228 3032 δὲ
281 2978 424 3049 λιμῷ
452 2979 548 3030 καὶ
576 2977 751 3049 ἐνδείᾳ
787 2976 1098 3047 πιεζόμενοι
1124 2976 1548 3031 κινδυνεύουσιν.
1575 2979 1638 3032 Οί
1666 2979 1764 3048 μὲν

180 3067 266 3120 ὑπ’
298 3067 517 3138 ὀρόφοις
561 3066 964 3137 χρυσοπάστοις
1007 3066 1380 3128 κατάκεινται,
1418 3068 1512 3120 καὶ
1557 3066 1633 3130 ὡς
1679 3085 1766 3138 μι-

181 3159 312 3230 κρὰς
339 3160 524 3222 πόλεις
560 3157 770 3232 οἰκοῦσι
808 3158 908 3221 τὰς
951 3155 1150 3220 οἰκίας,
1203 3157 1449 3229 λουτροῖς
1479 3159 1573 3211 καὶ¹
1595 3158 1764 3222 οτκοις

180 3249 461 3312 ποικίλοις,
507 3250 603 3302 καὶ
657 3251 841 3312 στοαῖς
888 3247 1370 3319 ἐπὶδμακρότατον
1423 3248 1760 3319 διηκούσαις,

181 3342 270 3395 καὶ
296 3341 526 3412 παντοία
550 3339 869 3412 πολυτελείᾳ
898 3339 1341 3412 κεκοσμημέναςο
1363 3341 1536 3412 ἕτεροι
1565 3341 1620 3394 δὲ
1671 3341 1764 3395 δύο

179 3432 347 3488 δοκῶν
386 3433 600 3504 σκέπην
654 3433 755 3487 οὐκ
808 3433 1042 3502 ἔχουσιν*
1095 3433 1211 3487 ἀλλ’
1249 3433 1378 3487 ὅταν
1417 3437 1474 3488 ἐν
1515 3434 1765 3506 ὑπαίθρῳ

180 3524 365 3598 διαζῇν
397 3527 473 3597 μὴ
500 3523 784 3588 δύνωνται,
817 3524 850 3594 ἦ
883 3525 1021 3597 πρὸς
1060 3525 1160 3588 τὰς
1194 3515 1458 3596 καμίνους
1488 3526 1764 3595 καταφεύ-

181 3635 332 3686 γουσι
360 3618 469 3674 τῶν
491 3617 758 3690 λουτρῶν,
788 3618 820 3688 ἢ
854 3619 945 3672 καὶ
983 3621 1096 3680 τοῖς
1119 3616 1408 3688 βαλανεῦσι
1445 3619 1766 3684 κακοξένοις

183 3709 581 3780 περιτυχόντες.
619 3707 1019 3780 παραπλησίως
1045 3710 1157 3771 τοῖς
1187 3707 1391 3779 χοίροις
1423 3707 1524 3779 τὴν
1561 3707 1766 3780 κόπρον

182 3799 515 3871 ὀρύττοντες,
548 3798 648 3869 τὴν
670 3797 974 3866 ἀναγκαίαν
1002 3796 1210 3868 θέρμην
1237 3797 1450 3860 ἑαυτοῖς
1475 3796 1754 3867 μηχανῶνο

180 3908 293 3947 ται.
329 3890 431 3945 Καὶ
478 3891 538 3943 τὸ
589 3889 852 3960 ὁμότιμον
890 3888 1051 3954 ζῶον,
1101 3888 1130 3940 ὁ
1161 3886 1466 3959 ἄνθρωπος,
1498 3886 1766 3959 τοσαύτην

182 3983 296 4054 ἔχει
337 3982 434 4054 τὴν
477 3981 742 4053 διαιρορὰν
794 3979 896 4051 τῆς
935 3980 1145 4049 διαίτης
1193 3979 1332 4052 πρὸς
1376 3979 1763 4057 τὺῑὸμόφυλονο

180 4078 280 4131 οὐκ
307 4076 462 4130 ἄλλου
489 4074 631 4138 ἰπνὸς
661 4074 760 4144 τὴν
787 4071 1012 4137 ἀταξίαν
1039 4071 1245 4141 ταύτην
1280 4071 1374 4126 καῖ
1410 4071 1511 4141 τὴν
1541 4072 1767 4141 ἀνωμα-

179 4169 324 4234 λίαν,
374 4169 407 4240 ἧ
455 4168 557 4238 τῆς
597 4165 910 4230 πλεονεξίας
948 4163 1368 4235 ἐπεισαγούσης.
1424 4165 1483 4217 '0
1533 4164 1629 4234 μὲν
1673 4181 1769 4232 γυ-

182 4265 336 4332 μνοῖς
377 4263 678 4332 ἀσχημονεί
724 4259 932 4330 μέλεσι·
984 4260 1077 4312 καὶ
1129 4260 1157 4310 ὁ
1203 4257 1358 4320 ἄλλος
1393 4256 1528 4328 πρὸς
1582 4255 1640 4309 τὸ
1671 4255 1768 4325 τὴν

177 4353 385 4423 ἐσθῆτα
414 4349 818 4424 δυσαρίθμητον
858 4349 1020 4420 ἔχειν,
1066 4350 1376 4420 πορφυραῖς
1417 4347 1612 4413 πλαξὶν
1643 4347 1768 4409 τοὺς

175 4445 393 4515 τοίχους
427 4444 623 4498 ἐνδύει.
664 4443 720 4496 Ὀ
753 4443 918 4513 πένης
945 4443 1034 4494 ἐπὶ
1067 4439 1284 4511 ξυλίνης
1309 4436 1585 4510 τραπέζης
1606 4439 1768 4508 ἄρτον

174 4537 378 4606 ἀπορεῖ
407 4532 722 4606 διαθρύψαι·
757 4531 851 4584 καὶ
886 4532 914 4584 ὁ
943 4528 1162 4600 τρυφῶν
1193 4522 1443 4600 ἀργυρῆν
1485 4526 1766 4598 τράπεζαν

175 4627 381 4690 ἐλάσας
430 4626 513 4688 είς
555 4624 778 4687 πλάτος,
806 4620 886 4691 τῷ
917 4620 1182 4674 στίλϐοντι
1223 4619 1631 4690 ψυχαγωγεῖται
1667 4620 1765 4690 τῆς

175 4718 330 4789 ὕλης.
373 4717 483 4772 Καὶ
516 4716 667 4786 πόσῳ
701 4713 1054 4783 δικαιώτερον
1084 4705 1172 4781 ἦν,
1208 4709 1300 4763 τὸν
1356 4709 1453 4779 μὲν
1484 4707 1764 4761 ἑστιᾶσθαι

173 4808 521 4882 ἀρκούμενον
552 4809 620 4878 τῇ
652 4805 787 4879 ἄλλῃ
819 4806 1020 4875 τρυφῇ,
1059 4803 1158 4874 τῆς
1198 4800 1479 4873 τραπέζης
1511 4799 1571 4852 δὲ
1600 4799 1765 4870 τιμὴν

171 4905 283 4957 τῶν
318 4902 544 4974 ἀπόρων
575 4895 1038 4969 εἷναιτρυφήνυδςη
1063 4893 1256 4955 Ἀλλος
1281 4892 1532 4964 γηραιὸς,
1562 4892 1654 4945 καὶ
1680 4891 1768 4962 βα-

171 4998 346 5063 δίζειν
371 4994 666 5070 ἀδυνατῶν,
700 4993 732 5063 ἢ
765 4992 852 5047 διά
875 5009 1002 5045 τινα·
1031 4989 1211 5059 λώϐην
1243 4987 1516 5068 χωλεύων,
1556 4985 1676 5038 όνον
1704 4984 1764 5036 οὐ

173 5091 466 5158 κέκτηται,
503 5087 800 5154 ἀναγκαῖον
839 5083 938 5154 τῆς
973 5083 1162 5155 χρείας
1207 5080 1409 5151 δχημα·
1452 5079 1545 5132 καὶ
1581 5075 1766 5147 ἕτερος

171 5181 258 5236 διὰ
302 5178 513 5249 πλῆθος
557 5177 654 5241 τὰς
685 5176 885 5246 ἀγέλας
913 5176 975 5227 οὐ
1008 5173 1262 5243 γνωρίζει
1293 5171 1402 5225 τῶν
1439 5172 1640 5223 ἵππων.
1679 5166 1768 5237 Τῷ

177 5273 275 5343 μὲν
327 5269 510 5323 ἔλαιον
550 5267 694 5320 ἐνδεῖ
739 5265 873 5336 πρὸς
910 5265 970 5317 τὸ
997 5265 1190 5333 λύχνον
1219 5261 1442 5330 ἀνάψαι·
1491 5260 1581 5313 καὶ
1610 5257 1768 5320 ἀλλος

176 5367 376 5435 μόναις
415 5365 530 5424 ταῖς
569 5357 813 5428 λυχνίαις
859 5356 1094 5410 πλουτεῖς
1142 5354 1199 5409 ’0
1244 5353 1342 5424 μὲν
1391 5352 1483 5406 ἐπὶ
1528 5350 1623 5405 τοῦ
1647 5350 1768 5404 ἐδά-

174 5473 310 5526 φους
343 5455 634 5527 ἔρῤιπταμ
657 5450 753 5502 καὶ
784 5451 813 5501 ὁ
843 5449 1020 5518 μάτην
1051 5444 1316 5507 πλουτῶν,
1350 5442 1428 5514 τῷ
1458 5442 1649 5512 κόσμῳ
1673 5439 1772 5529 τῆς

173 5548 368 5618 κλίνης
409 5541 933 5615 περιαστράπτεται,
975 5538 1221 5612 ἀργυρᾶς
1272 5536 1506 5605 σφαίρας
1543 5532 1773 5603 ἐχούσης

175 5639 264 5692 καὶ
282 5637 514 5698 ἁλύσεις
527 5634 651 5688 ἀντὶ
668 5631 775 5688 τῶν
799 5631 914 5702 σχοί
930 5649 1043 5684 κων.
1065 5629 1248 5684 Ἰἀῢτα
1272 5627 1338 5680 τὰ
1355 5626 1452 5696 τῆς
1479 5625 1771 5705 ἀκορέστου

244 5821 294 5852 ³⁸
327 5825 424 5879 Ic.
458 5821 684 5893 τροφήν.

1861 603 2045 665 ditale.
2068 620 2130 658 ac
2166 607 2348 658 animo
2371 607 2481 674 jam
2526 613 2788 670 tumente,
2840 613 3059 672 repetite
3087 602 3286 656 malum
3313 617 3438 670 pro-

1863 695 2077 762 rumpit,
2133 712 2237 748 Ill!"
2276 695 2435 748 aliter
2486 711 2643 764 quam
2690 711 2717 748 e
2775 694 2969 750 ﬁstulis
3031 711 3096 748 ac
3154 692 3437 746 canalibus

1860 802 2009 853 aqua!
2039 788 2135 840 vis.
2174 786 2309 839 Tum
2359 787 2446 840 ille
2508 789 2707 842 misero
2763 788 2876 841 seni
2935 785 3295 840 intolerabilis
3332 793 3436 848 cst,

1861 875 2056 945 vixque
2090 894 2191 930 non
2224 876 2488 931 valentem
2517 893 2580 930 ac
2611 877 2764 930 lirmo
2797 891 3006 945 gressu,
3037 877 3102 930 ad
3129 874 3437 944 sepulcrum

1862 965 2004 1035 cogit
2031 982 2092 1020 ac
2115 966 2291 1022 effert.
2334 966 2389 1020 Si
2409 981 2602 1034 equum
2635 967 2845 1035 agiliter
2877 966 3213 1026 conscendit,
3241 965 3437 1018 mirum

1863 1058 1914 1112 in
1943 1059 2157 1112 modum
2191 1060 2420 1113 miratur
2448 1074 2509 1113 ac
2534 1069 2748 1129 stupet;
2778 1059 2823 1113 si
2880 1057 3106 1126 largius,
3139 1068 3274 1111 etut
3304 1058 3441 1111 bene

1862 1163 2046 1212 sanus,
2078 1149 2228 1203 cibos
2253 1149 2439 1213 sumit,
2470 1147 2574 1203 fert
2601 1165 2764 1220 πετο,
2786 1155 3082 1217 secumque
3115 1145 3438 1212 murmurat;

1863 1244 1908 1296 si
1945 1241 2174 1297 fanmlos
2206 1245 2271 1297 ad
2331 1260 2492 1312 opera
2529 1260 2591 1299 ac
2657 1245 2959 1299 ministeria
3024 1257 3181 1315 mane
3215 1244 3438 1300 excitat.

1865 1333 2198 1404 vigilantiam
2236 1336 2540 1413 bonamque
2588 1334 2952 1415 valetudinem
2991 1337 3137 1390 senis
3176 1336 3346 1405 gemit
3379 1349 3443 1388 ac

1848 1425 2031 1480 'dolet.
2069 1425 2221 1492 Quod
2246 1427 2292 1480 si
2321 1428 2604 1498 pignorum
2637 1427 2839 1498 aliquid
2872 1429 3172 1493 donaverit,
3205 1437 3298 1480 aut
3326 1442 3445 1482 ser-

1867 1534 1990 1573 vum
2026 1534 2184 1574 manu
2213 1520 2440 1585 miserit,
2477 1530 2604 1577 tunc
2635 1535 2768 1575 sane
2806 1531 2954 1585 tunc,
2975 1522 3136 1575 homo
3160 1520 3359 1574 delirus
3381 1534 3447 1572 ac

1867 1610 2064 1666 mentis
2094 1625 2288 1666 emota:
2315 1613 2482 1679 audit,
2509 1612 2710 1682 quique
2761 1613 2885 1668 vitae
2927 1611 3228 1668 excesserit
3267 1611 3447 1666 termi-

1868 1716 1988 1762 nos,
2022 1715 2084 1755 ac
2145 1700 2304 1754 alieni
2359 1703 2614 1771 prodigus
2661 1717 2725 1756 ac
2787 1701 3038 1771 profusus
3076 1720 3090 1756 :
3126 1701 3447 1769 probrisque

1869 1789 2122 1844 omnibus
2157 1805 2222 1844 ac
2247 1789 2550 1844 maledictis
2595 1790 2961 1859 proscinditur
2991 1788 3093 1843 lioc
3135 1788 3268 1842 male
3298 1801 3444 1854 reus,

1866 1880 2008 1951 quod
2037 1895 2144 1935 non
2180 1880 2410 1936 celerius
2443 1883 2552 1936 vita
2586 1881 2803 1936 l'tmctus
2831 1882 2921 1936 sit.

1929 1972 2029 2027 Tui
2065 1972 2175 2036 isti,
2203 1971 2467 2027 scelerata
2499 1972 2751 2039 avaritia,
2789 1972 3016 2026 fructus.
3049 1970 3179 2025 'l‘uis
3209 1968 3444 2024 stimulis

1861 2073 2187 2143 provocatus
2215 2062 2377 2128 ﬁlius,
2429 2063 2642 2132 parenti
2705 2062 2938 2118 eﬂlcitur
2989 2063 3180 2117 hostis.
3217 2060 3443 2116 Terram

1864 2152 2040 2221 reples
2068 2151 2371 2209 latronibus
2410 2169 2474 2228 ac
2520 2153 2756 2220 sicariis,
2820 2167 2970 2208 mare
3025 2152 3446 2229 piratis,.urbes

1865 2244 2036 2299 turbis
2071 2251 2234 2314 atque
2269 2245 2616 2313 tumultibus,
2660 2246 2835 2301 forum
2877 2261 2942 2301 ac
2976 2245 3267 2301 tribunalia
3298 2244 3446 2300 falsis

1865 2336 2110 2401 testibus,
2149 2337 2656 2404 calumniatoribus,
2713 2339 3100 2408 proditoribus,
3137 2337 3446 2403 advocatis,

1858 2427 2136 2496 judicibus
2185 2443 2249 2483 eo
2283 2430 2766 2499 propendentibus,
2816 2446 2926 2501 quo
2979 2440 3034 2485 tu
3083 2429 3445 2499 pertraxeris.

1864 2522 2106 2577 Avaritia
2135 2531 2308 2578 mater
2338 2531 2421 2578 est
2447 2523 2870 2592 iuazqualitatis;
2911 2522 3321 2585 immisericors,
3365 2523 3450 2574 iu-

1867 2615 2123 2677 liumaua,
2156 2629 2366 2668 summe
2393 2612 2646 2668 crudelis.
2676 2614 2777 2669 Per
2819 2618 2959 2669 lianc
2994 2613 3302 2668 mortaliﬂm
3339 2613 3445 2668 vita

1864 2707 2050 2777 dispar
2071 2697 2302 2762 omnino
2323 2722 2387 2762 ac
2419 2707 2759 2776 iumquab‘ilis
2790 2717 2904 2772 est;
2977 2721 3040 2760 ac
3096 2706 3187 2761 alii
3227 2705 3447 2775 quidem

1864 2797 2255 2869 superﬂuarum
2305 2798 2558 2853 satietate
2590 2813 2750 2866 opum
2806 2798 2952 2853 velut
2986 2807 3273 2862 nauseant,
3305 2814 3368 2853 ac
3403 2800 3446 2854 si

1864 2887 2044 2942 cibum
2068 2902 2176 2956 quo
2197 2902 2255 2941 se
2286 2887 2512 2941 nimium
2546 2887 3018 2958 ingurgitaverint,
3051 2900 3334 2953 evomant;
3355 2889 3446 2941 alii

1865 2977 2008 3032 fame
2029 2992 2092 3032 ac
2122 2977 2346 3047 penuria
2377 2976 2575 3046 pressi,
2615 2979 2667 3030 in
2705 2988 2952 3032 extremo
2976 2993 3113 3047 pene
3133 2977 3450 3034 discrimine

1865 3075 2172 3123 versantur.
2195 3066 2255 3120 lli
2277 3067 2380 3121 sub
2415 3068 2622 3121 auratis
2648 3068 2810 3122 tectis
2844 3068 3192 3132 recumbunt.
3223 3067 3446 3132 domos-

1864 3171 1974 3228 que
2001 3155 2243 3211 incolunt
2287 3156 2354 3210 ad
2404 3153 2578 3209 instar
2623 3153 2896 3209 minormu
2943 3154 3180 3219 urbium,
3217 3153 3448 3215 balneis.

1865 3248 2325 3316 subdomibusque
2389 3246 2594 3311 variis,
2653 3260 2717 3301 ac
2766 3243 3066 3314 porticibus
3119 3245 3445 3301 immensum

1868 3341 2144 3413 productis
2165 3381 2181 3406 ,
2209 3341 2387 3395 omnis
2445 3338 2678 3407 denique
2720 3338 2936 3407 generis
2969 3337 3260 3408 magniﬁco
3290 3334 3448 3393 orna-

1871 3444 1953 3488 tas
1985 3433 2165 3499 cultu;
2195 3433 2510 3495 illicoutra,
2557 3445 2623 3485 ne
2669 3433 2775 3485 duo
2805 3431 3023 3500 quidem
3074 3419 3220 3501 tigna
3253 3432 3452 3500 quibus

1871 3535 2142 3595 tegantur,
2185 3523 2415 3589 habent;
2458 3537 2692 3593 cumque
2737 3524 2838 3578 sub
2889 3523 2980 3577 dio
3027 3520 3322 3592 perdurare
3356 3539 3452 3577 ne.

1867 3629 2093 3688 queant,
2131 3616 2215 3671 vel
2245 3617 2313 3671 ad
2352 3617 2593 3670 caminos
2628 3615 2943 3670 balnearum
2984 3615 3449 3684 confugiunt,vel,

1869 3710 1912 3764 si
1945 3709 2000 3763 in
2033 3706 2376 3763 balneatores
2429 3705 2782 3776 inhospitales
2840 3706 3148 3771 inciderint,
3183 3708 3323 3762 baud
3357 3708 3450 3763 ab-

1870 3801 2035 3855 simili
2065 3815 2129 3854 ac
2155 3815 2280 3855 sues
2317 3801 2546 3865 ratione,
2577 3800 2841 3856 fodientes
2861 3798 3448 3864 limum,necessarinm

1870 3893 1970 3949 sibi
1996 3893 2231 3947 calorem
2264 3902 2580 3961 procurant.
2613 3894 2690 3948 Ae
2726 3908 2875 3956 vero,
2910 3900 2969 3946 ut
3001 3892 3192 3946 eadem
3225 3891 3453 3946 honoris

1870 3985 2222 4055 prmogativa
2283 3993 2499 4041 auctum
2554 3983 2775 4048 animal,
2831 3986 3014 4046 homo,
3061 3983 3273 4037 diversa
3317 3985 3452 4038 adeo

1872 4077 1994 4130 vitae
2019 4076 2257 4142 ratione,
2303 4091 2332 4128 a
2392 4075 2680 4131 contribuli
2729 4085 2856 4146 agat
2885 4073 3143 4141 homine;
3186 4075 3454 4143 tanta'que

1871 4167 2016 4222 illius
2054 4166 2480 4236 perturbationis
2507 4181 2570 4220 ac
2596 4164 2998 4236 inaequalitatis,
3033 4181 3134 4218 uua
3164 4167 3371 4218 auctrix
3392 4184 3454 4220 ac

1872 4275 2064 4324 causa,
2095 4260 2326 4314 avaritia
2350 4270 2451 4314 est.
2473 4259 2554 4312 Ab
2588 4260 2818 4322 liac’est,
2855 4267 2912 4310 ut
2962 4258 3100 4311 alius
3137 4267 3324 4310 contra
3356 4257 3450 4308 tlt'-

1871 4365 2060 4406 corum
2118 4366 2252 4419 pene
2300 4350 2510 4413 nudus;
2578 4349 2716 4404 alius
2774 4357 2968 4417 praeter
3026 4347 3338 4401 innumeras
3386 4349 3450 4401 ad

1873 4457 2029 4497 usum
2058 4440 2304 4512 corporis
2336 4452 2533 4506 vestes,
2561 4441 2796 4507 parietes
2827 4441 2973 4508 ipsos
3009 4454 3249 4510 purpura
3278 4438 3442 4492 Vt‘lztl.

1801 4558 1843 4612 ι)
1874 4534 2108 4602 Pauper,
2161 4547 2227 4586 ne
2281 4548 2472 4603 pauent
2509 4532 2723 4600 quidem
2787 4530 2967 4594 liabet,
3000 4545 3158 4600 quem
3195 4529 3245 4582 in
3275 4527 3448 4600 lignea

1874 4640 2058 4680 mensa
2097 4623 2315 4694 frangat
2342 4638 2362 4690 ;'
2391 4639 2513 4678 cum
2553 4622 2728 4678 mollis
2752 4638 2814 4676 ac
2838 4621 3101 4676 delicatus
3139 4620 3346 4690 fulgore
3374 4619 3454 4674 la-

1877 4716 2097 4770 tissimae
2131 4731 2196 4770 ex
2230 4727 2454 4786 argento
2507 4731 2731 4777 mensis,
2763 4730 2924 4783 quam
2957 4728 3121 4783 opere
3169 4714 3355 4769 ductili
3385 4712 3439 4768 ii-

1873 4809 1950 4862 eri
1975 4807 2214 4868 curavit:
2261 4820 2495 4863 mentem
2553 4818 2606 4862 et
2637 4807 2824 4863 oculos
2873 4815 3080 4878 pascat.
3133 4808 3212 4860 At
3245 4815 3453 4876 qpanto

1875 4897 2310 4967 fuerataequius,
2356 4898 2446 4951 illo
2501 4897 2644 4953 laute
2687 4899 2904 4968 quidem
2955 4913 3020 4953 ac
3063 4898 3288 4968 Opipare
3315 4911 3451 4966 epu-

1876 4988 2041 5053 lante,
2069 4999 2401 5056 cmterasi'ue
2427 4988 2650 5043 delicias
2677 4991 2742 5042 ad
2797 4990 3104 5045 satietatem
3131 4999 3448 5058 usurpante,

1877 5096 2077 5136 mensa:
2126 5081 2354 5150 pretium
2423 5081 2477 5133 in
2538 5081 2756 5136 delicias
2809 5081 3054 5135 converti
3122 5080 3455 5150 pauperum?

1878 5171 2029 5225 Alius
2055 5183 2215 5227 wtale
2267 5172 2462 5232 fessus,
2517 5187 2578 5225 ac
2625 5172 2840 5242 inlirmo
2887 5173 3213 5243 gressu,,vel
3271 5171 3454 5239 aliquo

1877 5258 2112 5318 claudus
2132 5263 2280 5326 vitio,
2320 5278 2388 5317 ne
2439 5264 2651 5317 asinum
2713 5264 2931 5334 quidem
2965 5262 3328 5331 necessarium
3357 5279 3450 5315 ve-

1880 5365 2085 5410 ctorem
2131 5355 2409 5422 possidet;
2464 5355 2597 5409 alius
2647 5354 2791 5423 ipsos
2834 5369 3098 5424 equorum
3157 5369 3346 5424 greges
3385 5353 3454 5408 ob

1882 5443 2281 5499 multitudinem
2325 5443 2554 5512 ignorat.
2619 5442 2754 5496 l‘luic
2778 5441 2956 5496 oieum
2978 5442 3044 5496 ad
3075 5442 3329 5513 lychnum
3362 5441 3456 5492 t|u~

1882 5544 1992 5587 est:
2037 5533 2125 5588 ille
2179 5532 2246 5585 ab
2279 5533 2412 5602 ipsis
2459 5533 2753 5587 luminibus
2808 5548 2867 5587 ac
2912 5531 3252 5588 candelabris
3301 5529 3456 5585 dives

1883 5624 2094 5680 crnscri
2131 5633 2325 5694 potest.
2357 5623 2455 5680 llic
2482 5623 2532 5680 iu
2560 5625 2703 5679 nudo
2755 5626 2870 5680 sol‘o
2910 5623 3182 5696 proiectus
3211 5633 3328 5688 est;
3366 5621 3460 5677 iii».
