  <div class='ocr_page' id='page_1' title='image "/cluster/home/n/w/nwhite01/storage/ocr_20150623/40/pst.000005712373/113.png"; bbox 0 0 4212 6318; ppageno 0'>
   <div class='ocr_carea' id='block_1_1' title="bbox 763 386 2426 452">
    <p class='ocr_par' dir='ltr' id='par_1_1' title="bbox 763 386 2426 447">
     <span class='ocr_line' id='line_1_1' title="bbox 763 386 2426 447; baseline 0.001 -5"><span class='ocrx_word' id='word_1_1' title='bbox 763 386 858 442; x_wconf 77' lang='grc'><strong>211</strong></span> <span class='ocrx_word' id='word_1_2' title='bbox 2067 391 2123 445; x_wconf 90' lang='lat' dir='ltr'><strong>S.</strong></span> <span class='ocrx_word' id='word_1_3' title='bbox 2165 390 2426 447; x_wconf 70' lang='lat' dir='ltr'><strong>ASTEllll</strong></span> 
     </span>
    </p>
   </div>
   <div class='ocr_carea' id='block_1_2' title="bbox 2363 386 4026 452">
    <p class='ocr_par' dir='ltr' id='par_1_2' title="bbox 2363 394 4026 452">
     <span class='ocr_line' id='line_1_2' title="bbox 2363 394 4026 452; baseline 0.002 -7"><span class='ocrx_word' id='word_1_4' title='bbox 2363 394 2439 447; x_wconf 77' lang='grc' dir='ltr'>,ιιι</span> <span class='ocrx_word' id='word_1_5' title='bbox 2477 396 2779 452; x_wconf 76' lang='lat' dir='ltr'><strong>AMASENI</strong></span> <span class='ocrx_word' id='word_1_6' title='bbox 3916 394 4026 448; x_wconf 62' lang='lat' dir='ltr'><strong>illi</strong></span> 
     </span>
    </p>
   </div>
   <div class='ocr_carea' id='block_1_3' title="bbox 766 503 2429 584">
    <p class='ocr_par' dir='ltr' id='par_1_3' title="bbox 766 503 2416 577">
     <span class='ocr_line' id='line_1_3' title="bbox 766 503 2416 577; baseline 0.007 -24"><span class='ocrx_word' id='word_1_7' title='bbox 766 518 956 557; x_wconf 88' lang='lat' dir='ltr'><strong>manes</strong></span> <span class='ocrx_word' id='word_1_8' title='bbox 982 503 1199 558; x_wconf 77' lang='lat' dir='ltr'><strong>divitias</strong></span> <span class='ocrx_word' id='word_1_9' title='bbox 1227 504 1508 572; x_wconf 70' lang='lat' dir='ltr'><strong>iactitans,</strong></span> <span class='ocrx_word' id='word_1_10' title='bbox 1563 506 1682 560; x_wconf 89' lang='lat' dir='ltr'><strong>lecti</strong></span> <span class='ocrx_word' id='word_1_11' title='bbox 1737 505 2039 573; x_wconf 69' lang='lat' dir='ltr'><strong>fulgoribus</strong></span> <span class='ocrx_word' id='word_1_12' title='bbox 2065 510 2340 577; x_wconf 77' lang='lat' dir='ltr'><strong>unduqtta-</strong></span> <span class='ocrx_word' id='word_1_13' title='bbox 2373 518 2416 572; x_wconf 76' lang='grc' dir='ltr'>Α</span> 
     </span>
    </p>
   </div>
   <div class='ocr_carea' id='block_1_4' title="bbox 2365 503 4028 584">
    <p class='ocr_par' dir='ltr' id='par_1_4' title="bbox 2373 511 4028 584">
     <span class='ocr_line' id='line_1_4' title="bbox 2373 511 4028 584; baseline -0.002 -19"><span class='ocrx_word' id='word_1_14' title='bbox 2373 518 2416 572; x_wconf 76' lang='grc' dir='ltr'><strong>Α</strong></span> <span class='ocrx_word' id='word_1_15' title='bbox 2448 514 2756 579; x_wconf 84' lang='grc' dir='ltr'><strong>πλεονεξίας</strong></span> <span class='ocrx_word' id='word_1_16' title='bbox 2790 514 3223 583; x_wconf 80' lang='grc' dir='ltr'><strong>ἀποτελέσματα.</strong></span> <span class='ocrx_word' id='word_1_17' title='bbox 3264 515 3326 566; x_wconf 77' lang='grc' dir='ltr'><strong>Εἰ</strong></span> <span class='ocrx_word' id='word_1_18' title='bbox 3367 514 3474 584; x_wconf 78' lang='grc' dir='ltr'>γὰρ</span> <span class='ocrx_word' id='word_1_19' title='bbox 3512 514 3586 582; x_wconf 79' lang='grc' dir='ltr'><strong>μὴ</strong></span> <span class='ocrx_word' id='word_1_20' title='bbox 3621 512 3919 579; x_wconf 84' lang='grc' dir='ltr'>είσήγαγεν</span> <span class='ocrx_word' id='word_1_21' title='bbox 3952 511 4028 571; x_wconf 84' lang='grc' dir='ltr'>εις</span> 
     </span>
    </p>
   </div>
   <div class='ocr_carea' id='block_1_5' title="bbox 766 595 2429 676">
    <p class='ocr_par' dir='ltr' id='par_1_5' title="bbox 766 595 2339 669">
     <span class='ocr_line' id='line_1_5' title="bbox 766 595 2339 669; baseline 0.008 -26"><span class='ocrx_word' id='word_1_22' title='bbox 766 607 874 662; x_wconf 78' lang='lat' dir='ltr'><strong>que</strong></span> <span class='ocrx_word' id='word_1_23' title='bbox 899 605 1172 658; x_wconf 84' lang='lat' dir='ltr'><strong>coruscat,</strong></span> <span class='ocrx_word' id='word_1_24' title='bbox 1225 595 1381 664; x_wconf 79' lang='lat' dir='ltr'><strong>cujus</strong></span> <span class='ocrx_word' id='word_1_25' title='bbox 1432 598 1539 651; x_wconf 85' lang='lat' dir='ltr'><strong>sint</strong></span> <span class='ocrx_word' id='word_1_26' title='bbox 1580 611 1848 669; x_wconf 70' lang='lat' dir='ltr'><strong>argentea:</strong></span> <span class='ocrx_word' id='word_1_27' title='bbox 1890 600 2137 666; x_wconf 58' lang='lat' dir='ltr'><strong>spherae,</strong></span> <span class='ocrx_word' id='word_1_28' title='bbox 2163 616 2339 668; x_wconf 81' lang='lat' dir='ltr'><strong>exque</strong></span> 
     </span>
    </p>
   </div>
   <div class='ocr_carea' id='block_1_6' title="bbox 2369 595 4032 676">
    <p class='ocr_par' dir='ltr' id='par_1_6' title="bbox 2445 601 4032 676">
     <span class='ocr_line' id='line_1_6' title="bbox 2445 601 4032 676; baseline -0.001 -21"><span class='ocrx_word' id='word_1_29' title='bbox 2445 603 2536 656; x_wconf 75' lang='grc' dir='ltr'><strong>τὸν</strong></span> <span class='ocrx_word' id='word_1_30' title='bbox 2567 606 2680 674; x_wconf 86' lang='grc' dir='ltr'>βίον</span> <span class='ocrx_word' id='word_1_31' title='bbox 2705 608 2807 676; x_wconf 82' lang='grc' dir='ltr'>τὴν</span> <span class='ocrx_word' id='word_1_32' title='bbox 2836 606 3149 676; x_wconf 83' lang='grc' dir='ltr'>ἀνισότητα,</span> <span class='ocrx_word' id='word_1_33' title='bbox 3184 607 3282 658; x_wconf 87' lang='grc' dir='ltr'><strong>οὐκ</strong></span> <span class='ocrx_word' id='word_1_34' title='bbox 3309 606 3373 659; x_wconf 81' lang='grc' dir='ltr'>ἂν</span> <span class='ocrx_word' id='word_1_35' title='bbox 3401 601 3562 659; x_wconf 69' lang='grc' dir='ltr'>αὗται</span> <span class='ocrx_word' id='word_1_36' title='bbox 3590 601 3731 675; x_wconf 77' lang='grc' dir='ltr'>ἦσαν</span> <span class='ocrx_word' id='word_1_37' title='bbox 3757 603 3857 670; x_wconf 69' lang='grc' dir='ltr'><strong>τῆς</strong></span> <span class='ocrx_word' id='word_1_38' title='bbox 3889 603 4032 655; x_wconf 82' lang='grc' dir='ltr'>ἀνω-</span> 
     </span>
    </p>
   </div>
   <div class='ocr_carea' id='block_1_7' title="bbox 764 682 2427 767">
    <p class='ocr_par' dir='ltr' id='par_1_7' title="bbox 764 682 2339 747">
     <span class='ocr_line' id='line_1_7' title="bbox 764 682 2339 747; baseline 0.005 -10"><span class='ocrx_word' id='word_1_39' title='bbox 764 682 954 737; x_wconf 82' lang='lat' dir='ltr'><strong>eodem</strong></span> <span class='ocrx_word' id='word_1_40' title='bbox 987 695 1192 739; x_wconf 79' lang='lat' dir='ltr'><strong>catena:</strong></span> <span class='ocrx_word' id='word_1_41' title='bbox 1226 687 1443 740; x_wconf 82' lang='lat' dir='ltr'><strong>metallo</strong></span> <span class='ocrx_word' id='word_1_42' title='bbox 1472 690 1588 743; x_wconf 91' lang='lat' dir='ltr'><strong>vice</strong></span> <span class='ocrx_word' id='word_1_43' title='bbox 1644 690 1873 745; x_wconf 91' lang='lat' dir='ltr'><strong>funium.</strong></span> <span class='ocrx_word' id='word_1_44' title='bbox 1901 690 2061 747; x_wconf 77' lang='lat' dir='ltr'><strong>Tales</strong></span> <span class='ocrx_word' id='word_1_45' title='bbox 2085 694 2339 745; x_wconf 83' lang='lat' dir='ltr'><strong>nimirum</strong></span> 
     </span>
    </p>
   </div>
   <div class='ocr_carea' id='block_1_8' title="bbox 2371 682 4034 767">
    <p class='ocr_par' dir='ltr' id='par_1_8' title="bbox 2451 691 4034 767">
     <span class='ocr_line' id='line_1_8' title="bbox 2451 691 4034 767; baseline -0.003 -20"><span class='ocrx_word' id='word_1_46' title='bbox 2451 694 2650 763; x_wconf 85' lang='grc' dir='ltr'>μαλίας</span> <span class='ocrx_word' id='word_1_47' title='bbox 2680 698 2736 748; x_wconf 85' lang='grc' dir='ltr'>αἱ</span> <span class='ocrx_word' id='word_1_48' title='bbox 2767 696 2949 767; x_wconf 79' lang='grc' dir='ltr'>ἐξοχαὶ</span> <span class='ocrx_word' id='word_1_49' title='bbox 2991 697 3085 749; x_wconf 71' lang='grc' dir='ltr'>καὶ</span> <span class='ocrx_word' id='word_1_50' title='bbox 3111 695 3441 765; x_wconf 81' lang='grc' dir='ltr'><strong>κοιλότητες,</strong></span> <span class='ocrx_word' id='word_1_51' title='bbox 3471 695 3580 747; x_wconf 77' lang='grc' dir='ltr'>οὐδ’</span> <span class='ocrx_word' id='word_1_52' title='bbox 3606 694 3671 746; x_wconf 82' lang='grc' dir='ltr'><strong>ἂν</strong></span> <span class='ocrx_word' id='word_1_53' title='bbox 3700 694 3757 746; x_wconf 71' lang='grc' dir='ltr'>αἱ</span> <span class='ocrx_word' id='word_1_54' title='bbox 3790 691 4034 744; x_wconf 75' lang='grc' dir='ltr'><strong>ποικίλαι</strong></span> 
     </span>
    </p>
   </div>
   <div class='ocr_carea' id='block_1_9' title="bbox 765 776 2428 859">
    <p class='ocr_par' dir='ltr' id='par_1_9' title="bbox 765 776 2340 853">
     <span class='ocr_line' id='line_1_9' title="bbox 765 776 2340 853; baseline 0.008 -26"><span class='ocrx_word' id='word_1_55' title='bbox 765 776 1103 845; x_wconf 85' lang='lat' dir='ltr'><strong>inexplebilis</strong></span> <span class='ocrx_word' id='word_1_56' title='bbox 1132 781 1376 834; x_wconf 71' lang='lat' dir='ltr'><strong>avaritiae</strong></span> <span class='ocrx_word' id='word_1_57' title='bbox 1407 778 1650 836; x_wconf 75' lang='lat' dir='ltr'><strong>eﬂ’ectus.</strong></span> <span class='ocrx_word' id='word_1_58' title='bbox 1680 781 1789 837; x_wconf 85' lang='lat' dir='ltr'><strong>Nisi</strong></span> <span class='ocrx_word' id='word_1_59' title='bbox 1815 783 1955 837; x_wconf 90' lang='lat' dir='ltr'><strong>enim</strong></span> <span class='ocrx_word' id='word_1_60' title='bbox 2008 798 2073 835; x_wconf 89' lang='lat' dir='ltr'><strong>ea</strong></span> <span class='ocrx_word' id='word_1_61' title='bbox 2100 785 2340 853; x_wconf 64' lang='lat' dir='ltr'><strong>ina‘qua-</strong></span> 
     </span>
    </p>
   </div>
   <div class='ocr_carea' id='block_1_10' title="bbox 2372 776 4035 859">
    <p class='ocr_par' dir='ltr' id='par_1_10' title="bbox 2450 784 4035 859">
     <span class='ocr_line' id='line_1_10' title="bbox 2450 784 4035 859; baseline -0.002 -21"><span class='ocrx_word' id='word_1_62' title='bbox 2450 788 2731 858; x_wconf 66' lang='grc' dir='ltr'>συμφοραὶ</span> <span class='ocrx_word' id='word_1_63' title='bbox 2761 788 2899 859; x_wconf 86' lang='grc' dir='ltr'>ἀηδῆ</span> <span class='ocrx_word' id='word_1_64' title='bbox 2945 788 3038 840; x_wconf 77' lang='grc' dir='ltr'>καὶ</span> <span class='ocrx_word' id='word_1_65' title='bbox 3078 787 3418 859; x_wconf 79' lang='grc' dir='ltr'><strong>πολύδακρυν</strong></span> <span class='ocrx_word' id='word_1_66' title='bbox 3442 787 3540 857; x_wconf 78' lang='grc' dir='ltr'>τὴν</span> <span class='ocrx_word' id='word_1_67' title='bbox 3567 786 3711 856; x_wconf 76' lang='grc' dir='ltr'>ζωὴν</span> <span class='ocrx_word' id='word_1_68' title='bbox 3739 784 3905 855; x_wconf 77' lang='grc' dir='ltr'>ἡμῶν</span> <span class='ocrx_word' id='word_1_69' title='bbox 3927 784 4035 836; x_wconf 53' lang='grc' dir='ltr'><strong>ἀπε</strong></span> 
     </span>
    </p>
   </div>
   <div class='ocr_carea' id='block_1_11' title="bbox 766 866 2785 946">
    <p class='ocr_par' dir='ltr' id='par_1_11' title="bbox 766 866 2785 946">
     <span class='ocr_line' id='line_1_11' title="bbox 766 866 2785 946; baseline 0.005 -28"><span class='ocrx_word' id='word_1_70' title='bbox 766 866 971 921; x_wconf 71' lang='lat' dir='ltr'><strong>litatetn</strong></span> <span class='ocrx_word' id='word_1_71' title='bbox 1002 870 1201 923; x_wconf 87' lang='lat' dir='ltr'><strong>mundo</strong></span> <span class='ocrx_word' id='word_1_72' title='bbox 1236 872 1549 937; x_wconf 80' lang='lat' dir='ltr'><strong>invexisset,</strong></span> <span class='ocrx_word' id='word_1_73' title='bbox 1578 874 1988 943; x_wconf 77' lang='lat' dir='ltr'><strong>haudquaquam</strong></span> <span class='ocrx_word' id='word_1_74' title='bbox 2032 876 2134 929; x_wconf 74' lang='lat' dir='ltr'><strong>illa:</strong></span> <span class='ocrx_word' id='word_1_75' title='bbox 2164 886 2379 934; x_wconf 83' lang='lat' dir='ltr'><strong>essent.</strong></span> <span class='ocrx_word' id='word_1_76' title='bbox 2450 877 2785 946; x_wconf 78' lang='grc' dir='ltr'>ειργάζοντο.</span> 
     </span>
    </p>
   </div>
   <div class='ocr_carea' id='block_1_12' title="bbox 762 960 4032 1029">
    <p class='ocr_par' dir='ltr' id='par_1_12' title="bbox 762 960 4032 1029">
     <span class='ocr_line' id='line_1_12' title="bbox 762 960 4032 1029; baseline 0 -15"><span class='ocrx_word' id='word_1_77' title='bbox 762 974 889 1014; x_wconf 89' lang='lat' dir='ltr'><strong>cum</strong></span> <span class='ocrx_word' id='word_1_78' title='bbox 921 960 1340 1027; x_wconf 73' lang='lat' dir='ltr'><strong>exsuperantiae.</strong></span> <span class='ocrx_word' id='word_1_79' title='bbox 1382 972 1493 1013; x_wconf 90' lang='lat' dir='ltr'><strong>tum</strong></span> <span class='ocrx_word' id='word_1_80' title='bbox 1536 960 1781 1016; x_wconf 89' lang='lat' dir='ltr'><strong>defectus</strong></span> <span class='ocrx_word' id='word_1_81' title='bbox 1838 978 1900 1016; x_wconf 88' lang='lat' dir='ltr'><strong>ac</strong></span> <span class='ocrx_word' id='word_1_82' title='bbox 1937 965 2249 1029; x_wconf 74' lang='lat' dir='ltr'><strong>inanitates,</strong></span> <span class='ocrx_word' id='word_1_83' title='bbox 2319 981 2418 1019; x_wconf 86' lang='lat' dir='ltr'><strong>nec</strong></span> <span class='ocrx_word' id='word_1_84' title='bbox 2459 967 2621 1019; x_wconf 86' lang='lat' dir='ltr'><strong>variis</strong></span> <span class='ocrx_word' id='word_1_85' title='bbox 2661 968 2796 1020; x_wconf 76' lang='lat' dir='ltr'><strong>adeo</strong></span> <span class='ocrx_word' id='word_1_86' title='bbox 2853 966 3096 1020; x_wconf 73' lang='lat' dir='ltr'><strong>cladibus</strong></span> <span class='ocrx_word' id='word_1_87' title='bbox 3133 979 3197 1019; x_wconf 84' lang='lat' dir='ltr'><strong>ac</strong></span> <span class='ocrx_word' id='word_1_88' title='bbox 3252 961 3673 1025; x_wconf 67' lang='lat' dir='ltr'><strong>calamitatibus,</strong></span> <span class='ocrx_word' id='word_1_89' title='bbox 3738 961 4032 1028; x_wconf 76' lang='lat' dir='ltr'><strong>injucunda</strong></span> 
     </span>
    </p>
   </div>
   <div class='ocr_carea' id='block_1_13' title="bbox 767 1046 2794 1121">
    <p class='ocr_par' dir='ltr' id='par_1_13' title="bbox 767 1046 2794 1121">
     <span class='ocr_line' id='line_1_13' title="bbox 767 1046 2794 1121; baseline 0.003 -18"><span class='ocrx_word' id='word_1_90' title='bbox 767 1049 926 1103; x_wconf 77' lang='lat' dir='ltr'><strong>nobis</strong></span> <span class='ocrx_word' id='word_1_91' title='bbox 951 1049 1060 1102; x_wconf 90' lang='lat' dir='ltr'><strong>vita</strong></span> <span class='ocrx_word' id='word_1_92' title='bbox 1095 1065 1157 1102; x_wconf 78' lang='lat' dir='ltr'><strong>ac</strong></span> <span class='ocrx_word' id='word_1_93' title='bbox 1187 1049 1553 1121; x_wconf 81' lang='lat' dir='ltr'><strong>lacrymabilis</strong></span> <span class='ocrx_word' id='word_1_94' title='bbox 1577 1052 1915 1107; x_wconf 70' lang='lat' dir='ltr'><strong>redderetur.</strong></span> <span class='ocrx_word' id='word_1_95' title='bbox 2777 1046 2794 1063; x_wconf 82' lang='grc'><em>’</em></span> 
     </span>
    </p>
   </div>
   <div class='ocr_carea' id='block_1_14' title="bbox 838 1135 2501 1214">
    <p class='ocr_par' dir='ltr' id='par_1_14' title="bbox 838 1137 2341 1213">
     <span class='ocr_line' id='line_1_14' title="bbox 838 1137 2341 1213; baseline 0.005 -22"><span class='ocrx_word' id='word_1_96' title='bbox 838 1137 975 1193; x_wconf 81' lang='lat' dir='ltr'><strong>Hinc</strong></span> <span class='ocrx_word' id='word_1_97' title='bbox 1011 1140 1257 1197; x_wconf 76' lang='lat' dir='ltr'><strong>homines</strong></span> <span class='ocrx_word' id='word_1_98' title='bbox 1318 1144 1555 1196; x_wconf 88' lang='lat' dir='ltr'><strong>naturali</strong></span> <span class='ocrx_word' id='word_1_99' title='bbox 1600 1152 1779 1197; x_wconf 87' lang='lat' dir='ltr'><strong>mutua</strong></span> <span class='ocrx_word' id='word_1_100' title='bbox 1826 1144 2038 1213; x_wconf 73' lang='lat' dir='ltr'><strong>abiecta</strong></span> <span class='ocrx_word' id='word_1_101' title='bbox 2077 1147 2341 1211; x_wconf 74' lang='lat' dir='ltr'><strong>amicitia,</strong></span> 
     </span>
    </p>
   </div>
   <div class='ocr_carea' id='block_1_15' title="bbox 2370 1135 4033 1214">
    <p class='ocr_par' dir='ltr' id='par_1_15' title="bbox 2534 1135 4033 1214">
     <span class='ocr_line' id='line_1_15' title="bbox 2534 1135 4033 1214; baseline -0.006 -16"><span class='ocrx_word' id='word_1_102' title='bbox 2534 1143 2816 1198; x_wconf 76' lang='grc' dir='ltr'>Ἐντεῦθεν</span> <span class='ocrx_word' id='word_1_103' title='bbox 2843 1144 2938 1214; x_wconf 77' lang='grc' dir='ltr'>τὴν</span> <span class='ocrx_word' id='word_1_104' title='bbox 2969 1144 3205 1212; x_wconf 70' lang='grc' dir='ltr'>φυσικὴν</span> <span class='ocrx_word' id='word_1_105' title='bbox 3250 1135 3383 1211; x_wconf 73' lang='grc' dir='ltr'>πρὸς</span> <span class='ocrx_word' id='word_1_106' title='bbox 3416 1137 3677 1207; x_wconf 80' lang='grc' dir='ltr'>ἀλλήλους</span> <span class='ocrx_word' id='word_1_107' title='bbox 3709 1138 3895 1205; x_wconf 81' lang='grc' dir='ltr'>φιλίαν</span> <span class='ocrx_word' id='word_1_108' title='bbox 3930 1138 4033 1190; x_wconf 87' lang='grc' dir='ltr'>ἀπ-</span> 
     </span>
    </p>
   </div>
   <div class='ocr_carea' id='block_1_16' title="bbox 765 1222 2428 1309">
    <p class='ocr_par' dir='ltr' id='par_1_16' title="bbox 765 1225 2341 1299">
     <span class='ocr_line' id='line_1_16' title="bbox 765 1225 2341 1299; baseline 0.005 -20"><span class='ocrx_word' id='word_1_109' title='bbox 765 1225 971 1299; x_wconf 84' lang='lat' dir='ltr'><strong>ferrum</strong></span> <span class='ocrx_word' id='word_1_110' title='bbox 1021 1240 1248 1293; x_wconf 84' lang='lat' dir='ltr'><strong>acuunt,</strong></span> <span class='ocrx_word' id='word_1_111' title='bbox 1307 1233 1455 1285; x_wconf 85' lang='lat' dir='ltr'><strong>acies</strong></span> <span class='ocrx_word' id='word_1_112' title='bbox 1507 1232 1801 1293; x_wconf 89' lang='lat' dir='ltr'><strong>instruunt,</strong></span> <span class='ocrx_word' id='word_1_113' title='bbox 1856 1252 1921 1288; x_wconf 86' lang='lat' dir='ltr'><strong>ac</strong></span> <span class='ocrx_word' id='word_1_114' title='bbox 1972 1250 2183 1289; x_wconf 88' lang='lat' dir='ltr'><strong>summa</strong></span> <span class='ocrx_word' id='word_1_115' title='bbox 2221 1252 2341 1289; x_wconf 84' lang='lat' dir='ltr'><strong>cum</strong></span> 
     </span>
    </p>
   </div>
   <div class='ocr_carea' id='block_1_17' title="bbox 2371 1222 4034 1309">
    <p class='ocr_par' dir='ltr' id='par_1_17' title="bbox 2446 1222 4034 1309">
     <span class='ocr_line' id='line_1_17' title="bbox 2446 1222 4034 1309; baseline -0.007 -19"><span class='ocrx_word' id='word_1_116' title='bbox 2446 1239 2654 1291; x_wconf 76' lang='grc' dir='ltr'>ὠλεσαν</span> <span class='ocrx_word' id='word_1_117' title='bbox 2678 1222 2977 1309; x_wconf 80' lang='grc' dir='ltr'><strong>¹ἄνθρωποι,</strong></span> <span class='ocrx_word' id='word_1_118' title='bbox 3014 1237 3119 1288; x_wconf 76' lang='grc' dir='ltr'>καὶ·</span> <span class='ocrx_word' id='word_1_119' title='bbox 3134 1235 3348 1304; x_wconf 78' lang='grc' dir='ltr'>σίδηρον</span> <span class='ocrx_word' id='word_1_120' title='bbox 3384 1232 3642 1293; x_wconf 82' lang='grc' dir='ltr'>ἀκονῶσι,</span> <span class='ocrx_word' id='word_1_121' title='bbox 3673 1230 3766 1283; x_wconf 80' lang='grc' dir='ltr'>καὶ</span> <span class='ocrx_word' id='word_1_122' title='bbox 3799 1245 4034 1298; x_wconf 82' lang='grc' dir='ltr'>συγκρο-</span> 
     </span>
    </p>
   </div>
   <div class='ocr_carea' id='block_1_18' title="bbox 765 1317 2428 1401">
    <p class='ocr_par' dir='ltr' id='par_1_18' title="bbox 765 1317 2340 1385">
     <span class='ocr_line' id='line_1_18' title="bbox 765 1317 2340 1385; baseline 0.005 -16"><span class='ocrx_word' id='word_1_123' title='bbox 765 1317 1409 1385; x_wconf 82' lang='lat' dir='ltr'><strong>linmanitate&#39;tan,uatn</strong></span> <span class='ocrx_word' id='word_1_124' title='bbox 1462 1320 1647 1374; x_wconf 74' lang='lat' dir='ltr'><strong>beatize</strong></span> <span class='ocrx_word' id='word_1_125' title='bbox 1705 1322 1844 1374; x_wconf 90' lang='lat' dir='ltr'><strong>inter</strong></span> <span class='ocrx_word' id='word_1_126' title='bbox 1870 1337 1928 1377; x_wconf 88' lang='lat' dir='ltr'><strong>se</strong></span> <span class='ocrx_word' id='word_1_127' title='bbox 1975 1326 2340 1378; x_wconf 87' lang='lat' dir='ltr'><strong>connnittunt.</strong></span> 
     </span>
    </p>
   </div>
   <div class='ocr_carea' id='block_1_19' title="bbox 2369 1317 4032 1401">
    <p class='ocr_par' dir='ltr' id='par_1_19' title="bbox 2446 1321 4032 1401">
     <span class='ocr_line' id='line_1_19' title="bbox 2446 1321 4032 1401; baseline -0.005 -19"><span class='ocrx_word' id='word_1_128' title='bbox 2446 1330 2601 1383; x_wconf 75' lang='grc' dir='ltr'>τοῦσι</span> <span class='ocrx_word' id='word_1_129' title='bbox 2641 1329 2995 1401; x_wconf 77' lang='grc' dir='ltr'>παρατάξεις,</span> <span class='ocrx_word' id='word_1_130' title='bbox 3026 1330 3120 1381; x_wconf 75' lang='grc' dir='ltr'><strong>καὶ</strong></span> <span class='ocrx_word' id='word_1_131' title='bbox 3155 1326 3345 1397; x_wconf 83' lang='grc' dir='ltr'>ὥσπερ</span> <span class='ocrx_word' id='word_1_132' title='bbox 3367 1324 3488 1377; x_wconf 72' lang='grc' dir='ltr'>τινα</span> <span class='ocrx_word' id='word_1_133' title='bbox 3516 1322 3678 1393; x_wconf 79' lang='grc' dir='ltr'>θηρία</span> <span class='ocrx_word' id='word_1_134' title='bbox 3720 1322 3859 1392; x_wconf 81' lang='grc' dir='ltr'><strong>μετά</strong></span> <span class='ocrx_word' id='word_1_135' title='bbox 3904 1321 4032 1375; x_wconf 86' lang='grc' dir='ltr'>πολ-</span> 
     </span>
    </p>
   </div>
   <div class='ocr_carea' id='block_1_20' title="bbox 763 1405 2426 1489">
    <p class='ocr_par' dir='ltr' id='par_1_20' title="bbox 763 1405 2345 1480">
     <span class='ocr_line' id='line_1_20' title="bbox 763 1405 2345 1480; baseline 0.005 -18"><span class='ocrx_word' id='word_1_136' title='bbox 763 1405 969 1463; x_wconf 69' lang='lat' dir='ltr'><strong>Cmtera</strong></span> <span class='ocrx_word' id='word_1_137' title='bbox 1004 1409 1260 1477; x_wconf 84' lang='lat' dir='ltr'><strong>deinceps</strong></span> <span class='ocrx_word' id='word_1_138' title='bbox 1306 1412 1429 1480; x_wconf 84' lang='lat' dir='ltr'><strong>quis</strong></span> <span class='ocrx_word' id='word_1_139' title='bbox 1471 1414 1848 1469; x_wconf 79' lang='lat' dir='ltr'><strong>enarraverit?</strong></span> <span class='ocrx_word' id='word_1_140' title='bbox 1894 1413 2031 1468; x_wconf 76' lang='lat' dir='ltr'><strong>Muri</strong></span> <span class='ocrx_word' id='word_1_141' title='bbox 2090 1416 2250 1469; x_wconf 78' lang='lat' dir='ltr'><strong>validi</strong></span> <span class='ocrx_word' id='word_1_142' title='bbox 2282 1432 2345 1470; x_wconf 84' lang='lat' dir='ltr'><strong>ac</strong></span> 
     </span>
    </p>
   </div>
   <div class='ocr_carea' id='block_1_21' title="bbox 2373 1405 4036 1489">
    <p class='ocr_par' dir='ltr' id='par_1_21' title="bbox 2448 1411 4036 1489">
     <span class='ocr_line' id='line_1_21' title="bbox 2448 1411 4036 1489; baseline -0.005 -17"><span class='ocrx_word' id='word_1_143' title='bbox 2448 1420 2545 1489; x_wconf 82' lang='grc' dir='ltr'>λῆς</span> <span class='ocrx_word' id='word_1_144' title='bbox 2577 1419 2677 1487; x_wconf 74' lang='grc' dir='ltr'>τῆς</span> <span class='ocrx_word' id='word_1_145' title='bbox 2700 1418 3023 1489; x_wconf 86' lang='grc' dir='ltr'>ἀγριότητος</span> <span class='ocrx_word' id='word_1_146' title='bbox 3049 1417 3297 1487; x_wconf 82' lang='grc' dir='ltr'>ἀλλήλοις</span> <span class='ocrx_word' id='word_1_147' title='bbox 3326 1415 3675 1467; x_wconf 80' lang='grc' dir='ltr'>συνάπτουσι.</span> <span class='ocrx_word' id='word_1_148' title='bbox 3711 1412 3793 1464; x_wconf 79' lang='grc' dir='ltr'><strong>Τά</strong></span> <span class='ocrx_word' id='word_1_149' title='bbox 3817 1412 3874 1464; x_wconf 85' lang='grc' dir='ltr'>δὲ</span> <span class='ocrx_word' id='word_1_150' title='bbox 3906 1411 4036 1465; x_wconf 76' lang='grc' dir='ltr'><strong>ἀκό⁴</strong></span> 
     </span>
    </p>
   </div>
   <div class='ocr_carea' id='block_1_22' title="bbox 764 1498 2427 1577">
    <p class='ocr_par' dir='ltr' id='par_1_22' title="bbox 764 1498 2343 1577">
     <span class='ocr_line' id='line_1_22' title="bbox 764 1498 2343 1577; baseline 0.006 -26"><span class='ocrx_word' id='word_1_151' title='bbox 764 1498 969 1553; x_wconf 87' lang='lat' dir='ltr'><strong>excelsi</strong></span> <span class='ocrx_word' id='word_1_152' title='bbox 1024 1501 1293 1555; x_wconf 83' lang='lat' dir='ltr'><strong>machinis</strong></span> <span class='ocrx_word' id='word_1_153' title='bbox 1340 1513 1797 1571; x_wconf 83' lang='lat' dir='ltr'><strong>conquassantar,</strong></span> <span class='ocrx_word' id='word_1_154' title='bbox 1834 1506 1997 1560; x_wconf 86' lang='lat' dir='ltr'><strong>urbes</strong></span> <span class='ocrx_word' id='word_1_155' title='bbox 2026 1522 2343 1577; x_wconf 80' lang='lat' dir='ltr'><strong>expugnan-</strong></span> 
     </span>
    </p>
   </div>
   <div class='ocr_carea' id='block_1_23' title="bbox 2372 1498 4035 1577">
    <p class='ocr_par' dir='ltr' id='par_1_23' title="bbox 2451 1501 4035 1573">
     <span class='ocr_line' id='line_1_23' title="bbox 2451 1501 4035 1573; baseline -0.006 -12"><span class='ocrx_word' id='word_1_156' title='bbox 2451 1508 2618 1561; x_wconf 85' lang='grc' dir='ltr'>λουθα</span> <span class='ocrx_word' id='word_1_157' title='bbox 2654 1507 2863 1569; x_wconf 89' lang='grc' dir='ltr'>τούτοις</span> <span class='ocrx_word' id='word_1_158' title='bbox 2918 1506 3032 1570; x_wconf 79' lang='grc' dir='ltr'><strong>πῶς</strong></span> <span class='ocrx_word' id='word_1_159' title='bbox 3081 1508 3145 1559; x_wconf 82' lang='grc' dir='ltr'><strong>ἀν</strong></span> <span class='ocrx_word' id='word_1_160' title='bbox 3189 1522 3273 1567; x_wconf 89' lang='grc' dir='ltr'><strong>τις</strong></span> <span class='ocrx_word' id='word_1_161' title='bbox 3316 1504 3411 1556; x_wconf 74' lang='grc' dir='ltr'>καὶ</span> <span class='ocrx_word' id='word_1_162' title='bbox 3462 1501 3821 1573; x_wconf 79' lang='grc' dir='ltr'>ἐξηγήσαιτο;</span> <span class='ocrx_word' id='word_1_163' title='bbox 3867 1502 4035 1571; x_wconf 81' lang='grc' dir='ltr'>Τείχη</span> 
     </span>
    </p>
   </div>
   <div class='ocr_carea' id='block_1_24' title="bbox 767 1591 2430 1665">
    <p class='ocr_par' dir='ltr' id='par_1_24' title="bbox 767 1591 2345 1659">
     <span class='ocr_line' id='line_1_24' title="bbox 767 1591 2345 1659; baseline 0.004 -19"><span class='ocrx_word' id='word_1_164' title='bbox 767 1600 891 1655; x_wconf 88' lang='lat' dir='ltr'><strong>tur,</strong></span> <span class='ocrx_word' id='word_1_165' title='bbox 926 1605 1123 1644; x_wconf 81' lang='lat' dir='ltr'><strong>uxores</strong></span> <span class='ocrx_word' id='word_1_166' title='bbox 1153 1591 1522 1659; x_wconf 84' lang='lat' dir='ltr'><strong>abducuntur,</strong></span> <span class='ocrx_word' id='word_1_167' title='bbox 1576 1592 1727 1647; x_wconf 81' lang='lat' dir='ltr'><strong>liberi</strong></span> <span class='ocrx_word' id='word_1_168' title='bbox 1758 1594 1810 1646; x_wconf 91' lang='lat' dir='ltr'><strong>in</strong></span> <span class='ocrx_word' id='word_1_169' title='bbox 1844 1594 2159 1648; x_wconf 84' lang='lat' dir='ltr'><strong>servitutem</strong></span> <span class='ocrx_word' id='word_1_170' title='bbox 2204 1594 2345 1647; x_wconf 81' lang='lat' dir='ltr'><strong>redi-</strong></span> 
     </span>
    </p>
   </div>
   <div class='ocr_carea' id='block_1_25' title="bbox 2375 1591 4038 1665">
    <p class='ocr_par' dir='ltr' id='par_1_25' title="bbox 2453 1591 4038 1665">
     <span class='ocr_line' id='line_1_25' title="bbox 2453 1591 4038 1665; baseline -0.003 -18"><span class='ocrx_word' id='word_1_171' title='bbox 2453 1595 2698 1665; x_wconf 86' lang='grc' dir='ltr'>καρτερά</span> <span class='ocrx_word' id='word_1_172' title='bbox 2735 1597 2847 1657; x_wconf 83' lang='grc' dir='ltr'>τοῖς</span> <span class='ocrx_word' id='word_1_173' title='bbox 2888 1596 3242 1664; x_wconf 75' lang='grc' dir='ltr'>μηχανήμασι</span> <span class='ocrx_word' id='word_1_174' title='bbox 3288 1593 3659 1655; x_wconf 79' lang='grc' dir='ltr'>κατασείεται,</span> <span class='ocrx_word' id='word_1_175' title='bbox 3710 1593 3803 1644; x_wconf 82' lang='grc' dir='ltr'>καὶ</span> <span class='ocrx_word' id='word_1_176' title='bbox 3851 1591 4038 1655; x_wconf 86' lang='grc' dir='ltr'>πόλεις</span> 
     </span>
    </p>
   </div>
   <div class='ocr_carea' id='block_1_26' title="bbox 767 1683 2430 1765">
    <p class='ocr_par' dir='ltr' id='par_1_26' title="bbox 767 1683 2349 1765">
     <span class='ocr_line' id='line_1_26' title="bbox 767 1683 2349 1765; baseline 0.006 -34"><span class='ocrx_word' id='word_1_177' title='bbox 767 1690 992 1759; x_wconf 71' lang='lat' dir='ltr'><strong>gnutur,</strong></span> <span class='ocrx_word' id='word_1_178' title='bbox 1047 1683 1493 1765; x_wconf 63' lang='lat' dir='ltr'><strong>agri&#39;vastantur</strong></span> <span class='ocrx_word' id='word_1_179' title='bbox 1546 1698 1612 1738; x_wconf 87' lang='lat' dir='ltr'><strong>ac</strong></span> <span class='ocrx_word' id='word_1_180' title='bbox 1682 1684 2010 1747; x_wconf 77' lang='lat' dir='ltr'><strong>desolantur,</strong></span> <span class='ocrx_word' id='word_1_181' title='bbox 2061 1685 2349 1741; x_wconf 75' lang='lat' dir='ltr'><strong>arboribus</strong></span> 
     </span>
    </p>
   </div>
   <div class='ocr_carea' id='block_1_27' title="bbox 2377 1683 4040 1765">
    <p class='ocr_par' dir='ltr' id='par_1_27' title="bbox 2452 1683 4040 1755">
     <span class='ocr_line' id='line_1_27' title="bbox 2452 1683 4040 1755; baseline -0.003 -16"><span class='ocrx_word' id='word_1_182' title='bbox 2452 1687 2786 1749; x_wconf 82' lang='grc' dir='ltr'>ἁλίσκονται,</span> <span class='ocrx_word' id='word_1_183' title='bbox 2822 1688 2922 1741; x_wconf 79' lang='grc' dir='ltr'>καὶ</span> <span class='ocrx_word' id='word_1_184' title='bbox 2951 1688 3203 1753; x_wconf 79' lang='grc' dir='ltr'>γυναῖκες</span> <span class='ocrx_word' id='word_1_185' title='bbox 3230 1683 3471 1751; x_wconf 76' lang='grc' dir='ltr'>ἄγονται,</span> <span class='ocrx_word' id='word_1_186' title='bbox 3508 1684 3601 1737; x_wconf 76' lang='grc' dir='ltr'><strong>καὶ</strong></span> <span class='ocrx_word' id='word_1_187' title='bbox 3629 1684 3818 1748; x_wconf 82' lang='grc' dir='ltr'>παῖδες</span> <span class='ocrx_word' id='word_1_188' title='bbox 3842 1683 4040 1755; x_wconf 86' lang='grc' dir='ltr'>ἀνδρα-</span> 
     </span>
    </p>
   </div>
   <div class='ocr_carea' id='block_1_28' title="bbox 767 1770 2430 1843">
    <p class='ocr_par' dir='ltr' id='par_1_28' title="bbox 767 1770 2416 1843">
     <span class='ocr_line' id='line_1_28' title="bbox 767 1770 2416 1843; baseline 0.004 -20"><span class='ocrx_word' id='word_1_189' title='bbox 767 1770 927 1839; x_wconf 84' lang='lat' dir='ltr'><strong>ipsis,</strong></span> <span class='ocrx_word' id='word_1_190' title='bbox 953 1780 1208 1841; x_wconf 79' lang='lat' dir='ltr'><strong>tanquam</strong></span> <span class='ocrx_word' id='word_1_191' title='bbox 1236 1773 1547 1827; x_wconf 80' lang='lat' dir='ltr'><strong>hominibus</strong></span> <span class='ocrx_word' id='word_1_192' title='bbox 1591 1774 1752 1829; x_wconf 65' lang='lat' dir='ltr'><strong>illatua</strong></span> <span class='ocrx_word' id='word_1_193' title='bbox 1785 1777 1890 1829; x_wconf 87' lang='lat' dir='ltr'><strong>reis</strong></span> <span class='ocrx_word' id='word_1_194' title='bbox 1922 1775 2154 1843; x_wconf 67' lang='lat' dir='ltr'><strong>injurias,</strong></span> <span class='ocrx_word' id='word_1_195' title='bbox 2196 1778 2341 1830; x_wconf 87' lang='lat' dir='ltr'><strong>haud</strong></span> <span class='ocrx_word' id='word_1_196' title='bbox 2382 1835 2416 1843; x_wconf 88' lang='lat'>_</span> 
     </span>
    </p>
   </div>
   <div class='ocr_carea' id='block_1_29' title="bbox 2378 1770 4041 1843">
    <p class='ocr_par' dir='ltr' id='par_1_29' title="bbox 2382 1773 4041 1843">
     <span class='ocr_line' id='line_1_29' title="bbox 2382 1773 4041 1843; baseline 0.001 -17"><span class='ocrx_word' id='word_1_197' title='bbox 2382 1835 2416 1843; x_wconf 87' lang='lat'>_</span> <span class='ocrx_word' id='word_1_198' title='bbox 2452 1775 2777 1841; x_wconf 76' lang='grc' dir='ltr'>ποδίζονται·</span> <span class='ocrx_word' id='word_1_199' title='bbox 2805 1774 3061 1843; x_wconf 82' lang='grc' dir='ltr'>τέμνεται</span> <span class='ocrx_word' id='word_1_200' title='bbox 3090 1774 3160 1843; x_wconf 89' lang='grc' dir='ltr'>γῆ</span> <span class='ocrx_word' id='word_1_201' title='bbox 3192 1775 3283 1826; x_wconf 77' lang='grc' dir='ltr'><strong>καὶ</strong></span> <span class='ocrx_word' id='word_1_202' title='bbox 3313 1773 3580 1843; x_wconf 85' lang='grc' dir='ltr'>κείρεται,</span> <span class='ocrx_word' id='word_1_203' title='bbox 3625 1776 3718 1827; x_wconf 83' lang='grc' dir='ltr'>καὶ</span> <span class='ocrx_word' id='word_1_204' title='bbox 3742 1774 3812 1827; x_wconf 73' lang='grc' dir='ltr'><strong>τὰ</strong></span> <span class='ocrx_word' id='word_1_205' title='bbox 3845 1774 4041 1843; x_wconf 73' lang='grc' dir='ltr'>δένδρα</span> 
     </span>
    </p>
   </div>
   <div class='ocr_carea' id='block_1_30' title="bbox 769 1835 2432 1936">
    <p class='ocr_par' dir='ltr' id='par_1_30' title="bbox 769 1835 2422 1936">
     <span class='ocr_line' id='line_1_30' title="bbox 769 1835 2422 1936; baseline 0.004 -23"><span class='ocrx_word' id='word_1_206' title='bbox 769 1872 1140 1931; x_wconf 76' lang='lat' dir='ltr'><strong>temperatur;</strong></span> <span class='ocrx_word' id='word_1_207' title='bbox 1174 1865 1325 1918; x_wconf 90' lang='lat' dir='ltr'><strong>multi</strong></span> <span class='ocrx_word' id='word_1_208' title='bbox 1363 1865 1587 1919; x_wconf 81' lang='lat' dir='ltr'><strong>ﬂorente</strong></span> <span class='ocrx_word' id='word_1_209' title='bbox 1636 1876 1798 1921; x_wconf 67' lang='lat' dir='ltr'><strong>aetate</strong></span> <span class='ocrx_word' id='word_1_210' title='bbox 1834 1866 2174 1936; x_wconf 69' lang='lat' dir='ltr'><strong>jugulantur,</strong></span> <span class='ocrx_word' id='word_1_211' title='bbox 2214 1870 2346 1926; x_wconf 84' lang='lat' dir='ltr'><strong>rivi-</strong></span> <span class='ocrx_word' id='word_1_212' title='bbox 2382 1835 2422 1889; x_wconf 74' lang='grc' dir='ltr'><strong>Β</strong></span> 
     </span>
    </p>
   </div>
   <div class='ocr_carea' id='block_1_31' title="bbox 2375 1835 4038 1936">
    <p class='ocr_par' dir='ltr' id='par_1_31' title="bbox 2382 1835 4038 1936">
     <span class='ocr_line' id='line_1_31' title="bbox 2382 1835 4038 1936; baseline 0 -19"><span class='ocrx_word' id='word_1_213' title='bbox 2382 1835 2422 1889; x_wconf 74' lang='grc' dir='ltr'><strong>Β</strong></span> <span class='ocrx_word' id='word_1_214' title='bbox 2452 1835 2813 1936; x_wconf 71' lang='grc' dir='ltr'>πολεμούνται</span> <span class='ocrx_word' id='word_1_215' title='bbox 2838 1835 2913 1928; x_wconf 71' lang='lat' dir='ltr'><strong>Lb;</strong></span> <span class='ocrx_word' id='word_1_216' title='bbox 2937 1835 3291 1935; x_wconf 74' lang='grc' dir='ltr'>ἀδικήσαντες</span> <span class='ocrx_word' id='word_1_217' title='bbox 3324 1835 3621 1934; x_wconf 65' lang='grc' dir='ltr'>ἄνθρωπον</span> <span class='ocrx_word' id='word_1_218' title='bbox 3661 1866 3817 1933; x_wconf 82' lang='grc' dir='ltr'>φόνος</span> <span class='ocrx_word' id='word_1_219' title='bbox 3847 1865 3903 1916; x_wconf 78' lang='grc' dir='ltr'>δὲ</span> <span class='ocrx_word' id='word_1_220' title='bbox 3932 1835 4038 1918; x_wconf 68' lang='grc' dir='ltr'>τιῦν</span> 
     </span>
    </p>
   </div>
   <div class='ocr_carea' id='block_1_32' title="bbox 766 1951 2429 2024">
    <p class='ocr_par' dir='ltr' id='par_1_32' title="bbox 766 1954 2351 2024">
     <span class='ocr_line' id='line_1_32' title="bbox 766 1954 2351 2024; baseline 0.005 -19"><span class='ocrx_word' id='word_1_221' title='bbox 766 1968 878 2021; x_wconf 81' lang='lat' dir='ltr'><strong>que</strong></span> <span class='ocrx_word' id='word_1_222' title='bbox 902 1954 1182 2024; x_wconf 71' lang='lat' dir='ltr'><strong>sanguinis</strong></span> <span class='ocrx_word' id='word_1_223' title='bbox 1214 1969 1241 2007; x_wconf 88' lang='lat' dir='ltr'><strong>a</strong></span> <span class='ocrx_word' id='word_1_224' title='bbox 1280 1965 1462 2022; x_wconf 77' lang='lat' dir='ltr'><strong>strage</strong></span> <span class='ocrx_word' id='word_1_225' title='bbox 1496 1955 1822 2011; x_wconf 85' lang='lat' dir='ltr'><strong>cadaverum</strong></span> <span class='ocrx_word' id='word_1_226' title='bbox 1850 1959 2156 2013; x_wconf 80' lang='lat' dir='ltr'><strong>miserabili</strong></span> <span class='ocrx_word' id='word_1_227' title='bbox 2178 1958 2351 2013; x_wconf 84' lang='lat' dir='ltr'><strong>ﬂuunt</strong></span> 
     </span>
    </p>
   </div>
   <div class='ocr_carea' id='block_1_33' title="bbox 2377 1951 4040 2024">
    <p class='ocr_par' dir='ltr' id='par_1_33' title="bbox 2452 1951 4040 2023">
     <span class='ocr_line' id='line_1_33' title="bbox 2452 1951 4040 2023; baseline -0.001 -17"><span class='ocrx_word' id='word_1_228' title='bbox 2452 1955 2510 2006; x_wconf 86' lang='grc' dir='ltr'>ὲν</span> <span class='ocrx_word' id='word_1_229' title='bbox 2539 1954 2689 2023; x_wconf 83' lang='grc' dir='ltr'>ἀκμῇ</span> <span class='ocrx_word' id='word_1_230' title='bbox 2729 1954 2916 2016; x_wconf 81' lang='grc' dir='ltr'>πολὺς,</span> <span class='ocrx_word' id='word_1_231' title='bbox 2971 1953 3065 2006; x_wconf 80' lang='grc' dir='ltr'>καὶ</span> <span class='ocrx_word' id='word_1_232' title='bbox 3124 1954 3172 2005; x_wconf 82' lang='lat' dir='ltr'><strong>oi</strong></span> <span class='ocrx_word' id='word_1_233' title='bbox 3214 1951 3309 2004; x_wconf 81' lang='grc' dir='ltr'>τοῦ</span> <span class='ocrx_word' id='word_1_234' title='bbox 3340 1952 3572 2021; x_wconf 79' lang='grc' dir='ltr'>αἵματος</span> <span class='ocrx_word' id='word_1_235' title='bbox 3615 1953 3814 2022; x_wconf 78' lang='grc' dir='ltr'>ρύακες</span> <span class='ocrx_word' id='word_1_236' title='bbox 3862 1954 4040 2022; x_wconf 72' lang='grc' dir='ltr'>ἀπορ-</span> 
     </span>
    </p>
   </div>
   <div class='ocr_carea' id='block_1_34' title="bbox 767 2042 2430 2118">
    <p class='ocr_par' dir='ltr' id='par_1_34' title="bbox 767 2042 2351 2117">
     <span class='ocr_line' id='line_1_34' title="bbox 767 2042 2351 2117; baseline 0.006 -24"><span class='ocrx_word' id='word_1_237' title='bbox 767 2052 933 2109; x_wconf 77' lang='lat' dir='ltr'><strong>atque</strong></span> <span class='ocrx_word' id='word_1_238' title='bbox 978 2042 1314 2109; x_wconf 84' lang='lat' dir='ltr'><strong>volvuntur;</strong></span> <span class='ocrx_word' id='word_1_239' title='bbox 1358 2044 1644 2101; x_wconf 73' lang='lat' dir='ltr'><strong>facultates</strong></span> <span class='ocrx_word' id='word_1_240' title='bbox 1701 2047 1935 2117; x_wconf 88' lang='lat' dir='ltr'><strong>denique</strong></span> <span class='ocrx_word' id='word_1_241' title='bbox 2000 2064 2064 2103; x_wconf 88' lang='lat' dir='ltr'><strong>ac</strong></span> <span class='ocrx_word' id='word_1_242' title='bbox 2122 2050 2351 2103; x_wconf 75' lang='lat' dir='ltr'><strong>fortuna:</strong></span> 
     </span>
    </p>
   </div>
   <div class='ocr_carea' id='block_1_35' title="bbox 2380 2042 4043 2118">
    <p class='ocr_par' dir='ltr' id='par_1_35' title="bbox 2454 2043 4043 2118">
     <span class='ocr_line' id='line_1_35' title="bbox 2454 2043 4043 2118; baseline -0.003 -19"><span class='ocrx_word' id='word_1_243' title='bbox 2454 2047 2635 2118; x_wconf 76' lang='grc' dir='ltr'>ῥέουσι</span> <span class='ocrx_word' id='word_1_244' title='bbox 2667 2045 2774 2097; x_wconf 85' lang='grc' dir='ltr'><strong>τῶν</strong></span> <span class='ocrx_word' id='word_1_245' title='bbox 2801 2044 3001 2097; x_wconf 82' lang='grc' dir='ltr'>ἀθλίων</span> <span class='ocrx_word' id='word_1_246' title='bbox 3034 2045 3323 2115; x_wconf 87' lang='grc' dir='ltr'>σωμάτων·</span> <span class='ocrx_word' id='word_1_247' title='bbox 3350 2047 3378 2097; x_wconf 98' lang='lat'><strong>6</strong></span> <span class='ocrx_word' id='word_1_248' title='bbox 3406 2044 3460 2096; x_wconf 78' lang='grc' dir='ltr'><strong>δὲ</strong></span> <span class='ocrx_word' id='word_1_249' title='bbox 3484 2043 3713 2106; x_wconf 79' lang='grc' dir='ltr'>πλοῦτος</span> <span class='ocrx_word' id='word_1_250' title='bbox 3736 2043 3845 2095; x_wconf 83' lang='grc' dir='ltr'><strong>τῶν</strong></span> <span class='ocrx_word' id='word_1_251' title='bbox 3875 2045 4043 2115; x_wconf 73' lang='grc' dir='ltr'>ἡττη-</span> 
     </span>
    </p>
   </div>
   <div class='ocr_carea' id='block_1_36' title="bbox 766 2134 2429 2208">
    <p class='ocr_par' dir='ltr' id='par_1_36' title="bbox 766 2136 2351 2207">
     <span class='ocr_line' id='line_1_36' title="bbox 766 2136 2351 2207; baseline 0.003 -19"><span class='ocrx_word' id='word_1_252' title='bbox 766 2148 983 2198; x_wconf 82' lang='lat' dir='ltr'><strong>eorum,</strong></span> <span class='ocrx_word' id='word_1_253' title='bbox 1008 2136 1099 2203; x_wconf 83' lang='lat' dir='ltr'><strong>qui</strong></span> <span class='ocrx_word' id='word_1_254' title='bbox 1154 2136 1281 2189; x_wconf 80' lang='lat' dir='ltr'><strong>victi</strong></span> <span class='ocrx_word' id='word_1_255' title='bbox 1341 2136 1569 2199; x_wconf 84' lang='lat' dir='ltr'><strong>fuerint,</strong></span> <span class='ocrx_word' id='word_1_256' title='bbox 1618 2138 1919 2193; x_wconf 85' lang='lat' dir='ltr'><strong>victoribus</strong></span> <span class='ocrx_word' id='word_1_257' title='bbox 1960 2142 2181 2193; x_wconf 81' lang='lat' dir='ltr'><strong>cedunt.</strong></span> <span class='ocrx_word' id='word_1_258' title='bbox 2211 2140 2351 2207; x_wconf 82' lang='lat' dir='ltr'><strong>Quid</strong></span> 
     </span>
    </p>
   </div>
   <div class='ocr_carea' id='block_1_37' title="bbox 2381 2134 4044 2208">
    <p class='ocr_par' dir='ltr' id='par_1_37' title="bbox 2454 2134 4044 2208">
     <span class='ocr_line' id='line_1_37' title="bbox 2454 2134 4044 2208; baseline -0.003 -17"><span class='ocrx_word' id='word_1_259' title='bbox 2454 2138 2674 2202; x_wconf 82' lang='grc' dir='ltr'>θέντων,</span> <span class='ocrx_word' id='word_1_260' title='bbox 2707 2134 2867 2191; x_wconf 86' lang='grc' dir='ltr'>ἆθλον</span> <span class='ocrx_word' id='word_1_261' title='bbox 2892 2137 3000 2190; x_wconf 79' lang='grc' dir='ltr'>τῶν</span> <span class='ocrx_word' id='word_1_262' title='bbox 3031 2134 3445 2208; x_wconf 82' lang='grc' dir='ltr'>κρατησάντων.</span> <span class='ocrx_word' id='word_1_263' title='bbox 3493 2135 3616 2187; x_wconf 81' lang='grc' dir='ltr'>Ἐπὶ</span> <span class='ocrx_word' id='word_1_264' title='bbox 3640 2135 3851 2198; x_wconf 76' lang='grc' dir='ltr'>τούτοις</span> <span class='ocrx_word' id='word_1_265' title='bbox 3883 2135 4044 2205; x_wconf 77' lang='grc' dir='ltr'>ὀδυρ-</span> 
     </span>
    </p>
   </div>
   <div class='ocr_carea' id='block_1_38' title="bbox 769 2223 2432 2303">
    <p class='ocr_par' dir='ltr' id='par_1_38' title="bbox 769 2223 2348 2296">
     <span class='ocr_line' id='line_1_38' title="bbox 769 2223 2348 2296; baseline 0.003 -19"><span class='ocrx_word' id='word_1_266' title='bbox 769 2223 1009 2280; x_wconf 73' lang='lat' dir='ltr'><strong>deinde?</strong></span> <span class='ocrx_word' id='word_1_267' title='bbox 1032 2225 1325 2278; x_wconf 82' lang='lat' dir='ltr'><strong>Viduarnm</strong></span> <span class='ocrx_word' id='word_1_268' title='bbox 1364 2224 1627 2290; x_wconf 75' lang='lat' dir='ltr'><strong>lamenta,</strong></span> <span class='ocrx_word' id='word_1_269' title='bbox 1659 2228 1983 2296; x_wconf 84' lang='lat' dir='ltr'><strong>pupillorum</strong></span> <span class='ocrx_word' id='word_1_270' title='bbox 2014 2228 2191 2293; x_wconf 85' lang='lat' dir='ltr'><strong>fletus,</strong></span> <span class='ocrx_word' id='word_1_271' title='bbox 2226 2245 2348 2283; x_wconf 88' lang='lat' dir='ltr'><strong>cum</strong></span> 
     </span>
    </p>
   </div>
   <div class='ocr_carea' id='block_1_39' title="bbox 2381 2223 4044 2303">
    <p class='ocr_par' dir='ltr' id='par_1_39' title="bbox 2457 2229 4044 2303">
     <span class='ocr_line' id='line_1_39' title="bbox 2457 2229 4044 2303; baseline -0.003 -18"><span class='ocrx_word' id='word_1_272' title='bbox 2457 2232 2547 2303; x_wconf 77' lang='grc' dir='ltr'><strong>μοὶ</strong></span> <span class='ocrx_word' id='word_1_273' title='bbox 2572 2232 2819 2302; x_wconf 72' lang='grc' dir='ltr'>χηρείας,</span> <span class='ocrx_word' id='word_1_274' title='bbox 2848 2229 3101 2301; x_wconf 81' lang='grc' dir='ltr'>ὀρφανῶν</span> <span class='ocrx_word' id='word_1_275' title='bbox 3135 2230 3364 2300; x_wconf 85' lang='grc' dir='ltr'>δάκρυα,</span> <span class='ocrx_word' id='word_1_276' title='bbox 3397 2230 3490 2282; x_wconf 78' lang='grc' dir='ltr'>καὶ</span> <span class='ocrx_word' id='word_1_277' title='bbox 3518 2229 3756 2301; x_wconf 85' lang='grc' dir='ltr'>πατέρας</span> <span class='ocrx_word' id='word_1_278' title='bbox 3785 2229 3921 2299; x_wconf 76' lang='grc' dir='ltr'>ὁμοῦ</span> <span class='ocrx_word' id='word_1_279' title='bbox 3950 2229 4044 2282; x_wconf 67' lang='grc' dir='ltr'><strong>καὶ</strong></span> 
     </span>
    </p>
   </div>
   <div class='ocr_carea' id='block_1_40' title="bbox 778 2318 2441 2394">
    <p class='ocr_par' dir='ltr' id='par_1_40' title="bbox 778 2318 2348 2389">
     <span class='ocr_line' id='line_1_40' title="bbox 778 2318 2348 2389; baseline 0.003 -20"><span class='ocrx_word' id='word_1_280' title='bbox 778 2327 1029 2385; x_wconf 67' lang='lat' dir='ltr'><strong>[un-entes</strong></span> <span class='ocrx_word' id='word_1_281' title='bbox 1060 2333 1209 2383; x_wconf 88' lang='lat' dir='ltr'><strong>suos,</strong></span> <span class='ocrx_word' id='word_1_282' title='bbox 1250 2329 1361 2371; x_wconf 92' lang='lat' dir='ltr'><strong>tum</strong></span> <span class='ocrx_word' id='word_1_283' title='bbox 1391 2318 1647 2372; x_wconf 85' lang='lat' dir='ltr'><strong>amissam</strong></span> <span class='ocrx_word' id='word_1_284' title='bbox 1689 2320 1987 2389; x_wconf 75' lang='lat' dir='ltr'><strong>lugentium</strong></span> <span class='ocrx_word' id='word_1_285' title='bbox 2025 2321 2348 2375; x_wconf 79' lang='lat' dir='ltr'><strong>libertatem.</strong></span> 
     </span>
    </p>
   </div>
   <div class='ocr_carea' id='block_1_41' title="bbox 2382 2318 4045 2394">
    <p class='ocr_par' dir='ltr' id='par_1_41' title="bbox 2453 2320 4045 2394">
     <span class='ocr_line' id='line_1_41' title="bbox 2453 2320 4045 2394; baseline -0.002 -18"><span class='ocrx_word' id='word_1_286' title='bbox 2453 2325 2550 2394; x_wconf 72' lang='grc' dir='ltr'>τὴν</span> <span class='ocrx_word' id='word_1_287' title='bbox 2609 2324 2922 2393; x_wconf 75' lang='grc' dir='ltr'>ἐλευθερίαν</span> <span class='ocrx_word' id='word_1_288' title='bbox 2979 2320 3341 2391; x_wconf 79' lang='grc' dir='ltr'>θρηνούντων·</span> <span class='ocrx_word' id='word_1_289' title='bbox 3405 2323 3433 2373; x_wconf 89' lang='lat'><strong>6</strong></span> <span class='ocrx_word' id='word_1_290' title='bbox 3470 2322 3527 2375; x_wconf 85' lang='grc' dir='ltr'>δὲ</span> <span class='ocrx_word' id='word_1_291' title='bbox 3594 2320 3788 2392; x_wconf 76' lang='grc' dir='ltr'>πρώην</span> <span class='ocrx_word' id='word_1_292' title='bbox 3853 2322 4045 2390; x_wconf 81' lang='grc' dir='ltr'>κύριος</span> 
     </span>
    </p>
   </div>
   <div class='ocr_carea' id='block_1_42' title="bbox 774 2409 2437 2483">
    <p class='ocr_par' dir='ltr' id='par_1_42' title="bbox 774 2409 2318 2483">
     <span class='ocr_line' id='line_1_42' title="bbox 774 2409 2318 2483; baseline 0.001 -20"><span class='ocrx_word' id='word_1_293' title='bbox 774 2410 876 2476; x_wconf 76' lang='lat' dir='ltr'><strong>Qui</strong></span> <span class='ocrx_word' id='word_1_294' title='bbox 913 2410 1332 2475; x_wconf 73' lang='lat' dir='ltr'><strong>nudiustertius,</strong></span> <span class='ocrx_word' id='word_1_295' title='bbox 1397 2409 1689 2464; x_wconf 84' lang='lat' dir='ltr'><strong>multarum</strong></span> <span class='ocrx_word' id='word_1_296' title='bbox 1758 2426 2180 2483; x_wconf 77' lang='lat' dir='ltr'><strong>magnarumque</strong></span> <span class='ocrx_word' id='word_1_297' title='bbox 2211 2411 2318 2465; x_wconf 85' lang='lat' dir='ltr'><strong>divi</strong></span> 
     </span>
    </p>
   </div>
   <div class='ocr_carea' id='block_1_43' title="bbox 2383 2409 4046 2483">
    <p class='ocr_par' dir='ltr' id='par_1_43' title="bbox 2456 2412 4046 2483">
     <span class='ocr_line' id='line_1_43' title="bbox 2456 2412 4046 2483; baseline -0.001 -16"><span class='ocrx_word' id='word_1_298' title='bbox 2456 2415 2686 2467; x_wconf 82' lang='grc' dir='ltr'>πλούτου</span> <span class='ocrx_word' id='word_1_299' title='bbox 2716 2414 2933 2466; x_wconf 77' lang='grc' dir='ltr'>πολλοῦ.</span> <span class='ocrx_word' id='word_1_300' title='bbox 2971 2412 3137 2481; x_wconf 83' lang='grc' dir='ltr'>ἄρτου</span> <span class='ocrx_word' id='word_1_301' title='bbox 3171 2415 3416 2482; x_wconf 81' lang='grc' dir='ltr'>μεταιτεῖ</span> <span class='ocrx_word' id='word_1_302' title='bbox 3448 2413 3705 2483; x_wconf 77' lang='grc' dir='ltr'>τέμαχος,</span> <span class='ocrx_word' id='word_1_303' title='bbox 3742 2414 4046 2483; x_wconf 85' lang='grc' dir='ltr'>προτείνων</span> 
     </span>
    </p>
   </div>
   <div class='ocr_carea' id='block_1_44' title="bbox 773 2488 2436 2576">
    <p class='ocr_par' dir='ltr' id='par_1_44' title="bbox 773 2488 2353 2573">
     <span class='ocr_line' id='line_1_44' title="bbox 773 2488 2353 2573; baseline 0.001 -19"><span class='ocrx_word' id='word_1_304' title='bbox 773 2500 971 2555; x_wconf 83' lang='lat' dir='ltr'><strong>tiarnm</strong></span> <span class='ocrx_word' id='word_1_305' title='bbox 1012 2502 1358 2571; x_wconf 82' lang='lat' dir='ltr'><strong>possessione</strong></span> <span class='ocrx_word' id='word_1_306' title='bbox 1424 2490 1679 2570; x_wconf 80' lang='lat' dir='ltr'><strong>pollebat,</strong></span> <span class='ocrx_word' id='word_1_307' title='bbox 1738 2488 1850 2555; x_wconf 88' lang='lat' dir='ltr'><strong>tum</strong></span> <span class='ocrx_word' id='word_1_308' title='bbox 1918 2502 2147 2557; x_wconf 85' lang='lat' dir='ltr'><strong>frustum</strong></span> <span class='ocrx_word' id='word_1_309' title='bbox 2200 2504 2353 2573; x_wconf 88' lang='lat' dir='ltr'><strong>panis</strong></span> 
     </span>
    </p>
   </div>
   <div class='ocr_carea' id='block_1_45' title="bbox 2380 2488 4043 2576">
    <p class='ocr_par' dir='ltr' id='par_1_45' title="bbox 2453 2501 4043 2576">
     <span class='ocr_line' id='line_1_45' title="bbox 2453 2501 4043 2576; baseline -0.001 -19"><span class='ocrx_word' id='word_1_310' title='bbox 2453 2506 2553 2576; x_wconf 83' lang='grc' dir='ltr'>τὴν</span> <span class='ocrx_word' id='word_1_311' title='bbox 2598 2505 2799 2569; x_wconf 83' lang='grc' dir='ltr'>δεξιάν·</span> <span class='ocrx_word' id='word_1_312' title='bbox 2843 2504 2937 2557; x_wconf 76' lang='grc' dir='ltr'><strong>καὶ</strong></span> <span class='ocrx_word' id='word_1_313' title='bbox 2988 2505 3016 2555; x_wconf 90' lang='lat'><strong>6</strong></span> <span class='ocrx_word' id='word_1_314' title='bbox 3064 2501 3288 2564; x_wconf 75' lang='grc' dir='ltr'>πολλοὺς</span> <span class='ocrx_word' id='word_1_315' title='bbox 3336 2502 3476 2572; x_wconf 80' lang='grc' dir='ltr'>ἔχων</span> <span class='ocrx_word' id='word_1_316' title='bbox 3512 2502 3729 2565; x_wconf 83' lang='grc' dir='ltr'>δούλους</span> <span class='ocrx_word' id='word_1_317' title='bbox 3779 2503 4043 2571; x_wconf 73' lang='grc' dir='ltr'>ὑφάντας,</span> 
     </span>
    </p>
   </div>
   <div class='ocr_carea' id='block_1_46' title="bbox 772 2593 2435 2669">
    <p class='ocr_par' dir='ltr' id='par_1_46' title="bbox 772 2593 2353 2663">
     <span class='ocr_line' id='line_1_46' title="bbox 772 2593 2353 2663; baseline 0.002 -17"><span class='ocrx_word' id='word_1_318' title='bbox 772 2598 1000 2650; x_wconf 82' lang='lat' dir='ltr'><strong>dextera</strong></span> <span class='ocrx_word' id='word_1_319' title='bbox 1053 2606 1377 2663; x_wconf 84' lang='lat' dir='ltr'><strong>exporrecta</strong></span> <span class='ocrx_word' id='word_1_320' title='bbox 1430 2595 1720 2648; x_wconf 87' lang='lat' dir='ltr'><strong>mendicat.</strong></span> <span class='ocrx_word' id='word_1_321' title='bbox 1760 2593 1861 2659; x_wconf 86' lang='lat' dir='ltr'><strong>Qui</strong></span> <span class='ocrx_word' id='word_1_322' title='bbox 1921 2595 2102 2663; x_wconf 88' lang='lat' dir='ltr'><strong>plures</strong></span> <span class='ocrx_word' id='word_1_323' title='bbox 2166 2610 2353 2649; x_wconf 88' lang='lat' dir='ltr'><strong>servos</strong></span> 
     </span>
    </p>
   </div>
   <div class='ocr_carea' id='block_1_47' title="bbox 2384 2593 4047 2669">
    <p class='ocr_par' dir='ltr' id='par_1_47' title="bbox 2455 2595 4047 2669">
     <span class='ocr_line' id='line_1_47' title="bbox 2455 2595 4047 2669; baseline 0 -18"><span class='ocrx_word' id='word_1_324' title='bbox 2455 2600 2549 2651; x_wconf 74' lang='grc' dir='ltr'><strong>καὶ</strong></span> <span class='ocrx_word' id='word_1_325' title='bbox 2571 2600 2747 2661; x_wconf 82' lang='grc' dir='ltr'>οἰκίας</span> <span class='ocrx_word' id='word_1_326' title='bbox 2778 2597 3053 2667; x_wconf 75' lang='grc' dir='ltr'>γεμούσας</span> <span class='ocrx_word' id='word_1_327' title='bbox 3076 2599 3340 2669; x_wconf 80' lang='grc' dir='ltr'>ἐσθήτων,</span> <span class='ocrx_word' id='word_1_328' title='bbox 3379 2598 3544 2667; x_wconf 80' lang='grc' dir='ltr'><strong>ρἀια</strong></span> <span class='ocrx_word' id='word_1_329' title='bbox 3569 2595 4047 2667; x_wconf 77' lang='grc' dir='ltr'>περιδεδλημένος</span> 
     </span>
    </p>
   </div>
   <div class='ocr_carea' id='block_1_48' title="bbox 770 2672 2433 2760">
    <p class='ocr_par' dir='ltr' id='par_1_48' title="bbox 770 2672 2399 2753">
     <span class='ocr_line' id='line_1_48' title="bbox 770 2672 2399 2753; baseline 0.001 -15"><span class='ocrx_word' id='word_1_330' title='bbox 770 2686 1019 2741; x_wconf 61' lang='lat' dir='ltr'><strong>textrina</strong></span> <span class='ocrx_word' id='word_1_331' title='bbox 1072 2686 1339 2746; x_wconf 85' lang='lat' dir='ltr'><strong>addictos,</strong></span> <span class='ocrx_word' id='word_1_332' title='bbox 1397 2685 1648 2753; x_wconf 69' lang='lat' dir='ltr'><strong>aedesque</strong></span> <span class='ocrx_word' id='word_1_333' title='bbox 1704 2685 1942 2737; x_wconf 88' lang='lat' dir='ltr'><strong>vestibus</strong></span> <span class='ocrx_word' id='word_1_334' title='bbox 1984 2685 2210 2739; x_wconf 61' lang='lat' dir='ltr'><strong>refertas</strong></span> <span class='ocrx_word' id='word_1_335' title='bbox 2264 2686 2333 2739; x_wconf 85' lang='lat' dir='ltr'><strong>ha</strong></span> <span class='ocrx_word' id='word_1_336' title='bbox 2398 2672 2399 2675; x_wconf 18' lang='grc'><strong>¹</strong></span> 
     </span>
    </p>
   </div>
   <div class='ocr_carea' id='block_1_49' title="bbox 2385 2672 4048 2760">
    <p class='ocr_par' dir='ltr' id='par_1_49' title="bbox 2398 2672 4048 2760">
     <span class='ocr_line' id='line_1_49' title="bbox 2398 2672 4048 2760; baseline -0.001 -16"><span class='ocrx_word' id='word_1_337' title='bbox 2398 2672 2399 2675; x_wconf 8' lang='grc' dir='ltr'>Ἴ</span> <span class='ocrx_word' id='word_1_338' title='bbox 2454 2690 2713 2752; x_wconf 67' lang='grc' dir='ltr'>δουλεύει,</span> <span class='ocrx_word' id='word_1_339' title='bbox 2750 2689 2892 2759; x_wconf 79' lang='grc' dir='ltr'>ὕδωρ</span> <span class='ocrx_word' id='word_1_340' title='bbox 2921 2691 3056 2759; x_wconf 72' lang='grc' dir='ltr'>πρὸς</span> <span class='ocrx_word' id='word_1_341' title='bbox 3090 2691 3335 2759; x_wconf 84' lang='grc' dir='ltr'>ἀνάγκην</span> <span class='ocrx_word' id='word_1_342' title='bbox 3368 2690 3629 2760; x_wconf 72' lang='grc' dir='ltr'>κομίζων,</span> <span class='ocrx_word' id='word_1_343' title='bbox 3674 2690 3769 2743; x_wconf 60' lang='grc' dir='ltr'><strong>καὶ⁸</strong></span> <span class='ocrx_word' id='word_1_344' title='bbox 3814 2688 3909 2742; x_wconf 82' lang='grc' dir='ltr'><strong>τοῦ</strong></span> <span class='ocrx_word' id='word_1_345' title='bbox 3958 2692 4048 2743; x_wconf 81' lang='grc' dir='ltr'>ιπ-</span> 
     </span>
    </p>
   </div>
   <div class='ocr_carea' id='block_1_50' title="bbox 768 2775 2431 2852">
    <p class='ocr_par' dir='ltr' id='par_1_50' title="bbox 768 2775 2356 2845">
     <span class='ocr_line' id='line_1_50' title="bbox 768 2775 2356 2845; baseline 0.001 -17"><span class='ocrx_word' id='word_1_346' title='bbox 768 2776 984 2839; x_wconf 84' lang='lat' dir='ltr'><strong>buerat,</strong></span> <span class='ocrx_word' id='word_1_347' title='bbox 1013 2776 1193 2830; x_wconf 76' lang='lat' dir='ltr'><strong>lacero</strong></span> <span class='ocrx_word' id='word_1_348' title='bbox 1235 2775 1538 2845; x_wconf 85' lang='lat' dir='ltr'><strong>detritoque</strong></span> <span class='ocrx_word' id='word_1_349' title='bbox 1586 2785 1757 2829; x_wconf 83' lang='lat' dir='ltr'><strong>tectus</strong></span> <span class='ocrx_word' id='word_1_350' title='bbox 1785 2776 2093 2844; x_wconf 83' lang='lat' dir='ltr'><strong>panniculo,</strong></span> <span class='ocrx_word' id='word_1_351' title='bbox 2123 2778 2356 2830; x_wconf 84' lang='lat' dir='ltr'><strong>servitu-</strong></span> 
     </span>
    </p>
   </div>
   <div class='ocr_carea' id='block_1_51' title="bbox 2383 2775 4046 2852">
    <p class='ocr_par' dir='ltr' id='par_1_51' title="bbox 2456 2779 4046 2852">
     <span class='ocr_line' id='line_1_51' title="bbox 2456 2779 4046 2852; baseline -0.002 -19"><span class='ocrx_word' id='word_1_352' title='bbox 2456 2781 2659 2843; x_wconf 83' lang='grc' dir='ltr'>πῶνος’</span> <span class='ocrx_word' id='word_1_353' title='bbox 2701 2780 2955 2844; x_wconf 80' lang='grc' dir='ltr'>ἀποξύων</span> <span class='ocrx_word' id='word_1_354' title='bbox 3024 2781 3122 2851; x_wconf 78' lang='grc' dir='ltr'>τὴν</span> <span class='ocrx_word' id='word_1_355' title='bbox 3171 2781 3407 2852; x_wconf 72' lang='grc' dir='ltr'>κόπρον,</span> <span class='ocrx_word' id='word_1_356' title='bbox 3468 2780 3561 2833; x_wconf 73' lang='grc' dir='ltr'>καὶ</span> <span class='ocrx_word' id='word_1_357' title='bbox 3610 2781 3732 2841; x_wconf 85' lang='grc' dir='ltr'>ταῖς</span> <span class='ocrx_word' id='word_1_358' title='bbox 3789 2779 4046 2850; x_wconf 60' lang='grc' dir='ltr'>αἰσχράς</span> 
     </span>
    </p>
   </div>
   <div class='ocr_carea' id='block_1_52' title="bbox 771 2868 2434 2942">
    <p class='ocr_par' dir='ltr' id='par_1_52' title="bbox 771 2868 2352 2937">
     <span class='ocr_line' id='line_1_52' title="bbox 771 2868 2352 2937; baseline -0.003 -13"><span class='ocrx_word' id='word_1_359' title='bbox 771 2879 881 2924; x_wconf 82' lang='lat' dir='ltr'><strong>tem</strong></span> <span class='ocrx_word' id='word_1_360' title='bbox 908 2868 1023 2936; x_wconf 84' lang='lat' dir='ltr'><strong>ipse</strong></span> <span class='ocrx_word' id='word_1_361' title='bbox 1055 2868 1244 2935; x_wconf 88' lang='lat' dir='ltr'><strong>servit,</strong></span> <span class='ocrx_word' id='word_1_362' title='bbox 1279 2882 1475 2937; x_wconf 90' lang='lat' dir='ltr'><strong>aquam</strong></span> <span class='ocrx_word' id='word_1_363' title='bbox 1506 2869 1827 2922; x_wconf 85' lang='lat' dir='ltr'><strong>necessariis</strong></span> <span class='ocrx_word' id='word_1_364' title='bbox 1857 2869 2045 2922; x_wconf 87' lang='lat' dir='ltr'><strong>usibus</strong></span> <span class='ocrx_word' id='word_1_365' title='bbox 2071 2870 2352 2932; x_wconf 86' lang='lat' dir='ltr'><strong>convehit,</strong></span> 
     </span>
    </p>
   </div>
   <div class='ocr_carea' id='block_1_53' title="bbox 2384 2868 4047 2942">
    <p class='ocr_par' dir='ltr' id='par_1_53' title="bbox 2456 2870 4047 2942">
     <span class='ocr_line' id='line_1_53' title="bbox 2456 2870 4047 2942; baseline 0.001 -17"><span class='ocrx_word' id='word_1_366' title='bbox 2456 2870 2784 2942; x_wconf 79' lang='grc' dir='ltr'>ὑπηρεσίαις</span> <span class='ocrx_word' id='word_1_367' title='bbox 2825 2870 3259 2940; x_wconf 83' lang='grc' dir='ltr'>διακονούμενος’</span> <span class='ocrx_word' id='word_1_368' title='bbox 3295 2871 3430 2923; x_wconf 85' lang='grc' dir='ltr'>ἀλλα</span> <span class='ocrx_word' id='word_1_369' title='bbox 3465 2870 3631 2940; x_wconf 86' lang='grc' dir='ltr'>μυρία</span> <span class='ocrx_word' id='word_1_370' title='bbox 3662 2870 3827 2937; x_wconf 78' lang='grc' dir='ltr'>κακὰ,</span> <span class='ocrx_word' id='word_1_371' title='bbox 3874 2870 3911 2925; x_wconf 82' lang='grc' dir='ltr'><strong>ἀ</strong></span> <span class='ocrx_word' id='word_1_372' title='bbox 3948 2889 4047 2926; x_wconf 78' lang='grc' dir='ltr'>πε·-</span> 
     </span>
    </p>
   </div>
   <div class='ocr_carea' id='block_1_54' title="bbox 774 2957 2437 3033">
    <p class='ocr_par' dir='ltr' id='par_1_54' title="bbox 774 2959 2355 3029">
     <span class='ocr_line' id='line_1_54' title="bbox 774 2959 2355 3029; baseline -0.002 -13"><span class='ocrx_word' id='word_1_373' title='bbox 774 2962 847 3016; x_wconf 78' lang='lat' dir='ltr'><strong>ab</strong></span> <span class='ocrx_word' id='word_1_374' title='bbox 878 2962 1045 3029; x_wconf 90' lang='lat' dir='ltr'><strong>equili</strong></span> <span class='ocrx_word' id='word_1_375' title='bbox 1091 2972 1335 3015; x_wconf 76' lang='lat' dir='ltr'><strong>stercora</strong></span> <span class='ocrx_word' id='word_1_376' title='bbox 1406 2960 1661 3023; x_wconf 85' lang='lat' dir='ltr'><strong>abradit,</strong></span> <span class='ocrx_word' id='word_1_377' title='bbox 1710 2959 1973 3028; x_wconf 62' lang='lat' dir='ltr'><strong>facilisque</strong></span> <span class='ocrx_word' id='word_1_378' title='bbox 2016 2962 2355 3028; x_wconf 71' lang='lat' dir='ltr'><strong>mancipatur</strong></span> 
     </span>
    </p>
   </div>
   <div class='ocr_carea' id='block_1_55' title="bbox 2389 2957 4052 3033">
    <p class='ocr_par' dir='ltr' id='par_1_55' title="bbox 2459 2957 4052 3033">
     <span class='ocr_line' id='line_1_55' title="bbox 2459 2957 4052 3033; baseline 0.001 -21"><span class='ocrx_word' id='word_1_379' title='bbox 2459 2959 2700 3030; x_wconf 74' lang='grc' dir='ltr'>ριλαῦεἶν</span> <span class='ocrx_word' id='word_1_380' title='bbox 2731 2957 2940 3027; x_wconf 80' lang='grc' dir='ltr'>ἀθρόως</span> <span class='ocrx_word' id='word_1_381' title='bbox 2967 2958 3241 3013; x_wconf 86' lang='grc' dir='ltr'>ἀδύνατον.</span> <span class='ocrx_word' id='word_1_382' title='bbox 3278 2958 3496 3011; x_wconf 83' lang='grc' dir='ltr'>Τούτων</span> <span class='ocrx_word' id='word_1_383' title='bbox 3522 2959 3579 3011; x_wconf 75' lang='grc' dir='ltr'>δὲ</span> <span class='ocrx_word' id='word_1_384' title='bbox 3614 2960 3831 3013; x_wconf 77' lang='grc' dir='ltr'>πάντων</span> <span class='ocrx_word' id='word_1_385' title='bbox 3874 2962 4052 3033; x_wconf 78' lang='grc' dir='ltr'>ἀρχὴ,</span> 
     </span>
    </p>
   </div>
   <div class='ocr_carea' id='block_1_56' title="bbox 773 3046 2436 3124">
    <p class='ocr_par' dir='ltr' id='par_1_56' title="bbox 773 3049 2356 3121">
     <span class='ocr_line' id='line_1_56' title="bbox 773 3049 2356 3121; baseline -0.003 -14"><span class='ocrx_word' id='word_1_386' title='bbox 773 3052 1037 3121; x_wconf 80' lang='lat' dir='ltr'><strong>ejusmodi</strong></span> <span class='ocrx_word' id='word_1_387' title='bbox 1073 3050 1410 3105; x_wconf 84' lang='lat' dir='ltr'><strong>ministeriis.</strong></span> <span class='ocrx_word' id='word_1_388' title='bbox 1442 3050 1562 3103; x_wconf 84' lang='lat' dir='ltr'><strong>Alia</strong></span> <span class='ocrx_word' id='word_1_389' title='bbox 1598 3056 1855 3121; x_wconf 73' lang='lat' dir='ltr'><strong>sexcenta</strong></span> <span class='ocrx_word' id='word_1_390' title='bbox 1888 3049 2027 3102; x_wconf 86' lang='lat' dir='ltr'><strong>mala</strong></span> <span class='ocrx_word' id='word_1_391' title='bbox 2060 3059 2209 3115; x_wconf 89' lang='lat' dir='ltr'><strong>sunt,</strong></span> <span class='ocrx_word' id='word_1_392' title='bbox 2236 3066 2356 3118; x_wconf 72' lang='lat' dir='ltr'><strong>qua:</strong></span> 
     </span>
    </p>
   </div>
   <div class='ocr_carea' id='block_1_57' title="bbox 2391 3046 4054 3124">
    <p class='ocr_par' dir='ltr' id='par_1_57' title="bbox 2458 3046 4054 3124">
     <span class='ocr_line' id='line_1_57' title="bbox 2458 3046 4054 3124; baseline 0.003 -22"><span class='ocrx_word' id='word_1_393' title='bbox 2458 3050 2552 3102; x_wconf 68' lang='grc' dir='ltr'><strong>καὶ</strong></span> <span class='ocrx_word' id='word_1_394' title='bbox 2580 3050 2746 3109; x_wconf 84' lang='grc' dir='ltr'>αἰτία,</span> <span class='ocrx_word' id='word_1_395' title='bbox 2788 3050 2881 3102; x_wconf 70' lang='grc' dir='ltr'><strong>καὶ</strong></span> <span class='ocrx_word' id='word_1_396' title='bbox 2916 3051 3061 3122; x_wconf 70' lang='grc' dir='ltr'>ῥίζα,</span> <span class='ocrx_word' id='word_1_397' title='bbox 3098 3053 3131 3122; x_wconf 81' lang='grc' dir='ltr'><strong>ἡ</strong></span> <span class='ocrx_word' id='word_1_398' title='bbox 3175 3046 3270 3103; x_wconf 75' lang='grc' dir='ltr'>τοῦ</span> <span class='ocrx_word' id='word_1_399' title='bbox 3305 3051 3549 3114; x_wconf 80' lang='grc' dir='ltr'>πλείονος</span> <span class='ocrx_word' id='word_1_400' title='bbox 3582 3052 3867 3122; x_wconf 71' lang='grc' dir='ltr'>ἐπιθυμία,</span> <span class='ocrx_word' id='word_1_401' title='bbox 3904 3053 4054 3124; x_wconf 74' lang='grc' dir='ltr'>ἔρως</span> 
     </span>
    </p>
   </div>
   <div class='ocr_carea' id='block_1_58' title="bbox 776 3140 2439 3249">
    <p class='ocr_par' dir='ltr' id='par_1_58' title="bbox 776 3141 2429 3249">
     <span class='ocr_line' id='line_1_58' title="bbox 776 3141 2429 3249; baseline -0.002 -49"><span class='ocrx_word' id='word_1_402' title='bbox 776 3162 881 3200; x_wconf 75' lang='lat' dir='ltr'><strong>non</strong></span> <span class='ocrx_word' id='word_1_403' title='bbox 920 3145 1044 3199; x_wconf 80' lang='lat' dir='ltr'><strong>licet</strong></span> <span class='ocrx_word' id='word_1_404' title='bbox 1071 3144 1383 3198; x_wconf 85' lang='lat' dir='ltr'><strong>summatim</strong></span> <span class='ocrx_word' id='word_1_405' title='bbox 1416 3142 1665 3198; x_wconf 89' lang='lat' dir='ltr'><strong>oratione</strong></span> <span class='ocrx_word' id='word_1_406' title='bbox 1688 3142 1992 3211; x_wconf 80' lang='lat' dir='ltr'><strong>complecti.</strong></span> <span class='ocrx_word' id='word_1_407' title='bbox 2026 3141 2352 3217; x_wconf 32' lang='lat' dir='ltr'><strong>Horumoau-</strong></span> <span class='ocrx_word' id='word_1_408' title='bbox 2383 3188 2429 3249; x_wconf 74' lang='lat' dir='ltr'>c</span> 
     </span>
    </p>
   </div>
   <div class='ocr_carea' id='block_1_59' title="bbox 2392 3140 4055 3249">
    <p class='ocr_par' dir='ltr' id='par_1_59' title="bbox 2392 3140 4055 3249">
     <span class='ocr_line' id='line_1_59' title="bbox 2392 3140 4055 3249; baseline 0.002 -54"><span class='ocrx_word' id='word_1_409' title='bbox 2392 3188 2429 3249; x_wconf 62' lang='grc' dir='ltr'><strong>Β</strong></span> <span class='ocrx_word' id='word_1_410' title='bbox 2461 3140 2643 3205; x_wconf 78' lang='grc' dir='ltr'>ἄδικος</span> <span class='ocrx_word' id='word_1_411' title='bbox 2672 3141 2777 3194; x_wconf 83' lang='grc' dir='ltr'>τῶν</span> <span class='ocrx_word' id='word_1_412' title='bbox 2812 3142 3104 3223; x_wconf 81' lang='grc' dir='ltr'>ἀλλοτρίων</span> <span class='ocrx_word' id='word_1_413' title='bbox 3134 3144 3449 3213; x_wconf 76' lang='grc' dir='ltr'>κτημάτων.</span> <span class='ocrx_word' id='word_1_414' title='bbox 3490 3144 3553 3195; x_wconf 83' lang='lat' dir='ltr'><strong>El</strong></span> <span class='ocrx_word' id='word_1_415' title='bbox 3592 3142 3648 3196; x_wconf 79' lang='grc' dir='ltr'><strong>δέ</strong></span> <span class='ocrx_word' id='word_1_416' title='bbox 3682 3160 3767 3207; x_wconf 89' lang='grc' dir='ltr'><strong>τις</strong></span> <span class='ocrx_word' id='word_1_417' title='bbox 3793 3144 3955 3197; x_wconf 81' lang='grc' dir='ltr'>τοῦτο</span> <span class='ocrx_word' id='word_1_418' title='bbox 3985 3145 4055 3198; x_wconf 76' lang='grc' dir='ltr'>τὸ</span> 
     </span>
    </p>
   </div>
   <div class='ocr_carea' id='block_1_60' title="bbox 778 3230 2441 3307">
    <p class='ocr_par' dir='ltr' id='par_1_60' title="bbox 778 3230 2429 3305">
     <span class='ocr_line' id='line_1_60' title="bbox 778 3230 2429 3305; baseline -0.003 -13"><span class='ocrx_word' id='word_1_419' title='bbox 778 3249 884 3293; x_wconf 78' lang='lat' dir='ltr'><strong>tem</strong></span> <span class='ocrx_word' id='word_1_420' title='bbox 912 3237 1153 3291; x_wconf 87' lang='lat' dir='ltr'><strong>omnium</strong></span> <span class='ocrx_word' id='word_1_421' title='bbox 1204 3236 1376 3305; x_wconf 75' lang='lat' dir='ltr'><strong>origo,</strong></span> <span class='ocrx_word' id='word_1_422' title='bbox 1424 3250 1715 3304; x_wconf 85' lang='lat' dir='ltr'><strong>causaque,</strong></span> <span class='ocrx_word' id='word_1_423' title='bbox 1758 3250 1821 3287; x_wconf 88' lang='lat' dir='ltr'><strong>ac</strong></span> <span class='ocrx_word' id='word_1_424' title='bbox 1879 3236 2050 3298; x_wconf 83' lang='lat' dir='ltr'><strong>radix,</strong></span> <span class='ocrx_word' id='word_1_425' title='bbox 2115 3236 2231 3305; x_wconf 85' lang='lat' dir='ltr'><strong>plus</strong></span> <span class='ocrx_word' id='word_1_426' title='bbox 2263 3235 2355 3289; x_wconf 66' lang='grc' dir='ltr'>δίι-</span> <span class='ocrx_word' id='word_1_427' title='bbox 2385 3230 2429 3249; x_wconf 84' lang='grc'><strong>“⁴</strong></span> 
     </span>
    </p>
   </div>
   <div class='ocr_carea' id='block_1_61' title="bbox 2388 3230 4051 3307">
    <p class='ocr_par' dir='ltr' id='par_1_61' title="bbox 2388 3230 4051 3307">
     <span class='ocr_line' id='line_1_61' title="bbox 2388 3230 4051 3307; baseline 0.002 -23"><span class='ocrx_word' id='word_1_428' title='bbox 2388 3230 2429 3249; x_wconf 83' lang='grc'><strong><em>“⁴</em></strong></span> <span class='ocrx_word' id='word_1_429' title='bbox 2461 3234 2633 3296; x_wconf 81' lang='grc' dir='ltr'>πάθος</span> <span class='ocrx_word' id='word_1_430' title='bbox 2659 3233 2766 3285; x_wconf 82' lang='grc' dir='ltr'><strong>τῶν</strong></span> <span class='ocrx_word' id='word_1_431' title='bbox 2798 3230 3099 3302; x_wconf 79' lang='grc' dir='ltr'>ἀνθρώπων</span> <span class='ocrx_word' id='word_1_432' title='bbox 3121 3230 3397 3303; x_wconf 73' lang='grc' dir='ltr'>ἐξέκοψεν,</span> <span class='ocrx_word' id='word_1_433' title='bbox 3427 3233 3581 3287; x_wconf 73' lang='grc' dir='ltr'>οὐδὲν</span> <span class='ocrx_word' id='word_1_434' title='bbox 3606 3232 3877 3287; x_wconf 76' lang='grc' dir='ltr'>ἐκώλυσεν</span> <span class='ocrx_word' id='word_1_435' title='bbox 3900 3235 4051 3307; x_wconf 69' lang='grc' dir='ltr'>εἰρή-</span> 
     </span>
    </p>
   </div>
   <div class='ocr_carea' id='block_1_62' title="bbox 770 3306 2433 3396">
    <p class='ocr_par' dir='ltr' id='par_1_62' title="bbox 770 3306 2360 3395">
     <span class='ocr_line' id='line_1_62' title="bbox 770 3306 2360 3395; baseline -0.003 -14"><span class='ocrx_word' id='word_1_436' title='bbox 770 3328 935 3381; x_wconf 74' lang='lat' dir='ltr'><strong>bendi</strong></span> <span class='ocrx_word' id='word_1_437' title='bbox 992 3326 1279 3395; x_wconf 81' lang='lat' dir='ltr'><strong>cupiditas,</strong></span> <span class='ocrx_word' id='word_1_438' title='bbox 1334 3340 1397 3378; x_wconf 85' lang='lat' dir='ltr'><strong>ac</strong></span> <span class='ocrx_word' id='word_1_439' title='bbox 1452 3324 1671 3393; x_wconf 89' lang='lat' dir='ltr'><strong>iniquus</strong></span> <span class='ocrx_word' id='word_1_440' title='bbox 1728 3310 1995 3378; x_wconf 68' lang='lat' dir='ltr'><strong>boatu-um</strong></span> <span class='ocrx_word' id='word_1_441' title='bbox 2058 3306 2360 3379; x_wconf 64' lang='lat' dir='ltr'><strong>alienorum</strong></span> 
     </span>
    </p>
   </div>
   <div class='ocr_carea' id='block_1_63' title="bbox 2389 3306 4052 3396">
    <p class='ocr_par' dir='ltr' id='par_1_63' title="bbox 2459 3306 4052 3396">
     <span class='ocr_line' id='line_1_63' title="bbox 2459 3306 4052 3396; baseline 0.002 -20"><span class='ocrx_word' id='word_1_442' title='bbox 2459 3343 2556 3395; x_wconf 89' lang='grc' dir='ltr'><strong>νην</strong></span> <span class='ocrx_word' id='word_1_443' title='bbox 2594 3326 2689 3395; x_wconf 84' lang='grc' dir='ltr'>μὲν</span> <span class='ocrx_word' id='word_1_444' title='bbox 2730 3324 2809 3395; x_wconf 83' lang='grc' dir='ltr'>τῷ</span> <span class='ocrx_word' id='word_1_445' title='bbox 2844 3324 2945 3395; x_wconf 79' lang='grc' dir='ltr'><strong>βίῳ</strong></span> <span class='ocrx_word' id='word_1_446' title='bbox 2988 3324 3210 3394; x_wconf 86' lang='grc' dir='ltr'>βαθεῖαν</span> <span class='ocrx_word' id='word_1_447' title='bbox 3253 3324 3729 3395; x_wconf 73' lang='grc' dir='ltr'>ἐμπολιτεύεσθαι,</span> <span class='ocrx_word' id='word_1_448' title='bbox 3774 3306 4052 3396; x_wconf 77' lang='grc' dir='ltr'>πολέμους</span> 
     </span>
    </p>
   </div>
   <div class='ocr_carea' id='block_1_64' title="bbox 778 3414 2441 3488">
    <p class='ocr_par' dir='ltr' id='par_1_64' title="bbox 778 3414 2359 3483">
     <span class='ocr_line' id='line_1_64' title="bbox 778 3414 2359 3483; baseline -0.003 -11"><span class='ocrx_word' id='word_1_449' title='bbox 778 3435 957 3472; x_wconf 87' lang='lat' dir='ltr'><strong>amor.</strong></span> <span class='ocrx_word' id='word_1_450' title='bbox 993 3417 1141 3472; x_wconf 83' lang='lat' dir='ltr'><strong>lianc</strong></span> <span class='ocrx_word' id='word_1_451' title='bbox 1176 3415 1519 3470; x_wconf 61' lang='lat' dir='ltr'><strong>adactionem</strong></span> <span class='ocrx_word' id='word_1_452' title='bbox 1551 3425 1607 3467; x_wconf 92' lang='lat' dir='ltr'><strong>ut</strong></span> <span class='ocrx_word' id='word_1_453' title='bbox 1634 3414 1757 3483; x_wconf 85' lang='lat' dir='ltr'><strong>quis</strong></span> <span class='ocrx_word' id='word_1_454' title='bbox 1798 3415 2077 3468; x_wconf 84' lang='lat' dir='ltr'><strong>hominum</strong></span> <span class='ocrx_word' id='word_1_455' title='bbox 2111 3415 2359 3483; x_wconf 70' lang='lat' dir='ltr'><strong>exegerit</strong></span> 
     </span>
    </p>
   </div>
   <div class='ocr_carea' id='block_1_65' title="bbox 2386 3414 4049 3488">
    <p class='ocr_par' dir='ltr' id='par_1_65' title="bbox 2460 3416 4049 3488">
     <span class='ocr_line' id='line_1_65' title="bbox 2460 3416 4049 3488; baseline 0.001 -19"><span class='ocrx_word' id='word_1_456' title='bbox 2460 3417 2517 3469; x_wconf 82' lang='grc' dir='ltr'><strong>δὲ</strong></span> <span class='ocrx_word' id='word_1_457' title='bbox 2552 3417 2645 3469; x_wconf 71' lang='grc' dir='ltr'>καὶ</span> <span class='ocrx_word' id='word_1_458' title='bbox 2677 3416 2918 3485; x_wconf 76' lang='grc' dir='ltr'>ταραχὰς</span> <span class='ocrx_word' id='word_1_459' title='bbox 2946 3416 3004 3480; x_wconf 74' lang='grc' dir='ltr'><strong>ἐξ</strong></span> <span class='ocrx_word' id='word_1_460' title='bbox 3033 3416 3335 3484; x_wconf 83' lang='grc' dir='ltr'>ἀνθρώπων</span> <span class='ocrx_word' id='word_1_461' title='bbox 3365 3416 3788 3488; x_wconf 80' lang='grc' dir='ltr'>φυγαδευθῆναι,</span> <span class='ocrx_word' id='word_1_462' title='bbox 3814 3418 4049 3471; x_wconf 76' lang='grc' dir='ltr'>ἐπανελ-</span> 
     </span>
    </p>
   </div>
   <div class='ocr_carea' id='block_1_66' title="bbox 774 3505 2437 3579">
    <p class='ocr_par' dir='ltr' id='par_1_66' title="bbox 774 3505 2362 3576">
     <span class='ocr_line' id='line_1_66' title="bbox 774 3505 2362 3576; baseline -0.004 -9"><span class='ocrx_word' id='word_1_463' title='bbox 774 3508 993 3571; x_wconf 80' lang='lat' dir='ltr'><strong>animis,</strong></span> <span class='ocrx_word' id='word_1_464' title='bbox 1028 3506 1163 3563; x_wconf 84' lang='lat' dir='ltr'><strong>nihil</strong></span> <span class='ocrx_word' id='word_1_465' title='bbox 1201 3509 1307 3561; x_wconf 90' lang='lat' dir='ltr'><strong>erit</strong></span> <span class='ocrx_word' id='word_1_466' title='bbox 1331 3506 1475 3576; x_wconf 90' lang='lat' dir='ltr'><strong>quod</strong></span> <span class='ocrx_word' id='word_1_467' title='bbox 1500 3515 1641 3561; x_wconf 84' lang='lat' dir='ltr'><strong>vetet</strong></span> <span class='ocrx_word' id='word_1_468' title='bbox 1694 3505 1823 3575; x_wconf 86' lang='lat' dir='ltr'><strong>quin</strong></span> <span class='ocrx_word' id='word_1_469' title='bbox 1878 3507 1927 3560; x_wconf 88' lang='lat' dir='ltr'><strong>in</strong></span> <span class='ocrx_word' id='word_1_470' title='bbox 1972 3506 2079 3560; x_wconf 89' lang='lat' dir='ltr'><strong>alta</strong></span> <span class='ocrx_word' id='word_1_471' title='bbox 2128 3522 2259 3575; x_wconf 87' lang='lat' dir='ltr'><strong>pace</strong></span> <span class='ocrx_word' id='word_1_472' title='bbox 2298 3522 2362 3561; x_wconf 90' lang='lat' dir='ltr'><strong>ac</strong></span> 
     </span>
    </p>
   </div>
   <div class='ocr_carea' id='block_1_67' title="bbox 2389 3505 4052 3579">
    <p class='ocr_par' dir='ltr' id='par_1_67' title="bbox 2463 3507 4052 3579">
     <span class='ocr_line' id='line_1_67' title="bbox 2463 3507 4052 3579; baseline 0.001 -20"><span class='ocrx_word' id='word_1_473' title='bbox 2463 3508 2573 3560; x_wconf 81' lang='grc' dir='ltr'>θεῖν</span> <span class='ocrx_word' id='word_1_474' title='bbox 2605 3508 2661 3560; x_wconf 81' lang='grc' dir='ltr'>δὲ</span> <span class='ocrx_word' id='word_1_475' title='bbox 2696 3509 2905 3570; x_wconf 77' lang='grc' dir='ltr'>πάντας</span> <span class='ocrx_word' id='word_1_476' title='bbox 2938 3509 3030 3559; x_wconf 58' lang='grc' dir='ltr'><strong>ἐπὶ⁵</strong></span> <span class='ocrx_word' id='word_1_477' title='bbox 3063 3507 3158 3578; x_wconf 77' lang='grc' dir='ltr'><strong>τὴν</strong></span> <span class='ocrx_word' id='word_1_478' title='bbox 3188 3507 3330 3560; x_wconf 88' lang='grc' dir='ltr'><strong>κατά</strong></span> <span class='ocrx_word' id='word_1_479' title='bbox 3358 3507 3519 3577; x_wconf 86' lang='grc' dir='ltr'>φύσιν</span> <span class='ocrx_word' id='word_1_480' title='bbox 3551 3509 3785 3579; x_wconf 76' lang='grc' dir='ltr'>στοργὴν</span> <span class='ocrx_word' id='word_1_481' title='bbox 3821 3510 3917 3561; x_wconf 76' lang='grc' dir='ltr'>καὶ</span> <span class='ocrx_word' id='word_1_482' title='bbox 3957 3527 4052 3577; x_wconf 80' lang='grc' dir='ltr'>φι-</span> 
     </span>
    </p>
   </div>
   <div class='ocr_carea' id='block_1_68' title="bbox 780 3597 2443 3670">
    <p class='ocr_par' dir='ltr' id='par_1_68' title="bbox 780 3597 2361 3670">
     <span class='ocr_line' id='line_1_68' title="bbox 780 3597 2361 3670; baseline -0.003 -15"><span class='ocrx_word' id='word_1_483' title='bbox 780 3599 1070 3670; x_wconf 85' lang='lat' dir='ltr'><strong>tranquille</strong></span> <span class='ocrx_word' id='word_1_484' title='bbox 1101 3601 1367 3662; x_wconf 85' lang='lat' dir='ltr'><strong>vivamus,</strong></span> <span class='ocrx_word' id='word_1_485' title='bbox 1410 3613 1677 3666; x_wconf 89' lang='lat' dir='ltr'><strong>omneque</strong></span> <span class='ocrx_word' id='word_1_486' title='bbox 1730 3598 1797 3651; x_wconf 86' lang='lat' dir='ltr'><strong>ab</strong></span> <span class='ocrx_word' id='word_1_487' title='bbox 1843 3599 2080 3652; x_wconf 76' lang='lat' dir='ltr'><strong>humana</strong></span> <span class='ocrx_word' id='word_1_488' title='bbox 2112 3598 2217 3650; x_wconf 87' lang='lat' dir='ltr'><strong>vita</strong></span> <span class='ocrx_word' id='word_1_489' title='bbox 2251 3597 2361 3651; x_wconf 51' lang='lat' dir='ltr'><strong>belv</strong></span> 
     </span>
    </p>
   </div>
   <div class='ocr_carea' id='block_1_69' title="bbox 2391 3597 4054 3670">
    <p class='ocr_par' dir='ltr' id='par_1_69' title="bbox 2461 3597 4054 3669">
     <span class='ocr_line' id='line_1_69' title="bbox 2461 3597 4054 3669; baseline 0.001 -18"><span class='ocrx_word' id='word_1_490' title='bbox 2461 3598 2599 3651; x_wconf 86' lang='grc' dir='ltr'>λίαν.</span> <span class='ocrx_word' id='word_1_491' title='bbox 2633 3598 2730 3650; x_wconf 71' lang='grc' dir='ltr'>Διά</span> <span class='ocrx_word' id='word_1_492' title='bbox 2760 3597 2919 3651; x_wconf 81' lang='grc' dir='ltr'>τοῦτο</span> <span class='ocrx_word' id='word_1_493' title='bbox 2955 3600 3049 3650; x_wconf 72' lang='grc' dir='ltr'>καὶ</span> <span class='ocrx_word' id='word_1_494' title='bbox 3094 3600 3121 3650; x_wconf 93' lang='lat'><strong>6</strong></span> <span class='ocrx_word' id='word_1_495' title='bbox 3161 3598 3361 3669; x_wconf 79' lang='grc' dir='ltr'>Κύριος</span> <span class='ocrx_word' id='word_1_496' title='bbox 3410 3598 3570 3669; x_wconf 74' lang='grc' dir='ltr'>ἡμῶν</span> <span class='ocrx_word' id='word_1_497' title='bbox 3620 3599 3894 3669; x_wconf 74' lang='grc' dir='ltr'>ἐπιμελῶς</span> <span class='ocrx_word' id='word_1_498' title='bbox 3933 3603 4054 3664; x_wconf 80' lang='grc' dir='ltr'>τοῖς</span> 
     </span>
    </p>
   </div>
   <div class='ocr_carea' id='block_1_70' title="bbox 779 3682 2442 3761">
    <p class='ocr_par' dir='ltr' id='par_1_70' title="bbox 779 3689 2361 3758">
     <span class='ocr_line' id='line_1_70' title="bbox 779 3689 2361 3758; baseline -0.003 -10"><span class='ocrx_word' id='word_1_499' title='bbox 779 3693 916 3758; x_wconf 79' lang='lat' dir='ltr'><strong>lum,</strong></span> <span class='ocrx_word' id='word_1_500' title='bbox 948 3708 1025 3752; x_wconf 77' lang='lat' dir='ltr'><strong>ac,</strong></span> <span class='ocrx_word' id='word_1_501' title='bbox 1045 3693 1283 3746; x_wconf 89' lang='lat' dir='ltr'><strong>turbatio</strong></span> <span class='ocrx_word' id='word_1_502' title='bbox 1307 3691 1540 3745; x_wconf 80' lang='lat' dir='ltr'><strong>exsulet.</strong></span> <span class='ocrx_word' id='word_1_503' title='bbox 1572 3689 1908 3758; x_wconf 82' lang='lat' dir='ltr'><strong>Quapropter</strong></span> <span class='ocrx_word' id='word_1_504' title='bbox 1926 3690 2086 3743; x_wconf 87' lang='lat' dir='ltr'><strong>etiam</strong></span> <span class='ocrx_word' id='word_1_505' title='bbox 2103 3689 2361 3744; x_wconf 86' lang='lat' dir='ltr'><strong>Dominus</strong></span> 
     </span>
    </p>
   </div>
   <div class='ocr_carea' id='block_1_71' title="bbox 2393 3682 4056 3761">
    <p class='ocr_par' dir='ltr' id='par_1_71' title="bbox 2464 3682 4056 3761">
     <span class='ocr_line' id='line_1_71' title="bbox 2464 3682 4056 3761; baseline 0.003 -20"><span class='ocrx_word' id='word_1_506' title='bbox 2464 3682 2889 3760; x_wconf 75' lang='grc' dir='ltr'>παραγγέλμασι</span> <span class='ocrx_word' id='word_1_507' title='bbox 2940 3688 3144 3758; x_wconf 84' lang='grc' dir='ltr'>ταύτην</span> <span class='ocrx_word' id='word_1_508' title='bbox 3182 3688 3389 3753; x_wconf 55' lang='lat' dir='ltr'><strong>seca-at</strong></span> <span class='ocrx_word' id='word_1_509' title='bbox 3438 3688 3534 3760; x_wconf 81' lang='grc' dir='ltr'>τὴν</span> <span class='ocrx_word' id='word_1_510' title='bbox 3576 3690 3747 3752; x_wconf 84' lang='grc' dir='ltr'>νόσον,</span> <span class='ocrx_word' id='word_1_511' title='bbox 3784 3690 3915 3743; x_wconf 73' lang='grc' dir='ltr'>ποτὶ</span> <span class='ocrx_word' id='word_1_512' title='bbox 3952 3692 4056 3761; x_wconf 74' lang='grc' dir='ltr'>μὲν</span> 
     </span>
    </p>
   </div>
   <div class='ocr_carea' id='block_1_72' title="bbox 784 3779 2447 3855">
    <p class='ocr_par' dir='ltr' id='par_1_72' title="bbox 784 3779 2359 3851">
     <span class='ocr_line' id='line_1_72' title="bbox 784 3779 2359 3851; baseline -0.004 -12"><span class='ocrx_word' id='word_1_513' title='bbox 784 3786 924 3839; x_wconf 80' lang='lat' dir='ltr'><strong>hanc</strong></span> <span class='ocrx_word' id='word_1_514' title='bbox 947 3781 1135 3837; x_wconf 86' lang='lat' dir='ltr'><strong>sedulo</strong></span> <span class='ocrx_word' id='word_1_515' title='bbox 1170 3779 1542 3851; x_wconf 64' lang='lat' dir='ltr'><strong>aegritudinem</strong></span> <span class='ocrx_word' id='word_1_516' title='bbox 1594 3780 1709 3832; x_wconf 86' lang='lat' dir='ltr'><strong>suis</strong></span> <span class='ocrx_word' id='word_1_517' title='bbox 1744 3780 1965 3834; x_wconf 89' lang='lat' dir='ltr'><strong>monitis</strong></span> <span class='ocrx_word' id='word_1_518' title='bbox 2027 3790 2201 3846; x_wconf 87' lang='lat' dir='ltr'><strong>curat,</strong></span> <span class='ocrx_word' id='word_1_519' title='bbox 2233 3780 2359 3834; x_wconf 89' lang='lat' dir='ltr'><strong>dum</strong></span> 
     </span>
    </p>
   </div>
   <div class='ocr_carea' id='block_1_73' title="bbox 2394 3779 4057 3855">
    <p class='ocr_par' dir='ltr' id='par_1_73' title="bbox 2463 3780 4057 3855">
     <span class='ocr_line' id='line_1_73' title="bbox 2463 3780 4057 3855; baseline 0.001 -22"><span class='ocrx_word' id='word_1_520' title='bbox 2463 3781 2917 3849; x_wconf 64' lang='grc' dir='ltr'>ἀποφαινόμενος</span> <span class='ocrx_word' id='word_1_521' title='bbox 2964 3780 3041 3833; x_wconf 80' lang='grc' dir='ltr'><strong>Οὐ</strong></span> <span class='ocrx_word' id='word_1_522' title='bbox 3073 3780 3299 3835; x_wconf 87' lang='grc' dir='ltr'>δύνασθε</span> <span class='ocrx_word' id='word_1_523' title='bbox 3347 3780 3464 3851; x_wconf 83' lang='grc' dir='ltr'><strong>Θεῷ</strong></span> <span class='ocrx_word' id='word_1_524' title='bbox 3498 3781 3789 3843; x_wconf 85' lang='grc' dir='ltr'>δουλεύειν,</span> <span class='ocrx_word' id='word_1_525' title='bbox 3838 3783 3933 3835; x_wconf 74' lang='grc' dir='ltr'>καὶ</span> <span class='ocrx_word' id='word_1_526' title='bbox 3975 3783 4057 3855; x_wconf 84' lang='grc' dir='ltr'><strong>τῷ</strong></span> 
     </span>
    </p>
   </div>
   <div class='ocr_carea' id='block_1_74' title="bbox 784 3870 2447 3944">
    <p class='ocr_par' dir='ltr' id='par_1_74' title="bbox 784 3870 2363 3944">
     <span class='ocr_line' id='line_1_74' title="bbox 784 3870 2363 3944; baseline -0.003 -15"><span class='ocrx_word' id='word_1_527' title='bbox 784 3876 920 3929; x_wconf 70' lang='lat' dir='ltr'><strong>alias</strong></span> <span class='ocrx_word' id='word_1_528' title='bbox 954 3875 1171 3944; x_wconf 78' lang='lat' dir='ltr'><strong>quidem</strong></span> <span class='ocrx_word' id='word_1_529' title='bbox 1200 3871 1454 3933; x_wconf 76' lang='lat' dir='ltr'><strong>amrtnat,</strong></span> <span class='ocrx_word' id='word_1_530' title='bbox 1482 3884 1585 3923; x_wconf 90' lang='lat' dir='ltr'><strong>non</strong></span> <span class='ocrx_word' id='word_1_531' title='bbox 1624 3885 1782 3938; x_wconf 87' lang='lat' dir='ltr'><strong>posse</strong></span> <span class='ocrx_word' id='word_1_532' title='bbox 1811 3884 1908 3923; x_wconf 86' lang='lat' dir='ltr'><strong>nos</strong></span> <span class='ocrx_word' id='word_1_533' title='bbox 1949 3870 2057 3923; x_wconf 83' lang='lat' dir='ltr'><strong>Deo</strong></span> <span class='ocrx_word' id='word_1_534' title='bbox 2086 3873 2288 3925; x_wconf 90' lang='lat' dir='ltr'><strong>servire</strong></span> <span class='ocrx_word' id='word_1_535' title='bbox 2309 3881 2363 3926; x_wconf 90' lang='lat' dir='ltr'><strong>et</strong></span> 
     </span>
    </p>
   </div>
   <div class='ocr_carea' id='block_1_75' title="bbox 2382 3870 4045 3944">
    <p class='ocr_par' dir='ltr' id='par_1_75' title="bbox 2468 3870 4045 3942">
     <span class='ocr_line' id='line_1_75' title="bbox 2468 3870 4045 3942; baseline 0.002 -17"><span class='ocrx_word' id='word_1_536' title='bbox 2468 3873 2720 3942; x_wconf 79' lang='grc' dir='ltr'>μαμωνᾷ·</span> <span class='ocrx_word' id='word_1_537' title='bbox 2769 3872 2896 3923; x_wconf 83' lang='grc' dir='ltr'>ποτὲ</span> <span class='ocrx_word' id='word_1_538' title='bbox 2930 3870 2985 3923; x_wconf 82' lang='grc' dir='ltr'><strong>δὲ</strong></span> <span class='ocrx_word' id='word_1_539' title='bbox 3011 3872 3102 3924; x_wconf 80' lang='grc' dir='ltr'>τὸν</span> <span class='ocrx_word' id='word_1_540' title='bbox 3133 3872 3385 3925; x_wconf 83' lang='grc' dir='ltr'>πλούσιον</span> <span class='ocrx_word' id='word_1_541' title='bbox 3419 3876 3625 3926; x_wconf 74' lang='grc' dir='ltr'>ἐκεῖνον</span> <span class='ocrx_word' id='word_1_542' title='bbox 3691 3873 3873 3926; x_wconf 84' lang='grc' dir='ltr'>ἄθλιον</span> <span class='ocrx_word' id='word_1_543' title='bbox 3914 3876 4045 3928; x_wconf 80' lang='grc' dir='ltr'>ἀπο-</span> 
     </span>
    </p>
   </div>
   <div class='ocr_carea' id='block_1_76' title="bbox 789 3962 2452 4036">
    <p class='ocr_par' dir='ltr' id='par_1_76' title="bbox 789 3969 2360 4034">
     <span class='ocr_line' id='line_1_76' title="bbox 789 3969 2360 4034; baseline 0.001 -12"><span class='ocrx_word' id='word_1_544' title='bbox 789 3986 1108 4024; x_wconf 74' lang='lat' dir='ltr'><strong>mammona:</strong></span> <span class='ocrx_word' id='word_1_545' title='bbox 1138 3971 1216 4034; x_wconf 86' lang='lat'><strong>”;</strong></span> <span class='ocrx_word' id='word_1_546' title='bbox 1251 3969 1386 4023; x_wconf 86' lang='lat' dir='ltr'><strong>alias</strong></span> <span class='ocrx_word' id='word_1_547' title='bbox 1417 3980 1620 4032; x_wconf 86' lang='lat' dir='ltr'><strong>autem,</strong></span> <span class='ocrx_word' id='word_1_548' title='bbox 1664 3970 1881 4023; x_wconf 83' lang='lat' dir='ltr'><strong>divitem</strong></span> <span class='ocrx_word' id='word_1_549' title='bbox 1920 3969 2066 4022; x_wconf 89' lang='lat' dir='ltr'><strong>illum</strong></span> <span class='ocrx_word' id='word_1_550' title='bbox 2104 3971 2360 4024; x_wconf 92' lang='lat' dir='ltr'><strong>miserum</strong></span> 
     </span>
    </p>
   </div>
   <div class='ocr_carea' id='block_1_77' title="bbox 2389 3962 4052 4036">
    <p class='ocr_par' dir='ltr' id='par_1_77' title="bbox 2466 3962 4052 4036">
     <span class='ocr_line' id='line_1_77' title="bbox 2466 3962 4052 4036; baseline 0.003 -22"><span class='ocrx_word' id='word_1_551' title='bbox 2466 3963 2691 4031; x_wconf 76' lang='grc' dir='ltr'>φαίνων,</span> <span class='ocrx_word' id='word_1_552' title='bbox 2718 3962 2808 4014; x_wconf 84' lang='grc' dir='ltr'><strong>τὸν</strong></span> <span class='ocrx_word' id='word_1_553' title='bbox 2839 3966 2905 4033; x_wconf 75' lang='grc' dir='ltr'>τῇ</span> <span class='ocrx_word' id='word_1_554' title='bbox 2937 3963 3062 4031; x_wconf 75' lang='grc' dir='ltr'><strong>ἑξῆς</strong></span> <span class='ocrx_word' id='word_1_555' title='bbox 3097 3964 3354 4034; x_wconf 80' lang='grc' dir='ltr'>τελευτᾷν</span> <span class='ocrx_word' id='word_1_556' title='bbox 3386 3964 3668 4033; x_wconf 87' lang='grc' dir='ltr'>μέλλοντα,</span> <span class='ocrx_word' id='word_1_557' title='bbox 3699 3966 3792 4017; x_wconf 80' lang='grc' dir='ltr'>καὶ</span> <span class='ocrx_word' id='word_1_558' title='bbox 3820 3965 3921 4036; x_wconf 82' lang='grc' dir='ltr'>τὴν</span> <span class='ocrx_word' id='word_1_559' title='bbox 3954 3984 4052 4036; x_wconf 89' lang='grc' dir='ltr'>μα-</span> 
     </span>
    </p>
   </div>
   <div class='ocr_carea' id='block_1_78' title="bbox 784 4053 2447 4130">
    <p class='ocr_par' dir='ltr' id='par_1_78' title="bbox 784 4061 2360 4130">
     <span class='ocr_line' id='line_1_78' title="bbox 784 4061 2360 4130; baseline 0.003 -17"><span class='ocrx_word' id='word_1_560' title='bbox 784 4062 1119 4128; x_wconf 83' lang='lat' dir='ltr'><strong>pronuntiat.</strong></span> <span class='ocrx_word' id='word_1_561' title='bbox 1145 4062 1234 4130; x_wconf 90' lang='lat' dir='ltr'><strong>qui</strong></span> <span class='ocrx_word' id='word_1_562' title='bbox 1285 4061 1339 4113; x_wconf 92' lang='lat' dir='ltr'><strong>in</strong></span> <span class='ocrx_word' id='word_1_563' title='bbox 1394 4061 1693 4114; x_wconf 88' lang='lat' dir='ltr'><strong>crastinum</strong></span> <span class='ocrx_word' id='word_1_564' title='bbox 1755 4061 2072 4125; x_wconf 82' lang='lat' dir='ltr'><strong>moriturus,</strong></span> <span class='ocrx_word' id='word_1_565' title='bbox 2121 4062 2360 4117; x_wconf 88' lang='lat' dir='ltr'><strong>diuturni</strong></span> 
     </span>
    </p>
   </div>
   <div class='ocr_carea' id='block_1_79' title="bbox 2387 4053 4050 4130">
    <p class='ocr_par' dir='ltr' id='par_1_79' title="bbox 2466 4053 4050 4130">
     <span class='ocr_line' id='line_1_79' title="bbox 2466 4053 4050 4130; baseline 0.001 -22"><span class='ocrx_word' id='word_1_566' title='bbox 2466 4055 2783 4125; x_wconf 81' lang='grc' dir='ltr'>κροχρόνιον</span> <span class='ocrx_word' id='word_1_567' title='bbox 2852 4055 3147 4108; x_wconf 76' lang='grc' dir='ltr'>ἀπόλαυσιν</span> <span class='ocrx_word' id='word_1_568' title='bbox 3222 4056 3319 4126; x_wconf 81' lang='grc' dir='ltr'>τὴν</span> <span class='ocrx_word' id='word_1_569' title='bbox 3392 4053 3607 4128; x_wconf 74' lang='grc' dir='ltr'>τρυφῆς</span> <span class='ocrx_word' id='word_1_570' title='bbox 3671 4057 3853 4127; x_wconf 82' lang='grc' dir='ltr'>ἐαυτῷ</span> <span class='ocrx_word' id='word_1_571' title='bbox 3917 4075 4050 4130; x_wconf 44' lang='grc' dir='ltr'>προ.</span> 
     </span>
    </p>
   </div>
   <div class='ocr_carea' id='block_1_80' title="bbox 784 4146 2447 4221">
    <p class='ocr_par' dir='ltr' id='par_1_80' title="bbox 784 4151 2364 4221">
     <span class='ocr_line' id='line_1_80' title="bbox 784 4151 2364 4221; baseline 0.004 -19"><span class='ocrx_word' id='word_1_572' title='bbox 784 4154 1047 4221; x_wconf 88' lang='lat' dir='ltr'><strong>temporis</strong></span> <span class='ocrx_word' id='word_1_573' title='bbox 1068 4152 1289 4205; x_wconf 83' lang='lat' dir='ltr'><strong>sibimet</strong></span> <span class='ocrx_word' id='word_1_574' title='bbox 1318 4151 1639 4217; x_wconf 74' lang='lat' dir='ltr'><strong>designabat</strong></span> <span class='ocrx_word' id='word_1_575' title='bbox 1668 4152 1889 4206; x_wconf 89' lang='lat' dir='ltr'><strong>delicias</strong></span> <span class='ocrx_word' id='word_1_576' title='bbox 1920 4152 2001 4217; x_wconf 78' lang='grc'><strong>⁸“;</strong></span> <span class='ocrx_word' id='word_1_577' title='bbox 2031 4168 2099 4208; x_wconf 84' lang='lat' dir='ltr'><strong>ac</strong></span> <span class='ocrx_word' id='word_1_578' title='bbox 2126 4170 2248 4208; x_wconf 89' lang='lat' dir='ltr'><strong>cum</strong></span> <span class='ocrx_word' id='word_1_579' title='bbox 2273 4152 2364 4208; x_wconf 75' lang='lat' dir='ltr'><strong>ile-</strong></span> 
     </span>
    </p>
   </div>
   <div class='ocr_carea' id='block_1_81' title="bbox 2393 4146 4056 4221">
    <p class='ocr_par' dir='ltr' id='par_1_81' title="bbox 2464 4146 4056 4219">
     <span class='ocr_line' id='line_1_81' title="bbox 2464 4146 4056 4219; baseline 0.003 -20"><span class='ocrx_word' id='word_1_580' title='bbox 2464 4148 2760 4201; x_wconf 73' lang='grc' dir='ltr'>τυπούνταο</span> <span class='ocrx_word' id='word_1_581' title='bbox 2824 4149 2914 4201; x_wconf 76' lang='grc' dir='ltr'>καὶ</span> <span class='ocrx_word' id='word_1_582' title='bbox 2982 4146 3211 4219; x_wconf 75' lang='grc' dir='ltr'>ἀλλαχοῦ</span> <span class='ocrx_word' id='word_1_583' title='bbox 3278 4150 3368 4202; x_wconf 84' lang='grc' dir='ltr'><strong>τὸν</strong></span> <span class='ocrx_word' id='word_1_584' title='bbox 3437 4149 3641 4203; x_wconf 87' lang='grc' dir='ltr'>τέλειον</span> <span class='ocrx_word' id='word_1_585' title='bbox 3704 4152 3911 4203; x_wconf 75' lang='grc' dir='ltr'>ἐκεῖνον</span> <span class='ocrx_word' id='word_1_586' title='bbox 3978 4147 4056 4204; x_wconf 75' lang='grc' dir='ltr'><strong>εἶ-</strong></span> 
     </span>
    </p>
   </div>
   <div class='ocr_carea' id='block_1_82' title="bbox 786 4233 2449 4314">
    <p class='ocr_par' dir='ltr' id='par_1_82' title="bbox 786 4244 2365 4314">
     <span class='ocr_line' id='line_1_82' title="bbox 786 4244 2365 4314; baseline 0.003 -17"><span class='ocrx_word' id='word_1_587' title='bbox 786 4245 947 4314; x_wconf 81' lang='lat' dir='ltr'><strong>nique</strong></span> <span class='ocrx_word' id='word_1_588' title='bbox 974 4260 1097 4298; x_wconf 88' lang='lat' dir='ltr'><strong>eum</strong></span> <span class='ocrx_word' id='word_1_589' title='bbox 1126 4244 1283 4297; x_wconf 88' lang='lat' dir='ltr'><strong>docet</strong></span> <span class='ocrx_word' id='word_1_590' title='bbox 1311 4245 1636 4311; x_wconf 83' lang='lat' dir='ltr'><strong>perfectum,</strong></span> <span class='ocrx_word' id='word_1_591' title='bbox 1674 4244 1763 4313; x_wconf 87' lang='lat' dir='ltr'><strong>qui</strong></span> <span class='ocrx_word' id='word_1_592' title='bbox 1810 4260 1905 4298; x_wconf 88' lang='lat' dir='ltr'><strong>sua</strong></span> <span class='ocrx_word' id='word_1_593' title='bbox 1954 4245 2135 4298; x_wconf 88' lang='lat' dir='ltr'><strong>omnia</strong></span> <span class='ocrx_word' id='word_1_594' title='bbox 2164 4260 2365 4313; x_wconf 85' lang='lat' dir='ltr'><strong>paupe-</strong></span> 
     </span>
    </p>
   </div>
   <div class='ocr_carea' id='block_1_83' title="bbox 2395 4233 4058 4314">
    <p class='ocr_par' dir='ltr' id='par_1_83' title="bbox 2467 4233 4058 4313">
     <span class='ocr_line' id='line_1_83' title="bbox 2467 4233 4058 4313; baseline 0.003 -21"><span class='ocrx_word' id='word_1_595' title='bbox 2467 4258 2554 4292; x_wconf 90' lang='grc' dir='ltr'><strong>ναι</strong></span> <span class='ocrx_word' id='word_1_596' title='bbox 2608 4238 2893 4301; x_wconf 82' lang='grc' dir='ltr'>διδάσκων,</span> <span class='ocrx_word' id='word_1_597' title='bbox 2947 4239 3005 4302; x_wconf 90' lang='grc' dir='ltr'>ὃς</span> <span class='ocrx_word' id='word_1_598' title='bbox 3060 4238 3124 4291; x_wconf 81' lang='grc' dir='ltr'>ἂν</span> <span class='ocrx_word' id='word_1_599' title='bbox 3179 4241 3413 4304; x_wconf 85' lang='grc' dir='ltr'>πάντων,</span> <span class='ocrx_word' id='word_1_600' title='bbox 3460 4233 3534 4293; x_wconf 82' lang='grc' dir='ltr'><strong>ὧν</strong></span> <span class='ocrx_word' id='word_1_601' title='bbox 3586 4240 3717 4313; x_wconf 79' lang='grc' dir='ltr'>ἔχει,</span> <span class='ocrx_word' id='word_1_602' title='bbox 3770 4244 3883 4304; x_wconf 77' lang='grc' dir='ltr'>τοῖς</span> <span class='ocrx_word' id='word_1_603' title='bbox 3934 4242 4058 4297; x_wconf 76' lang='grc' dir='ltr'>διο-</span> 
     </span>
    </p>
   </div>
   <div class='ocr_carea' id='block_1_84' title="bbox 785 4329 2448 4406">
    <p class='ocr_par' dir='ltr' id='par_1_84' title="bbox 785 4333 2361 4406">
     <span class='ocr_line' id='line_1_84' title="bbox 785 4333 2361 4406; baseline 0.001 -19"><span class='ocrx_word' id='word_1_604' title='bbox 785 4336 936 4389; x_wconf 78' lang='lat' dir='ltr'><strong>ribus</strong></span> <span class='ocrx_word' id='word_1_605' title='bbox 969 4350 1199 4403; x_wconf 79' lang='lat' dir='ltr'><strong>erogans</strong></span> <span class='ocrx_word' id='word_1_606' title='bbox 1251 4335 1335 4397; x_wconf 82' lang='lat'><strong>&quot;,</strong></span> <span class='ocrx_word' id='word_1_607' title='bbox 1370 4333 1512 4388; x_wconf 90' lang='lat' dir='ltr'><strong>ultro</strong></span> <span class='ocrx_word' id='word_1_608' title='bbox 1554 4335 1619 4387; x_wconf 88' lang='lat' dir='ltr'><strong>ad</strong></span> <span class='ocrx_word' id='word_1_609' title='bbox 1681 4334 1891 4402; x_wconf 78' lang='lat' dir='ltr'><strong>inopum</strong></span> <span class='ocrx_word' id='word_1_610' title='bbox 1944 4336 2361 4406; x_wconf 81' lang='lat' dir='ltr'><strong>philosOphiam,</strong></span> 
     </span>
    </p>
   </div>
   <div class='ocr_carea' id='block_1_85' title="bbox 2397 4329 4060 4406">
    <p class='ocr_par' dir='ltr' id='par_1_85' title="bbox 2472 4329 4060 4401">
     <span class='ocr_line' id='line_1_85' title="bbox 2472 4329 4060 4401; baseline 0.003 -20"><span class='ocrx_word' id='word_1_611' title='bbox 2472 4330 2652 4401; x_wconf 81' lang='grc' dir='ltr'>μένοις</span> <span class='ocrx_word' id='word_1_612' title='bbox 2712 4330 3140 4400; x_wconf 83' lang='grc' dir='ltr'>παραχωρήσας.</span> <span class='ocrx_word' id='word_1_613' title='bbox 3211 4330 3345 4401; x_wconf 81' lang='grc' dir='ltr'>πρὸς</span> <span class='ocrx_word' id='word_1_614' title='bbox 3401 4329 3499 4400; x_wconf 79' lang='grc' dir='ltr'>τὴν</span> <span class='ocrx_word' id='word_1_615' title='bbox 3559 4331 3843 4401; x_wconf 84' lang='grc' dir='ltr'>ἁκτήμονα</span> <span class='ocrx_word' id='word_1_616' title='bbox 3906 4332 4060 4399; x_wconf 74' lang='grc' dir='ltr'>φιλο-</span> 
     </span>
    </p>
   </div>
   <div class='ocr_carea' id='block_1_86' title="bbox 786 4420 2449 4495">
    <p class='ocr_par' dir='ltr' id='par_1_86' title="bbox 786 4424 2291 4491">
     <span class='ocr_line' id='line_1_86' title="bbox 786 4424 2291 4491; baseline 0.003 -16"><span class='ocrx_word' id='word_1_617' title='bbox 786 4434 1013 4477; x_wconf 76' lang='lat' dir='ltr'><strong>matrem</strong></span> <span class='ocrx_word' id='word_1_618' title='bbox 1050 4424 1195 4476; x_wconf 82' lang='lat' dir='ltr'><strong>illam</strong></span> <span class='ocrx_word' id='word_1_619' title='bbox 1233 4424 1455 4477; x_wconf 84' lang='lat' dir='ltr'><strong>virtutis</strong></span> <span class='ocrx_word' id='word_1_620' title='bbox 1486 4439 1549 4477; x_wconf 89' lang='lat' dir='ltr'><strong>ac</strong></span> <span class='ocrx_word' id='word_1_621' title='bbox 1582 4424 2046 4491; x_wconf 88' lang='lat' dir='ltr'><strong>contubernalem,</strong></span> <span class='ocrx_word' id='word_1_622' title='bbox 2077 4429 2291 4481; x_wconf 89' lang='lat' dir='ltr'><strong>transit.</strong></span> 
     </span>
    </p>
   </div>
   <div class='ocr_carea' id='block_1_87' title="bbox 2395 4420 4058 4495">
    <p class='ocr_par' dir='ltr' id='par_1_87' title="bbox 2473 4420 4058 4495">
     <span class='ocr_line' id='line_1_87' title="bbox 2473 4420 4058 4495; baseline 0.002 -22"><span class='ocrx_word' id='word_1_623' title='bbox 2473 4421 2663 4488; x_wconf 78' lang='grc' dir='ltr'>σοφίαν</span> <span class='ocrx_word' id='word_1_624' title='bbox 2689 4421 3071 4490; x_wconf 80' lang='grc' dir='ltr'>αύτομολήσει,</span> <span class='ocrx_word' id='word_1_625' title='bbox 3103 4420 3201 4489; x_wconf 85' lang='grc' dir='ltr'><strong>τὴν</strong></span> <span class='ocrx_word' id='word_1_626' title='bbox 3238 4420 3449 4493; x_wconf 82' lang='grc' dir='ltr'>μητέρα</span> <span class='ocrx_word' id='word_1_627' title='bbox 3472 4423 3569 4495; x_wconf 81' lang='grc' dir='ltr'>τῆς</span> <span class='ocrx_word' id='word_1_628' title='bbox 3596 4423 3795 4494; x_wconf 78' lang='grc' dir='ltr'>ἀρετῆς</span> <span class='ocrx_word' id='word_1_629' title='bbox 3814 4423 3910 4475; x_wconf 70' lang='grc' dir='ltr'><strong>καὶ</strong></span> <span class='ocrx_word' id='word_1_630' title='bbox 3925 4425 4058 4493; x_wconf 82' lang='grc' dir='ltr'>όμό-</span> 
     </span>
    </p>
   </div>
   <div class='ocr_carea' id='block_1_88' title="bbox 2402 4527 2684 4591">
    <p class='ocr_par' dir='ltr' id='par_1_88' title="bbox 2402 4527 2684 4591">
     <span class='ocr_line' id='line_1_88' title="bbox 2402 4527 2684 4591; baseline -0.011 -28"><span class='ocrx_word' id='word_1_631' title='bbox 2402 4533 2447 4591; x_wconf 78' lang='lat' dir='ltr'><strong>D</strong></span> <span class='ocrx_word' id='word_1_632' title='bbox 2476 4527 2665 4563; x_wconf 84' lang='grc' dir='ltr'>σκευον</span> <span class='ocrx_word' id='word_1_633' title='bbox 2674 4550 2684 4560; x_wconf 94' lang='grc'><strong>.</strong></span> 
     </span>
    </p>
   </div>
   <div class='ocr_carea' id='block_1_89' title="bbox 856 4619 2519 4697">
    <p class='ocr_par' dir='ltr' id='par_1_89' title="bbox 856 4619 2365 4697">
     <span class='ocr_line' id='line_1_89' title="bbox 856 4619 2365 4697; baseline 0.003 -22"><span class='ocrx_word' id='word_1_634' title='bbox 856 4622 1054 4675; x_wconf 77' lang='lat' dir='ltr'><strong>Verum</strong></span> <span class='ocrx_word' id='word_1_635' title='bbox 1088 4619 1331 4697; x_wconf 46' lang='lat' dir='ltr'><strong>liii-.mihi</strong></span> <span class='ocrx_word' id='word_1_636' title='bbox 1356 4620 1441 4673; x_wconf 81' lang='lat' dir='ltr'><strong>vel</strong></span> <span class='ocrx_word' id='word_1_637' title='bbox 1474 4620 1748 4673; x_wconf 83' lang='lat' dir='ltr'><strong>silentium</strong></span> <span class='ocrx_word' id='word_1_638' title='bbox 1780 4632 2072 4697; x_wconf 77' lang='lat' dir='ltr'><strong>consuetas</strong></span> <span class='ocrx_word' id='word_1_639' title='bbox 2092 4639 2187 4678; x_wconf 88' lang='lat' dir='ltr'><strong>eas</strong></span> <span class='ocrx_word' id='word_1_640' title='bbox 2208 4640 2365 4680; x_wconf 81' lang='lat' dir='ltr'><strong>voces</strong></span> 
     </span>
    </p>
   </div>
   <div class='ocr_carea' id='block_1_90' title="bbox 2401 4619 4064 4697">
    <p class='ocr_par' dir='ltr' id='par_1_90' title="bbox 2558 4620 4064 4691">
     <span class='ocr_line' id='line_1_90' title="bbox 2558 4620 4064 4691; baseline 0.002 -16"><span class='ocrx_word' id='word_1_641' title='bbox 2558 4623 2719 4676; x_wconf 76' lang='grc' dir='ltr'>Ἀλλά</span> <span class='ocrx_word' id='word_1_642' title='bbox 2768 4639 2858 4691; x_wconf 88' lang='grc' dir='ltr'><strong>μοι</strong></span> <span class='ocrx_word' id='word_1_643' title='bbox 2900 4621 3042 4675; x_wconf 89' lang='grc' dir='ltr'>δοκῶ</span> <span class='ocrx_word' id='word_1_644' title='bbox 3091 4623 3183 4675; x_wconf 78' lang='grc' dir='ltr'>καὶ</span> <span class='ocrx_word' id='word_1_645' title='bbox 3219 4620 3550 4677; x_wconf 81' lang='grc' dir='ltr'>σιωπώντων</span> <span class='ocrx_word' id='word_1_646' title='bbox 3592 4622 3810 4676; x_wconf 83' lang='grc' dir='ltr'>ἀκούειν</span> <span class='ocrx_word' id='word_1_647' title='bbox 3842 4625 3955 4678; x_wconf 80' lang='grc' dir='ltr'>τῶν</span> <span class='ocrx_word' id='word_1_648' title='bbox 3996 4625 4064 4678; x_wconf 73' lang='grc' dir='ltr'>ἐκ</span> 
     </span>
    </p>
   </div>
   <div class='ocr_carea' id='block_1_91' title="bbox 785 4694 2448 4785">
    <p class='ocr_par' dir='ltr' id='par_1_91' title="bbox 785 4694 2368 4781">
     <span class='ocr_line' id='line_1_91' title="bbox 785 4694 2368 4781; baseline 0.002 -15"><span class='ocrx_word' id='word_1_649' title='bbox 785 4714 974 4767; x_wconf 67' lang='lat' dir='ltr'><strong>audire</strong></span> <span class='ocrx_word' id='word_1_650' title='bbox 1004 4694 1214 4776; x_wconf 72' lang='lat' dir='ltr'><strong>videor,</strong></span> <span class='ocrx_word' id='word_1_651' title='bbox 1245 4711 1441 4779; x_wconf 82' lang='lat' dir='ltr'><strong>quibus</strong></span> <span class='ocrx_word' id='word_1_652' title='bbox 1478 4711 1791 4781; x_wconf 84' lang='lat' dir='ltr'><strong>plerumque</strong></span> <span class='ocrx_word' id='word_1_653' title='bbox 1815 4694 2125 4767; x_wconf 80' lang='lat' dir='ltr'><strong>doctoribus</strong></span> <span class='ocrx_word' id='word_1_654' title='bbox 2157 4717 2368 4769; x_wconf 84' lang='lat' dir='ltr'><strong>obstre-</strong></span> 
     </span>
    </p>
   </div>
   <div class='ocr_carea' id='block_1_92' title="bbox 2402 4694 4065 4785">
    <p class='ocr_par' dir='ltr' id='par_1_92' title="bbox 2474 4711 4065 4785">
     <span class='ocr_line' id='line_1_92' title="bbox 2474 4711 4065 4785; baseline 0.001 -17"><span class='ocrx_word' id='word_1_655' title='bbox 2474 4714 2760 4784; x_wconf 82' lang='grc' dir='ltr'>συνηθείας</span> <span class='ocrx_word' id='word_1_656' title='bbox 2791 4713 2859 4766; x_wconf 82' lang='grc' dir='ltr'><strong>τά</strong></span> <span class='ocrx_word' id='word_1_657' title='bbox 2896 4711 3117 4765; x_wconf 76' lang='grc' dir='ltr'>τοιαῦτα</span> <span class='ocrx_word' id='word_1_658' title='bbox 3163 4714 3549 4785; x_wconf 80' lang='grc' dir='ltr'>φθεγγομένων</span> <span class='ocrx_word' id='word_1_659' title='bbox 3579 4714 3715 4784; x_wconf 83' lang='grc' dir='ltr'>πρὸς</span> <span class='ocrx_word' id='word_1_660' title='bbox 3746 4717 3871 4777; x_wconf 82' lang='grc' dir='ltr'>τοὺς</span> <span class='ocrx_word' id='word_1_661' title='bbox 3908 4716 4065 4770; x_wconf 70' lang='grc' dir='ltr'>διδά-</span> 
     </span>
    </p>
   </div>
   <div class='ocr_carea' id='block_1_93' title="bbox 789 4802 2452 4875">
    <p class='ocr_par' dir='ltr' id='par_1_93' title="bbox 789 4804 2368 4875">
     <span class='ocr_line' id='line_1_93' title="bbox 789 4804 2368 4875; baseline 0.003 -16"><span class='ocrx_word' id='word_1_662' title='bbox 789 4817 964 4875; x_wconf 74' lang='lat' dir='ltr'><strong>punt:</strong></span> <span class='ocrx_word' id='word_1_663' title='bbox 1003 4804 1065 4858; x_wconf 83' lang='lat' dir='ltr'><strong>Et</strong></span> <span class='ocrx_word' id='word_1_664' title='bbox 1094 4805 1383 4875; x_wconf 78' lang='lat' dir='ltr'><strong>quomodo.</strong></span> <span class='ocrx_word' id='word_1_665' title='bbox 1416 4804 1689 4874; x_wconf 81' lang='lat' dir='ltr'><strong>inquiunt,</strong></span> <span class='ocrx_word' id='word_1_666' title='bbox 1722 4804 1884 4858; x_wconf 85' lang='lat' dir='ltr'><strong>vitam</strong></span> <span class='ocrx_word' id='word_1_667' title='bbox 1922 4810 2368 4874; x_wconf 83' lang='lat' dir='ltr'><strong>sustentabimus,</strong></span> 
     </span>
    </p>
   </div>
   <div class='ocr_carea' id='block_1_94' title="bbox 2406 4802 4069 4875">
    <p class='ocr_par' dir='ltr' id='par_1_94' title="bbox 2475 4802 4069 4874">
     <span class='ocr_line' id='line_1_94' title="bbox 2475 4802 4069 4874; baseline 0.001 -17"><span class='ocrx_word' id='word_1_668' title='bbox 2475 4820 2738 4868; x_wconf 79' lang='grc' dir='ltr'>σκοντας’</span> <span class='ocrx_word' id='word_1_669' title='bbox 2776 4805 2887 4857; x_wconf 77' lang='grc' dir='ltr'><strong>Καὶ</strong></span> <span class='ocrx_word' id='word_1_670' title='bbox 2934 4802 3051 4865; x_wconf 80' lang='grc' dir='ltr'><strong>πῶς</strong></span> <span class='ocrx_word' id='word_1_671' title='bbox 3097 4804 3234 4874; x_wconf 85' lang='grc' dir='ltr'>πρὸς</span> <span class='ocrx_word' id='word_1_672' title='bbox 3267 4804 3358 4857; x_wconf 85' lang='grc' dir='ltr'><strong>τὸν</strong></span> <span class='ocrx_word' id='word_1_673' title='bbox 3400 4804 3513 4871; x_wconf 84' lang='grc' dir='ltr'>βίον</span> <span class='ocrx_word' id='word_1_674' title='bbox 3561 4804 3966 4873; x_wconf 86' lang='grc' dir='ltr'>διατελέσομεν,</span> <span class='ocrx_word' id='word_1_675' title='bbox 4017 4809 4069 4859; x_wconf 85' lang='grc' dir='ltr'>εὶ</span> 
     </span>
    </p>
   </div>
   <div class='ocr_carea' id='block_1_95' title="bbox 790 4893 2453 4969">
    <p class='ocr_par' dir='ltr' id='par_1_95' title="bbox 790 4896 2364 4963">
     <span class='ocr_line' id='line_1_95' title="bbox 790 4896 2364 4963; baseline 0.003 -14"><span class='ocrx_word' id='word_1_676' title='bbox 790 4906 833 4959; x_wconf 66' lang='lat' dir='ltr'><strong>si</strong></span> <span class='ocrx_word' id='word_1_677' title='bbox 868 4900 1008 4955; x_wconf 89' lang='lat' dir='ltr'><strong>nulla</strong></span> <span class='ocrx_word' id='word_1_678' title='bbox 1046 4900 1116 4954; x_wconf 89' lang='lat' dir='ltr'><strong>sit</strong></span> <span class='ocrx_word' id='word_1_679' title='bbox 1145 4899 1219 4952; x_wconf 88' lang='lat' dir='ltr'><strong>rei</strong></span> <span class='ocrx_word' id='word_1_680' title='bbox 1251 4896 1536 4952; x_wconf 85' lang='lat' dir='ltr'><strong>familiaris</strong></span> <span class='ocrx_word' id='word_1_681' title='bbox 1571 4913 1695 4951; x_wconf 88' lang='lat' dir='ltr'><strong>cura</strong></span> <span class='ocrx_word' id='word_1_682' title='bbox 1720 4896 2043 4963; x_wconf 84' lang='lat' dir='ltr'><strong>?Quomodo</strong></span> <span class='ocrx_word' id='word_1_683' title='bbox 2062 4902 2364 4953; x_wconf 87' lang='lat' dir='ltr'><strong>necessaria</strong></span> 
     </span>
    </p>
   </div>
   <div class='ocr_carea' id='block_1_96' title="bbox 2398 4893 4061 4969">
    <p class='ocr_par' dir='ltr' id='par_1_96' title="bbox 2474 4893 4061 4969">
     <span class='ocr_line' id='line_1_96' title="bbox 2474 4893 4061 4969; baseline -0.001 -19"><span class='ocrx_word' id='word_1_684' title='bbox 2474 4896 2728 4969; x_wconf 82' lang='grc' dir='ltr'>ήκτῆσις</span> <span class='ocrx_word' id='word_1_685' title='bbox 2778 4895 2884 4949; x_wconf 81' lang='grc' dir='ltr'>τῶν</span> <span class='ocrx_word' id='word_1_686' title='bbox 2923 4894 3223 4965; x_wconf 87' lang='grc' dir='ltr'>χρημάτων</span> <span class='ocrx_word' id='word_1_687' title='bbox 3276 4893 3612 4963; x_wconf 83' lang='grc' dir='ltr'>ἀμεληθείη;</span> <span class='ocrx_word' id='word_1_688' title='bbox 3663 4894 3778 4957; x_wconf 84' lang='grc' dir='ltr'><strong>πῶς</strong></span> <span class='ocrx_word' id='word_1_689' title='bbox 3828 4895 3885 4946; x_wconf 83' lang='grc' dir='ltr'>δὲ</span> <span class='ocrx_word' id='word_1_690' title='bbox 3937 4899 4061 4960; x_wconf 87' lang='grc' dir='ltr'>ταῖς</span> 
     </span>
    </p>
   </div>
   <div class='ocr_carea' id='block_1_97' title="bbox 788 4984 2451 5062">
    <p class='ocr_par' dir='ltr' id='par_1_97' title="bbox 788 4988 2369 5062">
     <span class='ocr_line' id='line_1_97' title="bbox 788 4988 2369 5062; baseline 0.001 -21"><span class='ocrx_word' id='word_1_691' title='bbox 788 5007 1106 5062; x_wconf 67' lang='lat' dir='ltr'><strong>comparare</strong></span> <span class='ocrx_word' id='word_1_692' title='bbox 1133 4990 1431 5044; x_wconf 85' lang='lat' dir='ltr'><strong>valebimus</strong></span> <span class='ocrx_word' id='word_1_693' title='bbox 1448 4989 1470 5041; x_wconf 74' lang='grc' dir='ltr'><strong>’Ξ</strong></span> <span class='ocrx_word' id='word_1_694' title='bbox 1490 4989 1761 5057; x_wconf 86' lang='lat' dir='ltr'><strong>quomodo</strong></span> <span class='ocrx_word' id='word_1_695' title='bbox 1789 4988 1869 5041; x_wconf 87' lang='lat' dir='ltr'><strong>vel</strong></span> <span class='ocrx_word' id='word_1_696' title='bbox 1901 5004 1976 5042; x_wconf 66' lang='lat' dir='ltr'><strong>a&#39;s</strong></span> <span class='ocrx_word' id='word_1_697' title='bbox 1999 4989 2237 5042; x_wconf 88' lang='lat' dir='ltr'><strong>alienum</strong></span> <span class='ocrx_word' id='word_1_698' title='bbox 2260 4991 2369 5043; x_wconf 90' lang='lat' dir='ltr'><strong>dis-</strong></span> 
     </span>
    </p>
   </div>
   <div class='ocr_carea' id='block_1_98' title="bbox 2399 4984 4062 5062">
    <p class='ocr_par' dir='ltr' id='par_1_98' title="bbox 2477 4984 4062 5059">
     <span class='ocr_line' id='line_1_98' title="bbox 2477 4984 4062 5059; baseline 0 -20"><span class='ocrx_word' id='word_1_699' title='bbox 2477 4988 2690 5059; x_wconf 78' lang='grc' dir='ltr'>χρείαις</span> <span class='ocrx_word' id='word_1_700' title='bbox 2746 4987 3161 5057; x_wconf 80' lang='grc' dir='ltr'>ὲπαρκέσομεν;</span> <span class='ocrx_word' id='word_1_701' title='bbox 3228 4986 3344 5047; x_wconf 78' lang='grc' dir='ltr'>πῶς</span> <span class='ocrx_word' id='word_1_702' title='bbox 3403 4984 3696 5055; x_wconf 75' lang='grc' dir='ltr'>λυθήσεται</span> <span class='ocrx_word' id='word_1_703' title='bbox 3751 4985 4062 5057; x_wconf 55' lang='lat' dir='ltr'><strong>(iuvatcum;</strong></span> 
     </span>
    </p>
   </div>
   <div class='ocr_carea' id='block_1_99' title="bbox 788 5076 2451 5148">
    <p class='ocr_par' dir='ltr' id='par_1_99' title="bbox 788 5080 2370 5148">
     <span class='ocr_line' id='line_1_99' title="bbox 788 5080 2370 5148; baseline -0.005 -7"><span class='ocrx_word' id='word_1_704' title='bbox 788 5086 1048 5147; x_wconf 82' lang='lat' dir='ltr'><strong>solvetur,</strong></span> <span class='ocrx_word' id='word_1_705' title='bbox 1084 5082 1166 5135; x_wconf 90' lang='lat' dir='ltr'><strong>vel</strong></span> <span class='ocrx_word' id='word_1_706' title='bbox 1208 5091 1451 5135; x_wconf 87' lang='lat' dir='ltr'><strong>mutuum</strong></span> <span class='ocrx_word' id='word_1_707' title='bbox 1509 5080 1707 5148; x_wconf 89' lang='lat' dir='ltr'><strong>petenti</strong></span> <span class='ocrx_word' id='word_1_708' title='bbox 1751 5080 1989 5144; x_wconf 86' lang='lat' dir='ltr'><strong>dabitur,</strong></span> <span class='ocrx_word' id='word_1_709' title='bbox 2048 5082 2091 5132; x_wconf 90' lang='lat' dir='ltr'><strong>si</strong></span> <span class='ocrx_word' id='word_1_710' title='bbox 2137 5090 2225 5133; x_wconf 89' lang='lat' dir='ltr'><strong>tuo</strong></span> <span class='ocrx_word' id='word_1_711' title='bbox 2257 5096 2370 5133; x_wconf 80' lang='lat' dir='ltr'><strong>oui-</strong></span> 
     </span>
    </p>
   </div>
   <div class='ocr_carea' id='block_1_100' title="bbox 2399 5076 4062 5148">
    <p class='ocr_par' dir='ltr' id='par_1_100' title="bbox 2476 5076 4062 5147">
     <span class='ocr_line' id='line_1_100' title="bbox 2476 5076 4062 5147; baseline 0.001 -16"><span class='ocrx_word' id='word_1_712' title='bbox 2476 5079 2591 5142; x_wconf 86' lang='grc' dir='ltr'><strong>πῶς</strong></span> <span class='ocrx_word' id='word_1_713' title='bbox 2626 5078 2681 5130; x_wconf 83' lang='grc' dir='ltr'>δὲ</span> <span class='ocrx_word' id='word_1_714' title='bbox 2716 5078 2807 5147; x_wconf 78' lang='grc' dir='ltr'>καὶ</span> <span class='ocrx_word' id='word_1_715' title='bbox 2835 5077 3121 5147; x_wconf 83' lang='grc' dir='ltr'>δοθήσεται</span> <span class='ocrx_word' id='word_1_716' title='bbox 3152 5078 3307 5140; x_wconf 86' lang='grc' dir='ltr'>δάνος</span> <span class='ocrx_word' id='word_1_717' title='bbox 3335 5076 3412 5147; x_wconf 79' lang='grc' dir='ltr'>τῷ</span> <span class='ocrx_word' id='word_1_718' title='bbox 3444 5078 3715 5146; x_wconf 75' lang='grc' dir='ltr'>ζητοῦντι,</span> <span class='ocrx_word' id='word_1_719' title='bbox 3752 5077 3819 5130; x_wconf 81' lang='grc' dir='ltr'>ἂν</span> <span class='ocrx_word' id='word_1_720' title='bbox 3854 5081 4062 5145; x_wconf 78' lang='grc' dir='ltr'>πάντες</span> 
     </span>
    </p>
   </div>
   <div class='ocr_carea' id='block_1_101' title="bbox 794 5163 2457 5239">
    <p class='ocr_par' dir='ltr' id='par_1_101' title="bbox 794 5170 2364 5239">
     <span class='ocr_line' id='line_1_101' title="bbox 794 5170 2364 5239; baseline -0.004 -9"><span class='ocrx_word' id='word_1_721' title='bbox 794 5192 889 5231; x_wconf 87' lang='lat' dir='ltr'><strong>nes</strong></span> <span class='ocrx_word' id='word_1_722' title='bbox 928 5174 1173 5230; x_wconf 81' lang='lat' dir='ltr'><strong>obsecuti</strong></span> <span class='ocrx_word' id='word_1_723' title='bbox 1203 5172 1451 5237; x_wconf 87' lang='lat' dir='ltr'><strong>consilio,</strong></span> <span class='ocrx_word' id='word_1_724' title='bbox 1511 5180 1884 5239; x_wconf 85' lang='lat' dir='ltr'><strong>paupertatem</strong></span> <span class='ocrx_word' id='word_1_725' title='bbox 1934 5171 2164 5239; x_wconf 84' lang='lat' dir='ltr'><strong>amplexi</strong></span> <span class='ocrx_word' id='word_1_726' title='bbox 2201 5170 2364 5223; x_wconf 86' lang='lat' dir='ltr'><strong>fueri-</strong></span> 
     </span>
    </p>
   </div>
   <div class='ocr_carea' id='block_1_102' title="bbox 2403 5163 4066 5239">
    <p class='ocr_par' dir='ltr' id='par_1_102' title="bbox 2474 5163 4066 5238">
     <span class='ocr_line' id='line_1_102' title="bbox 2474 5163 4066 5238; baseline 0.002 -17"><span class='ocrx_word' id='word_1_727' title='bbox 2474 5163 2624 5238; x_wconf 81' lang='grc' dir='ltr'>ὦμεν</span> <span class='ocrx_word' id='word_1_728' title='bbox 2652 5168 2879 5236; x_wconf 80' lang='grc' dir='ltr'>διά·τὴν</span> <span class='ocrx_word' id='word_1_729' title='bbox 2917 5170 3016 5237; x_wconf 80' lang='grc' dir='ltr'>σὴν</span> <span class='ocrx_word' id='word_1_730' title='bbox 3063 5168 3381 5238; x_wconf 81' lang='grc' dir='ltr'>παραίνεσιν</span> <span class='ocrx_word' id='word_1_731' title='bbox 3423 5168 3651 5237; x_wconf 80' lang='grc' dir='ltr'>ἄποροι;</span> <span class='ocrx_word' id='word_1_732' title='bbox 3708 5168 3967 5221; x_wconf 83' lang='grc' dir='ltr'>Ἀπίστου</span> <span class='ocrx_word' id='word_1_733' title='bbox 4003 5172 4066 5224; x_wconf 74' lang='grc' dir='ltr'><strong>τὸ</strong></span> 
     </span>
    </p>
   </div>
   <div class='ocr_carea' id='block_1_103' title="bbox 793 5257 2456 5331">
    <p class='ocr_par' dir='ltr' id='par_1_103' title="bbox 793 5261 2369 5329">
     <span class='ocr_line' id='line_1_103' title="bbox 793 5261 2369 5329; baseline -0.004 -8"><span class='ocrx_word' id='word_1_734' title='bbox 793 5265 1212 5321; x_wconf 81' lang='lat' dir='ltr'><strong>im:s?lnfidelis</strong></span> <span class='ocrx_word' id='word_1_735' title='bbox 1272 5264 1495 5317; x_wconf 87' lang='lat' dir='ltr'><strong>verbum</strong></span> <span class='ocrx_word' id='word_1_736' title='bbox 1562 5265 1710 5317; x_wconf 87' lang='lat' dir='ltr'><strong>hoc:</strong></span> <span class='ocrx_word' id='word_1_737' title='bbox 1782 5261 2083 5329; x_wconf 86' lang='lat' dir='ltr'><strong>insipientis</strong></span> <span class='ocrx_word' id='word_1_738' title='bbox 2136 5277 2260 5327; x_wconf 85' lang='lat' dir='ltr'><strong>vox,</strong></span> <span class='ocrx_word' id='word_1_739' title='bbox 2305 5277 2369 5316; x_wconf 90' lang='lat' dir='ltr'><strong>ac</strong></span> 
     </span>
    </p>
   </div>
   <div class='ocr_carea' id='block_1_104' title="bbox 2393 5257 4056 5331">
    <p class='ocr_par' dir='ltr' id='par_1_104' title="bbox 2477 5257 4056 5331">
     <span class='ocr_line' id='line_1_104' title="bbox 2477 5257 4056 5331; baseline -0.012 0"><span class='ocrx_word' id='word_1_740' title='bbox 2477 5261 2648 5331; x_wconf 63' lang='grc' dir='ltr'><strong>ῥῆμα,</strong></span> <span class='ocrx_word' id='word_1_741' title='bbox 2696 5259 2951 5321; x_wconf 74' lang='grc' dir='ltr'>ἀσύνετος</span> <span class='ocrx_word' id='word_1_742' title='bbox 3014 5261 3044 5328; x_wconf 80' lang='grc' dir='ltr'>ἡ</span> <span class='ocrx_word' id='word_1_743' title='bbox 3093 5257 3263 5329; x_wconf 76' lang='grc' dir='ltr'>φωνὴ,</span> <span class='ocrx_word' id='word_1_744' title='bbox 3316 5259 3417 5310; x_wconf 82' lang='grc' dir='ltr'><strong>οὐκ</strong></span> <span class='ocrx_word' id='word_1_745' title='bbox 3466 5258 3685 5321; x_wconf 88' lang='grc' dir='ltr'>εἰδότος,</span> <span class='ocrx_word' id='word_1_746' title='bbox 3729 5258 3810 5310; x_wconf 85' lang='grc' dir='ltr'><strong>ὅτι</strong></span> <span class='ocrx_word' id='word_1_747' title='bbox 3850 5262 4056 5313; x_wconf 78' lang='grc' dir='ltr'>Δεσπό-</span> 
     </span>
    </p>
   </div>
   <div class='ocr_carea' id='block_1_105' title="bbox 790 5348 2453 5428">
    <p class='ocr_par' dir='ltr' id='par_1_105' title="bbox 790 5349 2373 5428">
     <span class='ocr_line' id='line_1_105' title="bbox 790 5349 2373 5428; baseline -0.007 -16"><span class='ocrx_word' id='word_1_748' title='bbox 790 5356 1015 5428; x_wconf 71' lang='lat' dir='ltr'><strong>ejttsqui</strong></span> <span class='ocrx_word' id='word_1_749' title='bbox 1051 5355 1279 5416; x_wconf 86' lang='lat' dir='ltr'><strong>nesciat,</strong></span> <span class='ocrx_word' id='word_1_750' title='bbox 1311 5353 1511 5407; x_wconf 78' lang='lat' dir='ltr'><strong>habere</strong></span> <span class='ocrx_word' id='word_1_751' title='bbox 1550 5367 1646 5405; x_wconf 88' lang='lat' dir='ltr'><strong>nos</strong></span> <span class='ocrx_word' id='word_1_752' title='bbox 1672 5350 1977 5413; x_wconf 77' lang='lat' dir='ltr'><strong>Dominum,</strong></span> <span class='ocrx_word' id='word_1_753' title='bbox 2025 5349 2214 5411; x_wconf 80' lang='lat' dir='ltr'><strong>Deum,</strong></span> <span class='ocrx_word' id='word_1_754' title='bbox 2252 5350 2373 5401; x_wconf 63' lang='lat' dir='ltr'><strong>vitae</strong></span> 
     </span>
    </p>
   </div>
   <div class='ocr_carea' id='block_1_106' title="bbox 2402 5348 4065 5428">
    <p class='ocr_par' dir='ltr' id='par_1_106' title="bbox 2468 5348 4065 5421">
     <span class='ocr_line' id='line_1_106' title="bbox 2468 5348 4065 5421; baseline -0.006 -15"><span class='ocrx_word' id='word_1_755' title='bbox 2468 5370 2567 5421; x_wconf 86' lang='grc' dir='ltr'><strong>την</strong></span> <span class='ocrx_word' id='word_1_756' title='bbox 2611 5352 2806 5421; x_wconf 73' lang='grc' dir='ltr'>ἔχομεν</span> <span class='ocrx_word' id='word_1_757' title='bbox 2836 5352 2925 5403; x_wconf 85' lang='grc' dir='ltr'><strong>τὸν</strong></span> <span class='ocrx_word' id='word_1_758' title='bbox 2955 5351 3105 5413; x_wconf 82' lang='grc' dir='ltr'>Θεὸν,</span> <span class='ocrx_word' id='word_1_759' title='bbox 3152 5348 3571 5420; x_wconf 84' lang='grc' dir='ltr'>οἰκονόμον.τοῦ</span> <span class='ocrx_word' id='word_1_760' title='bbox 3619 5348 3755 5419; x_wconf 81' lang='grc' dir='ltr'>βίου,</span> <span class='ocrx_word' id='word_1_761' title='bbox 3790 5348 3869 5419; x_wconf 82' lang='grc' dir='ltr'>τῷ</span> <span class='ocrx_word' id='word_1_762' title='bbox 3904 5367 4065 5417; x_wconf 77' lang='grc' dir='ltr'>γενο-</span> 
     </span>
    </p>
   </div>
   <div class='ocr_carea' id='block_1_107' title="bbox 794 5437 2457 5516">
    <p class='ocr_par' dir='ltr' id='par_1_107' title="bbox 794 5437 2373 5516">
     <span class='ocr_line' id='line_1_107' title="bbox 794 5437 2373 5516; baseline -0.006 -16"><span class='ocrx_word' id='word_1_763' title='bbox 794 5449 1213 5516; x_wconf 69' lang='lat' dir='ltr'><strong>gubernatorem</strong></span> <span class='ocrx_word' id='word_1_764' title='bbox 1241 5457 1304 5495; x_wconf 88' lang='lat' dir='ltr'><strong>ac</strong></span> <span class='ocrx_word' id='word_1_765' title='bbox 1356 5442 1807 5510; x_wconf 82' lang='lat' dir='ltr'><strong>dispensatorem,</strong></span> <span class='ocrx_word' id='word_1_766' title='bbox 1850 5438 1938 5506; x_wconf 87' lang='lat' dir='ltr'><strong>qui</strong></span> <span class='ocrx_word' id='word_1_767' title='bbox 1972 5437 2170 5490; x_wconf 75' lang='lat' dir='ltr'><strong>creatis</strong></span> <span class='ocrx_word' id='word_1_768' title='bbox 2200 5437 2293 5490; x_wconf 81' lang='lat' dir='ltr'><strong>abs</strong></span> <span class='ocrx_word' id='word_1_769' title='bbox 2315 5452 2373 5490; x_wconf 89' lang='lat' dir='ltr'><strong>se</strong></span> 
     </span>
    </p>
   </div>
   <div class='ocr_carea' id='block_1_108' title="bbox 2412 5437 4075 5516">
    <p class='ocr_par' dir='ltr' id='par_1_108' title="bbox 2472 5440 4075 5514">
     <span class='ocr_line' id='line_1_108' title="bbox 2472 5440 4075 5514; baseline 0.004 -23"><span class='ocrx_word' id='word_1_770' title='bbox 2472 5444 2618 5514; x_wconf 77' lang='grc' dir='ltr'>μένῳ</span> <span class='ocrx_word' id='word_1_771' title='bbox 2651 5442 2778 5512; x_wconf 79' lang='grc' dir='ltr'><strong>ζώῳ</strong></span> <span class='ocrx_word' id='word_1_772' title='bbox 2815 5445 2941 5513; x_wconf 78' lang='grc' dir='ltr'>παρ’</span> <span class='ocrx_word' id='word_1_773' title='bbox 2976 5442 3167 5495; x_wconf 75' lang='grc' dir='ltr'>ἑαυτοῦ</span> <span class='ocrx_word' id='word_1_774' title='bbox 3192 5440 3531 5513; x_wconf 84' lang='grc' dir='ltr'>χορηγοῦντα</span> <span class='ocrx_word' id='word_1_775' title='bbox 3559 5441 3630 5493; x_wconf 75' lang='grc' dir='ltr'>τὰ</span> <span class='ocrx_word' id='word_1_776' title='bbox 3658 5441 3926 5511; x_wconf 71' lang='grc' dir='ltr'>χρήσιμα,</span> <span class='ocrx_word' id='word_1_777' title='bbox 3967 5444 4075 5497; x_wconf 63' lang='grc' dir='ltr'><strong>καὶ</strong></span> 
     </span>
    </p>
   </div>
   <div class='ocr_carea' id='block_1_109' title="bbox 796 5530 2459 5603">
    <p class='ocr_par' dir='ltr' id='par_1_109' title="bbox 796 5530 2367 5596">
     <span class='ocr_line' id='line_1_109' title="bbox 796 5530 2367 5596; baseline -0.006 -7"><span class='ocrx_word' id='word_1_778' title='bbox 796 5537 1160 5590; x_wconf 80' lang='lat' dir='ltr'><strong>animantibus</strong></span> <span class='ocrx_word' id='word_1_779' title='bbox 1208 5533 1533 5596; x_wconf 89' lang='lat' dir='ltr'><strong>necessaria,</strong></span> <span class='ocrx_word' id='word_1_780' title='bbox 1587 5547 1710 5585; x_wconf 91' lang='lat' dir='ltr'><strong>cum</strong></span> <span class='ocrx_word' id='word_1_781' title='bbox 1764 5530 2015 5582; x_wconf 84' lang='lat' dir='ltr'><strong>alimenta</strong></span> <span class='ocrx_word' id='word_1_782' title='bbox 2044 5530 2367 5596; x_wconf 83' lang='lat' dir='ltr'><strong>suppeditet,</strong></span> 
     </span>
    </p>
   </div>
   <div class='ocr_carea' id='block_1_110' title="bbox 2403 5530 4066 5603">
    <p class='ocr_par' dir='ltr' id='par_1_110' title="bbox 2468 5532 4066 5603">
     <span class='ocr_line' id='line_1_110' title="bbox 2468 5532 4066 5603; baseline 0.001 -18"><span class='ocrx_word' id='word_1_783' title='bbox 2468 5534 2593 5597; x_wconf 78' lang='grc' dir='ltr'>τοὺς</span> <span class='ocrx_word' id='word_1_784' title='bbox 2640 5534 2973 5602; x_wconf 86' lang='grc' dir='ltr'>ἀναγκαίους</span> <span class='ocrx_word' id='word_1_785' title='bbox 3032 5534 3331 5603; x_wconf 73' lang='grc' dir='ltr'>πορισμοὺς</span> <span class='ocrx_word' id='word_1_786' title='bbox 3373 5532 3471 5601; x_wconf 86' lang='grc' dir='ltr'>τῆς</span> <span class='ocrx_word' id='word_1_787' title='bbox 3515 5534 3742 5603; x_wconf 76' lang='grc' dir='ltr'>τροφῆς,</span> <span class='ocrx_word' id='word_1_788' title='bbox 3798 5533 3893 5584; x_wconf 76' lang='grc' dir='ltr'>καὶ</span> <span class='ocrx_word' id='word_1_789' title='bbox 3950 5534 4066 5586; x_wconf 76' lang='grc' dir='ltr'><strong>τῶν</strong></span> 
     </span>
    </p>
   </div>
   <div class='ocr_carea' id='block_1_111' title="bbox 798 5620 2461 5697">
    <p class='ocr_par' dir='ltr' id='par_1_111' title="bbox 798 5620 2370 5695">
     <span class='ocr_line' id='line_1_111' title="bbox 798 5620 2370 5695; baseline -0.006 -12"><span class='ocrx_word' id='word_1_790' title='bbox 798 5639 911 5683; x_wconf 76' lang='lat' dir='ltr'><strong>tum</strong></span> <span class='ocrx_word' id='word_1_791' title='bbox 944 5638 1272 5695; x_wconf 78' lang='lat' dir='ltr'><strong>tegumenta.</strong></span> <span class='ocrx_word' id='word_1_792' title='bbox 1314 5626 1497 5679; x_wconf 81' lang='lat' dir='ltr'><strong>Divina</strong></span> <span class='ocrx_word' id='word_1_793' title='bbox 1541 5623 1689 5677; x_wconf 85' lang='lat' dir='ltr'><strong>enim</strong></span> <span class='ocrx_word' id='word_1_794' title='bbox 1738 5621 2074 5689; x_wconf 82' lang='lat' dir='ltr'><strong>providentia</strong></span> <span class='ocrx_word' id='word_1_795' title='bbox 2131 5620 2274 5673; x_wconf 87' lang='lat' dir='ltr'><strong>fovet</strong></span> <span class='ocrx_word' id='word_1_796' title='bbox 2307 5637 2370 5673; x_wconf 87' lang='lat' dir='ltr'><strong>ac</strong></span> 
     </span>
    </p>
   </div>
   <div class='ocr_carea' id='block_1_112' title="bbox 2400 5620 4063 5697">
    <p class='ocr_par' dir='ltr' id='par_1_112' title="bbox 2469 5623 4063 5697">
     <span class='ocr_line' id='line_1_112' title="bbox 2469 5623 4063 5697; baseline 0.002 -21"><span class='ocrx_word' id='word_1_797' title='bbox 2469 5628 2874 5696; x_wconf 78' lang='grc' dir='ltr'>σκεπασμάτων</span> <span class='ocrx_word' id='word_1_798' title='bbox 2900 5624 2997 5697; x_wconf 80' lang='grc' dir='ltr'>τὴν</span> <span class='ocrx_word' id='word_1_799' title='bbox 3034 5626 3240 5695; x_wconf 80' lang='grc' dir='ltr'>χρείαν.</span> <span class='ocrx_word' id='word_1_800' title='bbox 3279 5625 3343 5677; x_wconf 83' lang='grc' dir='ltr'>Ἡ</span> <span class='ocrx_word' id='word_1_801' title='bbox 3373 5623 3480 5695; x_wconf 76' lang='grc' dir='ltr'><strong>γὰρ</strong></span> <span class='ocrx_word' id='word_1_802' title='bbox 3511 5625 3737 5695; x_wconf 84' lang='grc' dir='ltr'>πρόνοια</span> <span class='ocrx_word' id='word_1_803' title='bbox 3769 5623 3866 5677; x_wconf 66' lang='grc' dir='ltr'><strong>τοῦ</strong></span> <span class='ocrx_word' id='word_1_804' title='bbox 3913 5623 4063 5679; x_wconf 77' lang='grc' dir='ltr'>Θεοῦ</span> 
     </span>
    </p>
   </div>
   <div class='ocr_carea' id='block_1_113' title="bbox 863 5802 2467 5871">
    <p class='ocr_par' dir='ltr' id='par_1_113' title="bbox 863 5802 2467 5871">
     <span class='ocr_line' id='line_1_113' title="bbox 863 5802 2467 5871; baseline -0.002 -10"><span class='ocrx_word' id='word_1_805' title='bbox 863 5806 913 5839; x_wconf 79' lang='grc'><strong>⁸⁸</strong></span> <span class='ocrx_word' id='word_1_806' title='bbox 931 5805 1061 5863; x_wconf 84' lang='lat' dir='ltr'><strong>Luc.</strong></span> <span class='ocrx_word' id='word_1_807' title='bbox 1096 5823 1204 5871; x_wconf 75' lang='lat' dir='ltr'><strong>xt&#39;t,</strong></span> <span class='ocrx_word' id='word_1_808' title='bbox 1236 5805 1313 5857; x_wconf 83' lang='lat' dir='ltr'><strong>l5.</strong></span> <span class='ocrx_word' id='word_1_809' title='bbox 1393 5806 1436 5836; x_wconf 78' lang='lat'><strong>&quot;</strong></span> <span class='ocrx_word' id='word_1_810' title='bbox 1460 5804 1587 5859; x_wconf 88' lang='lat' dir='ltr'><strong>Luc.</strong></span> <span class='ocrx_word' id='word_1_811' title='bbox 1630 5820 1725 5871; x_wconf 77' lang='lat' dir='ltr'><strong>xtl,</strong></span> <span class='ocrx_word' id='word_1_812' title='bbox 1762 5803 1847 5856; x_wconf 68' lang='grc' dir='ltr'><strong>ΞΟ.</strong></span> <span class='ocrx_word' id='word_1_813' title='bbox 1942 5802 1984 5833; x_wconf 86' lang='grc'><strong>³⁷</strong></span> <span class='ocrx_word' id='word_1_814' title='bbox 2016 5803 2203 5857; x_wconf 76' lang='lat' dir='ltr'><strong>Matth.</strong></span> <span class='ocrx_word' id='word_1_815' title='bbox 2238 5819 2349 5871; x_wconf 69' lang='lat' dir='ltr'><strong>Itx,</strong></span> <span class='ocrx_word' id='word_1_816' title='bbox 2382 5804 2467 5858; x_wconf 71' lang='lat'><strong>21.</strong></span> 
     </span>
    </p>
   </div>
  </div>
