4212 6318
161 376 252 432 ἓ.ιό
1172 391 1453 448 IiOMl‘LIA
1498 395 1581 450 Ill.
1623 399 1993 458 ADVEIKSUS
2028 403 2426 459 AVARI'I‘IAM.

3305 406 3412 460 ’ΞΗ

160 496 252 547 τῶν
283 496 505 551 οίκείων
552 503 877 573 ποιημάτων
925 508 1073 560 ἐστὶν
1126 514 1479 582 περιεκτική·
1518 515 1611 566 καὶ
1657 517 1747 568 τὸν

1852 531 2030 574 tuetur
2054 536 2150 576 sua
2178 534 2372 589 Opera;
2427 535 2522 573 nec
2566 536 2796 588 unquam
2847 537 2897 574 tn
2927 522 3027 575 ﬁde
3059 522 3274 575 divitem
3309 537 3403 588 op-

163 588 326 650 τιτστει
380 588 754 656 πλουτοῦντα,
834 597 1022 661 πενίας
1074 599 1417 656 οὐδεπώποτε
1470 606 1730 674 κατέσχεν

163 677 430 747 συμφορά.
473 679 570 731 Ἔν
604 681 662 734 δὲ
713 683 819 736 τῶν
862 685 1022 738 θείων
1079 692 1418 760 προκομίσας
1464 695 1634 763 λόγων
1663 699 1738 759 είς

161 765 425 832 ἀπόδειξιν
444 767 540 821 τοῦ
569 775 953 843 προκειμένου,
981 778 1191 848 ἱκανὴν,
1223 781 1298 842 ὡς
1328 778 1497 851 οἶμαι,
1536 802 1740 854 μαρτυ-

167 857 277 925 ρίαν
312 858 558 928 παρέξω.

237 947 322 998 Ἑν
351 953 420 1021 τῇ
453 952 564 1004 τῶν
607 954 897 1010 Βασιλειῶν
947 961 1155 1032 ἱστορίᾳ
1201 966 1337 1033 γυνή
1389 983 1471 1028 τις
1539 969 1737 1036 ἀναγέ-

164 1055 397 1132 γραπται
449 1045 613 1114 χήρα,
669 1047 1011 1122 βαρυνομένη
1056 1053 1175 1106 λίαν
1220 1059 1286 1127 τῇ
1339 1063 1592 1131 συμφορᾷ
1643 1063 1738 1132 τῆς

166 1129 468 1198 μονώσεωᾳ
514 1136 853 1211 Ἐπολιόρκει
897 1141 954 1195 δὲ
1000 1145 1171 1217 αὐτὴν
1211 1147 1495 1220 δανειστὴς
1525 1129 1737 1222 φιλάρ-

164 1237 319 1292 γυρος
351 1225 448 1277 καὶ
490 1229 894 1300 μισάνθρωπος,
941 1234 1194 1307 ὲνέχυρον
1227 1239 1354 1302 τοὺς
1397 1241 1545 1304 υἱοὺς
1569 1241 1733 1309 ἀφαι-

167 1310 443 1402 ρούμενος,
477 1315 570 1379 οὓς
615 1319 808 1388 μόνους
854 1317 998 1392 εἶχεν
1049 1327 1168 1378 ἀντὶ
1216 1328 1432 1381 πάντων
1468 1333 1499 1400 ή
1534 1333 1734 1402 μήτηρ.

176 1401 321 1455 Ἑπεὶ
343 1402 400 1455 δὲ
425 1407 505 1470 είς
533 1406 842 1478 ἀμηχανίαν
863 1414 997 1483 αὐτῇ
1020 1420 1390 1488 περιειστήκει
1408 1421 1467 1473 τὸ
1487 1401 1735 1493 πρᾶγμα,

166 1494 250 1545 καὶ
292 1495 469 1560 οὐδεὶς
511 1497 658 1566 ipse;
705 1501 816 1555 τῶν
865 1505 1095 1574 ἐχόντων
1135 1510 1377 1580 χρυσίον,
1410 1508 1570 1582 ἦλθεν
1606 1518 1738 1587 πρὸς

164 1587 245 1639 τὸν
282 1588 475 1660 ἔχοντα
520 1593 930 1664 φιλανθρωπίαν
963 1598 1057 1652 καὶ
1089 1600 1290 1655 πίστιν.
1349 1603 1647 1670 Ἐλισσαῖος
1683 1608 1738 1660 δὲ

163 1673 308 1744 οὗτος
354 1676 426 1751 ἦν
468 1685 497 1736 ό
548 1687 853 1756 προφήτης,
899 1688 1038 1762 ἀνὴρ
1079 1692 1342 1763 ἀκτήμων
1389 1697 1496 1749 τῶν
1537 1699 1737 1766 γηίνων

166 1769 318 1836 ὑλῶν,
354 1774 450 1828 καὶ
476 1777 930 1848 περισσευόμενος
955 1781 1056 1850 τῆς
1080 1785 1371 1855 ἀσωμάτου
1402 1789 1732 1857 περιουσίας⁸

1847 611 2040 678 pressit
2068 611 2403 678 paupertatis
2437 623 2693 661 terumna.
2735 608 2835 664 Ubi
2899 622 3074 663 autem
3108 611 3404 679 exetnplunt

1846 712 2008 749 unum
2035 711 2096 750 ex
2127 697 2403 766 Scriptura
2431 697 2494 749 ad
2521 697 2595 750 rei
2649 701 2989 751 astrueudam
3032 699 3185 752 ﬁdem
3221 709 3404 766 protu-

1847 787 2154 861 lero,satis,
2197 802 2338 852 reor,
2365 796 2611 840 testatatn
2643 787 2784 841 illam
2825 789 3120 842 reddidero.

1917 966 1972 1018 ltt
2009 967 2314 1034 Regnorum
2345 967 2562 1020 historia
2618 967 2807 1020 mulier
2835 967 3074 1035 quedam
3125 969 3279 1021 vidua
3313 969 3404 1021 de-

1844 1058 2043 1125 scripta
2099 1067 2203 1122 est,
2260 1057 2459 1112 amicta
2508 1059 2658 1112 valde
2719 1073 2816 1127 pro
2846 1058 3134 1112 solitudine
3163 1059 3228 1112 ⁵³.
3259 1058 3405 1111 Hanc

1845 1165 2040 1204 avarus
2071 1166 2132 1204 ac
2168 1151 2489 1204 inhumanus
2519 1149 2737 1218 urgebat
2773 1149 3060 1211 fenerator,
3098 1150 3236 1216 ipsas
3268 1164 3428 1218 quo-.

1842 1256 1947 1309 que
1983 1242 2216 1309 pignoris
2274 1243 2390 1294 loco
2444 1242 2721 1318 ablaturus
2771 1240 2967 1309 proles,
3029 1254 3164 1306 quas
3213 1251 3402 1307 praeter

1843 1333 1974 1387 nihil
2004 1333 2208 1386 miseris
2229 1333 2488 1401 reliqumn
2524 1342 2663 1385 erat.
2691 1333 2874 1400 ltaque
2899 1346 3018 1384 cum
3054 1331 3104 1383 in
3135 1341 3404 1382 extremas

1841 1434 1982 1478 esset
2015 1424 2226 1477 redacta
2256 1425 2549 1492 auguStias,
2581 1438 2640 1477 ac
2660 1437 2814 1475 nemo
2841 1423 3121 1490 quisquam
3151 1421 3401 1474 ditiormu

1843 1515 2185 1568 miseratione
2219 1523 2549 1583 tangeretur,
2586 1515 2652 1565 ad
2705 1513 2975 1566 hominem
3007 1512 3135 1564 adiit
3161 1510 3404 1572 ltutnani-

1845 1614 1953 1659 tate
2002 1620 2064 1659 ac
2108 1605 2210 1658 ﬁde
2258 1614 2527 1658 ornatum.
2581 1604 2783 1657 Eliseus
2822 1604 2908 1656 hic
2949 1610 3065 1654 erat
3123 1604 3402 1670 prepbeta,

1844 1697 2069 1750 terrenis
2093 1697 2307 1765 quidem
2336 1696 2489 1749 bonis
2528 1708 2740 1756 carens,
2772 1694 3101 1760 incorporeis
3127 1703 3300 1744 autem
3342 1707 3403 1745 ac

1842 1787 2151 1841 coelestibus
2183 1787 2397 1856 copiose
2421 1786 2760 1851 instructus;
2815 1785 3164 1854 philosolibus
3194 1784 3259 1836 ab
3282 1799 3404 1836 ara-

166 1863 444 1933 φιλάσοφος
471 1865 532 1932 ἐξ
559 1868 866 1940 ἀροτήρων,
888 1849 1091 1938 ἄοικος,
1116 1849 1381 1943 ἀνέστιος,
1410 1849 1731 1951 μονοείμωνο
1771 1849 1775 1904 1

1845 1889 1942 1943 lro,
1967 1879 2082 1931 sine
2102 1877 2256 1930 domo
2289 1891 2352 1930 ac
2385 1875 2525 1939 lare;
2562 1885 2708 1928 veste
2738 1888 2837 1925 una
2867 1887 2927 1926 ac
2950 1872 3400 1940 simpliciuteus;

165 1954 346 2008 νεωστὶ
371 1956 474 2025 μὲν
502 1958 938 2033 κληρονομήσας,
961 1965 1058 2036 τὴν
1083 1965 1138 2018 δὲ
1167 1967 1528 2039 κληρονομίαν
1558 1971 1735 2025 λαϐὼν

169 2045 412 2120 μηλωτὴν
440 2048 663 2115 εὔωνον.
703 2055 798 2108 καὶ
828 2055 1074 2125 εὐλογίαν
1105 2059 1356 2129 ἀόρατον,
1389 2061 1486 2113 τοῦ
1512 2063 1734 2133 πυρίνου

166 2135 399 2226 ἀρματος
450 2142 813 2200 ἐκπεσοῦσαν.
859 2149 931 2201 Οὐ
973 2149 1076 2219 μὴν
1110 2151 1390 2221 ἄπρακτον
1421 2154 1518 2225 τὴν
1552 2156 1735 2226 ἱκέτην

167 2225 501 2298 ἀπέπεμψεν,
541 2232 663 2286 οὐδὲ
700 2235 921 2303 ἀπέγνω
964 2239 1064 2307 τῆς
1110 2239 1380 2310 βοηθείας,
1433 2244 1619 2315 ἐπειδὴ
1661 2225 1736 2316 μὴ

169 2317 332 2387 παρῆν
379 2320 443 2372 τὸ
495 2319 860 2393 ζητούμενον·
903 2326 1020 2379 οὐδὲ
1072 2324 1223 2381 εἶπεν
1256 2331 1456 2402 ἀγεννῆ
1494 2350 1615 2387 τινα
1644 2335 1736 2387 καὶ

166 2407 354 2461 ἄπιστα
384 2413 626 2482 ῥήματα,
664 2416 741 2478 ὡς
769 2411 846 2478 εἷς
877 2417 985 2471 τῶν
1019 2419 1250 2473 πολλῶν·
1281 2423 1391 2474 Καὶ
1427 2424 1586 2476 πόθεν
1618 2427 1736 2496 ἐμοὶ

164 2500 437 2570 ἀργύριον,
487 2502 628 2557 ὥστε
681 2505 927 2559 διαλῦσαι
978 2507 1039 2560 τὸ
1101 2508 1356 2580 δφλημα;
1416 2512 1624 2586 ’Ὠσπερ
1678 2515 1735 2567 δὲ

165 2590 371 2660 ἀριστος
427 2595 634 2664 ἰατρὸς,
682 2599 776 2650 καὶ
832 2600 1139 2669 φαρμάκων
1191 2602 1265 2672 μὴ
1323 2603 1621 2674 παρόντων,
1677 2607 1735 2674 ἐξ

166 2681 404 2736 ἐπινοιῶν
450 2686 767 2755 παραδόξων
815 2682 941 2760 εὗρε
987 2692 1052 2761 τῇ
1105 2691 1244 2761 νόσῳ
1274 2693 1375 2762 τὴν
1421 2693 1583 2757 ίασιν,
1621 2696 1733 2758 καὶ,

171 2771 223 2824 Τί
247 2786 370 2837 σοι,
409 2776 600 2846 φησὶν,
645 2776 743 2830 ἐπὶ
782 2777 893 2848 τῆς
934 2782 1144 2846 οἰκίας.
1185 2777 1232 2834 ὦ
1260 2783 1472 2850 rorat;
1507 2786 1733 2856 Μνημὸο

165 2878 362 2928 νευσον,
408 2866 463 2917 ετ
485 2881 541 2919 τι
583 2868 676 2919 καὶ
719 2866 896 2937 ὀλίγον
929 2869 1074 2923 ἔνδον
1107 2872 1379 2941 τυγχάνει.
1412 2873 1600 2938 Οὐδεὶς
1627 2875 1733 2947 γὰρ

166 2951 325 3018 οὕτως
353 2956 544 3030 πένης,
581 2958 656 3022 ὡς
686 2959 940 3024 καθάπαξ
982 2961 1206 3032 μηδενὸς
1233 2964 1421 3034 κύριος
1452 2961 1606 3019 εἶναι.
1647 2968 1736 3030 Ὠς

164 3042 213 3097 δὲ
247 3041 422 3111 εἶπεν,
475 3048 556 3101 ὅτι
592 3049 856 3120 κεράμιόν
890 3054 1056 3117 ἐστιν,
1094 3055 1186 3106 καί⁹
1217 3053 1465 3123 λείψανον
1498 3057 1555 3110 ὲν
1589 3057 1736 3127 αὑτῷ

1839 1984 2006 2036 nuper
2041 1967 2256 2036 quidem
2319 1977 2509 2020 auctus
2562 1964 2911 2026 ltmreditate,
2959 1979 3020 2016 ea
3074 1972 3251 2016 tamen
3286 1963 3405 2014 vilis

1836 2058 2275 2125 duutaxatpretii
2307 2058 2535 2119 melotm,
2583 2056 2975 2124 invisibilisque
3015 2055 3402 2108 benedictionis

1839 2149 1991 2218 igneo
2021 2164 2178 2202 currtt
2203 2149 2430 2215 delapsa:
2465 2148 2529 2198 ⁵⁸.
2588 2146 2738 2200 lland
2787 2149 3061 2200 enimvero
3089 2145 3398 2213 supplicem,

1851 2255 1905 2294 re
1949 2239 2169 2303 infecta,
2200 2240 2424 2300 remisit,
2453 2254 2548 2293 nec
2574 2241 2636 2292 de
2660 2238 2856 2292 auxilio
2874 2237 3125 2292 continuo
3153 2237 3404 2302 despera-

1845 2332 1939 2393 vit,
1980 2332 2118 2401 quod
2153 2345 2254 2384 non
2283 2339 2425 2385 esset
2475 2331 2526 2383 in
2581 2339 2825 2398 promptu
2856 2329 2994 2397 quod
3025 2329 3398 2397 quaerebatur;

1839 2433 1935 2471 nec
1965 2418 2124 2472 verba
2156 2419 2398 2486 qumdam
2436 2415 2715 2485 degeneris
2772 2433 2833 2474 ac
2890 2418 3176 2472 diliidenlis
3239 2420 3400 2470 animi

1836 2507 2075 2577 protulit,
2129 2523 2191 2562 ae
2241 2509 2416 2577 qualia
2467 2523 2602 2563 unus
2653 2509 2916 2577 quispiam
2959 2525 2987 2562 e
3021 2508 3210 2576 vulgo:
3248 2505 3399 2561 Unde

1837 2614 1964 2662 vero
1991 2599 2118 2653 mihi
2151 2600 2372 2668 pecunia
2403 2609 2460 2652 ut
2513 2599 2769 2654 solvendo
2813 2599 2955 2652 sim?
2985 2599 3050 2654 Ut
3082 2608 3260 2652 autem
3302 2613 3397 2665 pe-

1837 2691 2126 2746 ritissimus
2156 2692 2415 2756 medicus,
2439 2693 2648 2747 tametsi
2685 2691 3074 2748 medicamenta
3098 2691 3163 2744 ad
3185 2705 3402 2744 manum

1837 2798 1940 2838 non
1971 2791 2148 2849 erant,
2191 2783 2371 2840 subtili
2442 2785 2682 2849 invento,
2744 2785 2911 2837 morbi
2977 2783 3270 2837 remedium
3308 2795 3401 2834 nos

1837 2890 1958 2928 vutn
1988 2874 2345 2942 excogitavit;
2386 2883 2482 2928 et:
2540 2874 2682 2939 Quid
2725 2874 2902 2936 habes,
2938 2874 3134 2942 inquit,
3193 2874 3398 2935 mulier,

1835 2968 1890 3019 in
1920 2967 2073 3020 domo
2096 2965 2305 3019 tua"'?
2332 2966 2443 3029 Dic,
2479 2966 2657 3029 sodes,
2694 2967 2736 3019 si
2766 2966 2889 3034 quid
2941 2966 3031 3019 tibi
3070 2965 3123 3018 in
3159 2979 3219 3017 ea
3274 2964 3395 3016 reli-

1837 3072 1999 3124 quum
2034 3066 2137 3111 est.
2164 3056 2270 3111 Nec
2292 3057 2433 3112 enim
2473 3057 2758 3127 quisquam
2791 3058 2922 3109 adeo
2946 3070 3170 3125 pauper,
3205 3065 3261 3107 ut
3289 3055 3405 3108 ttul-

167 3134 331 3207 βραχὺ
379 3138 599 3192 ἐλαίου·
658 3142 1084 3213 Παρασκεύασόν
1136 3161 1247 3214 μοι,
1299 3141 1473 3208 εἶπεν,
1527 3147 1732 3217 πλῆθος
1761 3189 1775 3241 1

1845 3147 1942 3202 lius
1971 3147 2125 3216 plane
2165 3150 2241 3202 rei
2269 3148 2524 3203 dominus
2546 3149 2637 3204 sit.
2686 3148 2778 3203 Ubi
2817 3164 2944 3202 vero
2988 3147 3282 3216 respondit,
3311 3162 3405 3204 νος

166 3227 410 3298 ἀγγεῐων.
440 3231 548 3284 Καὶ
578 3234 610 3302 ἡ
644 3234 740 3304 μὲν
765 3235 1122 3305 ηὑτρέπισεν·
1152 3238 1180 3289 ὁ
1203 3236 1258 3288 δὲ
1288 3236 1353 3289 δι’
1380 3238 1547 3308 αὐτῆς
1569 3241 1733 3312 ἐπλή-

169 3334 351 3386 ρωσεν,
405 3322 498 3374 καὶ
541 3322 618 3394 τῷ
658 3323 905 3396 δανειστῇ
956 3325 1169 3397 διελύθη
1211 3328 1273 3380 τὸ
1322 3328 1576 3400 ὄφλημα·
1614 3331 1732 3400 ήδὲ

166 3411 286 3482 γυνὴ
315 3412 582 3483 ἀπῆλθεν,
606 3415 666 3478 ἐξ
691 3416 910 3485 ἀπόρων
935 3417 1170 3488 εὑροῦσα
1204 3419 1291 3472 τὸν
1323 3420 1506 3491 πόρον.
1532 3422 1604 3475 Τὸ
1625 3423 1732 3495 γὰρ

164 3500 434 3570 ὀλίγιστον
456 3505 655 3568 ἔλαιον,
706 3508 735 3559 ὃ
777 3502 914 3560 εἶναι
961 3509 1090 3580 παρ’
1121 3510 1256 3580 αὐτῇ
1299 3507 1449 3564 εἶπεν
1479 3513 1613 3584 πρὸς
1645 3514 1733 3568 τὸν

166 3596 464 3668 προφήτην,
506 3598 782 3667 ὲπήγασεν
815 3600 878 3652 ὲκ
909 3600 1001 3652 τοῦ
1042 3602 1368 3672 παραδόξου,
1401 3604 1495 3655 καὶ
1529 3604 1734 3666 πάντας

166 3686 277 3748 τοὺς
309 3687 768 3758 εὐτρεπισθέντας
809 3691 1186 3763 ἀμφορίσκους
1218 3693 1534 3764 ἐπλήρωσεν
1556 3712 1569 3727 ·
1604 3694 1731 3765 ἔστη

166 3774 212 3827 δὲ
239 3777 354 3829 τότε
391 3778 495 3848 τῆς
526 3779 753 3848 ῥύσεως,
788 3783 874 3835 ὅτε
906 3783 1126 3849 ἀγγεῖον
1163 3783 1264 3835 οὐκ
1295 3782 1377 3835 ἔτι
1405 3778 1472 3854 ἦν
1500 3783 1560 3837 τὺ
1583 3784 1734 3855 δεχό-

169 3882 345 3934 μενον·
381 3870 478 3922 καὶ
507 3872 571 3940 τῇ
602 3871 760 3941 χρεία
787 3873 1166 3943 συνεμετρήθη
1207 3875 1239 3943 ή
1271 3876 1450 3944 χάρις.
1495 3875 1733 3946 Ἀληθῶς

166 3961 330 4016 ἔλαιον
363 3966 562 4027 ἐκεῖνο,
605 3965 633 4018 ὃ
668 3966 832 4034 φυτὸν
877 3967 977 4019 οὐκ
1023 3967 1497 4038 ἐκαρποφόρησεν,
1537 3968 1651 4020 ἀλλ’
1685 3969 1732 4020 οἱ

166 4053 246 4107 τοῦ
291 4056 430 4109 Θεοῦ
471 4057 749 4130 οἰκτιρμοί
791 4057 1162 4129 ἐγεώργησαν.
1207 4057 1421 4129 Ταύτην
1451 4059 1731 4130 ὠνήσασθε

166 4145 251 4216 τήν
278 4147 611 4218 ἐπιστήμην,
648 4149 695 4200 εἰ
724 4147 972 4211 δύνασθε,
1002 4150 1050 4201 οἱ
1081 4149 1190 4202 ἀπὸ
1217 4148 1367 4218 ἡλίου
1400 4151 1730 4220 ἀνίσχοντος,

169 4239 318 4309 μέχρι
362 4240 459 4292 καὶ
509 4239 790 4309 δυομένου,
843 4240 1099 4309 βασιλεῖς,
1141 4241 1419 4305 δυνάσται,
1466 4241 1729 4296 πλούσιοι.

167 4331 221 4380 Οί
262 4332 415 4399 σοφοὶ
463 4330 564 4399 τῆς
601 4331 895 4400 ὲγκοσμίου
938 4332 1148 4399 σοφίας,
1200 4332 1472 4402 κτήσασθε
1503 4334 1594 4385 τοῦ
1630 4334 1734 4386 ἀπὸ

167 4422 437 4494 ἀροτήρων
482 4423 763 4494 προφήτου
801 4423 862 4475 τὸ
907 4424 1172 4494 χάρισμα,
1199 4425 1228 4478 ὃ
1256 4426 1619 4495 ἀναφαίρετον
1659 4426 1735 4496 τῷ

168 4511 371 4568 λαϐόντι
412 4516 600 4585 συνῆν.
638 4516 721 4568 Τὰ
751 4515 860 4587 γὰρ
893 4516 992 4586 τῆς
1029 4517 1300 4589 ὑμετέρας
1344 4518 1577 4587 σπουδῆς
1603 4521 1733 4589 κτή·
1766 4537 1810 4597 D

171 4621 302 4672 ματα
365 4605 597 4676 μυρίους
643 4606 757 4675 ἔχει
820 4607 1260 4678 παρακειμένους
1312 4608 1410 4677 τῆς
1462 4609 1732 4673 ἀπωλείας

165 4695 463 4760 κινδύνουςο
498 4697 700 4769 λῃστὰς
745 4698 1230 4769 τοιχωρυχοῦντας,
1299 4701 1595 4770 τυράννους
1637 4705 1735 4772 ἀρ-

167 4784 446 4850 τιάζοντας,
491 4787 587 4845 καὶ
633 4789 976 4857 συκοφάντας
1021 4789 1500 4853 ὲπιὸουλεύοντας-
1531 4791 1732 4846 θάλασ-

169 4891 253 4928 σαν
281 4877 803 4944 καταποντίζουσαν,
836 4881 929 4933 καὶ
964 4881 1066 4950 γῆν
1103 4881 1594 4952 ὑπερίδηγνυμένην
1623 4886 1734 4944 τοῖς

167 4965 448 5039 χάσμασιν.
493 4971 674 5028 Ἔστω
711 4972 890 5024 τοίνυν
939 4973 1093 5035 ἐλπὶς
1126 4973 1220 5024 καὶ
1247 4956 1492 5040 ταμιεῖον
1525 4972 1738 5044 ἀνθρώ-

167 5073 274 5122 ποις
305 5063 340 5131 ή
385 5061 481 5115 τοῦ
522 5056 658 5115 Θεοῦ
693 5062 862 5128 δεξιὰ,
894 5064 927 5133 ή
957 5063 1048 5122 τὸν
1074 5063 1201 5120 λαὸν
1231 5063 1510 5129 Αἰγύπτου
1551 5064 1739 5131 ἐξαγα-

168 5148 342 5215 γοῦσα,
371 5152 468 5203 καὶ
496 5154 555 5205 ἐν
585 5153 776 5222 ἐρήμῳ
798 5152 952 5223 χώρα
983 5153 1083 5224 τὴν
1108 5152 1360 5222 εὐθηνίαν
1387 5153 1495 5214 τῶν
1516 5154 1738 5232 ἀγαθῶν

171 5243 542 5313 χορηγήσασα·
582 5245 619 5316 ή
667 5243 747 5314 τῷ
797 5244 995 5316 Δανιὴλ
1055 5244 1340 5312 ἀγαγοῦσα
1380 5246 1470 5297 τὸν
1531 5247 1737 5317 Ἀμεα-

1836 3252 1955 3293 esse
1992 3237 2150 3303 [ictile
2177 3254 2298 3294 cum
2326 3241 2445 3294 oleo
2483 3238 2718 3309 pauxillo
2747 3253 2760 3290 :
2797 3237 2922 3302 Far,
2959 3238 3048 3299 ait,
3083 3238 3249 3291 multa
3275 3238 3402 3290 mihi

1837 3348 1964 3387 vasa
2002 3348 2179 3408 pares.
2215 3332 2280 3394 Et
2306 3334 2420 3401 ipsa
2455 3333 2668 3400 quidem
2698 3330 3052 3398 paravit;ille
3083 3339 3260 3382 autem
3286 3329 3402 3395 ejus

1837 3417 2140 3472 ministerio
2166 3418 2449 3487 implevit:
2490 3433 2553 3472 ac
2605 3419 2841 3472 debitum
2865 3420 3076 3486 quidem
3120 3419 3404 3472 feueratori

1837 3508 2164 3577 persolutum
2189 3497 2545 3575 est;mulier
2602 3523 2728 3561 vero
2793 3524 2855 3562 ex
2922 3509 3214 3580 deploratis
3248 3510 3406 3564 rebus

1838 3600 1939 3653 iter
1963 3600 2214 3654 secundis
2270 3600 2573 3663 inveniens,
2616 3599 2897 3653 discessit:
2951 3617 3070 3659 nam
3114 3602 3402 3670 pauxillum

1839 3687 1964 3741 illud
1996 3687 2120 3751 olet,
2165 3689 2305 3755 quod
2335 3701 2396 3742 se
2423 3701 2584 3757 penes
2608 3702 2728 3741 esse
2769 3687 3046 3756 prephctse
3088 3688 3314 3753 dixerat,
3353 3693 3402 3743 in

1838 3778 2050 3832 modum
2085 3776 2244 3832 fontis
2275 3779 2547 3847 inopinato
2573 3777 2871 3842 scaturivit,
2931 3793 3225 3847 omnesque
3251 3790 3404 3848 quot-

1837 3877 1970 3938 quot
1999 3867 2082 3920 illa
2115 3877 2397 3936 paraverat
2424 3868 2731 3937 amphoras,
2773 3867 3038 3935 replevit;
3085 3881 3150 3921 ac
3173 3879 3280 3921 tum
3309 3869 3404 3922 de-

1839 3977 1983 4014 mum
2020 3959 2147 4016 ﬂere
2170 3959 2351 4025 desiit,
2386 3974 2510 4014 cum
2539 3975 2666 4014 vasa
2701 3959 2995 4014 defuissent
3041 3961 3106 4013 ad
3137 3960 3401 4028 recipien-

1835 4052 2364 4121 dum;Deiqueillud
2392 4052 2707 4106 beneﬁcium
2775 4052 3079 4121 indigentia}
3135 4063 3400 4120 arquatum

1837 4154 1938 4199 est.
1969 4144 2106 4198 Vere
2131 4142 2304 4197 oleum
2341 4142 2470 4196 illud
2506 4141 2640 4212 (26),
2663 4143 2806 4212 quod
2853 4157 2956 4195 non
3010 4142 3171 4194 arbor
3201 4158 3260 4196 ac
3286 4142 3404 4196 olea

1840 4237 2112 4304 produxit,
2143 4237 2233 4296 sed
2270 4233 2365 4288 Dei
2394 4233 2756 4289 misericordia
2813 4233 3007 4287 edidit!
3050 4231 3198 4286 Itane
3231 4233 3401 4296 vobis,

1837 4329 1878 4380 si
1905 4326 2050 4404 lcet.
2082 4337 2389 4395 comparate
2415 4327 2714 4391 scientiam,
2748 4325 3080 4394 quicunque,
3106 4339 3265 4393 quam
3297 4325 3403 4379 late

1838 4426 1985 4488 patet
2030 4417 2220 4474 Oriens
2247 4428 2301 4472 et
2328 4417 2610 4480 Occidens,
2642 4415 2848 4484 uspiam
2884 4416 3047 4482 estis;
3100 4430 3276 4486 reges,
3309 4417 3404 4485 dy-

1837 4518 2026 4572 nastas,
2063 4509 2271 4563 divites.
2325 4506 2431 4562 Vos
2485 4507 2764 4563 inundante
2821 4507 3096 4574 sapientia:
3151 4509 3401 4568 consulti,

1841 4600 2115 4670 prophetae
2151 4598 2274 4652 illud
2327 4600 2395 4676 ab
2449 4608 2630 4652 aratro
2687 4599 2880 4651 donum
2934 4598 3217 4665 acquirite,
3264 4599 3404 4665 quod

1840 4696 1908 4748 ab
1947 4708 2011 4746 eo
2073 4693 2162 4761 qui
2217 4691 2513 4759 accepisset
2575 4707 2676 4745 non
2735 4701 2944 4760 poterat
2997 4691 3406 4759 auferri,eique

1843 4801 2056 4856 semper
2086 4801 2268 4839 comes
2291 4794 2428 4839 erat.
2457 4785 2586 4850 Qua:
2613 4785 2754 4837 enim
2785 4783 2921 4836 bona
2949 4798 3262 4851 comparare
3285 4793 3405 4836 stu-

1844 4877 2001 4941 detis,
2028 4872 2509 4929 innumerabilibus
2555 4873 2808 4941 periculis
2857 4874 3098 4938 exposita
3138 4881 3301 4937 sunt;
3331 4873 3407 4924 la.-

1840 4968 2083 5022 tronibus
2135 4968 2395 5036 parietum
2449 4965 2874 5035 perfossoribus;
2940 4966 3180 5035 tyrannis
3218 4973 3401 5031 rapto-

1837 5060 2020 5123 ribus;
2056 5058 2403 5127 syeophantis
2459 5057 2903 5123 insidiatoribus;
2955 5056 3089 5109 mari
3134 5056 3403 5109 haurienti

1841 5150 2116 5216 ﬂuctibus;
2162 5160 2318 5204 terra:
2351 5150 2586 5204 hiatibus
2617 5149 2938 5204 dehiscenti.
2979 5148 3114 5216 Spes
3145 5162 3274 5213 ergo
3309 5163 3406 5200 no-

1837 5254 1949 5295 stra
1982 5258 2044 5296 ac
2078 5258 2249 5311 penu,
2286 5242 2374 5296 Dei
2433 5242 2502 5296 sit
2557 5244 2804 5296 dextera:
2852 5256 2970 5309 qua:
3002 5240 3287 5296 Judaicum
3311 5254 3408 5306 po-

229 5375 271 5406 ιε
301 5374 362 5428 tv
429 5376 557 5444 Reg.
596 5391 671 5440 IV,
697 5376 876 5463 raqq.
952 5380 995 5410 ιε
1026 5367 1089 5431 t'v
1120 5379 1246 5450 Reg.
1276 5397 1334 5441 ιι,
1373 5381 1451 5432 tt.
1533 5381 1596 5412 ω·
1631 5380 1694 5433 tv
1734 5381 1773 5435 tt

1849 5420 1860 5431 .
1898 5399 1966 5441 tv,
2002 5383 2055 5435 ‘2.
2153 5434 2170 5460 ι

182 5488 336 5559 ν-(ξθ)
392 5486 518 5551 Vere
575 5489 746 5542 oleum
805 5491 959 5544 illud.
1012 5491 1214 5547 Allusio
1287 5503 1370 5548 est
1424 5494 1488 5545 ad
1544 5508 1726 5546 vocem

168 5556 510 5627 E150;,'qnud
562 5567 647 5614 est
706 5560 1089 5625 misericordia,
1154 5577 1182 5614 a
1236 5577 1338 5628 qua
1401 5562 1461 5615 τὸ
1522 5562 1725 5624 ἔλαιον,

171 5631 385 5690 quadam
446 5629 588 5683 velut
635 5634 1011 5694 parattomasia
1068 5631 1266 5684 dietum
1328 5634 1441 5685 sit:
1478 5643 1534 5684 ut
1585 5633 1723 5685 istud

170 5709 293 5749 esset
321 5701 523 5751 eximie
553 5697 762 5752 ἔλαιον·
815 5700 941 5766 quia
983 5715 1011 5751 a
1062 5700 1153 5754 Dei
1196 5699 1305 5765 ipsa
1355 5702 1725 5756 misericordia

173 5766 296 5827 velut
346 5780 644 5832 manasset,
691 5783 793 5823 non
837 5772 902 5823 ab
950 5771 1066 5824 olca
1111 5781 1250 5825 esset
1283 5781 1477 5826 ortum.
1521 5771 1726 5840 Ubique

1842 5497 2082 5551 Asterius
2107 5497 2342 5550 divinum
2377 5496 2503 5564 quid
2544 5495 2605 5547 ae
2637 5492 3077 5564 summecultum
3105 5489 3322 5564 praefert
3350 5490 3400 5541 in

1835 5568 2284 5634 deScriptionibus
2332 5559 2465 5619 suis.
2524 5565 2824 5634 lutet-pres,
2855 5563 2927 5634 ita
2989 5559 3282 5621 reddit,'ut
3337 5574 3402 5610 ne

1834 5633 2116 5705 Vestigium
2164 5638 2431 5703 exprimat
2482 5635 2620 5687 illius
2656 5633 2916 5705 acuminis
2949 5649 2960 5685 :
2990 5646 3050 5685 ac
3095 5643 3160 5683 ne
3210 5643 3406 5687 sensus

1834 5703 2046 5772 quidem
2074 5708 2124 5760 in
2163 5722 2223 5761 co
2257 5707 2459 5759 auitot'i
2498 5712 2708 5757 constat
2746 5703 2902 5754 ullus.
