  <div class='ocr_page' id='page_1' title='image "/cluster/home/n/w/nwhite01/storage/ocr_20150623/40/pst.000005712373/116.png"; bbox 0 0 4212 6318; ppageno 0'>
   <div class='ocr_carea' id='block_1_1' title="bbox 183 357 1764 430">
    <p class='ocr_par' dir='ltr' id='par_1_1' title="bbox 183 357 1764 425">
     <span class='ocr_line' id='line_1_1' title="bbox 183 357 1764 425; baseline 0.007 -11"><span class='ocrx_word' id='word_1_1' title='bbox 183 357 264 414; x_wconf 71' lang='lat' dir='ltr'><strong>ll&#39;l</strong></span> <span class='ocrx_word' id='word_1_2' title='bbox 1007 363 1287 420; x_wconf 56' lang='lat' dir='ltr'><strong>liOilIL&#39;A</strong></span> <span class='ocrx_word' id='word_1_3' title='bbox 1325 366 1414 420; x_wconf 69' lang='lat' dir='ltr'><strong>iV;</strong></span> <span class='ocrx_word' id='word_1_4' title='bbox 1459 367 1764 425; x_wconf 63' lang='grc' dir='ltr'><strong>ριῡνεηει</strong></span> 
     </span>
    </p>
   </div>
   <div class='ocr_carea' id='block_1_2' title="bbox 1862 357 2685 430">
    <p class='ocr_par' dir='ltr' id='par_1_2' title="bbox 1863 368 2685 430">
     <span class='ocr_line' id='line_1_2' title="bbox 1863 368 2685 430; baseline 0.004 -5"><span class='ocrx_word' id='word_1_5' title='bbox 1863 368 2344 427; x_wconf 62' lang='grc' dir='ltr'><strong>ΚΑιΕΝυλῐιυΜ</strong></span> <span class='ocrx_word' id='word_1_6' title='bbox 2386 374 2685 430; x_wconf 73' lang='lat' dir='ltr'><strong>FESTUM.</strong></span> 
     </span>
    </p>
   </div>
   <div class='ocr_carea' id='block_1_3' title="bbox 242 479 1819 560">
    <p class='ocr_par' dir='ltr' id='par_1_3' title="bbox 242 479 1819 560">
     <span class='ocr_line' id='line_1_3' title="bbox 242 479 1819 560; baseline 0.01 -28"><span class='ocrx_word' id='word_1_7' title='bbox 242 479 476 551; x_wconf 70' lang='grc' dir='ltr'><strong>Ἐορτῆς</strong></span> <span class='ocrx_word' id='word_1_8' title='bbox 499 482 682 536; x_wconf 79' lang='grc' dir='ltr'>τοίνυν</span> <span class='ocrx_word' id='word_1_9' title='bbox 714 488 996 557; x_wconf 80' lang='grc' dir='ltr'><strong>πανοήμου</strong></span> <span class='ocrx_word' id='word_1_10' title='bbox 1024 481 1179 552; x_wconf 71' lang='grc' dir='ltr'><strong>οὗτος</strong></span> <span class='ocrx_word' id='word_1_11' title='bbox 1206 492 1234 542; x_wconf 81' lang='grc' dir='ltr'><strong>ό</strong></span> <span class='ocrx_word' id='word_1_12' title='bbox 1263 490 1462 560; x_wconf 73' lang='grc' dir='ltr'><strong>θεσμὸς</strong></span> <span class='ocrx_word' id='word_1_13' title='bbox 1494 493 1585 545; x_wconf 71' lang='grc' dir='ltr'><strong>καὶ</strong></span> <span class='ocrx_word' id='word_1_14' title='bbox 1614 492 1642 545; x_wconf 83' lang='grc' dir='ltr'>ὁ</span> <span class='ocrx_word' id='word_1_15' title='bbox 1662 492 1745 543; x_wconf 83' lang='grc' dir='ltr'><strong>νό·</strong></span> <span class='ocrx_word' id='word_1_16' title='bbox 1779 495 1819 548; x_wconf 76' lang='grc' dir='ltr'><strong>Α</strong></span> 
     </span>
    </p>
   </div>
   <div class='ocr_carea' id='block_1_4' title="bbox 180 573 1749 650">
    <p class='ocr_par' dir='ltr' id='par_1_4' title="bbox 180 573 1749 650">
     <span class='ocr_line' id='line_1_4' title="bbox 180 573 1749 650; baseline 0.004 -25"><span class='ocrx_word' id='word_1_17' title='bbox 180 590 260 641; x_wconf 82' lang='grc' dir='ltr'><strong>μος</strong></span> <span class='ocrx_word' id='word_1_18' title='bbox 281 589 293 601; x_wconf 85' lang='grc'>·</span> <span class='ocrx_word' id='word_1_19' title='bbox 319 573 538 642; x_wconf 81' lang='grc' dir='ltr'><strong>πρῶτον</strong></span> <span class='ocrx_word' id='word_1_20' title='bbox 569 574 669 645; x_wconf 76' lang='grc' dir='ltr'><strong>μὲν</strong></span> <span class='ocrx_word' id='word_1_21' title='bbox 697 576 932 644; x_wconf 69' lang='grc' dir='ltr'><strong>φανερὸν</strong></span> <span class='ocrx_word' id='word_1_22' title='bbox 965 579 1168 632; x_wconf 71' lang='grc' dir='ltr'><strong>σκοπὸν</strong></span> <span class='ocrx_word' id='word_1_23' title='bbox 1193 573 1331 631; x_wconf 78' lang='grc' dir='ltr'><strong>εἶναι</strong></span> <span class='ocrx_word' id='word_1_24' title='bbox 1353 580 1715 650; x_wconf 68' lang='grc' dir='ltr'><strong>πανηγύρεως</strong></span> <span class='ocrx_word' id='word_1_25' title='bbox 1735 599 1749 611; x_wconf 89' lang='grc'><strong>·</strong></span> 
     </span>
    </p>
   </div>
   <div class='ocr_carea' id='block_1_5' title="bbox 181 661 1754 740">
    <p class='ocr_par' dir='ltr' id='par_1_5' title="bbox 181 661 1754 740">
     <span class='ocr_line' id='line_1_5' title="bbox 181 661 1754 740; baseline 0.003 -23"><span class='ocrx_word' id='word_1_26' title='bbox 181 664 353 717; x_wconf 68' lang='grc' dir='ltr'><strong>ἔπειτα</strong></span> <span class='ocrx_word' id='word_1_27' title='bbox 383 664 573 736; x_wconf 71' lang='grc' dir='ltr'><strong>κοινὴν</strong></span> <span class='ocrx_word' id='word_1_28' title='bbox 605 661 745 719; x_wconf 82' lang='grc' dir='ltr'><strong>εἶναι</strong></span> <span class='ocrx_word' id='word_1_29' title='bbox 781 668 997 721; x_wconf 78' lang='grc' dir='ltr'><strong>πάντων</strong></span> <span class='ocrx_word' id='word_1_30' title='bbox 1025 670 1391 739; x_wconf 69' lang='grc' dir='ltr'><strong>εὐφροσύνην,</strong></span> <span class='ocrx_word' id='word_1_31' title='bbox 1426 670 1517 723; x_wconf 78' lang='grc' dir='ltr'><strong>καὶ</strong></span> <span class='ocrx_word' id='word_1_32' title='bbox 1549 670 1623 740; x_wconf 73' lang='grc' dir='ltr'><strong>μὴ</strong></span> <span class='ocrx_word' id='word_1_33' title='bbox 1653 670 1754 739; x_wconf 77' lang='grc' dir='ltr'><strong>μὲ-</strong></span> 
     </span>
    </p>
   </div>
   <div class='ocr_carea' id='block_1_6' title="bbox 180 756 1751 834">
    <p class='ocr_par' dir='ltr' id='par_1_6' title="bbox 180 756 1751 834">
     <span class='ocr_line' id='line_1_6' title="bbox 180 756 1751 834; baseline 0.005 -28"><span class='ocrx_word' id='word_1_34' title='bbox 180 772 253 823; x_wconf 73' lang='grc' dir='ltr'><strong>ρος</strong></span> <span class='ocrx_word' id='word_1_35' title='bbox 283 756 377 824; x_wconf 75' lang='grc' dir='ltr'><strong>μὲν</strong></span> <span class='ocrx_word' id='word_1_36' title='bbox 402 756 653 825; x_wconf 71' lang='grc' dir='ltr'><strong>ἥδεσθαι,</strong></span> <span class='ocrx_word' id='word_1_37' title='bbox 680 758 741 810; x_wconf 71' lang='grc' dir='ltr'><strong>τὸ</strong></span> <span class='ocrx_word' id='word_1_38' title='bbox 762 759 819 812; x_wconf 73' lang='grc' dir='ltr'><strong>δὲ</strong></span> <span class='ocrx_word' id='word_1_39' title='bbox 845 758 1168 831; x_wconf 77' lang='grc' dir='ltr'><strong>λειπόμενον</strong></span> <span class='ocrx_word' id='word_1_40' title='bbox 1198 764 1254 815; x_wconf 83' lang='grc' dir='ltr'><strong>ὲν</strong></span> <span class='ocrx_word' id='word_1_41' title='bbox 1280 761 1434 834; x_wconf 70' lang='grc' dir='ltr'><strong>λύπῃ</strong></span> <span class='ocrx_word' id='word_1_42' title='bbox 1468 763 1565 815; x_wconf 78' lang='grc' dir='ltr'><strong>καὶ</strong></span> <span class='ocrx_word' id='word_1_43' title='bbox 1627 780 1751 814; x_wconf 88' lang='grc' dir='ltr'><strong>κατ-</strong></span> 
     </span>
    </p>
   </div>
   <div class='ocr_carea' id='block_1_7' title="bbox 181 850 1753 927">
    <p class='ocr_par' dir='ltr' id='par_1_7' title="bbox 181 850 1753 927">
     <span class='ocr_line' id='line_1_7' title="bbox 181 850 1753 927; baseline 0.006 -28"><span class='ocrx_word' id='word_1_44' title='bbox 181 851 326 921; x_wconf 62' lang='grc' dir='ltr'><strong>ηφείᾳ</strong></span> <span class='ocrx_word' id='word_1_45' title='bbox 366 850 599 919; x_wconf 77' lang='grc' dir='ltr'><strong>διάγειν.</strong></span> <span class='ocrx_word' id='word_1_46' title='bbox 624 852 795 906; x_wconf 78' lang='grc' dir='ltr'><strong>Τοῦτο</strong></span> <span class='ocrx_word' id='word_1_47' title='bbox 835 854 944 925; x_wconf 74' lang='grc' dir='ltr'><strong>γὰρ</strong></span> <span class='ocrx_word' id='word_1_48' title='bbox 974 853 1212 924; x_wconf 80' lang='grc' dir='ltr'><strong>πολέμου</strong></span> <span class='ocrx_word' id='word_1_49' title='bbox 1247 854 1457 927; x_wconf 74' lang='grc' dir='ltr'><strong>μᾶλλον</strong></span> <span class='ocrx_word' id='word_1_50' title='bbox 1487 856 1520 925; x_wconf 78' lang='grc' dir='ltr'><strong>ἦ</strong></span> <span class='ocrx_word' id='word_1_51' title='bbox 1558 857 1753 926; x_wconf 74' lang='grc' dir='ltr'><strong>ἑορτῆς</strong></span> 
     </span>
    </p>
   </div>
   <div class='ocr_carea' id='block_1_8' title="bbox 180 945 1753 1019">
    <p class='ocr_par' dir='ltr' id='par_1_8' title="bbox 180 945 1753 1019">
     <span class='ocr_line' id='line_1_8' title="bbox 180 945 1753 1019; baseline -0.006 -18"><span class='ocrx_word' id='word_1_52' title='bbox 180 945 438 1014; x_wconf 60' lang='grc' dir='ltr'><strong>ἐξαίρετον</strong></span> <span class='ocrx_word' id='word_1_53' title='bbox 457 964 470 976; x_wconf 92' lang='grc'>·</span> <span class='ocrx_word' id='word_1_54' title='bbox 498 945 803 1016; x_wconf 70' lang='grc' dir='ltr'><strong>ἐπειδήπερ</strong></span> <span class='ocrx_word' id='word_1_55' title='bbox 823 948 1135 1016; x_wconf 63' lang='grc' dir='ltr'><strong>ὲπάνκγκες</strong></span> <span class='ocrx_word' id='word_1_56' title='bbox 1162 949 1287 1010; x_wconf 82' lang='grc' dir='ltr'><strong>τοὺς</strong></span> <span class='ocrx_word' id='word_1_57' title='bbox 1317 948 1415 1016; x_wconf 83' lang='grc' dir='ltr'><strong>μὲν</strong></span> <span class='ocrx_word' id='word_1_58' title='bbox 1445 951 1753 1019; x_wconf 68' lang='grc' dir='ltr'><strong>κρατήσαν-</strong></span> 
     </span>
    </p>
   </div>
   <div class='ocr_carea' id='block_1_9' title="bbox 182 1037 1751 1110">
    <p class='ocr_par' dir='ltr' id='par_1_9' title="bbox 182 1037 1751 1110">
     <span class='ocr_line' id='line_1_9' title="bbox 182 1037 1751 1110; baseline 0.003 -21"><span class='ocrx_word' id='word_1_59' title='bbox 182 1055 260 1099; x_wconf 76' lang='lat'><strong>:1;</strong></span> <span class='ocrx_word' id='word_1_60' title='bbox 276 1037 658 1106; x_wconf 68' lang='grc' dir='ltr'><strong>ἐμπομπεύειν</strong></span> <span class='ocrx_word' id='word_1_61' title='bbox 682 1041 746 1110; x_wconf 86' lang='grc' dir='ltr'><strong>τῇ</strong></span> <span class='ocrx_word' id='word_1_62' title='bbox 770 1039 916 1110; x_wconf 76' lang='grc' dir='ltr'><strong>νίκῃ,</strong></span> <span class='ocrx_word' id='word_1_63' title='bbox 935 1056 962 1091; x_wconf 91' lang='grc' dir='ltr'><strong>τ</strong></span> <span class='ocrx_word' id='word_1_64' title='bbox 978 1040 1059 1102; x_wconf 62' lang='grc' dir='ltr'><strong>ὡς</strong></span> <span class='ocrx_word' id='word_1_65' title='bbox 1078 1039 1123 1091; x_wconf 78' lang='grc' dir='ltr'><strong>δ’</strong></span> <span class='ocrx_word' id='word_1_66' title='bbox 1146 1038 1477 1109; x_wconf 76' lang='grc' dir='ltr'><strong>ἡττηθέντας</strong></span> <span class='ocrx_word' id='word_1_67' title='bbox 1494 1040 1751 1110; x_wconf 72' lang='grc' dir='ltr'><strong>δακρύειν</strong></span> 
     </span>
    </p>
   </div>
   <div class='ocr_carea' id='block_1_10' title="bbox 182 1130 1750 1204">
    <p class='ocr_par' dir='ltr' id='par_1_10' title="bbox 182 1130 1750 1204">
     <span class='ocr_line' id='line_1_10' title="bbox 182 1130 1750 1204; baseline 0.004 -24"><span class='ocrx_word' id='word_1_68' title='bbox 182 1132 264 1198; x_wconf 68' lang='grc' dir='ltr'><strong>τὴν</strong></span> <span class='ocrx_word' id='word_1_69' title='bbox 295 1130 601 1199; x_wconf 70' lang='grc' dir='ltr'><strong>συμφοράν.</strong></span> <span class='ocrx_word' id='word_1_70' title='bbox 667 1132 885 1202; x_wconf 80' lang='grc' dir='ltr'><strong>Ἐπειδή</strong></span> <span class='ocrx_word' id='word_1_71' title='bbox 922 1133 968 1163; x_wconf 71' lang='grc'><strong>⁸³</strong></span> <span class='ocrx_word' id='word_1_72' title='bbox 1008 1148 1071 1200; x_wconf 88' lang='grc' dir='ltr'><strong>γε</strong></span> <span class='ocrx_word' id='word_1_73' title='bbox 1105 1132 1310 1185; x_wconf 82' lang='grc' dir='ltr'><strong>τούτων</strong></span> <span class='ocrx_word' id='word_1_74' title='bbox 1344 1132 1455 1185; x_wconf 80' lang='grc' dir='ltr'><strong>τῶν</strong></span> <span class='ocrx_word' id='word_1_75' title='bbox 1489 1132 1712 1204; x_wconf 74' lang='grc' dir='ltr'><strong>ἡμερῶν</strong></span> <span class='ocrx_word' id='word_1_76' title='bbox 1733 1174 1750 1196; x_wconf 91' lang='grc'><strong>,</strong></span> 
     </span>
    </p>
   </div>
   <div class='ocr_carea' id='block_1_11' title="bbox 184 1222 1754 1297">
    <p class='ocr_par' dir='ltr' id='par_1_11' title="bbox 184 1222 1754 1297">
     <span class='ocr_line' id='line_1_11' title="bbox 184 1222 1754 1297; baseline 0.003 -24"><span class='ocrx_word' id='word_1_77' title='bbox 184 1227 379 1293; x_wconf 76' lang='grc' dir='ltr'><strong>πρῶτον</strong></span> <span class='ocrx_word' id='word_1_78' title='bbox 414 1222 515 1293; x_wconf 82' lang='grc' dir='ltr'><strong>μὲν</strong></span> <span class='ocrx_word' id='word_1_79' title='bbox 548 1222 612 1275; x_wconf 82' lang='grc' dir='ltr'><strong>τδ</strong></span> <span class='ocrx_word' id='word_1_80' title='bbox 655 1225 753 1277; x_wconf 69' lang='grc' dir='ltr'><strong>ἐπὶ</strong></span> <span class='ocrx_word' id='word_1_81' title='bbox 779 1224 893 1277; x_wconf 87' lang='grc' dir='ltr'><strong>τίσι</strong></span> <span class='ocrx_word' id='word_1_82' title='bbox 922 1224 1162 1277; x_wconf 81' lang='grc' dir='ltr'><strong>τελεῖται</strong></span> <span class='ocrx_word' id='word_1_83' title='bbox 1205 1226 1237 1295; x_wconf 80' lang='grc' dir='ltr'>ἡ</span> <span class='ocrx_word' id='word_1_84' title='bbox 1268 1226 1597 1297; x_wconf 75' lang='grc' dir='ltr'><strong>πανήγυρις,</strong></span> <span class='ocrx_word' id='word_1_85' title='bbox 1617 1226 1754 1296; x_wconf 75' lang='grc' dir='ltr'><strong>’ἄδη-</strong></span> 
     </span>
    </p>
   </div>
   <div class='ocr_carea' id='block_1_12' title="bbox 183 1314 1752 1388">
    <p class='ocr_par' dir='ltr' id='par_1_12' title="bbox 183 1314 1752 1388">
     <span class='ocr_line' id='line_1_12' title="bbox 183 1314 1752 1388; baseline 0.003 -22"><span class='ocrx_word' id='word_1_86' title='bbox 183 1314 278 1366; x_wconf 85' lang='grc' dir='ltr'><strong>λον.</strong></span> <span class='ocrx_word' id='word_1_87' title='bbox 307 1314 475 1369; x_wconf 73' lang='grc' dir='ltr'><strong>Μῦθοι</strong></span> <span class='ocrx_word' id='word_1_88' title='bbox 503 1316 611 1388; x_wconf 84' lang='grc' dir='ltr'><strong>γὰρ</strong></span> <span class='ocrx_word' id='word_1_89' title='bbox 636 1315 888 1383; x_wconf 87' lang='grc' dir='ltr'><strong>λέγονται</strong></span> <span class='ocrx_word' id='word_1_90' title='bbox 916 1314 1400 1387; x_wconf 74' lang='grc' dir='ltr'><strong>πολλοὶ,’ἀλλήλιι›ν</strong></span> <span class='ocrx_word' id='word_1_91' title='bbox 1423 1319 1752 1387; x_wconf 78' lang='grc' dir='ltr'><strong>ἀνατρεπτι-</strong></span> 
     </span>
    </p>
   </div>
   <div class='ocr_carea' id='block_1_13' title="bbox 186 1405 1755 1480">
    <p class='ocr_par' dir='ltr' id='par_1_13' title="bbox 186 1405 1755 1480">
     <span class='ocr_line' id='line_1_13' title="bbox 186 1405 1755 1480; baseline 0.001 -19"><span class='ocrx_word' id='word_1_92' title='bbox 186 1408 287 1461; x_wconf 86' lang='grc' dir='ltr'><strong>κοί·</strong></span> <span class='ocrx_word' id='word_1_93' title='bbox 316 1407 514 1478; x_wconf 76' lang='grc' dir='ltr'><strong>ἀληθὲς</strong></span> <span class='ocrx_word' id='word_1_94' title='bbox 534 1406 591 1460; x_wconf 80' lang='grc' dir='ltr'><strong>δὲ</strong></span> <span class='ocrx_word' id='word_1_95' title='bbox 643 1408 819 1463; x_wconf 72' lang='grc' dir='ltr'><strong>οὐδέν.</strong></span> <span class='ocrx_word' id='word_1_96' title='bbox 848 1405 1002 1472; x_wconf 81' lang='grc' dir='ltr'><strong>Εἶτα,</strong></span> <span class='ocrx_word' id='word_1_97' title='bbox 1031 1408 1249 1477; x_wconf 80' lang='grc' dir='ltr'><strong>ὀλίγους</strong></span> <span class='ocrx_word' id='word_1_98' title='bbox 1274 1410 1371 1479; x_wconf 82' lang='grc' dir='ltr'><strong>μὲν</strong></span> <span class='ocrx_word' id='word_1_99' title='bbox 1395 1408 1755 1480; x_wconf 84' lang='grc' dir='ltr'><strong>εὐφραινομέ-</strong></span> 
     </span>
    </p>
   </div>
   <div class='ocr_carea' id='block_1_14' title="bbox 184 1499 1754 1572">
    <p class='ocr_par' dir='ltr' id='par_1_14' title="bbox 184 1499 1754 1572">
     <span class='ocr_line' id='line_1_14' title="bbox 184 1499 1754 1572; baseline 0.003 -21"><span class='ocrx_word' id='word_1_100' title='bbox 184 1516 292 1563; x_wconf 85' lang='grc' dir='ltr'><strong>νους</strong></span> <span class='ocrx_word' id='word_1_101' title='bbox 323 1499 540 1569; x_wconf 80' lang='grc' dir='ltr'><strong>βλέπω·</strong></span> <span class='ocrx_word' id='word_1_102' title='bbox 573 1501 914 1572; x_wconf 78' lang='grc' dir='ltr'><strong>ἀνιωμένους</strong></span> <span class='ocrx_word' id='word_1_103' title='bbox 950 1502 1008 1555; x_wconf 82' lang='grc' dir='ltr'><strong>δὲ</strong></span> <span class='ocrx_word' id='word_1_104' title='bbox 1047 1504 1174 1564; x_wconf 82' lang='grc' dir='ltr'><strong>τοὺς</strong></span> <span class='ocrx_word' id='word_1_105' title='bbox 1207 1501 1460 1566; x_wconf 75' lang='grc' dir='ltr'><strong>πολλοὺς,</strong></span> <span class='ocrx_word' id='word_1_106' title='bbox 1509 1502 1616 1556; x_wconf 71' lang='grc' dir='ltr'><strong>κᾶν</strong></span> <span class='ocrx_word' id='word_1_107' title='bbox 1657 1503 1754 1555; x_wconf 84' lang='grc' dir='ltr'><strong>εὑ-</strong></span> 
     </span>
    </p>
   </div>
   <div class='ocr_carea' id='block_1_15' title="bbox 184 1592 1754 1665">
    <p class='ocr_par' dir='ltr' id='par_1_15' title="bbox 184 1592 1754 1665">
     <span class='ocr_line' id='line_1_15' title="bbox 184 1592 1754 1665; baseline 0.003 -22"><span class='ocrx_word' id='word_1_108' title='bbox 184 1596 367 1661; x_wconf 84' lang='grc' dir='ltr'><strong>πρεπεῖ</strong></span> <span class='ocrx_word' id='word_1_109' title='bbox 413 1593 698 1665; x_wconf 80' lang='grc' dir='ltr'><strong>ἑτερότητι</strong></span> <span class='ocrx_word' id='word_1_110' title='bbox 867 1592 1047 1664; x_wconf 79' lang='grc' dir='ltr'><strong>λύπην</strong></span> <span class='ocrx_word' id='word_1_111' title='bbox 1088 1594 1519 1658; x_wconf 75' lang='grc' dir='ltr'><strong>ὲπισκιάξωσιν·</strong></span> <span class='ocrx_word' id='word_1_112' title='bbox 1578 1594 1754 1648; x_wconf 85' lang='grc' dir='ltr'><strong>πάντα</strong></span> 
     </span>
    </p>
   </div>
   <div class='ocr_carea' id='block_1_16' title="bbox 182 1686 1755 1760">
    <p class='ocr_par' dir='ltr' id='par_1_16' title="bbox 182 1686 1755 1760">
     <span class='ocr_line' id='line_1_16' title="bbox 182 1686 1755 1760; baseline 0.003 -22"><span class='ocrx_word' id='word_1_113' title='bbox 182 1686 230 1737; x_wconf 79' lang='grc' dir='ltr'><strong>δὲ</strong></span> <span class='ocrx_word' id='word_1_114' title='bbox 256 1686 481 1757; x_wconf 75' lang='grc' dir='ltr'><strong>θορύϐου,</strong></span> <span class='ocrx_word' id='word_1_115' title='bbox 505 1688 750 1757; x_wconf 78' lang='grc' dir='ltr'><strong>γέμοντα</strong></span> <span class='ocrx_word' id='word_1_116' title='bbox 771 1690 865 1742; x_wconf 79' lang='grc' dir='ltr'><strong>καὶ</strong></span> <span class='ocrx_word' id='word_1_117' title='bbox 891 1690 1159 1760; x_wconf 81' lang='grc' dir='ltr'><strong>ταραχῆς,</strong></span> <span class='ocrx_word' id='word_1_118' title='bbox 1186 1689 1280 1742; x_wconf 70' lang='grc' dir='ltr'><strong>καὶ</strong></span> <span class='ocrx_word' id='word_1_119' title='bbox 1309 1689 1372 1742; x_wconf 74' lang='grc' dir='ltr'><strong>τὸ</strong></span> <span class='ocrx_word' id='word_1_120' title='bbox 1394 1688 1595 1760; x_wconf 82' lang='grc' dir='ltr'><strong>πλῆθος</strong></span> <span class='ocrx_word' id='word_1_121' title='bbox 1616 1688 1755 1760; x_wconf 84' lang='grc' dir='ltr'><strong>πρὸς</strong></span> 
     </span>
    </p>
   </div>
   <div class='ocr_carea' id='block_1_17' title="bbox 184 1781 890 1855">
    <p class='ocr_par' dir='ltr' id='par_1_17' title="bbox 184 1781 890 1855">
     <span class='ocr_line' id='line_1_17' title="bbox 184 1781 890 1855; baseline 0.003 -20"><span class='ocrx_word' id='word_1_122' title='bbox 184 1781 345 1851; x_wconf 70' lang='grc' dir='ltr'><strong>ἑαυτῷ</strong></span> <span class='ocrx_word' id='word_1_123' title='bbox 375 1784 500 1852; x_wconf 84' lang='grc' dir='ltr'><strong>είκῆ</strong></span> <span class='ocrx_word' id='word_1_124' title='bbox 532 1784 890 1855; x_wconf 77' lang='grc' dir='ltr'><strong>ὠθιζόμενον.</strong></span> 
     </span>
    </p>
   </div>
   <div class='ocr_carea' id='block_1_18' title="bbox 255 1962 1753 2036">
    <p class='ocr_par' dir='ltr' id='par_1_18' title="bbox 255 1962 1753 2036">
     <span class='ocr_line' id='line_1_18' title="bbox 255 1962 1753 2036; baseline 0.003 -20"><span class='ocrx_word' id='word_1_125' title='bbox 255 1962 579 2033; x_wconf 81' lang='grc' dir='ltr'><strong>Ἀνάμνησίς</strong></span> <span class='ocrx_word' id='word_1_126' title='bbox 616 1966 768 2017; x_wconf 77' lang='grc' dir='ltr'><strong>ἐστιν</strong></span> <span class='ocrx_word' id='word_1_127' title='bbox 809 1964 901 2018; x_wconf 78' lang='grc' dir='ltr'><strong>καὶ</strong></span> <span class='ocrx_word' id='word_1_128' title='bbox 941 1965 1251 2036; x_wconf 74' lang='grc' dir='ltr'><strong>εὐφροσύνη</strong></span> <span class='ocrx_word' id='word_1_129' title='bbox 1295 1967 1564 2020; x_wconf 76' lang='grc' dir='ltr'><strong>ἐνιαυτοῦ.</strong></span> <span class='ocrx_word' id='word_1_130' title='bbox 1616 1967 1753 2021; x_wconf 81' lang='grc' dir='ltr'><strong>Ποία</strong></span> 
     </span>
    </p>
   </div>
   <div class='ocr_carea' id='block_1_19' title="bbox 180 2057 1753 2130">
    <p class='ocr_par' dir='ltr' id='par_1_19' title="bbox 180 2057 1753 2130">
     <span class='ocr_line' id='line_1_19' title="bbox 180 2057 1753 2130; baseline -0.023 30"><span class='ocrx_word' id='word_1_131' title='bbox 180 2057 496 2129; x_wconf 39' lang='grc' dir='ltr'><strong>εὒψροσὺνῃ</strong></span> <span class='ocrx_word' id='word_1_132' title='bbox 539 2057 828 2129; x_wconf 55' lang='grc' dir='ltr'><strong>ἄνθρωπε-ἶ</strong></span> <span class='ocrx_word' id='word_1_133' title='bbox 876 2057 1120 2129; x_wconf 72' lang='grc' dir='ltr'><strong>Πρῶτον,</strong></span> <span class='ocrx_word' id='word_1_134' title='bbox 1154 2061 1281 2112; x_wconf 79' lang='grc' dir='ltr'><strong>ὅταν</strong></span> <span class='ocrx_word' id='word_1_135' title='bbox 1308 2060 1544 2130; x_wconf 78' lang='grc' dir='ltr'><strong>ἐννοήσω</strong></span> <span class='ocrx_word' id='word_1_136' title='bbox 1579 2059 1624 2091; x_wconf 81' lang='grc'>⁸⁸</span> <span class='ocrx_word' id='word_1_137' title='bbox 1654 2061 1753 2129; x_wconf 75' lang='grc' dir='ltr'><strong>τῆς</strong></span> 
     </span>
    </p>
   </div>
   <div class='ocr_carea' id='block_1_20' title="bbox 186 2145 1751 2220">
    <p class='ocr_par' dir='ltr' id='par_1_20' title="bbox 186 2145 1751 2220">
     <span class='ocr_line' id='line_1_20' title="bbox 186 2145 1751 2220; baseline 0.003 -20"><span class='ocrx_word' id='word_1_138' title='bbox 186 2151 460 2219; x_wconf 78' lang='grc' dir='ltr'><strong>συντυχίας</strong></span> <span class='ocrx_word' id='word_1_139' title='bbox 494 2151 555 2203; x_wconf 80' lang='grc' dir='ltr'><strong>τὺ</strong></span> <span class='ocrx_word' id='word_1_140' title='bbox 596 2150 812 2220; x_wconf 77' lang='grc' dir='ltr'><strong>σχῆμα,</strong></span> <span class='ocrx_word' id='word_1_141' title='bbox 844 2145 955 2203; x_wconf 75' lang='grc' dir='ltr'><strong>οἷόν</strong></span> <span class='ocrx_word' id='word_1_142' title='bbox 987 2153 1156 2215; x_wconf 79' lang='grc' dir='ltr'><strong>ἐστιν,</strong></span> <span class='ocrx_word' id='word_1_143' title='bbox 1189 2153 1284 2204; x_wconf 75' lang='grc' dir='ltr'><strong>καὶ</strong></span> <span class='ocrx_word' id='word_1_144' title='bbox 1311 2152 1460 2214; x_wconf 78' lang='grc' dir='ltr'><strong>ὅπως</strong></span> <span class='ocrx_word' id='word_1_145' title='bbox 1487 2152 1751 2217; x_wconf 70' lang='grc' dir='ltr'><strong>ὕποπτον,</strong></span> 
     </span>
    </p>
   </div>
   <div class='ocr_carea' id='block_1_21' title="bbox 181 2241 1758 2315">
    <p class='ocr_par' dir='ltr' id='par_1_21' title="bbox 181 2241 1758 2315">
     <span class='ocr_line' id='line_1_21' title="bbox 181 2241 1758 2315; baseline 0.001 -22"><span class='ocrx_word' id='word_1_146' title='bbox 181 2241 266 2293; x_wconf 72' lang='grc' dir='ltr'><strong>καὶ</strong></span> <span class='ocrx_word' id='word_1_147' title='bbox 291 2242 351 2294; x_wconf 75' lang='grc' dir='ltr'>οὐ</span> <span class='ocrx_word' id='word_1_148' title='bbox 382 2242 595 2310; x_wconf 79' lang='grc' dir='ltr'><strong>φιλικόν</strong></span> <span class='ocrx_word' id='word_1_149' title='bbox 616 2244 629 2295; x_wconf 81' lang='lat' dir='ltr'><strong>l</strong></span> <span class='ocrx_word' id='word_1_150' title='bbox 649 2244 900 2315; x_wconf 77' lang='grc' dir='ltr'><strong>Ἀδρανεῖ</strong></span> <span class='ocrx_word' id='word_1_151' title='bbox 914 2246 979 2313; x_wconf 81' lang='grc' dir='ltr'><strong>τῇ</strong></span> <span class='ocrx_word' id='word_1_152' title='bbox 1011 2244 1163 2315; x_wconf 73' lang='grc' dir='ltr'>φωνῇ</span> <span class='ocrx_word' id='word_1_153' title='bbox 1198 2242 1290 2296; x_wconf 78' lang='grc' dir='ltr'><strong>καὶ</strong></span> <span class='ocrx_word' id='word_1_154' title='bbox 1320 2242 1490 2315; x_wconf 80' lang='grc' dir='ltr'><strong>λεπτῇ</strong></span> <span class='ocrx_word' id='word_1_155' title='bbox 1522 2245 1555 2315; x_wconf 80' lang='grc' dir='ltr'><strong>ἡ</strong></span> <span class='ocrx_word' id='word_1_156' title='bbox 1587 2260 1758 2313; x_wconf 89' lang='grc' dir='ltr'><strong>προσ-</strong></span> 
     </span>
    </p>
   </div>
   <div class='ocr_carea' id='block_1_22' title="bbox 183 2333 1754 2407">
    <p class='ocr_par' dir='ltr' id='par_1_22' title="bbox 183 2333 1754 2407">
     <span class='ocr_line' id='line_1_22' title="bbox 183 2333 1754 2407; baseline 0.003 -21"><span class='ocrx_word' id='word_1_157' title='bbox 183 2334 361 2405; x_wconf 74' lang='grc' dir='ltr'><strong>ηγορία</strong></span> <span class='ocrx_word' id='word_1_158' title='bbox 385 2336 607 2405; x_wconf 76' lang='grc' dir='ltr'>πρόεισι</span> <span class='ocrx_word' id='word_1_159' title='bbox 628 2335 737 2389; x_wconf 84' lang='grc' dir='ltr'><strong>τῶν</strong></span> <span class='ocrx_word' id='word_1_160' title='bbox 769 2336 997 2405; x_wconf 81' lang='grc' dir='ltr'><strong>χειλέων</strong></span> <span class='ocrx_word' id='word_1_161' title='bbox 1018 2356 1029 2365; x_wconf 90' lang='grc'>·</span> <span class='ocrx_word' id='word_1_162' title='bbox 1072 2333 1190 2389; x_wconf 81' lang='grc' dir='ltr'><strong>εἶτα</strong></span> <span class='ocrx_word' id='word_1_163' title='bbox 1216 2335 1500 2390; x_wconf 86' lang='grc' dir='ltr'><strong>ἀκολουθεί</strong></span> <span class='ocrx_word' id='word_1_164' title='bbox 1523 2336 1754 2407; x_wconf 84' lang='grc' dir='ltr'><strong>φίλημα,</strong></span> 
     </span>
    </p>
   </div>
   <div class='ocr_carea' id='block_1_23' title="bbox 182 2426 1754 2498">
    <p class='ocr_par' dir='ltr' id='par_1_23' title="bbox 182 2426 1754 2498">
     <span class='ocr_line' id='line_1_23' title="bbox 182 2426 1754 2498; baseline 0.001 -20"><span class='ocrx_word' id='word_1_165' title='bbox 182 2426 266 2479; x_wconf 79' lang='grc' dir='ltr'><strong>τοῦ</strong></span> <span class='ocrx_word' id='word_1_166' title='bbox 292 2426 579 2497; x_wconf 86' lang='grc' dir='ltr'><strong>λήμματος</strong></span> <span class='ocrx_word' id='word_1_167' title='bbox 609 2427 930 2498; x_wconf 79' lang='grc' dir='ltr'><strong>προοίμιον·</strong></span> <span class='ocrx_word' id='word_1_168' title='bbox 962 2428 1058 2480; x_wconf 82' lang='grc' dir='ltr'><strong>καὶ</strong></span> <span class='ocrx_word' id='word_1_169' title='bbox 1082 2427 1318 2496; x_wconf 76' lang='grc' dir='ltr'><strong>φιλεῖται</strong></span> <span class='ocrx_word' id='word_1_170' title='bbox 1350 2427 1447 2497; x_wconf 77' lang='grc' dir='ltr'><strong>μὲν</strong></span> <span class='ocrx_word' id='word_1_171' title='bbox 1471 2426 1754 2496; x_wconf 69' lang='grc' dir='ltr'><strong>τδστόμα,</strong></span> 
     </span>
    </p>
   </div>
   <div class='ocr_carea' id='block_1_24' title="bbox 184 2518 1758 2590">
    <p class='ocr_par' dir='ltr' id='par_1_24' title="bbox 184 2518 1758 2590">
     <span class='ocr_line' id='line_1_24' title="bbox 184 2518 1758 2590; baseline 0.003 -19"><span class='ocrx_word' id='word_1_172' title='bbox 184 2519 452 2585; x_wconf 76' lang='grc' dir='ltr'><strong>ἀγαπᾶται</strong></span> <span class='ocrx_word' id='word_1_173' title='bbox 484 2519 541 2572; x_wconf 80' lang='grc' dir='ltr'><strong>δὲ</strong></span> <span class='ocrx_word' id='word_1_174' title='bbox 575 2519 637 2571; x_wconf 84' lang='grc' dir='ltr'><strong>τὸ</strong></span> <span class='ocrx_word' id='word_1_175' title='bbox 670 2518 947 2588; x_wconf 84' lang='grc' dir='ltr'><strong>νόμισμα·</strong></span> <span class='ocrx_word' id='word_1_176' title='bbox 983 2519 1046 2572; x_wconf 82' lang='grc' dir='ltr'><strong>τὸ</strong></span> <span class='ocrx_word' id='word_1_177' title='bbox 1082 2521 1270 2590; x_wconf 77' lang='grc' dir='ltr'><strong>σχῆμα</strong></span> <span class='ocrx_word' id='word_1_178' title='bbox 1312 2519 1631 2585; x_wconf 80' lang='grc' dir='ltr'><strong>διαθέσεως,</strong></span> <span class='ocrx_word' id='word_1_179' title='bbox 1663 2523 1758 2575; x_wconf 70' lang='grc' dir='ltr'><strong>καὶ</strong></span> 
     </span>
    </p>
   </div>
   <div class='ocr_carea' id='block_1_25' title="bbox 183 2608 1761 2682">
    <p class='ocr_par' dir='ltr' id='par_1_25' title="bbox 183 2608 1761 2682">
     <span class='ocr_line' id='line_1_25' title="bbox 183 2608 1761 2682; baseline 0.004 -20"><span class='ocrx_word' id='word_1_180' title='bbox 183 2610 235 2662; x_wconf 72' lang='grc' dir='ltr'><strong>τὸ</strong></span> <span class='ocrx_word' id='word_1_181' title='bbox 260 2610 415 2681; x_wconf 75' lang='grc' dir='ltr'><strong>ἔργον</strong></span> <span class='ocrx_word' id='word_1_182' title='bbox 446 2608 786 2675; x_wconf 77' lang='grc' dir='ltr'><strong>πλεονεξίας.</strong></span> <span class='ocrx_word' id='word_1_183' title='bbox 817 2610 988 2665; x_wconf 82' lang='grc' dir='ltr'><strong>Ἔνθα</strong></span> <span class='ocrx_word' id='word_1_184' title='bbox 1015 2612 1071 2665; x_wconf 83' lang='grc' dir='ltr'><strong>δὲ</strong></span> <span class='ocrx_word' id='word_1_185' title='bbox 1099 2612 1317 2682; x_wconf 85' lang='grc' dir='ltr'><strong>καθαρά</strong></span> <span class='ocrx_word' id='word_1_186' title='bbox 1347 2613 1504 2682; x_wconf 84' lang='grc' dir='ltr'><strong>φιλία</strong></span> <span class='ocrx_word' id='word_1_187' title='bbox 1532 2615 1625 2667; x_wconf 77' lang='grc' dir='ltr'><strong>καὶ</strong></span> <span class='ocrx_word' id='word_1_188' title='bbox 1647 2614 1761 2668; x_wconf 83' lang='grc' dir='ltr'><strong>ἄδο-</strong></span> 
     </span>
    </p>
   </div>
   <div class='ocr_carea' id='block_1_26' title="bbox 182 2700 1754 2777">
    <p class='ocr_par' dir='ltr' id='par_1_26' title="bbox 182 2700 1754 2777">
     <span class='ocr_line' id='line_1_26' title="bbox 182 2700 1754 2777; baseline 0.005 -25"><span class='ocrx_word' id='word_1_189' title='bbox 182 2700 283 2765; x_wconf 80' lang='grc' dir='ltr'><strong>λος,</strong></span> <span class='ocrx_word' id='word_1_190' title='bbox 322 2702 545 2773; x_wconf 83' lang='grc' dir='ltr'><strong>ἄμισθοι</strong></span> <span class='ocrx_word' id='word_1_191' title='bbox 594 2704 691 2756; x_wconf 69' lang='grc' dir='ltr'><strong>καὶ</strong></span> <span class='ocrx_word' id='word_1_192' title='bbox 733 2703 987 2774; x_wconf 86' lang='grc' dir='ltr'><strong>ἀκερδεῖς</strong></span> <span class='ocrx_word' id='word_1_193' title='bbox 1029 2704 1168 2757; x_wconf 87' lang='grc' dir='ltr'><strong>είσιν</strong></span> <span class='ocrx_word' id='word_1_194' title='bbox 1214 2705 1271 2757; x_wconf 84' lang='grc' dir='ltr'><strong>αἱ</strong></span> <span class='ocrx_word' id='word_1_195' title='bbox 1316 2705 1754 2777; x_wconf 81' lang='grc' dir='ltr'><strong>φιλοφρονήσεις.</strong></span> 
     </span>
    </p>
   </div>
   <div class='ocr_carea' id='block_1_27' title="bbox 186 2794 1761 2867">
    <p class='ocr_par' dir='ltr' id='par_1_27' title="bbox 186 2794 1761 2867">
     <span class='ocr_line' id='line_1_27' title="bbox 186 2794 1761 2867; baseline 0.004 -21"><span class='ocrx_word' id='word_1_196' title='bbox 186 2796 540 2866; x_wconf 81' lang='grc' dir='ltr'><strong>Περιφέρεται</strong></span> <span class='ocrx_word' id='word_1_197' title='bbox 585 2794 723 2865; x_wconf 78' lang='grc' dir='ltr'><strong>γοῦν</strong></span> <span class='ocrx_word' id='word_1_198' title='bbox 777 2797 913 2851; x_wconf 81' lang='grc' dir='ltr'><strong>πολὺ</strong></span> <span class='ocrx_word' id='word_1_199' title='bbox 967 2797 1271 2867; x_wconf 81' lang='grc' dir='ltr'><strong>πανταχοῦ,</strong></span> <span class='ocrx_word' id='word_1_200' title='bbox 1319 2799 1413 2851; x_wconf 75' lang='grc' dir='ltr'><strong>καὶ</strong></span> <span class='ocrx_word' id='word_1_201' title='bbox 1461 2798 1661 2851; x_wconf 82' lang='grc' dir='ltr'><strong>δίδοται</strong></span> <span class='ocrx_word' id='word_1_202' title='bbox 1698 2799 1761 2853; x_wconf 81' lang='grc' dir='ltr'><strong>τὸ</strong></span> 
     </span>
    </p>
   </div>
   <div class='ocr_carea' id='block_1_28' title="bbox 184 2888 1763 2960">
    <p class='ocr_par' dir='ltr' id='par_1_28' title="bbox 184 2888 1763 2960">
     <span class='ocr_line' id='line_1_28' title="bbox 184 2888 1763 2960; baseline 0.002 -22"><span class='ocrx_word' id='word_1_203' title='bbox 184 2888 392 2955; x_wconf 80' lang='grc' dir='ltr'><strong>χρυσίον</strong></span> <span class='ocrx_word' id='word_1_204' title='bbox 411 2905 426 2919; x_wconf 90' lang='grc'><strong>·</strong></span> <span class='ocrx_word' id='word_1_205' title='bbox 457 2888 735 2959; x_wconf 72' lang='grc' dir='ltr'><strong>πρόφασις</strong></span> <span class='ocrx_word' id='word_1_206' title='bbox 761 2888 819 2941; x_wconf 84' lang='grc' dir='ltr'><strong>δὲ</strong></span> <span class='ocrx_word' id='word_1_207' title='bbox 848 2888 1032 2942; x_wconf 84' lang='grc' dir='ltr'><strong>δικαία</strong></span> <span class='ocrx_word' id='word_1_208' title='bbox 1058 2891 1153 2942; x_wconf 66' lang='grc' dir='ltr'><strong>καὶ</strong></span> <span class='ocrx_word' id='word_1_209' title='bbox 1186 2889 1468 2960; x_wconf 79' lang='grc' dir='ltr'><strong>εὐπρεπὴς</strong></span> <span class='ocrx_word' id='word_1_210' title='bbox 1496 2890 1591 2943; x_wconf 78' lang='grc' dir='ltr'><strong>τοῦ</strong></span> <span class='ocrx_word' id='word_1_211' title='bbox 1621 2890 1763 2960; x_wconf 80' lang='grc' dir='ltr'><strong>λήμο</strong></span> 
     </span>
    </p>
   </div>
   <div class='ocr_carea' id='block_1_29' title="bbox 188 2974 1757 3048">
    <p class='ocr_par' dir='ltr' id='par_1_29' title="bbox 188 2974 1757 3048">
     <span class='ocr_line' id='line_1_29' title="bbox 188 2974 1757 3048; baseline 0.004 -22"><span class='ocrx_word' id='word_1_212' title='bbox 188 2992 361 3043; x_wconf 84' lang='grc' dir='ltr'><strong>ματος,</strong></span> <span class='ocrx_word' id='word_1_213' title='bbox 402 2974 531 3029; x_wconf 70' lang='grc' dir='ltr'><strong>οὔτε</strong></span> <span class='ocrx_word' id='word_1_214' title='bbox 567 2975 737 3040; x_wconf 77' lang='grc' dir='ltr'><strong>ἔστιν,</strong></span> <span class='ocrx_word' id='word_1_215' title='bbox 772 2975 897 3030; x_wconf 74' lang='grc' dir='ltr'><strong>οὔτε</strong></span> <span class='ocrx_word' id='word_1_216' title='bbox 929 2977 1172 3045; x_wconf 83' lang='grc' dir='ltr'><strong>λέγεται.</strong></span> <span class='ocrx_word' id='word_1_217' title='bbox 1226 2976 1408 3048; x_wconf 83' lang='grc' dir='ltr'><strong>Γάμος</strong></span> <span class='ocrx_word' id='word_1_218' title='bbox 1449 2979 1549 3032; x_wconf 84' lang='grc' dir='ltr'><strong>οὐκ</strong></span> <span class='ocrx_word' id='word_1_219' title='bbox 1588 2978 1757 3042; x_wconf 77' lang='grc' dir='ltr'><strong>ἔστιν,</strong></span> 
     </span>
    </p>
   </div>
   <div class='ocr_carea' id='block_1_30' title="bbox 186 3062 1761 3141">
    <p class='ocr_par' dir='ltr' id='par_1_30' title="bbox 186 3062 1761 3141">
     <span class='ocr_line' id='line_1_30' title="bbox 186 3062 1761 3141; baseline 0.005 -26"><span class='ocrx_word' id='word_1_220' title='bbox 186 3062 265 3116; x_wconf 81' lang='grc' dir='ltr'><strong>ἵνα</strong></span> <span class='ocrx_word' id='word_1_221' title='bbox 295 3066 529 3136; x_wconf 75' lang='grc' dir='ltr'><strong>νυμφίου</strong></span> <span class='ocrx_word' id='word_1_222' title='bbox 562 3082 650 3129; x_wconf 91' lang='grc' dir='ltr'><strong>τις</strong></span> <span class='ocrx_word' id='word_1_223' title='bbox 694 3065 901 3139; x_wconf 83' lang='grc' dir='ltr'><strong>γαύρου</strong></span> <span class='ocrx_word' id='word_1_224' title='bbox 948 3066 1152 3139; x_wconf 73' lang='grc' dir='ltr'><strong>καλέσῃ</strong></span> <span class='ocrx_word' id='word_1_225' title='bbox 1190 3065 1521 3139; x_wconf 78' lang='grc' dir='ltr'><strong>φιλοτιμίαν.</strong></span> <span class='ocrx_word' id='word_1_226' title='bbox 1572 3069 1761 3141; x_wconf 83' lang='grc' dir='ltr'><strong>Ἐλεη-</strong></span> 
     </span>
    </p>
   </div>
   <div class='ocr_carea' id='block_1_31' title="bbox 190 3155 1754 3234">
    <p class='ocr_par' dir='ltr' id='par_1_31' title="bbox 190 3155 1754 3234">
     <span class='ocr_line' id='line_1_31' title="bbox 190 3155 1754 3234; baseline 0.004 -25"><span class='ocrx_word' id='word_1_227' title='bbox 190 3155 415 3228; x_wconf 71' lang='grc' dir='ltr'><strong>μοσύνην</strong></span> <span class='ocrx_word' id='word_1_228' title='bbox 441 3158 545 3211; x_wconf 82' lang='grc' dir='ltr'><strong>οὐκ</strong></span> <span class='ocrx_word' id='word_1_229' title='bbox 578 3155 688 3228; x_wconf 78' lang='grc' dir='ltr'><strong>ἔχω</strong></span> <span class='ocrx_word' id='word_1_230' title='bbox 730 3158 917 3227; x_wconf 80' lang='grc' dir='ltr'><strong>καλεῖν</strong></span> <span class='ocrx_word' id='word_1_231' title='bbox 943 3157 1042 3230; x_wconf 78' lang='grc' dir='ltr'><strong>τὴν</strong></span> <span class='ocrx_word' id='word_1_232' title='bbox 1092 3158 1373 3229; x_wconf 76' lang='grc' dir='ltr'><strong>δαπάνηνο</strong></span> <span class='ocrx_word' id='word_1_233' title='bbox 1423 3159 1601 3225; x_wconf 73' lang='grc' dir='ltr'><strong>οὐδεὶς</strong></span> <span class='ocrx_word' id='word_1_234' title='bbox 1643 3163 1754 3234; x_wconf 85' lang='grc' dir='ltr'><strong>γὰρ</strong></span> 
     </span>
    </p>
   </div>
   <div class='ocr_carea' id='block_1_32' title="bbox 3333 376 3439 436">
    <p class='ocr_par' dir='ltr' id='par_1_32' title="bbox 3333 376 3439 436">
     <span class='ocr_line' id='line_1_32' title="bbox 3333 376 3439 436; baseline 0.009 -1"><span class='ocrx_word' id='word_1_235' title='bbox 3333 376 3439 436; x_wconf 68' lang='grc'><strong>218</strong></span> 
     </span>
    </p>
   </div>
   <div class='ocr_carea' id='block_1_33' title="bbox 1924 491 3437 565">
    <p class='ocr_par' dir='ltr' id='par_1_33' title="bbox 1924 491 3437 565">
     <span class='ocr_line' id='line_1_33' title="bbox 1924 491 3437 565; baseline 0.005 -22"><span class='ocrx_word' id='word_1_236' title='bbox 1924 491 2045 545; x_wconf 73' lang='lat' dir='ltr'><strong>Ilrcc</strong></span> <span class='ocrx_word' id='word_1_237' title='bbox 2081 496 2263 563; x_wconf 66' lang='lat' dir='ltr'><strong>itaque</strong></span> <span class='ocrx_word' id='word_1_238' title='bbox 2291 494 2485 563; x_wconf 75' lang='lat' dir='ltr'><strong>publici</strong></span> <span class='ocrx_word' id='word_1_239' title='bbox 2535 496 2653 549; x_wconf 79' lang='lat' dir='ltr'><strong>festi</strong></span> <span class='ocrx_word' id='word_1_240' title='bbox 2687 494 2767 549; x_wconf 72' lang='lat' dir='ltr'><strong>lex</strong></span> <span class='ocrx_word' id='word_1_241' title='bbox 2800 506 2914 551; x_wconf 89' lang='lat' dir='ltr'><strong>est:</strong></span> <span class='ocrx_word' id='word_1_242' title='bbox 2949 496 3206 565; x_wconf 86' lang='lat' dir='ltr'><strong>primum.</strong></span> <span class='ocrx_word' id='word_1_243' title='bbox 3239 508 3437 554; x_wconf 82' lang='lat' dir='ltr'><strong>ulcer-</strong></span> 
     </span>
    </p>
   </div>
   <div class='ocr_carea' id='block_1_34' title="bbox 1860 590 3435 659">
    <p class='ocr_par' dir='ltr' id='par_1_34' title="bbox 1860 590 3435 659">
     <span class='ocr_line' id='line_1_34' title="bbox 1860 590 3435 659; baseline 0.003 -20"><span class='ocrx_word' id='word_1_244' title='bbox 1860 603 1943 641; x_wconf 90' lang='lat' dir='ltr'><strong>tus</strong></span> <span class='ocrx_word' id='word_1_245' title='bbox 1977 592 2048 643; x_wconf 70' lang='lat' dir='ltr'><strong>sit</strong></span> <span class='ocrx_word' id='word_1_246' title='bbox 2076 607 2140 644; x_wconf 86' lang='lat' dir='ltr'><strong>ac</strong></span> <span class='ocrx_word' id='word_1_247' title='bbox 2170 591 2490 646; x_wconf 77' lang='lat' dir='ltr'><strong>manifestus</strong></span> <span class='ocrx_word' id='word_1_248' title='bbox 2512 590 2627 659; x_wconf 83' lang='lat' dir='ltr'><strong>ejus</strong></span> <span class='ocrx_word' id='word_1_249' title='bbox 2664 607 2888 659; x_wconf 78' lang='lat' dir='ltr'><strong>scopus;</strong></span> <span class='ocrx_word' id='word_1_250' title='bbox 2923 602 3057 654; x_wconf 87' lang='lat' dir='ltr'><strong>tum,</strong></span> <span class='ocrx_word' id='word_1_251' title='bbox 3114 602 3172 645; x_wconf 85' lang='grc' dir='ltr'>ιιι</span> <span class='ocrx_word' id='word_1_252' title='bbox 3215 594 3287 646; x_wconf 89' lang='lat' dir='ltr'><strong>sit</strong></span> <span class='ocrx_word' id='word_1_253' title='bbox 3320 608 3435 647; x_wconf 85' lang='lat' dir='ltr'><strong>0m-</strong></span> 
     </span>
    </p>
   </div>
   <div class='ocr_carea' id='block_1_35' title="bbox 1859 682 3439 754">
    <p class='ocr_par' dir='ltr' id='par_1_35' title="bbox 1859 682 3439 754">
     <span class='ocr_line' id='line_1_35' title="bbox 1859 682 3439 754; baseline 0.006 -23"><span class='ocrx_word' id='word_1_254' title='bbox 1859 682 2006 733; x_wconf 84' lang='lat' dir='ltr'><strong>ttiuttl</strong></span> <span class='ocrx_word' id='word_1_255' title='bbox 2054 684 2359 736; x_wconf 83' lang='lat' dir='ltr'><strong>conuuunis</strong></span> <span class='ocrx_word' id='word_1_256' title='bbox 2406 685 2589 737; x_wconf 72' lang='lat' dir='ltr'><strong>lzt-tilia</strong></span> <span class='ocrx_word' id='word_1_257' title='bbox 2618 727 2632 747; x_wconf 89' lang='lat'><strong>,</strong></span> <span class='ocrx_word' id='word_1_258' title='bbox 2682 700 2786 736; x_wconf 88' lang='lat' dir='ltr'><strong>non</strong></span> <span class='ocrx_word' id='word_1_259' title='bbox 2840 694 2897 736; x_wconf 90' lang='lat' dir='ltr'><strong>ut</strong></span> <span class='ocrx_word' id='word_1_260' title='bbox 2953 686 3119 754; x_wconf 86' lang='lat' dir='ltr'><strong>aliqui</strong></span> <span class='ocrx_word' id='word_1_261' title='bbox 3155 685 3206 738; x_wconf 89' lang='lat' dir='ltr'><strong>iu</strong></span> <span class='ocrx_word' id='word_1_262' title='bbox 3242 686 3439 752; x_wconf 75' lang='lat' dir='ltr'><strong>gaudio</strong></span> 
     </span>
    </p>
   </div>
   <div class='ocr_carea' id='block_1_36' title="bbox 1854 773 3411 835">
    <p class='ocr_par' dir='ltr' id='par_1_36' title="bbox 1854 773 3411 835">
     <span class='ocr_line' id='line_1_36' title="bbox 1854 773 3411 835; baseline 0.005 -10"><span class='ocrx_word' id='word_1_263' title='bbox 1854 773 1958 825; x_wconf 83' lang='lat' dir='ltr'><strong>sint</strong></span> <span class='ocrx_word' id='word_1_264' title='bbox 1981 814 1996 835; x_wconf 87' lang='lat'><strong>,</strong></span> <span class='ocrx_word' id='word_1_265' title='bbox 2031 774 2210 828; x_wconf 70' lang='lat' dir='ltr'><strong>caeteri</strong></span> <span class='ocrx_word' id='word_1_266' title='bbox 2241 776 2290 828; x_wconf 92' lang='lat' dir='ltr'><strong>in</strong></span> <span class='ocrx_word' id='word_1_267' title='bbox 2326 790 2558 829; x_wconf 71' lang='lat' dir='ltr'><strong>mwrore</strong></span> <span class='ocrx_word' id='word_1_268' title='bbox 2593 792 2656 830; x_wconf 87' lang='lat' dir='ltr'><strong>ac</strong></span> <span class='ocrx_word' id='word_1_269' title='bbox 2684 777 2850 831; x_wconf 88' lang='lat' dir='ltr'><strong>luctu.</strong></span> <span class='ocrx_word' id='word_1_270' title='bbox 2902 775 2956 828; x_wconf 90' lang='lat' dir='ltr'><strong>ld</strong></span> <span class='ocrx_word' id='word_1_271' title='bbox 2979 780 3120 831; x_wconf 89' lang='lat' dir='ltr'><strong>enim</strong></span> <span class='ocrx_word' id='word_1_272' title='bbox 3148 778 3292 832; x_wconf 90' lang='lat' dir='ltr'><strong>bello</strong></span> <span class='ocrx_word' id='word_1_273' title='bbox 3326 794 3411 833; x_wconf 84' lang='lat' dir='ltr'><strong>ma</strong></span> 
     </span>
    </p>
   </div>
   <div class='ocr_carea' id='block_1_37' title="bbox 1856 867 3442 936">
    <p class='ocr_par' dir='ltr' id='par_1_37' title="bbox 1856 867 3442 936">
     <span class='ocr_line' id='line_1_37' title="bbox 1856 867 3442 936; baseline 0.004 -22"><span class='ocrx_word' id='word_1_274' title='bbox 1856 867 1959 934; x_wconf 75' lang='lat' dir='ltr'><strong>gis,</strong></span> <span class='ocrx_word' id='word_1_275' title='bbox 1991 879 2152 931; x_wconf 85' lang='lat' dir='ltr'><strong>quam</strong></span> <span class='ocrx_word' id='word_1_276' title='bbox 2189 868 2325 922; x_wconf 74' lang='lat' dir='ltr'><strong>festo</strong></span> <span class='ocrx_word' id='word_1_277' title='bbox 2348 868 2633 936; x_wconf 74' lang='lat' dir='ltr'><strong>congruit;</strong></span> <span class='ocrx_word' id='word_1_278' title='bbox 2666 867 2719 920; x_wconf 90' lang='lat' dir='ltr'><strong>in</strong></span> <span class='ocrx_word' id='word_1_279' title='bbox 2763 882 2869 934; x_wconf 87' lang='lat' dir='ltr'><strong>quo</strong></span> <span class='ocrx_word' id='word_1_280' title='bbox 2909 882 3131 922; x_wconf 87' lang='lat' dir='ltr'><strong>necesse</strong></span> <span class='ocrx_word' id='word_1_281' title='bbox 3155 880 3240 923; x_wconf 88' lang='lat' dir='ltr'><strong>est</strong></span> <span class='ocrx_word' id='word_1_282' title='bbox 3263 869 3442 923; x_wconf 82' lang='lat' dir='ltr'><strong>&#39;victo-</strong></span> 
     </span>
    </p>
   </div>
   <div class='ocr_carea' id='block_1_38' title="bbox 1861 956 3436 1026">
    <p class='ocr_par' dir='ltr' id='par_1_38' title="bbox 1861 956 3436 1026">
     <span class='ocr_line' id='line_1_38' title="bbox 1861 956 3436 1026; baseline 0.004 -20"><span class='ocrx_word' id='word_1_283' title='bbox 1861 971 1944 1007; x_wconf 75' lang='lat' dir='ltr'><strong>res</strong></span> <span class='ocrx_word' id='word_1_284' title='bbox 1972 956 2264 1021; x_wconf 69' lang='lat' dir='ltr'><strong>exsultare,</strong></span> <span class='ocrx_word' id='word_1_285' title='bbox 2303 972 2469 1026; x_wconf 86' lang='lat' dir='ltr'><strong>seque</strong></span> <span class='ocrx_word' id='word_1_286' title='bbox 2489 973 2551 1012; x_wconf 75' lang='lat' dir='ltr'><strong>ex</strong></span> <span class='ocrx_word' id='word_1_287' title='bbox 2589 958 2814 1011; x_wconf 73' lang='lat' dir='ltr'><strong>victoria</strong></span> <span class='ocrx_word' id='word_1_288' title='bbox 2865 958 3150 1025; x_wconf 79' lang='lat' dir='ltr'><strong>magniﬁce</strong></span> <span class='ocrx_word' id='word_1_289' title='bbox 3208 958 3436 1026; x_wconf 72' lang='lat' dir='ltr'><strong>efferre;</strong></span> 
     </span>
    </p>
   </div>
   <div class='ocr_carea' id='block_1_39' title="bbox 1858 1049 3432 1119">
    <p class='ocr_par' dir='ltr' id='par_1_39' title="bbox 1858 1049 3432 1119">
     <span class='ocr_line' id='line_1_39' title="bbox 1858 1049 3432 1119; baseline 0.004 -20"><span class='ocrx_word' id='word_1_290' title='bbox 1858 1049 2031 1100; x_wconf 82' lang='lat' dir='ltr'><strong>victos</strong></span> <span class='ocrx_word' id='word_1_291' title='bbox 2070 1064 2197 1103; x_wconf 74' lang='lat' dir='ltr'><strong>vero</strong></span> <span class='ocrx_word' id='word_1_292' title='bbox 2224 1050 2431 1104; x_wconf 91' lang='lat' dir='ltr'><strong>cladem</strong></span> <span class='ocrx_word' id='word_1_293' title='bbox 2464 1066 2617 1104; x_wconf 86' lang='lat' dir='ltr'><strong>suam</strong></span> <span class='ocrx_word' id='word_1_294' title='bbox 2655 1065 2718 1104; x_wconf 87' lang='lat' dir='ltr'><strong>ac</strong></span> <span class='ocrx_word' id='word_1_295' title='bbox 2744 1050 3110 1105; x_wconf 83' lang='lat' dir='ltr'><strong>calamitatem</strong></span> <span class='ocrx_word' id='word_1_296' title='bbox 3139 1051 3432 1119; x_wconf 81' lang='lat' dir='ltr'><strong>deplorare.</strong></span> 
     </span>
    </p>
   </div>
   <div class='ocr_carea' id='block_1_40' title="bbox 1859 1140 3460 1212">
    <p class='ocr_par' dir='ltr' id='par_1_40' title="bbox 1859 1140 3460 1212">
     <span class='ocr_line' id='line_1_40' title="bbox 1859 1140 3460 1212; baseline 0.002 -19"><span class='ocrx_word' id='word_1_297' title='bbox 1859 1140 2169 1206; x_wconf 76' lang='lat' dir='ltr'><strong>Enimvero,</strong></span> <span class='ocrx_word' id='word_1_298' title='bbox 2207 1142 2348 1211; x_wconf 89' lang='lat' dir='ltr'><strong>quod</strong></span> <span class='ocrx_word' id='word_1_299' title='bbox 2378 1144 2444 1196; x_wconf 85' lang='lat' dir='ltr'><strong>ad</strong></span> <span class='ocrx_word' id='word_1_300' title='bbox 2479 1143 2612 1196; x_wconf 84' lang='lat' dir='ltr'><strong>istos</strong></span> <span class='ocrx_word' id='word_1_301' title='bbox 2639 1144 2754 1199; x_wconf 84' lang='lat' dir='ltr'><strong>dies</strong></span> <span class='ocrx_word' id='word_1_302' title='bbox 2774 1151 3005 1212; x_wconf 79' lang='lat' dir='ltr'><strong>spectat,</strong></span> <span class='ocrx_word' id='word_1_303' title='bbox 3032 1144 3323 1199; x_wconf 90' lang='lat' dir='ltr'><strong>obscurum</strong></span> <span class='ocrx_word' id='word_1_304' title='bbox 3353 1156 3460 1199; x_wconf 70' lang='lat' dir='ltr'><strong>est,</strong></span> 
     </span>
    </p>
   </div>
   <div class='ocr_carea' id='block_1_41' title="bbox 1856 1232 3434 1301">
    <p class='ocr_par' dir='ltr' id='par_1_41' title="bbox 1856 1232 3434 1301">
     <span class='ocr_line' id='line_1_41' title="bbox 1856 1232 3434 1301; baseline 0.004 -18"><span class='ocrx_word' id='word_1_305' title='bbox 1856 1247 1921 1285; x_wconf 88' lang='lat' dir='ltr'><strong>ac</strong></span> <span class='ocrx_word' id='word_1_306' title='bbox 1951 1232 2237 1294; x_wconf 84' lang='lat' dir='ltr'><strong>incertum,</strong></span> <span class='ocrx_word' id='word_1_307' title='bbox 2266 1248 2370 1301; x_wconf 87' lang='lat' dir='ltr'><strong>qna</strong></span> <span class='ocrx_word' id='word_1_308' title='bbox 2418 1249 2482 1287; x_wconf 74' lang='lat' dir='ltr'><strong>ex</strong></span> <span class='ocrx_word' id='word_1_309' title='bbox 2522 1248 2683 1287; x_wconf 87' lang='lat' dir='ltr'><strong>causa</strong></span> <span class='ocrx_word' id='word_1_310' title='bbox 2740 1235 3028 1290; x_wconf 73' lang='lat' dir='ltr'><strong>celebritas</strong></span> <span class='ocrx_word' id='word_1_311' title='bbox 3068 1235 3311 1289; x_wconf 85' lang='lat' dir='ltr'><strong>instituta</strong></span> <span class='ocrx_word' id='word_1_312' title='bbox 3344 1236 3434 1289; x_wconf 79' lang='lat' dir='ltr'><strong>sit.</strong></span> 
     </span>
    </p>
   </div>
   <div class='ocr_carea' id='block_1_42' title="bbox 1856 1321 3437 1392">
    <p class='ocr_par' dir='ltr' id='par_1_42' title="bbox 1856 1321 3437 1392">
     <span class='ocr_line' id='line_1_42' title="bbox 1856 1321 3437 1392; baseline 0.003 -17"><span class='ocrx_word' id='word_1_313' title='bbox 1856 1321 1989 1375; x_wconf 82' lang='lat' dir='ltr'><strong>Nam</strong></span> <span class='ocrx_word' id='word_1_314' title='bbox 2020 1323 2236 1387; x_wconf 70' lang='lat' dir='ltr'><strong>fabulae,</strong></span> <span class='ocrx_word' id='word_1_315' title='bbox 2287 1339 2407 1392; x_wconf 70' lang='lat' dir='ltr'><strong>quae</strong></span> <span class='ocrx_word' id='word_1_316' title='bbox 2449 1326 2630 1380; x_wconf 73' lang='lat' dir='ltr'><strong>niultaa</strong></span> <span class='ocrx_word' id='word_1_317' title='bbox 2679 1337 2991 1391; x_wconf 72' lang='lat' dir='ltr'><strong>narrantur,</strong></span> <span class='ocrx_word' id='word_1_318' title='bbox 3048 1342 3169 1382; x_wconf 83' lang='lat' dir='ltr'><strong>sese</strong></span> <span class='ocrx_word' id='word_1_319' title='bbox 3207 1328 3437 1382; x_wconf 86' lang='lat' dir='ltr'><strong>invicem</strong></span> 
     </span>
    </p>
   </div>
   <div class='ocr_carea' id='block_1_43' title="bbox 1856 1420 3439 1492">
    <p class='ocr_par' dir='ltr' id='par_1_43' title="bbox 1856 1420 3439 1492">
     <span class='ocr_line' id='line_1_43' title="bbox 1856 1420 3439 1492; baseline 0.003 -17"><span class='ocrx_word' id='word_1_320' title='bbox 1856 1420 2014 1475; x_wconf 78' lang='lat' dir='ltr'><strong>facile</strong></span> <span class='ocrx_word' id='word_1_321' title='bbox 2030 1421 2375 1485; x_wconf 76' lang='lat' dir='ltr'><strong>subrertunt,</strong></span> <span class='ocrx_word' id='word_1_322' title='bbox 2402 1438 2500 1477; x_wconf 90' lang='lat' dir='ltr'><strong>nec</strong></span> <span class='ocrx_word' id='word_1_323' title='bbox 2520 1423 2815 1492; x_wconf 80' lang='lat' dir='ltr'><strong>quidquam</strong></span> <span class='ocrx_word' id='word_1_324' title='bbox 2841 1424 2950 1478; x_wconf 86' lang='lat' dir='ltr'><strong>veri</strong></span> <span class='ocrx_word' id='word_1_325' title='bbox 2974 1424 3194 1479; x_wconf 84' lang='lat' dir='ltr'><strong>habent.</strong></span> <span class='ocrx_word' id='word_1_326' title='bbox 3216 1424 3439 1488; x_wconf 85' lang='lat' dir='ltr'><strong>Deinde,</strong></span> 
     </span>
    </p>
   </div>
   <div class='ocr_carea' id='block_1_44' title="bbox 1854 1513 3439 1584">
    <p class='ocr_par' dir='ltr' id='par_1_44' title="bbox 1854 1513 3439 1584">
     <span class='ocr_line' id='line_1_44' title="bbox 1854 1513 3439 1584; baseline 0.001 -17"><span class='ocrx_word' id='word_1_327' title='bbox 1854 1528 1976 1567; x_wconf 89' lang='lat' dir='ltr'><strong>cum</strong></span> <span class='ocrx_word' id='word_1_328' title='bbox 2008 1527 2208 1579; x_wconf 85' lang='lat' dir='ltr'><strong>paucos</strong></span> <span class='ocrx_word' id='word_1_329' title='bbox 2239 1513 2527 1567; x_wconf 82' lang='lat' dir='ltr'><strong>admodum</strong></span> <span class='ocrx_word' id='word_1_330' title='bbox 2557 1516 2740 1584; x_wconf 72' lang='lat' dir='ltr'><strong>gaudii</strong></span> <span class='ocrx_word' id='word_1_331' title='bbox 2773 1523 3077 1583; x_wconf 74' lang='lat' dir='ltr'><strong>compotes,</strong></span> <span class='ocrx_word' id='word_1_332' title='bbox 3114 1524 3224 1568; x_wconf 89' lang='lat' dir='ltr'><strong>tum</strong></span> <span class='ocrx_word' id='word_1_333' title='bbox 3257 1513 3439 1581; x_wconf 83' lang='lat' dir='ltr'><strong>plures</strong></span> 
     </span>
    </p>
   </div>
   <div class='ocr_carea' id='block_1_45' title="bbox 1856 1605 3438 1676">
    <p class='ocr_par' dir='ltr' id='par_1_45' title="bbox 1856 1605 3438 1676">
     <span class='ocr_line' id='line_1_45' title="bbox 1856 1605 3438 1676; baseline -0.002 -17"><span class='ocrx_word' id='word_1_334' title='bbox 1856 1605 2014 1676; x_wconf 76' lang='lat' dir='ltr'><strong>lOnge</strong></span> <span class='ocrx_word' id='word_1_335' title='bbox 2050 1606 2230 1661; x_wconf 85' lang='lat' dir='ltr'><strong>tristes</strong></span> <span class='ocrx_word' id='word_1_336' title='bbox 2259 1605 2536 1675; x_wconf 85' lang='lat' dir='ltr'><strong>animique</strong></span> <span class='ocrx_word' id='word_1_337' title='bbox 2564 1622 2736 1675; x_wconf 67' lang='lat' dir='ltr'><strong>aegros</strong></span> <span class='ocrx_word' id='word_1_338' title='bbox 2776 1608 2955 1671; x_wconf 82' lang='lat' dir='ltr'><strong>video,</strong></span> <span class='ocrx_word' id='word_1_339' title='bbox 2989 1622 3293 1675; x_wconf 85' lang='lat' dir='ltr'><strong>quanquam</strong></span> <span class='ocrx_word' id='word_1_340' title='bbox 3321 1606 3438 1659; x_wconf 67' lang='lat' dir='ltr'><strong>laeta</strong></span> 
     </span>
    </p>
   </div>
   <div class='ocr_carea' id='block_1_46' title="bbox 1860 1696 3438 1767">
    <p class='ocr_par' dir='ltr' id='par_1_46' title="bbox 1860 1696 3438 1767">
     <span class='ocr_line' id='line_1_46' title="bbox 1860 1696 3438 1767; baseline 0 -16"><span class='ocrx_word' id='word_1_341' title='bbox 1860 1712 2168 1765; x_wconf 86' lang='lat' dir='ltr'><strong>serenaque</strong></span> <span class='ocrx_word' id='word_1_342' title='bbox 2200 1696 2380 1751; x_wconf 79' lang='lat' dir='ltr'><strong>fronte</strong></span> <span class='ocrx_word' id='word_1_343' title='bbox 2402 1698 2646 1751; x_wconf 81' lang='lat' dir='ltr'><strong>dolorem</strong></span> <span class='ocrx_word' id='word_1_344' title='bbox 2683 1706 2870 1767; x_wconf 82' lang='lat' dir='ltr'><strong>tegunt</strong></span> <span class='ocrx_word' id='word_1_345' title='bbox 2902 1706 3065 1764; x_wconf 85' lang='lat' dir='ltr'><strong>atque</strong></span> <span class='ocrx_word' id='word_1_346' title='bbox 3094 1697 3438 1751; x_wconf 85' lang='lat' dir='ltr'><strong>obumbrant:</strong></span> 
     </span>
    </p>
   </div>
   <div class='ocr_carea' id='block_1_47' title="bbox 1860 1772 3444 1857">
    <p class='ocr_par' dir='ltr' id='par_1_47' title="bbox 1860 1772 3444 1857">
     <span class='ocr_line' id='line_1_47' title="bbox 1860 1772 3444 1857; baseline -0.001 -17"><span class='ocrx_word' id='word_1_347' title='bbox 1860 1788 2042 1841; x_wconf 84' lang='lat' dir='ltr'><strong>omnia</strong></span> <span class='ocrx_word' id='word_1_348' title='bbox 2074 1772 2309 1856; x_wconf 82' lang='lat' dir='ltr'><strong>denique</strong></span> <span class='ocrx_word' id='word_1_349' title='bbox 2331 1789 2558 1857; x_wconf 80' lang='lat' dir='ltr'><strong>strepitu</strong></span> <span class='ocrx_word' id='word_1_350' title='bbox 2589 1788 2744 1856; x_wconf 85' lang='lat' dir='ltr'><strong>plena</strong></span> <span class='ocrx_word' id='word_1_351' title='bbox 2798 1804 2861 1841; x_wconf 88' lang='lat' dir='ltr'><strong>ac</strong></span> <span class='ocrx_word' id='word_1_352' title='bbox 2915 1788 3170 1850; x_wconf 88' lang='lat' dir='ltr'><strong>tumultu,</strong></span> <span class='ocrx_word' id='word_1_353' title='bbox 3204 1786 3444 1840; x_wconf 78' lang='lat' dir='ltr'><strong>turbam-</strong></span> 
     </span>
    </p>
   </div>
   <div class='ocr_carea' id='block_1_48' title="bbox 1858 1880 2923 1947">
    <p class='ocr_par' dir='ltr' id='par_1_48' title="bbox 1858 1880 2923 1947">
     <span class='ocr_line' id='line_1_48' title="bbox 1858 1880 2923 1947; baseline 0.002 -16"><span class='ocrx_word' id='word_1_354' title='bbox 1858 1892 1962 1946; x_wconf 89' lang='lat' dir='ltr'><strong>que</strong></span> <span class='ocrx_word' id='word_1_355' title='bbox 1987 1892 2174 1932; x_wconf 89' lang='lat' dir='ltr'><strong>mutuo</strong></span> <span class='ocrx_word' id='word_1_356' title='bbox 2205 1894 2265 1932; x_wconf 87' lang='lat' dir='ltr'><strong>se</strong></span> <span class='ocrx_word' id='word_1_357' title='bbox 2308 1889 2510 1932; x_wconf 75' lang='lat' dir='ltr'><strong>temere</strong></span> <span class='ocrx_word' id='word_1_358' title='bbox 2537 1880 2923 1947; x_wconf 77' lang='lat' dir='ltr'><strong>impellentem.</strong></span> 
     </span>
    </p>
   </div>
   <div class='ocr_carea' id='block_1_49' title="bbox 1925 1968 3439 2040">
    <p class='ocr_par' dir='ltr' id='par_1_49' title="bbox 1925 1968 3439 2040">
     <span class='ocr_line' id='line_1_49' title="bbox 1925 1968 3439 2040; baseline -0.001 -18"><span class='ocrx_word' id='word_1_359' title='bbox 1925 1969 1994 2022; x_wconf 82' lang='lat' dir='ltr'><strong>At</strong></span> <span class='ocrx_word' id='word_1_360' title='bbox 2017 1980 2098 2023; x_wconf 86' lang='lat' dir='ltr'><strong>cst</strong></span> <span class='ocrx_word' id='word_1_361' title='bbox 2122 1970 2246 2024; x_wconf 86' lang='lat' dir='ltr'><strong>anni</strong></span> <span class='ocrx_word' id='word_1_362' title='bbox 2264 1971 2493 2026; x_wconf 73' lang='lat' dir='ltr'><strong>ineuntis</strong></span> <span class='ocrx_word' id='word_1_363' title='bbox 2520 1972 2632 2022; x_wconf 75' lang='lat' dir='ltr'><strong>laeta</strong></span> <span class='ocrx_word' id='word_1_364' title='bbox 2658 1971 2902 2040; x_wconf 63' lang='lat' dir='ltr'><strong>quaedam</strong></span> <span class='ocrx_word' id='word_1_365' title='bbox 2929 1969 3251 2025; x_wconf 83' lang='lat' dir='ltr'><strong>recordatio.</strong></span> <span class='ocrx_word' id='word_1_366' title='bbox 3270 1968 3439 2036; x_wconf 79' lang='lat' dir='ltr'><strong>Quam</strong></span> 
     </span>
    </p>
   </div>
   <div class='ocr_carea' id='block_1_50' title="bbox 1856 2060 3445 2130">
    <p class='ocr_par' dir='ltr' id='par_1_50' title="bbox 1856 2060 3445 2130">
     <span class='ocr_line' id='line_1_50' title="bbox 1856 2060 3445 2130; baseline -0.002 -14"><span class='ocrx_word' id='word_1_367' title='bbox 1856 2063 1999 2121; x_wconf 71' lang='lat' dir='ltr'><strong>laeta,</strong></span> <span class='ocrx_word' id='word_1_368' title='bbox 2035 2078 2239 2130; x_wconf 69' lang='lat' dir='ltr'><strong>quaeso,</strong></span> <span class='ocrx_word' id='word_1_369' title='bbox 2264 2063 2400 2117; x_wconf 84' lang='lat' dir='ltr'><strong>bone</strong></span> <span class='ocrx_word' id='word_1_370' title='bbox 2431 2063 2550 2117; x_wconf 85' lang='lat' dir='ltr'><strong>vir?</strong></span> <span class='ocrx_word' id='word_1_371' title='bbox 2578 2062 2817 2115; x_wconf 90' lang='lat' dir='ltr'><strong>Primum</strong></span> <span class='ocrx_word' id='word_1_372' title='bbox 2852 2070 2910 2115; x_wconf 93' lang='lat' dir='ltr'><strong>ut</strong></span> <span class='ocrx_word' id='word_1_373' title='bbox 2958 2076 3282 2130; x_wconf 80' lang='lat' dir='ltr'><strong>congressus</strong></span> <span class='ocrx_word' id='word_1_374' title='bbox 3307 2060 3445 2113; x_wconf 65' lang='lat' dir='ltr'><strong>ima»</strong></span> 
     </span>
    </p>
   </div>
   <div class='ocr_carea' id='block_1_51' title="bbox 1856 2150 3441 2223">
    <p class='ocr_par' dir='ltr' id='par_1_51' title="bbox 1856 2150 3441 2223">
     <span class='ocr_line' id='line_1_51' title="bbox 1856 2150 3441 2223; baseline -0.003 -16"><span class='ocrx_word' id='word_1_375' title='bbox 1856 2154 2036 2223; x_wconf 74' lang='lat' dir='ltr'><strong>ginem</strong></span> <span class='ocrx_word' id='word_1_376' title='bbox 2068 2153 2503 2222; x_wconf 82' lang='lat' dir='ltr'><strong>cogitaverimus,</strong></span> <span class='ocrx_word' id='word_1_377' title='bbox 2529 2154 2703 2222; x_wconf 88' lang='lat' dir='ltr'><strong>qualis</strong></span> <span class='ocrx_word' id='word_1_378' title='bbox 2756 2153 2845 2205; x_wconf 81' lang='lat' dir='ltr'><strong>illa</strong></span> <span class='ocrx_word' id='word_1_379' title='bbox 2882 2168 3041 2223; x_wconf 80' lang='lat' dir='ltr'><strong>rogo;</strong></span> <span class='ocrx_word' id='word_1_380' title='bbox 3093 2163 3256 2221; x_wconf 87' lang='lat' dir='ltr'><strong>utque</strong></span> <span class='ocrx_word' id='word_1_381' title='bbox 3288 2150 3441 2222; x_wconf 78' lang='lat' dir='ltr'><strong>plena</strong></span> 
     </span>
    </p>
   </div>
   <div class='ocr_carea' id='block_1_52' title="bbox 1859 2244 3447 2315">
    <p class='ocr_par' dir='ltr' id='par_1_52' title="bbox 1859 2244 3447 2315">
     <span class='ocr_line' id='line_1_52' title="bbox 1859 2244 3447 2315; baseline -0.003 -14"><span class='ocrx_word' id='word_1_382' title='bbox 1859 2246 2205 2315; x_wconf 89' lang='lat' dir='ltr'><strong>suspicionis,</strong></span> <span class='ocrx_word' id='word_1_383' title='bbox 2234 2263 2297 2302; x_wconf 84' lang='lat' dir='ltr'><strong>ac</strong></span> <span class='ocrx_word' id='word_1_384' title='bbox 2328 2247 2549 2301; x_wconf 89' lang='lat' dir='ltr'><strong>minime</strong></span> <span class='ocrx_word' id='word_1_385' title='bbox 2594 2247 2804 2302; x_wconf 87' lang='lat' dir='ltr'><strong>amica!</strong></span> <span class='ocrx_word' id='word_1_386' title='bbox 2865 2245 3134 2300; x_wconf 77' lang='lat' dir='ltr'><strong>Salut‘atio</strong></span> <span class='ocrx_word' id='word_1_387' title='bbox 3177 2246 3319 2299; x_wconf 87' lang='lat' dir='ltr'><strong>tenui</strong></span> <span class='ocrx_word' id='word_1_388' title='bbox 3364 2244 3447 2298; x_wconf 82' lang='lat' dir='ltr'><strong>in-</strong></span> 
     </span>
    </p>
   </div>
   <div class='ocr_carea' id='block_1_53' title="bbox 1859 2338 3446 2409">
    <p class='ocr_par' dir='ltr' id='par_1_53' title="bbox 1859 2338 3446 2409">
     <span class='ocr_line' id='line_1_53' title="bbox 1859 2338 3446 2409; baseline -0.002 -16"><span class='ocrx_word' id='word_1_389' title='bbox 1859 2339 2175 2409; x_wconf 85' lang='lat' dir='ltr'><strong>clinataqne</strong></span> <span class='ocrx_word' id='word_1_390' title='bbox 2205 2353 2337 2394; x_wconf 89' lang='lat' dir='ltr'><strong>voce</strong></span> <span class='ocrx_word' id='word_1_391' title='bbox 2371 2338 2529 2394; x_wconf 83' lang='lat' dir='ltr'><strong>labiis</strong></span> <span class='ocrx_word' id='word_1_392' title='bbox 2557 2341 2830 2409; x_wconf 78' lang='lat' dir='ltr'><strong>profertur</strong></span> <span class='ocrx_word' id='word_1_393' title='bbox 2855 2355 2870 2405; x_wconf 91' lang='lat'><strong>;</strong></span> <span class='ocrx_word' id='word_1_394' title='bbox 2913 2340 3261 2409; x_wconf 84' lang='lat' dir='ltr'><strong>succeditque</strong></span> <span class='ocrx_word' id='word_1_395' title='bbox 3284 2353 3446 2393; x_wconf 89' lang='lat' dir='ltr'><strong>oscu-</strong></span> 
     </span>
    </p>
   </div>
   <div class='ocr_carea' id='block_1_54' title="bbox 1861 2430 3443 2499">
    <p class='ocr_par' dir='ltr' id='par_1_54' title="bbox 1861 2430 3443 2499">
     <span class='ocr_line' id='line_1_54' title="bbox 1861 2430 3443 2499; baseline -0.003 -13"><span class='ocrx_word' id='word_1_396' title='bbox 1861 2433 1969 2486; x_wconf 89' lang='lat' dir='ltr'><strong>lum</strong></span> <span class='ocrx_word' id='word_1_397' title='bbox 1996 2432 2235 2487; x_wconf 90' lang='lat' dir='ltr'><strong>muneris</strong></span> <span class='ocrx_word' id='word_1_398' title='bbox 2266 2431 2507 2497; x_wconf 87' lang='lat' dir='ltr'><strong>initium;</strong></span> <span class='ocrx_word' id='word_1_399' title='bbox 2534 2446 2597 2485; x_wconf 87' lang='lat' dir='ltr'><strong>ac</strong></span> <span class='ocrx_word' id='word_1_400' title='bbox 2630 2430 2873 2484; x_wconf 88' lang='lat' dir='ltr'><strong>suavium</strong></span> <span class='ocrx_word' id='word_1_401' title='bbox 2908 2430 3124 2499; x_wconf 85' lang='lat' dir='ltr'><strong>quidem</strong></span> <span class='ocrx_word' id='word_1_402' title='bbox 3166 2431 3443 2499; x_wconf 74' lang='lat' dir='ltr'><strong>pangitur;</strong></span> 
     </span>
    </p>
   </div>
   <div class='ocr_carea' id='block_1_55' title="bbox 1863 2519 3444 2592">
    <p class='ocr_par' dir='ltr' id='par_1_55' title="bbox 1863 2519 3444 2592">
     <span class='ocr_line' id='line_1_55' title="bbox 1863 2519 3444 2592; baseline -0.003 -15"><span class='ocrx_word' id='word_1_403' title='bbox 1863 2523 2091 2592; x_wconf 80' lang='lat' dir='ltr'><strong>pecunia</strong></span> <span class='ocrx_word' id='word_1_404' title='bbox 2146 2532 2327 2577; x_wconf 87' lang='lat' dir='ltr'><strong>autem</strong></span> <span class='ocrx_word' id='word_1_405' title='bbox 2380 2522 2696 2590; x_wconf 76' lang='lat' dir='ltr'><strong>eXpetitur:</strong></span> <span class='ocrx_word' id='word_1_406' title='bbox 2748 2522 3083 2587; x_wconf 87' lang='lat' dir='ltr'><strong>obtentuqne</strong></span> <span class='ocrx_word' id='word_1_407' title='bbox 3141 2519 3444 2585; x_wconf 86' lang='lat' dir='ltr'><strong>charitatis,</strong></span> 
     </span>
    </p>
   </div>
   <div class='ocr_carea' id='block_1_56' title="bbox 1861 2604 3450 2682">
    <p class='ocr_par' dir='ltr' id='par_1_56' title="bbox 1861 2604 3450 2682">
     <span class='ocr_line' id='line_1_56' title="bbox 1861 2604 3450 2682; baseline -0.004 -13"><span class='ocrx_word' id='word_1_408' title='bbox 1861 2604 2105 2671; x_wconf 57' lang='lat' dir='ltr'><strong>avaritia)</strong></span> <span class='ocrx_word' id='word_1_409' title='bbox 2131 2614 2340 2668; x_wconf 86' lang='lat' dir='ltr'><strong>litatur.</strong></span> <span class='ocrx_word' id='word_1_410' title='bbox 2379 2612 2513 2667; x_wconf 85' lang='lat' dir='ltr'><strong>Nam</strong></span> <span class='ocrx_word' id='word_1_411' title='bbox 2546 2627 2678 2682; x_wconf 85' lang='lat' dir='ltr'><strong>pura</strong></span> <span class='ocrx_word' id='word_1_412' title='bbox 2714 2627 2778 2666; x_wconf 87' lang='lat' dir='ltr'><strong>ac</strong></span> <span class='ocrx_word' id='word_1_413' title='bbox 2808 2612 3023 2665; x_wconf 85' lang='lat' dir='ltr'><strong>sincera</strong></span> <span class='ocrx_word' id='word_1_414' title='bbox 3061 2611 3323 2675; x_wconf 78' lang='lat' dir='ltr'><strong>amicitia,</strong></span> <span class='ocrx_word' id='word_1_415' title='bbox 3347 2610 3450 2663; x_wconf 88' lang='lat' dir='ltr'><strong>hn-</strong></span> 
     </span>
    </p>
   </div>
   <div class='ocr_carea' id='block_1_57' title="bbox 1864 2700 3447 2771">
    <p class='ocr_par' dir='ltr' id='par_1_57' title="bbox 1864 2700 3447 2771">
     <span class='ocr_line' id='line_1_57' title="bbox 1864 2700 3447 2771; baseline -0.005 -10"><span class='ocrx_word' id='word_1_416' title='bbox 1864 2708 2143 2761; x_wconf 84' lang='lat' dir='ltr'><strong>manitatis</strong></span> <span class='ocrx_word' id='word_1_417' title='bbox 2174 2704 2349 2761; x_wconf 75' lang='lat' dir='ltr'><strong>ofﬁcia</strong></span> <span class='ocrx_word' id='word_1_418' title='bbox 2386 2719 2490 2759; x_wconf 89' lang='lat' dir='ltr'><strong>non</strong></span> <span class='ocrx_word' id='word_1_419' title='bbox 2526 2703 2745 2769; x_wconf 78' lang='lat' dir='ltr'><strong>vendit;</strong></span> <span class='ocrx_word' id='word_1_420' title='bbox 2798 2702 2967 2771; x_wconf 77' lang='lat' dir='ltr'><strong>gratis</strong></span> <span class='ocrx_word' id='word_1_421' title='bbox 2990 2708 3290 2771; x_wconf 73' lang='lat' dir='ltr'><strong>prmstatac</strong></span> <span class='ocrx_word' id='word_1_422' title='bbox 3313 2700 3447 2754; x_wconf 88' lang='lat' dir='ltr'><strong>citra</strong></span> 
     </span>
    </p>
   </div>
   <div class='ocr_carea' id='block_1_58' title="bbox 1863 2792 3450 2863">
    <p class='ocr_par' dir='ltr' id='par_1_58' title="bbox 1863 2792 3450 2863">
     <span class='ocr_line' id='line_1_58' title="bbox 1863 2792 3450 2863; baseline -0.005 -9"><span class='ocrx_word' id='word_1_423' title='bbox 1863 2799 2193 2855; x_wconf 87' lang='lat' dir='ltr'><strong>mercedem.</strong></span> <span class='ocrx_word' id='word_1_424' title='bbox 2223 2795 2622 2852; x_wconf 83' lang='lat' dir='ltr'><strong>Circumfertnr</strong></span> <span class='ocrx_word' id='word_1_425' title='bbox 2662 2795 2842 2861; x_wconf 79' lang='lat' dir='ltr'><strong>itaque</strong></span> <span class='ocrx_word' id='word_1_426' title='bbox 2887 2794 3088 2863; x_wconf 78' lang='lat' dir='ltr'><strong>passim</strong></span> <span class='ocrx_word' id='word_1_427' title='bbox 3122 2807 3184 2845; x_wconf 86' lang='lat' dir='ltr'><strong>ac</strong></span> <span class='ocrx_word' id='word_1_428' title='bbox 3217 2792 3450 2846; x_wconf 88' lang='lat' dir='ltr'><strong>donatur</strong></span> 
     </span>
    </p>
   </div>
   <div class='ocr_carea' id='block_1_59' title="bbox 1862 2881 3447 2959">
    <p class='ocr_par' dir='ltr' id='par_1_59' title="bbox 1862 2881 3447 2959">
     <span class='ocr_line' id='line_1_59' title="bbox 1862 2881 3447 2959; baseline -0.005 -16"><span class='ocrx_word' id='word_1_429' title='bbox 1862 2891 1980 2944; x_wconf 84' lang='lat' dir='ltr'><strong>auri</strong></span> <span class='ocrx_word' id='word_1_430' title='bbox 2022 2905 2213 2959; x_wconf 74' lang='lat' dir='ltr'><strong>magna</strong></span> <span class='ocrx_word' id='word_1_431' title='bbox 2250 2887 2436 2957; x_wconf 81' lang='lat' dir='ltr'><strong>capia;</strong></span> <span class='ocrx_word' id='word_1_432' title='bbox 2500 2884 2644 2939; x_wconf 90' lang='lat' dir='ltr'><strong>nullo</strong></span> <span class='ocrx_word' id='word_1_433' title='bbox 2701 2893 2880 2938; x_wconf 83' lang='lat' dir='ltr'><strong>tamen</strong></span> <span class='ocrx_word' id='word_1_434' title='bbox 2932 2882 3082 2952; x_wconf 83' lang='lat' dir='ltr'><strong>justo</strong></span> <span class='ocrx_word' id='word_1_435' title='bbox 3133 2882 3312 2949; x_wconf 76' lang='lat' dir='ltr'><strong>aliquo</strong></span> <span class='ocrx_word' id='word_1_436' title='bbox 3362 2881 3447 2935; x_wconf 88' lang='lat' dir='ltr'><strong>vel</strong></span> 
     </span>
    </p>
   </div>
   <div class='ocr_carea' id='block_1_60' title="bbox 1863 2973 3445 3054">
    <p class='ocr_par' dir='ltr' id='par_1_60' title="bbox 1863 2973 3445 3054">
     <span class='ocr_line' id='line_1_60' title="bbox 1863 2973 3445 3054; baseline -0.007 -15"><span class='ocrx_word' id='word_1_437' title='bbox 1863 2983 2111 3054; x_wconf 86' lang='lat' dir='ltr'><strong>specioso</strong></span> <span class='ocrx_word' id='word_1_438' title='bbox 2143 2978 2453 3035; x_wconf 84' lang='lat' dir='ltr'><strong>donationis</strong></span> <span class='ocrx_word' id='word_1_439' title='bbox 2484 2976 2640 3031; x_wconf 89' lang='lat' dir='ltr'><strong>titulo</strong></span> <span class='ocrx_word' id='word_1_440' title='bbox 2670 2991 2735 3030; x_wconf 85' lang='lat' dir='ltr'><strong>ac</strong></span> <span class='ocrx_word' id='word_1_441' title='bbox 2784 2985 3070 3045; x_wconf 80' lang='lat' dir='ltr'><strong>praetextu.</strong></span> <span class='ocrx_word' id='word_1_442' title='bbox 3105 2973 3311 3042; x_wconf 79' lang='lat' dir='ltr'><strong>Nuptiae</strong></span> <span class='ocrx_word' id='word_1_443' title='bbox 3339 2989 3445 3028; x_wconf 90' lang='lat' dir='ltr'><strong>non</strong></span> 
     </span>
    </p>
   </div>
   <div class='ocr_carea' id='block_1_61' title="bbox 1864 3066 3449 3143">
    <p class='ocr_par' dir='ltr' id='par_1_61' title="bbox 1864 3066 3449 3143">
     <span class='ocr_line' id='line_1_61' title="bbox 1864 3066 3449 3143; baseline -0.009 -12"><span class='ocrx_word' id='word_1_444' title='bbox 1864 3086 2017 3139; x_wconf 88' lang='lat' dir='ltr'><strong>sunt,</strong></span> <span class='ocrx_word' id='word_1_445' title='bbox 2050 3090 2153 3130; x_wconf 88' lang='lat' dir='ltr'><strong>nec</strong></span> <span class='ocrx_word' id='word_1_446' title='bbox 2211 3071 2575 3143; x_wconf 83' lang='lat' dir='ltr'><strong>superbientis</strong></span> <span class='ocrx_word' id='word_1_447' title='bbox 2623 3069 2976 3124; x_wconf 86' lang='lat' dir='ltr'><strong>ambitionem</strong></span> <span class='ocrx_word' id='word_1_448' title='bbox 3026 3066 3211 3136; x_wconf 87' lang='lat' dir='ltr'><strong>sponsi</strong></span> <span class='ocrx_word' id='word_1_449' title='bbox 3253 3079 3449 3124; x_wconf 75' lang='lat' dir='ltr'><strong>vocare</strong></span> 
     </span>
    </p>
   </div>
   <div class='ocr_carea' id='block_1_62' title="bbox 1865 3161 3447 3239">
    <p class='ocr_par' dir='ltr' id='par_1_62' title="bbox 1865 3161 3447 3239">
     <span class='ocr_line' id='line_1_62' title="bbox 1865 3161 3447 3239; baseline -0.008 -17"><span class='ocrx_word' id='word_1_450' title='bbox 1865 3180 2042 3239; x_wconf 86' lang='lat' dir='ltr'><strong>potes.</strong></span> <span class='ocrx_word' id='word_1_451' title='bbox 2080 3165 2191 3222; x_wconf 83' lang='lat' dir='ltr'><strong>Nec</strong></span> <span class='ocrx_word' id='word_1_452' title='bbox 2216 3175 2299 3221; x_wconf 81' lang='lat' dir='ltr'><strong>est</strong></span> <span class='ocrx_word' id='word_1_453' title='bbox 2345 3165 2487 3220; x_wconf 89' lang='lat' dir='ltr'><strong>idem</strong></span> <span class='ocrx_word' id='word_1_454' title='bbox 2524 3162 2667 3233; x_wconf 89' lang='lat' dir='ltr'><strong>quod</strong></span> <span class='ocrx_word' id='word_1_455' title='bbox 2722 3161 3123 3231; x_wconf 81' lang='lat' dir='ltr'><strong>eleemosyuatn</strong></span> <span class='ocrx_word' id='word_1_456' title='bbox 3174 3169 3447 3229; x_wconf 86' lang='lat' dir='ltr'><strong>sumptum</strong></span> 
     </span>
    </p>
   </div>
   <div class='ocr_carea' id='block_1_63' title="bbox 188 3248 1764 3328">
    <p class='ocr_par' dir='ltr' id='par_1_63' title="bbox 188 3248 1763 3323">
     <span class='ocr_line' id='line_1_63' title="bbox 188 3248 1763 3323; baseline 0.003 -20"><span class='ocrx_word' id='word_1_457' title='bbox 188 3248 343 3321; x_wconf 74' lang='grc' dir='ltr'><strong>πένης</strong></span> <span class='ocrx_word' id='word_1_458' title='bbox 394 3250 619 3320; x_wconf 83' lang='grc' dir='ltr'><strong>ἀφίεται</strong></span> <span class='ocrx_word' id='word_1_459' title='bbox 668 3253 975 3321; x_wconf 75' lang='grc' dir='ltr'><strong>συμφορᾶς.</strong></span> <span class='ocrx_word' id='word_1_460' title='bbox 1022 3251 1386 3323; x_wconf 81' lang='grc' dir='ltr'><strong>Συνάλλαγμα</strong></span> <span class='ocrx_word' id='word_1_461' title='bbox 1428 3254 1526 3306; x_wconf 79' lang='grc' dir='ltr'><strong>οὐκ</strong></span> <span class='ocrx_word' id='word_1_462' title='bbox 1567 3253 1633 3307; x_wconf 84' lang='grc' dir='ltr'><strong>ἄν</strong></span> <span class='ocrx_word' id='word_1_463' title='bbox 1679 3273 1763 3319; x_wconf 87' lang='grc' dir='ltr'><strong>τις</strong></span> 
     </span>
    </p>
   </div>
   <div class='ocr_carea' id='block_1_64' title="bbox 1862 3248 3450 3328">
    <p class='ocr_par' dir='ltr' id='par_1_64' title="bbox 1873 3250 3450 3328">
     <span class='ocr_line' id='line_1_64' title="bbox 1873 3250 3450 3328; baseline -0.008 -14"><span class='ocrx_word' id='word_1_464' title='bbox 1873 3260 2021 3314; x_wconf 90' lang='lat' dir='ltr'><strong>illum</strong></span> <span class='ocrx_word' id='word_1_465' title='bbox 2057 3258 2411 3328; x_wconf 85' lang='lat' dir='ltr'><strong>appellemus,</strong></span> <span class='ocrx_word' id='word_1_466' title='bbox 2442 3257 2584 3309; x_wconf 91' lang='lat' dir='ltr'><strong>unde</strong></span> <span class='ocrx_word' id='word_1_467' title='bbox 2615 3252 2819 3307; x_wconf 74' lang='lat' dir='ltr'><strong>mullum</strong></span> <span class='ocrx_word' id='word_1_468' title='bbox 2854 3250 3180 3323; x_wconf 86' lang='lat' dir='ltr'><strong>pauperibus</strong></span> <span class='ocrx_word' id='word_1_469' title='bbox 3206 3263 3450 3303; x_wconf 88' lang='lat' dir='ltr'><strong>commo-</strong></span> 
     </span>
    </p>
   </div>
   <div class='ocr_carea' id='block_1_65' title="bbox 188 3339 1754 3414">
    <p class='ocr_par' dir='ltr' id='par_1_65' title="bbox 188 3339 1754 3414">
     <span class='ocr_line' id='line_1_65' title="bbox 188 3339 1754 3414; baseline 0.002 -22"><span class='ocrx_word' id='word_1_470' title='bbox 188 3340 452 3394; x_wconf 79' lang='grc' dir='ltr'><strong>καλέσειεν</strong></span> <span class='ocrx_word' id='word_1_471' title='bbox 482 3340 546 3392; x_wconf 83' lang='grc' dir='ltr'><strong>τὸ</strong></span> <span class='ocrx_word' id='word_1_472' title='bbox 572 3340 890 3411; x_wconf 83' lang='grc' dir='ltr'><strong>γινόμενον·</strong></span> <span class='ocrx_word' id='word_1_473' title='bbox 927 3340 1080 3414; x_wconf 82' lang='grc' dir='ltr'><strong>οὐδὲν</strong></span> <span class='ocrx_word' id='word_1_474' title='bbox 1112 3339 1222 3411; x_wconf 83' lang='grc' dir='ltr'><strong>γὰρ</strong></span> <span class='ocrx_word' id='word_1_475' title='bbox 1249 3340 1590 3411; x_wconf 78' lang='grc' dir='ltr'><strong>διαμείϐουσι</strong></span> <span class='ocrx_word' id='word_1_476' title='bbox 1618 3343 1754 3414; x_wconf 74' lang='grc' dir='ltr'><strong>πρὸς</strong></span> 
     </span>
    </p>
   </div>
   <div class='ocr_carea' id='block_1_66' title="bbox 186 3412 1757 3505">
    <p class='ocr_par' dir='ltr' id='par_1_66' title="bbox 186 3412 1757 3505">
     <span class='ocr_line' id='line_1_66' title="bbox 186 3412 1757 3505; baseline 0.002 -21"><span class='ocrx_word' id='word_1_477' title='bbox 186 3430 430 3500; x_wconf 73' lang='grc' dir='ltr'><strong>ἀλλήλους</strong></span> <span class='ocrx_word' id='word_1_478' title='bbox 461 3431 525 3484; x_wconf 79' lang='grc' dir='ltr'><strong>τὸ</strong></span> <span class='ocrx_word' id='word_1_479' title='bbox 558 3430 779 3500; x_wconf 84' lang='grc' dir='ltr'><strong>πλῆθος.</strong></span> <span class='ocrx_word' id='word_1_480' title='bbox 822 3412 1043 3502; x_wconf 83' lang='grc' dir='ltr'><strong>Δωρεάν</strong></span> <span class='ocrx_word' id='word_1_481' title='bbox 1081 3430 1138 3484; x_wconf 86' lang='grc' dir='ltr'><strong>δὲ</strong></span> <span class='ocrx_word' id='word_1_482' title='bbox 1184 3433 1377 3497; x_wconf 75' lang='grc' dir='ltr'><strong>εἰπεῖν,</strong></span> <span class='ocrx_word' id='word_1_483' title='bbox 1422 3433 1544 3485; x_wconf 82' lang='grc' dir='ltr'><strong>οὐδὲ</strong></span> <span class='ocrx_word' id='word_1_484' title='bbox 1594 3412 1757 3505; x_wconf 43' lang='grc' dir='ltr'><strong>μέχρι</strong></span> 
     </span>
    </p>
   </div>
   <div class='ocr_carea' id='block_1_67' title="bbox 186 3521 1761 3595">
    <p class='ocr_par' dir='ltr' id='par_1_67' title="bbox 186 3521 1761 3595">
     <span class='ocr_line' id='line_1_67' title="bbox 186 3521 1761 3595; baseline 0.003 -22"><span class='ocrx_word' id='word_1_485' title='bbox 186 3522 296 3575; x_wconf 78' lang='grc' dir='ltr'><strong>ὅτου</strong></span> <span class='ocrx_word' id='word_1_486' title='bbox 323 3523 552 3584; x_wconf 87' lang='grc' dir='ltr'><strong>δίκαιον,</strong></span> <span class='ocrx_word' id='word_1_487' title='bbox 586 3521 716 3575; x_wconf 74' lang='grc' dir='ltr'><strong>ἔνθα</strong></span> <span class='ocrx_word' id='word_1_488' title='bbox 749 3522 1103 3588; x_wconf 75' lang='grc' dir='ltr'><strong>συνέζευκται</strong></span> <span class='ocrx_word' id='word_1_489' title='bbox 1137 3523 1352 3595; x_wconf 82' lang='grc' dir='ltr'><strong>ἀνάγκη</strong></span> <span class='ocrx_word' id='word_1_490' title='bbox 1391 3525 1458 3595; x_wconf 74' lang='grc' dir='ltr'><strong>τῇ</strong></span> <span class='ocrx_word' id='word_1_491' title='bbox 1487 3524 1652 3579; x_wconf 83' lang='grc' dir='ltr'><strong>δόσει.</strong></span> <span class='ocrx_word' id='word_1_492' title='bbox 1694 3523 1761 3577; x_wconf 90' lang='grc' dir='ltr'><strong>Τί</strong></span> 
     </span>
    </p>
   </div>
   <div class='ocr_carea' id='block_1_68' title="bbox 190 3606 1753 3691">
    <p class='ocr_par' dir='ltr' id='par_1_68' title="bbox 190 3606 1753 3691">
     <span class='ocr_line' id='line_1_68' title="bbox 190 3606 1753 3691; baseline 0.003 -23"><span class='ocrx_word' id='word_1_493' title='bbox 190 3616 378 3678; x_wconf 86' lang='grc' dir='ltr'><strong>τοίνυν,</strong></span> <span class='ocrx_word' id='word_1_494' title='bbox 414 3616 448 3688; x_wconf 84' lang='grc' dir='ltr'>ἦ</span> <span class='ocrx_word' id='word_1_495' title='bbox 473 3617 577 3688; x_wconf 75' lang='grc' dir='ltr'><strong>τὴν</strong></span> <span class='ocrx_word' id='word_1_496' title='bbox 611 3617 809 3688; x_wconf 79' lang='grc' dir='ltr'><strong>ἑορτὴν</strong></span> <span class='ocrx_word' id='word_1_497' title='bbox 841 3606 1186 3688; x_wconf 72' lang='grc' dir='ltr'><strong>καλέσωμεν,</strong></span> <span class='ocrx_word' id='word_1_498' title='bbox 1216 3617 1249 3689; x_wconf 76' lang='grc' dir='ltr'><strong>ἢ</strong></span> <span class='ocrx_word' id='word_1_499' title='bbox 1282 3616 1353 3671; x_wconf 86' lang='grc' dir='ltr'><strong>τὰ</strong></span> <span class='ocrx_word' id='word_1_500' title='bbox 1383 3620 1440 3671; x_wconf 74' lang='grc' dir='ltr'><strong>ὲν</strong></span> <span class='ocrx_word' id='word_1_501' title='bbox 1465 3617 1643 3691; x_wconf 78' lang='grc' dir='ltr'><strong>ταύτῃ</strong></span> <span class='ocrx_word' id='word_1_502' title='bbox 1668 3618 1753 3672; x_wconf 88' lang='grc' dir='ltr'><strong>δα-</strong></span> 
     </span>
    </p>
   </div>
   <div class='ocr_carea' id='block_1_69' title="bbox 192 3707 1762 3781">
    <p class='ocr_par' dir='ltr' id='par_1_69' title="bbox 192 3707 1762 3781">
     <span class='ocr_line' id='line_1_69' title="bbox 192 3707 1762 3781; baseline 0.001 -19"><span class='ocrx_word' id='word_1_503' title='bbox 192 3707 511 3779; x_wconf 76' lang='grc' dir='ltr'><strong>πανώμενας</strong></span> <span class='ocrx_word' id='word_1_504' title='bbox 562 3709 706 3778; x_wconf 84' lang='grc' dir='ltr'><strong>Ἐγὼ</strong></span> <span class='ocrx_word' id='word_1_505' title='bbox 751 3710 850 3779; x_wconf 80' lang='grc' dir='ltr'><strong>μὲν</strong></span> <span class='ocrx_word' id='word_1_506' title='bbox 889 3710 989 3780; x_wconf 79' lang='grc' dir='ltr'><strong>οὐχ</strong></span> <span class='ocrx_word' id='word_1_507' title='bbox 1024 3710 1287 3781; x_wconf 80' lang='grc' dir='ltr'><strong>εὑρίσκω.</strong></span> <span class='ocrx_word' id='word_1_508' title='bbox 1323 3709 1528 3765; x_wconf 77' lang='grc' dir='ltr'><strong>Εἴπατε</strong></span> <span class='ocrx_word' id='word_1_509' title='bbox 1570 3711 1661 3775; x_wconf 85' lang='grc' dir='ltr'><strong>δὲ,</strong></span> <span class='ocrx_word' id='word_1_510' title='bbox 1711 3712 1762 3764; x_wconf 82' lang='lat' dir='ltr'><strong>oi</strong></span> 
     </span>
    </p>
   </div>
   <div class='ocr_carea' id='block_1_70' title="bbox 190 3799 1762 3873">
    <p class='ocr_par' dir='ltr' id='par_1_70' title="bbox 190 3799 1762 3873">
     <span class='ocr_line' id='line_1_70' title="bbox 190 3799 1762 3873; baseline 0.004 -23"><span class='ocrx_word' id='word_1_511' title='bbox 190 3800 307 3872; x_wconf 73' lang='grc' dir='ltr'><strong>περὶ</strong></span> <span class='ocrx_word' id='word_1_512' title='bbox 334 3801 500 3873; x_wconf 80' lang='grc' dir='ltr'><strong>αὐτὴν</strong></span> <span class='ocrx_word' id='word_1_513' title='bbox 524 3800 920 3871; x_wconf 77' lang='grc' dir='ltr'><strong>ἐσπουδακότες</strong></span> <span class='ocrx_word' id='word_1_514' title='bbox 939 3817 951 3830; x_wconf 74' lang='grc' dir='ltr'><strong><em>ο</em></strong></span> <span class='ocrx_word' id='word_1_515' title='bbox 981 3800 1100 3854; x_wconf 88' lang='grc' dir='ltr'><strong>δότε</strong></span> <span class='ocrx_word' id='word_1_516' title='bbox 1128 3799 1309 3869; x_wconf 84' lang='grc' dir='ltr'><strong>λόγον,</strong></span> <span class='ocrx_word' id='word_1_517' title='bbox 1330 3800 1407 3865; x_wconf 85' lang='grc' dir='ltr'><strong>ὡς</strong></span> <span class='ocrx_word' id='word_1_518' title='bbox 1437 3803 1620 3872; x_wconf 80' lang='grc' dir='ltr'><strong>ἡμεῖς,</strong></span> <span class='ocrx_word' id='word_1_519' title='bbox 1650 3802 1762 3856; x_wconf 84' lang='grc' dir='ltr'><strong>τῶν</strong></span> 
     </span>
    </p>
   </div>
   <div class='ocr_carea' id='block_1_71' title="bbox 188 3885 1761 3962">
    <p class='ocr_par' dir='ltr' id='par_1_71' title="bbox 188 3885 1761 3962">
     <span class='ocr_line' id='line_1_71' title="bbox 188 3885 1761 3962; baseline 0.004 -24"><span class='ocrx_word' id='word_1_520' title='bbox 188 3885 439 3958; x_wconf 81' lang='grc' dir='ltr'><strong>ἀληθινῶν</strong></span> <span class='ocrx_word' id='word_1_521' title='bbox 498 3889 597 3942; x_wconf 84' lang='grc' dir='ltr'><strong>καὶ</strong></span> <span class='ocrx_word' id='word_1_522' title='bbox 661 3889 805 3943; x_wconf 82' lang='grc' dir='ltr'><strong>κατά</strong></span> <span class='ocrx_word' id='word_1_523' title='bbox 857 3888 990 3942; x_wconf 83' lang='grc' dir='ltr'><strong>Θεὸν</strong></span> <span class='ocrx_word' id='word_1_524' title='bbox 1053 3890 1436 3962; x_wconf 84' lang='grc' dir='ltr'><strong>πανηγύρεων.</strong></span> <span class='ocrx_word' id='word_1_525' title='bbox 1479 3891 1761 3945; x_wconf 84' lang='grc' dir='ltr'><strong>Γενέθλιον</strong></span> 
     </span>
    </p>
   </div>
   <div class='ocr_carea' id='block_1_72' title="bbox 187 3979 1762 4052">
    <p class='ocr_par' dir='ltr' id='par_1_72' title="bbox 187 3979 1762 4052">
     <span class='ocr_line' id='line_1_72' title="bbox 187 3979 1762 4052; baseline 0.005 -21"><span class='ocrx_word' id='word_1_526' title='bbox 187 3979 523 4051; x_wconf 71' lang='grc' dir='ltr'><strong>ἑορτάζομεν,</strong></span> <span class='ocrx_word' id='word_1_527' title='bbox 547 3980 737 4052; x_wconf 76' lang='grc' dir='ltr'><strong>ἐπειδὴ</strong></span> <span class='ocrx_word' id='word_1_528' title='bbox 763 3981 830 4035; x_wconf 85' lang='grc' dir='ltr'><strong>τὰ</strong></span> <span class='ocrx_word' id='word_1_529' title='bbox 850 3982 909 4033; x_wconf 80' lang='grc' dir='ltr'><strong>ἐν</strong></span> <span class='ocrx_word' id='word_1_530' title='bbox 927 3984 1093 4052; x_wconf 71' lang='grc' dir='ltr'><strong>σαρκὶ</strong></span> <span class='ocrx_word' id='word_1_531' title='bbox 1115 3982 1387 4052; x_wconf 83' lang='grc' dir='ltr'><strong>Θεοφάνια</strong></span> <span class='ocrx_word' id='word_1_532' title='bbox 1411 3982 1554 4037; x_wconf 83' lang='grc' dir='ltr'><strong>κατά</strong></span> <span class='ocrx_word' id='word_1_533' title='bbox 1569 3984 1762 4039; x_wconf 79' lang='grc' dir='ltr'><strong>τοῦτον</strong></span> 
     </span>
    </p>
   </div>
   <div class='ocr_carea' id='block_1_73' title="bbox 187 4071 1761 4149">
    <p class='ocr_par' dir='ltr' id='par_1_73' title="bbox 187 4071 1761 4149">
     <span class='ocr_line' id='line_1_73' title="bbox 187 4071 1761 4149; baseline 0.004 -24"><span class='ocrx_word' id='word_1_534' title='bbox 187 4071 270 4125; x_wconf 73' lang='grc' dir='ltr'><strong>τὸν</strong></span> <span class='ocrx_word' id='word_1_535' title='bbox 303 4073 489 4144; x_wconf 80' lang='grc' dir='ltr'><strong>χρόνον</strong></span> <span class='ocrx_word' id='word_1_536' title='bbox 542 4072 744 4141; x_wconf 73' lang='grc' dir='ltr'><strong>ἔδειξεν</strong></span> <span class='ocrx_word' id='word_1_537' title='bbox 795 4075 929 4145; x_wconf 78' lang='grc' dir='ltr'><strong>ἡμῖν</strong></span> <span class='ocrx_word' id='word_1_538' title='bbox 967 4076 995 4128; x_wconf 89' lang='grc' dir='ltr'><strong>ό</strong></span> <span class='ocrx_word' id='word_1_539' title='bbox 1039 4074 1192 4139; x_wconf 82' lang='grc' dir='ltr'><strong>Θεός.</strong></span> <span class='ocrx_word' id='word_1_540' title='bbox 1243 4076 1401 4130; x_wconf 83' lang='grc' dir='ltr'><strong>Φῶτα</strong></span> <span class='ocrx_word' id='word_1_541' title='bbox 1453 4079 1761 4149; x_wconf 82' lang='grc' dir='ltr'><strong>πανήγυριν</strong></span> 
     </span>
    </p>
   </div>
   <div class='ocr_carea' id='block_1_74' title="bbox 189 4156 1764 4239">
    <p class='ocr_par' dir='ltr' id='par_1_74' title="bbox 189 4156 1764 4239">
     <span class='ocr_line' id='line_1_74' title="bbox 189 4156 1764 4239; baseline 0.003 -21"><span class='ocrx_word' id='word_1_542' title='bbox 189 4156 393 4236; x_wconf 69' lang='grc' dir='ltr'><strong>ἄγομεν,</strong></span> <span class='ocrx_word' id='word_1_543' title='bbox 426 4167 614 4238; x_wconf 79' lang='grc' dir='ltr'><strong>ἐπειδὴ</strong></span> <span class='ocrx_word' id='word_1_544' title='bbox 641 4162 708 4239; x_wconf 80' lang='grc' dir='ltr'><strong>τῇ</strong></span> <span class='ocrx_word' id='word_1_545' title='bbox 733 4166 842 4221; x_wconf 86' lang='grc' dir='ltr'><strong>τῶν</strong></span> <span class='ocrx_word' id='word_1_546' title='bbox 868 4168 1285 4239; x_wconf 76' lang='grc' dir='ltr'><strong>ἁμαρτημάτων</strong></span> <span class='ocrx_word' id='word_1_547' title='bbox 1308 4168 1524 4236; x_wconf 57' lang='grc' dir='ltr'><strong>ἀφέσει,</strong></span> <span class='ocrx_word' id='word_1_548' title='bbox 1552 4165 1665 4222; x_wconf 74' lang='grc' dir='ltr'><strong>οἷον</strong></span> <span class='ocrx_word' id='word_1_549' title='bbox 1698 4172 1764 4223; x_wconf 85' lang='grc' dir='ltr'><strong>ἐκ</strong></span> 
     </span>
    </p>
   </div>
   <div class='ocr_carea' id='block_1_75' title="bbox 189 4259 1765 4333">
    <p class='ocr_par' dir='ltr' id='par_1_75' title="bbox 189 4259 1765 4333">
     <span class='ocr_line' id='line_1_75' title="bbox 189 4259 1765 4333; baseline 0.003 -23"><span class='ocrx_word' id='word_1_550' title='bbox 189 4260 452 4312; x_wconf 74' lang='grc' dir='ltr'><strong>σκοτεινοῦ</strong></span> <span class='ocrx_word' id='word_1_551' title='bbox 482 4277 629 4323; x_wconf 86' lang='grc' dir='ltr'><strong>τινος</strong></span> <span class='ocrx_word' id='word_1_552' title='bbox 653 4259 1030 4331; x_wconf 73' lang='grc' dir='ltr'><strong>δεσμωτηρίου</strong></span> <span class='ocrx_word' id='word_1_553' title='bbox 1057 4260 1151 4313; x_wconf 73' lang='grc' dir='ltr'><strong>τοῦ</strong></span> <span class='ocrx_word' id='word_1_554' title='bbox 1180 4262 1445 4332; x_wconf 82' lang='grc' dir='ltr'><strong>προτέρου</strong></span> <span class='ocrx_word' id='word_1_555' title='bbox 1465 4261 1601 4331; x_wconf 83' lang='grc' dir='ltr'><strong>βίου,</strong></span> <span class='ocrx_word' id='word_1_556' title='bbox 1627 4263 1765 4333; x_wconf 77' lang='grc' dir='ltr'><strong>πρὸς</strong></span> 
     </span>
    </p>
   </div>
   <div class='ocr_carea' id='block_1_76' title="bbox 186 4351 1765 4426">
    <p class='ocr_par' dir='ltr' id='par_1_76' title="bbox 186 4351 1765 4426">
     <span class='ocr_line' id='line_1_76' title="bbox 186 4351 1765 4426; baseline 0.003 -22"><span class='ocrx_word' id='word_1_557' title='bbox 186 4351 269 4404; x_wconf 68' lang='grc' dir='ltr'><strong>τον</strong></span> <span class='ocrx_word' id='word_1_558' title='bbox 296 4355 553 4423; x_wconf 56' lang='lat' dir='ltr'><strong>emta:va</strong></span> <span class='ocrx_word' id='word_1_559' title='bbox 587 4356 683 4407; x_wconf 73' lang='grc' dir='ltr'><strong>καὶ</strong></span> <span class='ocrx_word' id='word_1_560' title='bbox 713 4354 1010 4408; x_wconf 84' lang='grc' dir='ltr'><strong>ἀνεύθυνον</strong></span> <span class='ocrx_word' id='word_1_561' title='bbox 1036 4355 1372 4426; x_wconf 85' lang='grc' dir='ltr'><strong>ἀναγόμεθα.</strong></span> <span class='ocrx_word' id='word_1_562' title='bbox 1409 4356 1765 4420; x_wconf 78' lang='grc' dir='ltr'><strong>Καλλωπιζό-</strong></span> 
     </span>
    </p>
   </div>
   <div class='ocr_carea' id='block_1_77' title="bbox 192 4446 1765 4521">
    <p class='ocr_par' dir='ltr' id='par_1_77' title="bbox 192 4446 1765 4521">
     <span class='ocr_line' id='line_1_77' title="bbox 192 4446 1765 4521; baseline 0.004 -23"><span class='ocrx_word' id='word_1_563' title='bbox 192 4446 317 4500; x_wconf 70' lang='grc' dir='ltr'><strong>αεθα</strong></span> <span class='ocrx_word' id='word_1_564' title='bbox 348 4447 532 4513; x_wconf 77' lang='grc' dir='ltr'><strong>πάλιν,</strong></span> <span class='ocrx_word' id='word_1_565' title='bbox 563 4446 657 4500; x_wconf 69' lang='grc' dir='ltr'><strong>καὶ</strong></span> <span class='ocrx_word' id='word_1_566' title='bbox 698 4448 983 4519; x_wconf 85' lang='grc' dir='ltr'><strong>χαίροντες</strong></span> <span class='ocrx_word' id='word_1_567' title='bbox 1023 4449 1456 4521; x_wconf 76' lang='grc' dir='ltr'><strong>ἑμπομπεύομεν</strong></span> <span class='ocrx_word' id='word_1_568' title='bbox 1483 4452 1548 4520; x_wconf 78' lang='grc' dir='ltr'><strong>τῇ</strong></span> <span class='ocrx_word' id='word_1_569' title='bbox 1580 4450 1765 4521; x_wconf 75' lang='grc' dir='ltr'><strong>ἡμέρᾳ</strong></span> 
     </span>
    </p>
   </div>
   <div class='ocr_carea' id='block_1_78' title="bbox 191 4536 1762 4611">
    <p class='ocr_par' dir='ltr' id='par_1_78' title="bbox 191 4536 1762 4611">
     <span class='ocr_line' id='line_1_78' title="bbox 191 4536 1762 4611; baseline 0.003 -22"><span class='ocrx_word' id='word_1_570' title='bbox 191 4536 275 4606; x_wconf 82' lang='grc' dir='ltr'><strong>τῆς</strong></span> <span class='ocrx_word' id='word_1_571' title='bbox 303 4537 675 4601; x_wconf 72' lang='grc' dir='ltr'><strong>Ἀναστάσεως</strong></span> <span class='ocrx_word' id='word_1_572' title='bbox 697 4555 710 4570; x_wconf 70' lang='grc' dir='ltr'><strong>ν</strong></span> <span class='ocrx_word' id='word_1_573' title='bbox 741 4538 842 4610; x_wconf 81' lang='grc' dir='ltr'><strong>τὴν</strong></span> <span class='ocrx_word' id='word_1_574' title='bbox 875 4539 984 4611; x_wconf 87' lang='grc' dir='ltr'><strong>γὰρ</strong></span> <span class='ocrx_word' id='word_1_575' title='bbox 1011 4538 1325 4611; x_wconf 82' lang='grc' dir='ltr'><strong>ἀφθαρσίαν</strong></span> <span class='ocrx_word' id='word_1_576' title='bbox 1345 4543 1499 4611; x_wconf 79' lang='grc' dir='ltr'><strong>ἡμῖν,</strong></span> <span class='ocrx_word' id='word_1_577' title='bbox 1538 4542 1632 4593; x_wconf 70' lang='grc' dir='ltr'><strong>καὶ</strong></span> <span class='ocrx_word' id='word_1_578' title='bbox 1662 4542 1762 4611; x_wconf 76' lang='grc' dir='ltr'><strong>τὴν</strong></span> 
     </span>
    </p>
   </div>
   <div class='ocr_carea' id='block_1_79' title="bbox 189 4629 1762 4703">
    <p class='ocr_par' dir='ltr' id='par_1_79' title="bbox 189 4629 1762 4703">
     <span class='ocr_line' id='line_1_79' title="bbox 189 4629 1762 4703; baseline 0.004 -21"><span class='ocrx_word' id='word_1_579' title='bbox 189 4632 314 4699; x_wconf 73' lang='grc' dir='ltr'><strong>πρὸς</strong></span> <span class='ocrx_word' id='word_1_580' title='bbox 341 4629 401 4683; x_wconf 75' lang='grc' dir='ltr'><strong>τὸ</strong></span> <span class='ocrx_word' id='word_1_581' title='bbox 429 4633 681 4700; x_wconf 86' lang='grc' dir='ltr'><strong>κρεῖττον</strong></span> <span class='ocrx_word' id='word_1_582' title='bbox 704 4631 856 4702; x_wconf 85' lang='grc' dir='ltr'><strong>δηλοῖ</strong></span> <span class='ocrx_word' id='word_1_583' title='bbox 878 4630 1313 4703; x_wconf 68' lang='grc' dir='ltr'><strong>μετακόσμησιν.</strong></span> <span class='ocrx_word' id='word_1_584' title='bbox 1344 4632 1532 4697; x_wconf 78' lang='grc' dir='ltr'><strong>υῡτως</strong></span> <span class='ocrx_word' id='word_1_585' title='bbox 1558 4634 1762 4699; x_wconf 89' lang='grc' dir='ltr'><strong>ταύτας</strong></span> 
     </span>
    </p>
   </div>
   <div class='ocr_carea' id='block_1_80' title="bbox 188 4721 1760 4796">
    <p class='ocr_par' dir='ltr' id='par_1_80' title="bbox 188 4721 1760 4796">
     <span class='ocr_line' id='line_1_80' title="bbox 188 4721 1760 4796; baseline 0.003 -22"><span class='ocrx_word' id='word_1_586' title='bbox 188 4722 525 4794; x_wconf 71' lang='grc' dir='ltr'><strong>ἑορτάζομεν,</strong></span> <span class='ocrx_word' id='word_1_587' title='bbox 564 4722 741 4787; x_wconf 73' lang='grc' dir='ltr'><strong>οὕτως</strong></span> <span class='ocrx_word' id='word_1_588' title='bbox 785 4723 885 4787; x_wconf 87' lang='grc' dir='ltr'><strong>τάς</strong></span> <span class='ocrx_word' id='word_1_589' title='bbox 916 4721 1118 4793; x_wconf 79' lang='grc' dir='ltr'><strong>ἐφεξῆς</strong></span> <span class='ocrx_word' id='word_1_590' title='bbox 1139 4742 1152 4754; x_wconf 88' lang='grc'><strong>·</strong></span> <span class='ocrx_word' id='word_1_591' title='bbox 1186 4724 1283 4777; x_wconf 70' lang='grc' dir='ltr'><strong>καὶ</strong></span> <span class='ocrx_word' id='word_1_592' title='bbox 1312 4725 1515 4789; x_wconf 80' lang='grc' dir='ltr'><strong>παντὸς</strong></span> <span class='ocrx_word' id='word_1_593' title='bbox 1544 4726 1760 4796; x_wconf 85' lang='grc' dir='ltr'><strong>ἀνθρω-</strong></span> 
     </span>
    </p>
   </div>
   <div class='ocr_carea' id='block_1_81' title="bbox 192 4808 1761 4886">
    <p class='ocr_par' dir='ltr' id='par_1_81' title="bbox 192 4808 1761 4886">
     <span class='ocr_line' id='line_1_81' title="bbox 192 4808 1761 4886; baseline 0.004 -22"><span class='ocrx_word' id='word_1_594' title='bbox 192 4812 340 4866; x_wconf 79' lang='grc' dir='ltr'><strong>πικοῦ</strong></span> <span class='ocrx_word' id='word_1_595' title='bbox 378 4814 711 4885; x_wconf 76' lang='grc' dir='ltr'><strong>πράγματος</strong></span> <span class='ocrx_word' id='word_1_596' title='bbox 759 4814 916 4883; x_wconf 84' lang='grc' dir='ltr'><strong>λόγος</strong></span> <span class='ocrx_word' id='word_1_597' title='bbox 961 4816 1213 4886; x_wconf 65' lang='grc' dir='ltr'><strong>ἠγεῖταν</strong></span> <span class='ocrx_word' id='word_1_598' title='bbox 1268 4808 1330 4869; x_wconf 76' lang='grc' dir='ltr'><strong>οὗ</strong></span> <span class='ocrx_word' id='word_1_599' title='bbox 1369 4816 1427 4870; x_wconf 84' lang='grc' dir='ltr'><strong>δὲ</strong></span> <span class='ocrx_word' id='word_1_600' title='bbox 1464 4817 1615 4871; x_wconf 77' lang='grc' dir='ltr'><strong>αἰτία</strong></span> <span class='ocrx_word' id='word_1_601' title='bbox 1667 4820 1761 4873; x_wconf 82' lang='grc' dir='ltr'><strong>καὶ</strong></span> 
     </span>
    </p>
   </div>
   <div class='ocr_carea' id='block_1_82' title="bbox 190 4905 1490 4979">
    <p class='ocr_par' dir='ltr' id='par_1_82' title="bbox 190 4905 1490 4979">
     <span class='ocr_line' id='line_1_82' title="bbox 190 4905 1490 4979; baseline 0.005 -21"><span class='ocrx_word' id='word_1_602' title='bbox 190 4905 377 4967; x_wconf 75' lang='grc' dir='ltr'><strong>σκοπὸς</strong></span> <span class='ocrx_word' id='word_1_603' title='bbox 404 4907 654 4971; x_wconf 77' lang='grc' dir='ltr'><strong>ἄπεστιν,</strong></span> <span class='ocrx_word' id='word_1_604' title='bbox 686 4906 852 4978; x_wconf 77' lang='grc' dir='ltr'><strong>λῆρος</strong></span> <span class='ocrx_word' id='word_1_605' title='bbox 880 4906 1042 4961; x_wconf 81' lang='grc' dir='ltr'><strong>τοῦτο</strong></span> <span class='ocrx_word' id='word_1_606' title='bbox 1074 4907 1168 4962; x_wconf 78' lang='grc' dir='ltr'><strong>καὶ</strong></span> <span class='ocrx_word' id='word_1_607' title='bbox 1192 4907 1490 4979; x_wconf 74' lang='grc' dir='ltr'><strong>φλήναφος.</strong></span> 
     </span>
    </p>
   </div>
   <div class='ocr_carea' id='block_1_83' title="bbox 1863 3340 3447 3412">
    <p class='ocr_par' dir='ltr' id='par_1_83' title="bbox 1863 3340 3447 3412">
     <span class='ocr_line' id='line_1_83' title="bbox 1863 3340 3447 3412; baseline -0.007 -7"><span class='ocrx_word' id='word_1_608' title='bbox 1863 3353 1991 3406; x_wconf 89' lang='lat' dir='ltr'><strong>dum</strong></span> <span class='ocrx_word' id='word_1_609' title='bbox 2023 3360 2120 3405; x_wconf 89' lang='lat' dir='ltr'><strong>aut</strong></span> <span class='ocrx_word' id='word_1_610' title='bbox 2154 3353 2517 3403; x_wconf 83' lang='lat' dir='ltr'><strong>levamentum</strong></span> <span class='ocrx_word' id='word_1_611' title='bbox 2550 3364 2567 3412; x_wconf 87' lang='lat'><strong>;</strong></span> <span class='ocrx_word' id='word_1_612' title='bbox 2608 3362 2712 3401; x_wconf 91' lang='lat' dir='ltr'><strong>non</strong></span> <span class='ocrx_word' id='word_1_613' title='bbox 2750 3345 2916 3399; x_wconf 86' lang='lat' dir='ltr'><strong>etiam</strong></span> <span class='ocrx_word' id='word_1_614' title='bbox 2969 3350 3330 3406; x_wconf 89' lang='lat' dir='ltr'><strong>contractum,</strong></span> <span class='ocrx_word' id='word_1_615' title='bbox 3357 3340 3447 3396; x_wconf 90' lang='lat' dir='ltr'><strong>ubi</strong></span> 
     </span>
    </p>
   </div>
   <div class='ocr_carea' id='block_1_84' title="bbox 1864 3431 3445 3506">
    <p class='ocr_par' dir='ltr' id='par_1_84' title="bbox 1864 3431 3445 3506">
     <span class='ocr_line' id='line_1_84' title="bbox 1864 3431 3445 3506; baseline -0.008 -10"><span class='ocrx_word' id='word_1_616' title='bbox 1864 3450 2111 3496; x_wconf 90' lang='lat' dir='ltr'><strong>mutuum</strong></span> <span class='ocrx_word' id='word_1_617' title='bbox 2144 3453 2249 3494; x_wconf 90' lang='lat' dir='ltr'><strong>non</strong></span> <span class='ocrx_word' id='word_1_618' title='bbox 2277 3437 2497 3501; x_wconf 29' lang='lat' dir='ltr'><strong>sit,.aut</strong></span> <span class='ocrx_word' id='word_1_619' title='bbox 2520 3433 2629 3490; x_wconf 84' lang='lat' dir='ltr'><strong>ulla</strong></span> <span class='ocrx_word' id='word_1_620' title='bbox 2676 3434 3047 3506; x_wconf 77' lang='lat' dir='ltr'><strong>permutatio:</strong></span> <span class='ocrx_word' id='word_1_621' title='bbox 3098 3431 3445 3486; x_wconf 83' lang='lat' dir='ltr'><strong>donationem</strong></span> 
     </span>
    </p>
   </div>
   <div class='ocr_carea' id='block_1_85' title="bbox 1864 3522 3452 3594">
    <p class='ocr_par' dir='ltr' id='par_1_85' title="bbox 1864 3522 3452 3594">
     <span class='ocr_line' id='line_1_85' title="bbox 1864 3522 3452 3594; baseline -0.008 -7"><span class='ocrx_word' id='word_1_622' title='bbox 1864 3532 2033 3588; x_wconf 89' lang='lat' dir='ltr'><strong>multo</strong></span> <span class='ocrx_word' id='word_1_623' title='bbox 2074 3534 2275 3594; x_wconf 87' lang='lat' dir='ltr'><strong>minus,</strong></span> <span class='ocrx_word' id='word_1_624' title='bbox 2326 3528 2413 3585; x_wconf 86' lang='lat' dir='ltr'><strong>cui</strong></span> <span class='ocrx_word' id='word_1_625' title='bbox 2443 3529 2741 3583; x_wconf 84' lang='lat' dir='ltr'><strong>necessitas</strong></span> <span class='ocrx_word' id='word_1_626' title='bbox 2784 3526 3046 3579; x_wconf 79' lang='lat' dir='ltr'><strong>adhaeret.</strong></span> <span class='ocrx_word' id='word_1_627' title='bbox 3091 3522 3452 3589; x_wconf 83' lang='lat' dir='ltr'><strong>Quemadmo-</strong></span> 
     </span>
    </p>
   </div>
   <div class='ocr_carea' id='block_1_86' title="bbox 1864 3614 3448 3694">
    <p class='ocr_par' dir='ltr' id='par_1_86' title="bbox 1864 3614 3448 3694">
     <span class='ocr_line' id='line_1_86' title="bbox 1864 3614 3448 3694; baseline -0.008 -15"><span class='ocrx_word' id='word_1_628' title='bbox 1864 3624 1991 3679; x_wconf 88' lang='lat' dir='ltr'><strong>dum</strong></span> <span class='ocrx_word' id='word_1_629' title='bbox 2034 3618 2217 3694; x_wconf 72' lang='lat' dir='ltr'><strong>igitur,</strong></span> <span class='ocrx_word' id='word_1_630' title='bbox 2241 3637 2364 3677; x_wconf 88' lang='lat' dir='ltr'><strong>eum</strong></span> <span class='ocrx_word' id='word_1_631' title='bbox 2407 3620 2630 3684; x_wconf 74' lang='lat' dir='ltr'><strong>festum,</strong></span> <span class='ocrx_word' id='word_1_632' title='bbox 2689 3628 2801 3673; x_wconf 92' lang='lat' dir='ltr'><strong>tum</strong></span> <span class='ocrx_word' id='word_1_633' title='bbox 2839 3616 2929 3687; x_wconf 88' lang='lat' dir='ltr'><strong>qui</strong></span> <span class='ocrx_word' id='word_1_634' title='bbox 2963 3616 3094 3669; x_wconf 88' lang='lat' dir='ltr'><strong>liunt</strong></span> <span class='ocrx_word' id='word_1_635' title='bbox 3119 3614 3171 3668; x_wconf 90' lang='lat' dir='ltr'><strong>in</strong></span> <span class='ocrx_word' id='word_1_636' title='bbox 3200 3628 3266 3669; x_wconf 91' lang='lat' dir='ltr'><strong>eo</strong></span> <span class='ocrx_word' id='word_1_637' title='bbox 3298 3628 3448 3669; x_wconf 88' lang='lat' dir='ltr'><strong>sum-</strong></span> 
     </span>
    </p>
   </div>
   <div class='ocr_carea' id='block_1_87' title="bbox 1864 3706 3445 3788">
    <p class='ocr_par' dir='ltr' id='par_1_87' title="bbox 1864 3706 3445 3788">
     <span class='ocr_line' id='line_1_87' title="bbox 1864 3706 3445 3788; baseline -0.009 -15"><span class='ocrx_word' id='word_1_638' title='bbox 1864 3730 2010 3788; x_wconf 89' lang='lat' dir='ltr'><strong>ptus,</strong></span> <span class='ocrx_word' id='word_1_639' title='bbox 2038 3716 2389 3786; x_wconf 77' lang='lat' dir='ltr'><strong>indigitemns</strong></span> <span class='ocrx_word' id='word_1_640' title='bbox 2409 3755 2425 3778; x_wconf 89' lang='lat'><strong>,</strong></span> <span class='ocrx_word' id='word_1_641' title='bbox 2449 3713 2699 3783; x_wconf 87' lang='lat' dir='ltr'><strong>equidem</strong></span> <span class='ocrx_word' id='word_1_642' title='bbox 2733 3725 2838 3765; x_wconf 90' lang='lat' dir='ltr'><strong>non</strong></span> <span class='ocrx_word' id='word_1_643' title='bbox 2884 3709 3116 3776; x_wconf 73' lang='lat' dir='ltr'><strong>reperio.</strong></span> <span class='ocrx_word' id='word_1_644' title='bbox 3154 3706 3257 3762; x_wconf 79' lang='lat' dir='ltr'><strong>Vos</strong></span> <span class='ocrx_word' id='word_1_645' title='bbox 3280 3721 3445 3776; x_wconf 75' lang='lat' dir='ltr'><strong>agen-</strong></span> 
     </span>
    </p>
   </div>
   <div class='ocr_carea' id='block_1_88' title="bbox 1864 3797 3452 3879">
    <p class='ocr_par' dir='ltr' id='par_1_88' title="bbox 1864 3797 3452 3879">
     <span class='ocr_line' id='line_1_88' title="bbox 1864 3797 3452 3879; baseline -0.011 -11"><span class='ocrx_word' id='word_1_646' title='bbox 1864 3813 1991 3868; x_wconf 91' lang='lat' dir='ltr'><strong>dum</strong></span> <span class='ocrx_word' id='word_1_647' title='bbox 2015 3810 2270 3871; x_wconf 88' lang='lat' dir='ltr'><strong>indicate,</strong></span> <span class='ocrx_word' id='word_1_648' title='bbox 2300 3807 2391 3879; x_wconf 89' lang='lat' dir='ltr'><strong>qui</strong></span> <span class='ocrx_word' id='word_1_649' title='bbox 2419 3806 2602 3863; x_wconf 85' lang='lat' dir='ltr'><strong>colitis</strong></span> <span class='ocrx_word' id='word_1_650' title='bbox 2625 3814 2676 3860; x_wconf 88' lang='lat' dir='ltr'><strong>et</strong></span> <span class='ocrx_word' id='word_1_651' title='bbox 2700 3803 3020 3867; x_wconf 85' lang='lat' dir='ltr'><strong>celebratis;</strong></span> <span class='ocrx_word' id='word_1_652' title='bbox 3055 3800 3261 3855; x_wconf 85' lang='lat' dir='ltr'><strong>reddite</strong></span> <span class='ocrx_word' id='word_1_653' title='bbox 3284 3797 3452 3853; x_wconf 84' lang='lat' dir='ltr'><strong>ratio-</strong></span> 
     </span>
    </p>
   </div>
   <div class='ocr_carea' id='block_1_89' title="bbox 1867 3890 3451 3967">
    <p class='ocr_par' dir='ltr' id='par_1_89' title="bbox 1867 3890 3451 3967">
     <span class='ocr_line' id='line_1_89' title="bbox 1867 3890 3451 3967; baseline -0.009 -10"><span class='ocrx_word' id='word_1_654' title='bbox 1867 3918 2012 3967; x_wconf 88' lang='lat' dir='ltr'><strong>nem,</strong></span> <span class='ocrx_word' id='word_1_655' title='bbox 2051 3900 2129 3959; x_wconf 90' lang='lat' dir='ltr'><strong>uti</strong></span> <span class='ocrx_word' id='word_1_656' title='bbox 2186 3914 2284 3954; x_wconf 90' lang='lat' dir='ltr'><strong>nos</strong></span> <span class='ocrx_word' id='word_1_657' title='bbox 2311 3912 2499 3952; x_wconf 89' lang='lat' dir='ltr'><strong>earum</strong></span> <span class='ocrx_word' id='word_1_658' title='bbox 2527 3894 2804 3950; x_wconf 82' lang='lat' dir='ltr'><strong>reddimus</strong></span> <span class='ocrx_word' id='word_1_659' title='bbox 2850 3890 3133 3955; x_wconf 77' lang='lat' dir='ltr'><strong>feriarum,</strong></span> <span class='ocrx_word' id='word_1_660' title='bbox 3158 3904 3277 3959; x_wconf 61' lang='lat' dir='ltr'><strong>quae</strong></span> <span class='ocrx_word' id='word_1_661' title='bbox 3310 3903 3451 3943; x_wconf 66' lang='lat' dir='ltr'><strong>verte</strong></span> 
     </span>
    </p>
   </div>
   <div class='ocr_carea' id='block_1_90' title="bbox 1867 3977 3449 4059">
    <p class='ocr_par' dir='ltr' id='par_1_90' title="bbox 1867 3977 3449 4059">
     <span class='ocr_line' id='line_1_90' title="bbox 1867 3977 3449 4059; baseline -0.011 -11"><span class='ocrx_word' id='word_1_662' title='bbox 1867 4003 2018 4057; x_wconf 87' lang='lat' dir='ltr'><strong>sunt,</strong></span> <span class='ocrx_word' id='word_1_663' title='bbox 2055 3991 2274 4059; x_wconf 87' lang='lat' dir='ltr'><strong>Deoque</strong></span> <span class='ocrx_word' id='word_1_664' title='bbox 2302 4001 2541 4058; x_wconf 78' lang='lat' dir='ltr'><strong>congrua</strong></span> <span class='ocrx_word' id='word_1_665' title='bbox 2602 3984 2863 4038; x_wconf 72' lang='lat' dir='ltr'><strong>institutae</strong></span> <span class='ocrx_word' id='word_1_666' title='bbox 2891 3980 3174 4049; x_wconf 76' lang='lat' dir='ltr'><strong>religione.</strong></span> <span class='ocrx_word' id='word_1_667' title='bbox 3206 3977 3449 4033; x_wconf 81' lang='lat' dir='ltr'><strong>Natalem</strong></span> 
     </span>
    </p>
   </div>
   <div class='ocr_carea' id='block_1_91' title="bbox 1865 4070 3449 4166">
    <p class='ocr_par' dir='ltr' id='par_1_91' title="bbox 1865 4070 3449 4166">
     <span class='ocr_line' id='line_1_91' title="bbox 1865 4070 3449 4166; baseline -0.011 -23"><span class='ocrx_word' id='word_1_668' title='bbox 1865 4086 2009 4143; x_wconf 90' lang='lat' dir='ltr'><strong>enim</strong></span> <span class='ocrx_word' id='word_1_669' title='bbox 2041 4082 2400 4144; x_wconf 88' lang='lat' dir='ltr'><strong>celebramus,</strong></span> <span class='ocrx_word' id='word_1_670' title='bbox 2428 4077 2569 4166; x_wconf 69' lang='lat' dir='ltr'><strong>qupd</strong></span> <span class='ocrx_word' id='word_1_671' title='bbox 2601 4091 2698 4147; x_wconf 88' lang='lat' dir='ltr'><strong>per</strong></span> <span class='ocrx_word' id='word_1_672' title='bbox 2728 4076 2828 4130; x_wconf 85' lang='lat' dir='ltr'><strong>hoc</strong></span> <span class='ocrx_word' id='word_1_673' title='bbox 2858 4084 3068 4143; x_wconf 87' lang='lat' dir='ltr'><strong>tempus</strong></span> <span class='ocrx_word' id='word_1_674' title='bbox 3091 4085 3210 4127; x_wconf 88' lang='lat' dir='ltr'><strong>sese</strong></span> <span class='ocrx_word' id='word_1_675' title='bbox 3234 4070 3375 4126; x_wconf 86' lang='lat' dir='ltr'><strong>Deus</strong></span> <span class='ocrx_word' id='word_1_676' title='bbox 3396 4070 3449 4125; x_wconf 75' lang='lat' dir='ltr'><strong>in</strong></span> 
     </span>
    </p>
   </div>
   <div class='ocr_carea' id='block_1_92' title="bbox 1873 4162 3451 4233">
    <p class='ocr_par' dir='ltr' id='par_1_92' title="bbox 1873 4162 3451 4233">
     <span class='ocr_line' id='line_1_92' title="bbox 1873 4162 3451 4233; baseline -0.01 -2"><span class='ocrx_word' id='word_1_677' title='bbox 1873 4193 2039 4231; x_wconf 86' lang='lat' dir='ltr'><strong>carne</strong></span> <span class='ocrx_word' id='word_1_678' title='bbox 2069 4173 2393 4229; x_wconf 85' lang='lat' dir='ltr'><strong>mortalibus</strong></span> <span class='ocrx_word' id='word_1_679' title='bbox 2421 4162 2741 4225; x_wconf 75' lang='lat' dir='ltr'><strong>ostenderit.</strong></span> <span class='ocrx_word' id='word_1_680' title='bbox 2780 4165 3072 4221; x_wconf 87' lang='lat' dir='ltr'><strong>Luminum</strong></span> <span class='ocrx_word' id='word_1_681' title='bbox 3108 4164 3308 4219; x_wconf 79' lang='lat' dir='ltr'><strong>festum</strong></span> <span class='ocrx_word' id='word_1_682' title='bbox 3337 4162 3451 4233; x_wconf 74' lang='lat' dir='ltr'><strong>agi-</strong></span> 
     </span>
    </p>
   </div>
   <div class='ocr_carea' id='block_1_93' title="bbox 1870 4253 3451 4335">
    <p class='ocr_par' dir='ltr' id='par_1_93' title="bbox 1870 4253 3451 4335">
     <span class='ocr_line' id='line_1_93' title="bbox 1870 4253 3451 4335; baseline -0.01 -15"><span class='ocrx_word' id='word_1_683' title='bbox 1870 4278 2073 4329; x_wconf 89' lang='lat' dir='ltr'><strong>tamus,</strong></span> <span class='ocrx_word' id='word_1_684' title='bbox 2105 4265 2247 4335; x_wconf 89' lang='lat' dir='ltr'><strong>quod</strong></span> <span class='ocrx_word' id='word_1_685' title='bbox 2301 4269 2649 4335; x_wconf 83' lang='lat' dir='ltr'><strong>peccatorum</strong></span> <span class='ocrx_word' id='word_1_686' title='bbox 2702 4254 3022 4312; x_wconf 88' lang='lat' dir='ltr'><strong>remissione</strong></span> <span class='ocrx_word' id='word_1_687' title='bbox 3076 4253 3284 4317; x_wconf 87' lang='lat' dir='ltr'><strong>donati,</strong></span> <span class='ocrx_word' id='word_1_688' title='bbox 3330 4260 3451 4305; x_wconf 82' lang='lat' dir='ltr'><strong>lan-</strong></span> 
     </span>
    </p>
   </div>
   <div class='ocr_carea' id='block_1_94' title="bbox 1867 4334 3449 4430">
    <p class='ocr_par' dir='ltr' id='par_1_94' title="bbox 1867 4334 3449 4430">
     <span class='ocr_line' id='line_1_94' title="bbox 1867 4334 3449 4430; baseline -0.011 -16"><span class='ocrx_word' id='word_1_689' title='bbox 1867 4375 2029 4430; x_wconf 88' lang='lat' dir='ltr'><strong>quam</strong></span> <span class='ocrx_word' id='word_1_690' title='bbox 2062 4334 2134 4413; x_wconf 11' lang='lat' dir='ltr'><strong>ex,</strong></span> <span class='ocrx_word' id='word_1_691' title='bbox 2158 4334 2390 4412; x_wconf 79' lang='lat' dir='ltr'><strong>obscuro</strong></span> <span class='ocrx_word' id='word_1_692' title='bbox 2423 4354 2621 4423; x_wconf 82' lang='lat' dir='ltr'><strong>prioris</strong></span> <span class='ocrx_word' id='word_1_693' title='bbox 2639 4354 2763 4406; x_wconf 68' lang='lat' dir='ltr'><strong>vitae</strong></span> <span class='ocrx_word' id='word_1_694' title='bbox 2787 4347 3087 4420; x_wconf 79' lang='lat' dir='ltr'><strong>ergastulo,</strong></span> <span class='ocrx_word' id='word_1_695' title='bbox 3118 4348 3183 4400; x_wconf 89' lang='lat' dir='ltr'><strong>ad</strong></span> <span class='ocrx_word' id='word_1_696' title='bbox 3214 4344 3449 4400; x_wconf 83' lang='lat' dir='ltr'><strong>lucidam</strong></span> 
     </span>
    </p>
   </div>
   <div class='ocr_carea' id='block_1_95' title="bbox 1870 4437 3451 4508">
    <p class='ocr_par' dir='ltr' id='par_1_95' title="bbox 1870 4437 3451 4508">
     <span class='ocr_line' id='line_1_95' title="bbox 1870 4437 3451 4508; baseline -0.011 0"><span class='ocrx_word' id='word_1_697' title='bbox 1870 4469 1934 4508; x_wconf 89' lang='lat' dir='ltr'><strong>ac</strong></span> <span class='ocrx_word' id='word_1_698' title='bbox 1962 4468 1993 4506; x_wconf 88' lang='lat' dir='ltr'><strong>a</strong></span> <span class='ocrx_word' id='word_1_699' title='bbox 2024 4451 2251 4505; x_wconf 88' lang='lat' dir='ltr'><strong>crimine</strong></span> <span class='ocrx_word' id='word_1_700' title='bbox 2283 4448 2511 4503; x_wconf 86' lang='lat' dir='ltr'><strong>liberam</strong></span> <span class='ocrx_word' id='word_1_701' title='bbox 2545 4446 2713 4499; x_wconf 86' lang='lat' dir='ltr'><strong>vitam</strong></span> <span class='ocrx_word' id='word_1_702' title='bbox 2736 4443 3122 4500; x_wconf 86' lang='lat' dir='ltr'><strong>subvebamur.</strong></span> <span class='ocrx_word' id='word_1_703' title='bbox 3161 4437 3282 4493; x_wconf 82' lang='lat' dir='ltr'><strong>Jam</strong></span> <span class='ocrx_word' id='word_1_704' title='bbox 3322 4452 3451 4492; x_wconf 83' lang='lat' dir='ltr'><strong>vero</strong></span> 
     </span>
    </p>
   </div>
   <div class='ocr_carea' id='block_1_96' title="bbox 1872 4526 3450 4595">
    <p class='ocr_par' dir='ltr' id='par_1_96' title="bbox 1872 4526 3450 4595">
     <span class='ocr_line' id='line_1_96' title="bbox 1872 4526 3450 4595; baseline -0.01 -2"><span class='ocrx_word' id='word_1_705' title='bbox 1872 4542 1959 4595; x_wconf 89' lang='lat' dir='ltr'><strong>die</strong></span> <span class='ocrx_word' id='word_1_706' title='bbox 1983 4538 2421 4595; x_wconf 77' lang='lat' dir='ltr'><strong>Resnrrecuonis</strong></span> <span class='ocrx_word' id='word_1_707' title='bbox 2444 4535 2781 4591; x_wconf 84' lang='lat' dir='ltr'><strong>ornatiorem</strong></span> <span class='ocrx_word' id='word_1_708' title='bbox 2841 4530 3044 4586; x_wconf 88' lang='lat' dir='ltr'><strong>cultum</strong></span> <span class='ocrx_word' id='word_1_709' title='bbox 3097 4526 3450 4590; x_wconf 86' lang='lat' dir='ltr'><strong>assumimus,</strong></span> 
     </span>
    </p>
   </div>
   <div class='ocr_carea' id='block_1_97' title="bbox 1875 4618 3449 4702">
    <p class='ocr_par' dir='ltr' id='par_1_97' title="bbox 1875 4618 3449 4702">
     <span class='ocr_line' id='line_1_97' title="bbox 1875 4618 3449 4702; baseline -0.01 -12"><span class='ocrx_word' id='word_1_710' title='bbox 1875 4646 2239 4702; x_wconf 73' lang='lat' dir='ltr'><strong>niagnamque</strong></span> <span class='ocrx_word' id='word_1_711' title='bbox 2286 4629 2531 4687; x_wconf 67' lang='lat' dir='ltr'><strong>laetitiam</strong></span> <span class='ocrx_word' id='word_1_712' title='bbox 2593 4624 2933 4697; x_wconf 66' lang='lat' dir='ltr'><strong>praeferimus</strong></span> <span class='ocrx_word' id='word_1_713' title='bbox 2982 4639 2997 4677; x_wconf 90' lang='lat'><strong>:</strong></span> <span class='ocrx_word' id='word_1_714' title='bbox 3054 4620 3199 4690; x_wconf 88' lang='lat' dir='ltr'><strong>quod</strong></span> <span class='ocrx_word' id='word_1_715' title='bbox 3226 4634 3288 4674; x_wconf 82' lang='lat' dir='ltr'><strong>ea</strong></span> <span class='ocrx_word' id='word_1_716' title='bbox 3312 4618 3449 4684; x_wconf 81' lang='lat' dir='ltr'><strong>dies,</strong></span> 
     </span>
    </p>
   </div>
   <div class='ocr_carea' id='block_1_98' title="bbox 1872 4715 3451 4787">
    <p class='ocr_par' dir='ltr' id='par_1_98' title="bbox 1872 4715 3451 4787">
     <span class='ocr_line' id='line_1_98' title="bbox 1872 4715 3451 4787; baseline -0.012 -5"><span class='ocrx_word' id='word_1_717' title='bbox 1872 4725 2284 4782; x_wconf 83' lang='lat' dir='ltr'><strong>immortalitate</strong></span> <span class='ocrx_word' id='word_1_718' title='bbox 2310 4720 2612 4783; x_wconf 82' lang='lat' dir='ltr'><strong>donandus,</strong></span> <span class='ocrx_word' id='word_1_719' title='bbox 2646 4720 2810 4787; x_wconf 87' lang='lat' dir='ltr'><strong>inque</strong></span> <span class='ocrx_word' id='word_1_720' title='bbox 2857 4715 3048 4771; x_wconf 89' lang='lat' dir='ltr'><strong>melius</strong></span> <span class='ocrx_word' id='word_1_721' title='bbox 3084 4720 3451 4775; x_wconf 70' lang='lat' dir='ltr'><strong>transmutan-</strong></span> 
     </span>
    </p>
   </div>
   <div class='ocr_carea' id='block_1_99' title="bbox 1869 4801 3447 4888">
    <p class='ocr_par' dir='ltr' id='par_1_99' title="bbox 1869 4801 3447 4888">
     <span class='ocr_line' id='line_1_99' title="bbox 1869 4801 3447 4888; baseline -0.013 -14"><span class='ocrx_word' id='word_1_722' title='bbox 1869 4819 1989 4883; x_wconf 85' lang='lat' dir='ltr'><strong>dos,</strong></span> <span class='ocrx_word' id='word_1_723' title='bbox 2026 4816 2311 4888; x_wconf 89' lang='lat' dir='ltr'><strong>perspicue</strong></span> <span class='ocrx_word' id='word_1_724' title='bbox 2362 4812 2565 4867; x_wconf 88' lang='lat' dir='ltr'><strong>iudicio</strong></span> <span class='ocrx_word' id='word_1_725' title='bbox 2613 4810 2707 4865; x_wconf 94' lang='lat' dir='ltr'><strong>sit.</strong></span> <span class='ocrx_word' id='word_1_726' title='bbox 2738 4808 2893 4864; x_wconf 88' lang='lat' dir='ltr'><strong>Hunc</strong></span> <span class='ocrx_word' id='word_1_727' title='bbox 2937 4807 2989 4862; x_wconf 90' lang='lat' dir='ltr'><strong>in</strong></span> <span class='ocrx_word' id='word_1_728' title='bbox 3063 4805 3282 4861; x_wconf 88' lang='lat' dir='ltr'><strong>modum</strong></span> <span class='ocrx_word' id='word_1_729' title='bbox 3312 4801 3447 4858; x_wconf 77' lang='lat' dir='ltr'><strong>festa</strong></span> 
     </span>
    </p>
   </div>
   <div class='ocr_carea' id='block_1_100' title="bbox 1870 4894 3451 4975">
    <p class='ocr_par' dir='ltr' id='par_1_100' title="bbox 1870 4894 3451 4975">
     <span class='ocr_line' id='line_1_100' title="bbox 1870 4894 3451 4975; baseline -0.015 -5"><span class='ocrx_word' id='word_1_730' title='bbox 1870 4917 1985 4970; x_wconf 74' lang='lat' dir='ltr'><strong>inec</strong></span> <span class='ocrx_word' id='word_1_731' title='bbox 2008 4911 2272 4974; x_wconf 88' lang='lat' dir='ltr'><strong>colimus;</strong></span> <span class='ocrx_word' id='word_1_732' title='bbox 2307 4908 2469 4975; x_wconf 87' lang='lat' dir='ltr'><strong>inque</strong></span> <span class='ocrx_word' id='word_1_733' title='bbox 2503 4902 2752 4958; x_wconf 89' lang='lat' dir='ltr'><strong>eumdem</strong></span> <span class='ocrx_word' id='word_1_734' title='bbox 2814 4900 3066 4969; x_wconf 84' lang='lat' dir='ltr'><strong>deinceps</strong></span> <span class='ocrx_word' id='word_1_735' title='bbox 3098 4907 3311 4951; x_wconf 55' lang='lat' dir='ltr'><strong>extera.</strong></span> <span class='ocrx_word' id='word_1_736' title='bbox 3368 4894 3451 4949; x_wconf 80' lang='lat' dir='ltr'><strong>Ad</strong></span> 
     </span>
    </p>
   </div>
   <div class='ocr_carea' id='block_1_101' title="bbox 189 4986 3449 5076">
    <p class='ocr_par' dir='ltr' id='par_1_101' title="bbox 189 4986 3449 5076">
     <span class='ocr_line' id='line_1_101' title="bbox 189 4986 3449 5076; baseline 0 -24"><span class='ocrx_word' id='word_1_737' title='bbox 189 5001 722 5063; x_wconf 83' lang='lat' dir='ltr'><strong>summam,ltnmano</strong></span> <span class='ocrx_word' id='word_1_738' title='bbox 760 4998 908 5052; x_wconf 88' lang='lat' dir='ltr'><strong>omni</strong></span> <span class='ocrx_word' id='word_1_739' title='bbox 949 5000 1162 5069; x_wconf 77' lang='lat' dir='ltr'><strong>negotio</strong></span> <span class='ocrx_word' id='word_1_740' title='bbox 1188 5000 1339 5068; x_wconf 68' lang='lat' dir='ltr'><strong>praeit</strong></span> <span class='ocrx_word' id='word_1_741' title='bbox 1409 5001 1578 5070; x_wconf 85' lang='lat' dir='ltr'><strong>ratio;</strong></span> <span class='ocrx_word' id='word_1_742' title='bbox 1629 5020 1690 5059; x_wconf 79' lang='lat' dir='ltr'><strong>ac</strong></span> <span class='ocrx_word' id='word_1_743' title='bbox 1719 5006 1765 5061; x_wconf 88' lang='lat' dir='ltr'><strong>si</strong></span> <span class='ocrx_word' id='word_1_744' title='bbox 1806 5006 1932 5076; x_wconf 83' lang='lat' dir='ltr'><strong>quid</strong></span> <span class='ocrx_word' id='word_1_745' title='bbox 1969 5006 2108 5060; x_wconf 79' lang='lat' dir='ltr'><strong>forte</strong></span> <span class='ocrx_word' id='word_1_746' title='bbox 2142 4998 2405 5071; x_wconf 73' lang='lat' dir='ltr'><strong>eiusmodi</strong></span> <span class='ocrx_word' id='word_1_747' title='bbox 2468 5006 2577 5060; x_wconf 69' lang='grc' dir='ltr'><strong>εει,</strong></span> <span class='ocrx_word' id='word_1_748' title='bbox 2645 5003 2702 5049; x_wconf 75' lang='grc' dir='ltr'>ιιι</span> <span class='ocrx_word' id='word_1_749' title='bbox 2753 4992 2961 5048; x_wconf 53' lang='lat' dir='ltr'><strong>&quot;Ilione</strong></span> <span class='ocrx_word' id='word_1_750' title='bbox 3007 4999 3187 5056; x_wconf 66' lang='grc' dir='ltr'><strong>οθτθέι</strong></span> <span class='ocrx_word' id='word_1_751' title='bbox 3218 5003 3283 5045; x_wconf 70' lang='lat' dir='ltr'><strong>ac</strong></span> <span class='ocrx_word' id='word_1_752' title='bbox 3321 4986 3449 5052; x_wconf 65' lang='lat'><strong>“&quot;9:</strong></span> 
     </span>
    </p>
   </div>
   <div class='ocr_carea' id='block_1_102' title="bbox 191 5090 1242 5157">
    <p class='ocr_par' dir='ltr' id='par_1_102' title="bbox 191 5090 1242 5157">
     <span class='ocr_line' id='line_1_102' title="bbox 191 5090 1242 5157; baseline -0.002 -12"><span class='ocrx_word' id='word_1_753' title='bbox 191 5092 234 5145; x_wconf 81' lang='lat' dir='ltr'><strong>il</strong></span> <span class='ocrx_word' id='word_1_754' title='bbox 262 5108 385 5146; x_wconf 79' lang='lat' dir='ltr'><strong>vero</strong></span> <span class='ocrx_word' id='word_1_755' title='bbox 421 5107 584 5145; x_wconf 68' lang='lat' dir='ltr'><strong>merae</strong></span> <span class='ocrx_word' id='word_1_756' title='bbox 612 5106 769 5157; x_wconf 68' lang='lat' dir='ltr'><strong>uirga:</strong></span> <span class='ocrx_word' id='word_1_757' title='bbox 800 5100 882 5144; x_wconf 89' lang='lat' dir='ltr'><strong>est</strong></span> <span class='ocrx_word' id='word_1_758' title='bbox 915 5105 978 5143; x_wconf 90' lang='lat' dir='ltr'><strong>ac</strong></span> <span class='ocrx_word' id='word_1_759' title='bbox 1008 5090 1242 5157; x_wconf 67' lang='lat' dir='ltr'><strong>ineptiae.</strong></span> 
     </span>
    </p>
   </div>
   <div class='ocr_carea' id='block_1_103' title="bbox 254 5183 1760 5265">
    <p class='ocr_par' dir='ltr' id='par_1_103' title="bbox 254 5183 1760 5265">
     <span class='ocr_line' id='line_1_103' title="bbox 254 5183 1760 5265; baseline 0.003 -28"><span class='ocrx_word' id='word_1_760' title='bbox 254 5185 315 5237; x_wconf 82' lang='grc' dir='ltr'><strong>’Ὢ</strong></span> <span class='ocrx_word' id='word_1_761' title='bbox 342 5184 442 5255; x_wconf 84' lang='grc' dir='ltr'><strong>τῆς</strong></span> <span class='ocrx_word' id='word_1_762' title='bbox 484 5183 747 5246; x_wconf 76' lang='grc' dir='ltr'><strong>ἀτοπίαςί</strong></span> <span class='ocrx_word' id='word_1_763' title='bbox 787 5183 995 5247; x_wconf 84' lang='grc' dir='ltr'><strong>Πάντες</strong></span> <span class='ocrx_word' id='word_1_764' title='bbox 1028 5184 1320 5265; x_wconf 74' lang='grc' dir='ltr'><strong>κεχηνότες</strong></span> <span class='ocrx_word' id='word_1_765' title='bbox 1359 5188 1760 5256; x_wconf 80' lang='grc' dir='ltr'><strong>περινοστοῦσι,</strong></span> 
     </span>
    </p>
   </div>
   <div class='ocr_carea' id='block_1_104' title="bbox 192 5275 1759 5349">
    <p class='ocr_par' dir='ltr' id='par_1_104' title="bbox 192 5275 1759 5349">
     <span class='ocr_line' id='line_1_104' title="bbox 192 5275 1759 5349; baseline 0.001 -20"><span class='ocrx_word' id='word_1_766' title='bbox 192 5277 250 5331; x_wconf 69' lang='grc' dir='ltr'><strong>τὰ</strong></span> <span class='ocrx_word' id='word_1_767' title='bbox 290 5278 419 5349; x_wconf 84' lang='grc' dir='ltr'><strong>παρ’</strong></span> <span class='ocrx_word' id='word_1_768' title='bbox 449 5276 700 5347; x_wconf 86' lang='grc' dir='ltr'><strong>ἀλλήλων</strong></span> <span class='ocrx_word' id='word_1_769' title='bbox 742 5276 1073 5341; x_wconf 76' lang='grc' dir='ltr'><strong>ἐλπίζοντες.</strong></span> <span class='ocrx_word' id='word_1_770' title='bbox 1114 5277 1177 5329; x_wconf 82' lang='lat' dir='ltr'><strong>Oi</strong></span> <span class='ocrx_word' id='word_1_771' title='bbox 1210 5275 1393 5337; x_wconf 79' lang='grc' dir='ltr'><strong>δόντες</strong></span> <span class='ocrx_word' id='word_1_772' title='bbox 1428 5276 1759 5331; x_wconf 69' lang='grc' dir='ltr'><strong>λυποῦνται*</strong></span> 
     </span>
    </p>
   </div>
   <div class='ocr_carea' id='block_1_105' title="bbox 190 5367 1763 5441">
    <p class='ocr_par' dir='ltr' id='par_1_105' title="bbox 190 5367 1763 5441">
     <span class='ocr_line' id='line_1_105' title="bbox 190 5367 1763 5441; baseline 0.002 -22"><span class='ocrx_word' id='word_1_773' title='bbox 190 5368 232 5420; x_wconf 78' lang='grc' dir='ltr'><strong>οἱ</strong></span> <span class='ocrx_word' id='word_1_774' title='bbox 257 5368 509 5433; x_wconf 69' lang='grc' dir='ltr'><strong>λαϐόντες</strong></span> <span class='ocrx_word' id='word_1_775' title='bbox 568 5367 629 5420; x_wconf 81' lang='grc' dir='ltr'><strong>οὺ</strong></span> <span class='ocrx_word' id='word_1_776' title='bbox 656 5368 967 5438; x_wconf 84' lang='grc' dir='ltr'><strong>κατέχουσι.</strong></span> <span class='ocrx_word' id='word_1_777' title='bbox 997 5368 1330 5423; x_wconf 81' lang='grc' dir='ltr'><strong>Μεταὸαίνει</strong></span> <span class='ocrx_word' id='word_1_778' title='bbox 1355 5368 1465 5440; x_wconf 85' lang='grc' dir='ltr'><strong>γὰρ</strong></span> <span class='ocrx_word' id='word_1_779' title='bbox 1494 5373 1576 5433; x_wconf 82' lang='grc' dir='ltr'><strong>εἰς</strong></span> <span class='ocrx_word' id='word_1_780' title='bbox 1597 5368 1763 5441; x_wconf 79' lang='grc' dir='ltr'><strong>ἀλλή⁴</strong></span> 
     </span>
    </p>
   </div>
   <div class='ocr_carea' id='block_1_106' title="bbox 191 5457 1761 5533">
    <p class='ocr_par' dir='ltr' id='par_1_106' title="bbox 191 5457 1761 5533">
     <span class='ocr_line' id='line_1_106' title="bbox 191 5457 1761 5533; baseline 0.002 -22"><span class='ocrx_word' id='word_1_781' title='bbox 191 5457 300 5526; x_wconf 82' lang='grc' dir='ltr'><strong>λους</strong></span> <span class='ocrx_word' id='word_1_782' title='bbox 331 5463 391 5531; x_wconf 73' lang='grc' dir='ltr'><strong>τὸ</strong></span> <span class='ocrx_word' id='word_1_783' title='bbox 413 5462 613 5533; x_wconf 85' lang='grc' dir='ltr'><strong>λῆμμα</strong></span> <span class='ocrx_word' id='word_1_784' title='bbox 633 5479 647 5493; x_wconf 87' lang='grc'><strong>·</strong></span> <span class='ocrx_word' id='word_1_785' title='bbox 684 5460 781 5515; x_wconf 69' lang='grc' dir='ltr'><strong>καὶ</strong></span> <span class='ocrx_word' id='word_1_786' title='bbox 812 5462 841 5513; x_wconf 87' lang='grc' dir='ltr'><strong>ό</strong></span> <span class='ocrx_word' id='word_1_787' title='bbox 866 5461 1019 5533; x_wconf 81' lang='grc' dir='ltr'><strong>παρὰ</strong></span> <span class='ocrx_word' id='word_1_788' title='bbox 1053 5460 1150 5514; x_wconf 83' lang='grc' dir='ltr'><strong>τοῦ</strong></span> <span class='ocrx_word' id='word_1_789' title='bbox 1191 5460 1495 5514; x_wconf 77' lang='grc' dir='ltr'><strong>ὑπευθύνου</strong></span> <span class='ocrx_word' id='word_1_790' title='bbox 1530 5460 1761 5532; x_wconf 81' lang='grc' dir='ltr'><strong>δεξάμε-</strong></span> 
     </span>
    </p>
   </div>
   <div class='ocr_carea' id='block_1_107' title="bbox 192 5552 1763 5625">
    <p class='ocr_par' dir='ltr' id='par_1_107' title="bbox 192 5552 1763 5625">
     <span class='ocr_line' id='line_1_107' title="bbox 192 5552 1763 5625; baseline 0.001 -20"><span class='ocrx_word' id='word_1_791' title='bbox 192 5568 287 5616; x_wconf 77' lang='grc' dir='ltr'><strong>νος,</strong></span> <span class='ocrx_word' id='word_1_792' title='bbox 310 5553 587 5625; x_wconf 83' lang='grc' dir='ltr'><strong>δίδωσιτῷ</strong></span> <span class='ocrx_word' id='word_1_793' title='bbox 616 5552 847 5625; x_wconf 76' lang='grc' dir='ltr'><strong>μείζονι.</strong></span> <span class='ocrx_word' id='word_1_794' title='bbox 878 5555 1146 5607; x_wconf 80' lang='grc' dir='ltr'><strong>Ἀστατον</strong></span> <span class='ocrx_word' id='word_1_795' title='bbox 1170 5554 1227 5606; x_wconf 83' lang='grc' dir='ltr'><strong>δέ</strong></span> <span class='ocrx_word' id='word_1_796' title='bbox 1250 5555 1396 5607; x_wconf 77' lang='grc' dir='ltr'><strong>ἐστιν</strong></span> <span class='ocrx_word' id='word_1_797' title='bbox 1420 5553 1480 5605; x_wconf 83' lang='grc' dir='ltr'><strong>τὸ</strong></span> <span class='ocrx_word' id='word_1_798' title='bbox 1500 5556 1599 5624; x_wconf 73' lang='grc' dir='ltr'><strong>τῆς</strong></span> <span class='ocrx_word' id='word_1_799' title='bbox 1629 5555 1763 5624; x_wconf 75' lang='grc' dir='ltr'><strong>ἡμέ-</strong></span> 
     </span>
    </p>
   </div>
   <div class='ocr_carea' id='block_1_108' title="bbox 197 5645 1762 5718">
    <p class='ocr_par' dir='ltr' id='par_1_108' title="bbox 197 5645 1762 5718">
     <span class='ocr_line' id='line_1_108' title="bbox 197 5645 1762 5718; baseline 0.001 -20"><span class='ocrx_word' id='word_1_800' title='bbox 197 5658 286 5713; x_wconf 79' lang='grc' dir='ltr'><strong>ρας</strong></span> <span class='ocrx_word' id='word_1_801' title='bbox 311 5646 511 5717; x_wconf 74' lang='grc' dir='ltr'><strong>ταύτης</strong></span> <span class='ocrx_word' id='word_1_802' title='bbox 533 5648 779 5718; x_wconf 83' lang='grc' dir='ltr'><strong>χρυσίον,</strong></span> <span class='ocrx_word' id='word_1_803' title='bbox 804 5645 993 5717; x_wconf 84' lang='grc' dir='ltr'><strong>ὥσπερ</strong></span> <span class='ocrx_word' id='word_1_804' title='bbox 1012 5646 1047 5715; x_wconf 84' lang='grc' dir='ltr'><strong>ἡ</strong></span> <span class='ocrx_word' id='word_1_805' title='bbox 1070 5645 1178 5699; x_wconf 81' lang='grc' dir='ltr'><strong>τῶν</strong></span> <span class='ocrx_word' id='word_1_806' title='bbox 1202 5645 1502 5709; x_wconf 75' lang='grc' dir='ltr'><strong>παιζόντων</strong></span> <span class='ocrx_word' id='word_1_807' title='bbox 1531 5648 1762 5716; x_wconf 52' lang='grc' dir='ltr'><strong>σφαῖρα,</strong></span> 
     </span>
    </p>
   </div>
   <div class='ocr_carea' id='block_1_109' title="bbox 256 5846 1312 5924">
    <p class='ocr_par' dir='ltr' id='par_1_109' title="bbox 256 5846 1312 5924">
     <span class='ocr_line' id='line_1_109' title="bbox 256 5846 1312 5924; baseline -0.004 -16"><span class='ocrx_word' id='word_1_808' title='bbox 256 5852 296 5885; x_wconf 78' lang='grc'><strong>⁸³</strong></span> <span class='ocrx_word' id='word_1_809' title='bbox 328 5851 452 5924; x_wconf 76' lang='lat' dir='ltr'><strong>ch.</strong></span> <span class='ocrx_word' id='word_1_810' title='bbox 484 5852 576 5905; x_wconf 73' lang='grc' dir='ltr'><strong>ἐπὶ</strong></span> <span class='ocrx_word' id='word_1_811' title='bbox 769 5849 811 5882; x_wconf 80' lang='grc'><strong>⁵⁸</strong></span> <span class='ocrx_word' id='word_1_812' title='bbox 844 5846 915 5904; x_wconf 88' lang='grc' dir='ltr'><strong>ίσ.</strong></span> <span class='ocrx_word' id='word_1_813' title='bbox 947 5848 1312 5921; x_wconf 73' lang='grc' dir='ltr'><strong>ιννοήσωμεν.</strong></span> 
     </span>
    </p>
   </div>
   <div class='ocr_carea' id='block_1_110' title="bbox 1946 5168 3450 5247">
    <p class='ocr_par' dir='ltr' id='par_1_110' title="bbox 1946 5168 3450 5247">
     <span class='ocr_line' id='line_1_110' title="bbox 1946 5168 3450 5247; baseline -0.014 -8"><span class='ocrx_word' id='word_1_814' title='bbox 1946 5188 1990 5240; x_wconf 86' lang='grc' dir='ltr'><strong>υ</strong></span> <span class='ocrx_word' id='word_1_815' title='bbox 2022 5197 2133 5236; x_wconf 89' lang='lat' dir='ltr'><strong>rem</strong></span> <span class='ocrx_word' id='word_1_816' title='bbox 2164 5179 2396 5247; x_wconf 86' lang='lat' dir='ltr'><strong>ineptam</strong></span> <span class='ocrx_word' id='word_1_817' title='bbox 2428 5182 2484 5228; x_wconf 82' lang='lat' dir='ltr'><strong>et</strong></span> <span class='ocrx_word' id='word_1_818' title='bbox 2506 5172 2832 5230; x_wconf 84' lang='lat' dir='ltr'><strong>absurdam!</strong></span> <span class='ocrx_word' id='word_1_819' title='bbox 2876 5169 3079 5225; x_wconf 89' lang='lat' dir='ltr'><strong>Omnes</strong></span> <span class='ocrx_word' id='word_1_820' title='bbox 3112 5168 3289 5222; x_wconf 79' lang='lat' dir='ltr'><strong>aliena</strong></span> <span class='ocrx_word' id='word_1_821' title='bbox 3323 5179 3450 5235; x_wconf 81' lang='lat' dir='ltr'><strong>spe-</strong></span> 
     </span>
    </p>
   </div>
   <div class='ocr_carea' id='block_1_111' title="bbox 1873 5265 3457 5332">
    <p class='ocr_par' dir='ltr' id='par_1_111' title="bbox 1873 5265 3457 5332">
     <span class='ocr_line' id='line_1_111' title="bbox 1873 5265 3457 5332; baseline -0.016 0"><span class='ocrx_word' id='word_1_822' title='bbox 1873 5286 2056 5332; x_wconf 83' lang='lat' dir='ltr'><strong>rantes</strong></span> <span class='ocrx_word' id='word_1_823' title='bbox 2084 5289 2147 5328; x_wconf 86' lang='lat' dir='ltr'><strong>ac</strong></span> <span class='ocrx_word' id='word_1_824' title='bbox 2176 5272 2241 5327; x_wconf 86' lang='lat' dir='ltr'><strong>iis</strong></span> <span class='ocrx_word' id='word_1_825' title='bbox 2266 5269 2561 5332; x_wconf 82' lang='lat' dir='ltr'><strong>inhiantes,</strong></span> <span class='ocrx_word' id='word_1_826' title='bbox 2591 5266 2901 5319; x_wconf 86' lang='lat' dir='ltr'><strong>discurrunt</strong></span> <span class='ocrx_word' id='word_1_827' title='bbox 2944 5270 3105 5330; x_wconf 89' lang='lat' dir='ltr'><strong>atque</strong></span> <span class='ocrx_word' id='word_1_828' title='bbox 3150 5265 3457 5328; x_wconf 73' lang='lat' dir='ltr'><strong>vagantur;</strong></span> 
     </span>
    </p>
   </div>
   <div class='ocr_carea' id='block_1_112' title="bbox 1870 5348 3451 5439">
    <p class='ocr_par' dir='ltr' id='par_1_112' title="bbox 1870 5348 3451 5439">
     <span class='ocr_line' id='line_1_112' title="bbox 1870 5348 3451 5439; baseline -0.012 -15"><span class='ocrx_word' id='word_1_829' title='bbox 1870 5370 1967 5439; x_wconf 86' lang='lat' dir='ltr'><strong>qui</strong></span> <span class='ocrx_word' id='word_1_830' title='bbox 2002 5380 2198 5422; x_wconf 88' lang='lat' dir='ltr'><strong>munus</strong></span> <span class='ocrx_word' id='word_1_831' title='bbox 2222 5361 2508 5423; x_wconf 87' lang='lat' dir='ltr'><strong>dederunt,</strong></span> <span class='ocrx_word' id='word_1_832' title='bbox 2533 5358 2748 5423; x_wconf 88' lang='lat' dir='ltr'><strong>dolent;</strong></span> <span class='ocrx_word' id='word_1_833' title='bbox 2799 5356 2890 5424; x_wconf 90' lang='lat' dir='ltr'><strong>qui</strong></span> <span class='ocrx_word' id='word_1_834' title='bbox 2945 5360 3296 5423; x_wconf 83' lang='lat' dir='ltr'><strong>acceperunt,</strong></span> <span class='ocrx_word' id='word_1_835' title='bbox 3345 5348 3451 5405; x_wconf 86' lang='lat' dir='ltr'><strong>sibi</strong></span> 
     </span>
    </p>
   </div>
   <div class='ocr_carea' id='block_1_113' title="bbox 1873 5441 3448 5525">
    <p class='ocr_par' dir='ltr' id='par_1_113' title="bbox 1873 5441 3448 5525">
     <span class='ocr_line' id='line_1_113' title="bbox 1873 5441 3448 5525; baseline -0.013 -8"><span class='ocrx_word' id='word_1_836' title='bbox 1873 5478 1977 5518; x_wconf 91' lang='lat' dir='ltr'><strong>non</strong></span> <span class='ocrx_word' id='word_1_837' title='bbox 2016 5460 2273 5525; x_wconf 87' lang='lat' dir='ltr'><strong>retinent,</strong></span> <span class='ocrx_word' id='word_1_838' title='bbox 2304 5464 2399 5511; x_wconf 88' lang='lat' dir='ltr'><strong>aut</strong></span> <span class='ocrx_word' id='word_1_839' title='bbox 2459 5462 2697 5509; x_wconf 79' lang='lat' dir='ltr'><strong>servant.</strong></span> <span class='ocrx_word' id='word_1_840' title='bbox 2742 5448 3156 5515; x_wconf 80' lang='lat' dir='ltr'><strong>Transmittitur</strong></span> <span class='ocrx_word' id='word_1_841' title='bbox 3193 5447 3336 5501; x_wconf 89' lang='lat' dir='ltr'><strong>enim</strong></span> <span class='ocrx_word' id='word_1_842' title='bbox 3378 5441 3448 5497; x_wconf 83' lang='lat' dir='ltr'><strong>ad</strong></span> 
     </span>
    </p>
   </div>
   <div class='ocr_carea' id='block_1_114' title="bbox 1873 5538 3450 5620">
    <p class='ocr_par' dir='ltr' id='par_1_114' title="bbox 1873 5538 3450 5620">
     <span class='ocr_line' id='line_1_114' title="bbox 1873 5538 3450 5620; baseline -0.01 -15"><span class='ocrx_word' id='word_1_843' title='bbox 1873 5553 2039 5618; x_wconf 86' lang='lat' dir='ltr'><strong>alios;</strong></span> <span class='ocrx_word' id='word_1_844' title='bbox 2097 5562 2153 5607; x_wconf 85' lang='lat' dir='ltr'><strong>et</strong></span> <span class='ocrx_word' id='word_1_845' title='bbox 2202 5549 2345 5620; x_wconf 88' lang='lat' dir='ltr'><strong>quod</strong></span> <span class='ocrx_word' id='word_1_846' title='bbox 2377 5547 2499 5618; x_wconf 87' lang='lat' dir='ltr'><strong>quis</strong></span> <span class='ocrx_word' id='word_1_847' title='bbox 2556 5562 2586 5601; x_wconf 79' lang='grc' dir='ltr'><strong>ιι</strong></span> <span class='ocrx_word' id='word_1_848' title='bbox 2622 5545 2821 5601; x_wconf 90' lang='lat' dir='ltr'><strong>cliente</strong></span> <span class='ocrx_word' id='word_1_849' title='bbox 2850 5545 3050 5599; x_wconf 90' lang='lat' dir='ltr'><strong>donum</strong></span> <span class='ocrx_word' id='word_1_850' title='bbox 3103 5538 3351 5608; x_wconf 75' lang='lat' dir='ltr'><strong>accepit,</strong></span> <span class='ocrx_word' id='word_1_851' title='bbox 3382 5550 3450 5591; x_wconf 89' lang='lat' dir='ltr'><strong>eo</strong></span> 
     </span>
    </p>
   </div>
   <div class='ocr_carea' id='block_1_115' title="bbox 1874 5629 3449 5714">
    <p class='ocr_par' dir='ltr' id='par_1_115' title="bbox 1874 5629 3449 5714">
     <span class='ocr_line' id='line_1_115' title="bbox 1874 5629 3449 5714; baseline -0.01 -17"><span class='ocrx_word' id='word_1_852' title='bbox 1874 5661 2030 5699; x_wconf 82' lang='lat' dir='ltr'><strong>suum</strong></span> <span class='ocrx_word' id='word_1_853' title='bbox 2060 5646 2172 5714; x_wconf 88' lang='lat' dir='ltr'><strong>ipse</strong></span> <span class='ocrx_word' id='word_1_854' title='bbox 2203 5650 2487 5713; x_wconf 86' lang='lat' dir='ltr'><strong>patronum</strong></span> <span class='ocrx_word' id='word_1_855' title='bbox 2519 5637 2748 5707; x_wconf 77' lang='lat' dir='ltr'><strong>aliquem</strong></span> <span class='ocrx_word' id='word_1_856' title='bbox 2778 5640 3114 5690; x_wconf 83' lang='lat' dir='ltr'><strong>muneratur.</strong></span> <span class='ocrx_word' id='word_1_857' title='bbox 3143 5629 3371 5686; x_wconf 78' lang='lat' dir='ltr'><strong>Fluxum</strong></span> <span class='ocrx_word' id='word_1_858' title='bbox 3393 5633 3449 5681; x_wconf 86' lang='lat' dir='ltr'><strong>et</strong></span> 
     </span>
    </p>
   </div>
  </div>
