4212 6318
179 360 242 416 νε
251 364 268 414 l

1030 370 1306 426 HOMILIA
1340 372 1427 428 IV.
1466 373 1839 429 ADVERSUS
1882 367 2356 434 KALENDARUM
2391 379 2693 436 FESTUM.

3339 389 3443 437 S22

183 473 310 524 8.013
333 473 564 542 εἰκόνες,
592 479 642 530 οί
674 480 731 532 ἐν
767 480 1050 554 ἐλευθερίᾳ
1084 487 1266 538 πιστοὶ
1295 485 1470 540 δοῦλοι
1503 491 1602 560 τῆς
1625 491 1761 561 ἡμε-
1789 496 1834 551 Α
1865 493 2044 561 gines,
2077 494 2163 548 ﬁdi
2201 496 2251 548 in

1865 493 2044 561 gines,
2077 494 2163 548 ﬁdi
2201 496 2251 548 in
2288 495 2534 549 libertate
2563 497 2688 549 vitae
2737 504 2932 548 nostra:
2972 495 3111 551 servi
3141 512 3203 550 ac
3235 496 3438 554 tanudi.

183 565 332 636 τέρα;
357 563 532 634 ζωῆς.
564 566 756 631 Οὕτως
781 570 884 638 μὲν
913 566 1007 624 οὖν
1033 574 1080 625 οἱ
1115 575 1172 626 ἐν
1202 574 1363 641 τέλει,
1390 575 1561 640 οὕτως
1589 577 1757 647 πένησ-

180 674 279 720 τες,
310 657 485 721 οὕτως
523 660 734 725 παιδία,
774 662 945 726 οὕτως
978 665 1246 736 ἄγροικοι.
1284 668 1347 720 οι
1387 668 1484 736 μὲν
1519 671 1628 740 γάρ
1664 687 1758 740 μο-

179 747 406 817 χθοῦσιν,
441 750 492 801 οἱ
534 749 593 802 δὲ
631 751 1013 822 γογγύζουσιν,
1041 758 1090 810 οἱ
1132 757 1190 810 δὲ
1225 759 1587 830 μανθάνουσιν
1616 760 1652 813 ά
1681 761 1755 832 μὴ

180 839 366 892 είδέναι
394 838 583 895 καλόν.

241 929 585 1001 Σκεψώμεθα
631 933 688 986 δὲ
729 934 876 998 ὅπως
927 937 1024 990 καὶ
1067 940 1114 991 οἱ
1156 938 1371 993 ἔνοπλοι
1423 940 1755 1012 στρατιῶται

178 1023 318 1091 παρὰ
344 1023 554 1095 ταύτης
589 1023 924 1094 ὠφελοῦνται
958 1029 1056 1098 τῆς
1088 1030 1308 1101 ἑορτῆς.
1373 1033 1468 1096 Είς
1498 1034 1756 1103 χρήματα

178 1114 516 1184 ζημιοῦνται,
547 1118 640 1169 καὶ
663 1118 782 1181 ἐνὸς
807 1118 1167 1189 ὲκπτώματος
1199 1122 1389 1192 μισθὸν
1414 1124 1754 1194 προσφέρου-

178 1221 252 1256 σιν
293 1204 383 1257 τὸν
438 1209 785 1279 ἐπισιτισμὸν
816 1209 910 1262 τοῦ
958 1212 1216 1282 πολέμου.
1264 1215 1354 1277 [είς
1395 1215 1631 1286 τρόπους
1661 1216 1754 1268 καὶ

178 1296 270 1366 ἢθη
302 1297 653 1366 βλάπτονται.
683 1302 1030 1356 Μανθάνουσι
1065 1303 1173 1376 γὰρ
1202 1306 1606 1377 ἀνελευθερίαν,
1635 1309 1753 1360 ἐπι-

176 1389 480 1460 τηδεύματα
522 1393 831 1462 σκηνικῶν,
868 1394 1087 1448 ἔκλυσιν
1124 1395 1221 1448 καὶ
1266 1397 1539 1466 μαλακίαν
1581 1397 1748 1467 ἠθῶν,

179 1480 386 1535 παιδιὰν
416 1483 560 1537 κατά
581 1484 691 1538 τῶν
716 1485 918 1557 νόμων,
951 1487 1042 1540 καὶ
1069 1488 1168 1558 τῆς
1193 1489 1389 1559 ἀρχῆς,
1413 1485 1480 1560 ἦς
1516 1489 1747 1560 ἐτάχθη-

179 1587 267 1624 σαν
298 1572 562 1640 φύλακες.
593 1575 703 1646 Τὴν
737 1575 849 1648 γὰρ
886 1577 1151 1649 μεγίστην
1189 1579 1364 1649 ἀρχὴν
1397 1579 1751 1648 κωμῳδοῦσιν

179 1661 261 1712 καὶ
288 1660 658 1733 διασύρουσιν,
696 1664 849 1735 ἀρμα
884 1665 960 1729 ὼς
988 1667 1082 1719 ἐπὶ
1111 1666 1746 1736 σκηνῆςάναδαίνοντες,

179 1751 261 1804 καὶ
302 1751 634 1824 δορυφόρους
678 1754 1096 1826 πεπλασμένους
1139 1756 1606 1828 χειροτονοῦντες,
1655 1758 1750 1811 καὶ⁸

1870 582 1964 638 Sic
1996 585 2161 654 igitur
2192 587 2440 640 homines
2461 586 2720 652 dignitate
2753 597 3096 654 praestantes,
3133 588 3211 642 sie
3246 604 3442 657 paupe-

1868 690 1976 736 res,
2012 677 2090 730 sic
2118 677 2270 744 pueri
2297 717 2311 739 ,
2340 679 2418 732 sic
2459 677 2680 732 rustici:
2736 678 2823 730 alii
2861 688 3150 745 vexantur,
3173 678 3263 731 alii
3294 697 3446 733 inur-

1867 777 2105 831 murant,
2144 767 2362 821 discunt
2389 767 2477 821 alii
2511 782 2632 836 quae
2660 766 2869 822 nescire
2900 776 3195 836 przestarct.

1938 940 2233 996 Videamus
2258 941 2372 1010 jam
2410 943 2538 1012 quid
2581 943 2805 998 merenti
2849 943 2900 996 in
2961 943 3126 996 armis
3149 943 3301 997 militi
3337 944 3438 997 hoc

1865 1033 2063 1086 festum
2094 1035 2287 1102 prosit.
2324 1033 2612 1089 Pecuniam
2645 1036 2922 1097 amittant,
2979 1035 3240 1103 uniusque
3284 1036 3436 1088 luxa-

1866 1123 2027 1175 tionis
2091 1122 2391 1177 mercedem
2417 1162 2432 1188 ,
2477 1122 2727 1176 militaria
2760 1137 2856 1176 sua
2879 1122 3143 1189 stipendia
3171 1121 3433 1174 tribuunt.

1869 1211 2164 1265 Lmduntor
2199 1228 2375 1266 mores
2425 1229 2488 1268 ac
2545 1213 2850 1281 disciplina.
2905 1213 3234 1267 Coadiscunt
3291 1215 3434 1266 enim
3477 1201 3479 1203 1

1860 1304 2073 1366 sordes,
2139 1304 2455 1358 inhonestos
2518 1307 2858 1359 scenicorum
2921 1313 3066 1357 artes
3110 1320 3173 1357 ac
3235 1303 3432 1365 studia,

1862 1393 2134 1447 nmll‘itiem
2158 1407 2219 1446 ac
2247 1409 2453 1448 morum
2477 1394 2909 1460 dissolutionem,
2937 1393 3090 1447 ludos
3111 1394 3340 1460 denique
3361 1392 3438 1446 lc-

1858 1483 2012 1550 gibus
2041 1482 2414 1548 adversantes,
2448 1498 2508 1539 ac
2531 1483 2778 1553 imperio,
2808 1484 2962 1553 cujus
2997 1495 3122 1540 sunt
3154 1485 3434 1538 constituti

1859 1575 2132 1628 custodes.
2173 1574 2325 1629 Velut
2354 1575 2498 1629 enim
2550 1575 2599 1627 in
2637 1588 2795 1629 scena
2831 1590 3130 1628 conscenso
3155 1590 3338 1639 curru,
3370 1593 3435 1626 at:

1858 1667 2062 1722 ﬁctitiis
2118 1668 2317 1722 creatis
2373 1666 2713 1728 satellitibus,
2775 1664 3044 1732 maiestati
3105 1665 3334 1718 illnduut
3370 1680 3433 1717 ac

1859 1761 2178 1824 detrahunt,
2229 1773 2404 1826 eaque
2466 1759 2642 1826 palam
2698 1772 2761 1811 ac
2819 1756 3028 1827 publice
3061 1757 3285 1824 agitant,
3317 1771 3436 1824 qua:

178 1841 398 1914 δημοσίᾳ
432 1844 716 1909 ποιοῦντες
765 1847 835 1899 τὰ
866 1847 976 1899 τῶν
1016 1846 1369 1919 ἐξυρημένων
1399 1849 1535 1920 πρὸς
1569 1849 1753 1903 κόνδυ·
1788 1855 1828 1909 Β
1858 1852 2074 1921 propria
2102 1851 2212 1906 sint
2247 1867 2254 1903 l

1858 1852 2074 1921 propria
2102 1851 2212 1906 sint
2247 1851 2543 1903 mimorum
2575 1865 2638 1903 ac
2672 1850 2998 1903 histrionum
3043 1848 3179 1918 (29).
3217 1849 3327 1903 Sed
3346 1848 3432 1901 illa

179 1933 276 1988 λον.
301 1935 408 1988 Καὶ
430 1935 586 1988 ταῦτ’
615 1936 761 1990 ἔστιν
789 1938 888 2008 τῆς
917 1939 1196 2010 πομπείας
1219 1939 1288 1993 τὰ
1315 1941 1636 2011 σεμνότερα.
1670 1940 1751 1994 Τὰ

178 2023 223 2076 δὲ
248 2023 375 2078 ἄλλα
410 2026 531 2090 πῶς
570 2024 638 2079 ἄν
671 2044 757 2090 τις
795 2027 969 2094 είποι;
1011 2030 1103 2098 Μὴ
1153 2030 1248 2082 καὶ
1300 2029 1752 2100 ἐκκαλυψάμενος

179 2117 536 2183 γυναικίζεται
580 2121 612 2172 ὁ
641 2119 918 2191 ἀριστεὺς,
960 2123 989 2175 ὁ
1016 2122 1319 2192 τὸν,,θυμὸν
1365 2122 1683 2192 λεοντώδης,
1723 2123 1751 2174 ό

181 2209 305 2277 μετὰ
359 2210 458 2281 τὴν
500 2210 717 2265 ὅπλισιν
765 2206 1047 2282 θαυματὸς
1086 2213 1318 2285 ὀφθῆναι
1356 2217 1470 2279 τοῖς
1510 2213 1751 2276 οἰκείοις,

179 2303 260 2354 καὶ
303 2302 532 2371 φοϐερὸς
592 2306 706 2368 τοῖς
749 2303 1044 2368 ἐναντίοιςο
1075 2305 1169 2358 καὶ
1223 2305 1316 2360 τὸν
1352 2306 1555 2377 χιτῶνα
1591 2305 1750 2378 μέχρι

176 2395 271 2447 τῶν
297 2397 520 2468 σφυρῶν
543 2395 761 2468 ἀφίησι,
785 2399 879 2452 καὶ
901 2400 1015 2462 τοῖς
1038 2398 1281 2469 στέρνοις
1303 2416 1368 2450 πε
1379 2398 1632 2470 ριελίττει
1652 2398 1749 2468 τὴν

179 2487 358 2560 ζώνην,
404 2489 498 2542 καὶ
539 2490 846 2560 ὑποδήματι
877 2490 1149 2562 κέχρηται
1176 2491 1492 2561 γυναικείῳ,
1524 2492 1620 2543 καὶ
1658 2491 1749 2544 τὸν

178 2581 439 2652 κρὼὂυλον
487 2581 793 2636 ἐπιτίθεται
840 2584 907 2652 τῇ
959 2576 1254 2653 κεφαλῇ,ᾖ
1300 2581 1514 2648 γυναιξὶ¹
1555 2581 1746 2651 νόμος·

177 2674 259 2724 καὶ
282 2673 432 2743 φέρει
456 2674 557 2744 τὴν
578 2673 856 2750 ἠλακάτην
886 2673 1036 2744 ἐρίου
1065 2672 1364 2744 γέμουσαν,
1394 2674 1488 2726 καὶ
1509 2675 1575 2744 τῇ
1599 2671 1752 2750 δεξιᾷ

176 2761 308 2832 νῆμα
339 2743 591 2831 κατάγει,
621 2766 685 2834 τῇ
871 2743 1112 2832 φερούσῃ
1133 2743 1481 2832 τδτρόπαιον
1500 2779 1514 2791 ³
1543 2743 1638 2816 καὶ
1659 2743 1749 2816 τὸν

175 2854 308 2908 τόνον
335 2856 435 2926 τῆς
463 2855 642 2927 ψυχῆς
673 2855 1037 2919 ἐναλλάττων,
1073 2855 1133 2907 τὸ
1158 2853 1413 2926 ὀξύτερον
1443 2855 1535 2908 καὶ
1560 2872 1749 2923 γυναι-

176 2945 326 3010 κῶδες
347 2947 647 3016 φθέγγεται
667 2963 681 3011 ;
700 2945 886 3000 Ταῦτα
909 2946 1012 3017 τῆς
1028 2945 1387 3017 πανηγύρεως
1404 2947 1474 2999 «ea
1494 2948 1710 3018 χρηστά
1727 2963 1741 2976 '

174 3039 328 3093 ταῦτα
352 3040 454 3110 τῆς
479 3039 764 3112 πανδήμου
789 3041 982 3113 ἑορτῆς
1005 3040 1076 3094 τὰ
1104 3039 1453 3112 συμφέροντα
1477 3041 1542 3110 σή
1552 3057 1618 3110 με
1629 3057 1742 3112 ρον.

1858 1953 2030 1996 tamen
2093 1957 2296 2010 pompa:
2361 1941 2696 2011 augustiora.
2754 1939 2955 1993 Caetera
3016 1941 3136 2008 quis
3187 1938 3438 1993 enarret?

1856 2033 2043 2086 Nonne
2081 2034 2336 2097 nudatus,
2364 2033 2416 2086 iu
2476 2033 2826 2085 meretricum
2879 2046 2943 2084 ac
2974 2028 3356 2083 feruinarnm'n
3381 2046 3432 2083 o-

1857 2139 1967 2176 rem
1994 2123 2196 2176 vultum
2219 2122 2566 2189 habitumque
2584 2121 2879 2190 componit,
2901 2120 2990 2175 ille
3013 2131 3288 2182 strenuus,
3320 2119 3433 2173 Ico-

1856 2212 1968 2266 nini
2027 2212 2115 2266 ille
2151 2212 2384 2281 pectoris
2446 2225 2508 2264 ac
2542 2210 2774 2275 roboris,
2835 2209 2922 2264 ille
2981 2211 3032 2263 in
3088 2209 3276 2273 armis,
3310 2225 3431 2263 cum

1853 2303 1966 2357 suis
1989 2312 2210 2372 aSpectn
2241 2303 2522 2366 mirabilis,
2553 2313 2664 2355 tum
2686 2301 3047 2356 formidabilis
3075 2303 3317 2356 hostibus
3337 2317 3350 2364 ;
3371 2319 3434 2354 ac

1856 2393 1925 2449 ad
1969 2394 2105 2448 talos
2135 2408 2308 2463 u5que
2372 2395 2608 2446 tunicam
2664 2393 2921 2457 demittit,
2970 2408 3164 2446 zonam
3226 2392 3430 2461 pectori

1855 2481 2261 2546 circumvolvit,
2282 2481 2648 2536 calceameuta
2675 2481 2956 2534 muliebria
2982 2481 3167 2546 sumit,
3201 2492 3257 2533 et
3285 2496 3434 2533 inore

1853 2575 2203 2638 feminarum,
2274 2574 2436 2644 capiti
2479 2572 2757 2643 crobylum
2791 2587 2855 2626 ac
2907 2572 3126 2644 plexum
3164 2574 3432 2636 imponit;

1853 2669 1982 2739 quin
2027 2671 2190 2725 etiam
2232 2669 2355 2723 lana
2429 2666 2641 2735 plenam
2667 2667 2841 2721 colum
2872 2675 3070 2738 gestat,
3115 2682 3180 2721 ac
3211 2667 3430 2720 dextera

1854 2763 1999 2815 tilum
2048 2762 2218 2826 ducit,
2266 2777 2370 2831 qua
2401 2772 2657 2832 tropaeum
2691 2768 2817 2816 ante
2848 2759 3001 2826 tulit;
3040 2761 3312 2827 animique
3351 2769 3432 2813 te-

1855 2867 2042 2907 norem
2077 2855 2396 2916 immutans,
2441 2854 2490 2907 in
2541 2854 2837 2907 acutiorem
2866 2868 2928 2907 ac
2970 2853 3282 2912 muliebrem
3343 2867 3432 2906 so-

1853 2961 1982 3000 nnm
2013 2961 2195 3000 vorem
2233 2946 2528 2999 extenuat?
2590 2945 2681 2999 ιιω
2707 2945 3038 2999 celebritatis
3073 2947 3235 3010 huius
3273 2944 3424 2996 utili-

1858 3049 2024 3104 tates,
2056 3038 2170 3092 haec
2198 3038 2448 3093 hodierni
2481 3038 2696 3108 publico
2721 3049 2989 3092 conventu
3019 3037 3162 3103 festi,
3190 3051 3430 3091 commo-

1854 3137 1923 3188 da
1949 3149 2013 3187 ac
2031 3133 2262 3189 fructus.

236 3218 335 3272 Καὶ
371 3219 421 3272 oi
461 3219 562 3291 τῆς
587 3221 832 3292 κορυφῆς
861 3220 972 3274 τῶν
1001 3220 1329 3291 ἀξιωμάτων
1371 3219 1745 3292 ἀνθρωπικῶν
1772 3218 1821 3274 C.
1921 3225 2062 3291 Quin
2091 3235 2146 3279 et
2176 3241 2254 3279 con

1921 3225 2062 3291 Quin
2091 3235 2146 3279 et
2176 3223 2448 3288 consules,
2510 3223 2693 3295 inclyti
2736 3223 2834 3284 illi,
2862 3237 2925 3276 ac
2955 3223 3022 3275 ad
3068 3223 3432 3277 humanarum

175 3309 466 3375 ἐπιϐάντες,
501 3313 554 3364 οἱ
584 3311 1009 3384 πολυθρύλλητοι
1060 3311 1277 3373 ὕπατοι,
1310 3314 1376 3383 τῇ
1417 3311 1738 3382 ματαίοτητι

172 3399 432 3454 δαπανῶσι
473 3401 565 3454 τὸν
598 3402 860 3476 πλοῦτον,
917 3403 1125 3472 σωροὺς
1178 3402 1479 3472 χρημάτων
1517 3399 1744 3472 σκορπί-

175 3491 360 3554 ζοντες,
389 3493 469 3554 είς
500 3492 780 3562 ἀκαρπίαν
802 3491 1173 3562 δικαιοσύνης,
1206 3493 1298 3545 καὶ
1336 3491 1542 3563 καρπὸν
1566 3493 1745 3563 ἁμαρ-

171 3579 307 3643 τίαςο
331 3574 402 3634 ὧν
423 3582 678 3635 τοσοῦτον
710 3583 1015 3654 περιφανὴς
1041 3587 1072 3654 ὴ
1110 3582 1388 3655 ἀφροσύνη
1414 3624 1427 3646 ν
1458 3586 1580 3637 ὅσον
1615 3584 1747 3654 illi“?

173 3670 250 3732 λδς
282 3673 310 3724 ὁ
343 3671 548 3742 θρόνος.
592 3671 814 3735 Πολλοῖς
852 3672 960 3744 γάρ
984 3673 1352 3742 ἀνθρωπικοῖς
1380 3673 1745 3743 ἐμϐατεύσαν-

173 3779 251 3825 τες
295 3744 524 3833 θρόνοις,
560 3764 656 3816 καὶ
699 3763 798 3824 τὰς
835 3763 1096 3834 μεγίστας
1125 3764 1224 3834 τῆς
1244 3763 1526 3834 βασιλείας
1569 3763 1744 3836 ἀρχὰς

172 3857 548 3926 διοικήσαντες,
602 3856 969 3927 λαμϐάνουσιν
1004 3857 1239 3924 ἀφειδᾹς
1277 3858 1387 3910 ἀπὸ
1443 3858 1625 3929 πάσης
1676 3858 1746 3912 τὰ

173 3949 412 4002 πλεῖστα⁶
449 3951 498 4002 οἱ
535 3950 636 4020 μὲν
665 3951 911 4021 πενήτων
943 3949 1298 4020 στρατιωτῶν
1329 3949 1394 4002 τὸ
1438 3950 1743 4021 σιτηρέσιον

176 4042 637 4112 σφετερισάμενοι.
673 4041 822 4094 ἀλλοι
860 4041 922 4095 τὸ
965 4040 1172 4094 δίκαιον
1211 4041 1306 4094 καὶ
1345 4040 1442 4111 τὴν
1486 4041 1744 4111 ἀλήθειαν

175 4131 419 4194 πολλάκις
450 4131 828 4203 πωλήσαντες,
876 4132 971 4184 καὶ⁵
1010 4131 1117 4184 τῶν
1157 4129 1451 4200 βασιλικῶν
1479 4132 1742 4202 ταμιείων

172 4221 331 4293 ἕτεροι
367 4223 574 4292 ἄφατον
614 4222 1038 4296 ὲξαντλήσαντες
1079 4222 1329 4288 πλοῦτον,
1367 4224 1462 4277 καὶ
1493 4223 1563 4276 τά
1604 4242 1742 4277 παν-

173 4314 380 4385 ταχόθεν
415 4314 720 4378 σπουδαίως
767 4315 1122 4387 ἀθροίσαντες
1144 4330 1158 4345 ·
1206 4315 1528 4385 φεισάμενοι
1559 4314 1618 4367 δὲ
1655 4316 1745 4368 οὑ-

171 4404 302 4472 δινὸς
355 4407 665 4480 λήμματος,
717 4409 817 4461 οὐκ
873 4406 1331 4479 ἀπρεποῦςηούκ
1381 4406 1604 4460 ἀδίκου·
1651 4409 1745 4460 καὶ

172 4496 288 4551 Θεὸν
319 4493 715 4570 παροξύνοντες
740 4498 1118 4570 προκάθηνται
1146 4497 1261 4563 νῦν,
1291 4499 1386 4553 καὶ
1417 4498 1533 4569 μετ’
1560 4498 1740 4566 ὀλίγον

173 4590 389 4661 ἡνιόχοις
416 4592 731 4662 μερίζοντες
757 4591 847 4643 τὸν
878 4590 1109 4661 χρυσὸν,
1143 4591 1239 4643 καὶ
1272 4591 1537 4660 αὐληταῖς
1573 4608 1736 4642 κακο-
1773 4578 1815 4632 Ῑ)

171 4681 391 4752 δαίμοσι,
421 4684 516 4737 καὶ
545 4683 756 4754 μίμοις,
781 4684 872 4737 καὶ
901 4684 1218 4754 ὀρχησταῖς,
1246 4683 1340 4736 καὶ
1367 4682 1736 4753 ἀνδρογύνοις,

172 4777 252 4828 καὶ
273 4777 486 4844 γυναιξὶ
509 4779 754 4848 πόρναις,
780 4775 937 4830 ὢνιον
968 4776 1335 4846 παρεχούσαις
1365 4775 1447 4845 τῷ
1470 4775 1655 4845 δημίῳ
1678 4775 1739 4827 τὸ

173 4867 313 4936 σῶμα
340 4886 352 4899 ·
386 4869 479 4921 καὶ
520 4865 676 4932 αὖθις
716 4861 1073 4938 θηριομάχοις
1116 4869 1334 4937 μιαροῖς
1377 4866 1474 4927 καὶ
1526 4865 1742 4918 ἀνελπίο

174 4972 320 5020 στοις,
351 4960 442 5013 καὶ
473 4960 658 5022 αὐτοῖς
681 4963 792 5023 τοῖς
815 4954 1042 5028 θηρίοις.
1078 4957 1349 5030 Πρόδηλον
1374 4956 1506 5028 γάρ,
1544 4957 1618 5020 ὡς
1645 4958 1739 5011 καὶ

172 5048 227 5099 τὰ
267 5049 424 5120 θηρία
467 5050 664 5122 τρέφει
693 5050 893 5122 χρυσός
915 5067 927 5080 ·
956 5052 1069 5111 τοῖς
1113 5050 1209 5120 μὲν
1243 5050 1310 5102 τά
1342 5049 1503 5120 κρέα,
1539 5052 1651 5111 τοῖς
1681 5049 1737 5102 δὲ

174 5137 256 5209 τὴν
297 5141 475 5210 μάζαν
533 5141 862 5206 ὠνούμενος.
917 5139 1104 5195 Ταῦτα
1146 5142 1201 5195 δὲ
1240 5142 1419 5197 πάντα
1455 5145 1735 5214 προΐενται

232 5319 490 5387 ίῖθγριιιε
535 5321 748 5386 propria
804 5322 904 5376 rint
962 5323 1242 5376 mimorum
1287 5339 1348 5377 ac
1394 5323 1729 5377 histrionum.

173 5386 279 5440 τῶν
321 5386 675 5461 ἐξυρημένων
718 5391 856 5459 πρὸς
891 5391 1175 5446 κόνδυλονο
1206 5391 1310 5457 Qui
1347 5395 1454 5445 ταδί
1497 5404 1619 5446 sunt
1661 5395 1730 5445 ad

175 5461 314 5531 pugni
355 5458 535 5514 ierunt.
570 5458 792 5531 Videtur
824 5476 918 5515 eos
964 5461 1225 5528 indicare,
1257 5464 1344 5531 qui
1397 5463 1448 5515 in
1497 5476 1727 5529 gratiam

177 5526 378 5600 aliorum
424 5531 638 5584 abrasis
689 5529 814 5596 pilis
867 5546 988 5585 sese
1041 5526 1236 5587 ictibus
1276 5526 1632 5600 'objicieliant,
1667 5534 1733 5586 de

175 5597 348 5662 quibus
375 5601 540 5653 etiam
577 5610 770 5653 auctor
815 5600 1046 5654 honulize
1080 5602 1220 5670 Περὶ
1259 5597 1593 5664 πολιτείας,
1634 5619 1731 5654 ηυ-

177 5680 256 5743 per
283 5683 309 5719 a
337 5670 489 5743 nobis
525 5669 746 5743 nomine
778 5669 1167 5743 Chrysostomi’
1188 5673 1366 5726 editae.
1423 5671 1573 5737 Quod
1612 5682 1726 5743 sta-

178 5739 254 5811 tim
285 5741 559 5811 sequitur;
597 5739 671 5807 μὴ
710 5740 803 5791 καὶ
833 5741 1283 5811 ἐπικαλυψάμενος
1305 5760 1316 5772 ·
1353 5745 1618 5809 interpres
1653 5741 1727 5793 le-

176 5808 258 5874 git,
283 5808 758 5880 ἐγκαλυψάμενος·
799 5813 892 5866 sed
927 5828 1030 5867 non
1058 5808 1237 5868 ausim
1271 5808 1531 5867 mutate:
1558 5811 1728 5882 possit

1849 3316 2172 3384 dignitatum
2199 3314 2472 3385 fastigium
2499 3316 2692 3380 evecti,
2724 3315 2868 3368 inani
2890 3313 3199 3389 profusione
3222 3313 3435 3380 sparsis

1846 3425 2191 3483 nummorum
2253 3408 2524 3472 cumulis,
2582 3423 2713 3476 opes
2785 3406 3160 3470 exhauriunt,
3206 3407 3400 3460 nedum

1850 3498 1994 3552 nullo
2024 3498 2248 3565 justitiaa
2310 3492 2509 3560 fructu,
2548 3513 2731 3552 verum
2770 3498 2934 3551 etiam
3004 3513 3125 3549 cum
3163 3507 3384 3565 peceato
3412 3513 3429 3548 :

1846 3604 2075 3658 quorum
2107 3604 2268 3658 quam
2297 3589 2542 3644 sublimis
2577 3589 2825 3652 thronus,
2856 3598 2960 3640 tam
2983 3588 3244 3656 insignem
3279 3589 3435 3641 dic-as

1847 3681 2194 3736 demetuiam.
2225 3679 2417 3735 Multus
2469 3682 2611 3734 enim
2657 3679 3004 3747 magistratus
3050 3668 3426 3746 capessentes;

1847 3787 1911 3826 ac
1971 3770 2336 3840 amplissimas
2427 3771 2636 3840 imperii
2691 3769 2998 3824 obtinentes
3048 3770 3427 3838 prd-recturus,

1845 3863 2296 3931 quamplurimas
2348 3878 2476 3930 opes
2527 3877 2592 3916 ex
2639 3878 2697 3916 re
2753 3863 2990 3931 qualibet
3017 3872 3428 3918 exstrueresm—

1848 3958 1978 4008 dent
2013 3955 2140 4008 :alii
2173 3954 2391 4023 quidem
2444 3967 2736 4022 pauperum
2784 3955 3012 4008 militum
3069 3955 3336 4023 stipendia
3373 3955 3426 4007 in

1850 4061 2006 4100 suam
2027 4061 2136 4099 rem
2166 4054 2469 4108 vertentes;
2508 4045 2602 4098 alii
2630 4045 2719 4114 jus
2753 4060 3046 4113 verumque
3102 4046 3242 4098 haud
3282 4060 3430 4107 raro,

1847 4138 2024 4206 pretio
2053 4139 2400 4202 addicentes;
2429 4136 2518 4190 alii
2550 4138 2836 4194 thesauros
2872 4152 3167 4205 gazamque
3197 4138 3426 4203 'regiam

1849 4230 2115 4282 inunenso
2151 4243 2259 4283 are
2293 4227 2695 4297 depeculantes,
2727 4243 2790 4282 ac
2833 4228 3016 4283 (nimia
3042 4229 3280 4294 nudique
3311 4240 3426 4280 Stlt-

1847 4322 1938 4374 dio
1968 4329 2398 4383 eoaccrvantes,
2423 4320 2591 4382 nulh),
2623 4319 2704 4372 Vt'i
2739 4319 2950 4383 infami,
2995 4318 3075 4372 vel
3110 4320 3295 4387 iniquo
3330 4334 3424 4371 ne-

1846 4411 2021 4481 glecto
2081 4406 2269 4475 lucro,
2345 4411 2698 4478 divinumque
2756 4409 3146 4466 exacerbantes
3200 4423 3427 4471 nomen,

1850 4525 1993 4562 nunc
2025 4509 2344 4578 prmsideut,
2373 4523 2435 4562 ac
2471 4507 2625 4562 brevi
2657 4517 2780 4576 post
2811 4507 2862 4560 in
2897 4506 3138 4575 aurigas,
3164 4505 3425 4560 miseros-

1846 4615 1953 4668 que
2010 4601 2297 4664 tibicines,
2356 4600 2573 4662 mimos,
2623 4599 2938 4660 saltatores,
2991 4596 3284 4665 spadones,
3316 4596 3430 4648 vim

1847 4693 1966 4745 auri
1999 4702 2319 4760 congestam
2357 4689 2688 4744 distribuunt
2715 4707 2727 4742 :
2782 4704 2882 4742 nec
2912 4703 3022 4742 non
3051 4688 3106 4740 in
3135 4685 3425 4741 muliercu-

1847 4783 2021 4839 larum
2059 4782 2343 4850 propudia,
2385 4781 2472 4835 vili
2506 4781 2704 4847 cuique
2737 4796 2800 4833 ac
2831 4780 3040 4848 plebeio
3074 4778 3130 4834 iu
3169 4792 3280 4833 rem
3311 4787 3426 4830 tur:

1847 4887 1969 4941 pem
1997 4871 2204 4925 venalia
2246 4889 2258 4923 :
2321 4884 2647 4939 rursumque
2693 4869 2750 4922 in
2791 4867 3208 4924 scelestissimos
3242 4864 3423 4933 proﬂi-

1847 4962 2262 5030 gatissimosque
2296 4961 2655 5029 gladiatores,
2724 4960 2978 5026 ipsasque
3026 4957 3161 5010 adeo
3197 4955 3419 5014 belluas.

1848 5051 2038 5120 Liquet
2070 5051 2214 5104 enim
2244 5051 2409 5104 etiam
2432 5050 2497 5103 iis
2532 5049 2740 5103 alendis
2767 5063 2901 5115 opus.
2921 5063 3079 5110 auro,
3100 5059 3422 5114 sumptaque

1844 5143 1895 5196 in
1939 5159 2129 5197 carnes
2184 5153 2274 5195 aut
2327 5157 2556 5195 mazam.
2598 5141 2670 5194 Ea
2707 5154 2868 5209 porro
2935 5138 3135 5203 omnia,
3186 5153 3248 5192 ea
3288 5139 3420 5196 dun-

1840 5327 1984 5379 euim
2024 5324 2247 5394 intelligi
2293 5323 2447 5378 miles
2483 5320 2742 5394 ejusmodi
2783 5318 3257 5381 ὲκκαλύπτεσθαι,
3295 5321 3418 5394 quia

1839 5395 2178 5468 chlamydem
2212 5391 2281 5448 ac
2321 5394 2572 5468 militaria
2608 5393 3068 5468 alia_ornamenta_
3099 5397 3262 5468 exuat
3291 5406 3302 5441 :
3340 5391 3419 5444 vel

1838 5467 2001 5534 etiam
2024 5459 2164 5534 'quia
2203 5465 2511 5519 meretricia
2543 5463 2688 5534 velut
2720 5461 2896 5534 fronte
2949 5474 3011 5534 ac
3056 5459 3419 5534 impudenter,

1841 5529 2094 5588 feminam
2126 5534 2417 5594 induemlo,
2450 5544 2593 5603 agat.
2629 5529 3071 5603 Acneclemina
3104 5529 3245 5603 domi
3277 5530 3418 5582 lani-

1841 5605 1960 5659 ﬁcio
1997 5606 2216 5659 intenta:
2242 5620 2301 5659 os
2332 5599 2534 5669 veIan't,
2571 5602 2710 5669 quod
2754 5599 3029 5653 Rubenius
3064 5600 3238 5653 reddit
3297 5614 3419 5656 can.

1839 5689 2044 5737 vocem,
2080 5690 2215 5743 quas
2250 5675 2500 5729 Asterius
2547 5681 2766 5743 agentes
2817 5672 3013 5726 milites
3053 5686 3175 5726 cum
3227 5670 3422 5741 primis

1837 5755 2091 5815 exagitat.
