4212 6318
710 282 817 337 223

2034 286 2093 339 ὃ.
2141 280 2413 339 Αδτειιιι
2457 280 2759 336 AMASENI

3882 272 3988 324 εἲΙᾶ

718 404 865 449 taxat
898 396 1127 458 ratione,
1175 406 1431 465 promunt
1480 397 1901 466 prodiguntque,
1960 406 2018 449 ut
2066 398 2301 465 ipsorum

2424 397 2557 466 Βπέρ
2580 397 2706 465 μιᾶς
2738 394 2994 464 σπουδῆς,
3040 393 3121 444 ἵνα
3156 391 3219 444 τά
3246 393 3485 461 ὀνόματα
3528 390 3702 443 αὐτῶν
3722 388 3832 441 τῶν
3868 405 3991 440 συν·

715 489 933 540 nomina
971 487 1345 540 contractibus
1376 502 1439 541 ac
1487 487 1797 554 diplnmatis
1854 487 2295 555 pnescribantur.

714 579 758 632 0
790 579 1109 632 stultitiam!
1143 594 1175 631 ο
1214 580 1511 632 ca'citatem
1549 580 1560 631 !
1602 578 1891 631 Pollicetur
1918 578 2055 631 Deus
2085 593 2298 638 eorum,

716 668 806 737 qui
846 672 897 721 in
927 679 1221 736 pauperum
1279 669 1429 722 cibos
1476 684 1571 720 sua
1600 678 1845 736 crogant,
1878 670 2093 719 nomina
2153 668 2300 719 libris

717 761 875 819 vivis.
916 760 1322 814 immortalibus
1360 760 1484 823 illis,
1516 775 1578 812 ac
1631 760 1756 811 nulli
1815 758 2062 811 obnoxiis
2116 773 2303 810 corru-

718 852 910 920 ptioui,
965 851 1288 919 inscriptum
1348 852 1431 916 iri,
1479 866 1614 918 quos
1664 866 1837 919 neque
1896 850 2073 911 tim-:2.
2131 863 2303 915 neque

722 950 937 1007 tempus
968 942 1257 995 absument
1288 940 1365 1004 ‘7;
1415 951 1467 993 tu
1506 951 1707 1003 autem,
1741 955 1808 992 ne
1854 939 1952 993 hos
1976 937 2145 991 libros
2173 936 2305 991 aﬂ‘e-

715 1032 869 1087 t-tas?
904 1032 1105 1086 nullam
1133 1040 1414 1087 tantorum
1464 1032 1856 1099 promissorum
1911 1030 2173 1085 rationum
2210 1030 2305 1083 ha-

716 1123 855 1177 bes?
888 1140 992 1176 non
1049 1125 1325 1177 memoria:
1376 1124 1609 1185 divinae,
1690 1123 1734 1175 is
1789 1122 1986 1191 quippe
2040 1124 2173 1177 liber
2217 1123 2304 1177 ille

716 1217 869 1267 vltus
896 1224 1008 1277 est,
1068 1214 1292 1268 inscribi
1347 1214 1603 1283 iutigiqne
1661 1214 1905 1267 studes?
1965 1212 2070 1268 Sed
2119 1227 2301 1268 contra

720 1308 897 1374 magni
957 1307 1090 1360 l‘acis
1146 1321 1181 1359 a
1220 1306 1501 1359 tabulariis
1558 1306 1801 1369 exarari;
1868 1321 1898 1358 a
1951 1308 2305 1376 mangonibus

722 1398 1044 1466 praedicari;
1081 1412 1109 1451 a
1167 1397 1363 1451 vilibus
1417 1397 1794 1451 adulatoribus
1860 1397 2051 1466 plausu
2086 1389 2300 1469 excipi;

722 1488 894 1542 tnalus
925 1489 1176 1542 utilitatis
1205 1489 1424 1549 arbiter,
1471 1489 1687 1556 ineptus
1714 1499 1770 1542 et
1809 1490 2095 1557 imperitus
2126 1504 2303 1543 rermn

719 1580 1040 1633 mstitttator.
1075 1579 1349 1634 Oblazsum
1384 1596 1675 1651 pauperem
1710 1598 2017 1647 munerare,
2055 1598 2160 1636 non
2194 1583 2306 1637 dis-

720 1672 953 1725 solutum
989 1673 1254 1726 nmsicum
1284 1690 1299 1739 ;
1338 1674 1509 1726 vidua:
1536 1675 1813 1743 impertire
1838 1689 1955 1743 quae
1983 1685 2194 1741 scorto;
2223 1690 2309 1730 se-

2404 486 2765 556 αλλαγμάτων
2838 483 3244 555 προγράφηται.
3291 483 3355 533 ’Ὠ
3396 480 3495 549 τῆς
3538 478 3751 538 ἀνοῖαςί
3805 476 3851 527 ῶ
3892 475 3990 544 τῆς

2403 578 2763 648 τυφλότητοςί
2801 575 2932 637 Θεὸς
2976 571 3399 640 ἀπαγγέλλεται,
3444 570 3552 623 τῶν
3587 562 3991 637 πτωχοτρόφων

2402 670 2471 723 τὰ
2517 670 2753 739 ὀνόματα
2800 667 3001 736 βίϐλοις
3031 666 3233 728 qam;
3268 663 3589 732 ἐγγράφειν,
3625 662 3741 722 ταῖς
3788 657 3994 712 ἀθανά-

2402 779 2537 825 τοις,
2596 764 2716 824 ταῖς
2768 757 3140 828 ἁδιαφθόροις,
3200 755 3265 817 ἃς
3303 755 3398 824 σὴς
3431 755 3532 806 οὐκ
3580 750 3850 821 ἀφανίζει,
3898 747 3993 801 καὶ

2405 856 2593 926 χρόνος
2627 857 2725 907 οὐκ
2752 852 3024 919 ἐξαλείφει
3046 868 3059 880 ο
3092 848 3359 901 κάκείνων
3386 846 3493 899 τῶν
3522 845 3869 917 γραμμάτων
3892 842 3991 894 οὐκ

2404 949 2554 1017 ἐρᾷς.
2603 946 2722 999 οὑδέ
2767 944 2925 1011 λόγον
2976 942 3098 995 τινὰ
3130 943 3255 1015 ποιῇ
3290 939 3390 1009 τῆς
3439 938 3708 1009 μακαρίας
3754 938 3995 1003 ἐπαγγε-

2403 1038 2555 1103 λίας,
2589 1038 2711 1090 οὐδὲ
2744 1031 2811 1107 τῇ
2849 1036 3036 1107 μνήμῃ
3080 1032 3173 1086 τοῦ
3220 1032 3357 1085 Θεοῦ
3400 1032 3742 1101 ἐγγραφῆναι
3770 1028 3992 1098 {utsin

2404 1129 2575 1182 Τοῦτο
2608 1118 2718 1198 γάρ
2751 1129 2897 1180 ἐστιν
2932 1128 2964 1197 ἠ
2999 1125 3179 1197 βίϐλος
3225 1127 3258 1195 ἡ
3304 1124 3476 1188 ζῶσα.
3516 1124 3651 1193 Περὶ
3688 1120 3885 1174 πολλοῦ
3937 1118 3993 1171 δὲ

2405 1222 2532 1291 ποιῇ
2584 1218 2735 1289 παρά
2776 1218 2885 1271 τῶν
2938 1215 3466 1286 συμϐολαιογράφων
3514 1212 3843 1285 γράφεσθαι,
3900 1210 3995 1264 καὶ

2406 1314 2557 1385 παρά
2592 1313 2703 1365 τῶν
2744 1300 3065 1381 ὠνουμένων
3104 1309 3173 1362 τὰ
3208 1308 3519 1378 ἀνδράποδα
3562 1306 3866 1370 λαλεῖσθαι,
3899 1307 3996 1358 καὶ

2404 1404 2713 1476 κροτεῖσθαι
2741 1402 2893 1475 παρά
2922 1401 3174 1472 δημοτῶν
3201 1400 3471 1465 κολάκων,
3492 1403 3658 1463 κακὸς
3678 1401 3776 1469 τῆς
3804 1398 3998 1469 χρείας

2406 1494 2515 1547 τῶν
2566 1493 2908 1565 πραγμάτων
2960 1492 3176 1563 κρίτης,
3236 1491 3463 1561 ἀνόητος
3515 1489 3851 1560 δοκιμαστὴς
3900 1488 3998 1541 τοῦ

2410 1586 2797 1657 συμφέροντος.
2827 1584 2925 1647 Δὸς
2953 1582 3031 1653 τῷ
3053 1580 3416 1652 λελωϐημένῳ
3441 1581 3660 1652 πτωχῷ,
3695 1582 3788 1634 καὶ
3821 1581 3897 1651 μὴ
3918 1579 4001 1649 τῷ

2409 1678 2688 1750 λελυμένῳ
2744 1676 3027 1749 μουσικῷ·
3074 1678 3297 1749 χάρισαι
3357 1675 3465 1747 πρὸ
3510 1677 3609 1745 τῆς
3661 1674 3869 1745 πόρνης
3926 1675 3996 1744 τῇ

721 1774 871 1816 creta
899 1764 1121 1817 claustri
1155 1764 1370 1835 silentia
1421 1763 1647 1817 honeste
1701 1760 1967 1818 colentem
1996 1764 2159 1829 dona,
2198 1780 2307 1835 pne

2424 1771 2589 1841 (ήρασ
2626 1769 2733 1840 πρὸ
2764 1770 2863 1841 τῆς
2912 1768 3177 1839 δημοσίας
3202 1810 3216 1832 ,
3264 1771 3331 1839 τῇ
3388 1766 3601 1837 σεμνῶς
3641 1764 4001 1818 κατακεκλει-

720 1854 1064 1924 prostilmlo;
1099 1854 1313 1922 inquire
1344 1855 1410 1907 de
1435 1870 1588 1909 sacra
1626 1856 1835 1925 virgine
1872 1871 1993 1924 quae
2028 1857 2136 1910 Deo
2166 1857 2307 1925 psal¢

721 1945 816 2006 lat.
854 1945 1032 2015 sitque
1063 1946 1117 1999 iu
1152 1944 1269 2009 ejus
1305 1945 1473 1999 ell'usa
1512 1946 1724 2010 laudes,
1754 1946 1984 2016 odioque
2006 1946 2305 2016 habepsal-

726 2036 889 2089 triam
924 2038 1371 2101 inverecundam,
1425 2053 1544 2105 qum
1589 2040 1818 2092 necdum
1854 2048 2142 2106 conspecta
2179 2054 2307 2094 ocuo

724 2127 816 2192 lis,
850 2129 1122 2183 modulata
1156 2144 1287 2183 voce
1311 2129 1623 2183 luxuriosos
1656 2131 2052 2201 velutaucupio
2087 2142 2307 2197 captet;

724 2221 1040 2274 necessaria
1070 2221 1231 2273 victui
1286 2222 1534 2289 orphano
1584 2220 1784 2288 ιιι-ωδε,
1821 2235 2108 2289 pauperem
2138 2222 2309 2276 libera

721 2310 901 2363 alieno
930 2324 1059 2374 aere,
1118 2311 1440 2379 visurusque
1499 2323 1558 2364 es
1626 2310 2011 2380 sempiternam
2057 2312 2306 2381 gloriam.

729 2401 797 2452 At
832 2410 885 2451 tu
926 2400 1114 2454 oculos
1141 2415 1375 2455 etIacuas
1413 2401 1463 2452 in
1497 2408 1708 2468 turpem
1772 2401 1976 2460 ludum.
2034 2403 2314 2472 riSumque

732 2491 1046 2543 indecorum
1074 2506 1138 2543 ac
1179 2488 1551 2555 inconditum;
1602 2504 1777 2557 neque
1808 2491 2125 2546 consideras
2148 2508 2310 2561 quam

730 2581 927 2636 multas
950 2596 1243 2649 pauperum
1277 2581 1527 2650 largiaris
1556 2581 1851 2651 lacrymas,
1881 2598 1975 2651 per
2025 2600 2163 2652 quas
2184 2600 2315 2655 opes

731 2673 834 2727 illa:
861 2684 967 2727 tua:
992 2672 1235 2727 conﬂatm
1260 2682 1419 2737 sunt;
1450 2688 1612 2741 quant
1651 2672 1802 2734 multj
1844 2673 1895 2726 in
1948 2677 2160 2729 vincula
2189 2692 2316 2729 cou-

730 2766 853 2832 iecti
889 2764 1142 2826 fuerunt;
1186 2778 1349 2832 quam
1386 2764 1537 2819 tnulti
1593 2766 1898 2830 verberati;
1946 2768 2132 2835 quanti
2160 2768 2315 2822 deni-

730 2873 837 2926 que
870 2855 1041 2927 digito
1087 2856 1155 2909 ad
1214 2856 1401 2909 restim
1462 2866 1828 2921 accesserunt,
1883 2866 1940 2911 ut
1978 2869 2317 2929 suppeteret,

735 2950 877 3016 quod
906 2949 958 3001 in
989 2948 1236 3002 scenicos
1274 2946 1434 3011 bodje
1458 2947 1804 3003 eﬂuuderes?
1835 2949 1900 3003 Et
1933 2950 2080 3019 quis,
2108 2968 2316 3020 quaeso,

738 3039 900 3094 linis?
938 3039 1137 3109 Utique
1162 3041 1400 3094 vanitas.
1460 3040 1586 3095 Post
1621 3043 1827 3107 omnia,
1884 3044 2113 3112 exiguus
2141 3052 2319 3100 tumu-

2414 1861 2608 1932 σμένῃ.
2625 1862 2699 1913 Πε
2709 1860 2787 1931 ριέ
2797 1877 2992 1931 ργασαι
3009 1860 3110 1913 ποῦ
3128 1858 3397 1931 παρθένος
3414 1857 3545 1925 ἀγία
3560 1855 3675 1925 Θεῷ
3696 1854 3900 1925 ψάλλου
3909 1869 4001 1918 σα,

2412 1953 2505 2005 καὶ
2554 1952 2783 2023 μίσησον
2826 1951 3095 2023 ψάλτριαν
3138 1950 3358 2021 ἀναιδῆ,
3401 1950 3507 2019 πρὸ
3549 1948 3646 2017 τῆς
3670 1947 3841 2016 ὄφεως

2416 2044 2567 2115 μέλει
2619 2045 2745 2109 τοὺς
2803 2036 3139 2107 ἀκολάστους
3209 2041 3546 2114 θηρεύουσαν
3589 2057 3604 2072 ο
3694 2038 4006 2108 ἐπάρκεσον

2414 2134 2657 2209 ὀρφανῷ,
2707 2137 2868 2191 λῦσον
2919 2139 3187 2209 δάνεισμα
3233 2136 3502 2206 πένητος,
3548 2136 3642 2187 καὶ
3684 2134 3804 2201 ὕφει
3845 2131 4008 2199 δόξαν

2414 2229 2849 2294 διαιωνίζουσαν.
2892 2232 3087 2293 Κενοῖς
3117 2228 3322 2299 πλῆθος
3358 2226 3680 2297 βαλαντίων
3701 2224 3845 2294 ὑπὲρ
3880 2240 4005 2276 παι-

2414 2323 2531 2385 διᾶς
2573 2323 2913 2393 ἀσχήμονος,
2960 2322 3057 2375 καὶ
3102 2321 3343 2374 ἀτάκτου
3390 2318 3665 2387 γέλωτος,
3711 2317 3811 2369 οὐκ
3850 2312 4007 2377 εἰδὼς

2415 2414 2517 2467 ὅσα
2546 2414 2793 2484 πενήτων
2821 2411 3026 2485 χαρίζῃ
3057 2410 3289 2482 δάκρυα,
3322 2408 3380 2474 ἐξ
3413 2400 3487 2460 ὧν
3521 2405 3759 2477 συνήχθη
3786 2407 3820 2476 ή
3844 2405 4012 2457 εὐπο-

2419 2504 2508 2576 ρία
2532 2520 2543 2532 ⁸
2589 2504 2747 2557 πόσοι
2786 2502 3070 2575 ἐδέθησαν,
3118 2503 3281 2555 πόσοι
3320 2499 3808 2572 ἐμαστιγώθησαν·
3847 2498 4011 2551 πόσοι

2417 2595 2585 2663 ἐγγὺς
2606 2590 2768 2665 ἦλθον
2797 2594 3036 2665 ἀγχόνης
3065 2595 3160 2648 καὶ
3191 2593 3407 2666 βρόχου,
3442 2591 3528 2643 ἵνα
3556 2590 3795 2660 σήμερον
3812 2586 4011 2659 ὀρχού-

2421 2702 2574 2755 μενοι
2612 2685 2868 2739 λάϐωσιν.
2918 2686 3028 2738 Καὶ
3066 2685 3119 2737 τί
3157 2684 3218 2738 τὸ
3250 2682 3437 2748 τέλος;
3476 2679 3811 2749 Ματαιότης.
3855 2676 4013 2730 Μετὰ

2418 2777 2598 2845 πάντα
2624 2778 2793 2848 τάφος
2820 2777 3042 2849 μικρὸςο
3078 2776 3241 2848 ἐσθής
3262 2776 3456 2843 ὀλίγων
3486 2771 3709 2833 ὀϐολῶν,
3733 2770 3793 2821 τὸ
3823 2767 4015 2838 σωμά-

2416 2884 2532 2921 τιον
2568 2868 3025 2940 περιστέλλουσα·
3060 2864 3197 2939 λήθη
3231 2867 3347 2937 μετ’
3378 2864 3578 2931 ὀλίγον,
3615 2862 3674 2913 τὸ
3710 2855 4017 2925 ἀναγκαῖον

2421 2958 2594 3023 πάθος
2630 2948 2723 3013 τοῢ
2755 2960 2985 3032 χρόνου,
3043 2959 3220 3012 πάντα
3268 2956 3338 3010 τά
3389 2952 3792 3009 σπουδασθέντα
3841 2948 4017 3003 καλύ-

2425 3067 2671 3103 πτουσα·
2719 3050 2901 3121 κρίσις
2943 3050 3036 3121 ἐπὶ
3078 3047 3289 3111 τούτοις
3336 3043 3495 3110 Θεοῦ,
3548 3044 3644 3096 καὶ
3681 3042 3783 3111 τῆς
3831 3037 4020 3107 κακῆς

3928 1946 4006 2014 τῷ

736 3131 851 3199 lus;
891 3133 1079 3202 paucis
1127 3131 1302 3187 obolis
1348 3132 1664 3203 comparata
1719 3128 1886 3189 vestis
1936 3135 2318 3204 corpusculqu

2426 3140 2800 3214 προαιρέσεως
2827 3141 3046 3204 κόλασις
3072 3139 3467 3211 ἀπαραίτητος.

733 3226 1043 3294 obtegens:
1081 3238 1145 3278 ac
1202 3223 1362 3293 paulo
1409 3236 1558 3293 post,
1627 3227 1994 3310 necessarium
2054 3230 2319 3298 temporis
2384 3234 2607 3298 malum,
2664 3235 2887 3301 oblivio,
2950 3251 3071 3306 qua:
3110 3244 3330 3297 cuncta,
3383 3233 3529 3285 circa
3556 3242 3673 3297 quac
3710 3225 4020 3287 sudaveris,

738 3321 983 3381 tenebris
1034 3319 1297 3374 involvat.
1358 3321 1438 3373 Ad
1500 3322 1612 3375 ltznc
1650 3322 1882 3391 denique
1912 3322 2156 3377 divinum
2183 3325 2319 3391 judit

2424 3344 2471 3395 rt,
2501 3345 2565 3385 ac
2591 3331 2747 3384 malm
2777 3332 3066 3385 voluntatis
3090 3326 3506 3398 indeprecabilis
3531 3338 3708 3393 pinna.

819 3417 1049 3474 Ubinam
1088 3418 1337 3471 consules
1362 3428 1415 3469 ct
1452 3414 1661 3469 fasces?
1710 3414 1816 3470 Eas
1845 3431 2104 3471 enumera
2140 3433 2205 3471 ac
2237 3434 2325 3473 re-

737 3514 941 3582 crigita,
971 3514 1063 3583 qui
1104 3513 1219 3567 heri
1250 3527 1314 3565 ac
1376 3510 1773 3565 nudiustertius
1803 3510 2093 3564 exStitere.
2135 3509 2328 3565 Nonne

741 3607 827 3663 hic
857 3606 1075 3675 quidem
1104 3604 1240 3675 (30),
1270 3614 1327 3657 ut
1377 3603 1723 3659 facinorosos
1757 3601 1972 3671 aliquis,
2002 3618 2101 3673 per
2134 3617 2327 3672 repen—

743 3700 911 3753 tinam
944 3707 1168 3752 armatze
1195 3695 1565 3750 multitudinis
1595 3694 1945 3759 seditionem,
1979 3694 2159 3763 capite
2180 3702 2333 3747 trun-

740 3802 899 3844 catus
918 3798 1023 3855 est,
1052 3798 1471 3858 ostentatusque
1499 3785 1705 3855 majore
1737 3795 1860 3856 post
1893 3800 2077 3841 necem
2112 3801 2331 3855 pompa,

743 3899 907 3952 qnam
934 3898 1057 3938 cum
1103 3882 1155 3936 in
1186 3897 1349 3936 curru
1374 3879 1626 3934 sublimis
1658 3892 1756 3949 pro
1800 3880 2123 3947 magistratu
2154 3895 2217 3933 ac
2243 3879 2336 3933 ho-

745 3992 877 4031 nore
905 3976 1173 4046 gestiret?
1220 3975 1356 4027 alter
1416 3986 1545 4026 vero
1600 3986 1724 4025 cum
1772 3971 2023 4039 praetoris
2081 3984 2331 4036 munere,

744 4068 995 4124 eumdem
1023 4068 1137 4139 ipse
1171 4068 1398 4135 adeptus
1455 4065 1741 4126 honorem,
1796 4061 1847 4115 in
1894 4060 2112 4131 Egypti
2171 4071 2333 4130 atque

748 4161 933 4231 Libym
960 4158 1223 4212 extremis
1277 4156 1497 4211 llnibus.
1548 4156 1602 4208 in
1662 4154 1797 4207 locis
1834 4153 2105 4214 arenosis,
2149 4163 2200 4205 et
2232 4152 2335 4206 ltit-

752 4254 921 4308 moris
948 4251 1127 4306 otnuis
1162 4248 1497 4316 humanique
1521 4246 1700 4300 cultus
1734 4245 2071 4314 expertibus,
2116 4243 2337 4296 damna-

750 4344 917 4399 tionis
974 4339 1299 4410 supplicium
1354 4336 1601 4407 fugiens,
1668 4333 1977 4388 miserrime
2029 4334 2336 4387 exstinctus

748 4436 869 4491 est?
900 4433 1038 4501 Quid
1071 4433 1137 4487 de
1171 4448 1236 4486 eo
1265 4432 1533 4495 dicemus,
1576 4429 1669 4497 qui
1726 4436 1783 4482 et
1838 4427 1955 4493 ipse
1984 4426 2242 4481 cxconsul
2274 4440 2337 4481 ac

750 4535 1037 4597 ettpractor,
1064 4524 1116 4578 in
1152 4532 1296 4578 terra
1330 4537 1473 4576 nunc
1510 4520 1767 4575 Colchide
1808 4534 1997 4589 agens,
2032 4517 2225 4585 ejusce‘
2253 4535 2340 4573 re—

752 4619 931 4690 gionis
977 4617 1335 4671 barbarorum
1389 4608 1720 4667 humanitati
1780 4610 1945 4663 vitam
1993 4623 2056 4663 ac
2085 4608 2335 4677 spiritqu

2503 3423 2613 3480 Ποῦ
2647 3426 2697 3476 οί
2732 3423 2960 3489 ὕπατοις
2987 3424 3125 3487 Τοὺς
3150 3423 3278 3494 χθὲς
3310 3422 3405 3476 καὶ
3448 3419 3641 3493 πρώην
3688 3417 4021 3487 ἀρὲθμησον.

2432 3516 2544 3586 Οὐχ
2568 3523 2595 3569 ὀ
2614 3514 2735 3586 μὲν,
2767 3516 2843 3579 ὡς
2874 3517 2923 3569 οἱ
2953 3516 3275 3587 κακοῦργοι,
3308 3514 3407 3583 τῆς
3433 3511 3679 3580 κεφαλῆς
3698 3508 4025 3579 ἀπετμήθη,

2432 3606 2674 3678 πλήθους
2720 3607 3106 3693 ιὁπλιτεύοντας
3164 3606 3338 3677 ἀθρόα
3384 3607 3600 3675 κινήσει
3658 3597 3975 3672 περιπεσών
4008 3615 4021 3629 ’

2432 3701 2757 3774 ἐπομπεύθη
2785 3702 2841 3755 δὲ
2875 3700 3019 3773 μετά
3042 3700 3272 3753 θάνατον
3298 3696 3520 3769 μᾶλλον,
3551 3695 3584 3767 ἢ
3609 3695 3696 3748 δτε
3718 3692 4028 3764 φερόμενος

2433 3793 2528 3847 ἐπὶ
2568 3792 2661 3846 τοῦ
2701 3792 2893 3864 δίφρου
2940 3791 3175 3862 ἐγαυρία
3216 3790 3311 3843 τοῦ
3347 3787 3693 3858 ἀξιώματοςς
3755 3784 3916 3845 ἄλλος
3967 3782 4029 3837 δὲ

2437 3885 2575 3956 μετά
2602 3883 3076 3955 στρατηγίας,ιτῆς
3106 3882 3278 3952 αὐτῆς
3302 3880 3504 3950 ταύτης
3527 3875 3801 3946 ἐπιτυχὼν
3831 3875 4025 3945 τιμῆς,

2435 3973 2621 4037 κακῶς
2660 3976 2718 4027 ἐν
2741 3972 2861 4038 ταῖς
2906 3974 3184 4044 ἐσχατιαῖς
3230 3972 3504 4041 Αἰγύπτου
3557 3968 3784 4037 καὶτῆς
3814 3966 4029 4036 Λιϐύης

2434 4065 2704 4129 ἀπώλετο,
2735 4066 2954 4136 φεύγων
2980 4065 3080 4135 τῆς
3108 4063 3406 4133 καταδίκης
3432 4062 3532 4133 τὴν
3578 4058 3868 4130 τιμωρίαν,
3901 4054 4023 4111 εἶτα

2434 4148 2556 4221 ταῖς
2577 4156 2826 4227 ψάμμοις
2851 4156 3263 4226 ἐντελευτήσας,
3290 4153 3478 4223 ἐπειδὴ
3508 4155 3657 4205 πᾶσα
3686 4146 3753 4221 ἦν
3777 4151 3809 4219 ή
3846 4148 4024 4219 χώρα,

2435 4246 2502 4300 δι’
2532 4241 2602 4318 ἦς
2627 4235 3027 4317 ἀπεδίδρασκεν
3068 4245 3296 4318 ἄνυδρος
3339 4245 3433 4298 καὶ⁷
3458 4244 3742 4314 ἀοίκητοςς
3784 4240 3849 4293 Τί
3877 4239 3924 4292 δ’
3962 4239 4030 4294 ἂν

2437 4336 2668 4409 εἴπομεν
2696 4338 2833 4410 πρὸς
2862 4338 2955 4391 τὸν
2987 4342 3051 4392 ἐκ
3085 4329 3405 4411 στρατηγῶν
3436 4341 3530 4394 καὶ
3555 4338 3796 4399 ὑπάτων,
3824 4337 4029 4411 ὁμοίως

2441 4432 2534 4483 ἐπὶ
2573 4432 2673 4501 τῆς
2716 4432 2977 4502 Κολχίδος
3010 4432 3105 4491 νῦν
3135 4432 3317 4504 χώρας
3361 4432 3637 4497 διάγοντα.
3684 4428 3777 4481 καὶ
3813 4431 3880 4498 τῇ
3922 4428 4031 4481 τῶν

2442 4523 2619 4575 ἐκεῖσε
2646 4524 2936 4596 βαρϐάρων
2960 4524 3340 4595 φιλανθρωπία
3370 4523 3766 4592 διασωζόμενον
3792 4537 3807 4585 ;
3842 4520 3952 4574 Τὸν
3974 4520 4029 4572 δὲ

2446 4614 2505 4678 ἐξ
2543 4615 2811 4687 ὑπάρχων
2867 4618 3093 4675 ἐκεῖνον.
3148 4616 3261 4679 τὸν,
3311 4616 3386 4678 ὼς
3442 4615 3617 4685 ᾤετο,
3666 4611 3881 4683 ,ἄμαχον
3935 4611 4031 4665 καὶ

750 4709 952 4767 debet?
985 4708 1140 4763 Illum
1174 4715 1357 4760 autem
1406 4701 1817 4774 expmfectum,
1869 4702 2133 4756 invictum
2164 4699 2312 4752 illum

2445 4704 2713 4775 λεοντώδη
2757 4706 2858 4777 τὴν
2928 4707 3171 4779 γνώμην,
3222 4706 3307 4758 οἵα
3355 4703 3450 4757 τοῦ
3506 4703 3620 4773 βίου
3678 4701 4032 4771 καταστροφὴ

753 4810 812 4855 ιιι
839 4799 1154 4865 putabatur,
1187 4811 1253 4852 ac
1286 4794 1486 4851 leouiui
1520 4793 1772 4861 pectoris,
1809 4790 1983 4862 qualis
2011 4790 2137 4845 vita:
2187 4800 2335 4844 cata-

753 4893 979 4962 strophe
1009 4889 1252 4958 excepit!
1278 4888 1518 4943 Primum
1563 4884 1780 4955 quidem
1816 4883 1982 4936 lilium
2023 4897 2179 4937 suum
2206 4880 2342 4934 vidit

753 4984 936 5055 capite
966 4990 1316 5045 truncatum;
1369 4984 1572 5031 tumet
1635 4988 1750 5042 .pse
1794 4971 2012 5043 capitali
2070 4972 2337 5026 sententia

824 5097 869 5130 "
886 5094 1164 5160 Mattlmn,
1193 5091 1283 5146 20.

832 5217 944 5290 (50)
975 5212 1166 5290 Nonne
1211 5215 1305 5290 Itis
1342 5204 2343 5290 quidquamQuadrare.viilentAueric

761 5274 996 5343 indicata
1029 5285 1098 5339 ab
1132 5274 1436 5338 Asterio'iu
1490 5274 1781 5339 ltuﬂiuuur,
1828 5276 1917 5344 qui
1941 5342 1954 5344 _
1982 5274 2340 5344 principatum

762 5342 1030 5420 ambiens,
1070 5357 1139 5407 ab
1190 5352 1422 5406 Arcadio
1458 5363 1751 5420 Oppressus
1793 5342 1896 5420 est,
1927 5342 2150 5414 Olybrio
2180 5353 2341 5420 atque

762 5426 999 5484 Probiuo
1020 5413 1357 5484 'cOnsulibus,
1386 5432 1443 5474 ut
1475 5413 1620 5487 punit
1655 5413 2161 5487 Bar0ttius,_ue_tnpe
2192 5413 2345 5465 Chri-

767 5496 837 5552 sti
873 5511 1015 5549 anno
1070 5494 1195 5556 595,
1234 5492 1388 5559 cujus
1416 5484 1578 5558 caput
1620 5490 1670 5540 iu
1702 5489 1853 5559 hasta
1888 5484 2115 5559 sublime
2150 5497 2342 5559 pompa

767 5551 968 5621 clatum
1009 5576 1108 5619 est.
1150 5551 1747 5629 V'ide'apud'eumdem
1782 5558 1953 5624 plura.
1992 5551 2346 5629 Ultuptunab

769 5620 984 5693 Astrcrio
1025 5635 1337 5695 indicatum,
1366 5620 1466 5699 'qui
1514 5620 1793 5699 superiori
1834 5638 1981 5699 anno
2017 5621 2083 5699 ab
2128 5620 2345 5699 hortulis

772 5689 878 5766 ista
908 5689 1089 5761 habita
1112 5717 1177 5758 ex
1209 5689 1427 5761 conSul'e
1462 5689 1840 5755 miserabiliter
1874 5692 2112 5764 perierit,
2151 5691 2204 5744 ιδ.
2234 5689 2348 5745 Sir-

2446 4791 2753 4859 διεδδέξατοί
2788 4795 3010 4866 Πρῶτον
3038 4797 3139 4866 μὲν
3164 4795 3273 4866 γάρ
3298 4794 3475 4846 ἐπεῖδε
3504 4793 3595 4846 τὸν
3648 4790 3841 4847 ἐαυτοῦ
3867 4790 4033 4846 παῖδα

2448 4883 2839 4955 ἀποτμηθέντα
2884 4889 2982 4958 τῆς
3028 4886 3269 4957 κεφαλῆς
3292 4903 3306 4916 ’
3333 4882 3450 4940 εἶτα
3483 4887 3577 4939 καὶ
3610 4883 3771 4946 αὐτὸς
3810 4883 3914 4953 τὴν
3944 4884 4034 4934 ἐπὶ

2448 4974 2665 5047 θανάτῳ
2700 4976 2880 5050 ψῆφον
2913 4980 3151 5046 ἐδέξατο,
3185 4981 3280 5034 καὶ
3313 4981 3410 5050 τῆς
3469 4979 3679 5049 σχοίνου
3712 4974 4036 5048 προσαχθεὶ-

2453 5204 2683 5258 mundus
2715 5202 2984 5259 intellexit
3036 5200 3355 5271 Eutropiqu
3386 5217 3400 5251 :
3436 5214 3499 5253 ac
3530 5213 3659 5253 vere
3691 5200 3863 5271 nullus
3898 5198 4034 5250 alius

2450 5275 2696 5327 videatur
2724 5272 2947 5341 intelligi
2982 5288 3139 5341 posse
3180 5270 3558 5341 commodius;
3581 5283 3705 5323 cum
3747 5270 3811 5341 is,
3857 5278 4034 5341 eten-

2452 5343 2710 5408 uuchum,
2737 5352 2789 5397 et
2824 5338 3060 5412 potentia
3090 5358 3155 5397 ac
3188 5340 3391 5395 divitiis
3422 5338 4031 5412 m:ixirnun_t_siguii_icet,

2452 5415 2666 5481 qualem
2699 5405 2868 5467 nobis
2952 5412 3194 5466 historiae
3240 5405 4030 5481 reprteseutant_Eutropium.

2456 5476 2684 5537 Proinde
2724 5482 2917 5535 vixerit
2969 5482 3068 5536 iste
3114 5476 3359 5536 Asterius
3391 5478 3598 5534 Joanne
3643 5476 4035 5548 Chrysostotno

2455 5554 2729 5620 episcopo,
2759 5552 2891 5605 nihil
2916 5566 3203 5605 commune
3234 5548 3437 5606 habens
3458 5563 3578 5604 cum
3609 5541 3898 5603 nominatis
3922 5541 4035 5598 aliis

2457 5623 2684 5678 Asteriis
2710 5621 3010 5677 Constantii
3037 5630 3299 5691 tempore.
