4212 6318
147 409 228 464 229

1235 411 1512 470 HOMILIA
1551 415 1613 470 ν.
1653 414 1718 470 IN
1752 414 2013 471 MATTII.
2048 411 2191 477 XIX,
2228 413 2283 467 5.

3301 415 3412 469 $50

149 529 261 598 θμὺς
290 526 555 599 πειράζει
616 528 716 598 τὴν
764 526 1096 598 συμϐίωσιν,
1144 528 1238 582 καὶ
1287 529 1455 600 μόνην
1513 529 1732 601 Θηρεύει

1839 527 1986 582 nitttn
2028 527 2230 582 dirimi.
2277 524 2394 580 Non
2433 526 2578 580 enim
2606 527 2684 582 uti
2716 526 2770 583 in
2810 528 3169 585 meretriculis
3202 546 3407 601 pauco-

151 618 349 690 ὴδονὴν,
377 616 562 677 οὕτως
593 617 713 671 ἐστὶ
736 618 831 672 καὶ
865 619 1084 672 ἐπὶτῶν
1116 619 1266 689 νόμῳ
1291 619 1385 672 καὶ
1422 619 1608 690 θεσμῷ
1633 637 1724 673 τε·

146 709 409 781 λουμένων
431 725 446 740 ·
475 709 617 764 ἀλλά
651 711 760 764 πᾶν
785 711 1114 774 τούναντίον,
1143 704 1188 763 ὦ
1214 711 1486 782 ἄνθρωπε,
1519 712 1726 786 μίαυτις

148 803 325 866 ἓνωσις
371 800 590 870 γίνεται
628 803 725 855 καί⁸
769 801 1020 873 σώματος
1059 800 1157 855 καὶ
1184 801 1384 873 ψυχῆς,
1428 803 1504 866 ὡς
1537 803 1633 856 καὶ
1664 801 1726 855 τὸ

145 891 262 966 ἦθος
308 892 388 963 τῷ
433 891 556 963 ἧθει
592 893 1123 964 συνανακιρνᾶσθαι,
1161 894 1254 946 καὶ
1295 894 1394 966 τὴν
1435 894 1615 965 σάρκα
1657 897 1722 965 τῇ

150 985 299 1058 σαρκὶ
349 985 554 1059 τρόπον
602 984 726 1038 τινὰ
776 984 1138 1039 συνδεδέσθαι.
1185 985 1310 1054 Πῶς
1355 980 1449 1038 οὖν
1497 984 1724 1048 ἀπαθῶς

146 1077 430 1149 διατέμνῃς
476 1077 604 1140 Πῶς
641 1077 880 1142 εὐκόλως
911 1079 1006 1132 καὶ
1045 1078 1216 1150 χωρὶς
1258 1077 1555 1149 ἀλγηδόνος
1593 1079 1726 1132 ἀναε-

150 1168 369 1236 χωρεῖς,
407 1158 524 1236 βίου
569 1166 825 1220 κοινωνὸν
869 1164 1048 1218 λαὸὼν
1069 1207 1084 1232 ,
1131 1167 1232 1219 οὐκ
1259 1165 1455 1234 ὀλίγων
1498 1162 1722 1236 ἡμερῶν

147 1258 433 1328 ὑπηρέτιν,
460 1259 562 1328 τὴν
590 1258 826 1329 ἀδελφὴν
864 1258 958 1312 καὶ
998 1260 1265 1323 γυναῖκα,
1318 1257 1580 1328 ’Ᾱδελφὴν
1621 1256 1722 1327 μὲν

149 1352 275 1404 κατά
315 1351 410 1404 τὲν
444 1351 602 1419 λόγον
640 1350 742 1420 τῆς
779 1351 1030 1415 πλάσεως
1065 1351 1161 1405 καὶ
1193 1350 1291 1422 τῆς
1361 1348 1723 1420 δημιουργίας

151 1443 163 1508 (
186 1443 273 1508 ἀφ’
303 1441 426 1506 ἑνὸς
455 1443 566 1515 γὰρ
595 1442 769 1496 αἰτίου
790 1443 837 1474 ⁷⁸
867 1443 968 1512 τῆς
1000 1443 1106 1513 γῆς
1130 1443 1226 1496 καὶ
1256 1442 1358 1512 τῆς
1390 1441 1560 1512 αὐτῆς
1590 1439 1721 1510 ὕλης

148 1534 407 1603 ὑπέστητε
513 1536 750 1603 γυναῖκα
792 1533 878 1598 δὲ,
920 1533 1008 1586 διὰ
1039 1532 1136 1604 τὴν
1182 1532 1376 1586 ἕνωσιν
1420 1534 1520 1605 τῆς
1561 1530 1723 1598 συζυ-

148 1627 278 1694 γίας,
305 1626 396 1680 διὰ
421 1626 517 1679 τὸν
551 1626 718 1698 νόμον
756 1626 849 1680 τοῦ
875 1625 1074 1696 γάμουι
1104 1625 1264 1678 Ποῖον
1290 1621 1384 1679 οὖν
1407 1624 1722 1698 διαρρήξεις

147 1716 354 1786 δεσμὸν,
387 1716 484 1771 καὶ
511 1717 662 1788 νόμῳ
698 1716 981 1787 δεδεμένος
1013 1716 1106 1771 καὶ
1139 1715 1332 1785 φύσει;
1367 1715 1491 1780 Πῶς
1512 1715 1568 1770 δὲ
1591 1715 1720 1770 ἀθε-

149 1809 319 1877 τήσεις
345 1804 446 1869 τὰς
466 1804 782 1877 ὁμολογίας,
805 1804 872 1869 ἀς
897 1805 992 1858 ἐπὶ
1019 1803 1099 1875 τῷ
1127 1804 1294 1875 γάμῳ
1315 1796 1546 1858 κατέθου
1568 1821 1582 1868 ;
1610 1803 1722 1858 Καὶ

1834 633 1952 672 rum
1976 617 2184 672 dierum
2212 629 2470 670 numerus
2510 617 2922 674 contubernium
2965 619 3177 689 probat,
3221 637 3284 678 ac
3321 638 3412 678 so-

1833 709 1937 764 lam
1985 718 2214 762 venatur
2265 707 2625 777 voluptatem,
2670 708 2852 764 itidem
2911 711 2962 765 itt
3023 711 3090 767 iis
3145 728 3266 769 sese
3323 730 3412 770 res

1847 793 2035 856 habet,
2066 809 2185 862 quae
2213 795 2313 849 tite
2341 805 2395 849 et
2423 811 2487 850 ex
2517 795 2630 863 lege
2669 796 2804 852 nunt
2830 815 2844 851 :
2877 799 2970 853 sed
3005 803 3162 870 plane
3192 816 3407 870 contra,

1832 900 1866 940 0
1899 885 2068 941 bone!
2124 882 2238 939 Una
2291 886 2630 940 cnntraliitur
2660 889 2906 957 corporis
2935 900 2987 944 et
3018 892 3212 948 anima:
3242 896 3412 960 socie-

1835 985 1938 1044 tas,
1995 989 2054 1034 ut
2106 987 2162 1033 et
2209 976 2438 1033 affectus
2489 977 2775 1034 affectibus
2827 985 3298 1050 commisceantur,
3347 999 3412 1043 et

1831 1083 1960 1124 caro
1988 1068 2138 1122 carni
2178 1070 2577 1138 quodammodo
2617 1070 2919 1141 colligetur.
2970 1070 3072 1138 in
3109 1089 3238 1146 ergo
3276 1077 3409 1132 nihil

1831 1158 2059 1216 aﬂ‘ectus
2112 1174 2177 1214 ac
2227 1160 2412 1216 dolens
2466 1161 2782 1216 divelleris?
2833 1162 3111 1228 Quomodo
3152 1165 3306 1221 facile
3345 1183 3453 1222 ac

1829 1253 1948 1307 sine
1993 1251 2235 1314 molestia
2274 1252 2699 1322 aagrimnniaque
2739 1255 2977 1321 recedis,
3035 1256 3125 1324 qui
3171 1258 3291 1312 vitae
3321 1275 3413 1314 so—

1829 1344 1970 1399 ciam
1997 1339 2121 1413 (nnu
2145 1343 2394 1397 ancillam
2421 1344 2488 1396 ad
2518 1337 2678 1398 breve
2701 1348 2957 1412 tempus),
2986 1361 3228 1401 sororem
3247 1357 3410 1418 atque

1830 1450 2054 1490 uxorem
2084 1434 2402 1504 acceperis?
2428 1433 2682 1490 Sororem
2715 1437 2953 1504 quidem,
2989 1446 3048 1491 ut
3076 1438 3405 1494 creationem

1829 1541 1897 1580 ac
1937 1525 2201 1596 originem
2237 1535 2485 1595 spectes;
2517 1540 2584 1580 ex
2620 1541 2728 1580 uno
2761 1526 2906 1580 enim
2932 1526 3201 1583 elemento
3228 1541 3405 1592 terrae,

1830 1617 2134 1686 eademque
2206 1615 2430 1672 materia
2485 1615 2686 1671 conditi
2751 1617 2924 1672 estis:
2963 1633 3185 1672 uxorem
3253 1637 3405 1684 vero,

1829 1718 2051 1779 propter
2072 1707 2305 1779 coniugii
2336 1707 2603 1775 copulam,
2629 1720 2849 1777 propter
2874 1711 3184 1780 nuptiarum
3209 1713 3404 1782 legem.

1829 1797 2000 1863 Quale
2052 1798 2180 1852 illud
2216 1806 2591 1868 quantumque
2629 1797 2961 1866 abrupturus
3005 1815 3066 1853 es
3115 1801 3406 1866 vinculum,

148 1897 295 1961 ποίας
327 1896 431 1951 οἴει
467 1914 536 1967 με
563 1896 742 1965 λέγειν
763 1913 778 1960 ς
802 1892 949 1966 *Αρα
971 1896 1071 1967 τῆς
1100 1896 1324 1968 προικὸς
1357 1897 1459 1967 τῆς
1487 1912 1728 1968 συγγρα-

1831 1902 1952 1940 cum
1995 1887 2129 1956 legis
2179 1887 2391 1940 rati0ne
2443 1887 2734 1954 astricms,
2787 1897 2898 1940 tutu
2941 1890 3182 1944 natura?
3245 1889 3409 1946 Pacta

149 1987 332 2057 φείσης
361 1987 620 2050 ἐνταῦθα,
658 1987 749 2040 ὅτε
783 1989 848 2058 τῇ
883 1986 1081 2040 σαυτοῦ
1109 1986 1256 2059 χειρὶ
1288 1988 1622 2060 ὲπεσημήνω
1649 1989 1726 2060 τῷ

150 2077 344 2149 βιελίῳ,
365 2077 896 2150 ἐπισφραγιζόμενος
923 2077 992 2130 τὰ
1005 2077 1340 2148 τελούμενα;
1377 2079 1594 2150 Ἰσχυρά
1627 2080 1725 2151 μὲν

149 2175 244 2246 γὰρ
302 2174 563 2237 κάκεῖνα,
610 2174 708 2227 καὶ
764 2172 955 2244 ἱκανὴν
1005 2173 1106 2244 τὴν
1155 2173 1455 2242 ἀσφάλειαν
1490 2173 1722 2244 ἔχοντα·

154 2266 275 2337 πλὴν
304 2265 412 2334 ἐγὼ
444 2265 584 2338 πρὸς
618 2266 716 2336 τὴν
755 2264 938 2336 φωνὴν
972 2263 1065 2317 τοῦ
1109 2263 1280 2334 Ἀδὰμ
1315 2264 1554 2335 ἐμαυτὸν
1588 2265 1722 2318 ἀνα-

151 2360 285 2430 φέρω
307 2377 320 2390 ·
363 2359 552 2413 Τοῦτο
611 2358 769 2426 σὰρξ
812 2359 880 2412 ἐκ
934 2355 1052 2411 τῶν
1095 2355 1342 2425 σαρκῶν
1397 2374 1550 2426 μου,
1621 2357 1720 2410 καὶ

149 2452 359 2507 ὀστοῦν
385 2452 453 2505 ἐκ
487 2449 610 2506 τῶν
634 2450 830 2505 ὀστῶν
853 2467 972 2520 μου
996 2467 1010 2482 ·
1039 2449 1190 2517 αὕτη
1209 2449 1558 2518 κληθήσετα
1599 2467 1720 2518 μου

151 2541 315 2611 γυνή.
345 2542 493 2612 Λῦτη
521 2543 553 2608 ή
583 2542 735 2613 φωνὴ
786 2542 847 2594 οὐ
885 2542 1060 2613 μάτην
1091 2540 1442 2611 ἀνάγραπτος
1465 2539 1739 2605 σώζεταιο.

150 2632 272 2686 ἀλλὰ
305 2635 456 2704 κοινή
499 2635 646 2686 ἐστιν
679 2632 787 2685 τῶν
826 2631 1130 2703 ἀνθρώπων
1171 2631 1466 2701 ὁμολογία.
1499 2631 1566 2684 δι’
1603 2632 1722 2696 ἐνὸς

150 2724 426 2796 προσώπου
477 2725 572 2778 τοῦ
619 2723 840 2795 πρώτου
878 2721 1052 2793 τούτῳ
1082 2723 1125 2754 ⁷⁷
1169 2722 1333 2793 κοινῷ
1369 2722 1561 2794 πλήθει
1612 2723 1721 2776 τῶν

150 2817 409 2884 γυναικῶν
461 2815 781 2879 ὲκτεθεῖσα,
827 2814 936 2868 τῶν
960 2815 1110 2886 νόμῳ
1150 2817 1264 2878 τοῖς
1304 2814 1560 2886 ἀνδράσιν
1597 2831 1722 2868 συν-

150 2908 477 2978 απτομένων.
504 2908 616 2961 Καὶ
642 2905 718 2978 μὴ
743 2905 1049 2977 θαυμάσῃς,
1081 2906 1130 2957 εἰ
1154 2904 1212 2972 ἐξ
1238 2899 1312 2958 ὧν
1335 2905 1493 2968 ἄλλος
1544 2899 1716 2970 εἶπεν,

151 2998 292 3062 ἄλλος
334 2998 644 3053 εὐθύνεται.
680 2997 868 3051 Πάντα
905 2995 1017 3067 γὰρ
1057 2995 1159 3050 ὅσα
1199 2995 1326 3067 περὶ
1361 2993 1473 3047 τῶν
1506 3011 1721 3066 πρωτο-

151 3090 388 3144 aluisth
417 3097 475 3144 εν
503 3091 702 3161 ἀρχαῖς
733 3085 956 3157 συνέϐη,
981 3084 1154 3140 ταῦτα
1181 3086 1276 3139 τοῦ
1306 3084 1602 3139 ἀκολούθου
1637 3083 1722 3151 γέ-

151 3202 258 3250 νους
286 3185 448 3254 φύσις
477 3185 710 3254 ἐγένετο.

214 3277 305 3329 Ἂν
335 3273 428 3331 οὖν
457 3274 702 3329 λαϐοῦσα
727 3274 785 3329 τὺ
806 3274 904 3343 τῆς
929 3275 1301 3344 Κοσμοποιίας
1323 3269 1524 3340 βιϐλίον
1552 3270 1584 3340 ἡ
1618 3267 1722 3340 μά-

149 3367 536 3438 την-ἀφιεμένη
560 3364 721 3435 γυνὴ,
751 3362 957 3437 ἑλκύσῃ
984 3379 1042 3415 σε
1067 3361 1202 3434 πρὸς
1222 3361 1314 3414 τὸν
1336 3359 1596 3430 δικαστὴν
1623 3358 1723 3427 (δι-

151 3458 342 3529 καστὴν
364 3457 457 3511 τὸν
481 3457 645 3512 αὑτὸν
675 3456 768 3510 καὶ
797 3455 1094 3526 μάρτυρα),
1125 3450 1380 3518 τίλέξεις,
1405 3451 1564 3515 εἰπέ;
1597 3450 1722 3514 Πῶς

151 3549 439 3618 ἐξαλείφεις
463 3544 573 3619 τὴν
589 3545 785 3600 σαυτοῦ
819 3545 1023 3617 φωνὴν,
1055 3546 1122 3615 ἣν
1146 3544 1240 3597 ἐπὶ
1276 3542 1412 3596 Θεοῦ
1454 3542 1718 3612 ἐποιήσω,

147 3630 206 3707 ἦς
227 3636 595 3707 συγγραφεὺς,
619 3635 742 3689 ἀντὶ
771 3635 973 3688 εὐώνου
1001 3633 1529 3705 συμϐολαιογράφου,
1563 3634 1720 3686 Munii-

150 3731 236 3798 σῆς
280 3729 309 3780 ὸ
357 3727 454 3781 τοῦ
499 3726 638 3780 Θεοῦ
693 3726 947 3800 Θεράπων
996 3727 1241 3796 ὲγένετο;
1296 3726 1573 3796 Ἀπάτορα
1625 3725 1720 3778 καὶ

146 3819 384 3891 ἀμήτορα
426 3819 525 3889 τὴν
556 3821 791 3887 γυναῖκα
822 3819 850 3870 ὁ
882 3817 1014 3881 Θεὸς
1035 3816 1113 3888 τῷ
1147 3815 1320 3886 Ἀδὰμ
1351 3814 1564 3880 ἐξέδοτο
1585 3833 1596 3844 ·
1627 3817 1722 3868 καὶ

147 3910 223 3963 διὰ
242 3912 396 3965 τοῦτο
421 3911 494 3972 ὡς
526 3909 780 3981 κηδεμὼν
807 3910 906 3979 τὴν
933 3910 1174 3980 ὀρφανὴν
1204 3906 1576 3977 ἠσφαλίσατο·
1608 3908 1722 3970 τοῖς

148 4000 233 4070 τῆς
261 3999 468 4072 μητρὸς
489 4000 547 4054 δὲ
569 3999 665 4052 νῦν
692 3998 1053 4070 δικαιώμασιν
1086 3997 1320 4069 ἰσχυρῶς
1346 3999 1400 4050 αἱ
1422 3997 1720 4067 θυγατέρες

147 4093 431 4165 κέχρηνται
478 4091 622 4146 κατά
665 4091 776 4145 τῶν
823 4091 1154 4162 ἀγνωμόνων
1190 4089 1286 4143 καὶ
1333 4087 1722 4142 ἀπίστωνοάν-

147 4183 304 4253 δρῶν·
353 4183 497 4236 ὥστε
550 4199 634 4236 σοι
689 4181 1025 4252 πανταχόθεν
1070 4183 1102 4251 ἡ
1155 4179 1561 4255 καταφρόνησις
1618 4177 1719 4246 τῆς

149 4276 377 4349 γαμετῆς
411 4276 694 4340 ἀδύνατος,
735 4276 829 4329 καὶ
870 4273 1120 4346 ἀρχαίοις
1162 4273 1345 4343 νόμοις
1377 4273 1491 4334 τοῖς
1533 4269 1715 4333 θείοις,

149 4370 232 4421 καὶ
277 4368 420 4432 νέοις
463 4365 833 4438 ἀνθρωπικοῖς
873 4363 1160 4434 δεδεμένῳ.
1197 4361 1523 4415 Δυσωπείτω
1569 4360 1627 4413 δέ
1659 4377 1718 4413 σε

149 4455 230 4512 καὶ
253 4459 313 4512 τὸ
338 4461 608 4530 χρήσιμον
633 4458 734 4529 τῆς
777 4456 1038 4526 γυναικὸς
1066 4454 1200 4524 πρὸς
1241 4453 1332 4506 τὸν
1366 4451 1497 4522 βίον.
1543 4451 1718 4516 Μέλος

1829 1976 2086 2045 nuptialia
2140 1992 2202 2030 ac
2250 1976 2568 2046 sponsiones
2623 1977 2890 2045 quomodo
2932 1979 3245 2033 rescindes?
3279 1979 3409 2046 Quae

1827 2081 1956 2120 vero
1991 2059 2148 2136 putas
2173 2082 2238 2121 ex
2271 2083 2356 2120 me
2384 2079 2535 2136 pacta
2583 2067 2811 2121 audire?
2844 2069 2924 2121 An
2969 2071 3165 2137 quibus
3205 2073 3404 2142 scripta

1819 2154 1930 2226 jam
1979 2158 2122 2220 dote,
2175 2167 2228 2210 et
2275 2157 2390 2226 ipse
2441 2172 2602 2209 manu
2648 2157 2864 2227 propria
2915 2159 3305 2228 subsvripsisti,
3343 2177 3407 2215 ar.

1825 2249 2059 2318 sigillum
2129 2249 2428 2318 appOs‘ll‘iSIi
2505 2249 2700 2302 tuum?
2777 2249 2913 2303 Sunt
2993 2253 3241 2322 equidem
3311 2254 3403 2308 illa

1826 2357 2040 2411 quoque
2080 2343 2254 2397 valida
2301 2357 2362 2396 ac
2408 2339 2558 2395 lirma
2602 2342 2736 2396 Salis
2766 2359 2779 2396 :
2811 2358 2909 2413 ego
2945 2345 3298 2400 nihilominus
3339 2349 3407 2401 ad

1825 2435 2016 2490 Adatni
2056 2449 2240 2490 vocent
2266 2449 2496 2504 provoco
2524 2451 2539 2486 ι
2577 2433 2705 2486 "(rc
2737 2451 2859 2488 caro
2885 2451 2948 2488 ex
2974 2437 3221 2490 carnibus
3243 2439 3370 2492 mei:
3386 2457 3408 2505 ,-

1822 2528 1920 2582 hoc
1951 2544 2005 2581 οι
2032 2542 2097 2580 ea:
2125 2523 2326 2580 ossibus
2365 2526 2492 2577 meis
2519 2539 2534 2590 ;
2578 2527 2692 2590 ipsa
2734 2526 3001 2579 vocabitur
3033 2544 3169 2580 uer
3203 2541 3316 2584 inea
3333 2528 3404 2584 ".

1823 2617 1899 2671 Ea
1944 2630 2042 2670 vox
2089 2631 2194 2669 non
2237 2613 2435 2669 frustra
2485 2615 2812 2683 scriptorum
2858 2619 3222 2674 monumentis
3272 2634 3406 2675 cnn-

1825 2710 2035 2780 siguata
2088 2711 2289 2775 manet,
2346 2709 2437 2762 sed
2492 2717 2550 2760 ut
2599 2708 2836 2761 virorum
2887 2711 3209 2775 communis,
3244 2712 3405 2766 unius

1825 2800 1984 2871 primi
2049 2799 2208 2869 liuius
2253 2811 2370 2864 ore,
2434 2799 2757 2853 feminarum
2821 2800 2952 2853 viris
3006 2800 3405 2869 jungendarutn

1825 2893 2086 2946 universo
2110 2891 2263 2946 ει·ιυί
2295 2891 2465 2955 edita,
2502 2900 2681 2944 exstet
2713 2888 3004 2945 confessio.
3032 2903 3108 2946 Ac
3143 2910 3210 2946 ne
3237 2894 3404 2949 mire-

1823 2985 1920 3046 ris,
1969 2983 2128 3038 unius
2157 2997 2223 3037 ex
2261 2983 2436 3037 verbis
2482 2989 2707 3036 cmteros
2766 2979 3015 3051 obligari.
3059 2981 3405 3055 Quaecunque

1821 3072 1966 3126 enim
2009 3071 2154 3126 circa
2202 3071 2560 3140 protnplastus
2607 3070 2725 3124 illos
2773 3069 2931 3124 initio
2965 3074 3303 3142 acciderunt,
3347 3077 3400 3131 itt

1827 3173 2076 3217 natm-nni
2108 3164 2339 3232 posteris
2370 3162 2640 3215 abierunt.

1748 3224 1792 3282 (ἶ
1897 3253 2075 3320 Quare
2111 3252 2157 3308 si
2205 3253 2400 3307 mulier
2446 3262 2650 3307 temere
2688 3253 2932 3318 dimissa,
2981 3265 3195 3324 sumpto
3228 3258 3406 3310 Gene-

1825 3358 1946 3398 seos
1982 3342 2142 3408 libro,
2181 3343 2247 3397 ad
2277 3341 2517 3410 judicent
2562 3343 2816 3414 (judicent
2873 3345 3022 3399 illum
3063 3346 3311 3400 eumdem
3341 3362 3404 3401 ac

1827 3435 2044 3505 testem)
2079 3445 2134 3491 te
2188 3438 2535 3505 pertraxerit,
2569 3438 2657 3492 dic
2689 3454 2809 3507 age,
2840 3438 2967 3506 quid
3014 3437 3405 3507 respondebis?

1823 3524 1924 3592 Qui
1965 3538 2109 3581 tuam
2142 3526 2252 3598 ipse
2290 3543 2472 3582 vocent
2505 3527 2745 3600 tle-fugies
2775 3545 2838 3583 ac
2864 3530 3199 3594 nbliterabis,
3229 3544 3396 3598 quam

1823 3621 1923 3677 sub
1955 3619 2064 3674 Deo
2090 3621 2205 3690 ipso
2245 3619 2464 3675 locutus
2492 3635 2584 3683 es,
2627 3637 2896 3690 quantque
2925 3639 3028 3677 non
3052 3623 3176 3675 vilis
3207 3623 3402 3692 aliquis

1825 3713 2026 3779 scriba,
2064 3712 2156 3766 sed
2212 3711 2304 3766 Dei
2351 3710 2584 3764 famulus
2622 3710 2831 3782 Moyses
2880 3713 2931 3766 in
2981 3716 3404 3769 commentarios

1823 3801 2068 3872 redegit?
2121 3801 2300 3856 Patris
2349 3802 2646 3870 matrisque
2697 3803 2886 3856 solatio
2940 3805 3251 3858 destitutam
3284 3817 3404 3858 mu-

1823 3893 2008 3949 lierem
2037 3893 2180 3951 Deus
2211 3895 2416 3948 Adamn
2443 3894 2772 3948 contradidit
2799 3912 2814 3960 ;
2850 3909 3021 3965 eaque
3055 3898 3282 3963 ratione,
3322 3897 3399 3950 nti

1821 3986 1995 4040 bonus
2024 3993 2265 4048 curator,
2299 3985 2487 4052 puellae
2521 3983 2699 4037 tutel'e
2731 3987 3044 4054 prospexit:
3086 3987 3177 4039 sed
3211 3996 3260 4040 et
3292 4001 3402 4039 ina-

1823 4078 1996 4133 ternis
2026 4093 2172 4130 nunc
2201 4076 2416 4146 juribus
2444 4091 2507 4132 ac
2535 4091 2712 4130 causa:
2749 4075 3102 4131 ﬁrmamentis
3138 4077 3402 4134 adversus

1821 4168 2015 4223 inlidos
2063 4167 2448 4237 improbosque
2497 4167 2719 4221 maritos
2761 4180 2882 4221 sese
2928 4167 3116 4235 puella:
3143 4177 3398 4233 tuentur;

1819 4261 2062 4328 adeoque
2131 4257 2487 4328 undequaque
2545 4271 2769 4312 uxorem
2834 4257 3132 4328 despicatui
3198 4258 3400 4312 habere

1818 4351 2147 4423 prohiberis,
2182 4351 2272 4420 qui
2321 4359 2375 4404 et
2422 4349 2661 4418 antiquis
2709 4349 2909 4418 Deique
2942 4351 3174 4419 legibus,
3217 4353 3400 4405 novis-

1817 4461 1925 4516 que
1949 4461 2011 4500 ac
2032 4444 2286 4500 humanis
2325 4443 2584 4497 astricuts
2620 4442 2874 4497 tenearis.
2922 4441 3188 4497 lncutiant
3224 4444 3399 4513 pudo-

149 4549 406 4622 ὑπάρχει,
457 4548 649 4621 βοηθός
687 4550 862 4601 ἐστιν’
899 4545 1159 4616 συνεργὸς
1189 4545 1268 4606 είς
1309 4542 1586 4613 διαγωγὴν
1616 4541 1712 4595 τοῦ

1821 4550 1934 4590 rem
1972 4534 2058 4588 vel
2089 4533 2215 4588 vitae
2239 4533 2676 4596 commoditates,
2707 4546 2845 4601 quas
2869 4544 3006 4586 u'xor
3033 4530 3208 4589 affert.
3237 4534 3398 4589 Mem-

152 4640 273 4710 βίου,
309 4644 392 4706 εἰς
419 4642 626 4696 παίδων
656 4639 902 4709 γένεσιν-
941 4638 1096 4690 νόσου
1141 4635 1448 4708 ἐπίκουρος,
1485 4633 1716 4703 θλίψεων

1822 4628 1977 4682 brum
2009 4637 2111 4690 est,
2143 4625 2375 4695 adjutrix
2414 4633 2520 4688 est,
2576 4625 2698 4678 vita:
2724 4626 2892 4691 socia,
2937 4641 2998 4679 ac
3026 4627 3393 4683 communium

152 4733 486 4805 παραμυθία,
520 4731 694 4802 φύλαξ
731 4731 832 4800 τῆς
865 4731 1048 4792 ἑστίας
1071 4768 1086 4793 ,
1120 4726 1394 4798 θησαυρὸς
1426 4725 1534 4777 τῶν
1561 4735 1717 4794 κκτη-

155 4823 358 4891 μάτωνο
404 4823 473 4876 τὰ
523 4823 664 4875 αὒτά
719 4819 1071 4889 λυπουμένη,
1123 4818 1189 4871 τὰ
1233 4816 1371 4870 αὑτά
1415 4815 1739 4886 χαίρουσαο·

151 4917 310 4968 κοινὸν
334 4915 656 4987 κεκτημένη
680 4913 770 4967 τὸν
793 4911 1041 4975 πλοῦτον,
1064 4912 1112 4962 εἰ
1135 4907 1338 4981 παρείη
1360 4925 1372 4937 ·
1396 4908 1494 4978 τὴν
1516 4903 1720 4978 μοχθη-

155 5007 240 5075 ρὰν
261 5004 623 5076 οἰκονομοῦσα
662 4999 874 5065 πενίαν,
921 5000 1248 5073 εὐμηχάνως
1278 4998 1374 5052 καὶ
1432 4996 1717 5068 καρτερῶς

151 5097 438 5168 ἀντέχουσα
473 5096 607 5168 πρὸς
633 5095 704 5148 τὰ
729 5094 859 5169 παρ’
890 5093 1106 5164 ἐκείνης
1133 5089 1390 5161 ὀδυνηρά,
1419 5086 1718 5160 ὲπιμὸχθου

152 5189 522 5261 παιδοτροφίας
548 5186 850 5258 ἀνεχομένη
874 5184 962 5238 διὰ
994 5185 1093 5254 τὴν
1122 5181 1258 5254 πρὸς
1292 5182 1350 5233 σὲ
1383 5179 1714 5249 συνοίκησιν.

156 5280 238 5333 Ἂν
259 5279 316 5335 δέ
340 5297 445 5333 που
477 5278 800 5348 περίστασις
828 5272 1111 5344 καταλάϐῃ
1139 5269 1500 5341 πραγμάτων,
1533 5267 1719 5339 βαπτι-

152 5371 282 5436 σθεὶς
314 5367 634 5440 ἀφανίζεται
655 5386 667 5399 ·
693 5371 744 5420 οί
765 5367 822 5421 δὲ
850 5365 1196 5438 νομιζόμενοι
1225 5361 1388 5430 φίλοι,
1425 5360 1501 5431 τῷ
1537 5359 1714 5429 καιρῷ

151 5463 233 5533 τῆς
258 5461 562 5536 εὐπραγίας
587 5461 686 5530 τὴν
722 5459 905 5527 φιλίαν
945 5455 1267 5528 μετροῦντες
1286 5494 1300 5516 ,
1337 5452 1711 5522 ὑποχωροῦσιν

153 5555 199 5605 ὲν
217 5556 320 5616 τοῖς
343 5552 542 5614 δεινοῖς
561 5569 576 5584 ·
616 5551 666 5602 οἱ
696 5549 872 5603 δοῦλοι
924 5550 1020 5602 καλ⁸
1049 5548 1137 5600 τὸν
1163 5543 1429 5611 δεσπότην
1460 5539 1594 5610 ὁμοῦ
1620 5540 1714 5592 καὶ

154 5642 236 5702 τὰς
250 5642 534 5713 συμφορὰς
550 5636 995 5711 δραπετεύουσιν.
1017 5638 1280 5690 Λείπεται
1301 5631 1486 5686 λοιπὸν
1500 5631 1534 5699 ἡ
1554 5629 1710 5700 γυνὴ,

213 5820 362 5877 ⁷⁵Ῐσ.
413 5821 696 5893 στοιχείου.
778 5820 822 5853 ⁷⁷
859 5817 982 5886 ch.
1025 5815 1235 5869 τούτου.

1336 5814 1387 5888 τ’.
1417 5813 1551 5871 Gen.
1598 5827 1658 5877 tt,
1698 5812 1788 5864 25.

1815 4720 2048 4791 genitrix
2084 4719 2396 4782 liberorum,
2441 4718 2494 4772 in
2531 4717 2734 4772 morbis
2773 4717 3110 4787 epitulatrix,
3150 4717 3203 4772 in
3249 4719 3397 4773 cala-

1818 4811 2002 4865 mitate
2045 4809 2307 4873 solamen,
2360 4809 2552 4863 domus
2596 4816 2803 4872 custos,
2853 4823 2918 4862 ac
2961 4808 3223 4862 honorent
3279 4813 3395 4865 tlte-

1816 4915 2030 4957 saurus.
2062 4899 2385 4955 Communes
2413 4898 2482 4953 illi
2524 4898 2776 4961 tristitiae,
2815 4897 3120 4951 conmtunia
3155 4899 3389 4968 gaudia;

1819 5005 2154 5056 communes,
2189 4991 2232 5046 si
2279 4977 2400 5058 quae
2446 5000 2592 5053 sunt,
2641 4989 2879 5061 possidet
2924 4995 3092 5058 opes;
3145 5000 3256 5043 rem
3312 5000 3391 5044 te—

1818 5095 1977 5135 nuem
2007 5089 2372 5149 et‘angustam
2418 5079 2604 5132 sedqu
2643 5089 2937 5142 sustentat,
2984 5081 3232 5148 maloque
3262 5095 3394 5149 pau-

1815 5172 2062 5240 pertatis,
2113 5180 2371 5240 quantum
2404 5179 2600 5239 potest,
2664 5170 2900 5224 occurrit
2926 5184 2987 5224 ac
3028 5171 3276 5238 resistit;
3312 5172 3394 5225 la-

1816 5263 2001 5316 borem
2055 5263 2287 5332 denique
2327 5269 2380 5314 et
2409 5260 2710 5314 molestiam
2750 5260 3044 5315 educandis
3084 5261 3267 5315 liberis
3315 5261 3396 5316 in-

1815 5364 2031 5422 gentem
2063 5355 2141 5408 tui
2175 5367 2338 5407 causa
2385 5351 2723 5406 contubernii
2773 5351 2936 5405 subit.
2980 5350 3133 5418 Quod
3169 5352 3213 5406 si
3249 5351 3394 5407 forte

1819 5447 2106 5500 calamitas
2142 5446 2364 5509 incidit,
2416 5445 2506 5497 ille
2547 5445 2702 5497 malis
2743 5443 2971 5498 obrutus
3018 5445 3189 5511 latet;
3227 5443 3395 5497 amici

1821 5541 1912 5609 qui
1973 5539 2366 5604 censebantur,
2423 5537 2715 5591 amicitiam
2756 5537 3030 5597 .l'elicitate
3085 5537 3392 5599 metientes,

1822 5634 1985 5686 rebus
2023 5633 2267 5686 adversis
2293 5645 2414 5686 sese
2442 5629 2744 5683 subducunt
2772 5646 2786 5695 ;
2817 5628 2959 5683 servi
2980 5626 3258 5683 dominum
3297 5641 3392 5695 pa-
