4212 6318
164 397 240 453 953

1243 390 1520 450 llOMlLlA
1564 389 1625 450 Υ.
1660 396 1731 451 IN
1778 396 1790 450 l

1820 393 2035 451 [ΑΤἸἮ.
2082 393 2224 458 XIX,
2265 392 2316 448 5.
3267 406 3374 461 2'54

164 519 208 572 ιχ
229 510 311 567 τοῦ
334 510 541 584 τρόπου
566 512 628 581 τῇ
656 510 878 579 γυναικί
893 528 907 577 ;
951 511 1148 575 ’Λθῶος
1175 511 1231 564 δὲ
1254 508 1305 565 εἴ
1325 513 1506 584 πάσης
1535 515 1711 585 πλημ-
1739 523 1785 579 Α

1820 516 2048 585 cogitat?
2091 514 2301 584 Quippe
2344 510 2435 567 Dei
2486 510 2651 567 solius
2687 522 2787 578 est,
2837 524 2894 570 ut
2942 517 3069 572 nulli
3117 519 3284 591 culpa:
3314 539 3380 578 ac

168 608 381 683 μελείας,
417 608 514 658 καὶ
545 609 613 676 τῇ
664 606 973 675 συνοικήσει
1021 606 1108 657 τὸν
1143 604 1341 676 θεσμὸν
1374 609 1559 675 τηρεῑς
1594 608 1711 659 ἁδι-

163 701 397 770 ἀφθορον;
438 694 511 749 Ὦ
550 698 723 760 πόσας
757 713 848 749 σου
884 696 1047 767 τυχὸν
1084 696 1367 769 παροινίας
1405 698 1635 767 ἤνεγκεν
1677 700 1711 770 ὴ

164 792 301 863 γυνήί
333 790 526 843 Πόσων
556 788 614 840 δὲ
647 788 950 859 προχείρων
991 786 1202 857 ὕϐρεων
1251 788 1344 839 καὶ
1382 788 1554 858 λόγων
1583 789 1682 842 ἀσέ
1702 818 1713 827 ε

166 898 278 954 μνων
318 878 613 949 ἠνέσχετοί
653 879 793 930 Ὅσα
836 878 893 930 δέ
936 894 1028 930 σου
1079 876 1432 947 ἐλαττώματα
1471 881 1710 947 σιγᾶται,

164 972 314 1042 ἐπειδὴ
335 971 441 1023 οὐκ
468 969 858 1040 ὲδημοσίευσεν
889 970 922 1038 ή
951 968 1084 1038 γυνή
1110 969 1122 1020 !
1173 968 1459 1038 Ἠνέσχετό
1491 986 1583 1022 σου
1619 969 1715 1023 καὶ

165 1064 310 1131 μάτην
348 1059 734 1133 ὀργιζομένου,
774 1060 867 1112 καὶ
900 1058 977 1128 τῷ
1018 1055 1174 1128 θυμῷ
1200 1059 1583 1131 ὑπερζέοντος·
1619 1060 1715 1112 καί

163 1153 463 1227 ήέλευθέρα
506 1154 603 1206 καὶ
640 1151 899 1221 ὁμότιμος
938 1148 1244 1219 ἐσιώπησεν
1277 1150 1351 1215 ὼς
1388 1150 1551 1221 δούλη
1605 1150 1716 1203 τῶν

166 1248 214 1299 ὲκ
246 1243 616 1314 πωλητηρίου.
667 1241 778 1295 Καὶ
830 1241 898 1293 τὰ
954 1242 1228 1310 ἀναγκαῖα
1281 1243 1355 1312 μὴ
1390 1241 1716 1314 χορηγοῦντι

165 1336 271 1408 πρὸς
300 1336 402 1404 τὴν
431 1332 527 1386 τοῦ
560 1331 677 1402 βίου
709 1332 1036 1404 μεταγωγὴν
1070 1332 1161 1385 διὰ
1200 1332 1485 1413 πενίαν,ἢ
1526 1332 1715 1401 γειδω-

166 1428 288 1491 λίαν,
341 1425 444 1478 οὐκ
505 1424 780 1477 ὠνείδισεν
832 1424 1178 1494 λυπουμένηθ
1220 1424 1282 1477 οὐ
1334 1424 1440 1495 μὴν
1495 1423 1618 1477 οὐδὲ
1653 1422 1719 1476 ἐκ

165 1517 441 1589 συμποσίου
487 1514 712 1569 ἐλθόντα
743 1514 874 1568 ποτὲ
907 1514 1002 1568 καὶ
1038 1513 1330 1585 οἰνωμένον
1358 1514 1451 1568 καί
1480 1513 1719 1584 ἔκφρονα

164 1608 442 1679 ἀπέρριψε,
489 1606 589 1677 τῆς
639 1605 813 1676 μέθης
871 1605 1184 1677 μισήσασα’
1245 1605 1381 1659 ἀλλὰ
1422 1604 1719 1670 ὑπεδέξατο

165 1700 278 1769 μετὰ
310 1696 647 1769 συγγνώμης
684 1697 1061 1769 ἀνθρωπικῆς,
1086 1697 1182 1749 καὶ
1214 1696 1625 1771 ἐχειραγώγησέ
1657 1715 1717 1751 σε

164 1794 235 1847 τὸν
259 1791 590 1854 κολάζοντα,
626 1792 721 1844 καὶ
752 1789 849 1859 τὴν
889 1788 1132 1859 κεφαλὴν
1171 1786 1570 1859 ἐθεράπευσεν,
1605 1793 1719 1854 τοῖς

1816 608 2221 676 reprehensioni
2273 605 2539 661 obnoxius
2576 604 2666 659 sit.
2702 607 2782 660 Tu
2818 608 2930 677 ipse
2975 625 3040 664 ne
3086 611 3378 683 quidquam

1816 700 2043 769 peccas?
2098 698 2212 753 Non
2272 700 2511 756 moribus
2556 717 2621 758 ac
2662 702 2879 771 ingenio
2936 711 3026 756 tuo
3076 702 3378 759 molestiam

1817 792 1971 845 uxori
2020 791 2261 861 praebes?
2311 794 2392 846 Au
2434 793 2617 848 omnis
2654 794 2873 849 omnino
2909 809 3073 861 purus
3102 804 3157 849 et
3183 809 3380 865 expers

1814 881 2005 950 culpae,
2043 884 2369 937 matrimonii
2396 883 2565 955 legem
2592 883 2973 939 inviolabiliter
3001 886 3225 941 servas?
3247 885 3385 954 Quo-

1817 979 1923 1031 ties
1953 976 2068 1045 ipsa
2104 976 2241 1030 forte
2280 991 2309 1030 a
2345 979 2635 1033 temulento
2668 977 2994 1034 contumelia
3037 978 3226 1034 all'ecta
3262 982 3380 1036 est!

1818 1059 1990 1127 Quam
2040 1061 2237 1116 multas
2290 1077 2355 1118 ac
2401 1078 2624 1134 magnas
2667 1066 2926 1134 injurias;
2974 1082 3134 1136 quam
3169 1069 3382 1139 indigna

1820 1152 1981 1205 verba
2013 1152 2300 1208 sustinuit!
2334 1155 2475 1219 Ouot
2500 1165 2551 1211 et
2575 1167 2773 1226 quanta
2804 1167 2892 1212 tua
2920 1159 3048 1213 vitia
3078 1159 3129 1213 in
3155 1161 3386 1219 obscuro
3446 1160 3450 1164 Α

1820 1248 1964 1305 sunt,
2021 1242 2274 1309 quoniam
2322 1260 2458 1299 uxor
2500 1261 2605 1300 non
2646 1247 2699 1300 in
2741 1247 2929 1319 vulgus
2974 1252 3201 1320 sparsit!
3239 1250 3387 1309 Tole-

1821 1329 1961 1381 ravit
2005 1328 2094 1382 illa
2140 1340 2343 1387 temere
2382 1341 2439 1387 et
2483 1334 2600 1389 sine
2646 1349 2807 1391 causa
2859 1337 3183 1394 irascentem
3227 1351 3389 1410 atque

1820 1423 2280 1494 debacchantem;
2328 1437 2384 1482 et
2435 1431 2684 1499 quamvis
2740 1430 2907 1487 libera
2962 1448 3027 1488 ac
3076 1434 3389 1503 dignatione

1820 1529 1943 1585 par,
1974 1517 2235 1571 conticuit
2265 1519 2401 1573 sicut
2430 1517 2625 1575 ancilla
2658 1522 2724 1575 de
2751 1521 2868 1577 foro
2895 1533 3094 1594 empta.
3131 1524 3389 1581 Necessa-

1820 1604 1898 1658 ria
1931 1606 1997 1661 ad
2033 1606 2195 1661 vitam
2220 1616 2276 1663 et
2306 1610 2503 1664 victum
2536 1611 2621 1666 vel
2651 1611 2851 1683 inopia,
2884 1614 2966 1669 vel
3011 1616 3235 1671 avaritia
3281 1634 3385 1673 non

1818 1696 2205 1765 suppeditanti,
2257 1713 2564 1768 quanquam
2611 1717 2752 1771 πίνετε
2797 1707 3015 1773 animo,
3068 1724 3172 1762 non
3219 1713 3388 1765 malc-

1821 1784 1993 1854 dixit;:
2048 1798 2150 1840 nec
2201 1788 2513 1842 redeuntem
2546 1806 2574 1843 a
2599 1794 2892 1861 symposio,
2941 1796 3066 1850 vino
3100 1809 3385 1855 oneratum

163 1882 324 1951 ἀτμοῖς
352 1877 814 1951 περιδονουμένην
851 1877 946 1931 τοῦ
984 1878 1160 1930 οίνου·
1196 1877 1479 1949 ὡδήγησεν
1518 1880 1576 1933 δὲ
1626 1880 1718 1932 ἐπὶ
1748 1891 1790 1947 Β

1823 1890 1885 1931 ac
1930 1877 2314 1945 insanientem,
2375 1878 2654 1937 ebrietatis
2696 1884 2822 1939 odio
2873 1902 2979 1940 non
3032 1890 3247 1945 admisit
3296 1902 3389 1947 aut

164 1972 241 2044 τὴν
267 1972 452 2043 κοίτην
477 1970 578 2041 τὴν
611 1969 881 2041 γαμικὴν,
920 1968 1056 2041 μόνη
1090 1968 1472 2041 συμπαθοῦσα,
1507 1970 1615 2024 τῶν
1646 1974 1716 2025 οἰ-

164 2064 308 2117 κετῶν
330 2060 618 2131 γελώντων
649 2062 743 2115 καὶ
769 2050 1234 2131 ἐπιχλευαζόντων
1270 2061 1369 2133 τὴν
1393 2061 1458 2114 ἐκ
1487 2063 1587 2132 τῆς
1617 2063 1715 2134 μέ-

164 2151 243 2224 θης
278 2152 625 2224 παραφορὰν.
665 2152 739 2204 Σὺ
771 2150 826 2203 δὲ
875 2151 941 2205 τὰ
970 2150 1187 2221 ἄμφοδα
1224 2154 1585 2234 περινοστεῖς,
1623 2152 1718 2205 ἐπὶ

163 2244 363 2317 ψυχραῖς
396 2244 601 2306 αἰτίαις
633 2240 994 2312 ἐκτραγῳδῶν
1021 2241 1118 2311 τὴν
1138 2244 1394 2309 γυναῖκα,
1423 2242 1513 2296 ἵνα
1537 2241 1719 2312 σαυτῷ

161 2339 242 2409 τὴν
261 2335 585 2406 συγγνώμην
613 2330 1039 2404 παρασκευάσῃς
1059 2332 1157 2401 τῆς
1191 2333 1482 2403 προχείρου
1516 2331 1719 2404 διαιρέ-

165 2444 297 2491 σεως.
344 2424 569 2497 Σκληρὰ
611 2423 722 2476 τῶν
769 2420 1023 2474 τοιούτων
1054 2421 1262 2492 ἀνδρῶν
1292 2424 1323 2492 ἡ
1365 2422 1558 2493 γνώμη
1580 2462 1593 2485 ,
1625 2423 1719 2489 θη..

164 2519 337 2591 ριώδης
363 2518 460 2572 καὶ
495 2515 833 2587 ἀμείλικτος,
869 2512 933 2563 ἐκ
967 2511 1127 2582 δρυὸς
1162 2513 1195 2584 ἢ
1233 2513 1457 2584 πέτρας,
1494 2514 1635 2568 κατὰ
1659 2510 1722 2571 τὸ

163 2610 457 2683 λεγόμενον,
500 2611 601 2681 τὴν
631 2610 885 2681 γέννησιν
925 2607 1143 2677 ἔχουσα.
1179 2605 1404 2658 Πάντων
1446 2604 1554 2676 γὰρ
1585 2606 1723 2679 ὁμοῦ

161 2702 242 2773 τὴν
270 2705 486 2774 μνήμην
509 2702 915 2771 ἐξαλείψαντες,
947 2697 1173 2760 ἀπαθῶς
1200 2697 1596 2767 διατέμνονται.
1627 2701 1722 2762 Τίς

162 2793 208 2846 δὲ
233 2794 381 2863 μέλος
416 2794 653 2862 νοσῆσαν
685 2794 807 2846 dmi.
841 2791 937 2845 τοῦ
963 2784 1289 2863 θεραπεύειν
1324 2790 1602 2856 ἐκκόπτει,
1628 2793 1722 2845 καὶ

160 2886 310 2938 ταῦτα
360 2886 460 2938 οὐκ
510 2884 850 2938 ἐπικινδύνου
903 2882 1107 2945 πάθους
1145 2879 1535 2951 ἐνσκήψαντος,
1587 2882 1723 2935 ἀλλὰ

162 2977 341 3049 πολλὴν
371 2978 587 3048 ἔχοντος
622 2976 718 3028 καὶ
751 2974 940 3046 ῥᾳδίαν
983 2974 1083 3043 τῆς
1116 2974 1312 3034 ἰάσεως
1344 2972 1442 3042 τὴν
1495 2971 1719 3036 ἐλπίδα;

171 3068 469 3137 Ἑπεγένετο
501 3068 803 3138 φλύκταινα
836 3069 900 3137 τῇ
928 3065 1091 3136 χειρὶ,
1125 3063 1400 3135 ἐπιμελῶς
1438 3063 1608 3133 αὐτὴν
1634 3063 1720 3116 θε-

166 3161 530 3230 ραπεύσωμεν·
579 3154 857 3227 φλεγμονὴ
893 3155 981 3207 τὸν
1026 3154 1159 3206 πόδα
1189 3152 1561 3225 διενόχλησεν,
1591 3168 1725 3223 φαρο

163 3220 305 3321 μάχῳ
350 3220 450 3322 τὴν
479 3220 746 3319 ἐξοίδησιν
778 3220 1242 3315 καταστείλωμεν.
1268 3220 1431 3297 Εἰδέ
1454 3220 1720 3314 παρέντες
1748 3220 1790 3278 C

160 3341 244 3409 τὴν
270 3340 377 3393 τῶν
408 3340 610 3411 ἰατρῶν
645 3336 934 3405 ἐπίσκεψιν
954 3376 971 3398 ,
1006 3336 1135 3405 περὶ
1158 3337 1258 3405 τὴν
1287 3334 1459 3403 τομὴν
1500 3334 1593 3385 καὶ
1626 3332 1719 3385 τὸν

162 3432 360 3502 σίδηρον
379 3429 837 3501 ἀσχοληθείημεν,
866 3426 987 3480 καθ’
1009 3427 1239 3479 ἕκαστον
1258 3424 1365 3477 τῶν
1384 3423 1717 3486 λυπούντων,

160 3519 262 3571 οὐδὲ
288 3520 480 3591 μικρὸν
506 3518 606 3587 τῆς
637 3517 782 3587 ζωῆς
808 3516 1177 3592 διαγενόμενοι
1205 3514 1413 3585 χρόνον,
1448 3515 1582 3566 πᾶσι
1606 3516 1719 3575 τοῖς

161 3610 361 3679 μέλεσιν
394 3610 621 3672 ἑαυτοὺς
653 3607 1163 3677 ἁκροτηριάσωμεν.
1219 3604 1361 3658 Ἀλλ’
1388 3606 1486 3675 οὐχ
1525 3604 1719 3669 οὕτως,

159 3694 429 3770 ιῖιῖιρθδρες⁸
478 3698 620 3751 ἕστω
663 3714 748 3758 τις
793 3697 978 3765 μνήμη
1024 3695 1116 3748 καὶ
1174 3693 1278 3746 τῶν
1335 3693 1552 3746 κώλων·
1606 3693 1725 3745 δυσ-

161 3790 464 3844 ωπείτωσαν
494 3790 639 3859 ὑμᾶς
684 3790 739 3841 αἰ
769 3787 1055 3858 θεραπεῖαι
1095 3785 1203 3839 τῶν
1236 3785 1527 3853 γυναικῶν.
1559 3784 1723 3839 Ὅσον

159 3881 196 3933 δ’
222 3881 281 3935 ἂν
311 3880 708 3952 παροξυνθῆτε,
761 3877 879 3940 ὲνδς
911 3878 1069 3929 τόκου
1097 3877 1194 3946 τὴν
1224 3874 1385 3928 ὠδῖνα
1417 3874 1724 3937 ἀντιθέντες

161 3975 263 4035 ταῖς
291 3974 588 4043 μέμψεσιν,
616 3971 881 4041 εὑρήσετε
910 3969 1213 4039 νικωμένην
1243 3967 1338 4038 τὴν
1359 3967 1467 4020 τῶν
1496 3967 1723 4019 λυπούν-

161 4082 252 4118 των
284 4067 629 4137 περίστασιν.

1821 1966 2043 2036 reiecit;
2095 1969 2189 2024 sed
2230 1970 2385 2025 venia
2419 1986 2483 2025 ac
2527 1972 2769 2037 lenitate,
2821 1991 2939 2045 qua:
2985 1981 3253 2038 hominem
3294 1986 3388 2040 de.

1820 2068 1958 2127 ceat,
1997 2069 2049 2114 te
2089 2063 2348 2132 suscepit,
2392 2073 2447 2118 et
2491 2065 2878 2133 reprimentem
2919 2085 2981 2125 ac
3013 2074 3387 2131 vcrberantem

1820 2149 2108 2215 demulsit;
2157 2160 2424 2222 caputque
2462 2169 2664 2219 aegrum
2694 2172 2760 2212 ac
2796 2160 2927 2213 meri
2958 2164 3244 2230 vaporibus
3276 2168 3389 2236 agi-

1825 2248 2013 2304 tatum,
2048 2242 2233 2297 sedulo
2256 2244 2507 2311 curavit,
2535 2260 2599 2300 ac
2629 2247 2843 2302 demum
2881 2250 2948 2323 in
2995 2260 3167 2307 lorum
3204 2257 3389 2322 conju-

1820 2331 1991 2400 galem
2028 2331 2221 2387 duxit:
2254 2334 2367 2389 sola
2407 2336 2663 2391 nimirum
2713 2340 2789 2392 ttti
2839 2341 3083 2408 miserta,
3133 2359 3255 2400 cum
3311 2347 3391 2401 fa-

1824 2422 1953 2476 muli
1980 2424 2051 2478 ob
2071 2437 2316 2479 errorem
2352 2426 2551 2482 mentis
2582 2443 2647 2482 ac
2678 2430 3051 2499 agitationem,
3086 2436 3274 2499 herum
3306 2439 3392 2493 do-

1824 2512 2065 2569 riderent
2109 2523 2274 2583 atque
2311 2516 2733 2573 subsannarent.
2763 2521 2833 2575 At
2860 2532 2914 2576 tu
2942 2526 3140 2594 passim
3170 2528 3222 2583 in
3245 2545 3393 2584 com~

1822 2597 1951 2670 pitis
1974 2608 2029 2654 et
2059 2599 2252 2669 plateis
2276 2601 2563 2668 oberrans,
2609 2604 2823 2678 frigidis
2853 2608 2919 2664 de
2950 2614 3128 2669 causis
3162 2630 3387 2673 uxorem

1826 2690 2029 2759 tragice
2058 2691 2398 2761 turpiterque
2435 2694 2699 2762 traducis,
2729 2707 2789 2751 ttt
2819 2700 2887 2754 ad
2915 2700 3212 2759 faciliorem
3242 2707 3388 2777 cogi-

1826 2781 1921 2834 tati
1951 2782 2158 2851 repudii
2199 2784 2410 2838 veniam
2457 2801 2523 2840 ac
2562 2790 2993 2859 excusationem,
3025 2796 3166 2849 viam
3196 2798 3290 2852 tibi
3327 2815 3392 2857 ac

1824 2872 2027 2926 aditum
2064 2872 2295 2928 mttnias.
2344 2873 2494 2939 Duri,
2524 2876 2757 2934 immites
2794 2895 2859 2934 ac
2903 2882 3121 2938 belluini
3150 2886 3200 2940 id
3224 2900 3393 2956 genus

1824 2962 2095 3027 homines,
2143 2978 2378 3033 vereque
2417 2967 2606 3036 geniti,
2638 2972 3085 3037 quemadmodum
3137 2974 3337 3039 ferunt,
3362 2993 3394 3029 e

1830 3054 2023 3109 robore
2051 3055 2134 3109 vel
2166 3070 2299 3110 saxo
2322 3057 2457 3127 (55).
2488 3058 2698 3129 Quippe
2728 3062 2818 3131 qui
2850 3064 3101 3120 omnibus
3136 3067 3392 3123 oblivioni

1831 3144 2071 3211 traditis,
2097 3161 2253 3215 aequo
2287 3148 2471 3202 animo
2506 3148 2756 3219 nulloque
2778 3151 2983 3207 doloris
3016 3169 3180 3210 sensu
3216 3172 3398 3229 segre-

1827 3245 2042 3306 gentur.
2084 3237 2216 3303 Quis
2247 3248 2424 3293 autem
2472 3254 2673 3308 aegrum
2720 3242 2821 3297 sibi
2863 3248 3189 3311 membrum,
3233 3263 3396 3304 curn-

1828 3328 1990 3383 tionis
2038 3328 2157 3383 vice
2199 3314 2518 3398 abscindat;
2568 3348 2690 3387 cum
2719 3344 2773 3389 et
2808 3335 3010 3390 nullum
3042 3336 3157 3393 fere
3193 3342 3400 3407 pericu-

1829 3419 1963 3483 lum,
1998 3429 2051 3474 et
2085 3419 2304 3476 medelas
2334 3438 2524 3494 magna
2561 3422 2687 3489 spes
2716 3440 2779 3481 ac
2811 3441 2947 3494 pene
2990 3429 3268 3497 explorata
3302 3446 3402 3487 ex-

1830 3511 2025 3566 sistat?
2056 3511 2257 3566 Exorta
2289 3524 2371 3568 est
2404 3515 2456 3568 in
2486 3530 2649 3570 manu
2682 3518 2917 3585 pustula,
2955 3533 3073 3574 eam
3106 3521 3401 3591 diligenter

1830 3616 2115 3660 curemus:
2151 3603 2503 3659 inflammatio
2536 3607 2655 3675 pedi
2694 3607 2885 3662 infesta
2915 3610 3207 3677 incrutluit,
3234 3615 3399 3682 phar-

1832 3705 1985 3744 maco
2039 3701 2305 3747 tumorem
2354 3695 2724 3752 cohibeamus.
2775 3698 2931 3764 Quod
2960 3700 3003 3754 si
3037 3706 3397 3769 pnntermissa

1830 3780 2161 3834 medicorum
2220 3782 2553 3851 inspectione
2602 3793 2657 3839 et
2703 3801 2872 3854 cura,
2925 3791 3137 3858 quoties
3197 3791 3399 3863 aliquid

1832 3870 2085 3935 doluerit,
2126 3872 2193 3926 ad
2223 3872 2429 3927 ferrum
2459 3890 2522 3930 ac
2549 3877 2844 3932 sectionem
2886 3879 3165 3948 iverimus,
3201 3885 3399 3954 exiguo

1830 3976 1960 4015 sane
1987 3975 2227 4031 tempore
2258 3965 2517 4020 membris
2542 3982 2639 4021 nos
2661 3967 2913 4024 omnibus
2944 3972 3398 4030 mutilaverimus.

1834 4051 2027 4108 Verum
2070 4070 2173 4107 non
2211 4055 2307 4119 ita,
2348 4069 2381 4109 ο
2412 4056 2549 4122 viri;
2586 4072 2905 4113 concessum
2936 4061 3135 4132 aliquid
3167 4075 3284 4120 esto
3315 4067 3399 4121 vel

164 4160 426 4215 memoriae
480 4155 868 4211 membrorum.
904 4153 1149 4208 Flectant
1206 4166 1301 4205 vos
1349 4166 1411 4204 ac
1475 4150 1718 4216 injicith
1757 4148 2016 4217 pudorem
2067 4149 2327 4216 obsequia
2380 4164 2445 4203 ac
2500 4151 2800 4205 ministeria
2858 4168 3110 4208 uxorum.
3160 4156 3401 4222 Quanta-

161 4255 325 4307 visira
357 4249 804 4312 suc-censueritis,
835 4259 1024 4317 partus
1058 4248 1218 4299 unius
1262 4244 1475 4299 dolores
1512 4259 1632 4297 cum
1670 4242 1734 4296 iis
1772 4240 2097 4305 contendite,
2128 4256 2248 4311 qua:
2274 4240 2689 4311 reprehenditis,
2748 4244 3038 4315 multisth
3083 4247 3195 4302 haec
3245 4251 3403 4313 parti-

162 4342 249 4396 bus
278 4343 421 4396 vinci
451 4339 820 4409 comperietis.

232 4433 582 4505 Ἀναφερέτω
609 4433 638 4484 ό
663 4428 1027 4499 ἁναλογισμὸς
1057 4428 1137 4491 εἰς
1170 4429 1336 4498 μέσον
1378 4427 1472 4479 καὶ
1515 4426 1612 4497 τῆς
1642 4426 1723 4477 εὐ·
1768 4432 1790 4485 Ι

1908 4422 2353 4487 Considerentur,
2400 4420 2559 4489 inque
2597 4421 2828 4475 medium
2865 4410 3213 4492 proferantur
3238 4428 3403 4481 benc-

161 4526 294 4588 νοίας
325 4526 399 4577 τὰ
429 4523 640 4591 ἀγαθὼ
677 4521 848 4574 νόσων
883 4519 1199 4591 θεραπείας,
1229 4517 1520 4588 συμφορῶν
1545 4534 1727 4568 κοινω-

161 4618 285 4682 νίαν,
310 4618 532 4688 δάκρυα
561 4614 630 4669 τὰ
660 4613 800 4684 ὑπὲρ
842 4612 1032 4683 ἀνδρὸς
1066 4609 1439 4681 προσαχθέντα
1470 4608 1636 4659 τισίν·
1670 4606 1727 4657 τὸ

162 4709 473 4762 καταλιπεῖν
498 4706 624 4768 τοὺς
661 4702 1117 4774 γεννησαμένους,
1148 4702 1238 4754 καί⁵
1266 4699 1451 4751 ἑστίαν
1481 4697 1723 4765 γονικὴν,

164 4802 244 4852 καὶ
276 4798 653 4867 ἀκολουθῆσαι
689 4794 765 4864 τῷ
805 4793 940 4864 ξένῳ
964 4811 976 4822 ·
1022 4793 1082 4846 τὸ
1132 4790 1379 4861 πωλῆσαί
1416 4808 1471 4841 τι
1506 4788 1612 4841 τῶν
1652 4790 1728 4839 οἰι-

162 4890 344 4962 κείων,
386 4891 483 4943 ἵνα
516 4887 674 4959 ὕϐριν
709 4886 803 4939 καὶ
841 4883 1063 4955 ὄχλησιν
1099 4882 1192 4935 τοῦ
1227 4882 1417 4952 ἀνδρὸς
1458 4879 1729 4949 ἐξωνήση-

158 4998 257 5037 ται.
289 4982 486 5036 Ταῦτα
514 4981 690 5034 πάντα
710 4975 1128 5045 παιδαγωγείτω
1154 4974 1289 5046 πρὸς
1329 4973 1429 5041 τὴν
1470 4970 1727 5031 διάθεσιν,

160 5072 244 5124 καὶ
265 5070 509 5138 γινέσθω
532 5054 829 5138 σύνδεσμος
857 5067 953 5135 τῆς
986 5065 1242 5137 στοργῆς,
1272 5058 1382 5117 οἷον
1409 5063 1589 5117 οἰκίαν
1614 5061 1736 5115 τινὰ

164 5160 514 5234 σαθροτέραν,
529 5161 629 5231 τὴν
648 5157 922 5212 εὐόλισθον
941 5156 1117 5227 ψυχὴν
1132 5156 1469 5224 διεγείροντα
1497 5153 1590 5206 καὶ
1613 5170 1738 5205 συν-

164 5253 365 5322 έχοντα.
407 5252 602 5314 Ἐλεος
646 5251 702 5303 δὲ
734 5247 1023 5320 κρατείτω,
1058 5248 1151 5300 καὶ
1198 5245 1483 5317 συνήθεια,
1513 5245 1607 5297 καὶ
1640 5260 1740 5313 μα·

164 5340 283 5410 κροῦ
330 5341 534 5413 χρόνον
578 5338 878 5409 συμϐίωσις
923 5336 998 5409 μὴ
1041 5335 1311 5401 πατείτω,
1356 5336 1477 5406 ἥτις
1525 5335 1620 5387 καὶ
1670 5334 1738 5387 τὰ

226 5455 337 5523 (33)
372 5454 423 5506 Ε
478 5453 659 5506 robore
708 5461 813 5523 aut
854 5448 1476 5523 quercu._llomericum
1516 5462 1732 5500 versum

166 5517 359 5578 indicat
386 5523 556 5581 Iliad.
596 5537 636 5582 ι,
666 5520 757 5588 qni
804 5520 853 5572 in
895 5519 1425 5588 proverbiumahiit.
1459 5517 1731 5588 integrum

166 5537 359 5578 Indtcat
386 5537 556 5581 (una.
596 5537 636 5582 1,
666 5537 755 5588 qttt
804 5537 853 5572 Itt
914 5537 1237 5573 noverurutn
1270 5537 1425 5572 antu.
1459 5537 1731 5584 Itttegrmtt

165 5592 355 5658 profert
380 5592 638 5647 Clemens
669 5537 1061 5643 Alexandrinus
1089 5588 1140 5641 in
1170 5586 1444 5640 Admonit.
1497 5587 1564 5638 ad
1600 5584 1739 5638 Gen-

164 5671 249 5721 ια,
278 5680 330 5729 ρ.
371 5662 476 5715 18:

163 5753 228 5805 Ού
259 5752 369 5822 γὰρ
398 5752 515 5806 ἀπὸ
536 5751 690 5822 δρυός
714 5752 832 5803 ἐσσι
860 5748 1218 5817 παλαιφάτου,
1244 5748 1349 5802 οὐδ’
1384 5747 1490 5801 ἀπὸ
1515 5745 1741 5816 πέτρης.

227 5824 447 5877 Anuosn
479 5822 881 5889 haudquaquam
903 5822 1106 5887 genitus
1129 5834 1382 5886 συρτειηέ
1404 5827 1633 5886 patrare.

435 5913 713 5974 Pauor.
750 5912 865 5974 Gn.
898 5914 1027 5974 XL.

1834 4514 2081 4569 volentiae
2130 4512 2290 4574 dona,
2339 4511 2646 4565 morborum
2689 4511 3025 4576 curationes,
3075 4529 3296 4569 casuum
3341 4532 3404 4571 ac

1836 4607 2201 4662 calamitatum
2249 4604 2508 4667 societas,
2557 4604 2810 4675 lacrymaz
2858 4605 3037 4659 mariti
3076 4621 3237 4660 causa
3269 4626 3406 4662 nou-

1837 4699 1998 4753 nullis
2056 4697 2266 4752 oblatae.
2321 4696 2509 4748 Veniat
2554 4695 2606 4748 in
2652 4704 2907 4761 mentem,
2963 4697 3106 4765 quod
3154 4712 3404 4766 parentes

1836 4803 1988 4855 suos,
2044 4787 2181 4855 quod
2227 4786 2445 4839 domum
2490 4799 2591 4855 qua
2644 4784 2820 4839 fuerat
2868 4785 3035 4850 edita,
3085 4799 3401 4844 extraneum

1836 4891 2110 4943 secutura,
2146 4878 2462 4947 reliquerit:
2495 4878 2635 4946 quod
2670 4877 2807 4932 forte
2833 4878 3036 4949 aliquid
3076 4896 3253 4935 rerum
3285 4898 3405 4935 sna-

1836 4984 1979 5034 rum,
2028 4978 2085 5023 ut
2114 4968 2210 5022 viri
2244 4966 2493 5033 injuriam
2530 4966 2941 5036 molestiamque
2974 4969 3287 5037 redimeret,
3308 4973 3403 5026 ab-

1835 5060 2175 5117 alienaverit.
2223 5057 2350 5113 Haec
2385 5056 2564 5112 omnia
2612 5056 2866 5111 affectum
2905 5059 3216 5125 concilient,
3253 5078 3405 5117 amo-

1838 5154 2021 5221 risque
2074 5148 2344 5203 vinculum
2397 5154 2636 5214 nectant;
2697 5163 2761 5201 ac
2822 5147 3087 5203 lubricum
3138 5153 3404 5218 animum,

1837 5244 1985 5297 velut
2019 5241 2311 5295 marcidam
2343 5238 2590 5302 domum,
2626 5242 2945 5293 contineant
2977 5247 3141 5311 atque
3176 5244 3405 5313 erigant.

1839 5333 2035 5388 Vincat
2064 5330 2463 5396 misericordia,
2503 5346 2603 5385 nec
2632 5331 2969 5385 consuetudo
2998 5347 3061 5387 ac
3094 5332 3237 5402 longi
3281 5342 3409 5388 tem-

1836 5446 2206 5511 Theodoretns
2265 5442 2302 5495 l.
2352 5456 2428 5495 κη
2477 5440 2552 5494 De
2596 5442 2863 5495 curatione
2909 5441 3214 5496 Grmcarum
3263 5444 3402 5511 απε-

1834 5510 2065 5569 ctionum
2088 5531 2106 5566 .'
2133 5515 2274 5566 Ἴστε
2297 5510 2392 5583 καί
2412 5511 2569 5583 ὑμεῖς
2586 5526 2601 5541 ο
2618 5512 2689 5583 οὐ
2720 5511 2829 5579 γὰρ
2842 5514 2911 5583 ἐκ
2933 5512 3111 5583 δρυὸς,
3144 5514 3283 5567 κατὰ
3315 5510 3408 5567 τὸν

1838 5585 2117 5656 ποιητικὸν
2150 5583 2323 5651 λόγον,
2358 5581 2391 5651 ἢ
2425 5580 2532 5633 ἀπὸ
2561 5581 2765 5652 πέτρης
2791 5599 2802 5611 ·
2829 5580 2941 5656 Ipsi
2965 5580 3073 5634 ἠυη
3106 5582 3359 5650 ignoratis
3387 5601 3405 5637 :

1840 5650 2000 5723 neque
2027 5655 2161 5708 enim
2195 5650 2229 5704 ε
2253 5650 2467 5721 quercu,
2503 5664 2556 5703 ut
2588 5650 2750 5721 poeta:
2784 5650 2943 5703 verbis
2977 5661 3115 5719 utar,
3140 5662 3232 5707 aut
3276 5669 3407 5707 saxo

1841 5727 1998 5793 geniti
2025 5724 2311 5793 prodiislis.

3136 5904 3174 5962 8
