  <div class='ocr_page' id='page_1' title='image "/cluster/home/n/w/nwhite01/storage/ocr_20150623/40/pst.000005712373/125.png"; bbox 0 0 4212 6318; ppageno 0'>
   <div class='ocr_carea' id='block_1_1' title="bbox 754 378 863 433">
    <p class='ocr_par' dir='ltr' id='par_1_1' title="bbox 754 378 863 433">
     <span class='ocr_line' id='line_1_1' title="bbox 754 378 863 433; baseline 0.018 -2"><span class='ocrx_word' id='word_1_1' title='bbox 754 378 863 433; x_wconf 66' lang='lat'><strong>235</strong></span> 
     </span>
    </p>
   </div>
   <div class='ocr_carea' id='block_1_2' title="bbox 2043 386 2756 451">
    <p class='ocr_par' dir='ltr' id='par_1_2' title="bbox 2043 386 2756 451">
     <span class='ocr_line' id='line_1_2' title="bbox 2043 386 2756 451; baseline 0.018 -12"><span class='ocrx_word' id='word_1_2' title='bbox 2043 386 2099 440; x_wconf 88' lang='lat' dir='ltr'><strong>S.</strong></span> <span class='ocrx_word' id='word_1_3' title='bbox 2140 387 2410 444; x_wconf 73' lang='lat' dir='ltr'><strong>ASTERII</strong></span> <span class='ocrx_word' id='word_1_4' title='bbox 2454 394 2756 451; x_wconf 71' lang='lat' dir='ltr'><strong>AMASENI</strong></span> 
     </span>
    </p>
   </div>
   <div class='ocr_carea' id='block_1_3' title="bbox 3929 415 4032 472">
    <p class='ocr_par' dir='ltr' id='par_1_3' title="bbox 3929 415 4032 472">
     <span class='ocr_line' id='line_1_3' title="bbox 3929 415 4032 472; baseline 0.039 -4"><span class='ocrx_word' id='word_1_5' title='bbox 3929 415 4032 472; x_wconf 61' lang='lat'><strong>136</strong></span> 
     </span>
    </p>
   </div>
   <div class='ocr_carea' id='block_1_4' title="bbox 760 493 2334 599">
    <p class='ocr_par' dir='ltr' id='par_1_4' title="bbox 760 493 2334 574">
     <span class='ocr_line' id='line_1_4' title="bbox 760 493 2334 574; baseline 0.008 -26"><span class='ocrx_word' id='word_1_6' title='bbox 760 496 909 566; x_wconf 88' lang='lat' dir='ltr'><strong>poris</strong></span> <span class='ocrx_word' id='word_1_7' title='bbox 955 493 1233 549; x_wconf 78' lang='lat' dir='ltr'><strong>convictus</strong></span> <span class='ocrx_word' id='word_1_8' title='bbox 1279 494 1698 565; x_wconf 86' lang='lat' dir='ltr'><strong>conculcentnr,</strong></span> <span class='ocrx_word' id='word_1_9' title='bbox 1753 496 1947 567; x_wconf 81' lang='lat' dir='ltr'><strong>quibus</strong></span> <span class='ocrx_word' id='word_1_10' title='bbox 2000 501 2176 558; x_wconf 85' lang='lat' dir='ltr'><strong>brutis</strong></span> <span class='ocrx_word' id='word_1_11' title='bbox 2211 504 2334 574; x_wconf 80' lang='lat' dir='ltr'><strong>ipsis</strong></span> 
     </span>
    </p>
   </div>
   <div class='ocr_carea' id='block_1_5' title="bbox 2435 493 4027 599">
    <p class='ocr_par' dir='ltr' id='par_1_5' title="bbox 2448 509 4027 599">
     <span class='ocr_line' id='line_1_5' title="bbox 2448 509 4027 599; baseline 0.014 -36"><span class='ocrx_word' id='word_1_12' title='bbox 2448 509 2616 580; x_wconf 85' lang='grc' dir='ltr'>ἄλογα</span> <span class='ocrx_word' id='word_1_13' title='bbox 2665 518 2809 569; x_wconf 85' lang='grc' dir='ltr'>ποιεῖ</span> <span class='ocrx_word' id='word_1_14' title='bbox 2852 517 2959 570; x_wconf 80' lang='grc' dir='ltr'><strong>τῶν</strong></span> <span class='ocrx_word' id='word_1_15' title='bbox 3007 517 3161 582; x_wconf 75' lang='grc' dir='ltr'>ζώων</span> <span class='ocrx_word' id='word_1_16' title='bbox 3206 520 3524 593; x_wconf 78' lang='grc' dir='ltr'>ἀχωρίστως</span> <span class='ocrx_word' id='word_1_17' title='bbox 3572 524 3716 595; x_wconf 76' lang='grc' dir='ltr'>ἔχειν</span> <span class='ocrx_word' id='word_1_18' title='bbox 3762 527 4027 599; x_wconf 76' lang='grc' dir='ltr'>ἀλλήλων.</span> 
     </span>
    </p>
   </div>
   <div class='ocr_carea' id='block_1_6' title="bbox 758 589 2335 659">
    <p class='ocr_par' dir='ltr' id='par_1_6' title="bbox 758 589 2335 659">
     <span class='ocr_line' id='line_1_6' title="bbox 758 589 2335 659; baseline 0.005 -16"><span class='ocrx_word' id='word_1_19' title='bbox 758 589 1124 644; x_wconf 72' lang='lat' dir='ltr'><strong>animantibus</strong></span> <span class='ocrx_word' id='word_1_20' title='bbox 1171 602 1314 658; x_wconf 73' lang='lat' dir='ltr'><strong>tegre</strong></span> <span class='ocrx_word' id='word_1_21' title='bbox 1356 592 1598 659; x_wconf 83' lang='lat' dir='ltr'><strong>separari</strong></span> <span class='ocrx_word' id='word_1_22' title='bbox 1640 592 1873 648; x_wconf 92' lang='lat' dir='ltr'><strong>accedit.</strong></span> <span class='ocrx_word' id='word_1_23' title='bbox 1910 590 2029 647; x_wconf 73' lang='lat' dir='ltr'><strong>Vidi</strong></span> <span class='ocrx_word' id='word_1_24' title='bbox 2062 605 2211 650; x_wconf 88' lang='lat' dir='ltr'><strong>certe</strong></span> <span class='ocrx_word' id='word_1_25' title='bbox 2242 598 2335 651; x_wconf 85' lang='lat' dir='ltr'><strong>bn-</strong></span> 
     </span>
    </p>
   </div>
   <div class='ocr_carea' id='block_1_7' title="bbox 757 681 2340 757">
    <p class='ocr_par' dir='ltr' id='par_1_7' title="bbox 757 681 2340 757">
     <span class='ocr_line' id='line_1_7' title="bbox 757 681 2340 757; baseline 0.004 -21"><span class='ocrx_word' id='word_1_26' title='bbox 757 696 902 749; x_wconf 77' lang='lat' dir='ltr'><strong>vem,</strong></span> <span class='ocrx_word' id='word_1_27' title='bbox 943 681 1086 750; x_wconf 87' lang='lat' dir='ltr'><strong>quod</strong></span> <span class='ocrx_word' id='word_1_28' title='bbox 1133 684 1442 738; x_wconf 77' lang='lat' dir='ltr'><strong>aberrasset</strong></span> <span class='ocrx_word' id='word_1_29' title='bbox 1494 686 1561 742; x_wconf 88' lang='lat' dir='ltr'><strong>ab</strong></span> <span class='ocrx_word' id='word_1_30' title='bbox 1610 694 1877 749; x_wconf 87' lang='lat' dir='ltr'><strong>armento,</strong></span> <span class='ocrx_word' id='word_1_31' title='bbox 1930 685 2185 757; x_wconf 89' lang='lat' dir='ltr'><strong>solusque</strong></span> <span class='ocrx_word' id='word_1_32' title='bbox 2233 688 2340 745; x_wconf 90' lang='lat' dir='ltr'><strong>sibi</strong></span> 
     </span>
    </p>
   </div>
   <div class='ocr_carea' id='block_1_8' title="bbox 755 772 2338 851">
    <p class='ocr_par' dir='ltr' id='par_1_8' title="bbox 755 772 2338 851">
     <span class='ocr_line' id='line_1_8' title="bbox 755 772 2338 851; baseline 0.004 -22"><span class='ocrx_word' id='word_1_33' title='bbox 755 775 980 831; x_wconf 86' lang='lat' dir='ltr'><strong>relictus</strong></span> <span class='ocrx_word' id='word_1_34' title='bbox 1028 785 1195 839; x_wconf 89' lang='lat' dir='ltr'><strong>esset,</strong></span> <span class='ocrx_word' id='word_1_35' title='bbox 1258 779 1639 836; x_wconf 75' lang='lat' dir='ltr'><strong>miserabiliter</strong></span> <span class='ocrx_word' id='word_1_36' title='bbox 1675 779 2041 849; x_wconf 78' lang='lat' dir='ltr'><strong>mugientem;</strong></span> <span class='ocrx_word' id='word_1_37' title='bbox 2078 772 2338 851; x_wconf 84' lang='lat' dir='ltr'><strong>pecudem</strong></span> 
     </span>
    </p>
   </div>
   <div class='ocr_carea' id='block_1_9' title="bbox 758 867 2339 943">
    <p class='ocr_par' dir='ltr' id='par_1_9' title="bbox 758 867 2339 943">
     <span class='ocr_line' id='line_1_9' title="bbox 758 867 2339 943; baseline 0.004 -20"><span class='ocrx_word' id='word_1_38' title='bbox 758 868 884 924; x_wconf 86' lang='lat' dir='ltr'><strong>item</strong></span> <span class='ocrx_word' id='word_1_39' title='bbox 900 867 954 922; x_wconf 92' lang='lat' dir='ltr'><strong>in</strong></span> <span class='ocrx_word' id='word_1_40' title='bbox 977 868 1114 924; x_wconf 83' lang='lat' dir='ltr'><strong>saltu</strong></span> <span class='ocrx_word' id='word_1_41' title='bbox 1130 868 1426 937; x_wconf 84' lang='lat' dir='ltr'><strong>balantem,</strong></span> <span class='ocrx_word' id='word_1_42' title='bbox 1443 882 1754 943; x_wconf 84' lang='lat' dir='ltr'><strong>montesque</strong></span> <span class='ocrx_word' id='word_1_43' title='bbox 1766 881 2195 943; x_wconf 88' lang='lat' dir='ltr'><strong>percurrentem,</strong></span> <span class='ocrx_word' id='word_1_44' title='bbox 2214 874 2339 929; x_wconf 92' lang='lat' dir='ltr'><strong>dum</strong></span> 
     </span>
    </p>
   </div>
   <div class='ocr_carea' id='block_1_10' title="bbox 757 959 2341 1034">
    <p class='ocr_par' dir='ltr' id='par_1_10' title="bbox 757 959 2341 1034">
     <span class='ocr_line' id='line_1_10' title="bbox 757 959 2341 1034; baseline 0.005 -22"><span class='ocrx_word' id='word_1_45' title='bbox 757 959 824 1013; x_wconf 89' lang='lat' dir='ltr'><strong>ad</strong></span> <span class='ocrx_word' id='word_1_46' title='bbox 849 974 1065 1031; x_wconf 77' lang='lat' dir='ltr'><strong>gregem</strong></span> <span class='ocrx_word' id='word_1_47' title='bbox 1092 961 1360 1029; x_wconf 86' lang='lat' dir='ltr'><strong>rediisset,</strong></span> <span class='ocrx_word' id='word_1_48' title='bbox 1392 979 1419 1017; x_wconf 89' lang='lat' dir='ltr'><strong>a</strong></span> <span class='ocrx_word' id='word_1_49' title='bbox 1451 979 1556 1033; x_wconf 92' lang='lat' dir='ltr'><strong>quo</strong></span> <span class='ocrx_word' id='word_1_50' title='bbox 1601 964 1741 1021; x_wconf 90' lang='lat' dir='ltr'><strong>inter</strong></span> <span class='ocrx_word' id='word_1_51' title='bbox 1783 964 2108 1034; x_wconf 86' lang='lat' dir='ltr'><strong>pascendum</strong></span> <span class='ocrx_word' id='word_1_52' title='bbox 2157 980 2341 1020; x_wconf 87' lang='lat' dir='ltr'><strong>reces-</strong></span> 
     </span>
    </p>
   </div>
   <div class='ocr_carea' id='block_1_11' title="bbox 756 1051 2339 1127">
    <p class='ocr_par' dir='ltr' id='par_1_11' title="bbox 756 1051 2339 1127">
     <span class='ocr_line' id='line_1_11' title="bbox 756 1051 2339 1127; baseline 0.004 -22"><span class='ocrx_word' id='word_1_53' title='bbox 756 1060 923 1105; x_wconf 82' lang='lat' dir='ltr'><strong>serat.</strong></span> <span class='ocrx_word' id='word_1_54' title='bbox 977 1051 1082 1107; x_wconf 87' lang='lat' dir='ltr'><strong>Sed</strong></span> <span class='ocrx_word' id='word_1_55' title='bbox 1114 1063 1167 1107; x_wconf 91' lang='lat' dir='ltr'><strong>et</strong></span> <span class='ocrx_word' id='word_1_56' title='bbox 1202 1070 1367 1126; x_wconf 84' lang='lat' dir='ltr'><strong>capra</strong></span> <span class='ocrx_word' id='word_1_57' title='bbox 1417 1055 1556 1110; x_wconf 89' lang='lat' dir='ltr'><strong>idem</strong></span> <span class='ocrx_word' id='word_1_58' title='bbox 1603 1071 1785 1127; x_wconf 90' lang='lat' dir='ltr'><strong>passa,</strong></span> <span class='ocrx_word' id='word_1_59' title='bbox 1820 1071 2135 1126; x_wconf 87' lang='lat' dir='ltr'><strong>quanquam</strong></span> <span class='ocrx_word' id='word_1_60' title='bbox 2162 1056 2213 1111; x_wconf 91' lang='lat' dir='ltr'><strong>in</strong></span> <span class='ocrx_word' id='word_1_61' title='bbox 2246 1073 2339 1111; x_wconf 86' lang='lat' dir='ltr'><strong>va-</strong></span> 
     </span>
    </p>
   </div>
   <div class='ocr_carea' id='block_1_12' title="bbox 757 1143 2337 1215">
    <p class='ocr_par' dir='ltr' id='par_1_12' title="bbox 757 1143 2337 1215">
     <span class='ocr_line' id='line_1_12' title="bbox 757 1143 2337 1215; baseline 0.004 -19"><span class='ocrx_word' id='word_1_62' title='bbox 757 1146 871 1198; x_wconf 90' lang='lat' dir='ltr'><strong>rios</strong></span> <span class='ocrx_word' id='word_1_63' title='bbox 921 1143 1112 1200; x_wconf 88' lang='lat' dir='ltr'><strong>incidit</strong></span> <span class='ocrx_word' id='word_1_64' title='bbox 1154 1161 1366 1215; x_wconf 85' lang='lat' dir='ltr'><strong>greges,</strong></span> <span class='ocrx_word' id='word_1_65' title='bbox 1410 1150 1802 1214; x_wconf 69' lang='lat' dir='ltr'><strong>przetcrcurrit,</strong></span> <span class='ocrx_word' id='word_1_66' title='bbox 1832 1162 1929 1202; x_wconf 90' lang='lat' dir='ltr'><strong>nec</strong></span> <span class='ocrx_word' id='word_1_67' title='bbox 1956 1156 2083 1203; x_wconf 85' lang='lat' dir='ltr'><strong>ante</strong></span> <span class='ocrx_word' id='word_1_68' title='bbox 2118 1163 2337 1204; x_wconf 85' lang='lat' dir='ltr'><strong>cursum</strong></span> 
     </span>
    </p>
   </div>
   <div class='ocr_carea' id='block_1_13' title="bbox 754 1234 2336 1310">
    <p class='ocr_par' dir='ltr' id='par_1_13' title="bbox 754 1234 2336 1310">
     <span class='ocr_line' id='line_1_13' title="bbox 754 1234 2336 1310; baseline 0.003 -23"><span class='ocrx_word' id='word_1_69' title='bbox 754 1234 918 1301; x_wconf 83' lang='lat' dir='ltr'><strong>sistit,</strong></span> <span class='ocrx_word' id='word_1_70' title='bbox 964 1250 1126 1304; x_wconf 87' lang='lat' dir='ltr'><strong>quam</strong></span> <span class='ocrx_word' id='word_1_71' title='bbox 1175 1236 1261 1290; x_wconf 91' lang='lat' dir='ltr'><strong>ubi</strong></span> <span class='ocrx_word' id='word_1_72' title='bbox 1312 1250 1493 1304; x_wconf 87' lang='lat' dir='ltr'><strong>suum,</strong></span> <span class='ocrx_word' id='word_1_73' title='bbox 1524 1238 1608 1293; x_wconf 91' lang='lat' dir='ltr'><strong>cui</strong></span> <span class='ocrx_word' id='word_1_74' title='bbox 1641 1240 2071 1303; x_wconf 78' lang='lat' dir='ltr'><strong>assuevisset,et</strong></span> <span class='ocrx_word' id='word_1_75' title='bbox 2119 1253 2336 1310; x_wconf 83' lang='lat' dir='ltr'><strong>gregem</strong></span> 
     </span>
    </p>
   </div>
   <div class='ocr_carea' id='block_1_14' title="bbox 755 1328 1411 1399">
    <p class='ocr_par' dir='ltr' id='par_1_14' title="bbox 755 1328 1411 1399">
     <span class='ocr_line' id='line_1_14' title="bbox 755 1328 1411 1399; baseline 0.006 -20"><span class='ocrx_word' id='word_1_76' title='bbox 755 1336 807 1380; x_wconf 89' lang='lat' dir='ltr'><strong>et</strong></span> <span class='ocrx_word' id='word_1_77' title='bbox 836 1328 1150 1396; x_wconf 82' lang='lat' dir='ltr'><strong>caprarium</strong></span> <span class='ocrx_word' id='word_1_78' title='bbox 1184 1328 1411 1399; x_wconf 89' lang='lat' dir='ltr'><strong>reperit.</strong></span> 
     </span>
    </p>
   </div>
   <div class='ocr_carea' id='block_1_15' title="bbox 823 1415 2338 1491">
    <p class='ocr_par' dir='ltr' id='par_1_15' title="bbox 823 1415 2338 1491">
     <span class='ocr_line' id='line_1_15' title="bbox 823 1415 2338 1491; baseline 0.005 -21"><span class='ocrx_word' id='word_1_79' title='bbox 823 1415 903 1471; x_wconf 85' lang='lat' dir='ltr'><strong>Ne</strong></span> <span class='ocrx_word' id='word_1_80' title='bbox 935 1433 1031 1473; x_wconf 90' lang='lat' dir='ltr'><strong>nos</strong></span> <span class='ocrx_word' id='word_1_81' title='bbox 1062 1433 1211 1489; x_wconf 86' lang='lat' dir='ltr'><strong>ergo,</strong></span> <span class='ocrx_word' id='word_1_82' title='bbox 1238 1418 1329 1489; x_wconf 89' lang='lat' dir='ltr'><strong>qui</strong></span> <span class='ocrx_word' id='word_1_83' title='bbox 1354 1420 1563 1476; x_wconf 87' lang='lat' dir='ltr'><strong>ratione</strong></span> <span class='ocrx_word' id='word_1_84' title='bbox 1588 1420 1801 1491; x_wconf 74' lang='lat' dir='ltr'><strong>praediti</strong></span> <span class='ocrx_word' id='word_1_85' title='bbox 1846 1436 2058 1489; x_wconf 87' lang='lat' dir='ltr'><strong>sumus,</strong></span> <span class='ocrx_word' id='word_1_86' title='bbox 2089 1422 2338 1478; x_wconf 87' lang='lat' dir='ltr'><strong>duriores</strong></span> 
     </span>
    </p>
   </div>
   <div class='ocr_carea' id='block_1_16' title="bbox 753 1508 2335 1582">
    <p class='ocr_par' dir='ltr' id='par_1_16' title="bbox 753 1508 2335 1582">
     <span class='ocr_line' id='line_1_16' title="bbox 753 1508 2335 1582; baseline 0.004 -18"><span class='ocrx_word' id='word_1_87' title='bbox 753 1508 1073 1565; x_wconf 79' lang='lat' dir='ltr'><strong>exsistamus</strong></span> <span class='ocrx_word' id='word_1_88' title='bbox 1101 1510 1276 1567; x_wconf 90' lang='lat' dir='ltr'><strong>brutis</strong></span> <span class='ocrx_word' id='word_1_89' title='bbox 1300 1526 1315 1577; x_wconf 92' lang='lat'><strong>;</strong></span> <span class='ocrx_word' id='word_1_90' title='bbox 1339 1526 1515 1582; x_wconf 89' lang='lat' dir='ltr'><strong>neque</strong></span> <span class='ocrx_word' id='word_1_91' title='bbox 1537 1513 1763 1569; x_wconf 84' lang='lat' dir='ltr'><strong>minoris</strong></span> <span class='ocrx_word' id='word_1_92' title='bbox 1794 1529 2015 1569; x_wconf 80' lang='lat' dir='ltr'><strong>uxorem</strong></span> <span class='ocrx_word' id='word_1_93' title='bbox 2051 1512 2335 1580; x_wconf 77' lang='lat' dir='ltr'><strong>faciamus,</strong></span> 
     </span>
    </p>
   </div>
   <div class='ocr_carea' id='block_1_17' title="bbox 754 1600 2336 1672">
    <p class='ocr_par' dir='ltr' id='par_1_17' title="bbox 754 1600 2336 1672">
     <span class='ocr_line' id='line_1_17' title="bbox 754 1600 2336 1672; baseline 0.004 -18"><span class='ocrx_word' id='word_1_94' title='bbox 754 1616 918 1671; x_wconf 89' lang='lat' dir='ltr'><strong>quam</strong></span> <span class='ocrx_word' id='word_1_95' title='bbox 954 1600 1055 1656; x_wconf 64' lang='lat' dir='ltr'><strong>vite</strong></span> <span class='ocrx_word' id='word_1_96' title='bbox 1086 1602 1339 1656; x_wconf 86' lang='lat' dir='ltr'><strong>comitem</strong></span> <span class='ocrx_word' id='word_1_97' title='bbox 1375 1600 1632 1672; x_wconf 88' lang='lat' dir='ltr'><strong>aliquem,</strong></span> <span class='ocrx_word' id='word_1_98' title='bbox 1665 1602 1903 1660; x_wconf 89' lang='lat' dir='ltr'><strong>aliumve</strong></span> <span class='ocrx_word' id='word_1_99' title='bbox 1936 1618 2001 1660; x_wconf 82' lang='lat' dir='ltr'><strong>ex</strong></span> <span class='ocrx_word' id='word_1_100' title='bbox 2040 1618 2201 1660; x_wconf 84' lang='lat' dir='ltr'><strong>causa</strong></span> <span class='ocrx_word' id='word_1_101' title='bbox 2235 1605 2336 1660; x_wconf 89' lang='lat' dir='ltr'><strong>levi</strong></span> 
     </span>
    </p>
   </div>
   <div class='ocr_carea' id='block_1_18' title="bbox 752 1690 2334 1766">
    <p class='ocr_par' dir='ltr' id='par_1_18' title="bbox 752 1690 2334 1766">
     <span class='ocr_line' id='line_1_18' title="bbox 752 1690 2334 1766; baseline 0.003 -20"><span class='ocrx_word' id='word_1_102' title='bbox 752 1701 807 1746; x_wconf 90' lang='lat' dir='ltr'><strong>et</strong></span> <span class='ocrx_word' id='word_1_103' title='bbox 851 1690 1028 1747; x_wconf 89' lang='lat' dir='ltr'><strong>subita</strong></span> <span class='ocrx_word' id='word_1_104' title='bbox 1089 1690 1282 1747; x_wconf 87' lang='lat' dir='ltr'><strong>leviter</strong></span> <span class='ocrx_word' id='word_1_105' title='bbox 1335 1691 1493 1748; x_wconf 89' lang='lat' dir='ltr'><strong>nobis</strong></span> <span class='ocrx_word' id='word_1_106' title='bbox 1527 1702 1734 1749; x_wconf 89' lang='lat' dir='ltr'><strong>notum.</strong></span> <span class='ocrx_word' id='word_1_107' title='bbox 1777 1694 1941 1750; x_wconf 86' lang='lat' dir='ltr'><strong>Vides</strong></span> <span class='ocrx_word' id='word_1_108' title='bbox 1982 1695 2334 1766; x_wconf 87' lang='lat' dir='ltr'><strong>quemadmo-</strong></span> 
     </span>
    </p>
   </div>
   <div class='ocr_carea' id='block_1_19' title="bbox 753 1782 2337 1855">
    <p class='ocr_par' dir='ltr' id='par_1_19' title="bbox 753 1782 2337 1855">
     <span class='ocr_line' id='line_1_19' title="bbox 753 1782 2337 1855; baseline 0.002 -19"><span class='ocrx_word' id='word_1_109' title='bbox 753 1782 877 1836; x_wconf 87' lang='lat' dir='ltr'><strong>dum</strong></span> <span class='ocrx_word' id='word_1_110' title='bbox 907 1782 941 1836; x_wconf 93' lang='lat' dir='ltr'><strong>ii</strong></span> <span class='ocrx_word' id='word_1_111' title='bbox 975 1795 1113 1851; x_wconf 83' lang='lat' dir='ltr'><strong>quos</strong></span> <span class='ocrx_word' id='word_1_112' title='bbox 1135 1783 1225 1837; x_wconf 92' lang='lat' dir='ltr'><strong>via</strong></span> <span class='ocrx_word' id='word_1_113' title='bbox 1251 1782 1463 1851; x_wconf 85' lang='lat' dir='ltr'><strong>publica</strong></span> <span class='ocrx_word' id='word_1_114' title='bbox 1497 1782 1698 1851; x_wconf 85' lang='lat' dir='ltr'><strong>junxit,</strong></span> <span class='ocrx_word' id='word_1_115' title='bbox 1728 1784 1982 1855; x_wconf 89' lang='lat' dir='ltr'><strong>idemque</strong></span> <span class='ocrx_word' id='word_1_116' title='bbox 2031 1794 2230 1841; x_wconf 87' lang='lat' dir='ltr'><strong>tectum</strong></span> <span class='ocrx_word' id='word_1_117' title='bbox 2273 1801 2337 1839; x_wconf 90' lang='lat' dir='ltr'><strong>ac</strong></span> 
     </span>
    </p>
   </div>
   <div class='ocr_carea' id='block_1_20' title="bbox 752 1861 2408 1944">
    <p class='ocr_par' dir='ltr' id='par_1_20' title="bbox 752 1861 2408 1944">
     <span class='ocr_line' id='line_1_20' title="bbox 752 1861 2408 1944; baseline 0.002 -19"><span class='ocrx_word' id='word_1_118' title='bbox 752 1872 1133 1936; x_wconf 82' lang='lat' dir='ltr'><strong>diversorium,</strong></span> <span class='ocrx_word' id='word_1_119' title='bbox 1174 1880 1267 1926; x_wconf 86' lang='lat' dir='ltr'><strong>aut</strong></span> <span class='ocrx_word' id='word_1_120' title='bbox 1311 1872 1567 1928; x_wconf 86' lang='lat' dir='ltr'><strong>umbrosa</strong></span> <span class='ocrx_word' id='word_1_121' title='bbox 1593 1889 1691 1944; x_wconf 90' lang='lat' dir='ltr'><strong>per</strong></span> <span class='ocrx_word' id='word_1_122' title='bbox 1722 1884 1914 1931; x_wconf 63' lang='lat' dir='ltr'><strong>aestum</strong></span> <span class='ocrx_word' id='word_1_123' title='bbox 1966 1876 2329 1931; x_wconf 86' lang='lat' dir='ltr'><strong>meridianum</strong></span> <span class='ocrx_word' id='word_1_124' title='bbox 2367 1861 2408 1916; x_wconf 79' lang='grc' dir='ltr'><strong>Β</strong></span> 
     </span>
    </p>
   </div>
   <div class='ocr_carea' id='block_1_21' title="bbox 751 1961 2332 2032">
    <p class='ocr_par' dir='ltr' id='par_1_21' title="bbox 751 1961 2332 2032">
     <span class='ocr_line' id='line_1_21' title="bbox 751 1961 2332 2032; baseline 0.003 -15"><span class='ocrx_word' id='word_1_125' title='bbox 751 1964 913 2017; x_wconf 90' lang='lat' dir='ltr'><strong>arbor</strong></span> <span class='ocrx_word' id='word_1_126' title='bbox 948 1962 1183 2032; x_wconf 80' lang='lat' dir='ltr'><strong>excepit,</strong></span> <span class='ocrx_word' id='word_1_127' title='bbox 1230 1961 1512 2017; x_wconf 79' lang='lat' dir='ltr'><strong>fortuitum</strong></span> <span class='ocrx_word' id='word_1_128' title='bbox 1561 1978 1849 2020; x_wconf 89' lang='lat' dir='ltr'><strong>occursum</strong></span> <span class='ocrx_word' id='word_1_129' title='bbox 1892 1967 1945 2020; x_wconf 93' lang='lat' dir='ltr'><strong>in</strong></span> <span class='ocrx_word' id='word_1_130' title='bbox 1989 1966 2332 2022; x_wconf 87' lang='lat' dir='ltr'><strong>occasionem</strong></span> 
     </span>
    </p>
   </div>
   <div class='ocr_carea' id='block_1_22' title="bbox 750 2052 2337 2127">
    <p class='ocr_par' dir='ltr' id='par_1_22' title="bbox 750 2052 2337 2127">
     <span class='ocr_line' id='line_1_22' title="bbox 750 2052 2337 2127; baseline 0.004 -21"><span class='ocrx_word' id='word_1_131' title='bbox 750 2052 1004 2108; x_wconf 73' lang='lat' dir='ltr'><strong>amicitia:</strong></span> <span class='ocrx_word' id='word_1_132' title='bbox 1035 2052 1285 2124; x_wconf 88' lang='lat' dir='ltr'><strong>rapiant;</strong></span> <span class='ocrx_word' id='word_1_133' title='bbox 1333 2061 1387 2109; x_wconf 82' lang='lat' dir='ltr'><strong>et</strong></span> <span class='ocrx_word' id='word_1_134' title='bbox 1420 2068 1545 2111; x_wconf 87' lang='lat' dir='ltr'><strong>cum</strong></span> <span class='ocrx_word' id='word_1_135' title='bbox 1577 2055 1643 2109; x_wconf 89' lang='lat' dir='ltr'><strong>ad</strong></span> <span class='ocrx_word' id='word_1_136' title='bbox 1690 2055 1920 2111; x_wconf 88' lang='lat' dir='ltr'><strong>divortia</strong></span> <span class='ocrx_word' id='word_1_137' title='bbox 1958 2057 2174 2111; x_wconf 83' lang='lat' dir='ltr'><strong>viarum</strong></span> <span class='ocrx_word' id='word_1_138' title='bbox 2212 2072 2337 2127; x_wconf 91' lang='lat' dir='ltr'><strong>per-</strong></span> 
     </span>
    </p>
   </div>
   <div class='ocr_carea' id='block_1_23' title="bbox 750 2144 2331 2215">
    <p class='ocr_par' dir='ltr' id='par_1_23' title="bbox 750 2144 2331 2215">
     <span class='ocr_line' id='line_1_23' title="bbox 750 2144 2331 2215; baseline 0.003 -17"><span class='ocrx_word' id='word_1_139' title='bbox 750 2144 1020 2208; x_wconf 87' lang='lat' dir='ltr'><strong>venerint,</strong></span> <span class='ocrx_word' id='word_1_140' title='bbox 1074 2159 1177 2197; x_wconf 92' lang='lat' dir='ltr'><strong>non</strong></span> <span class='ocrx_word' id='word_1_141' title='bbox 1210 2145 1326 2199; x_wconf 87' lang='lat' dir='ltr'><strong>sine</strong></span> <span class='ocrx_word' id='word_1_142' title='bbox 1356 2144 1670 2213; x_wconf 59' lang='lat' dir='ltr'><strong>agrimonia</strong></span> <span class='ocrx_word' id='word_1_143' title='bbox 1712 2146 2071 2215; x_wconf 85' lang='lat' dir='ltr'><strong>dlvellantur;</strong></span> <span class='ocrx_word' id='word_1_144' title='bbox 2104 2161 2169 2201; x_wconf 91' lang='lat' dir='ltr'><strong>ac</strong></span> <span class='ocrx_word' id='word_1_145' title='bbox 2203 2148 2331 2202; x_wconf 81' lang='lat' dir='ltr'><strong>sub-</strong></span> 
     </span>
    </p>
   </div>
   <div class='ocr_carea' id='block_1_24' title="bbox 750 2235 2336 2309">
    <p class='ocr_par' dir='ltr' id='par_1_24' title="bbox 750 2235 2336 2309">
     <span class='ocr_line' id='line_1_24' title="bbox 750 2235 2336 2309; baseline 0.002 -20"><span class='ocrx_word' id='word_1_146' title='bbox 750 2237 1136 2308; x_wconf 80' lang='lat' dir='ltr'><strong>lacrymantes,</strong></span> <span class='ocrx_word' id='word_1_147' title='bbox 1184 2235 1415 2305; x_wconf 83' lang='lat' dir='ltr'><strong>lixisque</strong></span> <span class='ocrx_word' id='word_1_148' title='bbox 1439 2236 1579 2292; x_wconf 82' lang='lat' dir='ltr'><strong>alter</strong></span> <span class='ocrx_word' id='word_1_149' title='bbox 1605 2238 1657 2292; x_wconf 94' lang='lat' dir='ltr'><strong>in</strong></span> <span class='ocrx_word' id='word_1_150' title='bbox 1683 2238 1915 2309; x_wconf 86' lang='lat' dir='ltr'><strong>alterum</strong></span> <span class='ocrx_word' id='word_1_151' title='bbox 1948 2238 2119 2294; x_wconf 90' lang='lat' dir='ltr'><strong>oculis</strong></span> <span class='ocrx_word' id='word_1_152' title='bbox 2154 2238 2336 2293; x_wconf 92' lang='lat' dir='ltr'><strong>consi-</strong></span> 
     </span>
    </p>
   </div>
   <div class='ocr_carea' id='block_1_25' title="bbox 748 2326 2337 2401">
    <p class='ocr_par' dir='ltr' id='par_1_25' title="bbox 748 2326 2337 2401">
     <span class='ocr_line' id='line_1_25' title="bbox 748 2326 2337 2401; baseline 0.001 -20"><span class='ocrx_word' id='word_1_153' title='bbox 748 2335 919 2391; x_wconf 85' lang='lat' dir='ltr'><strong>stant,</strong></span> <span class='ocrx_word' id='word_1_154' title='bbox 951 2341 1016 2382; x_wconf 93' lang='lat' dir='ltr'><strong>ac</strong></span> <span class='ocrx_word' id='word_1_155' title='bbox 1043 2326 1290 2397; x_wconf 86' lang='lat' dir='ltr'><strong>symbola</strong></span> <span class='ocrx_word' id='word_1_156' title='bbox 1328 2338 1512 2382; x_wconf 86' lang='lat' dir='ltr'><strong>mutua</strong></span> <span class='ocrx_word' id='word_1_157' title='bbox 1563 2328 1863 2399; x_wconf 85' lang='lat' dir='ltr'><strong>largiantur</strong></span> <span class='ocrx_word' id='word_1_158' title='bbox 1896 2344 1910 2383; x_wconf 92' lang='lat'><strong>:</strong></span> <span class='ocrx_word' id='word_1_159' title='bbox 1948 2339 2113 2401; x_wconf 87' lang='lat' dir='ltr'><strong>utque</strong></span> <span class='ocrx_word' id='word_1_160' title='bbox 2147 2329 2337 2401; x_wconf 88' lang='lat' dir='ltr'><strong>paulu-</strong></span> 
     </span>
    </p>
   </div>
   <div class='ocr_carea' id='block_1_26' title="bbox 746 2420 2333 2492">
    <p class='ocr_par' dir='ltr' id='par_1_26' title="bbox 746 2420 2333 2492">
     <span class='ocr_line' id='line_1_26' title="bbox 746 2420 2333 2492; baseline 0.003 -19"><span class='ocrx_word' id='word_1_161' title='bbox 746 2420 859 2474; x_wconf 90' lang='lat' dir='ltr'><strong>lum</strong></span> <span class='ocrx_word' id='word_1_162' title='bbox 893 2420 1184 2491; x_wconf 82' lang='lat' dir='ltr'><strong>progressi,</strong></span> <span class='ocrx_word' id='word_1_163' title='bbox 1211 2434 1330 2475; x_wconf 88' lang='lat' dir='ltr'><strong>sese</strong></span> <span class='ocrx_word' id='word_1_164' title='bbox 1360 2434 1548 2475; x_wconf 88' lang='lat' dir='ltr'><strong>rursus</strong></span> <span class='ocrx_word' id='word_1_165' title='bbox 1578 2430 1917 2486; x_wconf 85' lang='lat' dir='ltr'><strong>convertant,</strong></span> <span class='ocrx_word' id='word_1_166' title='bbox 1952 2424 2333 2492; x_wconf 87' lang='lat' dir='ltr'><strong>revocatisque</strong></span> 
     </span>
    </p>
   </div>
   <div class='ocr_carea' id='block_1_27' title="bbox 744 2507 2337 2581">
    <p class='ocr_par' dir='ltr' id='par_1_27' title="bbox 744 2507 2337 2581">
     <span class='ocr_line' id='line_1_27' title="bbox 744 2507 2337 2581; baseline 0.001 -16"><span class='ocrx_word' id='word_1_167' title='bbox 744 2510 925 2566; x_wconf 78' lang='lat' dir='ltr'><strong>fausta</strong></span> <span class='ocrx_word' id='word_1_168' title='bbox 967 2525 1033 2565; x_wconf 91' lang='lat' dir='ltr'><strong>ac</strong></span> <span class='ocrx_word' id='word_1_169' title='bbox 1088 2507 1264 2565; x_wconf 69' lang='lat' dir='ltr'><strong>felicia</strong></span> <span class='ocrx_word' id='word_1_170' title='bbox 1312 2519 1709 2579; x_wconf 84' lang='lat' dir='ltr'><strong>apprecentur,</strong></span> <span class='ocrx_word' id='word_1_171' title='bbox 1763 2518 1822 2564; x_wconf 93' lang='lat' dir='ltr'><strong>ut</strong></span> <span class='ocrx_word' id='word_1_172' title='bbox 1873 2510 2109 2581; x_wconf 89' lang='lat' dir='ltr'><strong>denique</strong></span> <span class='ocrx_word' id='word_1_173' title='bbox 2153 2511 2337 2566; x_wconf 90' lang='lat' dir='ltr'><strong>brevis</strong></span> 
     </span>
    </p>
   </div>
   <div class='ocr_carea' id='block_1_28' title="bbox 748 2598 2335 2672">
    <p class='ocr_par' dir='ltr' id='par_1_28' title="bbox 748 2598 2335 2672">
     <span class='ocr_line' id='line_1_28' title="bbox 748 2598 2335 2672; baseline -0.001 -15"><span class='ocrx_word' id='word_1_174' title='bbox 748 2618 912 2657; x_wconf 87' lang='lat' dir='ltr'><strong>usura</strong></span> <span class='ocrx_word' id='word_1_175' title='bbox 951 2600 1210 2671; x_wconf 87' lang='lat' dir='ltr'><strong>temporis</strong></span> <span class='ocrx_word' id='word_1_176' title='bbox 1257 2610 1366 2654; x_wconf 90' lang='lat' dir='ltr'><strong>tam</strong></span> <span class='ocrx_word' id='word_1_177' title='bbox 1409 2608 1617 2655; x_wconf 88' lang='lat' dir='ltr'><strong>arctam</strong></span> <span class='ocrx_word' id='word_1_178' title='bbox 1666 2598 1861 2672; x_wconf 86' lang='lat' dir='ltr'><strong>jungat</strong></span> <span class='ocrx_word' id='word_1_179' title='bbox 1904 2601 2225 2667; x_wconf 88' lang='lat' dir='ltr'><strong>amicitiam,</strong></span> <span class='ocrx_word' id='word_1_180' title='bbox 2277 2610 2335 2657; x_wconf 91' lang='lat' dir='ltr'><strong>ut</strong></span> 
     </span>
    </p>
   </div>
   <div class='ocr_carea' id='block_1_29' title="bbox 754 2691 2335 2764">
    <p class='ocr_par' dir='ltr' id='par_1_29' title="bbox 754 2691 2335 2764">
     <span class='ocr_line' id='line_1_29' title="bbox 754 2691 2335 2764; baseline -0.002 -15"><span class='ocrx_word' id='word_1_181' title='bbox 754 2710 899 2764; x_wconf 79' lang='lat' dir='ltr'><strong>:egre</strong></span> <span class='ocrx_word' id='word_1_182' title='bbox 934 2693 1164 2761; x_wconf 84' lang='lat' dir='ltr'><strong>digredi,</strong></span> <span class='ocrx_word' id='word_1_183' title='bbox 1208 2691 1544 2761; x_wconf 84' lang='lat' dir='ltr'><strong>cogendique</strong></span> <span class='ocrx_word' id='word_1_184' title='bbox 1576 2698 1796 2746; x_wconf 87' lang='lat' dir='ltr'><strong>tantum.</strong></span> <span class='ocrx_word' id='word_1_185' title='bbox 1828 2706 1933 2747; x_wconf 90' lang='lat' dir='ltr'><strong>non</strong></span> <span class='ocrx_word' id='word_1_186' title='bbox 1964 2704 2086 2747; x_wconf 90' lang='lat' dir='ltr'><strong>esse</strong></span> <span class='ocrx_word' id='word_1_187' title='bbox 2114 2692 2335 2747; x_wconf 84' lang='lat' dir='ltr'><strong>vidcan-</strong></span> 
     </span>
    </p>
   </div>
   <div class='ocr_carea' id='block_1_30' title="bbox 746 2780 2334 2852">
    <p class='ocr_par' dir='ltr' id='par_1_30' title="bbox 746 2780 2334 2852">
     <span class='ocr_line' id='line_1_30' title="bbox 746 2780 2334 2852; baseline -0.002 -12"><span class='ocrx_word' id='word_1_188' title='bbox 746 2785 877 2840; x_wconf 86' lang='lat' dir='ltr'><strong>tur?</strong></span> <span class='ocrx_word' id='word_1_189' title='bbox 906 2784 984 2839; x_wconf 87' lang='lat' dir='ltr'><strong>Tu</strong></span> <span class='ocrx_word' id='word_1_190' title='bbox 1021 2798 1151 2838; x_wconf 88' lang='lat' dir='ltr'><strong>vero</strong></span> <span class='ocrx_word' id='word_1_191' title='bbox 1200 2795 1513 2851; x_wconf 87' lang='lat' dir='ltr'><strong>comparem</strong></span> <span class='ocrx_word' id='word_1_192' title='bbox 1548 2795 1611 2836; x_wconf 89' lang='lat' dir='ltr'><strong>ac</strong></span> <span class='ocrx_word' id='word_1_193' title='bbox 1634 2780 1759 2836; x_wconf 70' lang='lat' dir='ltr'><strong>vitae</strong></span> <span class='ocrx_word' id='word_1_194' title='bbox 1803 2781 2005 2836; x_wconf 88' lang='lat' dir='ltr'><strong>sociam</strong></span> <span class='ocrx_word' id='word_1_195' title='bbox 2041 2782 2120 2837; x_wconf 87' lang='lat' dir='ltr'><strong>sic</strong></span> <span class='ocrx_word' id='word_1_196' title='bbox 2149 2781 2334 2852; x_wconf 85' lang='lat' dir='ltr'><strong>despi-</strong></span> 
     </span>
    </p>
   </div>
   <div class='ocr_carea' id='block_1_31' title="bbox 748 2855 2336 2941">
    <p class='ocr_par' dir='ltr' id='par_1_31' title="bbox 748 2855 2336 2941">
     <span class='ocr_line' id='line_1_31' title="bbox 748 2855 2336 2941; baseline -0.001 -10"><span class='ocrx_word' id='word_1_197' title='bbox 748 2876 894 2931; x_wconf 86' lang='lat' dir='ltr'><strong>catui</strong></span> <span class='ocrx_word' id='word_1_198' title='bbox 930 2876 1125 2940; x_wconf 82' lang='lat' dir='ltr'><strong>habes,</strong></span> <span class='ocrx_word' id='word_1_199' title='bbox 1154 2882 1215 2929; x_wconf 92' lang='lat' dir='ltr'><strong>ut</strong></span> <span class='ocrx_word' id='word_1_200' title='bbox 1242 2855 1523 2929; x_wconf 78' lang='lat' dir='ltr'><strong>vasculum</strong></span> <span class='ocrx_word' id='word_1_201' title='bbox 1579 2873 1861 2941; x_wconf 86' lang='lat' dir='ltr'><strong>amissum,</strong></span> <span class='ocrx_word' id='word_1_202' title='bbox 1900 2883 1991 2929; x_wconf 89' lang='lat' dir='ltr'><strong>aut</strong></span> <span class='ocrx_word' id='word_1_203' title='bbox 2028 2874 2136 2929; x_wconf 86' lang='lat' dir='ltr'><strong>vile</strong></span> <span class='ocrx_word' id='word_1_204' title='bbox 2170 2875 2336 2930; x_wconf 90' lang='lat' dir='ltr'><strong>vesti-</strong></span> 
     </span>
    </p>
   </div>
   <div class='ocr_carea' id='block_1_32' title="bbox 746 2962 2337 3032">
    <p class='ocr_par' dir='ltr' id='par_1_32' title="bbox 746 2962 2337 3032">
     <span class='ocr_line' id='line_1_32' title="bbox 746 2962 2337 3032; baseline 0.001 -11"><span class='ocrx_word' id='word_1_205' title='bbox 746 2974 989 3022; x_wconf 82' lang='lat' dir='ltr'><strong>mentum</strong></span> <span class='ocrx_word' id='word_1_206' title='bbox 1040 2966 1254 3021; x_wconf 90' lang='lat' dir='ltr'><strong>itineris</strong></span> <span class='ocrx_word' id='word_1_207' title='bbox 1311 2979 1411 3020; x_wconf 91' lang='lat' dir='ltr'><strong>usu</strong></span> <span class='ocrx_word' id='word_1_208' title='bbox 1473 2962 1675 3020; x_wconf 79' lang='lat' dir='ltr'><strong>factum</strong></span> <span class='ocrx_word' id='word_1_209' title='bbox 1736 2965 1963 3032; x_wconf 87' lang='lat' dir='ltr'><strong>inutile,</strong></span> <span class='ocrx_word' id='word_1_210' title='bbox 2015 2966 2337 3023; x_wconf 87' lang='lat' dir='ltr'><strong>catellumve</strong></span> 
     </span>
    </p>
   </div>
   <div class='ocr_carea' id='block_1_33' title="bbox 746 3055 2334 3127">
    <p class='ocr_par' dir='ltr' id='par_1_33' title="bbox 746 3055 2334 3127">
     <span class='ocr_line' id='line_1_33' title="bbox 746 3055 2334 3127; baseline 0 -14"><span class='ocrx_word' id='word_1_211' title='bbox 746 3056 1035 3113; x_wconf 66' lang='lat' dir='ltr'><strong>Melitmum</strong></span> <span class='ocrx_word' id='word_1_212' title='bbox 1083 3056 1175 3127; x_wconf 90' lang='lat' dir='ltr'><strong>qui</strong></span> <span class='ocrx_word' id='word_1_213' title='bbox 1227 3055 1387 3112; x_wconf 91' lang='lat' dir='ltr'><strong>domo</strong></span> <span class='ocrx_word' id='word_1_214' title='bbox 1417 3055 1722 3112; x_wconf 87' lang='lat' dir='ltr'><strong>clanculum</strong></span> <span class='ocrx_word' id='word_1_215' title='bbox 1777 3071 1837 3113; x_wconf 90' lang='lat' dir='ltr'><strong>se</strong></span> <span class='ocrx_word' id='word_1_216' title='bbox 1891 3057 2187 3114; x_wconf 78' lang='lat' dir='ltr'><strong>subduxit?</strong></span> <span class='ocrx_word' id='word_1_217' title='bbox 2230 3057 2334 3115; x_wconf 89' lang='lat' dir='ltr'><strong>Ubi</strong></span> 
     </span>
    </p>
   </div>
   <div class='ocr_carea' id='block_1_34' title="bbox 747 3149 2334 3207">
    <p class='ocr_par' dir='ltr' id='par_1_34' title="bbox 747 3149 2334 3207">
     <span class='ocr_line' id='line_1_34' title="bbox 747 3149 2334 3207; baseline 0.001 -2"><span class='ocrx_word' id='word_1_218' title='bbox 747 3150 1035 3205; x_wconf 89' lang='lat' dir='ltr'><strong>simulatus</strong></span> <span class='ocrx_word' id='word_1_219' title='bbox 1092 3149 1248 3205; x_wconf 89' lang='lat' dir='ltr'><strong>initio</strong></span> <span class='ocrx_word' id='word_1_220' title='bbox 1296 3149 1564 3205; x_wconf 68' lang='lat' dir='ltr'><strong>aﬂ’ectus?</strong></span> <span class='ocrx_word' id='word_1_221' title='bbox 1598 3149 1701 3206; x_wconf 88' lang='lat' dir='ltr'><strong>Ubi</strong></span> <span class='ocrx_word' id='word_1_222' title='bbox 1746 3149 1850 3207; x_wconf 87' lang='lat' dir='ltr'><strong>tori</strong></span> <span class='ocrx_word' id='word_1_223' title='bbox 1900 3152 2060 3206; x_wconf 88' lang='lat' dir='ltr'><strong>unius</strong></span> <span class='ocrx_word' id='word_1_224' title='bbox 2099 3152 2334 3207; x_wconf 85' lang='lat' dir='ltr'><strong>societas</strong></span> 
     </span>
    </p>
   </div>
   <div class='ocr_carea' id='block_1_35' title="bbox 2456 600 4029 684">
    <p class='ocr_par' dir='ltr' id='par_1_35' title="bbox 2456 600 4029 684">
     <span class='ocr_line' id='line_1_35' title="bbox 2456 600 4029 684; baseline 0.014 -30"><span class='ocrx_word' id='word_1_225' title='bbox 2456 600 2752 673; x_wconf 84' lang='grc' dir='ltr'>Ἐμπαθῶς</span> <span class='ocrx_word' id='word_1_226' title='bbox 2784 606 2893 680; x_wconf 82' lang='grc' dir='ltr'><strong>γάρ</strong></span> <span class='ocrx_word' id='word_1_227' title='bbox 2937 602 3078 661; x_wconf 78' lang='grc' dir='ltr'>εἶδον</span> <span class='ocrx_word' id='word_1_228' title='bbox 3108 608 3218 677; x_wconf 77' lang='grc' dir='ltr'><strong>ἐγὼ</strong></span> <span class='ocrx_word' id='word_1_229' title='bbox 3265 611 3390 679; x_wconf 82' lang='grc' dir='ltr'>βοῦν</span> <span class='ocrx_word' id='word_1_230' title='bbox 3441 613 3794 684; x_wconf 81' lang='grc' dir='ltr'>μυκώμενον,</span> <span class='ocrx_word' id='word_1_231' title='bbox 3843 621 4029 679; x_wconf 74' lang='grc' dir='ltr'>ἐπειδὴ</span> 
     </span>
    </p>
   </div>
   <div class='ocr_carea' id='block_1_36' title="bbox 2443 692 4030 780">
    <p class='ocr_par' dir='ltr' id='par_1_36' title="bbox 2443 692 4030 780">
     <span class='ocr_line' id='line_1_36' title="bbox 2443 692 4030 780; baseline 0.011 -34"><span class='ocrx_word' id='word_1_232' title='bbox 2443 692 2552 747; x_wconf 82' lang='grc' dir='ltr'><strong>τῶν</strong></span> <span class='ocrx_word' id='word_1_233' title='bbox 2580 696 2859 767; x_wconf 77' lang='grc' dir='ltr'><strong>συννόμων</strong></span> <span class='ocrx_word' id='word_1_234' title='bbox 2889 699 3298 770; x_wconf 68' lang='grc' dir='ltr'>ἀποπλανηθεὶς</span> <span class='ocrx_word' id='word_1_235' title='bbox 3323 704 3572 776; x_wconf 75' lang='grc' dir='ltr'><strong>ἐμονώθη</strong></span> <span class='ocrx_word' id='word_1_236' title='bbox 3592 721 3607 737; x_wconf 76' lang='grc'><strong><em>⁸</em></strong></span> <span class='ocrx_word' id='word_1_237' title='bbox 3635 708 3732 760; x_wconf 79' lang='grc' dir='ltr'><strong>καὶ</strong></span> <span class='ocrx_word' id='word_1_238' title='bbox 3757 710 4030 780; x_wconf 75' lang='grc' dir='ltr'>πρόϐατον</span> 
     </span>
    </p>
   </div>
   <div class='ocr_carea' id='block_1_37' title="bbox 2443 786 4031 873">
    <p class='ocr_par' dir='ltr' id='par_1_37' title="bbox 2443 786 4031 873">
     <span class='ocr_line' id='line_1_37' title="bbox 2443 786 4031 873; baseline 0.012 -36"><span class='ocrx_word' id='word_1_239' title='bbox 2443 786 2501 837; x_wconf 82' lang='grc' dir='ltr'>ὲν</span> <span class='ocrx_word' id='word_1_240' title='bbox 2533 786 2680 859; x_wconf 80' lang='grc' dir='ltr'>νάπῃ</span> <span class='ocrx_word' id='word_1_241' title='bbox 2711 786 3091 861; x_wconf 84' lang='grc' dir='ltr'>βληχώμενον,</span> <span class='ocrx_word' id='word_1_242' title='bbox 3131 793 3227 845; x_wconf 62' lang='grc' dir='ltr'><strong>καλ⁸</strong></span> <span class='ocrx_word' id='word_1_243' title='bbox 3263 793 3545 865; x_wconf 82' lang='grc' dir='ltr'>διατρέχον</span> <span class='ocrx_word' id='word_1_244' title='bbox 3584 796 3653 851; x_wconf 76' lang='grc' dir='ltr'><strong>τά</strong></span> <span class='ocrx_word' id='word_1_245' title='bbox 3677 798 3776 869; x_wconf 77' lang='grc' dir='ltr'><strong>ὅρη</strong></span> <span class='ocrx_word' id='word_1_246' title='bbox 3808 839 3823 863; x_wconf 91' lang='grc'><strong>,</strong></span> <span class='ocrx_word' id='word_1_247' title='bbox 3870 802 4031 873; x_wconf 75' lang='grc' dir='ltr'>μέχρι</span> 
     </span>
    </p>
   </div>
   <div class='ocr_carea' id='block_1_38' title="bbox 2448 876 4032 960">
    <p class='ocr_par' dir='ltr' id='par_1_38' title="bbox 2448 876 4032 960">
     <span class='ocr_line' id='line_1_38' title="bbox 2448 876 4032 960; baseline 0.011 -30"><span class='ocrx_word' id='word_1_248' title='bbox 2448 876 2514 931; x_wconf 84' lang='grc' dir='ltr'>ἂν</span> <span class='ocrx_word' id='word_1_249' title='bbox 2538 881 2603 950; x_wconf 80' lang='grc' dir='ltr'>τῇ</span> <span class='ocrx_word' id='word_1_250' title='bbox 2630 878 2803 954; x_wconf 82' lang='grc' dir='ltr'><strong>ἀγέλῃ</strong></span> <span class='ocrx_word' id='word_1_251' title='bbox 2828 882 3060 956; x_wconf 76' lang='grc' dir='ltr'>συνάψῃ,</span> <span class='ocrx_word' id='word_1_252' title='bbox 3084 881 3152 956; x_wconf 80' lang='grc' dir='ltr'><strong>ἧς</strong></span> <span class='ocrx_word' id='word_1_253' title='bbox 3189 885 3463 959; x_wconf 78' lang='grc' dir='ltr'>ἐχωρίσθη</span> <span class='ocrx_word' id='word_1_254' title='bbox 3493 890 3813 960; x_wconf 85' lang='grc' dir='ltr'>νεμόμενον.</span> <span class='ocrx_word' id='word_1_255' title='bbox 3844 894 3945 959; x_wconf 75' lang='grc' dir='ltr'><strong>Αἲξ</strong></span> <span class='ocrx_word' id='word_1_256' title='bbox 3973 895 4032 948; x_wconf 73' lang='grc' dir='ltr'>δὲ</span> 
     </span>
    </p>
   </div>
   <div class='ocr_carea' id='block_1_39' title="bbox 2442 971 4031 1055">
    <p class='ocr_par' dir='ltr' id='par_1_39' title="bbox 2442 971 4031 1055">
     <span class='ocr_line' id='line_1_39' title="bbox 2442 971 4031 1055; baseline 0.011 -33"><span class='ocrx_word' id='word_1_257' title='bbox 2442 971 2605 1023; x_wconf 81' lang='grc' dir='ltr'>ταυτὸ</span> <span class='ocrx_word' id='word_1_258' title='bbox 2624 972 2782 1025; x_wconf 84' lang='grc' dir='ltr'>τοῦτο</span> <span class='ocrx_word' id='word_1_259' title='bbox 2808 974 3077 1042; x_wconf 81' lang='grc' dir='ltr'><strong>παθοῦσα,</strong></span> <span class='ocrx_word' id='word_1_260' title='bbox 3115 976 3219 1030; x_wconf 74' lang='grc' dir='ltr'>κᾶν</span> <span class='ocrx_word' id='word_1_261' title='bbox 3245 979 3447 1043; x_wconf 86' lang='grc' dir='ltr'>πολλὰς</span> <span class='ocrx_word' id='word_1_262' title='bbox 3480 982 3679 1049; x_wconf 77' lang='grc' dir='ltr'><strong>ἀγέλας</strong></span> <span class='ocrx_word' id='word_1_263' title='bbox 3711 985 3887 1055; x_wconf 85' lang='grc' dir='ltr'>αίγῶν</span> <span class='ocrx_word' id='word_1_264' title='bbox 3916 986 4031 1039; x_wconf 81' lang='grc' dir='ltr'>δια-</span> 
     </span>
    </p>
   </div>
   <div class='ocr_carea' id='block_1_40' title="bbox 2441 1061 4028 1147">
    <p class='ocr_par' dir='ltr' id='par_1_40' title="bbox 2441 1061 4028 1147">
     <span class='ocr_line' id='line_1_40' title="bbox 2441 1061 4028 1147; baseline 0.011 -35"><span class='ocrx_word' id='word_1_265' title='bbox 2441 1061 2711 1132; x_wconf 82' lang='grc' dir='ltr'>τρέχουσα</span> <span class='ocrx_word' id='word_1_266' title='bbox 2752 1065 3056 1137; x_wconf 80' lang='grc' dir='ltr'>καταλάϐῃ,</span> <span class='ocrx_word' id='word_1_267' title='bbox 3096 1067 3157 1121; x_wconf 81' lang='grc' dir='ltr'>οὐ</span> <span class='ocrx_word' id='word_1_268' title='bbox 3200 1069 3467 1141; x_wconf 85' lang='grc' dir='ltr'>πρότερον</span> <span class='ocrx_word' id='word_1_269' title='bbox 3504 1071 3755 1140; x_wconf 81' lang='grc' dir='ltr'>ἵσταται,</span> <span class='ocrx_word' id='word_1_270' title='bbox 3789 1075 3922 1147; x_wconf 74' lang='grc' dir='ltr'>πρὶν</span> <span class='ocrx_word' id='word_1_271' title='bbox 3964 1076 4028 1130; x_wconf 80' lang='grc' dir='ltr'>ἂν</span> 
     </span>
    </p>
   </div>
   <div class='ocr_carea' id='block_1_41' title="bbox 2442 1151 3743 1228">
    <p class='ocr_par' dir='ltr' id='par_1_41' title="bbox 2442 1151 3743 1228">
     <span class='ocr_line' id='line_1_41' title="bbox 2442 1151 3743 1228; baseline 0.01 -25"><span class='ocrx_word' id='word_1_272' title='bbox 2442 1151 2541 1223; x_wconf 76' lang='grc' dir='ltr'>τὴν</span> <span class='ocrx_word' id='word_1_273' title='bbox 2564 1151 2768 1223; x_wconf 87' lang='grc' dir='ltr'>συνήθη</span> <span class='ocrx_word' id='word_1_274' title='bbox 2798 1153 2956 1228; x_wconf 67' lang='grc' dir='ltr'>εὕρῃ,</span> <span class='ocrx_word' id='word_1_275' title='bbox 2988 1157 3082 1210; x_wconf 79' lang='grc' dir='ltr'>καὶ</span> <span class='ocrx_word' id='word_1_276' title='bbox 3113 1156 3203 1209; x_wconf 80' lang='grc' dir='ltr'>τὸν</span> <span class='ocrx_word' id='word_1_277' title='bbox 3226 1158 3448 1212; x_wconf 85' lang='grc' dir='ltr'>αίπόλον</span> <span class='ocrx_word' id='word_1_278' title='bbox 3477 1159 3567 1214; x_wconf 82' lang='grc' dir='ltr'>τὸν</span> <span class='ocrx_word' id='word_1_279' title='bbox 3594 1161 3743 1218; x_wconf 83' lang='grc' dir='ltr'>ῐδιον.</span> 
     </span>
    </p>
   </div>
   <div class='ocr_carea' id='block_1_42' title="bbox 2510 1403 4026 1492">
    <p class='ocr_par' dir='ltr' id='par_1_42' title="bbox 2510 1403 4026 1492">
     <span class='ocr_line' id='line_1_42' title="bbox 2510 1403 4026 1492; baseline 0.009 -27"><span class='ocrx_word' id='word_1_280' title='bbox 2510 1403 2602 1484; x_wconf 72' lang='grc' dir='ltr'><strong>Μὴ</strong></span> <span class='ocrx_word' id='word_1_281' title='bbox 2630 1412 2992 1485; x_wconf 80' lang='grc' dir='ltr'><strong>ἀπαθέστεροι</strong></span> <span class='ocrx_word' id='word_1_282' title='bbox 3031 1405 3169 1487; x_wconf 66' lang='grc' dir='ltr'>πρὶς</span> <span class='ocrx_word' id='word_1_283' title='bbox 3202 1415 3386 1485; x_wconf 78' lang='grc' dir='ltr'>φιλίαν</span> <span class='ocrx_word' id='word_1_284' title='bbox 3414 1410 3730 1492; x_wconf 80' lang='grc' dir='ltr'>εὗρεθῶμεν</span> <span class='ocrx_word' id='word_1_285' title='bbox 3756 1421 3865 1476; x_wconf 83' lang='grc' dir='ltr'><strong>τῶν</strong></span> <span class='ocrx_word' id='word_1_286' title='bbox 3894 1422 4026 1477; x_wconf 83' lang='grc' dir='ltr'>ἀλό-</span> 
     </span>
    </p>
   </div>
   <div class='ocr_carea' id='block_1_43' title="bbox 2439 1505 4027 1585">
    <p class='ocr_par' dir='ltr' id='par_1_43' title="bbox 2439 1505 4027 1585">
     <span class='ocr_line' id='line_1_43' title="bbox 2439 1505 4027 1585; baseline 0.008 -29"><span class='ocrx_word' id='word_1_287' title='bbox 2439 1521 2553 1573; x_wconf 87' lang='grc' dir='ltr'><strong>γων</strong></span> <span class='ocrx_word' id='word_1_288' title='bbox 2586 1506 2636 1557; x_wconf 81' lang='grc' dir='ltr'>οἱ</span> <span class='ocrx_word' id='word_1_289' title='bbox 2666 1505 2901 1574; x_wconf 89' lang='grc' dir='ltr'>λογικοί·</span> <span class='ocrx_word' id='word_1_290' title='bbox 2947 1506 3080 1578; x_wconf 86' lang='grc' dir='ltr'>μηδὲ</span> <span class='ocrx_word' id='word_1_291' title='bbox 3110 1507 3465 1582; x_wconf 85' lang='grc' dir='ltr'>ἀτιμωτέραν</span> <span class='ocrx_word' id='word_1_292' title='bbox 3500 1510 3600 1584; x_wconf 76' lang='grc' dir='ltr'>τὴν</span> <span class='ocrx_word' id='word_1_293' title='bbox 3629 1512 3875 1585; x_wconf 86' lang='grc' dir='ltr'>γαμετὴν</span> <span class='ocrx_word' id='word_1_294' title='bbox 3901 1516 4027 1584; x_wconf 62' lang='grc' dir='ltr'>κρίέ</span> 
     </span>
    </p>
   </div>
   <div class='ocr_carea' id='block_1_44' title="bbox 2440 1590 4027 1677">
    <p class='ocr_par' dir='ltr' id='par_1_44' title="bbox 2440 1590 4027 1677">
     <span class='ocr_line' id='line_1_44' title="bbox 2440 1590 4027 1677; baseline 0.007 -29"><span class='ocrx_word' id='word_1_295' title='bbox 2440 1612 2621 1667; x_wconf 88' lang='grc' dir='ltr'>νωμεν</span> <span class='ocrx_word' id='word_1_296' title='bbox 2645 1590 3025 1669; x_wconf 80' lang='grc' dir='ltr'>συνοδοιπόρου</span> <span class='ocrx_word' id='word_1_297' title='bbox 3058 1601 3225 1664; x_wconf 81' lang='grc' dir='ltr'>τινδς,</span> <span class='ocrx_word' id='word_1_298' title='bbox 3253 1600 3287 1672; x_wconf 83' lang='grc' dir='ltr'>ἢ</span> <span class='ocrx_word' id='word_1_299' title='bbox 3320 1601 3415 1656; x_wconf 91' lang='grc' dir='ltr'><strong>τοῦ</strong></span> <span class='ocrx_word' id='word_1_300' title='bbox 3449 1603 3537 1658; x_wconf 90' lang='grc' dir='ltr'><strong>διά</strong></span> <span class='ocrx_word' id='word_1_301' title='bbox 3573 1604 3775 1675; x_wconf 81' lang='grc' dir='ltr'>μικρὰν</span> <span class='ocrx_word' id='word_1_302' title='bbox 3810 1604 4027 1677; x_wconf 82' lang='grc' dir='ltr'>πρόφα-</span> 
     </span>
    </p>
   </div>
   <div class='ocr_carea' id='block_1_45' title="bbox 2441 1687 4029 1767">
    <p class='ocr_par' dir='ltr' id='par_1_45' title="bbox 2441 1687 4029 1767">
     <span class='ocr_line' id='line_1_45' title="bbox 2441 1687 4029 1767; baseline 0.007 -27"><span class='ocrx_word' id='word_1_303' title='bbox 2441 1704 2524 1741; x_wconf 90' lang='grc' dir='ltr'><strong>σιν</strong></span> <span class='ocrx_word' id='word_1_304' title='bbox 2566 1689 2623 1742; x_wconf 80' lang='grc' dir='ltr'>ὲν</span> <span class='ocrx_word' id='word_1_305' title='bbox 2659 1687 2825 1760; x_wconf 85' lang='grc' dir='ltr'>ὀλίγῳ</span> <span class='ocrx_word' id='word_1_306' title='bbox 2864 1690 3376 1761; x_wconf 79' lang='grc' dir='ltr'>προσφιλιωθέντος.</span> <span class='ocrx_word' id='word_1_307' title='bbox 3432 1696 3596 1767; x_wconf 74' lang='grc' dir='ltr'>Ὁρᾶς</span> <span class='ocrx_word' id='word_1_308' title='bbox 3620 1734 3635 1758; x_wconf 92' lang='grc'><strong>,</strong></span> <span class='ocrx_word' id='word_1_309' title='bbox 3669 1696 3747 1759; x_wconf 89' lang='grc' dir='ltr'>ὼς</span> <span class='ocrx_word' id='word_1_310' title='bbox 3795 1696 3892 1751; x_wconf 79' lang='grc' dir='ltr'>καὶ</span> <span class='ocrx_word' id='word_1_311' title='bbox 3936 1692 4029 1751; x_wconf 70' lang='grc' dir='ltr'><strong>ἐπὶ</strong></span> 
     </span>
    </p>
   </div>
   <div class='ocr_carea' id='block_1_46' title="bbox 2438 1782 4028 1863">
    <p class='ocr_par' dir='ltr' id='par_1_46' title="bbox 2438 1782 4028 1863">
     <span class='ocr_line' id='line_1_46' title="bbox 2438 1782 4028 1863; baseline 0.006 -29"><span class='ocrx_word' id='word_1_312' title='bbox 2438 1783 2538 1853; x_wconf 81' lang='grc' dir='ltr'>τῆς</span> <span class='ocrx_word' id='word_1_313' title='bbox 2564 1782 2842 1855; x_wconf 81' lang='grc' dir='ltr'><strong>λεωφόρου</strong></span> <span class='ocrx_word' id='word_1_314' title='bbox 2866 1783 3130 1855; x_wconf 74' lang='grc' dir='ltr'>ἀλλήλους</span> <span class='ocrx_word' id='word_1_315' title='bbox 3166 1785 3537 1857; x_wconf 79' lang='grc' dir='ltr'><strong>συμμίξαντες</strong></span> <span class='ocrx_word' id='word_1_316' title='bbox 3572 1786 3872 1859; x_wconf 73' lang='grc' dir='ltr'>ἂνθρωποι,</span> <span class='ocrx_word' id='word_1_317' title='bbox 3900 1790 4028 1863; x_wconf 84' lang='grc' dir='ltr'>δρο-</span> 
     </span>
    </p>
   </div>
   <div class='ocr_carea' id='block_1_47' title="bbox 2438 1868 4028 1954">
    <p class='ocr_par' dir='ltr' id='par_1_47' title="bbox 2438 1868 4028 1954">
     <span class='ocr_line' id='line_1_47' title="bbox 2438 1868 4028 1954; baseline 0.005 -28"><span class='ocrx_word' id='word_1_318' title='bbox 2438 1890 2535 1941; x_wconf 83' lang='grc' dir='ltr'>φον</span> <span class='ocrx_word' id='word_1_319' title='bbox 2556 1872 2612 1926; x_wconf 80' lang='grc' dir='ltr'>δὲ</span> <span class='ocrx_word' id='word_1_320' title='bbox 2646 1875 2991 1945; x_wconf 87' lang='grc' dir='ltr'>καταγωγίου</span> <span class='ocrx_word' id='word_1_321' title='bbox 3027 1872 3121 1928; x_wconf 73' lang='grc' dir='ltr'>τὸν</span> <span class='ocrx_word' id='word_1_322' title='bbox 3163 1868 3328 1931; x_wconf 80' lang='grc' dir='ltr'>αὑτὸν</span> <span class='ocrx_word' id='word_1_323' title='bbox 3363 1877 3707 1944; x_wconf 83' lang='grc' dir='ltr'>ὑπελθόντες,</span> <span class='ocrx_word' id='word_1_324' title='bbox 3735 1879 3767 1950; x_wconf 79' lang='grc' dir='ltr'>ἢ</span> <span class='ocrx_word' id='word_1_325' title='bbox 3805 1879 4028 1954; x_wconf 83' lang='grc' dir='ltr'>δένδρον</span> 
     </span>
    </p>
   </div>
   <div class='ocr_carea' id='block_1_48' title="bbox 2438 1962 4025 2038">
    <p class='ocr_par' dir='ltr' id='par_1_48' title="bbox 2438 1962 4025 2038">
     <span class='ocr_line' id='line_1_48' title="bbox 2438 1962 4025 2038; baseline 0.006 -23"><span class='ocrx_word' id='word_1_326' title='bbox 2438 1962 2775 2034; x_wconf 83' lang='grc' dir='ltr'>ἀμφιλαφὲς,</span> <span class='ocrx_word' id='word_1_327' title='bbox 2799 1962 2918 2036; x_wconf 79' lang='grc' dir='ltr'>ὥρᾳ</span> <span class='ocrx_word' id='word_1_328' title='bbox 2933 1963 3125 2035; x_wconf 76' lang='grc' dir='ltr'>θέρους</span> <span class='ocrx_word' id='word_1_329' title='bbox 3155 1965 3253 2035; x_wconf 82' lang='grc' dir='ltr'>τὴν</span> <span class='ocrx_word' id='word_1_330' title='bbox 3277 1966 3627 2038; x_wconf 76' lang='grc' dir='ltr'>μεσημϐρίαν</span> <span class='ocrx_word' id='word_1_331' title='bbox 3650 1967 4025 2034; x_wconf 86' lang='grc' dir='ltr'>ἀποσκιάσαν,</span> 
     </span>
    </p>
   </div>
   <div class='ocr_carea' id='block_1_49' title="bbox 2438 2042 4026 2128">
    <p class='ocr_par' dir='ltr' id='par_1_49' title="bbox 2438 2042 4026 2128">
     <span class='ocr_line' id='line_1_49' title="bbox 2438 2042 4026 2128; baseline 0.004 -22"><span class='ocrx_word' id='word_1_332' title='bbox 2438 2042 2691 2125; x_wconf 68' lang='grc' dir='ltr'>ἀφορμὴν</span> <span class='ocrx_word' id='word_1_333' title='bbox 2734 2054 3028 2119; x_wconf 83' lang='grc' dir='ltr'><strong>διαθέσεως</strong></span> <span class='ocrx_word' id='word_1_334' title='bbox 3063 2048 3294 2124; x_wconf 83' lang='grc' dir='ltr'>γνησίας</span> <span class='ocrx_word' id='word_1_335' title='bbox 3332 2055 3429 2126; x_wconf 80' lang='grc' dir='ltr'>τὴν</span> <span class='ocrx_word' id='word_1_336' title='bbox 3470 2058 3762 2128; x_wconf 74' lang='grc' dir='ltr'><strong>συντυχίαν</strong></span> <span class='ocrx_word' id='word_1_337' title='bbox 3802 2055 4026 2112; x_wconf 82' lang='grc' dir='ltr'>ποιοῦν-</span> 
     </span>
    </p>
   </div>
   <div class='ocr_carea' id='block_1_50' title="bbox 2436 2143 4027 2220">
    <p class='ocr_par' dir='ltr' id='par_1_50' title="bbox 2436 2143 4027 2220">
     <span class='ocr_line' id='line_1_50' title="bbox 2436 2143 4027 2220; baseline 0.004 -23"><span class='ocrx_word' id='word_1_338' title='bbox 2436 2161 2559 2197; x_wconf 73' lang='grc' dir='ltr'>ταιο</span> <span class='ocrx_word' id='word_1_339' title='bbox 2616 2144 2718 2198; x_wconf 85' lang='grc' dir='ltr'>κᾶν</span> <span class='ocrx_word' id='word_1_340' title='bbox 2768 2143 2995 2198; x_wconf 77' lang='grc' dir='ltr'><strong>ἔλθωσιν</strong></span> <span class='ocrx_word' id='word_1_341' title='bbox 3043 2145 3137 2197; x_wconf 70' lang='grc' dir='ltr'><strong>ἐπὶ</strong></span> <span class='ocrx_word' id='word_1_342' title='bbox 3188 2144 3285 2216; x_wconf 83' lang='grc' dir='ltr'>τὴν</span> <span class='ocrx_word' id='word_1_343' title='bbox 3335 2146 3454 2200; x_wconf 81' lang='grc' dir='ltr'>ὁδὸν</span> <span class='ocrx_word' id='word_1_344' title='bbox 3512 2147 3610 2218; x_wconf 81' lang='grc' dir='ltr'>τὴν</span> <span class='ocrx_word' id='word_1_345' title='bbox 3664 2149 4027 2220; x_wconf 74' lang='grc' dir='ltr'>μερίζουσαν,</span> 
     </span>
    </p>
   </div>
   <div class='ocr_carea' id='block_1_51' title="bbox 2438 2237 4031 2311">
    <p class='ocr_par' dir='ltr' id='par_1_51' title="bbox 2438 2237 4031 2311">
     <span class='ocr_line' id='line_1_51' title="bbox 2438 2237 4031 2311; baseline 0.002 -20"><span class='ocrx_word' id='word_1_346' title='bbox 2438 2237 2664 2301; x_wconf 83' lang='grc' dir='ltr'><strong>ἀπαθῶς</strong></span> <span class='ocrx_word' id='word_1_347' title='bbox 2693 2237 2937 2311; x_wconf 85' lang='grc' dir='ltr'>ἀλλήλων</span> <span class='ocrx_word' id='word_1_348' title='bbox 2971 2238 3071 2291; x_wconf 83' lang='grc' dir='ltr'>οὐκ</span> <span class='ocrx_word' id='word_1_349' title='bbox 3102 2237 3538 2305; x_wconf 76' lang='grc' dir='ltr'>ἀπαλλάττονται</span> <span class='ocrx_word' id='word_1_350' title='bbox 3559 2256 3573 2271; x_wconf 74' lang='grc' dir='ltr'><strong><em>ο</em></strong></span> <span class='ocrx_word' id='word_1_351' title='bbox 3621 2239 3737 2310; x_wconf 80' lang='grc' dir='ltr'>ἀλλ’</span> <span class='ocrx_word' id='word_1_352' title='bbox 3773 2242 4031 2295; x_wconf 73' lang='grc' dir='ltr'>ἵστανται</span> 
     </span>
    </p>
   </div>
   <div class='ocr_carea' id='block_1_52' title="bbox 2437 2326 4030 2403">
    <p class='ocr_par' dir='ltr' id='par_1_52' title="bbox 2437 2326 4030 2403">
     <span class='ocr_line' id='line_1_52' title="bbox 2437 2326 4030 2403; baseline 0.004 -24"><span class='ocrx_word' id='word_1_353' title='bbox 2437 2326 2532 2380; x_wconf 76' lang='grc' dir='ltr'>καὶ</span> <span class='ocrx_word' id='word_1_354' title='bbox 2558 2326 3013 2399; x_wconf 75' lang='grc' dir='ltr'>ὑποδακρύουσιν,</span> <span class='ocrx_word' id='word_1_355' title='bbox 3061 2327 3354 2399; x_wconf 77' lang='grc' dir='ltr'>βλέποντες</span> <span class='ocrx_word' id='word_1_356' title='bbox 3404 2330 3591 2394; x_wconf 80' lang='grc' dir='ltr'>ἀτενὲς</span> <span class='ocrx_word' id='word_1_357' title='bbox 3615 2331 3696 2394; x_wconf 83' lang='grc' dir='ltr'><strong>είς</strong></span> <span class='ocrx_word' id='word_1_358' title='bbox 3724 2330 3993 2403; x_wconf 82' lang='grc' dir='ltr'>ἀλλήλους</span> <span class='ocrx_word' id='word_1_359' title='bbox 4012 2370 4030 2394; x_wconf 86' lang='grc'><strong><em>.</em></strong></span> 
     </span>
    </p>
   </div>
   <div class='ocr_carea' id='block_1_53' title="bbox 2437 2417 4033 2494">
    <p class='ocr_par' dir='ltr' id='par_1_53' title="bbox 2437 2417 4033 2494">
     <span class='ocr_line' id='line_1_53' title="bbox 2437 2417 4033 2494; baseline 0.004 -23"><span class='ocrx_word' id='word_1_360' title='bbox 2437 2419 2532 2471; x_wconf 74' lang='grc' dir='ltr'>καὶ</span> <span class='ocrx_word' id='word_1_361' title='bbox 2570 2417 2816 2488; x_wconf 76' lang='grc' dir='ltr'>σύμϐολα</span> <span class='ocrx_word' id='word_1_362' title='bbox 2858 2420 3083 2491; x_wconf 82' lang='grc' dir='ltr'><strong>μνήμης</strong></span> <span class='ocrx_word' id='word_1_363' title='bbox 3118 2420 3350 2484; x_wconf 70' lang='grc' dir='ltr'>ἕκαστος</span> <span class='ocrx_word' id='word_1_364' title='bbox 3389 2420 3605 2475; x_wconf 85' lang='grc' dir='ltr'>δίδωσιν</span> <span class='ocrx_word' id='word_1_365' title='bbox 3653 2422 3873 2494; x_wconf 80' lang='grc' dir='ltr'>φέρειν·</span> <span class='ocrx_word' id='word_1_366' title='bbox 3933 2424 4033 2478; x_wconf 77' lang='grc' dir='ltr'>καὶ</span> 
     </span>
    </p>
   </div>
   <div class='ocr_carea' id='block_1_54' title="bbox 2440 2506 4029 2583">
    <p class='ocr_par' dir='ltr' id='par_1_54' title="bbox 2440 2506 4029 2583">
     <span class='ocr_line' id='line_1_54' title="bbox 2440 2506 4029 2583; baseline 0.004 -22"><span class='ocrx_word' id='word_1_367' title='bbox 2440 2508 2636 2582; x_wconf 82' lang='grc' dir='ltr'>μικρὸν</span> <span class='ocrx_word' id='word_1_368' title='bbox 2665 2508 2986 2581; x_wconf 77' lang='grc' dir='ltr'>προσάντες,</span> <span class='ocrx_word' id='word_1_369' title='bbox 3027 2510 3190 2564; x_wconf 89' lang='grc' dir='ltr'>πάλιν</span> <span class='ocrx_word' id='word_1_370' title='bbox 3221 2506 3685 2583; x_wconf 79' lang='grc' dir='ltr'>μεταστρέφονται</span> <span class='ocrx_word' id='word_1_371' title='bbox 3705 2553 3721 2578; x_wconf 91' lang='grc'><strong>,</strong></span> <span class='ocrx_word' id='word_1_372' title='bbox 3754 2516 3849 2568; x_wconf 80' lang='grc' dir='ltr'>καὶ</span> <span class='ocrx_word' id='word_1_373' title='bbox 3889 2516 4029 2569; x_wconf 87' lang='grc' dir='ltr'>άνα-</span> 
     </span>
    </p>
   </div>
   <div class='ocr_carea' id='block_1_55' title="bbox 2436 2599 4026 2677">
    <p class='ocr_par' dir='ltr' id='par_1_55' title="bbox 2436 2599 4026 2677">
     <span class='ocr_line' id='line_1_55' title="bbox 2436 2599 4026 2677; baseline 0.004 -24"><span class='ocrx_word' id='word_1_374' title='bbox 2436 2599 2692 2653; x_wconf 83' lang='grc' dir='ltr'>καλοῦσιν</span> <span class='ocrx_word' id='word_1_375' title='bbox 2712 2617 2726 2631; x_wconf 79' lang='grc' dir='ltr'><strong>ο</strong></span> <span class='ocrx_word' id='word_1_376' title='bbox 2756 2599 3047 2670; x_wconf 69' lang='grc' dir='ltr'>ἐπεύχεται</span> <span class='ocrx_word' id='word_1_377' title='bbox 3183 2600 3370 2672; x_wconf 74' lang='grc' dir='ltr'>ἕτερος</span> <span class='ocrx_word' id='word_1_378' title='bbox 3414 2601 3495 2675; x_wconf 81' lang='grc' dir='ltr'><strong>τῷ</strong></span> <span class='ocrx_word' id='word_1_379' title='bbox 3534 2603 3708 2675; x_wconf 82' lang='grc' dir='ltr'>ἑτέρῳ</span> <span class='ocrx_word' id='word_1_380' title='bbox 3732 2603 3801 2658; x_wconf 91' lang='grc' dir='ltr'><strong>τά</strong></span> <span class='ocrx_word' id='word_1_381' title='bbox 3839 2606 4026 2659; x_wconf 74' lang='grc' dir='ltr'>αἴσια·</span> 
     </span>
    </p>
   </div>
   <div class='ocr_carea' id='block_1_56' title="bbox 2436 2687 4028 2765">
    <p class='ocr_par' dir='ltr' id='par_1_56' title="bbox 2436 2687 4028 2765">
     <span class='ocr_line' id='line_1_56' title="bbox 2436 2687 4028 2765; baseline 0.003 -23"><span class='ocrx_word' id='word_1_382' title='bbox 2436 2688 2530 2742; x_wconf 80' lang='grc' dir='ltr'><strong>καὶ</strong></span> <span class='ocrx_word' id='word_1_383' title='bbox 2566 2687 2746 2757; x_wconf 82' lang='grc' dir='ltr'>ὀλίγος</span> <span class='ocrx_word' id='word_1_384' title='bbox 2776 2687 2966 2763; x_wconf 83' lang='grc' dir='ltr'>χρόνος</span> <span class='ocrx_word' id='word_1_385' title='bbox 2995 2687 3171 2753; x_wconf 73' lang='grc' dir='ltr'>οὕτως</span> <span class='ocrx_word' id='word_1_386' title='bbox 3213 2688 3480 2761; x_wconf 80' lang='grc' dir='ltr'><strong>ὀξυτάτην</strong></span> <span class='ocrx_word' id='word_1_387' title='bbox 3518 2690 3737 2764; x_wconf 86' lang='grc' dir='ltr'>κίρνησι</span> <span class='ocrx_word' id='word_1_388' title='bbox 3781 2692 3882 2765; x_wconf 77' lang='grc' dir='ltr'><strong>τὴν</strong></span> <span class='ocrx_word' id='word_1_389' title='bbox 3933 2712 4028 2763; x_wconf 82' lang='grc' dir='ltr'><strong>φι-</strong></span> 
     </span>
    </p>
   </div>
   <div class='ocr_carea' id='block_1_57' title="bbox 2435 2778 4030 2853">
    <p class='ocr_par' dir='ltr' id='par_1_57' title="bbox 2435 2778 4030 2853">
     <span class='ocr_line' id='line_1_57' title="bbox 2435 2778 4030 2853; baseline 0.003 -21"><span class='ocrx_word' id='word_1_390' title='bbox 2435 2779 2574 2843; x_wconf 87' lang='grc' dir='ltr'>λίαν,</span> <span class='ocrx_word' id='word_1_391' title='bbox 2607 2779 2684 2844; x_wconf 86' lang='grc' dir='ltr'><strong>ὡς</strong></span> <span class='ocrx_word' id='word_1_392' title='bbox 2710 2778 3155 2833; x_wconf 80' lang='grc' dir='ltr'>δυσαπάλλακτον</span> <span class='ocrx_word' id='word_1_393' title='bbox 3201 2780 3384 2845; x_wconf 84' lang='grc' dir='ltr'>αὐτοῖς</span> <span class='ocrx_word' id='word_1_394' title='bbox 3411 2780 3658 2849; x_wconf 86' lang='grc' dir='ltr'>γίνεσθαι</span> <span class='ocrx_word' id='word_1_395' title='bbox 3693 2784 3786 2836; x_wconf 71' lang='grc' dir='ltr'><strong>καὶ</strong></span> <span class='ocrx_word' id='word_1_396' title='bbox 3834 2782 4030 2853; x_wconf 75' lang='grc' dir='ltr'>βεὸια-</span> 
     </span>
    </p>
   </div>
   <div class='ocr_carea' id='block_1_58' title="bbox 2437 2868 4029 2945">
    <p class='ocr_par' dir='ltr' id='par_1_58' title="bbox 2437 2868 4029 2945">
     <span class='ocr_line' id='line_1_58' title="bbox 2437 2868 4029 2945; baseline 0.004 -23"><span class='ocrx_word' id='word_1_397' title='bbox 2437 2870 2642 2941; x_wconf 72' lang='grc' dir='ltr'>σμένην</span> <span class='ocrx_word' id='word_1_398' title='bbox 2685 2869 2784 2942; x_wconf 79' lang='grc' dir='ltr'>τὴν</span> <span class='ocrx_word' id='word_1_399' title='bbox 2820 2869 3199 2943; x_wconf 86' lang='grc' dir='ltr'>ἀναχώρησιν;</span> <span class='ocrx_word' id='word_1_400' title='bbox 3231 2872 3303 2924; x_wconf 85' lang='grc' dir='ltr'><strong>Σὺ</strong></span> <span class='ocrx_word' id='word_1_401' title='bbox 3362 2870 3419 2924; x_wconf 85' lang='grc' dir='ltr'>δὲ</span> <span class='ocrx_word' id='word_1_402' title='bbox 3459 2868 3597 2943; x_wconf 79' lang='grc' dir='ltr'>πρὸς</span> <span class='ocrx_word' id='word_1_403' title='bbox 3638 2874 3736 2943; x_wconf 82' lang='grc' dir='ltr'>τὴν</span> <span class='ocrx_word' id='word_1_404' title='bbox 3766 2873 3863 2927; x_wconf 78' lang='grc' dir='ltr'><strong>τοῦ</strong></span> <span class='ocrx_word' id='word_1_405' title='bbox 3905 2874 4029 2945; x_wconf 78' lang='grc' dir='ltr'>βίου</span> 
     </span>
    </p>
   </div>
   <div class='ocr_carea' id='block_1_59' title="bbox 2436 2949 4029 3031">
    <p class='ocr_par' dir='ltr' id='par_1_59' title="bbox 2436 2949 4029 3031">
     <span class='ocr_line' id='line_1_59' title="bbox 2436 2949 4029 3031; baseline 0.001 -19"><span class='ocrx_word' id='word_1_406' title='bbox 2436 2959 2689 3013; x_wconf 82' lang='grc' dir='ltr'>κοινωνὸν</span> <span class='ocrx_word' id='word_1_407' title='bbox 2747 2958 2920 3024; x_wconf 74' lang='grc' dir='ltr'>οὕτως</span> <span class='ocrx_word' id='word_1_408' title='bbox 2976 2958 3466 3031; x_wconf 84' lang='grc' dir='ltr'>καταφρονητικῶς</span> <span class='ocrx_word' id='word_1_409' title='bbox 3520 2958 3685 3029; x_wconf 80' lang='grc' dir='ltr'>ἔχεις,</span> <span class='ocrx_word' id='word_1_410' title='bbox 3750 2957 3827 3020; x_wconf 82' lang='grc' dir='ltr'>ὡς</span> <span class='ocrx_word' id='word_1_411' title='bbox 3882 2949 4029 3030; x_wconf 75' lang='grc' dir='ltr'>πρὸς</span> 
     </span>
    </p>
   </div>
   <div class='ocr_carea' id='block_1_60' title="bbox 2387 3039 4032 3122">
    <p class='ocr_par' dir='ltr' id='par_1_60' title="bbox 2387 3039 4032 3122">
     <span class='ocr_line' id='line_1_60' title="bbox 2387 3039 4032 3122; baseline 0.001 -20"><span class='ocrx_word' id='word_1_412' title='bbox 2387 3039 2393 3045; x_wconf 70' lang='grc'><em>’</em></span> <span class='ocrx_word' id='word_1_413' title='bbox 2439 3047 2629 3112; x_wconf 87' lang='grc' dir='ltr'>σκεῦος</span> <span class='ocrx_word' id='word_1_414' title='bbox 2676 3048 2973 3114; x_wconf 83' lang='grc' dir='ltr'>ἀποπεσδν,</span> <span class='ocrx_word' id='word_1_415' title='bbox 3026 3048 3321 3121; x_wconf 80' lang='grc' dir='ltr'>ἢίμάτιον</span> <span class='ocrx_word' id='word_1_416' title='bbox 3367 3048 3579 3112; x_wconf 78' lang='grc' dir='ltr'>εὐτελὲς</span> <span class='ocrx_word' id='word_1_417' title='bbox 3636 3049 3692 3103; x_wconf 78' lang='grc' dir='ltr'>ὲν</span> <span class='ocrx_word' id='word_1_418' title='bbox 3738 3049 4032 3122; x_wconf 54' lang='grc' dir='ltr'>ὁδοιπορίᾳ</span> 
     </span>
    </p>
   </div>
   <div class='ocr_carea' id='block_1_61' title="bbox 2436 3139 4033 3212">
    <p class='ocr_par' dir='ltr' id='par_1_61' title="bbox 2436 3139 4033 3212">
     <span class='ocr_line' id='line_1_61' title="bbox 2436 3139 4033 3212; baseline 0.001 -18"><span class='ocrx_word' id='word_1_419' title='bbox 2436 3140 2800 3212; x_wconf 74' lang='grc' dir='ltr'>καταργηθὲν,</span> <span class='ocrx_word' id='word_1_420' title='bbox 2840 3139 2874 3212; x_wconf 81' lang='grc' dir='ltr'>ἦ</span> <span class='ocrx_word' id='word_1_421' title='bbox 2927 3140 3163 3207; x_wconf 80' lang='grc' dir='ltr'>κυνίδιον</span> <span class='ocrx_word' id='word_1_422' title='bbox 3204 3140 3317 3194; x_wconf 87' lang='grc' dir='ltr'><strong>τῶν</strong></span> <span class='ocrx_word' id='word_1_423' title='bbox 3376 3140 3689 3194; x_wconf 84' lang='grc' dir='ltr'>Μελιττέων</span> <span class='ocrx_word' id='word_1_424' title='bbox 3724 3140 3770 3172; x_wconf 81' lang='grc'><strong>⁸³</strong></span> <span class='ocrx_word' id='word_1_425' title='bbox 3803 3139 4033 3212; x_wconf 76' lang='grc' dir='ltr'>ὑποχωο</span> 
     </span>
    </p>
   </div>
   <div class='ocr_carea' id='block_1_62' title="bbox 747 3213 2334 3311">
    <p class='ocr_par' dir='ltr' id='par_1_62' title="bbox 747 3236 2333 3311">
     <span class='ocr_line' id='line_1_62' title="bbox 747 3236 2333 3311; baseline 0.001 -15"><span class='ocrx_word' id='word_1_426' title='bbox 747 3256 809 3296; x_wconf 81' lang='lat' dir='ltr'><strong>ac</strong></span> <span class='ocrx_word' id='word_1_427' title='bbox 834 3239 1195 3296; x_wconf 82' lang='lat' dir='ltr'><strong>communio?</strong></span> <span class='ocrx_word' id='word_1_428' title='bbox 1226 3236 1329 3295; x_wconf 88' lang='lat' dir='ltr'><strong>Ubi</strong></span> <span class='ocrx_word' id='word_1_429' title='bbox 1384 3238 1683 3311; x_wconf 88' lang='lat' dir='ltr'><strong>legitimum</strong></span> <span class='ocrx_word' id='word_1_430' title='bbox 1716 3240 2022 3307; x_wconf 81' lang='lat' dir='ltr'><strong>vinculum;</strong></span> <span class='ocrx_word' id='word_1_431' title='bbox 2064 3240 2333 3298; x_wconf 66' lang='lat' dir='ltr'><strong>diuturnae</strong></span> 
     </span>
    </p>
   </div>
   <div class='ocr_carea' id='block_1_63' title="bbox 2435 3213 4034 3311">
    <p class='ocr_par' dir='ltr' id='par_1_63' title="bbox 2439 3228 4034 3305">
     <span class='ocr_line' id='line_1_63' title="bbox 2439 3228 4034 3305; baseline 0.001 -19"><span class='ocrx_word' id='word_1_432' title='bbox 2439 3234 2612 3305; x_wconf 83' lang='grc' dir='ltr'>ρῆσαν</span> <span class='ocrx_word' id='word_1_433' title='bbox 2668 3232 2876 3297; x_wconf 87' lang='grc' dir='ltr'>οίκίας;</span> <span class='ocrx_word' id='word_1_434' title='bbox 2917 3228 3028 3286; x_wconf 74' lang='grc' dir='ltr'><strong>Καὶ</strong></span> <span class='ocrx_word' id='word_1_435' title='bbox 3072 3230 3177 3286; x_wconf 86' lang='grc' dir='ltr'><strong>ποῦ</strong></span> <span class='ocrx_word' id='word_1_436' title='bbox 3223 3233 3257 3304; x_wconf 84' lang='grc' dir='ltr'>ἡ</span> <span class='ocrx_word' id='word_1_437' title='bbox 3303 3233 3362 3286; x_wconf 81' lang='grc' dir='ltr'>ἐν</span> <span class='ocrx_word' id='word_1_438' title='bbox 3409 3233 3607 3303; x_wconf 82' lang='grc' dir='ltr'>ἀρχαῖς</span> <span class='ocrx_word' id='word_1_439' title='bbox 3657 3233 4034 3304; x_wconf 77' lang='grc' dir='ltr'>πεπλασμένη</span> 
     </span>
    </p>
   </div>
   <div class='ocr_carea' id='block_1_64' title="bbox 752 3329 2334 3400">
    <p class='ocr_par' dir='ltr' id='par_1_64' title="bbox 752 3329 2334 3400">
     <span class='ocr_line' id='line_1_64' title="bbox 752 3329 2334 3400; baseline 0.001 -14"><span class='ocrx_word' id='word_1_440' title='bbox 752 3333 842 3386; x_wconf 82' lang='lat' dir='ltr'><strong>illa</strong></span> <span class='ocrx_word' id='word_1_441' title='bbox 876 3332 961 3386; x_wconf 85' lang='lat' dir='ltr'><strong>vis</strong></span> <span class='ocrx_word' id='word_1_442' title='bbox 1008 3329 1439 3395; x_wconf 87' lang='lat' dir='ltr'><strong>consuetudinis,</strong></span> <span class='ocrx_word' id='word_1_443' title='bbox 1486 3344 1653 3400; x_wconf 86' lang='lat' dir='ltr'><strong>quam</strong></span> <span class='ocrx_word' id='word_1_444' title='bbox 1681 3337 1735 3385; x_wconf 90' lang='lat' dir='ltr'><strong>et</strong></span> <span class='ocrx_word' id='word_1_445' title='bbox 1769 3331 1821 3384; x_wconf 92' lang='lat' dir='ltr'><strong>in</strong></span> <span class='ocrx_word' id='word_1_446' title='bbox 1870 3341 2124 3385; x_wconf 82' lang='lat' dir='ltr'><strong>naturam</strong></span> <span class='ocrx_word' id='word_1_447' title='bbox 2158 3341 2334 3388; x_wconf 89' lang='lat' dir='ltr'><strong>trans-</strong></span> 
     </span>
    </p>
   </div>
   <div class='ocr_carea' id='block_1_65' title="bbox 748 3421 2333 3493">
    <p class='ocr_par' dir='ltr' id='par_1_65' title="bbox 748 3421 2333 3493">
     <span class='ocr_line' id='line_1_65' title="bbox 748 3421 2333 3493; baseline 0.002 -18"><span class='ocrx_word' id='word_1_448' title='bbox 748 3425 827 3477; x_wconf 88' lang='lat' dir='ltr'><strong>ire</strong></span> <span class='ocrx_word' id='word_1_449' title='bbox 862 3429 974 3477; x_wconf 92' lang='lat' dir='ltr'><strong>tum</strong></span> <span class='ocrx_word' id='word_1_450' title='bbox 1019 3421 1226 3487; x_wconf 84' lang='lat' dir='ltr'><strong>ferunt,</strong></span> <span class='ocrx_word' id='word_1_451' title='bbox 1273 3429 1387 3475; x_wconf 93' lang='lat' dir='ltr'><strong>tum</strong></span> <span class='ocrx_word' id='word_1_452' title='bbox 1429 3421 1767 3475; x_wconf 86' lang='lat' dir='ltr'><strong>demonstrat</strong></span> <span class='ocrx_word' id='word_1_453' title='bbox 1814 3422 2186 3493; x_wconf 75' lang='lat' dir='ltr'><strong>experientia?</strong></span> <span class='ocrx_word' id='word_1_454' title='bbox 2224 3422 2333 3479; x_wconf 88' lang='lat' dir='ltr'><strong>Fa-</strong></span> 
     </span>
    </p>
   </div>
   <div class='ocr_carea' id='block_1_66' title="bbox 745 3512 2331 3587">
    <p class='ocr_par' dir='ltr' id='par_1_66' title="bbox 745 3512 2331 3587">
     <span class='ocr_line' id='line_1_66' title="bbox 745 3512 2331 3587; baseline 0.001 -17"><span class='ocrx_word' id='word_1_455' title='bbox 745 3514 905 3570; x_wconf 76' lang='lat' dir='ltr'><strong>cilius</strong></span> <span class='ocrx_word' id='word_1_456' title='bbox 952 3524 1149 3570; x_wconf 86' lang='lat' dir='ltr'><strong>cuncta</strong></span> <span class='ocrx_word' id='word_1_457' title='bbox 1201 3513 1509 3584; x_wconf 84' lang='lat' dir='ltr'><strong>abrupisti,</strong></span> <span class='ocrx_word' id='word_1_458' title='bbox 1564 3528 1725 3586; x_wconf 89' lang='lat' dir='ltr'><strong>quam</strong></span> <span class='ocrx_word' id='word_1_459' title='bbox 1776 3512 2047 3587; x_wconf 86' lang='lat' dir='ltr'><strong>Sampson</strong></span> <span class='ocrx_word' id='word_1_460' title='bbox 2099 3517 2331 3573; x_wconf 87' lang='lat' dir='ltr'><strong>hostium</strong></span> 
     </span>
    </p>
   </div>
   <div class='ocr_carea' id='block_1_67' title="bbox 746 3607 1009 3664">
    <p class='ocr_par' dir='ltr' id='par_1_67' title="bbox 746 3607 1009 3664">
     <span class='ocr_line' id='line_1_67' title="bbox 746 3607 1009 3664; baseline 0.008 -2"><span class='ocrx_word' id='word_1_461' title='bbox 746 3608 906 3664; x_wconf 77' lang='lat' dir='ltr'><strong>funes</strong></span> <span class='ocrx_word' id='word_1_462' title='bbox 939 3607 1009 3663; x_wconf 81' lang='grc'><strong>¹¹.</strong></span> 
     </span>
    </p>
   </div>
   <div class='ocr_carea' id='block_1_68' title="bbox 817 3869 2333 3942">
    <p class='ocr_par' dir='ltr' id='par_1_68' title="bbox 817 3869 2333 3942">
     <span class='ocr_line' id='line_1_68' title="bbox 817 3869 2333 3942; baseline 0.001 -15"><span class='ocrx_word' id='word_1_463' title='bbox 817 3871 979 3942; x_wconf 79' lang='lat' dir='ltr'><strong>Atqui</strong></span> <span class='ocrx_word' id='word_1_464' title='bbox 1019 3870 1104 3927; x_wconf 86' lang='lat' dir='ltr'><strong>vir</strong></span> <span class='ocrx_word' id='word_1_465' title='bbox 1138 3871 1339 3936; x_wconf 88' lang='lat' dir='ltr'><strong>probus</strong></span> <span class='ocrx_word' id='word_1_466' title='bbox 1383 3879 1437 3927; x_wconf 90' lang='lat' dir='ltr'><strong>et</strong></span> <span class='ocrx_word' id='word_1_467' title='bbox 1479 3870 1533 3926; x_wconf 90' lang='lat' dir='ltr'><strong>in</strong></span> <span class='ocrx_word' id='word_1_468' title='bbox 1568 3869 1764 3927; x_wconf 87' lang='lat' dir='ltr'><strong>all‘ectu</strong></span> <span class='ocrx_word' id='word_1_469' title='bbox 1808 3878 2085 3937; x_wconf 85' lang='lat' dir='ltr'><strong>constans,</strong></span> <span class='ocrx_word' id='word_1_470' title='bbox 2117 3872 2333 3928; x_wconf 49' lang='lat' dir='ltr'><strong>demere</strong></span> 
     </span>
    </p>
   </div>
   <div class='ocr_carea' id='block_1_69' title="bbox 746 3959 2325 4033">
    <p class='ocr_par' dir='ltr' id='par_1_69' title="bbox 746 3959 2325 4033">
     <span class='ocr_line' id='line_1_69' title="bbox 746 3959 2325 4033; baseline 0 -15"><span class='ocrx_word' id='word_1_471' title='bbox 746 3976 852 4020; x_wconf 64' lang='lat' dir='ltr'><strong>tua:</strong></span> <span class='ocrx_word' id='word_1_472' title='bbox 929 3963 1100 4033; x_wconf 90' lang='lat' dir='ltr'><strong>ipsam</strong></span> <span class='ocrx_word' id='word_1_473' title='bbox 1160 3961 1480 4018; x_wconf 88' lang='lat' dir='ltr'><strong>memoriam</strong></span> <span class='ocrx_word' id='word_1_474' title='bbox 1539 3959 1790 4032; x_wconf 86' lang='lat' dir='ltr'><strong>conjugis</strong></span> <span class='ocrx_word' id='word_1_475' title='bbox 1846 3978 1989 4032; x_wconf 73' lang='lat' dir='ltr'><strong>aegre</strong></span> <span class='ocrx_word' id='word_1_476' title='bbox 2050 3964 2325 4033; x_wconf 91' lang='lat' dir='ltr'><strong>deponit:</strong></span> 
     </span>
    </p>
   </div>
   <div class='ocr_carea' id='block_1_70' title="bbox 746 4052 2332 4127">
    <p class='ocr_par' dir='ltr' id='par_1_70' title="bbox 746 4052 2332 4127">
     <span class='ocr_line' id='line_1_70' title="bbox 746 4052 2332 4127; baseline 0.002 -18"><span class='ocrx_word' id='word_1_477' title='bbox 746 4059 874 4127; x_wconf 78' lang='lat' dir='ltr'><strong>quin</strong></span> <span class='ocrx_word' id='word_1_478' title='bbox 904 4055 1050 4111; x_wconf 70' lang='lat' dir='ltr'><strong>{ovet</strong></span> <span class='ocrx_word' id='word_1_479' title='bbox 1070 4055 1271 4112; x_wconf 87' lang='lat' dir='ltr'><strong>liberos</strong></span> <span class='ocrx_word' id='word_1_480' title='bbox 1299 4071 1365 4114; x_wconf 91' lang='lat' dir='ltr'><strong>ac</strong></span> <span class='ocrx_word' id='word_1_481' title='bbox 1394 4067 1643 4113; x_wconf 86' lang='lat' dir='ltr'><strong>amanter</strong></span> <span class='ocrx_word' id='word_1_482' title='bbox 1673 4055 1858 4121; x_wconf 87' lang='lat' dir='ltr'><strong>habet,</strong></span> <span class='ocrx_word' id='word_1_483' title='bbox 1895 4052 2152 4126; x_wconf 85' lang='lat' dir='ltr'><strong>tanquam</strong></span> <span class='ocrx_word' id='word_1_484' title='bbox 2182 4071 2332 4111; x_wconf 91' lang='lat' dir='ltr'><strong>com-</strong></span> 
     </span>
    </p>
   </div>
   <div class='ocr_carea' id='block_1_71' title="bbox 748 4146 2329 4219">
    <p class='ocr_par' dir='ltr' id='par_1_71' title="bbox 748 4146 2329 4219">
     <span class='ocr_line' id='line_1_71' title="bbox 748 4146 2329 4219; baseline -0.002 -15"><span class='ocrx_word' id='word_1_485' title='bbox 748 4166 910 4205; x_wconf 89' lang='lat' dir='ltr'><strong>mune</strong></span> <span class='ocrx_word' id='word_1_486' title='bbox 942 4148 1247 4219; x_wconf 88' lang='lat' dir='ltr'><strong>depositum</strong></span> <span class='ocrx_word' id='word_1_487' title='bbox 1297 4148 1488 4203; x_wconf 87' lang='lat' dir='ltr'><strong>matris</strong></span> <span class='ocrx_word' id='word_1_488' title='bbox 1535 4161 1600 4201; x_wconf 90' lang='lat' dir='ltr'><strong>ac</strong></span> <span class='ocrx_word' id='word_1_489' title='bbox 1639 4153 1870 4210; x_wconf 55' lang='lat' dir='ltr'><strong>natura,</strong></span> <span class='ocrx_word' id='word_1_490' title='bbox 1924 4146 2329 4214; x_wconf 89' lang='lat' dir='ltr'><strong>spirantemque</strong></span> 
     </span>
    </p>
   </div>
   <div class='ocr_carea' id='block_1_72' title="bbox 748 4238 2331 4315">
    <p class='ocr_par' dir='ltr' id='par_1_72' title="bbox 748 4238 2331 4315">
     <span class='ocr_line' id='line_1_72' title="bbox 748 4238 2331 4315; baseline -0.003 -18"><span class='ocrx_word' id='word_1_491' title='bbox 748 4243 799 4297; x_wconf 92' lang='lat' dir='ltr'><strong>in</strong></span> <span class='ocrx_word' id='word_1_492' title='bbox 845 4244 925 4297; x_wconf 87' lang='lat' dir='ltr'><strong>eis</strong></span> <span class='ocrx_word' id='word_1_493' title='bbox 978 4241 1288 4315; x_wconf 74' lang='lat' dir='ltr'><strong>defunctam</strong></span> <span class='ocrx_word' id='word_1_494' title='bbox 1340 4241 1442 4296; x_wconf 87' lang='lat' dir='ltr'><strong>sibi</strong></span> <span class='ocrx_word' id='word_1_495' title='bbox 1493 4241 1712 4295; x_wconf 85' lang='lat' dir='ltr'><strong>videtur</strong></span> <span class='ocrx_word' id='word_1_496' title='bbox 1771 4238 2107 4308; x_wconf 87' lang='lat' dir='ltr'><strong>conspicere.</strong></span> <span class='ocrx_word' id='word_1_497' title='bbox 2152 4239 2331 4307; x_wconf 81' lang='lat' dir='ltr'><strong>Atque</strong></span> 
     </span>
    </p>
   </div>
   <div class='ocr_carea' id='block_1_73' title="bbox 746 4316 2330 4403">
    <p class='ocr_par' dir='ltr' id='par_1_73' title="bbox 746 4316 2330 4403">
     <span class='ocr_line' id='line_1_73' title="bbox 746 4316 2330 4403; baseline -0.001 -16"><span class='ocrx_word' id='word_1_498' title='bbox 746 4333 835 4387; x_wconf 87' lang='lat' dir='ltr'><strong>hic</strong></span> <span class='ocrx_word' id='word_1_499' title='bbox 879 4333 1094 4403; x_wconf 85' lang='lat' dir='ltr'><strong>quidem</strong></span> <span class='ocrx_word' id='word_1_500' title='bbox 1126 4332 1449 4398; x_wconf 86' lang='lat' dir='ltr'><strong>liberorum,</strong></span> <span class='ocrx_word' id='word_1_501' title='bbox 1479 4316 1739 4387; x_wconf 68' lang='lat' dir='ltr'><strong>maternae</strong></span> <span class='ocrx_word' id='word_1_502' title='bbox 1788 4331 2199 4387; x_wconf 84' lang='lat' dir='ltr'><strong>similitudinem</strong></span> <span class='ocrx_word' id='word_1_503' title='bbox 2228 4328 2330 4385; x_wconf 85' lang='lat' dir='ltr'><strong>vo-</strong></span> 
     </span>
    </p>
   </div>
   <div class='ocr_carea' id='block_1_74' title="bbox 745 4420 2329 4492">
    <p class='ocr_par' dir='ltr' id='par_1_74' title="bbox 745 4420 2329 4492">
     <span class='ocr_line' id='line_1_74' title="bbox 745 4420 2329 4492; baseline -0.001 -14"><span class='ocrx_word' id='word_1_504' title='bbox 745 4424 824 4478; x_wconf 79' lang='lat' dir='ltr'><strong>eis</strong></span> <span class='ocrx_word' id='word_1_505' title='bbox 857 4422 1111 4492; x_wconf 63' lang='lat' dir='ltr'><strong>praefert;</strong></span> <span class='ocrx_word' id='word_1_506' title='bbox 1160 4421 1250 4477; x_wconf 86' lang='lat' dir='ltr'><strong>ille</strong></span> <span class='ocrx_word' id='word_1_507' title='bbox 1304 4421 1373 4477; x_wconf 87' lang='lat' dir='ltr'><strong>de</strong></span> <span class='ocrx_word' id='word_1_508' title='bbox 1411 4420 1585 4476; x_wconf 81' lang='lat' dir='ltr'><strong>forma</strong></span> <span class='ocrx_word' id='word_1_509' title='bbox 1639 4437 1704 4477; x_wconf 90' lang='lat' dir='ltr'><strong>ac</strong></span> <span class='ocrx_word' id='word_1_510' title='bbox 1765 4422 2106 4478; x_wconf 86' lang='lat' dir='ltr'><strong>lineamentis</strong></span> <span class='ocrx_word' id='word_1_511' title='bbox 2153 4423 2329 4492; x_wconf 89' lang='lat' dir='ltr'><strong>pluri-</strong></span> 
     </span>
    </p>
   </div>
   <div class='ocr_carea' id='block_1_75' title="bbox 748 4511 2327 4583">
    <p class='ocr_par' dir='ltr' id='par_1_75' title="bbox 748 4511 2327 4583">
     <span class='ocr_line' id='line_1_75' title="bbox 748 4511 2327 4583; baseline 0 -16"><span class='ocrx_word' id='word_1_512' title='bbox 748 4528 893 4567; x_wconf 88' lang='lat' dir='ltr'><strong>mum</strong></span> <span class='ocrx_word' id='word_1_513' title='bbox 925 4513 1136 4578; x_wconf 85' lang='lat' dir='ltr'><strong>hausit;</strong></span> <span class='ocrx_word' id='word_1_514' title='bbox 1169 4511 1307 4566; x_wconf 88' lang='lat' dir='ltr'><strong>alius</strong></span> <span class='ocrx_word' id='word_1_515' title='bbox 1336 4526 1517 4567; x_wconf 89' lang='lat' dir='ltr'><strong>mores</strong></span> <span class='ocrx_word' id='word_1_516' title='bbox 1556 4521 1611 4567; x_wconf 93' lang='lat' dir='ltr'><strong>et</strong></span> <span class='ocrx_word' id='word_1_517' title='bbox 1651 4512 1923 4583; x_wconf 87' lang='lat' dir='ltr'><strong>ingenium</strong></span> <span class='ocrx_word' id='word_1_518' title='bbox 1962 4514 2205 4582; x_wconf 88' lang='lat' dir='ltr'><strong>parentis</strong></span> <span class='ocrx_word' id='word_1_519' title='bbox 2242 4528 2327 4567; x_wconf 90' lang='lat' dir='ltr'><strong>re-</strong></span> 
     </span>
    </p>
   </div>
   <div class='ocr_carea' id='block_1_76' title="bbox 749 4600 2330 4672">
    <p class='ocr_par' dir='ltr' id='par_1_76' title="bbox 749 4600 2330 4672">
     <span class='ocr_line' id='line_1_76' title="bbox 749 4600 2330 4672; baseline -0.001 -14"><span class='ocrx_word' id='word_1_520' title='bbox 749 4610 1058 4671; x_wconf 68' lang='lat' dir='ltr'><strong>praesentat.</strong></span> <span class='ocrx_word' id='word_1_521' title='bbox 1116 4604 1295 4672; x_wconf 87' lang='lat' dir='ltr'><strong>Atque</strong></span> <span class='ocrx_word' id='word_1_522' title='bbox 1352 4600 1435 4657; x_wconf 79' lang='lat' dir='ltr'><strong>ita</strong></span> <span class='ocrx_word' id='word_1_523' title='bbox 1496 4611 1647 4671; x_wconf 89' lang='lat' dir='ltr'><strong>pater</strong></span> <span class='ocrx_word' id='word_1_524' title='bbox 1678 4602 1875 4658; x_wconf 88' lang='lat' dir='ltr'><strong>multas</strong></span> <span class='ocrx_word' id='word_1_525' title='bbox 1932 4603 2138 4658; x_wconf 84' lang='lat' dir='ltr'><strong>habens</strong></span> <span class='ocrx_word' id='word_1_526' title='bbox 2179 4602 2330 4657; x_wconf 85' lang='lat' dir='ltr'><strong>vivas</strong></span> 
     </span>
    </p>
   </div>
   <div class='ocr_carea' id='block_1_77' title="bbox 748 4693 2327 4764">
    <p class='ocr_par' dir='ltr' id='par_1_77' title="bbox 748 4693 2327 4764">
     <span class='ocr_line' id='line_1_77' title="bbox 748 4693 2327 4764; baseline -0.001 -15"><span class='ocrx_word' id='word_1_527' title='bbox 748 4695 1059 4764; x_wconf 84' lang='lat' dir='ltr'><strong>lucidasqne</strong></span> <span class='ocrx_word' id='word_1_528' title='bbox 1113 4693 1361 4764; x_wconf 83' lang='lat' dir='ltr'><strong>conjugis</strong></span> <span class='ocrx_word' id='word_1_529' title='bbox 1418 4694 1701 4764; x_wconf 85' lang='lat' dir='ltr'><strong>imagines,</strong></span> <span class='ocrx_word' id='word_1_530' title='bbox 1767 4696 2011 4764; x_wconf 86' lang='lat' dir='ltr'><strong>perpetui</strong></span> <span class='ocrx_word' id='word_1_531' title='bbox 2066 4695 2327 4750; x_wconf 90' lang='lat' dir='ltr'><strong>consortii</strong></span> 
     </span>
    </p>
   </div>
   <div class='ocr_carea' id='block_1_78' title="bbox 746 4784 2331 4855">
    <p class='ocr_par' dir='ltr' id='par_1_78' title="bbox 746 4784 2331 4855">
     <span class='ocr_line' id='line_1_78' title="bbox 746 4784 2331 4855; baseline -0.003 -12"><span class='ocrx_word' id='word_1_532' title='bbox 746 4787 1109 4855; x_wconf 82' lang='lat' dir='ltr'><strong>connubiique</strong></span> <span class='ocrx_word' id='word_1_533' title='bbox 1153 4786 1389 4855; x_wconf 85' lang='lat' dir='ltr'><strong>speciem</strong></span> <span class='ocrx_word' id='word_1_534' title='bbox 1435 4785 1618 4841; x_wconf 89' lang='lat' dir='ltr'><strong>animo</strong></span> <span class='ocrx_word' id='word_1_535' title='bbox 1675 4799 1771 4839; x_wconf 92' lang='lat' dir='ltr'><strong>suo</strong></span> <span class='ocrx_word' id='word_1_536' title='bbox 1816 4784 2120 4839; x_wconf 78' lang='lat' dir='ltr'><strong>informat:</strong></span> <span class='ocrx_word' id='word_1_537' title='bbox 2167 4794 2331 4855; x_wconf 84' lang='lat' dir='ltr'><strong>atque</strong></span> 
     </span>
    </p>
   </div>
   <div class='ocr_carea' id='block_1_79' title="bbox 746 4876 2328 4947">
    <p class='ocr_par' dir='ltr' id='par_1_79' title="bbox 746 4876 2328 4947">
     <span class='ocr_line' id='line_1_79' title="bbox 746 4876 2328 4947; baseline -0.001 -16"><span class='ocrx_word' id='word_1_538' title='bbox 746 4878 883 4931; x_wconf 90' lang='lat' dir='ltr'><strong>adeo</strong></span> <span class='ocrx_word' id='word_1_539' title='bbox 928 4876 1127 4929; x_wconf 85' lang='lat' dir='ltr'><strong>nullam</strong></span> <span class='ocrx_word' id='word_1_540' title='bbox 1173 4876 1433 4947; x_wconf 85' lang='lat' dir='ltr'><strong>deinceps</strong></span> <span class='ocrx_word' id='word_1_541' title='bbox 1484 4876 1773 4945; x_wconf 86' lang='lat' dir='ltr'><strong>voluptatis</strong></span> <span class='ocrx_word' id='word_1_542' title='bbox 1812 4877 2198 4946; x_wconf 89' lang='lat' dir='ltr'><strong>cogitationem</strong></span> <span class='ocrx_word' id='word_1_543' title='bbox 2231 4879 2328 4930; x_wconf 74' lang='lat' dir='ltr'><strong>atl-</strong></span> 
     </span>
    </p>
   </div>
   <div class='ocr_carea' id='block_1_80' title="bbox 746 4965 2329 5036">
    <p class='ocr_par' dir='ltr' id='par_1_80' title="bbox 746 4965 2329 5036">
     <span class='ocr_line' id='line_1_80' title="bbox 746 4965 2329 5036; baseline -0.002 -14"><span class='ocrx_word' id='word_1_544' title='bbox 746 4968 954 5022; x_wconf 86' lang='lat' dir='ltr'><strong>mittit:</strong></span> <span class='ocrx_word' id='word_1_545' title='bbox 991 4981 1091 5021; x_wconf 90' lang='lat' dir='ltr'><strong>nec</strong></span> <span class='ocrx_word' id='word_1_546' title='bbox 1132 4967 1223 5036; x_wconf 91' lang='lat' dir='ltr'><strong>qui</strong></span> <span class='ocrx_word' id='word_1_547' title='bbox 1261 4967 1423 5022; x_wconf 86' lang='lat' dir='ltr'><strong>hodie</strong></span> <span class='ocrx_word' id='word_1_548' title='bbox 1470 4967 1668 5021; x_wconf 75' lang='lat' dir='ltr'><strong>struxit</strong></span> <span class='ocrx_word' id='word_1_549' title='bbox 1708 4965 1976 5021; x_wconf 71' lang='lat' dir='ltr'><strong>defunctae</strong></span> <span class='ocrx_word' id='word_1_550' title='bbox 2028 4966 2329 5034; x_wconf 79' lang='lat' dir='ltr'><strong>tumulum,</strong></span> 
     </span>
    </p>
   </div>
   <div class='ocr_carea' id='block_1_81' title="bbox 745 5056 2329 5133">
    <p class='ocr_par' dir='ltr' id='par_1_81' title="bbox 745 5056 2329 5133">
     <span class='ocr_line' id='line_1_81' title="bbox 745 5056 2329 5133; baseline -0.002 -17"><span class='ocrx_word' id='word_1_551' title='bbox 745 5062 902 5133; x_wconf 80' lang='lat' dir='ltr'><strong>paulo</strong></span> <span class='ocrx_word' id='word_1_552' title='bbox 949 5070 1071 5131; x_wconf 82' lang='lat' dir='ltr'><strong>post</strong></span> <span class='ocrx_word' id='word_1_553' title='bbox 1104 5060 1404 5114; x_wconf 85' lang='lat' dir='ltr'><strong>thalamum</strong></span> <span class='ocrx_word' id='word_1_554' title='bbox 1450 5059 1718 5113; x_wconf 88' lang='lat' dir='ltr'><strong>adornat:</strong></span> <span class='ocrx_word' id='word_1_555' title='bbox 1775 5066 1868 5111; x_wconf 87' lang='lat' dir='ltr'><strong>aut</strong></span> <span class='ocrx_word' id='word_1_556' title='bbox 1897 5072 1925 5111; x_wconf 93' lang='lat' dir='ltr'><strong>a</strong></span> <span class='ocrx_word' id='word_1_557' title='bbox 1960 5056 2216 5129; x_wconf 87' lang='lat' dir='ltr'><strong>lacrymis</strong></span> <span class='ocrx_word' id='word_1_558' title='bbox 2266 5073 2329 5113; x_wconf 92' lang='lat' dir='ltr'><strong>ac</strong></span> 
     </span>
    </p>
   </div>
   <div class='ocr_carea' id='block_1_82' title="bbox 745 5152 2325 5225">
    <p class='ocr_par' dir='ltr' id='par_1_82' title="bbox 745 5152 2325 5225">
     <span class='ocr_line' id='line_1_82' title="bbox 745 5152 2325 5225; baseline -0.001 -16"><span class='ocrx_word' id='word_1_559' title='bbox 745 5155 1053 5225; x_wconf 84' lang='lat' dir='ltr'><strong>gemitibus,</strong></span> <span class='ocrx_word' id='word_1_560' title='bbox 1084 5155 1150 5208; x_wconf 86' lang='lat' dir='ltr'><strong>ad</strong></span> <span class='ocrx_word' id='word_1_561' title='bbox 1181 5152 1475 5223; x_wconf 89' lang='lat' dir='ltr'><strong>nuptialem</strong></span> <span class='ocrx_word' id='word_1_562' title='bbox 1524 5153 1717 5207; x_wconf 88' lang='lat' dir='ltr'><strong>iterum</strong></span> <span class='ocrx_word' id='word_1_563' title='bbox 1748 5153 2004 5207; x_wconf 86' lang='lat' dir='ltr'><strong>choream</strong></span> <span class='ocrx_word' id='word_1_564' title='bbox 2040 5152 2271 5215; x_wconf 73' lang='lat' dir='ltr'><strong>[estinat</strong></span> <span class='ocrx_word' id='word_1_565' title='bbox 2312 5170 2325 5207; x_wconf 86' lang='lat'><strong>:</strong></span> 
     </span>
    </p>
   </div>
   <div class='ocr_carea' id='block_1_83' title="bbox 745 5242 2326 5313">
    <p class='ocr_par' dir='ltr' id='par_1_83' title="bbox 745 5242 2326 5313">
     <span class='ocr_line' id='line_1_83' title="bbox 745 5242 2326 5313; baseline -0.001 -14"><span class='ocrx_word' id='word_1_566' title='bbox 745 5246 1072 5299; x_wconf 56' lang='lat' dir='ltr'><strong>ncc‘vestem</strong></span> <span class='ocrx_word' id='word_1_567' title='bbox 1108 5254 1280 5297; x_wconf 91' lang='lat' dir='ltr'><strong>atram</strong></span> <span class='ocrx_word' id='word_1_568' title='bbox 1336 5258 1397 5297; x_wconf 85' lang='lat' dir='ltr'><strong>ac</strong></span> <span class='ocrx_word' id='word_1_569' title='bbox 1447 5243 1747 5313; x_wconf 87' lang='lat' dir='ltr'><strong>lugubrem,</strong></span> <span class='ocrx_word' id='word_1_570' title='bbox 1791 5242 1927 5297; x_wconf 80' lang='lat' dir='ltr'><strong>festa</strong></span> <span class='ocrx_word' id='word_1_571' title='bbox 1980 5244 2326 5313; x_wconf 86' lang='lat' dir='ltr'><strong>sponsalique</strong></span> 
     </span>
    </p>
   </div>
   <div class='ocr_carea' id='block_1_84' title="bbox 743 5333 2324 5403">
    <p class='ocr_par' dir='ltr' id='par_1_84' title="bbox 743 5333 2324 5403">
     <span class='ocr_line' id='line_1_84' title="bbox 743 5333 2324 5403; baseline -0.004 -12"><span class='ocrx_word' id='word_1_572' title='bbox 743 5334 878 5391; x_wconf 86' lang='lat' dir='ltr'><strong>stola</strong></span> <span class='ocrx_word' id='word_1_573' title='bbox 913 5342 1217 5403; x_wconf 86' lang='lat' dir='ltr'><strong>permutat;</strong></span> <span class='ocrx_word' id='word_1_574' title='bbox 1252 5349 1356 5388; x_wconf 88' lang='lat' dir='ltr'><strong>non</strong></span> <span class='ocrx_word' id='word_1_575' title='bbox 1396 5333 1448 5387; x_wconf 89' lang='lat' dir='ltr'><strong>in</strong></span> <span class='ocrx_word' id='word_1_576' title='bbox 1479 5334 1742 5388; x_wconf 88' lang='lat' dir='ltr'><strong>calentem</strong></span> <span class='ocrx_word' id='word_1_577' title='bbox 1780 5334 2078 5387; x_wconf 85' lang='lat' dir='ltr'><strong>etiamnum</strong></span> <span class='ocrx_word' id='word_1_578' title='bbox 2113 5350 2139 5386; x_wconf 88' lang='lat' dir='ltr'><strong>a</strong></span> <span class='ocrx_word' id='word_1_579' title='bbox 2174 5336 2324 5401; x_wconf 85' lang='lat' dir='ltr'><strong>prin-</strong></span> 
     </span>
    </p>
   </div>
   <div class='ocr_carea' id='block_1_85' title="bbox 745 5422 2324 5489">
    <p class='ocr_par' dir='ltr' id='par_1_85' title="bbox 745 5422 2324 5489">
     <span class='ocr_line' id='line_1_85' title="bbox 745 5422 2324 5489; baseline -0.003 -7"><span class='ocrx_word' id='word_1_580' title='bbox 745 5442 805 5482; x_wconf 86' lang='lat' dir='ltr'><strong>re</strong></span> <span class='ocrx_word' id='word_1_581' title='bbox 836 5424 1180 5481; x_wconf 88' lang='lat' dir='ltr'><strong>matrimonio</strong></span> <span class='ocrx_word' id='word_1_582' title='bbox 1212 5423 1428 5489; x_wconf 74' lang='lat' dir='ltr'><strong>lectum,</strong></span> <span class='ocrx_word' id='word_1_583' title='bbox 1462 5424 1687 5479; x_wconf 82' lang='lat' dir='ltr'><strong>alteram</strong></span> <span class='ocrx_word' id='word_1_584' title='bbox 1719 5424 1959 5489; x_wconf 89' lang='lat' dir='ltr'><strong>inducit;</strong></span> <span class='ocrx_word' id='word_1_585' title='bbox 2003 5432 2162 5477; x_wconf 87' lang='lat' dir='ltr'><strong>autvc</strong></span> <span class='ocrx_word' id='word_1_586' title='bbox 2192 5422 2324 5477; x_wconf 86' lang='lat' dir='ltr'><strong>lihe-</strong></span> 
     </span>
    </p>
   </div>
   <div class='ocr_carea' id='block_1_86' title="bbox 746 5515 2319 5589">
    <p class='ocr_par' dir='ltr' id='par_1_86' title="bbox 746 5515 2319 5589">
     <span class='ocr_line' id='line_1_86' title="bbox 746 5515 2319 5589; baseline -0.003 -17"><span class='ocrx_word' id='word_1_587' title='bbox 746 5521 821 5572; x_wconf 88' lang='lat' dir='ltr'><strong>ris</strong></span> <span class='ocrx_word' id='word_1_588' title='bbox 851 5532 1159 5579; x_wconf 83' lang='lat' dir='ltr'><strong>novercam,</strong></span> <span class='ocrx_word' id='word_1_589' title='bbox 1195 5516 1441 5571; x_wconf 78' lang='lat' dir='ltr'><strong>odiosum</strong></span> <span class='ocrx_word' id='word_1_590' title='bbox 1485 5515 1612 5570; x_wconf 91' lang='lat' dir='ltr'><strong>illud</strong></span> <span class='ocrx_word' id='word_1_591' title='bbox 1647 5529 1864 5579; x_wconf 89' lang='lat' dir='ltr'><strong>nomen,</strong></span> <span class='ocrx_word' id='word_1_592' title='bbox 1912 5515 2319 5589; x_wconf 83' lang='lat' dir='ltr'><strong>superinducit;</strong></span> 
     </span>
    </p>
   </div>
   <div class='ocr_carea' id='block_1_87' title="bbox 744 5605 2327 5678">
    <p class='ocr_par' dir='ltr' id='par_1_87' title="bbox 744 5605 2327 5678">
     <span class='ocr_line' id='line_1_87' title="bbox 744 5605 2327 5678; baseline -0.005 -11"><span class='ocrx_word' id='word_1_593' title='bbox 744 5610 839 5667; x_wconf 81' lang='lat' dir='ltr'><strong>sed</strong></span> <span class='ocrx_word' id='word_1_594' title='bbox 875 5619 1163 5675; x_wconf 85' lang='lat' dir='ltr'><strong>turturum,</strong></span> <span class='ocrx_word' id='word_1_595' title='bbox 1198 5622 1303 5663; x_wconf 89' lang='lat' dir='ltr'><strong>non</strong></span> <span class='ocrx_word' id='word_1_596' title='bbox 1356 5608 1500 5662; x_wconf 88' lang='lat' dir='ltr'><strong>illam</strong></span> <span class='ocrx_word' id='word_1_597' title='bbox 1560 5605 1778 5678; x_wconf 82' lang='lat' dir='ltr'><strong>quidem</strong></span> <span class='ocrx_word' id='word_1_598' title='bbox 1809 5621 1837 5659; x_wconf 90' lang='lat' dir='ltr'><strong>a</strong></span> <span class='ocrx_word' id='word_1_599' title='bbox 1887 5606 2101 5661; x_wconf 89' lang='lat' dir='ltr'><strong>ratione</strong></span> <span class='ocrx_word' id='word_1_600' title='bbox 2154 5607 2327 5677; x_wconf 84' lang='lat' dir='ltr'><strong>prole-</strong></span> 
     </span>
    </p>
   </div>
   <div class='ocr_carea' id='block_1_88' title="bbox 2434 3322 4032 3398">
    <p class='ocr_par' dir='ltr' id='par_1_88' title="bbox 2434 3322 4032 3398">
     <span class='ocr_line' id='line_1_88' title="bbox 2434 3322 4032 3398; baseline 0 -21"><span class='ocrx_word' id='word_1_601' title='bbox 2434 3323 2707 3389; x_wconf 89' lang='grc' dir='ltr'>διάθεσις;</span> <span class='ocrx_word' id='word_1_602' title='bbox 2744 3322 2847 3377; x_wconf 89' lang='grc' dir='ltr'><strong>ποῦ</strong></span> <span class='ocrx_word' id='word_1_603' title='bbox 2880 3324 2913 3393; x_wconf 83' lang='grc' dir='ltr'><strong>ή</strong></span> <span class='ocrx_word' id='word_1_604' title='bbox 2944 3322 3038 3375; x_wconf 73' lang='grc' dir='ltr'><strong>ἐπὶ</strong></span> <span class='ocrx_word' id='word_1_605' title='bbox 3068 3323 3168 3393; x_wconf 80' lang='grc' dir='ltr'>τῆς</span> <span class='ocrx_word' id='word_1_606' title='bbox 3201 3324 3329 3398; x_wconf 75' lang='grc' dir='ltr'>μιᾶς</span> <span class='ocrx_word' id='word_1_607' title='bbox 3365 3322 3550 3394; x_wconf 81' lang='grc' dir='ltr'>κοίτης</span> <span class='ocrx_word' id='word_1_608' title='bbox 3600 3323 3910 3388; x_wconf 77' lang='grc' dir='ltr'>ἀνάπαυσις</span> <span class='ocrx_word' id='word_1_609' title='bbox 3937 3364 3954 3388; x_wconf 91' lang='grc'><strong>,</strong></span> <span class='ocrx_word' id='word_1_610' title='bbox 3996 3326 4032 3393; x_wconf 78' lang='grc' dir='ltr'><strong>ἡ</strong></span> 
     </span>
    </p>
   </div>
   <div class='ocr_carea' id='block_1_89' title="bbox 2435 3411 4033 3487">
    <p class='ocr_par' dir='ltr' id='par_1_89' title="bbox 2435 3411 4033 3487">
     <span class='ocr_line' id='line_1_89' title="bbox 2435 3411 4033 3487; baseline -0.001 -18"><span class='ocrx_word' id='word_1_611' title='bbox 2435 3415 2529 3469; x_wconf 84' lang='grc' dir='ltr'><strong>τοῦ</strong></span> <span class='ocrx_word' id='word_1_612' title='bbox 2557 3414 2723 3487; x_wconf 86' lang='grc' dir='ltr'>νόμου</span> <span class='ocrx_word' id='word_1_613' title='bbox 2754 3411 3047 3485; x_wconf 83' lang='grc' dir='ltr'>σύνειρξις,</span> <span class='ocrx_word' id='word_1_614' title='bbox 3076 3418 3109 3485; x_wconf 89' lang='grc' dir='ltr'><strong>ή</strong></span> <span class='ocrx_word' id='word_1_615' title='bbox 3144 3414 3245 3485; x_wconf 85' lang='grc' dir='ltr'>τῆς</span> <span class='ocrx_word' id='word_1_616' title='bbox 3272 3413 3477 3483; x_wconf 82' lang='grc' dir='ltr'>πολλῆς</span> <span class='ocrx_word' id='word_1_617' title='bbox 3510 3415 3602 3467; x_wconf 73' lang='grc' dir='ltr'>καὶ</span> <span class='ocrx_word' id='word_1_618' title='bbox 3637 3416 3855 3485; x_wconf 78' lang='grc' dir='ltr'>μακρᾶς</span> <span class='ocrx_word' id='word_1_619' title='bbox 3891 3433 4033 3468; x_wconf 86' lang='grc' dir='ltr'>συν-</span> 
     </span>
    </p>
   </div>
   <div class='ocr_carea' id='block_1_90' title="bbox 2432 3499 4030 3578">
    <p class='ocr_par' dir='ltr' id='par_1_90' title="bbox 2432 3499 4030 3578">
     <span class='ocr_line' id='line_1_90' title="bbox 2432 3499 4030 3578; baseline 0.001 -18"><span class='ocrx_word' id='word_1_620' title='bbox 2432 3506 2625 3578; x_wconf 82' lang='grc' dir='ltr'>ηθείας</span> <span class='ocrx_word' id='word_1_621' title='bbox 2671 3499 2941 3578; x_wconf 82' lang='grc' dir='ltr'>δύναμις,</span> <span class='ocrx_word' id='word_1_622' title='bbox 2988 3506 3055 3577; x_wconf 73' lang='grc' dir='ltr'>ἣν</span> <span class='ocrx_word' id='word_1_623' title='bbox 3100 3505 3196 3559; x_wconf 74' lang='grc' dir='ltr'>καὶ</span> <span class='ocrx_word' id='word_1_624' title='bbox 3244 3506 3324 3569; x_wconf 82' lang='grc' dir='ltr'><strong>είς</strong></span> <span class='ocrx_word' id='word_1_625' title='bbox 3358 3504 3517 3575; x_wconf 80' lang='grc' dir='ltr'>φύσιν</span> <span class='ocrx_word' id='word_1_626' title='bbox 3573 3505 4030 3575; x_wconf 83' lang='grc' dir='ltr'>μεταποιεῖσθαι,</span> 
     </span>
    </p>
   </div>
   <div class='ocr_carea' id='block_1_91' title="bbox 2438 3596 4031 3670">
    <p class='ocr_par' dir='ltr' id='par_1_91' title="bbox 2438 3596 4031 3670">
     <span class='ocr_line' id='line_1_91' title="bbox 2438 3596 4031 3670; baseline -0.001 -17"><span class='ocrx_word' id='word_1_627' title='bbox 2438 3599 2533 3654; x_wconf 74' lang='grc' dir='ltr'>καὶ</span> <span class='ocrx_word' id='word_1_628' title='bbox 2565 3598 2722 3668; x_wconf 87' lang='grc' dir='ltr'>λόγος</span> <span class='ocrx_word' id='word_1_629' title='bbox 2768 3597 2902 3670; x_wconf 78' lang='grc' dir='ltr'>ἔχει,</span> <span class='ocrx_word' id='word_1_630' title='bbox 2970 3598 3065 3651; x_wconf 69' lang='grc' dir='ltr'>καὶ</span> <span class='ocrx_word' id='word_1_631' title='bbox 3101 3599 3135 3668; x_wconf 86' lang='grc' dir='ltr'><strong>ή</strong></span> <span class='ocrx_word' id='word_1_632' title='bbox 3182 3600 3350 3670; x_wconf 88' lang='grc' dir='ltr'>πεῖρα</span> <span class='ocrx_word' id='word_1_633' title='bbox 3380 3596 3694 3663; x_wconf 81' lang='grc' dir='ltr'>ὑπέδείξεν;</span> <span class='ocrx_word' id='word_1_634' title='bbox 3727 3597 3911 3651; x_wconf 88' lang='grc' dir='ltr'>πάντα</span> <span class='ocrx_word' id='word_1_635' title='bbox 3948 3599 4031 3651; x_wconf 71' lang='grc' dir='ltr'>διο</span> 
     </span>
    </p>
   </div>
   <div class='ocr_carea' id='block_1_92' title="bbox 2439 3684 4035 3761">
    <p class='ocr_par' dir='ltr' id='par_1_92' title="bbox 2439 3684 4035 3761">
     <span class='ocr_line' id='line_1_92' title="bbox 2439 3684 4035 3761; baseline 0.001 -17"><span class='ocrx_word' id='word_1_636' title='bbox 2439 3691 2643 3761; x_wconf 76' lang='grc' dir='ltr'>έκοψας</span> <span class='ocrx_word' id='word_1_637' title='bbox 2667 3688 3053 3761; x_wconf 78' lang='grc' dir='ltr'>εὐκολώτερον,</span> <span class='ocrx_word' id='word_1_638' title='bbox 3087 3689 3120 3760; x_wconf 83' lang='grc' dir='ltr'>ἥ</span> <span class='ocrx_word' id='word_1_639' title='bbox 3152 3692 3179 3743; x_wconf 91' lang='grc' dir='ltr'><strong>ὀ</strong></span> <span class='ocrx_word' id='word_1_640' title='bbox 3207 3684 3444 3759; x_wconf 70' lang='grc' dir='ltr'>Σαμψὼν</span> <span class='ocrx_word' id='word_1_641' title='bbox 3472 3689 3539 3742; x_wconf 77' lang='grc' dir='ltr'>τὰ</span> <span class='ocrx_word' id='word_1_642' title='bbox 3568 3689 3675 3742; x_wconf 80' lang='grc' dir='ltr'><strong>τῶν</strong></span> <span class='ocrx_word' id='word_1_643' title='bbox 3704 3690 4035 3759; x_wconf 72' lang='grc' dir='ltr'>ἀλλοφύλων</span> 
     </span>
    </p>
   </div>
   <div class='ocr_carea' id='block_1_93' title="bbox 2436 3783 2695 3839">
    <p class='ocr_par' dir='ltr' id='par_1_93' title="bbox 2436 3783 2695 3839">
     <span class='ocr_line' id='line_1_93' title="bbox 2436 3783 2695 3839; baseline 0 0"><span class='ocrx_word' id='word_1_644' title='bbox 2436 3783 2695 3839; x_wconf 80' lang='grc' dir='ltr'>καλώδια.</span> 
     </span>
    </p>
   </div>
   <div class='ocr_carea' id='block_1_94' title="bbox 2506 3868 4037 3951">
    <p class='ocr_par' dir='ltr' id='par_1_94' title="bbox 2506 3868 4037 3951">
     <span class='ocr_line' id='line_1_94' title="bbox 2506 3868 4037 3951; baseline 0.001 -22"><span class='ocrx_word' id='word_1_645' title='bbox 2506 3877 2701 3939; x_wconf 81' lang='grc' dir='ltr'>Καίτοι</span> <span class='ocrx_word' id='word_1_646' title='bbox 2726 3877 2818 3944; x_wconf 85' lang='grc' dir='ltr'>ὅγε</span> <span class='ocrx_word' id='word_1_647' title='bbox 2842 3875 3073 3951; x_wconf 80' lang='grc' dir='ltr'>σώφρων</span> <span class='ocrx_word' id='word_1_648' title='bbox 3099 3873 3194 3927; x_wconf 79' lang='grc' dir='ltr'>καὶ</span> <span class='ocrx_word' id='word_1_649' title='bbox 3221 3875 3320 3944; x_wconf 80' lang='grc' dir='ltr'>τῆς</span> <span class='ocrx_word' id='word_1_650' title='bbox 3346 3868 3639 3936; x_wconf 72' lang='grc' dir='ltr'>διαθέσεως</span> <span class='ocrx_word' id='word_1_651' title='bbox 3668 3872 3866 3943; x_wconf 64' lang='grc' dir='ltr'>φύλαξ.</span> <span class='ocrx_word' id='word_1_652' title='bbox 3899 3877 4037 3931; x_wconf 64' lang='grc' dir='ltr'>οὐδὲ</span> 
     </span>
    </p>
   </div>
   <div class='ocr_carea' id='block_1_95' title="bbox 2436 3952 4039 4040">
    <p class='ocr_par' dir='ltr' id='par_1_95' title="bbox 2436 3952 4039 4040">
     <span class='ocr_line' id='line_1_95' title="bbox 2436 3952 4039 4040; baseline -0.002 -18"><span class='ocrx_word' id='word_1_653' title='bbox 2436 3968 2870 4040; x_wconf 78' lang='grc' dir='ltr'>ὰναχωρησάσης</span> <span class='ocrx_word' id='word_1_654' title='bbox 2898 3965 2992 4029; x_wconf 80' lang='grc' dir='ltr'><strong>τοῦ</strong></span> <span class='ocrx_word' id='word_1_655' title='bbox 3026 3965 3142 4036; x_wconf 83' lang='grc' dir='ltr'>βίου</span> <span class='ocrx_word' id='word_1_656' title='bbox 3174 3966 3274 4034; x_wconf 77' lang='grc' dir='ltr'>τῆς</span> <span class='ocrx_word' id='word_1_657' title='bbox 3302 3965 3551 4035; x_wconf 81' lang='grc' dir='ltr'>γαμετῆς</span> <span class='ocrx_word' id='word_1_658' title='bbox 3581 3952 3780 4036; x_wconf 58' lang='grc' dir='ltr'>ῥαδίως</span> <span class='ocrx_word' id='word_1_659' title='bbox 3804 3967 4039 4022; x_wconf 69' lang='grc' dir='ltr'>ἐπιλαν-</span> 
     </span>
    </p>
   </div>
   <div class='ocr_carea' id='block_1_96' title="bbox 2437 4056 4037 4129">
    <p class='ocr_par' dir='ltr' id='par_1_96' title="bbox 2437 4056 4037 4129">
     <span class='ocr_line' id='line_1_96' title="bbox 2437 4056 4037 4129; baseline -0.008 -16"><span class='ocrx_word' id='word_1_660' title='bbox 2437 4059 2656 4113; x_wconf 89' lang='grc' dir='ltr'>θάνεται</span> <span class='ocrx_word' id='word_1_661' title='bbox 2679 4076 2692 4089; x_wconf 77' lang='grc' dir='ltr'><strong>ο</strong></span> <span class='ocrx_word' id='word_1_662' title='bbox 2743 4058 2878 4111; x_wconf 85' lang='grc' dir='ltr'><strong>ἀλλά</strong></span> <span class='ocrx_word' id='word_1_663' title='bbox 2923 4057 3118 4112; x_wconf 84' lang='grc' dir='ltr'>θάλπει</span> <span class='ocrx_word' id='word_1_664' title='bbox 3150 4057 3276 4119; x_wconf 79' lang='grc' dir='ltr'>τοὺς</span> <span class='ocrx_word' id='word_1_665' title='bbox 3310 4056 3505 4119; x_wconf 81' lang='grc' dir='ltr'>παῖδας</span> <span class='ocrx_word' id='word_1_666' title='bbox 3526 4097 3540 4119; x_wconf 88' lang='grc'><strong>,</strong></span> <span class='ocrx_word' id='word_1_667' title='bbox 3575 4058 3649 4120; x_wconf 73' lang='lat' dir='ltr'><strong>Lb;</strong></span> <span class='ocrx_word' id='word_1_668' title='bbox 3696 4058 3889 4129; x_wconf 82' lang='grc' dir='ltr'>κοινὴν</span> <span class='ocrx_word' id='word_1_669' title='bbox 3921 4078 4037 4113; x_wconf 76' lang='grc' dir='ltr'>πα-</span> 
     </span>
    </p>
   </div>
   <div class='ocr_carea' id='block_1_97' title="bbox 2436 4147 4036 4222">
    <p class='ocr_par' dir='ltr' id='par_1_97' title="bbox 2436 4147 4036 4222">
     <span class='ocr_line' id='line_1_97' title="bbox 2436 4147 4036 4222; baseline 0 -18"><span class='ocrx_word' id='word_1_670' title='bbox 2436 4151 2823 4222; x_wconf 81' lang='grc' dir='ltr'>ρακαταθήκην</span> <span class='ocrx_word' id='word_1_671' title='bbox 2850 4150 2946 4219; x_wconf 83' lang='grc' dir='ltr'>τῆς</span> <span class='ocrx_word' id='word_1_672' title='bbox 2983 4149 3221 4219; x_wconf 71' lang='grc' dir='ltr'>μητέρος</span> <span class='ocrx_word' id='word_1_673' title='bbox 3251 4148 3347 4201; x_wconf 71' lang='grc' dir='ltr'>καὶ</span> <span class='ocrx_word' id='word_1_674' title='bbox 3374 4147 3474 4218; x_wconf 83' lang='grc' dir='ltr'>τῆς</span> <span class='ocrx_word' id='word_1_675' title='bbox 3504 4147 3737 4216; x_wconf 79' lang='grc' dir='ltr'>φύσεως.</span> <span class='ocrx_word' id='word_1_676' title='bbox 3774 4150 3833 4201; x_wconf 77' lang='grc' dir='ltr'>ἐν</span> <span class='ocrx_word' id='word_1_677' title='bbox 3874 4152 4036 4203; x_wconf 76' lang='grc' dir='ltr'>ὲκεί-</span> 
     </span>
    </p>
   </div>
   <div class='ocr_carea' id='block_1_98' title="bbox 2436 4234 4037 4311">
    <p class='ocr_par' dir='ltr' id='par_1_98' title="bbox 2436 4234 4037 4311">
     <span class='ocr_line' id='line_1_98' title="bbox 2436 4234 4037 4311; baseline -0.001 -18"><span class='ocrx_word' id='word_1_678' title='bbox 2436 4256 2545 4302; x_wconf 74' lang='grc' dir='ltr'>νοις</span> <span class='ocrx_word' id='word_1_679' title='bbox 2574 4239 2629 4292; x_wconf 81' lang='grc' dir='ltr'>δὲ</span> <span class='ocrx_word' id='word_1_680' title='bbox 2674 4237 2913 4307; x_wconf 80' lang='grc' dir='ltr'>καθορᾷν</span> <span class='ocrx_word' id='word_1_681' title='bbox 2952 4235 3101 4289; x_wconf 88' lang='grc' dir='ltr'>δοκεῖ</span> <span class='ocrx_word' id='word_1_682' title='bbox 3133 4236 3230 4305; x_wconf 79' lang='grc' dir='ltr'>τὴν</span> <span class='ocrx_word' id='word_1_683' title='bbox 3265 4234 3625 4289; x_wconf 78' lang='grc' dir='ltr'>ἀπελθοῦσαν.</span> <span class='ocrx_word' id='word_1_684' title='bbox 3677 4236 3735 4288; x_wconf 83' lang='lat'><strong>&#39;0</strong></span> <span class='ocrx_word' id='word_1_685' title='bbox 3771 4234 3872 4307; x_wconf 71' lang='grc' dir='ltr'>μὲν</span> <span class='ocrx_word' id='word_1_686' title='bbox 3919 4239 4037 4311; x_wconf 74' lang='grc' dir='ltr'><strong>γὰρ</strong></span> 
     </span>
    </p>
   </div>
   <div class='ocr_carea' id='block_1_99' title="bbox 2433 4323 4035 4397">
    <p class='ocr_par' dir='ltr' id='par_1_99' title="bbox 2433 4323 4035 4397">
     <span class='ocr_line' id='line_1_99' title="bbox 2433 4323 4035 4397; baseline 0.006 -16"><span class='ocrx_word' id='word_1_687' title='bbox 2433 4328 2543 4381; x_wconf 82' lang='grc' dir='ltr'>τῶν</span> <span class='ocrx_word' id='word_1_688' title='bbox 2580 4327 2785 4381; x_wconf 87' lang='grc' dir='ltr'>παίδων</span> <span class='ocrx_word' id='word_1_689' title='bbox 2834 4326 2932 4397; x_wconf 83' lang='grc' dir='ltr'>τῆς</span> <span class='ocrx_word' id='word_1_690' title='bbox 2968 4325 3239 4396; x_wconf 82' lang='grc' dir='ltr'>μητρικῆς</span> <span class='ocrx_word' id='word_1_691' title='bbox 3282 4325 3469 4395; x_wconf 77' lang='grc' dir='ltr'>φωνῆς</span> <span class='ocrx_word' id='word_1_692' title='bbox 3507 4326 3798 4396; x_wconf 77' lang='grc' dir='ltr'>ὁμοιότητα</span> <span class='ocrx_word' id='word_1_693' title='bbox 3829 4323 4035 4392; x_wconf 65' lang='grc' dir='ltr'>σώζειν</span> 
     </span>
    </p>
   </div>
   <div class='ocr_carea' id='block_1_100' title="bbox 2434 4415 4039 4491">
    <p class='ocr_par' dir='ltr' id='par_1_100' title="bbox 2434 4415 4039 4491">
     <span class='ocr_line' id='line_1_100' title="bbox 2434 4415 4039 4491; baseline 0.003 -21"><span class='ocrx_word' id='word_1_694' title='bbox 2434 4418 2591 4481; x_wconf 79' lang='grc' dir='ltr'>ἄλλος</span> <span class='ocrx_word' id='word_1_695' title='bbox 2624 4418 2684 4470; x_wconf 87' lang='grc' dir='ltr'>τὸ</span> <span class='ocrx_word' id='word_1_696' title='bbox 2712 4416 2846 4469; x_wconf 78' lang='grc' dir='ltr'>πολὺ</span> <span class='ocrx_word' id='word_1_697' title='bbox 2868 4415 2963 4469; x_wconf 88' lang='grc' dir='ltr'><strong>τοῦ</strong></span> <span class='ocrx_word' id='word_1_698' title='bbox 2990 4416 3337 4487; x_wconf 82' lang='grc' dir='ltr'>χαρακτῆρος</span> <span class='ocrx_word' id='word_1_699' title='bbox 3367 4415 3673 4485; x_wconf 67' lang='grc' dir='ltr'>ἐφέλκεται,</span> <span class='ocrx_word' id='word_1_700' title='bbox 3704 4417 3900 4489; x_wconf 72' lang='grc' dir='ltr'>ἕτερος</span> <span class='ocrx_word' id='word_1_701' title='bbox 3928 4419 4039 4491; x_wconf 74' lang='grc' dir='ltr'>τὴν</span> 
     </span>
    </p>
   </div>
   <div class='ocr_carea' id='block_1_101' title="bbox 2435 4506 4033 4581">
    <p class='ocr_par' dir='ltr' id='par_1_101' title="bbox 2435 4506 4033 4581">
     <span class='ocr_line' id='line_1_101' title="bbox 2435 4506 4033 4581; baseline 0.001 -18"><span class='ocrx_word' id='word_1_702' title='bbox 2435 4510 2528 4563; x_wconf 85' lang='grc' dir='ltr'><strong>τοῦ</strong></span> <span class='ocrx_word' id='word_1_703' title='bbox 2558 4510 2724 4581; x_wconf 73' lang='grc' dir='ltr'>ἤθους</span> <span class='ocrx_word' id='word_1_704' title='bbox 2749 4509 3081 4561; x_wconf 86' lang='grc' dir='ltr'>κατάστασιν</span> <span class='ocrx_word' id='word_1_705' title='bbox 3110 4506 3404 4578; x_wconf 74' lang='grc' dir='ltr'>ὲμορφώθη</span> <span class='ocrx_word' id='word_1_706' title='bbox 3428 4508 3564 4579; x_wconf 80' lang='grc' dir='ltr'>πρὸς</span> <span class='ocrx_word' id='word_1_707' title='bbox 3592 4507 3692 4576; x_wconf 85' lang='grc' dir='ltr'>τὴν</span> <span class='ocrx_word' id='word_1_708' title='bbox 3720 4509 4033 4564; x_wconf 78' lang='grc' dir='ltr'>τεκοῦσαν·</span> 
     </span>
    </p>
   </div>
   <div class='ocr_carea' id='block_1_102' title="bbox 2436 4596 4038 4670">
    <p class='ocr_par' dir='ltr' id='par_1_102' title="bbox 2436 4596 4038 4670">
     <span class='ocr_line' id='line_1_102' title="bbox 2436 4596 4038 4670; baseline 0 -17"><span class='ocrx_word' id='word_1_709' title='bbox 2436 4604 2528 4654; x_wconf 72' lang='grc' dir='ltr'>καὶ</span> <span class='ocrx_word' id='word_1_710' title='bbox 2559 4596 2729 4661; x_wconf 73' lang='grc' dir='ltr'>οὕτως</span> <span class='ocrx_word' id='word_1_711' title='bbox 2757 4601 2784 4652; x_wconf 88' lang='grc' dir='ltr'><strong>ὀ</strong></span> <span class='ocrx_word' id='word_1_712' title='bbox 2812 4599 2994 4669; x_wconf 83' lang='grc' dir='ltr'>πατὴρ</span> <span class='ocrx_word' id='word_1_713' title='bbox 3012 4638 3026 4657; x_wconf 80' lang='lat'><strong>.</strong></span> <span class='ocrx_word' id='word_1_714' title='bbox 3059 4598 3261 4662; x_wconf 78' lang='grc' dir='ltr'>πολλὰς</span> <span class='ocrx_word' id='word_1_715' title='bbox 3300 4598 3437 4668; x_wconf 76' lang='grc' dir='ltr'>ἔχων</span> <span class='ocrx_word' id='word_1_716' title='bbox 3462 4598 3564 4667; x_wconf 82' lang='grc' dir='ltr'>τῆς</span> <span class='ocrx_word' id='word_1_717' title='bbox 3591 4600 3840 4670; x_wconf 84' lang='grc' dir='ltr'>γαμετῆς</span> <span class='ocrx_word' id='word_1_718' title='bbox 3877 4604 4038 4657; x_wconf 80' lang='grc' dir='ltr'>εἰκό-</span> 
     </span>
    </p>
   </div>
   <div class='ocr_carea' id='block_1_103' title="bbox 2433 4690 4039 4767">
    <p class='ocr_par' dir='ltr' id='par_1_103' title="bbox 2433 4690 4039 4767">
     <span class='ocr_line' id='line_1_103' title="bbox 2433 4690 4039 4767; baseline 0 -21"><span class='ocrx_word' id='word_1_719' title='bbox 2433 4710 2528 4756; x_wconf 89' lang='grc' dir='ltr'><strong>νας</strong></span> <span class='ocrx_word' id='word_1_720' title='bbox 2559 4693 2737 4758; x_wconf 81' lang='grc' dir='ltr'>ζώσας</span> <span class='ocrx_word' id='word_1_721' title='bbox 2766 4693 2859 4745; x_wconf 71' lang='grc' dir='ltr'>καὶ</span> <span class='ocrx_word' id='word_1_722' title='bbox 2894 4693 3175 4761; x_wconf 82' lang='grc' dir='ltr'>ἐναργεῖς,</span> <span class='ocrx_word' id='word_1_723' title='bbox 3211 4690 3474 4745; x_wconf 86' lang='grc' dir='ltr'>ἀθάνατον</span> <span class='ocrx_word' id='word_1_724' title='bbox 3511 4691 3890 4748; x_wconf 80' lang='grc' dir='ltr'>ὑποτυποῦται</span> <span class='ocrx_word' id='word_1_725' title='bbox 3931 4697 4039 4767; x_wconf 78' lang='grc' dir='ltr'>τὴν</span> 
     </span>
    </p>
   </div>
   <div class='ocr_carea' id='block_1_104' title="bbox 2435 4780 4040 4860">
    <p class='ocr_par' dir='ltr' id='par_1_104' title="bbox 2435 4780 4040 4860">
     <span class='ocr_line' id='line_1_104' title="bbox 2435 4780 4040 4860; baseline -0.004 -23"><span class='ocrx_word' id='word_1_726' title='bbox 2435 4784 2570 4855; x_wconf 80' lang='grc' dir='ltr'>πρὸς</span> <span class='ocrx_word' id='word_1_727' title='bbox 2600 4783 2812 4851; x_wconf 76' lang='grc' dir='ltr'>ἐκείνην</span> <span class='ocrx_word' id='word_1_728' title='bbox 2852 4782 3195 4851; x_wconf 82' lang='grc' dir='ltr'>συνοίκησιν·</span> <span class='ocrx_word' id='word_1_729' title='bbox 3230 4782 3322 4834; x_wconf 76' lang='grc' dir='ltr'>καὶ</span> <span class='ocrx_word' id='word_1_730' title='bbox 3356 4780 3445 4834; x_wconf 82' lang='grc' dir='ltr'>διὰ</span> <span class='ocrx_word' id='word_1_731' title='bbox 3480 4781 3639 4835; x_wconf 88' lang='grc' dir='ltr'>τοῦτο</span> <span class='ocrx_word' id='word_1_732' title='bbox 3670 4783 3824 4836; x_wconf 72' lang='grc' dir='ltr'>οὐδὲν</span> <span class='ocrx_word' id='word_1_733' title='bbox 3862 4787 4040 4860; x_wconf 77' lang='grc' dir='ltr'>φιλή-</span> 
     </span>
    </p>
   </div>
   <div class='ocr_carea' id='block_1_105' title="bbox 2433 4872 4040 4948">
    <p class='ocr_par' dir='ltr' id='par_1_105' title="bbox 2433 4872 4040 4948">
     <span class='ocr_line' id='line_1_105' title="bbox 2433 4872 4040 4948; baseline -0.001 -20"><span class='ocrx_word' id='word_1_734' title='bbox 2433 4875 2583 4929; x_wconf 89' lang='grc' dir='ltr'>δονον</span> <span class='ocrx_word' id='word_1_735' title='bbox 2630 4875 2829 4926; x_wconf 87' lang='grc' dir='ltr'>ὲννοεῖ·</span> <span class='ocrx_word' id='word_1_736' title='bbox 2888 4874 2946 4926; x_wconf 79' lang='grc' dir='ltr'>οὐ</span> <span class='ocrx_word' id='word_1_737' title='bbox 2988 4875 3228 4944; x_wconf 84' lang='grc' dir='ltr'>σήμερον</span> <span class='ocrx_word' id='word_1_738' title='bbox 3283 4872 3466 4943; x_wconf 88' lang='grc' dir='ltr'>χώσας</span> <span class='ocrx_word' id='word_1_739' title='bbox 3520 4874 3613 4927; x_wconf 82' lang='grc' dir='ltr'>τὸν</span> <span class='ocrx_word' id='word_1_740' title='bbox 3661 4875 3867 4943; x_wconf 81' lang='grc' dir='ltr'>τάφον,</span> <span class='ocrx_word' id='word_1_741' title='bbox 3909 4882 4040 4948; x_wconf 76' lang='grc' dir='ltr'>μετ’</span> 
     </span>
    </p>
   </div>
   <div class='ocr_carea' id='block_1_106' title="bbox 2433 4952 4042 5041">
    <p class='ocr_par' dir='ltr' id='par_1_106' title="bbox 2433 4952 4042 5041">
     <span class='ocr_line' id='line_1_106' title="bbox 2433 4952 4042 5041; baseline 0.004 -23"><span class='ocrx_word' id='word_1_742' title='bbox 2433 4967 2611 5035; x_wconf 86' lang='grc' dir='ltr'>ὀλίγον</span> <span class='ocrx_word' id='word_1_743' title='bbox 2648 4967 2836 5037; x_wconf 81' lang='grc' dir='ltr'>χρόνον</span> <span class='ocrx_word' id='word_1_744' title='bbox 2886 4966 3165 5029; x_wconf 85' lang='grc' dir='ltr'>παστάδας</span> <span class='ocrx_word' id='word_1_745' title='bbox 3206 4952 3650 5037; x_wconf 72' lang='grc' dir='ltr'>κατασκευάζει·</span> <span class='ocrx_word' id='word_1_746' title='bbox 3707 4967 3830 5020; x_wconf 75' lang='grc' dir='ltr'>οὐδὲ</span> <span class='ocrx_word' id='word_1_747' title='bbox 3884 4973 4042 5041; x_wconf 72' lang='grc' dir='ltr'>μετὰ</span> 
     </span>
    </p>
   </div>
   <div class='ocr_carea' id='block_1_107' title="bbox 2430 5057 4043 5129">
    <p class='ocr_par' dir='ltr' id='par_1_107' title="bbox 2430 5057 4043 5129">
     <span class='ocr_line' id='line_1_107' title="bbox 2430 5057 4043 5129; baseline 0.003 -18"><span class='ocrx_word' id='word_1_748' title='bbox 2430 5058 2493 5111; x_wconf 78' lang='grc' dir='ltr'>τὸ</span> <span class='ocrx_word' id='word_1_749' title='bbox 2522 5059 2756 5129; x_wconf 88' lang='grc' dir='ltr'>δάκρυον</span> <span class='ocrx_word' id='word_1_750' title='bbox 2786 5059 2881 5111; x_wconf 77' lang='grc' dir='ltr'>καὶ</span> <span class='ocrx_word' id='word_1_751' title='bbox 2920 5058 3047 5129; x_wconf 73' lang='grc' dir='ltr'>τοὺς</span> <span class='ocrx_word' id='word_1_752' title='bbox 3090 5058 3428 5128; x_wconf 83' lang='grc' dir='ltr'>στεναγμοὺς</span> <span class='ocrx_word' id='word_1_753' title='bbox 3458 5057 3552 5110; x_wconf 73' lang='grc' dir='ltr'><strong>ἐπὶ</strong></span> <span class='ocrx_word' id='word_1_754' title='bbox 3578 5058 3823 5128; x_wconf 84' lang='grc' dir='ltr'>γαμικὴν</span> <span class='ocrx_word' id='word_1_755' title='bbox 3858 5062 4043 5116; x_wconf 80' lang='grc' dir='ltr'>πάλιν</span> 
     </span>
    </p>
   </div>
   <div class='ocr_carea' id='block_1_108' title="bbox 2429 5148 4044 5222">
    <p class='ocr_par' dir='ltr' id='par_1_108' title="bbox 2429 5148 4044 5222">
     <span class='ocr_line' id='line_1_108' title="bbox 2429 5148 4044 5222; baseline 0 -19"><span class='ocrx_word' id='word_1_756' title='bbox 2429 5150 2648 5222; x_wconf 84' lang='grc' dir='ltr'>χορείαν</span> <span class='ocrx_word' id='word_1_757' title='bbox 2685 5149 2993 5219; x_wconf 78' lang='grc' dir='ltr'>ἑπείγεται“</span> <span class='ocrx_word' id='word_1_758' title='bbox 3044 5148 3165 5201; x_wconf 72' lang='grc' dir='ltr'>οὐδὲ</span> <span class='ocrx_word' id='word_1_759' title='bbox 3217 5148 3318 5219; x_wconf 79' lang='grc' dir='ltr'>τὴν</span> <span class='ocrx_word' id='word_1_760' title='bbox 3362 5149 3623 5220; x_wconf 79' lang='grc' dir='ltr'>μέλαιναν</span> <span class='ocrx_word' id='word_1_761' title='bbox 3672 5150 3887 5222; x_wconf 76' lang='grc' dir='ltr'>ἐσθῆτα</span> <span class='ocrx_word' id='word_1_762' title='bbox 3940 5157 4044 5209; x_wconf 70' lang='grc' dir='ltr'>καὶ</span> 
     </span>
    </p>
   </div>
   <div class='ocr_carea' id='block_1_109' title="bbox 2433 5238 4041 5317">
    <p class='ocr_par' dir='ltr' id='par_1_109' title="bbox 2433 5238 4041 5317">
     <span class='ocr_line' id='line_1_109' title="bbox 2433 5238 4041 5317; baseline 0.002 -22"><span class='ocrx_word' id='word_1_763' title='bbox 2433 5242 2693 5312; x_wconf 82' lang='grc' dir='ltr'>πενθικὴν</span> <span class='ocrx_word' id='word_1_764' title='bbox 2724 5243 2803 5302; x_wconf 81' lang='grc' dir='ltr'>εἰς</span> <span class='ocrx_word' id='word_1_765' title='bbox 2828 5241 3104 5309; x_wconf 66' lang='grc' dir='ltr'>νυμνρικὴν</span> <span class='ocrx_word' id='word_1_766' title='bbox 3140 5238 3413 5310; x_wconf 75' lang='grc' dir='ltr'>διαμείὸει</span> <span class='ocrx_word' id='word_1_767' title='bbox 3446 5240 3659 5312; x_wconf 89' lang='grc' dir='ltr'>στολήν·</span> <span class='ocrx_word' id='word_1_768' title='bbox 3686 5241 3808 5295; x_wconf 66' lang='grc' dir='ltr'>οὐδὲ</span> <span class='ocrx_word' id='word_1_769' title='bbox 3838 5242 4041 5317; x_wconf 77' lang='grc' dir='ltr'>θερμῇ</span> 
     </span>
    </p>
   </div>
   <div class='ocr_carea' id='block_1_110' title="bbox 2429 5330 4057 5405">
    <p class='ocr_par' dir='ltr' id='par_1_110' title="bbox 2429 5330 4057 5405">
     <span class='ocr_line' id='line_1_110' title="bbox 2429 5330 4057 5405; baseline 0.001 -19"><span class='ocrx_word' id='word_1_770' title='bbox 2429 5338 2496 5404; x_wconf 83' lang='grc' dir='ltr'><strong>τῇ</strong></span> <span class='ocrx_word' id='word_1_771' title='bbox 2550 5334 2707 5405; x_wconf 82' lang='grc' dir='ltr'>κοίτῃ</span> <span class='ocrx_word' id='word_1_772' title='bbox 2757 5332 2857 5400; x_wconf 81' lang='grc' dir='ltr'>τῆς</span> <span class='ocrx_word' id='word_1_773' title='bbox 2905 5330 3247 5404; x_wconf 74' lang='grc' dir='ltr'>ἀπελθούσης</span> <span class='ocrx_word' id='word_1_774' title='bbox 3293 5331 3392 5402; x_wconf 84' lang='grc' dir='ltr'>τὴν</span> <span class='ocrx_word' id='word_1_775' title='bbox 3448 5332 3707 5403; x_wconf 80' lang='grc' dir='ltr'>δευτέραν</span> <span class='ocrx_word' id='word_1_776' title='bbox 3761 5338 4057 5405; x_wconf 68' lang='grc' dir='ltr'>γαμετὴν,</span> 
     </span>
    </p>
   </div>
   <div class='ocr_carea' id='block_1_111' title="bbox 2430 5415 4045 5493">
    <p class='ocr_par' dir='ltr' id='par_1_111' title="bbox 2430 5415 4045 5493">
     <span class='ocr_line' id='line_1_111' title="bbox 2430 5415 4045 5493; baseline 0.002 -16"><span class='ocrx_word' id='word_1_777' title='bbox 2430 5425 2710 5492; x_wconf 74' lang='grc' dir='ltr'>ἐπεισάγει</span> <span class='ocrx_word' id='word_1_778' title='bbox 2739 5441 2750 5451; x_wconf 92' lang='grc'><strong>·</strong></span> <span class='ocrx_word' id='word_1_779' title='bbox 2780 5423 2899 5476; x_wconf 70' lang='grc' dir='ltr'>οὐδὲ</span> <span class='ocrx_word' id='word_1_780' title='bbox 2937 5415 3425 5493; x_wconf 73' lang='grc' dir='ltr'>μητρυιὰνδίδωσι</span> <span class='ocrx_word' id='word_1_781' title='bbox 3466 5426 3580 5486; x_wconf 87' lang='grc' dir='ltr'>τοῖς</span> <span class='ocrx_word' id='word_1_782' title='bbox 3627 5422 3807 5486; x_wconf 79' lang='grc' dir='ltr'>παισὶ,</span> <span class='ocrx_word' id='word_1_783' title='bbox 3838 5425 3910 5477; x_wconf 77' lang='grc' dir='ltr'>τὸ</span> <span class='ocrx_word' id='word_1_784' title='bbox 3946 5430 4045 5480; x_wconf 79' lang='grc' dir='ltr'><strong>ἐπ-</strong></span> 
     </span>
    </p>
   </div>
   <div class='ocr_carea' id='block_1_112' title="bbox 2434 5512 4045 5585">
    <p class='ocr_par' dir='ltr' id='par_1_112' title="bbox 2434 5512 4045 5585">
     <span class='ocr_line' id='line_1_112' title="bbox 2434 5512 4045 5585; baseline -0.001 -16"><span class='ocrx_word' id='word_1_785' title='bbox 2434 5515 2596 5585; x_wconf 84' lang='grc' dir='ltr'>αχθὲς</span> <span class='ocrx_word' id='word_1_786' title='bbox 2627 5515 2813 5583; x_wconf 73' lang='grc' dir='ltr'>ὄνομα.</span> <span class='ocrx_word' id='word_1_787' title='bbox 2850 5515 3115 5583; x_wconf 85' lang='grc' dir='ltr'>Μιμεῖται</span> <span class='ocrx_word' id='word_1_788' title='bbox 3148 5514 3204 5567; x_wconf 78' lang='grc' dir='ltr'>δὲ</span> <span class='ocrx_word' id='word_1_789' title='bbox 3230 5513 3339 5566; x_wconf 83' lang='grc' dir='ltr'>τῶν</span> <span class='ocrx_word' id='word_1_790' title='bbox 3376 5515 3655 5584; x_wconf 83' lang='grc' dir='ltr'>τρυγόνων</span> <span class='ocrx_word' id='word_1_791' title='bbox 3682 5512 3783 5583; x_wconf 76' lang='grc' dir='ltr'>τὴν</span> <span class='ocrx_word' id='word_1_792' title='bbox 3824 5514 4045 5585; x_wconf 78' lang='grc' dir='ltr'>ἄλογον</span> 
     </span>
    </p>
   </div>
   <div class='ocr_carea' id='block_1_113' title="bbox 2435 5604 4047 5679">
    <p class='ocr_par' dir='ltr' id='par_1_113' title="bbox 2435 5604 4047 5679">
     <span class='ocr_line' id='line_1_113' title="bbox 2435 5604 4047 5679; baseline 0.001 -20"><span class='ocrx_word' id='word_1_793' title='bbox 2435 5609 2529 5660; x_wconf 69' lang='grc' dir='ltr'><strong>καὶ</strong></span> <span class='ocrx_word' id='word_1_794' title='bbox 2553 5606 2785 5677; x_wconf 67' lang='grc' dir='ltr'>φυσικὴν</span> <span class='ocrx_word' id='word_1_795' title='bbox 2820 5604 3143 5675; x_wconf 77' lang='grc' dir='ltr'>σεμνότητα.</span> <span class='ocrx_word' id='word_1_796' title='bbox 3182 5606 3290 5658; x_wconf 72' lang='grc' dir='ltr'><strong>Καὶ</strong></span> <span class='ocrx_word' id='word_1_797' title='bbox 3317 5605 3424 5677; x_wconf 78' lang='grc' dir='ltr'><strong>γὰρ</strong></span> <span class='ocrx_word' id='word_1_798' title='bbox 3467 5605 3688 5675; x_wconf 77' lang='grc' dir='ltr'>ἐκείνην</span> <span class='ocrx_word' id='word_1_799' title='bbox 3728 5604 3828 5676; x_wconf 76' lang='grc' dir='ltr'>τὴν</span> <span class='ocrx_word' id='word_1_800' title='bbox 3875 5607 4047 5679; x_wconf 74' lang='grc' dir='ltr'>ὅρνιν</span> 
     </span>
    </p>
   </div>
   <div class='ocr_carea' id='block_1_114' title="bbox 814 5788 2334 5861">
    <p class='ocr_par' dir='ltr' id='par_1_114' title="bbox 814 5789 2334 5861">
     <span class='ocr_line' id='line_1_114' title="bbox 814 5789 2334 5861; baseline 0.001 -17"><span class='ocrx_word' id='word_1_801' title='bbox 814 5790 859 5823; x_wconf 77' lang='grc'><strong>⁸⁸</strong></span> <span class='ocrx_word' id='word_1_802' title='bbox 901 5789 1075 5847; x_wconf 85' lang='lat' dir='ltr'><strong>Judic.</strong></span> <span class='ocrx_word' id='word_1_803' title='bbox 1102 5806 1226 5857; x_wconf 79' lang='lat' dir='ltr'><strong>xvt,</strong></span> <span class='ocrx_word' id='word_1_804' title='bbox 1273 5790 1339 5844; x_wconf 73' lang='lat'><strong>1‘5</strong></span> <span class='ocrx_word' id='word_1_805' title='bbox 1364 5805 1483 5861; x_wconf 87' lang='lat' dir='ltr'><strong>sqq.</strong></span> <span class='ocrx_word' id='word_1_806' title='bbox 1564 5790 1608 5823; x_wconf 64' lang='lat'><strong>3’</strong></span> <span class='ocrx_word' id='word_1_807' title='bbox 1648 5789 1937 5847; x_wconf 82' lang='grc' dir='ltr'>Μελιταῖον</span> <span class='ocrx_word' id='word_1_808' title='bbox 1970 5789 2221 5846; x_wconf 80' lang='grc' dir='ltr'>κυνίδιον.</span> <span class='ocrx_word' id='word_1_809' title='bbox 2280 5790 2334 5845; x_wconf 69' lang='lat' dir='ltr'><strong>A1</strong></span> 
     </span>
    </p>
   </div>
   <div class='ocr_carea' id='block_1_115' title="bbox 2435 5788 3079 5861">
    <p class='ocr_par' dir='ltr' id='par_1_115' title="bbox 2438 5788 3079 5855">
     <span class='ocr_line' id='line_1_115' title="bbox 2438 5788 3079 5855; baseline 0 -12"><span class='ocrx_word' id='word_1_810' title='bbox 2438 5828 2477 5855; x_wconf 88' lang='lat'><strong>.,</strong></span> <span class='ocrx_word' id='word_1_811' title='bbox 2530 5807 2576 5847; x_wconf 64' lang='grc' dir='ltr'>ιχ</span> <span class='ocrx_word' id='word_1_812' title='bbox 2639 5789 2711 5843; x_wconf 89' lang='lat' dir='ltr'><strong>De</strong></span> <span class='ocrx_word' id='word_1_813' title='bbox 2758 5798 2866 5842; x_wconf 83' lang='lat' dir='ltr'><strong>nat.</strong></span> <span class='ocrx_word' id='word_1_814' title='bbox 2913 5788 3079 5843; x_wconf 83' lang='lat' dir='ltr'><strong>enim.</strong></span> 
     </span>
    </p>
   </div>
  </div>
