4212 6318
174 370 245 426 ΞΗ
1078 370 1362 427 ΗΟΜΠΛᾹ
1405 373 1486 429 γι.
1519 374 1585 428 ιΝ
1618 372 1837 428 υΑΝΙἘΙ

1078 370 1362 427 ΗΟΜΠΛᾹ
1405 373 1486 429 γι.
1519 374 1585 428 1N
1618 372 1963 430 DANI’ELEM
2006 375 2094 441 ET
2123 377 2517 434 SUSANNASL

3286 379 3390 434 εις

175 489 231 540 Οὐ
256 487 364 557 γὰρ
392 485 673 540 ἐπιλείπει
707 488 769 541 τὸ
798 489 1009 560 ῥεῖθρον
1034 490 1192 560 αὐτῇ,
1222 491 1471 563 καθάπερ
1504 492 1731 554 ἐκείνοις
1760 493 1806 549 Α
1833 493 1838 546 i

1760 493 1806 549 Α
1833 493 1955 558 illa,
1985 509 2103 549 eam
2132 493 2396 564 proﬂuens
2430 508 2566 564 aqua
2589 493 2789 562 deficit,
2818 509 2989 564 neque
3024 494 3237 550 illorum
3276 512 3394 551 mo-

176 572 506 661 ἐνιότε·.οὐδ’
537 575 832 640 ἀναϐάσεις
864 577 955 629 καὶ
988 576 1302 643 ύποϐἀσεις,
1337 579 1524 652 ὥσπερ
1556 581 1730 645 αὐτοὶ,

177 663 463 733 ἐπιδέχεται
483 680 497 693 ·
532 664 655 718 οὐδὲ
690 666 750 718 τὸ
774 668 868 720 καὶ
891 668 949 719 τὸ
979 669 1165 739 μέρος,
1192 669 1333 723 κατὰ
1359 671 1600 737 τούτους,
1632 690 1731 724 πε-

178 754 512 825 ριλαμϐάνει·
544 754 681 809 ἀλλὰ
720 757 816 810 καὶ
840 757 1028 831 πλήθει
1055 760 1163 824 ἀεὶ,
1212 762 1305 814 καὶ
1342 764 1507 816 πᾶσιν
1536 764 1729 834 ἁρκεί⁶

178 846 250 898 καὶ
280 846 361 907 είς
385 846 515 909 τοὺς
554 848 815 919 μετόχους
852 850 1194 921 ὑπορρέουσα
1226 852 1316 906 τοῦ
1344 854 1730 926 πληρώματος,

176 933 306 987 οὐδὲν
347 930 516 1005 ⁴ἦττον
571 937 720 1007 μένει
769 939 1207 1013 πεπληρωμένη,
1235 944 1403 998 ιάλλὰ
1450 946 1545 999 καὶ
1590 946 1734 1000 οὕτω

176 1027 253 1095 τὴν
289 1027 452 1098 χάριν
502 1028 698 1099 ἔχουσα
743 1031 974 1102 δαψιλῆ,
1019 1035 1139 1088 οὐδὲ
1182 1036 1316 1107 πρὸς
1366 1038 1581 1109 ἡλικίας
1624 1038 1732 1094 οἶδε

176 1117 483 1171 διαδίδοσθαι
516 1121 609 1173 καὶ
634 1122 971 1193 μερίζεσθαι.
1004 1125 1077 1178 Ού
1109 1125 1216 1195 γὰρ
1258 1127 1409 1199 ὄγκῳ
1466 1130 1733 1200 σωμάτων

178 1208 230 1260 τὰ
252 1209 545 1280 ἀμέτρητα
575 1207 683 1264 οἶδε
720 1215 1067 1285 μετρεῖσθαι,
1112 1218 1248 1271 ἀλλὰ
1280 1217 1458 1289 ψυχῆς
1485 1221 1734 1292 εὐγενείᾳ

178 1298 250 1350 καὶ
283 1299 620 1371 καθαρότητι
668 1305 1019 1376 συνέρχεσθαι
1058 1309 1151 1362 καὶ
1193 1306 1734 1378 ἐπιφαίνεσθαι.’Καὶ

176 1388 246 1442 διὰ
267 1390 426 1443 τοῦτο
465 1391 561 1443 νῦν
599 1394 696 1462 μέν
740 1397 1204 1468 συμπεριφέρεται
1245 1402 1734 1477 ἀρτιγαλακτοτρο-

174 1480 412 1550 φουμένῳ
465 1481 545 1551 τῷ
580 1483 868 1554 Σαμουὴλ,
918 1485 1012 1539 νῦν
1059 1487 1117 1540 δὲ
1161 1490 1252 1543 τὸν
1296 1491 1461 1545 Δαϐὶδ
1509 1495 1571 1547 ἐκ
1618 1494 1726 1549 τῶν

180 1569 425 1639 ποιμνίων
455 1572 639 1625 αὐτῶν
669 1573 956 1645 προϐάτων
1001 1577 1399 1650 ἀναλαμϐάνειο
1440 1583 1548 1636 τῶν
1582 1584 1734 1637 ἀδελ-

180 1658 293 1727 φῶν,
322 1654 405 1723 οἷς
430 1661 607 1714 ἐδόκει
640 1664 1027 1734 παρεωρᾶσθαι
1054 1666 1142 1719 διὰ
1172 1668 1232 1721 τὸ
1262 1669 1449 1734 ἀτελὲς
1487 1673 1588 1743 τῆς
1614 1675 1731 1745 ἡλι-

1836 598 1912 649 re,
1949 584 2277 637 incrementa
2308 584 2389 638 vel
2421 587 2759 638 decrementa
2800 584 3067 650 admittit;
3100 598 3265 639 necve
3300 601 3397 655 pro

1833 687 2017 727 eorum
2076 674 2306 739 ratione,
2360 674 2500 727 hanc
2542 687 2604 727 ac
2660 672 2803 727 illam
2850 682 3057 743 partem
3109 672 3393 729 allambit:

1834 765 1963 832 quin
2018 765 2181 819 etiam
2216 763 2455 819 abundat
2500 776 2735 833 semper,
2794 778 2857 817 ac
2904 763 3155 818 omnibus
3193 762 3395 819 suﬂicit

1836 855 1994 923 inque
2038 869 2132 909 eos
2165 854 2388 909 ellluens
2418 854 2507 922 qui
2533 853 2883 922 plenitudinis
2916 865 3038 908 sunt
3083 854 3397 925 participes,

1834 943 2183 997 nihilominus
2228 942 2380 1011 plena
2424 941 2705 1010 consistit;
2735 943 2827 997 sed
2865 950 2919 997 et
2949 944 3021 997 ita
3047 944 3262 999 uberem
3301 945 3401 999 ha-

1832 1033 1968 1088 bens
1989 1034 2241 1104 gratiam,
2271 1048 2365 1102 pro
2420 1020 2581 1087 etiam
2606 1043 2828 1087 aetatum
2864 1033 3021 1088 modo
3048 1033 3294 1089 distribui
3331 1047 3397 1088 ac

1835 1124 2000 1179 dividi
2027 1124 2215 1180 nescit.
2257 1122 2439 1194 Neque
2503 1124 2643 1177 enim
2684 1139 2804 1194 quae
2832 1130 2961 1180 sunt
2987 1124 3266 1192 immensa,
3302 1137 3401 1193 pro
3433 1163 3437 1166 .

1834 1228 2118 1283 corporum
2172 1214 2326 1269 molis
2377 1215 2583 1270 ratione
2641 1213 2937 1269 mensurari
2996 1224 3244 1284 possunt,
3306 1214 3402 1269 sed

1835 1305 2001 1359 animi
2057 1305 2403 1374 ingenuitatis
2436 1319 2499 1359 ac
2547 1305 2798 1373 puritatis
2829 1304 3000 1372 socia,
3052 1305 3255 1373 pariter
3289 1304 3404 1359 elu-

1836 1402 1959 1449 cent
1998 1408 2060 1448 ac
2106 1394 2427 1464 produntur.
2483 1392 2763 1459 Quocirca,
2816 1407 2958 1469 nunc
3008 1392 3226 1479 quidem
3279 1408 3401 1447 cum

1835 1481 2083 1537 Samuele
2118 1497 2285 1551 nuper
2314 1482 2545 1537 lactente
2570 1492 2814 1538 versatur
2833 1481 2880 1514 θ’
2906 1498 2921 1547 ;
2970 1497 3111 1537 nunc
3136 1496 3264 1537 vero
3301 1481 3404 1536 Da-

1834 1573 2009 1627 videm
2056 1574 2124 1627 ab
2152 1572 2283 1642 ipsis
2317 1573 2541 1626 assumit
2582 1573 2836 1642 gregibus
2863 1573 3080 1638 ovium;
3115 1586 3179 1627 ac
3212 1572 3403 1647 fratri.-

1837 1664 1934 1719 bus
1984 1662 2237 1731 praefert,
2289 1662 2484 1730 quibus
2542 1662 2629 1716 ille
2677 1676 2777 1717 ceu
2836 1662 3193 1717 immaturiori
3241 1669 3403 1717 aetate

178 1748 301 1812 χίας,
337 1752 689 1821 ἐκκρίνουσα.
732 1755 922 1808 Ἀλλον
966 1757 1026 1820 ἐξ
1072 1759 1339 1832 ἀροτῆρος
1364 1761 1441 1832 τῷ
1472 1765 1732 1835 χρίσματι
1771 1773 1841 1835 ,ε

1771 1829 1807 1835 Α
1835 1764 2174 1823 contemptus
2204 1755 2501 1810 videbatur.
2531 1754 2708 1808 Alium
2756 1753 2825 1807 ab
2853 1764 3032 1808 aratro
3077 1768 3360 1809 assumens
3386 1793 3401 1819 ,

179 1839 370 1905 τελειοῖ,
399 1844 495 1896 καὶ
528 1845 644 1913 μετ’
672 1846 933 1911 ἐκείνους,
962 1848 1054 1902 τὸν
1086 1850 1181 1905 νῦν
1213 1829 1565 1924 κείμενοννε-ίς
1603 1829 1736 1912 ύπό-
1768 1829 1812 1888 Β
1841 1845 2091 1899 “nam”
2138 1846 2314 1899 Ῐηῖίίθι
2366 1846 2409 1877 ⁹⁰
2436 1863 2451 1913 ἱ
2514 1853 2741 1915 Ροειίωθ
2818 1845 2963 1908 mos,
3049 1845 3205 1900 ηοδίε
3260 1860 3406 1900 nunc

177 1933 326 1996 θεσιν,
364 1936 634 2008 μακάριον
681 1940 776 1992 καὶ
803 1940 881 2011 τῷ
902 1941 1016 1994 em
1068 1944 1229 2011 σοφὸν
1262 1945 1487 2018 Δανιὴλ,
1529 1948 1734 2002 ἁπαλὸν

181 2025 243 2077 ἔτι
268 2026 359 2077 καὶ
389 2028 587 2098 κομιδῇ
623 2028 761 2094 νέον,
800 2031 932 2100 ὁμοῦ
981 2033 1073 2086 καὶ
1105 2035 1492 2108 πρεσϐυτέρων
1522 2040 1734 2111 κριτὴν,

178 2115 257 2167 καὶ
298 2117 589 2188 προφήτην
634 2119 963 2191 καθίστησιν
987 2139 1000 2153 ·
1036 2122 1096 2186 ὃς
1136 2125 1185 2176 εί
1226 2127 1319 2179 καὶ
1368 2128 1467 2197 τῆς
1512 2128 1736 2199 βαρείας

180 2203 373 2275 ἐκείνης
401 2206 564 2277 ἔργον
582 2208 824 2276 ἐγεγόνει
843 2212 1241 2281 αἰχμαλωσίας,
1267 2215 1311 2246 ⁸⁷
1328 2216 1422 2269 καὶ
1454 2219 1552 2290 τῆς
1580 2222 1733 2290 ἐνεγ-

178 2295 359 2367 κούσης
391 2296 504 2367 εἶχε
542 2298 640 2370 τὴν
678 2300 972 2355 Βαϐυλῶνα
996 2343 1011 2366 ,
1071 2304 1166 2358 καὶ
1215 2307 1272 2359 ἐν
1313 2307 1519 2375 ἀδόξοις
1550 2312 1734 2367 ’ἐδόκει

176 2386 250 2439 διὰ
270 2389 366 2458 τῆς
405 2388 555 2459 ὥρας
582 2390 645 2443 τὸ
674 2391 887 2459 ἀτελὲς,
923 2394 1016 2446 καὶ
1063 2395 1510 2469 ἀπαρρησίαστος
1537 2402 1626 2455 διὰ
1672 2404 1733 2457 τὸ

176 2477 568 2564 ἐναπειλῆφθαι-
604 2480 878 2564 τοσούτοις
929 2484 1156 2547 κακοῖς·
1200 2485 1318 2538 ἀλλ’
1363 2488 1428 2540 ἐκ
1481 2490 1576 2543 τοῦ
1638 2492 1736 2564 τὴν

176 2560 355 2630 ἀρετὴν
406 2561 785 2633 ἐπιφέρεσθαι,
838 2566 931 2619 καὶ
984 2566 1270 2640 φιλοσοφίᾳ
1326 2560 1736 2645 στοιχειο>θῆναι

174 2651 260 2719 τὴν
285 2650 512 2724 πρώτην
559 2652 808 2724 αὔξησιν,
856 2658 949 2711 καὶ
998 2660 1263 2731 καρτερὸς
1293 2658 1433 2716 εἶναι
1466 2664 1564 2735 τὴν
1598 2666 1738 2735 γνὼ-

178 2760 271 2813 μην
304 2744 399 2796 καὶ
440 2743 742 2817 ἐμϐριθὴς,
772 2748 830 2801 ὲν
866 2748 1015 2819 αὐτῷ
1049 2749 1128 2821 τῷ
1155 2751 1306 2805 ἄνθει
1337 2754 1438 2824 τῆς
1483 2756 1731 2827 ἡλικίας,

176 2834 269 2887 τῶν
318 2836 566 2908 γηραιῶν
614 2838 838 2893 ἐκείνων
898 2840 992 2893 καὶ
1048 2841 1461 2916 καθεστηκότων
1516 2847 1735 2919 ἔλεγχος

174 2925 433 2980 ἐδείκνυτο
476 2926 571 2980 καὶ
616 2930 826 3000 κριτής.
872 2929 1032 2983 Ἀλλὰ
1068 2931 1286 3002 μικρὸν,
1314 2934 1362 2986 εί
1392 2934 1560 3001 δοκεῖ,
1596 2936 1735 3006 πρὸς

175 3017 332 3090 ἀρχὴν
374 3019 743 3089 ἀναγαγόντες
783 3020 877 3074 τὸν
906 3020 1082 3090 λόγον,
1116 3023 1314 3094 ἴδωμεν
1353 3025 1502 3088 ὅπως
1531 3024 1734 3097 ὑψηλὸν

175 3109 256 3160 καὶ
294 3110 584 3181 μακάριον,
619 3111 680 3165 τὸ
709 3111 861 3181 φίλον
889 3112 1154 3185 ὑπάρχειν
1182 3112 1321 3184 Θεῷ.

234 3199 339 3268 Τῆς
383 3200 595 3265 πόλεως
641 3201 743 3271 τῆς
787 3200 1141 3275 Ἰερουσαλὴμ
1193 3203 1477 3277 κατάκραν
1524 3205 1603 3277 τῷ
1635 3223 1734 3260 που

173 3287 306 3360 λέμῳ
346 3290 498 3362 παρὰ
526 3292 635 3346 τῶν
689 3292 988 3364 Ἀσσυρίων
1018 3293 1338 3366 ληφθείσης,
1370 3296 1425 3349 οἵ
1450 3312 1511 3348 τε
1539 3296 1589 3329 ⁸³
1617 3296 1735 3351 λαοὶ

174 3376 267 3430 τῶν
304 3379 575 3452 Ἐϐραίων
604 3381 698 3437 ἐπὶ
728 3381 1022 3436 Βαϐυλῶνα
1046 3381 1365 3455 διήχθησαν.
1392 3381 1519 3456 Εἶχε
1560 3385 1617 3438 δὲ
1641 3384 1735 3439 καὶ

170 3468 251 3521 τὸν
278 3472 548 3543 μακάριον
588 3472 787 3545 Δανιὴλ
814 3473 921 3528 τῶν
952 3473 1305 3546 δορυαλώτων
1350 3475 1651 3549 μειρακίων
1672 3475 1734 3529 τὸ

171 3560 391 3631 πλῆθος,
435 3566 531 3617 καὶ
562 3564 782 3636 διήγετο
816 3566 908 3618 ἐπὶ
940 3566 1041 3637 τῆς
1085 3567 1350 3639 πολεμίας
1394 3570 1525 3632 παῖς
1574 3568 1737 3621 εὐκα-

170 3653 516 3724 ταφρόνητος,
560 3657 949 3728 κεκακωμένου
976 3658 1150 3731 δήμου
1183 3658 1378 3731 μικρὸν
1410 3660 1505 3713 καὶ
1546 3659 1736 3715 πολλο-

172 3743 283 3796 στὸν
316 3745 591 3814 ἐφόλκιον,
638 3743 762 3799 οὔτε
806 3748 958 3821 παρὰ
990 3752 1104 3814 τοῖς
1146 3750 1438 3822 ὁμοφύλοις
1479 3752 1749 3826 ἀφορμὴν-

169 3830 296 3901 ἔχων
342 3834 438 3888 τοῦ
480 3835 810 3905 φαίνεσθαι,
847 3836 970 3892 οὔτε
1001 3839 1153 3911 παρὰ
1190 3842 1305 3905 τοῖς
1344 3842 1560 3914 ἐχθροῖς
1598 3843 1738 3910 ἀξιό-

170 3920 310 3989 λογον
365 3925 461 3979 τοῦ
515 3926 753 3997 πολέμου
791 3928 1143 4002 νομιζόμενος
1197 3932 1427 4005 κέρδος·
1478 3935 1693 4008 ἀφανὴς
1718 3976 1734 4003 ν

170 4012 363 4080 ἄδοξος,
397 4015 489 4070 διὰ
521 4016 623 4089 τὴν
670 4019 923 4091 ἠλικίαν,
956 4021 1045 4076 διὰ
1075 4023 1174 4094 τὴν
1207 4025 1499 4098 συμφοράν
1524 4043 1538 4058 ·
1589 4029 1736 4101 μόνῳ

171 4103 237 4175 τῷ
271 4106 451 4172 καλῶς
493 4108 743 4179 βλέποντι
784 4112 1182 4185 καθορώμενος.

228 4196 357 4263 Θεὸς
379 4199 491 4265 γὰρ
514 4201 676 4272 μόνος
700 4200 895 4256 ἐσλεπε
915 4204 1013 4275 τὴν
1046 4205 1294 4278 καθαρὰν
1325 4207 1420 4261 τοῦ
1447 4209 1736 4266 νεανίσκου

170 4287 353 4360 ψυχὴν,
374 4291 569 4363 ὥσπερ
600 4295 720 4347 τινὰ
753 4296 1098 4369 μαργαρίτην
1124 4300 1182 4352 ἐν
1207 4297 1509 4365 θαλαττίοις
1539 4302 1736 4373 ὀστρά-

172 4396 274 4444 κοις
297 4381 664 4453 ἐνδεδεμένον,
698 4383 732 4455 ἢ
765 4386 967 4456 χρυσὸν
1023 4388 1081 4441 ἐν
1122 4391 1235 4453 τοῖς
1282 4390 1503 4456 κόλποις
1547 4393 1735 4447 ἐνόντα

1835 1934 1889 1988 in
1922 1937 2223 2003 argumenti
2252 1946 2455 2005 partem
2499 1938 2856 2006 propositum,
2894 1936 3110 1989 beatum
3146 1950 3210 1990 ac
3245 1936 3405 2006 plane

1836 2025 2129 2095 sapientem
2170 2026 2466 2091 Dauielem,
2500 2036 2740 2080 tenerum
2787 2026 2983 2089 adhuc,
3041 2040 3104 2080 ac
3132 2025 3284 2081 valde
3310 2026 3404 2097 ju-

1832 2127 2047 2176 venem,
2098 2116 2372 2170 seniorum
2416 2116 2675 2185 judicem,
2731 2131 2794 2171 ac
2852 2114 3167 2187 prophetam
3233 2125 3402 2172 creat.

1836 2206 2153 2274 Quanquam
2185 2206 2327 2260 enim
2376 2206 2463 2260 ille
2512 2222 2597 2261 res
2635 2217 2754 2261 erat
2803 2210 2982 2277 gravis
3014 2207 3154 2262 illius
3188 2206 3409 2278 captivi-

1839 2297 1983 2360 tatis,
2016 2310 2078 2349 ac
2120 2297 2307 2365 patriae
2340 2298 2459 2352 loco
2511 2296 2832 2368 Babylonem
2885 2298 3140 2363 habebat,
3182 2298 3405 2353 videba—

1837 2374 2029 2455 turque
2059 2386 2127 2441 ab
2173 2388 2458 2443 immatura
2504 2399 2662 2443 astate
2696 2389 3020 2458 despectior,
3067 2399 3229 2459 atque
3271 2405 3300 2443 a
3332 2399 3411 2444 tot

1837 2477 1992 2531 malis
2030 2478 2221 2532 ﬁducia
2257 2494 2492 2535 carens:
2522 2483 2666 2551 quod
2714 2489 2893 2535 tamen
2918 2482 3119 2535 virtute
3154 2481 3409 2550 praeditus

1838 2584 2002 2639 esset,
2063 2572 2363 2644 fuissetque
2415 2574 2586 2645 prima
2624 2573 2805 2629 statim
2859 2573 3199 2628 adolescente
3248 2579 3410 2624 aetate

1836 2664 2173 2735 philosOphia
2223 2666 2485 2731 eruditus,
2533 2682 2598 2723 ac
2646 2667 2823 2721 animo
2858 2664 2984 2719 forti
3037 2679 3101 2719 ac
3142 2662 3409 2717 constanti

1835 2756 2077 2825 polleret,
2107 2756 2160 2811 in
2196 2756 2312 2826 ipso
2341 2756 2518 2810 aetatis
2538 2753 2690 2822 ﬂore,
2722 2770 2911 2809 senum
2953 2752 3161 2808 illorum
3196 2767 3260 2807 ac
3285 2766 3410 2821 per-

1837 2847 2120 2912 fectorum,
2178 2848 2485 2916 redargutio
2532 2861 2593 2902 ac
2642 2846 2801 2916 judex
2860 2842 3081 2901 eﬂeetus
3135 2851 3238 2898 est.
3288 2840 3409 2897 Cae-

1840 2946 2011 2992 terum
2046 2938 2319 2992 modicum
2344 2937 2495 3007 quid,
2534 2934 2578 2991 si
2621 2934 2786 2998 lubet,
2831 2946 3135 2987 sermonem
3164 2932 3232 2986 ad
3262 2930 3413 3000 prin-

1837 3028 2035 3098 cipium
2073 3029 2409 3091 reducentes,
2446 3028 2719 3081 videamus
2748 3033 2805 3080 ut
2854 3023 2960 3079 Deo
2991 3021 3225 3078 amicum
3263 3034 3408 3087 esse,

1836 3118 2113 3172 sublimem
2143 3133 2203 3173 ac
2225 3119 2439 3171 beatum
2469 3124 2705 3186 praestet.
3197 3104 3209 3112 ’

1905 3206 2075 3277 Capta
2117 3208 2331 3277 penitus
2356 3222 2421 3261 ac
2454 3205 2595 3261 bello
2620 3213 2924 3275 expugnata
2956 3203 3023 3260 ab
3056 3199 3297 3273 Assyriis
3323 3198 3409 3255 ci,

1835 3300 1999 3353 vitate
2037 3298 2355 3364 Jerusalem,
2395 3296 2743 3353 Hebraeorum
2779 3311 2873 3365 per
2900 3294 2954 3350 id
2992 3304 3203 3364 tempus
3230 3290 3410 3363 populi

1835 3387 2160 3459 Babylonem
2209 3387 2453 3443 translati
2511 3397 2656 3442 sunt.
2706 3386 2915 3450 Porro,
2962 3385 3102 3440 inter
3146 3384 3407 3453 iuvenum

1837 3478 2169 3547 captivorum
2232 3477 2456 3538 turmas.
2515 3477 2703 3531 beatus
2765 3486 2985 3544 quoque
3036 3471 3223 3527 Daniel
3272 3486 3410 3527 unus

1837 3568 1956 3634 l‘uit,
2010 3568 2306 3641 agebatque
2360 3570 2412 3623 in
2475 3576 2619 3624 terra
2675 3567 2908 3623 hostium
2979 3562 3407 3634 contemptibilis

1837 3674 1990 3730 puer,
2026 3658 2210 3714 afﬂicti
2251 3658 2431 3731 populi
2480 3656 2670 3729 exigua
2710 3656 2953 3727 quaedam
2988 3669 3053 3710 ac
3100 3652 3405 3708 multesima

1838 3749 2129 3821 appendix,
2162 3750 2254 3820 qui
2286 3763 2461 3821 neque
2498 3749 2728 3805 haberet
2756 3761 2863 3816 quo
2896 3745 3037 3817 apud
3072 3744 3157 3800 sui
3196 3744 3409 3813 generis

1838 3841 2084 3896 homines
2146 3841 2323 3895 clarus
2374 3848 2541 3905 esset,
2602 3853 2700 3894 nec
2755 3837 2895 3909 apud
2950 3838 3134 3893 hostes
3201 3834 3408 3905 justum

1838 3930 1964 3986 belli
2008 3929 2235 3999 spolium
2274 3929 2577 3996 videretur;
2612 3928 2911 3994 obscurus,
2943 3924 3199 3994 inglorius
3272 3933 3409 3980 aeta-

1841 4024 1910 4080 tis
1934 4039 1997 4079 ac
2023 4022 2345 4078 calamitatis
2377 4021 2723 4093 pra-judicio;
2756 4034 2917 4091 quem
2946 4019 3091 4076 solus
3129 4019 3293 4091 probe
3325 4019 3408 4073 vi-

1838 4116 1973 4170 dens
2004 4113 2194 4169 oculus
2217 4112 2305 4168 ille
2338 4111 2696 4182 perspiceret.

1910 4206 2070 4262 Solus
2112 4206 2309 4276 quippe
2348 4204 2486 4260 Deus
2522 4217 2714 4274 purum
2763 4200 3120 4257 adolescentis
3152 4200 3408 4257 comebat

1839 4297 2097 4362 animum,
2129 4294 2404 4366 margariti
2431 4294 2599 4349 instar
2619 4292 2839 4347 marinis
2864 4291 3060 4347 ostreis
3085 4290 3403 4360 implexum,

1841 4397 1934 4443 aut
1960 4389 2099 4444 sicut
2131 4401 2320 4441 aurum
2352 4386 2403 4440 in
2437 4393 2592 4440 terra;
2631 4386 2751 4440 sinu
2792 4384 3121 4453 repositum;
3169 4391 3225 4435 ut
3251 4381 3410 4439 deni-

170 4472 257 4542 τῆς
277 4475 381 4543 γῆς
402 4491 415 4505 ·
452 4475 529 4539 ὡς
567 4475 783 4548 νύμφην
808 4478 1082 4550 εὐπρεπῆ,
1130 4482 1243 4545 τοῖς
1272 4482 1736 4554 παραπετάσμασι
1767 4499 1812 4554 ι)

1767 4499 1812 4554 ι)
1842 4498 1948 4554 que
1987 4490 2229 4536 ornatam
2280 4492 2530 4546 sponsam
2565 4476 2865 4531 arcanioris
2901 4475 3120 4530 thalami
3171 4473 3406 4529 abditam

170 4564 255 4631 τῆς
280 4566 556 4631 παστάδος
577 4567 1012 4639 καλυπτομένην.
1042 4571 1259 4643 Ἐπειδὴ
1287 4571 1343 4624 δὲ
1363 4569 1526 4643 ἦλθεν
1550 4573 1578 4625 ὁ
1607 4574 1742 4627 καθ-

170 4658 305 4724 ήκων
343 4656 564 4729 καιρὸς,
615 4660 709 4712 καὶ
748 4659 856 4713 ἔδει
912 4662 1004 4714 τὸν
1053 4663 1427 4734 κρυπτόμενον
1484 4665 1739 4736 φανῆναι,

170 4746 436 4819 γνώριμον
461 4749 713 4817 γενέσθαι
746 4750 839 4804 τὸν
870 4751 1075 4820 ἀφανῆ,
1109 4752 1470 4823 περίϐλεπτον
1505 4754 1597 4806 τὸν
1642 4771 1742 4808 κα-

170 4842 424 4910 ταφρονού
434 4858 616 4911 μενον,
645 4841 854 4912 λάμψαι
886 4842 976 4896 τὸν
1012 4841 1089 4911 τῷ
1119 4843 1293 4914 σκότῳ
1318 4845 1416 4915 τῆς
1459 4848 1743 4917 συμφορᾶς

170 4932 566 5003 κεκρυμμένον,
600 4931 752 5005 ὀλίγη
792 4933 885 4987 τοῦ
914 4935 1227 5005 Πνεύματος
1256 4934 1618 5005 ἐπιφοίτησις,
1648 4939 1742 4990 καὶ

171 5025 375 5077 πάντων
414 5026 445 5076 ό
477 5022 732 5086 ταπεινὸς
761 5023 1089 5095 ὑψηλότερος
1113 5042 1125 5055 ·
1156 5026 1336 5093 σοφὸς,
1366 5026 1395 5076 ὁ
1425 5026 1500 5096 μὴ
1521 5027 1741 5098 διαίρων

169 5113 223 5166 τὸ
246 5116 420 5186 στόμα
441 5133 457 5146 ·
486 5116 704 5187 ἔλεγχος
758 5116 1149 5186 κρυπτομένων
1167 5133 1179 5144 ’
1218 5116 1410 5188 κριτὴς
1448 5118 1738 5183 δικαστῶν,

168 5206 192 5255 ό
218 5207 543 5269 ἀπαίδευτος
562 5224 576 5235 °
618 5208 711 5260 ἐπὶ
749 5206 936 5277 θρόνου
965 5205 1275 5277 καθήμενος
1299 5208 1502 5280 ὑψηλοῦ
1520 5250 1533 5274 ,
1578 5212 1606 5262 ὁ
1635 5228 1738 5281 μη·

169 5294 299 5348 δέπω
329 5297 469 5368 μηδὲ
490 5298 770 5368 ὑπηρέτης
794 5297 1153 5368 δικαστηρίων
1178 5299 1493 5370 γενόμενος’
1520 5318 1731 5373 σωφρο-

172 5389 320 5459 σύνην
348 5391 865 5460 συκοφαντουμένην
892 5392 1120 5445 ἐκδικῶν
1153 5393 1180 5444 ὁ
1212 5391 1349 5456 νέος,
1398 5392 1568 5465 δῆμον
1599 5396 1734 5449 πλα-

172 5478 399 5549 νώμενον
432 5481 798 5553 ἐπιστρέφων,
822 5482 999 5551 ψῆφον
1030 5481 1233 5545 πόλεως
1259 5482 1385 5554 ὅλης
1413 5486 1595 5548 κακῶς
1622 5489 1734 5538 ἐνε-

171 5570 376 5635 χθεῖσαν
425 5572 884 5642 ἀνακαλούμενος.
938 5573 1227 5625 Ἠκούσατε
1264 5574 1369 5646 γὰρ
1408 5576 1606 5644 ἀρτίως
1639 5578 1731 5629 τοῦ

260 5755 303 5779 ⁸⁹
336 5756 426 5808 Ic.
466 5755 638 5809 κάντί.
738 5757 781 5781 "‘
813 5756 893 5808 ῖσ.
938 5758 982 5807 οἱ
1012 5757 1146 5812 τότε.

1259 5756 1299 5789 ⁹⁹
1344 5758 1511 5829 litog.
1558 5774 1590 5823 l,
1631 5758 1828 5829 ίῖίβιιιι.

1844 4572 1979 4627 velo.
2013 4569 2110 4626 Ubi
2136 4578 2315 4625 autem
2351 4575 2713 4638 opportunum
2738 4565 2966 4637 appetiit
2990 4575 3224 4635 tempus,
3241 4578 3405 4636 opor-

1843 4664 2046 4733 tuitque
2075 4672 2132 4715 ut
2176 4661 2268 4733 qui
2316 4659 2663 4714 delitescebat
2712 4658 2766 4711 itt
2818 4655 2997 4727 palam
3040 4656 3405 4726 proferretur,

1840 4764 1900 4808 ut
1943 4755 2205 4809 obscurus
2258 4751 2347 4806 ille
2394 4760 2551 4806 notus
2609 4749 2895 4814 evaderet,
2958 4758 3018 4802 ut
3066 4756 3409 4814 contemptus

1838 4843 2157 4914 conspicuus
2214 4842 2398 4908 ﬁeret,
2453 4848 2511 4895 ut
2556 4839 2786 4911 denique
2834 4838 2925 4909 qui
2970 4838 3023 4892 in
3085 4836 3409 4891 calamitatis

1842 4936 2078 4990 tenebris
2130 4933 2474 4990 absconditus
2517 4931 2693 4986 fuerat
2750 4930 3056 4985 claritatem
3098 4927 3405 4996 acciperet;

1838 5027 2047 5082 modico
2085 5024 2248 5079 divini
2287 5024 2517 5094 Spiritus
2544 5021 2723 5077 alllatu
2747 5029 2906 5089 atque
2930 5018 3143 5089 illapsu,
3174 5016 3397 5072 humilis

1838 5118 1927 5173 ille
1984 5118 2248 5172 universis
2271 5115 2549 5172 sublimior
2574 5113 2787 5179 evadit;
2820 5110 3059 5179 sapiens,
3089 5110 3179 5178 qui
3209 5123 3309 5163 nec
3345 5124 3407 5165 os

1838 5210 2048 5280 aperire
2080 5218 2288 5279 posset;
2322 5207 2657 5264 occultorum
2692 5203 3025 5274 redargutio,
3054 5201 3407 5274 judicumju-

1840 5297 1965 5363 dex,
2000 5297 2158 5351 homo
2191 5295 2371 5359 rudis;
2421 5293 2635 5349 sublimi
2665 5292 2801 5349 solio
2856 5292 3073 5357 sedens,
3107 5291 3196 5361 qui
3232 5303 3407 5361 neque

1844 5390 2187 5443 tribunalium
2218 5402 2449 5459 unquam
2476 5385 2721 5440 minister
2753 5386 2970 5449 fuisset;
3002 5384 3217 5453 juvenis
3237 5381 3404 5439 casti-

1845 5488 2007 5532 tatem
2059 5478 2331 5532 calumnia
2385 5475 2677 5544 appetitam
2728 5475 3031 5540 ulciscens,
3085 5481 3407 5529 convertens

1843 5581 2113 5625 errantem
2154 5570 2437 5639 populum,
2492 5568 2627 5623 male
2666 5568 2825 5623 latam
2884 5567 3115 5624 civitatis
3144 5567 3407 5622 universa:

1909 5757 2002 5811 ςθί
2049 5757 2175 5824 [ἲς-ε.
2224 5770 2338 5819 xw,
2396 5752 2446 5807 H
2482 5769 2596 5818 sqq.
