4212 6318
772 358 877 412 ἓόὄ
2050 360 2107 413 8.
2147 356 2423 415 ΑδτΕΒιι
2461 357 2761 411 ΑΜΛΒΕΜ
3922 350 4025 406 244

775 472 986 529 calculo
1009 477 1331 530 sententiam
1369 490 1646 532 revocans.
1698 477 1937 531 Audistis
1980 482 2123 530 enim
2154 477 2346 529 recita—

2463 472 2891 543 ἱναγνὼσματος.
2942 474 3032 525 καὶ
3062 470 3136 541 τῷ
3186 471 3422 538 θαύματι
3472 469 3684 529 πάντως
3733 467 4023 535 κατέχεσθε

775 572 888 618 tam
947 564 1106 621 modo
1155 563 1474 631 lectionem,
1523 568 1850 637 omninoque
1904 567 1979 621 rei
2030 566 2345 620 miraculum

2463 564 2549 635 τὴν
2592 563 2788 633 ψυχήν.
2820 561 2991 629 Κάγὼ
3042 561 3096 614 δὲ
3126 561 3193 613 τὰ
3218 561 3325 612 τῶν
3369 559 3541 613 ἄλλων
3586 556 3803 628 βιϐλίων
3842 559 4021 626 ἀφεδς,

777 669 1067 724 suspensos
1095 672 1113 708 ς
1135 657 1276 712 ἰἱιηο
1307 667 1471 713 tenet.
1511 657 1622 729 Ego
1649 673 1860 728 quoque
1893 658 1959 712 iis
1989 656 2203 712 omissis
2231 670 2349 725 qua:

777 745 902 801 libri
935 746 1024 801 alii
1054 748 1273 815 habent,
1309 750 1353 805 si
1386 766 1489 819 qua
1526 752 1682 805 nobis
1722 751 1911 821 psalmi
1941 748 2226 810 conjuncta
2253 764 2342 801 vo-

778 836 986 908 luptate
1032 838 1237 894 utiliter
1292 841 1548 895 modulati
1610 851 1763 908 sunt;
1817 840 1859 895 si
1916 854 2019 909 qua
2065 838 2349 907 Apostolus

782 924 1013 980 consilio
1041 928 1342 997 suggessit;
1379 928 1422 982 si
1451 945 1554 996 qua
1590 928 1848 985 Dominus
1888 943 1984 998 pro
2008 935 2274 998 potestate
2297 929 2348 982 in

778 1014 1085 1087 Evangeliis
1117 1020 1318 1085 sanxit,
1351 1020 1475 1077 huic
1504 1023 1841 1091 potissimum
1893 1020 2188 1075 narrationi
2228 1021 2350 1074 ani-

778 1124 924 1162 mum
958 1108 1149 1179 adieci.
1182 1108 1351 1166 Video
1400 1128 1633 1182 namque
1677 1112 1939 1179 duplicem
1981 1110 2348 1170 commendari

776 1201 1133 1268 iuventutem,
1166 1201 1391 1260 alteram
1420 1205 1634 1277 quidem
1657 1204 1899 1268 ferendo,
1926 1205 2149 1260 alteram
2183 1204 2347 1259 sustio

779 1294 955 1347 uendo
978 1296 1302 1350 sententiam
1337 1313 1351 1351 :
1395 1313 1456 1353 ac
1497 1296 1770 1354 Danielem
1821 1301 2074 1367 quidem,
2118 1313 2214 1367 pro
2245 1296 2350 1351 lata

777 1384 881 1440 rite
921 1387 1186 1442 sententia
1222 1390 1466 1452 plausum
1498 1388 1697 1446 habere
1730 1406 1792 1446 ac
1825 1390 2347 1462 aggralulationem;

784 1475 1089 1531 Susannam
1123 1493 1272 1549 vero,
1308 1498 1404 1548 pro
1432 1483 1656 1538 victoria
1690 1484 1956 1539 castitatis
1988 1482 2234 1540 obtinere
2266 1497 2349 1536 co.

784 1581 997 1621 ranam.
1042 1567 1235 1624 Venite
1266 1570 1470 1641 itaque,
1513 1573 1603 1642 qui
1657 1572 2001 1641 pulchrorum
2043 1586 2109 1627 ac
2138 1572 2355 1627 virtutis

778 1668 1023 1713 amantes
1057 1663 1218 1727 estis;
1277 1662 1550 1729 antiquum
1602 1662 1728 1716 illud
1785 1662 2049 1718 memoria
2089 1662 2356 1718 instaure-

779 1763 899 1804 mus
940 1748 1225 1820 judicium.
1270 1748 1451 1807 Veteri
1481 1753 1753 1814 castitate.
1788 1769 1976 1807 n0vam
2021 1754 2073 1807 in
2104 1753 2352 1823 praesenti

2452 656 2549 707 ὅσα
2578 657 2624 707 ei
2648 654 2850 724 ψαλμοὶ
2888 654 3018 723 ἡμῖν
3064 648 3357 719 ὲπωφελῶς
3393 650 3510 719 μεθ’
3536 649 3729 720 ἡδονῆς
3755 648 4026 719 ἐμελῴδη-

2454 762 2574 809 σαν,
2602 745 2699 797 ὅσα
2732 743 3146 798 συνεεοόλευσεν
3180 743 3207 794 ὁ
3251 740 3600 802 Ἀπόστολος,
3641 741 3743 792 ὅσα
3781 739 4027 791 δεσποτι-

2452 834 2560 899 κῶς
2609 832 2995 904 ἐνομοθέτησεν
3049 832 3105 884 ὲν
3160 832 3272 894 τοῖς
3323 830 3673 897 Εὑαγγελίοις
3722 831 3750 880 ὁ
3801 826 4028 895 Κύριος,

2450 926 2617 999 ταύτῃ
2645 924 3005 998 προσεκλίθην
3028 926 3093 993 τῇ
3126 923 3354 994 ἱστορίᾳ.
3399 921 3615 991 Ἐπειδὴ
3642 920 3733 973 δύο
3769 919 4027 989 νεότητας

2452 1017 2635 1088 βλέπω
2666 1014 3077 1086 εὐδοκιμούσας,
3110 1016 3208 1084 τὴν
3235 1013 3333 1083 μὲν
3359 1014 3416 1066 έν
3440 1012 3519 1083 τῷ
3551 1011 3811 1074 δικάζειν,
3836 1010 3935 1080 τὴν
3970 1006 4029 1061 δὲ

2451 1111 2510 1162 ὲν
2540 1107 2618 1179 τῷ
2647 1108 2925 1179 κρίνεσθαι
2946 1122 2959 1137 ’
2996 1107 3089 1159 καὶ
3130 1106 3219 1157 τὸν
3255 1105 3352 1175 μὲν
3385 1103 3581 1174 Δανιὴλ
3645 1104 3737 1155 ἐπὶ
3772 1104 3894 1163 ταῖς
3919 1099 4030 1171 ψή-

2453 1223 2573 1277 φοις
2596 1203 2955 1276 κροτούμενον
2983 1219 2995 1232 ⁸
3028 1201 3315 1253 Σωσὰνναν
3348 1199 3403 1252 δὲ
3451 1199 3545 1252 ἐπὶ
3575 1201 3639 1268 τῇ
3676 1198 3801 1268 νίκῃ
3828 1210 4027 1262 0159a-

2452 1296 2717 1367 νουμένην
2744 1294 2843 1365 τῆς
2868 1290 3239 1363 σωφροσύνης.
3274 1289 3435 1342 Δεῦτε
3460 1288 3662 1351 τοίνυν,
3697 1289 3745 1339 εί
3784 1285 3948 1348 δοκεῖ,
3982 1286 4030 1336 oi

2452 1386 2560 1440 τῶν
2588 1385 2767 1438 καλῶν
2803 1384 3031 1453 ἐρασταὶ
3063 1381 3157 1435 καὶ
3185 1382 3283 1450 τῆς
3320 1378 3556 1449 ἀρετῆς,
3590 1372 4031 1441 ἀνανεωσώμεθα

2452 1477 2555 1543 τὴν
2588 1474 2821 1530 παλαιὰν
2877 1472 3055 1544 κρίσιν
3090 1476 3155 1542 τῇ
3204 1473 3391 1544 μνήμῃ
3412 1486 3427 1501 ·
3470 1468 3674 1540 ἀρχαίᾳ
3708 1464 4032 1537 σωφροσύνῃ

2455 1568 2550 1641 τὴν
2576 1567 2870 1631 νεάζουσαν
2905 1567 2995 1619 ἐπὶ
3016 1563 3110 1619 τοῦ
3144 1563 3411 1635 παρόντος
3450 1559 3743 1617 ἀκολασίαν
3788 1556 4037 1627 ἐκκόψω-

2460 1676 2575 1731 μεν,
2606 1656 3048 1729 πηλιτεὺσαντες
3075 1655 3251 1727 γῆρας
3276 1652 3653 1725 μειρακιῶδες,
3681 1650 3774 1703 καὶ
3806 1648 4035 1714 νεότητα

2458 1747 2873 1818 πεπολιωμένην
2935 1746 3335 1815 θαυμάσαντες.
3385 1739 3458 1796 *Ω
3514 1740 3813 1813 πρεσϐῦται
3845 1737 4035 1807 μιαροὶ

779 1839 1158 1895 cxscindamus
1181 1840 1655 1906 incontinentiam,
1685 1844 2030 1899 traducentes
2058 1842 2351 1911 juvenilem

2463 1842 2551 1895 καὶ
2581 1840 2842 1911 ἄρχοντες
2869 1838 2960 1894 τοῦ
3003 1837 3155 1896 λαοῦ,
3200 1836 3407 1907 μυρίων
3434 1832 3795 1902 παιδαγωγῶν
3825 1833 3906 1893 εἰς
3937 1830 4037 1883 ἑπ-

777 1938 1147 1997 senectutem,
1203 1946 1267 1986 ac
1314 1946 1503 1987 canam
1543 1934 1868 1989 admirantes
1907 1934 2267 2003 iuventutem.
2307 1931 2353 1987 0

775 2019 991 2075 scelesti
1031 2034 1189 2075 senes
1242 2036 1306 2076 ac
1357 2021 1535 2091 p0puli
1572 2020 1866 2092 principes,
1914 2024 2229 2078 innumeros
2284 2021 2353 2079 ad

776 2111 1210 2166 emendationem
1274 2112 1614 2168 necessarios
1675 2112 1935 2167 habentes
1991 2113 2350 2184 paedagogos,

777 2198 1015 2270 legitimo
1048 2199 1253 2256 findere
1278 2200 1591 2267 iunctarum
1631 2204 1937 2274 nuptiarum
1968 2203 2309 2259 insidiatores
2334 2242 2351 2269 ,

778 2289 1001 2360 maligni
1020 2293 1288 2348 castitatis
1320 2306 1591 2362 aucupes,
1623 2294 1849 2349 subtiles
1872 2294 2115 2349 dolorum
2144 2296 2352 2351 instru-

777 2390 994 2448 etores,
1043 2381 1329 2437 calumniae
1376 2384 1615 2453 prompti
1657 2383 2001 2441 inventores!
2049 2382 2351 2439 Scortatio—

780 2485 903 2526 nem
944 2470 1211 2528 labiorum
1252 2482 1407 2528 tenus
1445 2474 1737 2536 damnatis,
1785 2482 1841 2529 et
1879 2473 2158 2534 adornatis
2204 2475 2356 2530 adul-

778 2565 1016 2617 terium:
1054 2563 1283 2618 aliorum
1324 2562 1537 2629 medici,
1573 2562 1823 2634 plenique
1866 2564 1964 2633 ipsi
2009 2569 2197 2621 morbo
2230 2581 2355 2622 :se-

779 2650 964 2722 pulcra
1004 2650 1276 2716 dealbata,
1309 2650 1455 2705 intus
1496 2651 1837 2706 immunditia
1884 2653 2040 2721 plena
2064 2694 2079 2719 ,
2132 2664 2356 2711 externa

778 2757 909 2799 vero
940 2742 1229 2813 superﬁcie
1259 2753 1448 2799 ornata
1480 2743 1523 2776 "
1555 2762 1568 2799 :
1606 2746 1887 2812 sublimes,
1937 2759 2001 2802 ac
2029 2748 2081 2801 in
2116 2746 2355 2807 iudicum

778 2835 1001 2889 sedibus
1054 2834 1429 2904 praesidentes,
1483 2845 1723 2907 tumque,
1757 2853 1880 2893 cum
1928 2842 2155 2895 scortari
2188 2839 2359 2895 volui—

779 2924 901 2981 stis.
938 2924 1082 2979 inter
1114 2924 1460 2979 arbustorum
1495 2925 1660 2981 densa
1713 2940 1777 2982 ac
1822 2926 2040 2981 dumeta
2088 2928 2359 2995 adrepen-

785 3025 884 3075 tes.
914 3014 1056 3070 Risit
1084 3031 1206 3071 cum
1236 3019 1444 3072 videret
1494 3018 1999 3087 praevaricationum
2034 3019 2250 3087 doctor,
2296 3032 2361 3074 ac

781 3107 1052 3189 malorum
1102 3108 1468 3174 consiliarius,
1529 3120 1589 3165 ut
1619 3110 1892 3180 principes
1924 3111 2135 3180 populi,
2167 3119 2227 3165 ut
2257 3110 2357 3164 viri

2454 1930 2753 2003 ανόρθωσιν
2797 1929 3109 2000 χρῄζοντες,
3137 1929 3329 1997 γάμων
3380 1926 3529 1996 νόμῳ
3554 1922 3890 1993 ξευχθέντων
3918 1918 4039 1973 ἐπί-

2455 2018 2655 2084 ϐουλοι,
2686 2018 3036 2089 σωφροσύνης
3060 2015 3390 2086 ὲνεδρευταὶ,
3418 2011 3827 2088 μηχανορράφοι
3845 2009 4035 2069 δόλων,

2457 2110 2820 2181 συκοφαντίας
2847 2110 3035 2180 ταχεῖς
3061 2106 3317 2181 εὑρεταίι
3360 2105 3545 2175 Ὑμεῖς
3576 2099 3674 2175 ἦτε
3694 2104 3743 2155 oi
3774 2101 3874 2171 τὴν
3906 2115 4040 2165 πορ-

2454 2200 2602 2256 νείαν
2631 2204 2743 2263 τοῖς
2766 2200 2966 2271 χείλεσι
2995 2199 3291 2267 κρίνοντες,
3311 2197 3406 2250 καὶ
3433 2197 3536 2267 τὴν
3569 2194 3811 2266 μοιχείαν
3838 2191 4041 2253 χάζον-

2454 2309 2578 2355 τες·
2614 2293 2662 2344 oi
2702 2290 2811 2343 τῶν
2847 2290 3021 2345 ἄλλων
3062 2290 3257 2360 ἰατροὶ,
3292 2288 3385 2341 καὶ
3416 2287 3516 2356 τῆς
3541 2287 3695 2340 νόσου
3735 2284 4038 2353 γέμοντες·

2455 2384 2505 2439 οἱ
2550 2380 2961 2451 κεκονιασμένοι
2997 2380 3179 2449 τάφοι,
3228 2378 3378 2432 ἔνδον
3418 2377 3518 2447 τῆς
3566 2374 3908 2445 ἀκαθαρσίας
3946 2388 4047 2428 πε-

2456 2472 2775 2544 πλησμένοι,
2809 2472 2897 2525 καὶ
2944 2470 3041 2541 τὴν
3070 2469 3267 2533 ἔξωθεν
3321 2468 3640 2539 ἐπιφάνειαν
3676 2464 4047 2527 καλλωπίζον-

2454 2583 2566 2629 τες.
2605 2566 2668 2618 Ol.
2698 2563 2891 2633 admitot
2916 2564 3010 2617 καὶ
3030 2564 3123 2615 ἐπὶ
3149 2562 3256 2615 τῶν
3301 2560 3505 2633 θρόνων
3554 2560 3661 2613 τῶν
3706 2556 4046 2613 δικαστικῶν

2458 2652 2883 2725 προκαθήμενοι,
2914 2653 3003 2704 ὅτε
3032 2652 3088 2705 δὲ
3120 2651 3527 2706 ἀκολασταίνειν
3556 2648 3899 2722 προείλεσθε,
3932 2651 4050 2711 τοῖς

2458 2745 2665 2809 λασίοις
2723 2745 2831 2797 τῶν
2890 2743 3072 2815 φυτῶν
3103 2745 3198 2797 καὶ
3246 2747 3359 2808 τοῖς
3411 2744 3639 2815 θάμνοις
3696 2744 4045 2814 ἐνέρποντες.

2471 2836 2724 2906 Ἐγελᾶτο
2748 2835 2958 2902 βλέπων
2989 2838 3132 2907 ὑμᾶς
3157 2840 3185 2892 ό
3213 2839 3321 2892 τῶν
3339 2838 3702 2909 παραϐάσεων
3721 2833 4049 2905 εἰσηγητὴς,

2459 2929 2554 2982 καὶ
2605 2929 2715 2981 τῶν
2766 2928 2950 2981 κακῶν
2988 2929 3308 3001 σύμϐουλος,
3345 2931 3493 2994 ὅπως
3524 2931 3572 2981 oi
3607 2931 3664 2982 ὲν
3708 2929 3925 2999 κορυφῇ
3953 2923 4052 2979 τοῦ

2460 3018 2610 3083 λαοῦ,
2633 3020 2683 3072 οἱ
2712 3019 2933 3087 λογάδες
2961 3020 3055 3073 καὶ
3080 3020 3343 3094 ἔκκριτοι,
3374 3022 3449 3084 ὡς
3473 3019 3793 3090 τοιχωρύχοι
3834 3016 3987 3079 τινὲς
4015 3014 4051 3084 ἢ

2460 3110 2654 3183 λῃσταὶ
2682 3113 2747 3183 τῇ
2773 3114 2845 3182 γῇ
2880 3112 3433 3184 προσεσύρεσθε,’ἴνα
3468 3110 3698 3182 βλέψητε
3736 3109 3868 3163 θέαν
3920 3107 4052 3162 ἁκόο

785 3176 1041 3265 proceres
1063 3213 1126 3251 ac
1146 3198 1362 3265 delecti,
1399 3214 1497 3255 ceu
1528 3200 1900 3265 sepulcrorum
1924 3199 2211 3258 eﬂ'ossores
2237 3202 2360 3270 qui-

2463 3176 2682 3258 λᾶστω-
2722 3176 2844 3257 "ei
2890 3176 3003 3268 τοῖς
3059 3176 3287 3273 θάμνοις
3341 3176 3740 3273 ἐνεκρύπτεσθε
3774 3202 3923 3254 κατὰ
3955 3200 4055 3258 τὰς

786 3296 909 3343 dam
947 3304 1011 3345 ac
1055 3288 1313 3352 lalr0nes,
1370 3291 1642 3359 impudico
1690 3292 1969 3349 recreandi
2014 3294 2359 3359 spectaculo,

786 3394 1031 3436 ventrem
1059 3382 1370 3448 traltcretis,
1400 3382 1748 3453 vulpiumque
1770 3398 1921 3439 more
1964 3383 2252 3439 latitaretis
2284 3386 2363 3439 in-

788 3480 871 3524 ter
901 3470 1147 3534 dumeta;
1188 3486 1307 3539 quae
1338 3471 1593 3526 nimirum
1621 3485 1651 3523 e
1674 3473 1974 3529 nemorosis
2000 3487 2065 3527 ac
2094 3474 2363 3528 umbrosis

788 3558 943 3623 locis,
968 3559 1282 3613 domesticis
1311 3558 1631 3615 insidiantes
1653 3561 1863 3626 avibus,
1900 3561 1952 3615 in
1980 3576 2094 3623 eas,
2124 3561 2249 3617 dum
2277 3562 2365 3615 in-

790 3658 951 3705 caute
982 3660 1279 3717 pascuntur
1304 3648 1566 3703 insiliant.
1598 3648 1642 3705 0
1690 3648 1922 3704 similem
1966 3649 2042 3707 illi
2075 3649 2361 3717 malitiam,

789 3755 954 3810 quam
984 3740 1343 3794 humanorum
1366 3738 1453 3795 illa
1479 3740 1783 3797 animorum
1808 3741 1946 3808 lues,
1973 3757 2002 3796 a
2023 3742 2288 3813 principio
2313 3743 2367 3795 in

793 3834 955 3888 tinem
984 3846 1154 3900 usque
1190 3832 1442 3886 molitur!
1474 3831 1531 3887 In
1565 3833 1725 3889 horto
1757 3836 1996 3903 primum
2041 3834 2246 3889 corruit
2274 3848 2367 3889 su-

791 3926 973 3983 blimis
996 3926 1187 3992 homo;
1213 3940 1357 3979 nunc
1383 3940 1599 3996 quoque
1624 3926 1678 3981 in
1704 3927 1880 3990 horto,
1900 3926 2000 3983 viri
2024 3942 2181 3983 senes
2204 3941 2232 3981 a
2256 3941 2373 3982 ser-

792 4031 956 4089 pente
986 4017 1116 4083 acti,
1164 4031 1194 4070 a
1233 4016 1405 4085 prima
1438 4016 1525 4069 illa
1579 4032 1643 4069 ac
1692 4018 1970 4088 principali
2023 4020 2190 4086 gloria
2222 4021 2371 4073 exci-

796 4114 957 4173 dunt;
1006 4106 1208 4176 quique
1256 4105 1470 4174 judices
1518 4115 1709 4170 erant,
1768 4106 2076 4177 praeiudicio
2132 4107 2372 4163 damnati

2462 3289 2771 3354 ἀλώπεκας,
2800 3293 2857 3345 αἶ
2890 3292 2997 3345 ἀπὸ
3028 3292 3138 3345 τῶν
3178 3291 3471 3363 συμφύτων
3521 3290 3618 3344 καὶ
3657 3288 3929 3345 ὲπισκίιην
3968 3288 4058 3341 τόρ-

2464 3398 2582 3435 πων
2609 3381 2709 3442 τὰς
2754 3384 3120 3448 κατοικιδίους
3153 3384 3526 3455 ἐνεδρεύουσιν
3549 3380 3788 3453 ὄρνιθας.
3823 3379 3929 3433 καὶ
3969 3396 4058 3433 νε-

2468 3471 2731 3541 μομέναις
2754 3474 3079 3542 ἁπροόπτως
3100 3474 3457 3544 ἐπιπηδῶσιν.
3484 3475 3547 3526 Ὢ
3566 3473 3663 3542 τῆς
3688 3470 4059 3541 ὁμοιοτρόπου

2468 3565 2687 3627 κακίας,
2726 3563 2793 3626 ἦν
2846 3568 2873 3618 ό
2927 3566 3035 3618 τῶν
3094 3564 3450 3637 ἀνθρωπίνων
3489 3564 3677 3634 ψυχῶν
3722 3561 4060 3632 ὀλοθρευτὴς

2468 3654 2724 3725 ἁπαρχῆς
2774 3658 2853 3719 εἰς
2905 3656 3056 3717 τέλος
3106 3654 3452 3725 ὲπιτηδεύειί
3508 3655 3595 3707 Ἐν
3632 3653 3955 3724 παραδείσῳ
4001 3653 4063 3705 τὺ

2471 3746 2686 3817 πρῶτον
2715 3746 2807 3799 τοῦ
2834 3746 3039 3816 ὑψηλοῦ
3072 3746 3361 3812 ἀνθρώπου
3397 3746 3623 3815 πτῶμα,
3646 3746 3706 3798 ὲν
3735 3744 4062 3815 παραδείσῳ

2472 3838 2566 3893 καὶ
2598 3837 2691 3891 νῦν
2713 3840 2761 3890 oi
2795 3839 3045 3910 γέροντες
3079 3838 3231 3910 παρὰ
3275 3837 3368 3892 τοῦ
3421 3839 3597 3906 ὄφεως
3645 3837 4060 3908 ἐνεργούμενοι,

2470 3924 2571 3994 τῆς
2612 3925 2847 3997 ἀρχικῆς
2896 3926 3055 3995 δόξης
3097 3925 3458 3987 ἐκπίπτουσι,
3495 3923 3728 3991 γίνονται
3788 3922 3884 3986 δὲ,
3941 3920 4061 3976 ἀντὶ

2474 4016 2695 4088 κριτῶν,
2728 4016 3264 4087 καταδεδικασμένοι,
3301 4017 3401 4087 τῆς
3432 4014 3577 4085 ζωῆς
3618 4014 3911 4084 ἀλλότριοι,
3966 4013 4063 4069 καὶ

2472 4107 2571 4176 τῆς
2600 4108 2875 4178 ἁμαρτίας
2906 4102 3155 4179 ἐργάται.
3220 4107 3359 4161 Ἀλλ’
3413 4105 3643 4159 ἐνταῦθα
3691 4106 3786 4175 μὲν
3841 4104 4064 4174 ἀνδρῶν

799 4199 956 4263 liunt,
1006 4196 1168 4253 alieni
1219 4211 1248 4251 a
1289 4197 1420 4257 vita,
1458 4210 1521 4251 ac
1553 4200 1789 4265 operarii
1842 4200 2071 4267 peccati.
2105 4196 2365 4253 Caeterum

2476 4198 2767 4271 ἐκράτησε,
2801 4200 2899 4269 τῆς
2950 4199 3006 4251 δὲ
3038 4210 3297 4267 γυναικὸς
3336 4196 3565 4268 ἡττήθη,
3615 4198 3709 4250 καὶ
3737 4195 3801 4248 τὸ
3855 4195 4063 4265 κοῦφον

799 4293 903 4346 hoc
939 4289 1258 4349 certamine,
1292 4286 1421 4343 vicit
1458 4287 1676 4355 quidem
1721 4287 1887 4349 viros,
1924 4288 2163 4342 victoriae
2193 4298 2365 4343 autem

2475 4289 2573 4359 τῆς
2604 4288 2824 4360 πρώτης
2850 4289 3139 4360 ἀνθρώπου
3186 4291 3279 4342 ἐπὶ
3307 4288 3406 4354 τῆς
3430 4288 3773 4348 Βαϐυλωνίας
3803 4288 3909 4355 οὐχ
3935 4282 4064 4356 εὗρε

800 4378 1037 4448 palmam
1073 4376 1344 4431 concessit
1367 4375 1605 4440 feminae,
1634 4391 1737 4431 nec
1760 4380 1946 4445 prima:
1976 4377 2212 4431 hominis
2240 4377 2365 4431 levi-

2477 4380 2732 4444 νεάνιδος.
2762 4381 2868 4436 Καὶ
2897 4382 3076 4444 καλῶς
3107 4380 3174 4436 ἂν
3203 4382 3346 4434 εἴποι
3369 4398 3469 4447 τις,
3496 4380 3572 4444 ὼς
3601 4380 3699 4432 οὐκ
3730 4378 3849 4431 ἔστι
3881 4377 4064 4430 Βαϐυ-

802 4480 970 4525 tatem
1012 4467 1177 4534 illam,
1203 4467 1256 4522 in
1283 4466 1573 4537 Babylonis
1609 4465 2009 4523 adolescentula
2040 4466 2265 4520 invenit.
2296 4466 2365 4521 Ac

2478 4467 2583 4522 λὼν
2614 4470 2872 4540 σύγχυσις
2901 4471 2989 4529 διὰ
3016 4470 3323 4537 Σωσάνναν,
3363 4469 3499 4524 ἀλλὰ
3546 4470 3779 4538 τήρησις
3825 4467 4067 4520 ἐντολῶν

804 4522 999 4617 merito
1034 4522 1177 4615 dicat
1210 4522 1426 4625 aliquis:
1449 4558 1863 4627 haudquaquam
1894 4557 2221 4628 Babylonem
2246 4572 2365 4612 con-

2480 4555 2635 4622 Θεοῦ,
2666 4522 2879 4629 φῦλακῆ
2904 4522 3452 4630 σωῖφροσύνης,πόλις
3488 4522 4066 4627 ἀνδρικῖῖιςνγυναικὸς,

807 4653 1071 4709 fusionem
1109 4660 1328 4722 propter
1358 4647 1660 4705 Susannam
1692 4662 1835 4714 esse,
1874 4651 1967 4702 sed
2004 4649 2365 4702 mandatorum

2481 4649 2641 4713 τόπος
2675 4651 2865 4721 ἑορτῆς
2897 4650 3184 4704 ὲπινικίου.

810 4746 902 4799 Dei
956 4742 1386 4797 observationem
1436 4754 1500 4795 ac
1548 4740 1813 4795 castitatis
1855 4739 2195 4804 custodiam,
2232 4739 2371 4796 virili
2411 4751 2630 4809 pectore
2665 4744 2904 4796 tlitziiuris
2938 4742 3248 4808 civitatem;
3279 4739 3414 4795 latae
3458 4753 3555 4805 pro
3620 4737 3847 4792 victoria
3915 4736 4070 4791 festi-

806 4837 989 4892 vitatis
1018 4835 1212 4891 locum.

882 4931 1033 4985 lianc
1085 4944 1205 4999 ego,
1255 4938 1313 4981 ut
1365 4925 1685 4981 iutermedia
1727 4933 1931 4978 tantum
1972 4923 2209 4993 excipias
2242 4933 2379 4979 tem-

811 5038 964 5092 pora.
994 5037 1115 5075 cum
1154 5030 1309 5074 casto
1364 5018 1560 5081 Joseph
1590 5016 1804 5070 virtutis
1846 5015 2197 5069 similitudine
2233 5030 2381 5068 com—

817 5128 978 5181 pono.
1014 5112 1158 5165 Sisto
1184 5120 1361 5165 autem
1396 5110 1677 5165 honestam
1707 5106 1957 5162 feminam
1988 5120 2143 5159 secus
2176 5117 2382 5159 castum

2554 4921 2768 4991 Ταύτην
2797 4921 2928 4989 ἐγὼ,
2955 4922 3081 4983 τοὺς
3136 4921 3195 4973 ὲν
3248 4921 3399 4989 μέσῳ
3462 4917 3687 4989 χρόνους
3732 4916 3969 4979 ἀνελὼν,
4005 4919 4071 5000 τῇ

2484 5010 2759 5081 ὁμοιότητι
2782 5011 2879 5080 τῆς
2900 5010 3117 5080 ἀρετῆς,
3148 5009 3284 5080 πρὸς
3308 5010 3399 5062 τὸν
3424 5008 3627 5077 κόσμον
3683 5004 3885 5076 Ἰωσὴφ
3914 5007 4037 5074 ἄγω
4055 5022 4070 5035 °

2487 5103 2676 5172 ἴστημι
2730 5100 2788 5153 δὲ
2843 5101 3279 5172 τὴν-εὐσχήμονα
3315 5100 3465 5170 παρὰ
3511 5100 3599 5153 τὸν
3638 5096 3901 5169 σώφρονα
3926 5138 3942 5161 ,
3978 5099 4076 5167 τὴν

2486 5191 2563 5261 τῷ
2594 5190 2711 5260 Θεῷ
2739 5190 2895 5261 φίλην
2924 5190 3071 5261 παρὰ
3100 5190 3188 5243 τὸν
3222 5190 3383 5243 παῖδα
3408 5187 3501 5242 τοῦ
3540 5186 3776 5258 Ἰσραήλ.
3809 5186 3956 5239 "Eva.
3984 5187 4078 5239 καί

2490 5283 2581 5335 τὸν
2613 5281 2770 5334 αὑτὸν
2801 5282 3145 5352 ἀμφοτέροις,
3173 5279 3262 5332 τὸν
3289 5281 3427 5350 ὑπὲρ
3440 5280 3538 5349 τῆς
3560 5276 3925 5347 σωφροσύνης
3961 5279 4069 5329 ὲπι·

2493 5372 2681 5442 τίθημι
2708 5374 2993 5441 στέφανον’
3029 5370 3345 5442 ὑπορῤίπτω
3379 5370 3435 5423 δὲ
3480 5371 3593 5430 τοῖς
3626 5369 3752 5421 ποσὶ
3779 5366 3897 5420 τῶν
3926 5384 4069 5435 νικη-

2498 5464 2702 5516 σάντων
2730 5466 2852 5527 τοὺς
2897 5464 3265 5535 ἡττημένους·
3300 5464 3377 5532 τῷ
3409 5461 3507 5531 μὲν
3544 5459 3742 5531 Ἰωσὴφ
3769 5497 3783 5522 ,
3822 5461 3927 5531 τὴν
3958 5459 4062 5512 ἀκό

2497 5557 2688 5609 λαστον
2715 5558 3034 5625 Αἰγυπτίαν,
3082 5555 3177 5628 τὴν
3196 5555 3482 5609 δέσποιναν
3507 5551 3600 5605 τοῦ
3645 5548 3939 5623 ἐλευθέρου
3964 5548 4055 5602 δοῦ

815 5207 1018 5263 virum,
1052 5205 1159 5257 lico
1196 5203 1423 5255 amicam
1449 5215 1604 5255 secus
1643 5200 1810 5253 lilium
1843 5196 2032 5262 lsrael;
2076 5212 2235 5250 uuam
2271 5212 2386 5250 am-

814 5291 988 5351 bobus
1028 5308 1090 5347 ac
1122 5299 1365 5347 eamdem
1420 5307 1516 5360 pro
1548 5291 1795 5345 castitate
1840 5291 2059 5346 impono
2099 5302 2382 5351 coronam,

816 5394 1192 5449 vrctorumqtte
1250 5380 1472 5451 pedibus
1517 5381 1756 5435 devictos
1809 5380 2126 5441 substerne;
2189 5376 2384 5445 Joseplt

818 5475 1061 5544 quidem,
1096 5474 1422 5541 impudicam
1452 5472 1777 5543 Egyptiam,
1808 5470 1950 5523 servi
1978 5470 2127 5523 lihcri
2171 5469 2385 5529 heram;

824 5567 1088 5621 Susanna:
1114 5578 1264 5624 veru,
1310 5561 1535 5616 infames
1568 5575 1745 5617 senes.
1786 5558 2065 5614 Castitatis
2102 5573 2190 5613 eos
2230 5558 2386 5611 insti-

896 5772 937 5803 ’ί
972 5770 1153 5823 Matth.
1198 5784 1351 5831 χχιιι,
1388 5766 1474 5821 9.7.
