4212 6318
763 315 865 368 ΞΠ

2034 321 2091 379 S.
2133 319 2404 374 ASTElill
2449 320 2756 378 AMASENI

3911 329 4016 383 288

762 446 1014 486 sermone
1044 448 1290 503 exsurge.
1319 435 1413 489 Dic
1440 446 1494 489 tu
1524 436 1685 490 etiam
1717 456 1729 489 :
1770 437 2027 493 Iunoccns
2052 455 2143 507 ego
2171 456 2201 490 a
2226 455 2344 490 san-

2448 438 2567 489 τότε
2630 440 2775 508 παρὰ
2817 440 2910 491 τοῦ
2948 441 3297 510 Πνεύματος·
3356 443 3477 497 εἰπὲ
3517 445 3610 496 καὶ
3668 446 3751 508 σὺ,
3813 444 4016 511 Ἀθῶός

761 524 919 591 guine
950 526 1129 595 hujus,
1159 526 1428 596 (ιιιοιιιοόο
1470 540 1656 598 postea
1704 528 1910 584 Pilatus
1951 530 2209 585 adversus
2253 534 2336 585 fu-

763 625 948 670 rentes
979 616 1231 672 llebrmos
1255 619 1323 673 ".
1366 618 1503 674 Voca
1537 620 1730 673 iterum
1766 622 1831 675 ad
1872 620 2131 688 judicium
2167 637 2338 690 popu-

766 704 901 769 lum,
936 706 1111 774 incipe
1143 706 1289 761 litem
1318 708 1458 762 male
1487 708 1813 775 absolutam,
1844 723 2059 764 reorum
2082 709 2199 764 loco
2228 720 2339 764 sta—

761 803 851 847 tne
905 794 1023 850 falsi
1059 798 1296 852 nominis
1344 798 1594 867 judices,
1645 810 2004 854 commutetur
2049 800 2337 868 przesidum

758 889 913 954 ordo,
944 890 1233 959 videatque
1276 892 1469 945 mulier
1499 892 1645 949 viros
1670 909 1860 958 senes,
1885 910 1989 963 qua
2032 894 2148 963 ipsa
2180 895 2340 965 paulo

760 989 886 1033 ante
917 980 1125 1035 ratione
1156 983 1273 1036 urbi
1302 988 1611 1051 spectaculo
1641 986 1760 1041 fuit.
1783 986 1861 1039 Tu
1890 988 2159 1056 captivus,
2192 986 2340 1041 cives

755 1070 975 1137 jutlica;
1013 1072 1231 1139 hospes,
1281 1074 1428 1129 viros
1470 1075 1786 1148 indigenas;
1815 1078 2029 1146 juvenis
2056 1118 2070 1142 ,
2103 1089 2334 1131 veteres.

761 1161 1055 1217 Commoda
1084 1177 1297 1218 sacrum
1323 1180 1384 1219 os
1412 1165 1635 1237 Spiritui
1659 1186 1673 1236 ;
1702 1185 1808 1223 non
1834 1171 1975 1224 enim
2011 1171 2175 1224 habes
2199 1170 2337 1224 labia

762 1253 1073 1319 immunda,
1121 1254 1194 1307 uti
1235 1269 1294 1311 se
1338 1254 1504 1311 Isaias
1540 1258 1877 1327 deSpiciens,
1920 1260 1995 1312 ait
2036 1260 2113 1325 ⁹·;
2163 1275 2339 1328 neque

763 1357 871 1397 uno
914 1344 980 1397 de
1011 1338 1283 1415 seraphim
1342 1357 1432 1402 aut
1475 1349 1787 1418 purgatorio
1818 1352 2055 1405 carbone
2100 1352 2333 1421 indiges.

762 1431 1066 1489 Prudenter
1096 1450 1286 1505 separa
1319 1437 1482 1493 falsos
1510 1440 1723 1510 judices
1745 1480 1761 1501 .
1792 1449 1849 1495 ut
1895 1457 1964 1495 ne
1998 1441 2103 1496 tuis
2125 1456 2339 1511 quoque

762 1524 1307 1596 interrogationibus,
1334 1531 1410 1584 uti
1440 1533 1652 1587 mulieri
1683 1533 1733 1586 in
1759 1533 1949 1596 horto,
1979 1534 2339 1588 consensione

763 1617 1029 1673 insiliant.
1060 1618 1195 1675 Nam
1226 1629 1281 1675 et
1311 1622 1442 1677 illud
1490 1625 1783 1693 prudenter
1810 1624 2206 1691 intelligamus,
2232 1639 2337 1695 quo

764 1720 846 1767 ter
882 1711 1075 1765 beatus
1115 1729 1249 1782 puer
1288 1714 1576 1768 verborum
1613 1725 1799 1770 tenore
1838 1716 1906 1769 sit
1940 1731 2096 1771 orsus
2130 1731 2337 1771 sermo-

766 1817 885 1859 nem
922 1820 935 1855 :
983 1804 1277 1858 Invelerate
1320 1807 1523 1858 dierum
1573 1807 1876 1861 malorum:
1912 1824 2049 1862 nunc
2092 1818 2335 1861 venerunt

762 1901 973 1961 peccata
1002 1901 1095 1946 tua
1116 1911 1232 1963 qua:
1264 1896 1493 1965 faciebas
1522 1899 1703 1962 prius,
1743 1898 2095 1951 condemnari:
2129 1898 2336 1967 quidem

762 1985 1012 2049 insontes,
1035 1986 1299 2049 absolvens
1322 2002 1437 2039 vero
1460 2002 1594 2040 reos.
1624 1988 1667 2042 Ο
1693 1988 2038 2054 miraculum,
2064 2004 2337 2059 magnaru-

762 2090 867 2141 que
910 2075 1147 2144 Spiritus
1194 2076 1536 2131 libertatem!
1584 2076 1687 2131 Ubi
1737 2079 1872 2132 enim
1915 2076 2143 2149 Spiritus
2190 2088 2335 2142 erat,

762 2167 872 2227 illic
898 2166 1109 2222 libertas
1135 2170 1201 2221 ’⁵.
1239 2168 1443 2227 Videtis
1470 2170 1638 2235 enim,
1662 2181 1718 2225 ut
1747 2185 1920 2242 neque
1952 2172 2004 2225 in
2034 2172 2150 2240 ipso
2176 2184 2337 2224 exor-

762 2257 849 2310 dio
876 2258 1096 2323 timeat;
1120 2260 1213 2314 sed
1228 2268 1284 2312 ut
1307 2258 1359 2313 in
1387 2259 1494 2313 ima
1520 2261 1631 2329 ipsa
1654 2261 2003 2314 conscientia:
2027 2261 2336 2324 intendens,

762 2364 827 2401 με
878 2349 1093 2402 animos
1140 2363 1331 2403 senum
1384 2362 1728 2419 peccatorum
1772 2351 2065 2420 apatbecas
2109 2352 2336 2417 videns,

769 2449 937 2494 te5tes
985 2440 1205 2509 quidem
1237 2456 1301 2495 ac
1347 2441 1697 2510 probationes
1732 2456 1837 2494 non
1876 2453 2119 2511 quaerat;
2151 2443 2340 2498 durius

763 2540 941 2585 autem
966 2545 1062 2600 per
1096 2531 1480 2587 contumeliam
1521 2532 1789 2601 appellet,
1823 2542 1883 2587 ut
1923 2535 2013 2602 qui
2044 2534 2338 2602 propheta,

764 2623 1086 2678 sententiam
1112 2624 1368 2693 scriptam
1402 2625 1455 2677 in
1484 2634 1703 2694 pectore
1738 2625 1985 2681 haberet.
2018 2627 2096 2680 Ac
2121 2627 2338 2696 quidem

763 2717 907 2787 quod
933 2724 1144 2784 spectat
1178 2717 1245 2774 ad
1271 2716 1468 2784 ipsum,
1502 2731 1600 2770 nec
1624 2716 1915 2785 quidquam
1954 2718 2210 2785 dixisset;
2246 2718 2339 2773 sed

766 2804 912 2857 nulla
951 2819 1103 2859 mora
1135 2804 1630 2874 abducijussissct;
1665 2807 1788 2874 quia
1816 2818 1997 2861 tamen
2036 2809 2343 2864 suadendus

766 2907 886 2957 erat
945 2898 1205 2968 insipiens
1264 2898 1529 2968 populus,
1581 2899 1834 2969 levesque
1872 2900 2114 2968 judices,
2154 2903 2245 2970 qui
2275 2917 2342 2956 ex

767 3000 1011 3045 actorum
1044 2989 1222 3060 potius
1254 2990 1427 3057 canis,
1456 3005 1619 3058 quam
1645 3005 1709 3044 ex
1749 2994 1977 3069 veritate
2012 2994 2344 3059 sanxissent,

2440 533 2557 599 ειμι
2594 531 2712 583 ἀπὸ
2741 531 2845 585 τοῦ
2870 535 3116 602 αἵματος
3136 537 3377 602 ταύτης,
3405 536 3479 600 ὼς
3504 538 3596 589 καὶ
3618 536 3847 601 Πιλᾶτος
3874 539 4019 590 ὓστε-

2444 639 2535 693 ρον
2574 622 2715 675 κατὰ
2749 622 2857 675 τῶν
2881 624 3219 695 μαινόμενων
3266 626 3552 697 Ἐϐραίων.
3614 628 3901 681 Ἀνάλυσον
3930 627 4019 680 τὸν

2442 710 2569 764 λαὸν
2594 714 2686 765 ἐπὶ
2709 714 2768 764 τὸ
2798 714 3112 784 κριτήριον·
3149 714 3237 777 δὸς
3293 714 3466 785 ἀρχὴν
3518 718 3582 786 τῇ
3633 715 3777 785 δίκῃ,
3834 715 4019 777 κακῶς

2440 797 2787 871 τελεσθείσῃ·
2852 801 3048 869 στῆσον
3089 802 3440 871 κρινομένους
3477 804 3859 874 ψευδωνύμους
3898 821 4019 874 κρια

2440 893 2570 954 τάς·
2602 891 2946 961 ἐναλλαγήτω
2977 891 3087 944 τῶν
3128 893 3447 963 προστατῶν
3480 898 3511 965 ή
3541 895 3713 961 τάξις,
3755 898 3851 947 καὶ
3890 893 4021 945 θεω-

2446 983 2672 1053 ρείτωὴ
2722 982 2857 1053 γυνὴ
2910 984 3035 1046 τοὺς
3086 984 3369 1055 γέροντας,
3415 985 3489 1048 ὠς
3516 987 3651 1056 αὑτὴ
3681 987 3785 1057 πρὸ
3838 984 4020 1053 ὀλίγου

2443 1073 2619 1144 θέαμα
2638 1075 2737 1143 τῆς
2760 1075 2967 1138 πόλεως
2986 1071 3073 1146 ἦν.
3102 1078 3150 1129 Κ
3159 1078 3323 1147 ρῖνον,
3344 1080 3373 1131 ὁ
3393 1078 3757 1148 αἰχμάλωτος,
3779 1078 3906 1140 τοὺς
3927 1095 4022 1130 πο-

2441 1165 2626 1227 λίτας·
2662 1167 2689 1216 ὁ
2719 1164 2885 1232 ξένος,
2920 1166 3046 1229 τοὺς
3097 1168 3432 1237 ἐγχωρίους·
3492 1169 3520 1221 ὁ
3549 1169 3665 1232 νέος
3692 1209 3707 1233 ,
3750 1171 3875 1230 τοὺς
3913 1185 4019 1221 πα-

2441 1254 2640 1317 λαιούς.
2675 1256 2893 1325 Χρῆσον
2926 1256 3079 1323 ἅγιον
3110 1258 3282 1327 στόμα
3326 1258 3404 1327 τῷ
3441 1260 3715 1330 Πνεύματι
3742 1279 3754 1292 ·
3804 1261 3864 1315 οὗ
3917 1261 4021 1332 γὰρ

2439 1346 2725 1418 ἀκάθαρτα
2776 1347 2928 1420 χείλη
2986 1348 3157 1417 ἔχεις,
3189 1350 3265 1413 ὡς
3310 1352 3537 1414 Ἡσαΐας
3564 1354 3724 1407 αὑτὸν
3757 1354 4022 1421 ἐξευτελί-

2440 1430 2547 1494 ζων
2574 1434 2764 1505 φησίν·
2801 1436 2922 1487 οὒδέ
2951 1437 3067 1500 ἐνὸς
3100 1438 3207 1489 τῶν
3231 1441 3501 1510 σεραφε“ιμ
3524 1480 3539 1504 ,
3569 1443 3662 1495 καὶ
3691 1444 3785 1495 τοῦ
3819 1443 4023 1514 καθαρ·

2442 1524 2558 1575 σίου
2587 1523 2860 1594 ἄνθρακος
2889 1527 3130 1597 χρῄζεις.
3167 1528 3431 1601 Χώρησον
3460 1531 3639 1600 σοφῶς
3660 1535 3784 1596 τοὺς
3810 1533 4021 1602 ψευδω-

2439 1612 2642 1684 νύμους
2673 1616 2885 1686 κριτάς,
2921 1617 3007 1668 ἴνα
3042 1616 3117 1687 μὴ
3142 1617 3233 1671 καὶ
3260 1622 3379 1682 ταῖς
3406 1624 3525 1683 σαῖς
3553 1624 3853 1693 ἐρωτήσεσι
3886 1641 4023 1693 συμ-

2441 1706 2632 1774 φώνως
2694 1708 3103 1778 ἐπιπηδήσωσιν
3136 1749 3151 1773 ,
3213 1710 3288 1773 ὡς
3342 1712 3399 1763 ἐν
3459 1713 3537 1783 τῷ
3586 1714 3897 1785 παραδείσῳ
3953 1718 4021 1783 τῇ

2369 1778 2413 1833 Β
2438 1798 2677 1865 γυναικί.
2717 1800 2815 1852 Οἴα
2849 1800 2957 1870 γὰρ
2984 1802 3074 1854 καὶ
3100 1802 3133 1872 ή
3161 1802 3304 1873 ἀρχὴ
3331 1804 3438 1857 τῶν
3473 1778 3646 1873 λέγων
3666 1778 3760 1859 τοῦ
3788 1778 4023 1877 τρισμςιζ

2440 1888 2633 1959 καρίου
2672 1889 2878 1953 παιδὸς,
2914 1892 3151 1955 συνετῶς
3184 1895 3624 1965 καταμάθωμεν·
3675 1900 4024 1950 Πεπαλαιω-

2433 1977 2580 2047 μένε
2608 1978 2844 2047 ἡμερῶν
2862 1980 3063 2035 κακῶν
3080 1998 3093 2010 ·
3122 1982 3243 2037 νῦν
3271 1984 3459 2052 ﬁxae!
3483 2002 3599 2039 σου
3645 1990 3699 2041 αὶ
3720 1987 4020 2055 ἁμαρτίαι,

2439 2066 2513 2132 ἂς
2544 2068 2769 2134 ἐποίεις
2806 2069 2871 2121 τὸ
2900 2070 3208 2141 πρότερον,
3247 2074 3388 2140 τοὺς
3418 2076 3539 2142 μὲν
3571 2075 3801 2140 ἀθώους
3842 2092 4024 2128 κατα-

2440 2160 2678 2226 κρίνων,
2714 2161 3002 2214 ἀπολύων
3023 2161 3091 2214 δὲ
3122 2164 3263 2230 τοὺς
3288 2167 3538 2232 αἰτίους.
3577 2168 3640 2218 Ὢ
3681 2166 3774 2219 τοῦ
3802 2166 4020 2237 θαύμα-

2439 2267 2549 2312 τος,
2583 2251 2676 2303 καὶ
2697 2250 2797 2319 τῆς
2829 2252 3071 2322 μεγάλης
3096 2254 3408 2326 ἐλευθερίας
3436 2256 3531 2309 τοῦ
3559 2257 3905 2327 Πνεύματοςῐ
3934 2250 4024 2309 Οὗ

2440 2340 2549 2411 γὰρ
2580 2342 2645 2395 τὸ
2668 2343 2903 2413 πνεῦμα
2930 2340 3027 2413 ἦν,
3059 2346 3384 2414 ἐλευθερία.
3430 2350 3624 2419 Ὁρᾶτε
3648 2349 3776 2420 γάρ,
3799 2350 3873 2412 ὼς
3896 2350 4023 2403 οὐδὲ

2441 2436 2498 2487 ἐν
2537 2434 2840 2505 προοιμίοις
2879 2435 3296 2491 ὑποστέλλεται·
3325 2439 3439 2491 ἀλλ’
3482 2443 3560 2504 είς
3598 2442 3658 2493 τὸ
3704 2441 3862 2511 βάθος
3924 2440 4019 2494 τοῦ

2445 2527 2745 2595 συνειδότος
2782 2528 3115 2593 ἐνατενξσας,
3149 2530 3238 2581 καῖ
3307 2530 3518 2601 βλέπων
3564 2533 3663 2596 τάς
3698 2532 3875 2603 ψυχὰς
3910 2532 4024 2587 τῶν

2444 2619 2715 2691 γερόντων
2776 2620 3060 2692 ἀποθήκας
3104 2623 3388 2694 ἁμαρτιῶν
3416 2666 3432 2691 ,
3470 2625 3753 2697 μάρτυρας
3792 2627 3889 2697 μὲν
3925 2626 4024 2679 καὶ

2445 2710 2747 2774 ἀποδείξεις
2780 2712 2838 2763 οὐ
2875 2714 3060 2782 ζητεῖ·
3098 2712 3331 2785 ὑϐρίζων
3387 2715 3442 2768 δὲ
3475 2715 3727 2785 ἐπαχθῶς
3777 2734 4027 2786 προσκα-

2445 2802 2636 2861 λεῖται,
2672 2803 2858 2874 ἐπειδὴ
2879 2805 2975 2875 τὴν
3013 2806 3285 2875 ἀπόφασιν
3321 2806 3432 2877 ἔχει
3484 2808 3873 2879 γεγραμμένην
3928 2808 4028 2861 ἐπὶ

2444 2894 2539 2946 τοῦ
2601 2894 2831 2964 στήθους
2883 2896 2911 2947 ὁ
2961 2898 3265 2967 προφήτης.
3318 2897 3424 2951 Καὶ
3472 2900 3595 2953 ὅσον
3648 2916 3711 2968 γε
3753 2902 3832 2964 εἰς
3857 2901 4027 2954 αὐτὸν

2446 2974 2600 3051 ἧκεν,
2638 2985 2739 3037 οὐκ
2769 2984 2833 3037 ἂν
2859 2985 2978 3037 οὐδὲ
3028 2983 3147 3057 εἶπέ
3176 3006 3247 3053 τι,
3292 2988 3405 3043 ἀλλ’
3432 2990 3816 3061 άνυπερθέτως
3848 2995 3916 3063 τῇ
3953 3009 4032 3044 τι·

766 3082 931 3136 ctiam
962 3082 1190 3137 seorsim
1224 3081 1437 3150 positis,
1479 3082 1921 3151 interrogationis
1960 3083 2183 3138 adhibet
2222 3098 2345 3152 prc-

2452 3073 2631 3145 μωρία
2664 3074 3056 3145 παρέπεμψεν·
3088 3078 3175 3130 ἵνα
3205 3078 3261 3131 δέ
3290 3080 3456 3153 πείσῃ
3498 3080 3625 3135 λαὸν
3667 3081 3896 3153 ἄφρονα,
3935 3083 4034 3135 καὶ

769 3173 1079 3234 bationem,
1128 3188 1301 3241 exque
1337 3173 1552 3227 dissona
1601 3173 1953 3243 responsione
2002 3174 2345 3231 mendacium

771 3266 992 3336 arguit:
1035 3280 1100 3319 ac
1148 3264 1255 3318 lata
1290 3264 1595 3329 sententia,
1638 3279 1743 3319 non
1776 3265 2128 3321 carnilicibus
2182 3267 2349 3322 tradit

770 3373 931 3424 reos,
978 3357 1072 3412 sed
1107 3358 1308 3412 ultores
1342 3356 1565 3428 angelos
1612 3358 1876 3411 adversus
1923 3372 2019 3412 eos
2066 3360 2344 3413 accersit:

772 3448 853 3501 sic
886 3446 1161 3512 nimirum,
1187 3460 1362 3516 eoque
1390 3446 1607 3502 cumulo
1640 3456 1951 3503 sanctorum
1988 3449 2232 3516 provexit
2264 3450 2348 3507 di—

771 3539 987 3609 gnitas,
1030 3548 1090 3593 ut
1131 3547 1185 3593 et
1224 3539 1450 3593 virtutes
1489 3536 1791 3595 invisibiles
1834 3537 1937 3593 illis
1981 3539 2242 3615 obsequio
2287 3557 2349 3600 ac

775 3630 1040 3689 ministra:
1073 3631 1274 3691 adsint.

845 3892 1101 3964 Quanam
1144 3907 1276 3947 vero
1306 3893 1559 3963 deinceps
1604 3895 1745 3951 facta
1787 3906 1913 3949 sunt
1941 3899 2184 3952 scelestis
2208 3900 2354 3953 seni.-

776 3987 911 4040 bus?
964 3985 1170 4040 Mutato
1209 3986 1452 4053 judicio,
1506 4004 1628 4043 cum
1678 4000 1923 4043 veterum
1969 3991 2342 4060 iniquitatum,

778 4090 891 4131 tum
924 4080 1161 4135 recentis
1194 4081 1399 4150 peccati
1427 4095 1617 4147 poenas
1644 4094 1818 4137 morte
1844 4084 2055 4150 daturi;
2094 4094 2201 4139 tota
2227 4100 2356 4141 vero

779 4168 1017 4239 Babylon
1053 4179 1328 4241 gestarum
1378 4187 1561 4229 rerum
1612 4176 1970 4238 miraculum.
2013 4193 2077 4231 ac
2116 4194 2228 4233 rem
2278 4179 2356 4235 sic

779 4276 972 4315 novam
1013 4262 1065 4315 in
1093 4276 1191 4317 ore
1225 4262 1464 4329 habens,
1490 4263 1660 4321 Deum
1709 4268 1937 4323 canticis
1963 4270 2354 4336 celebrabant,

777 4353 868 4422 qui
903 4350 1186 4407 latentium
1238 4352 1540 4412 fabularum
1572 4356 1820 4411 notitiam
1862 4358 1916 4415 in
1954 4360 2225 4429 publicum
2278 4364 2357 4418 fe-

2452 3164 2645 3235 κριτὰς
2678 3165 2913 3235 κούφους
2932 3170 2999 3239 τῇ
3032 3169 3194 3245 πολιᾷᾷ
3220 3170 3328 3223 τῶν
3353 3173 3694 3243 κατηγόρων,
3716 3173 3777 3225 οὑ
3800 3176 3867 3245 τῇ
3895 3173 4036 3243 ἁλη-

2449 3256 2570 3327 θείᾳ.
2622 3255 2973 3323 δικάσαντας,
3011 3259 3105 3312 καὶ
3137 3243 3234 3331 τὴν
3293 3265 3490 3332 πεῖραν
3556 3262 3657 3333 τῆς
3708 3243 4036 3333 ἐρωτήσεως

2450 3347 2879 3419 κεχωρισμένοις
2904 3352 3193 3421 προσάγει,
3237 3353 3331 3406 καὶ
3356 3353 3417 3405 τὸ
3441 3352 3638 3423 ψεῦδος
3686 3355 3751 3407 ἐκ
3782 3354 3881 3424 τῆς
3914 3353 4039 3407 δια-

2451 3439 2737 3512 φωνούσης
2790 3442 3137 3513 ἀποκρίσεως
3187 3444 3490 3515 διελέγχει·
3544 3446 3642 3499 καὶ
3706 3446 3803 3517 τὴν
3848 3447 4041 3517 κρίσιν

2451 3532 2772 3602 ἐξενεγκὼν,
2794 3536 2855 3589 οὑ
2893 3536 3109 3607 δημίοις
3138 3536 3353 3591 δίδωσιν
3388 3537 3743 3601 ὑπευθύνους,
3789 3538 3905 3591 ἀλλ’
3938 3540 4041 3607 ἀγ-

2451 3623 2645 3697 γέλους
2679 3626 2800 3678 κατ’
2839 3627 3019 3680 αὐτῶν
3042 3628 3433 3699 κολαστηρίους
3462 3629 3638 3683 καλεῖ.
3661 3630 3754 3692 Ei;
3777 3628 4042 3683 τοσοῦτον

2451 3716 2562 3788 γὰρ
2588 3716 2803 3788 ηὐξήθη
2830 3717 2891 3771 τὸ
2924 3718 3035 3771 τῶν
3067 3719 3240 3788 ἁγίων
3268 3719 3507 3791 ἀξίωμα,
3553 3720 3628 3783 ὡς
3663 3720 3924 3791 δυνάμεις
3951 3722 4043 3774 ἀο-

2455 3808 2652 3879 ράτους
2678 3808 2822 3879 ἔχειν
2850 3810 2949 3873 τάς
2974 3810 3418 3882 ὑπηρετουμένας
3444 3812 3647 3875 αὐτοῖς.

2525 3901 2659 3955 Τίνα
2682 3901 2751 3955 τά
2782 3902 2910 3970 ἑξῆς
2942 3904 3057 3966 τοῖς
3097 3907 3314 3974 μιαροῖς
3340 3904 3601 3975 γέρουσι;
3638 3905 3975 3976 Προετράπη
4010 3906 4045 3975 ή

2457 3991 2639 4061 κρίσις
2664 4009 2679 4024 ·
2705 3992 2944 4061 ἀπῆλθον
2978 3992 3056 4055 δὲ,
3090 3992 3186 4045 καὶ
3212 3992 3321 4045 τῶν
3344 3992 3590 4045 παλαιῶν
3618 3992 3912 4063 ἀνομοιῶν,
3949 3993 4048 4046 καὶ

2455 4082 2554 4151 τῆς
2582 4081 2707 4144 νέας
2734 4081 3028 4152 ἁμαρτίας,
3064 4082 3301 4144 διδόντες
3323 4082 3411 4135 διὰ
3437 4082 3668 4136 θανάτου
3690 4083 3788 4153 τὴν
3841 4083 4006 4153 δίκην
4028 4099 4045 4115 ·

2457 4171 2715 4235 Βαϐυλὼν
2745 4174 2802 4226 δέ
2827 4176 2975 4227 πᾶσα
3002 4174 3061 4226 τὸ
3110 4172 3414 4244 παράδοξον
3457 4172 3568 4226 τῶν
3614 4175 3925 4243 γενομένων
3956 4173 4050 4228 διὰ

2461 4263 2729 4334 στόματος
2763 4259 2930 4334 εἶχον,
2966 4264 3060 4315 καὶ
3097 4262 3285 4333 ὕμνοις
3335 4263 3427 4316 τὸν
3479 4262 3611 4316 Θεὸν
3667 4266 4048 4334 ἀνευφήμουν,

2460 4358 2551 4410 τὸν
2580 4356 2687 4410 τῶν
2716 4355 3089 4409 λανθανόντων
3116 4354 3410 4427 δραμάτων
3466 4356 3565 4428 τὴν
3621 4356 3819 4424 γνῶσιν
3874 4356 4051 4426 δημο-

778 4444 963 4497 t-issct.
996 4442 1165 4498 Porro
1209 4444 1421 4501 Helcias
1452 4458 1666 4517 recepta
1709 4448 1838 4513 lilia,
1870 4460 2014 4506 totus
2049 4453 2233 4509 animo
2270 4472 2346 4509 re.

2463 4448 2767 4503 σιεύσαντα.
2807 4447 2915 4501 Καὶ
2960 4446 3174 4510 Ἐλκίας
3201 4447 3339 4519 ὑπὲρ
3372 4448 3473 4518 τῆς
3502 4446 3689 4510 παιδὸς
3734 4446 4048 4516 ἀνενεώθη·

780 4547 1006 4591 novatus
1077 4547 1186 4605 est;
1265 4536 1547 4604 Joacltim.
1617 4542 1813 4599 festum
1890 4544 2130 4601 victoria:
2211 4549 2353 4605 diem

781 4630 975 4683 cecinit
1039 4645 1135 4698 pro
1186 4646 1387 4697 uxore;
1451 4631 1577 4697 lilii,
1632 4648 1772 4690 vera:
1856 4636 1999 4693 illius
2065 4654 2130 4694 ac
2193 4650 2355 4697 casta:

782 4723 1037 4791 pignora,
1095 4722 1333 4779 vultibus
1386 4723 1583 4781 blande
1648 4726 1713 4780 ad
1766 4727 1931 4781 risum
2001 4733 2349 4801 compositis,

781 4812 925 4865 circa
981 4821 1206 4869 matrem
1274 4815 1609 4883 gestiebant,
1680 4817 1979 4887 debilisque
2036 4821 2123 4875 ille
2188 4823 2361 4882 luctus

785 4913 927 4956 totus
982 4903 1033 4956 in
1090 4902 1330 4957 lmtitiam
1376 4907 1561 4961 cessit.
1606 4908 1714 4963 Vos
1768 4918 1945 4963 autem
1975 4949 1988 4973 ,
2043 4910 2363 4984 Christipo-

790 4992 983 5062 pulus,
1065 4993 1309 5063 piissima
1378 5010 1443 5051 ac
1505 4997 1706 5054 salubri
1776 5001 1955 5053 audita
2006 5004 2358 5071 narratione,

788 5097 854 5137 ne
937 5082 1274 5151 negligenter
1351 5088 1587 5141 auditam
1634 5092 2023 5156 przctereatis:
2082 5094 2210 5163 quitt
2254 5096 2362 5151 imo

786 5174 1046 5229 doctrinae
1072 5189 1135 5232 ac
1158 5176 1563 5233 exercitationis
1588 5182 1707 5234 vitae
1732 5192 2130 5251 argumentum,
2154 5200 2364 5239 sermo-

788 5280 909 5321 nem
937 5267 1245 5325 assumatis.
1272 5268 1377 5323 Vos
1404 5268 1637 5337 feminae,
1664 5273 1986 5327 u-mulamini
2019 5274 2322 5332 Susannant
2346 5318 2361 5342 ,

788 5356 868 5409 sic
902 5356 1034 5410 viris
1066 5358 1371 5411 castitatem
1404 5370 1618 5413 servate
1645 5402 1659 5426 ,
1688 5362 1765 5414 uti
1819 5376 1915 5415 suo
1966 5362 2054 5415 illa
2088 5366 2358 5430 servavit;

791 5442 1088 5514 maluitquc
1134 5446 1243 5512 pati
1296 5460 1360 5500 ac
1409 5447 1560 5500 adire
1612 5448 2074 5517 perirula,qnam
2132 5454 2363 5506 mcechia

795 5534 960 5599 Deum
992 5551 1317 5605 provocare,
1348 5538 1463 5593 viro
1503 5541 1754 5609 probrum
1810 5541 2018 5606 facere,
2079 5544 2265 5598 domos
2302 5561 2365 5603 ac

864 5713 907 5744 "
950 5710 1331 5775 M.:ttlt.nvn,
1365 5715 1447 5767 il.
1526 5718 1567 5745 "
1606 5717 1703 5769 lsu.
1742 5733 1811 5783 ιἰ,
1839 5719 1887 5771 ἰ).

2479 4541 2736 4611 Ἰωακε“ιμ
2781 4541 2880 4611 τὴν
2904 4539 3169 4597 ἐπινίκιον
3190 4536 3322 4613 ᾖσεν
3351 4538 3491 4610 ὑπὲρ
3514 4538 3614 4607 τῆς
3638 4538 3899 4606 γυναικὸς
3927 4539 4055 4609 ἐορ-

2464 4634 2563 4703 τήν
2584 4648 2597 4660 ·
2636 4633 2821 4696 παῖδες
2846 4633 2922 4697 δὲ,
2953 4632 3179 4702 γνησίας
3219 4632 3313 4685 καὶ
3342 4632 3440 4701 τῆς
3496 4628 3770 4699 σώφρονος
3816 4628 4050 4703 ἔκγονα,

2467 4723 2712 4793 μειδιῶσι
2742 4722 3052 4797 προσώποις
3073 4721 3169 4792 τὴν
3192 4723 3401 4792 μητέρα
3422 4720 3834 4792 περιεσκίρτων,
3864 4721 3964 4774 καὶ
3990 4723 4055 4775 τὸ

2463 4816 2772 4886 πολύδακρυ
2832 4814 3025 4876 πένθος
3073 4813 3482 4884 μετεσκευάσθη
3534 4814 3613 4875 εἰς
3674 4812 4052 4882 εὐφροσύνην.

2474 4907 2661 4976 Ὑμεῖς
2714 4906 2790 4969 δὲ,
2845 4900 2890 4957 ὦ
2921 4905 3013 4958 τοῦ
3050 4903 3285 4975 Χριστοῦ
3318 4903 3464 4969 λαὸς,
3514 4902 3913 4975 εὐσεϐεστάτης
3955 4908 4055 4959 καὶ

2461 4994 2796 5066 ψυχοφελοῦς
2827 4995 3066 5065 ἱστορίας
3095 4993 3447 5056 ἀκούσαντες,
3476 4993 3551 5062 μὴ
3593 4992 3907 5063 ἀδιαφόρως
3950 4994 4056 5065 τὴν

2464 5087 2634 5158 ἀκοὴν
2660 5086 3055 5157 παραδράμητε
3079 5103 3092 5115 ·
3130 5084 3267 5142 ἀλλὰ
3296 5084 3544 5143 παιδείαν
3570 5084 3662 5137 καὶ
3682 5083 3920 5154 ἄσκησιν
3953 5084 4055 5139 τοῦ

2464 5179 2730 5249 ὑμετέρου
2756 5178 2869 5247 βίου
2896 5179 2986 5229 τὸν
3010 5176 3167 5245 λόγον
3198 5175 3513 5248 ποιήσασθε.
3544 5177 3609 5227 Al
3639 5178 3920 5245 γυναῖκες,
3951 5178 4055 5249 ζη-

2462 5267 2669 5319 λώσατε
2699 5269 2795 5337 τὴν
2827 5267 3140 5319 Σωσάνναν·
3176 5266 3315 5317 οὕτω
3342 5264 3613 5332 φυλάξατε
3664 5268 3775 5327 τοῖς
3815 5266 4055 5337 ἀνδράσι

2464 5358 2560 5428 τὴν
2592 5359 2967 5429 σωφροσύνην,
3009 5359 3085 5421 ὡς
3122 5359 3302 5427 ἐκείνη
3353 5357 3429 5427 τῷ
3486 5357 3720 5427 ἑαυτῆς·
3752 5356 3955 5411 παθεῖν
3991 5376 4052 5412 τε

2464 5452 2557 5503 καὶ
2581 5451 2909 5503 κινδυνεύειν
2938 5449 3298 5515 καταδέξασθε
3328 5450 3548 5519 μᾶλλον,
3574 5450 3606 5519 ἢ
3659 5448 3874 5519 μοιχείᾳ
3914 5450 4055 5505 Θεὸν

2470 5543 2841 5615 παροργίζειν,
2873 5543 3040 5615 ἄνδρα
3075 5542 3472 5612 καταισχύνειν,
3502 5541 3683 5603 οἴκους
3715 5541 3810 5593 καὶ
3858 5541 4055 5607 satis;

1969 5721 2011 5750 ³⁵
2042 5720 2079 5772 ll
2107 5722 2228 5774 (lor.
2265 5737 2339 5784 ιιι,
2378 5722 2448 5773 l7.
