4212 6318
154 346 241 401 249
1067 356 1347 412 ιιυδιιωΑ
1390 362 1498 419 V'll.
1527 364 1593 417 IN
1634 366 1785 421 CA‘IC

1820 367 1886 421 tu
1910 372 1955 423 Α
1994 356 2430 427 ΝΑΤινίἰιιίΕ.

3274 382 3378 436 2350

155 468 503 535 ἑξαφανίζειν,
536 472 730 535 παῖδας
748 473 1077 543 ἀμφιϐόλους
1098 478 1438 547 ἐργάζεσθαι.
1465 484 1526 533 Οἱ
1550 500 1715 554 πρεσ-
1739 493 1787 548 Α

1822 488 2049 542 familias
2087 491 2338 556 perdere,
2379 490 2570 547 dubius
2612 491 2785 557 proles
2821 494 3017 548 facere.
3055 493 3159 548 Vos
3191 510 3379 565 senes,

154 559 314 625 ϐὑται,
357 562 485 624 τους
520 565 796 627 τοιούτους
822 569 1087 635 μισήσαιτε
1123 571 1414 639 γέροντας·
1471 575 1517 625 οἱ
1559 575 1715 628 δυνά-

156 668 280 715 σται,
316 654 594 723 φοϐήθητε
646 656 754 708 τῶν
810 658 1010 727 κριτῶν
1067 663 1397 732 παρανόμων
1430 665 1490 716 τὺ
1529 665 1712 729 τέλος·

154 745 193 794 oi
218 744 343 807 νέοι,
380 746 694 814 μιμήσασθε
716 747 803 800 τὸν
834 750 1128 821 ἡλικιώτην
1157 754 1246 805 τὸν
1276 754 1412 819 νὲον,
1450 756 1512 807 ἶν’
1544 756 1717 820 οὕτως

155 834 376 903 ἑκάστης
399 834 621 904 ἡλικίας
656 841 735 900 είς
754 838 842 892 τὸν
872 840 1041 893 τύπον
1072 842 1179 895 τῶν
1208 843 1387 897 καλῶν
1416 847 1717 916 μορφωθεί-

156 940 258 992 σης,
318 925 379 975 τὸ
431 930 539 979 πᾶν
574 928 847 999 πλήρωμα
896 932 996 1000 τῆς
1050 927 1374 1001 Ἐκκλησίας
1430 936 1579 1003 ἅγιον
1625 937 1717 988 καὶ

1129 1022 1153 1034 ι.

156 1014 427 1084 εὐδόκιμον
452 1018 697 1087 γένηται,
734 1023 791 1072 ἐν
841 1021 1058 1091 Χριστῷ
1087 1022 1164 1092 τῷ
1197 1025 1408 1095 Σωτῆρι
1431 1024 1623 1095 ἡμῶν*

155 1106 340 1173 πρέπει
370 1105 517 1171 δόξα,
548 1109 769 1177 κράτος,
800 1112 953 1181 τιμὴ,
1000 1113 1095 1163 σὺν
1124 1113 1201 1182 τῷ
1245 1116 1563 1187 συνανάρχῳ
1606 1118 1719 1168 Πα-

154 1198 250 1267 τρὶ,
280 1198 377 1248 καὶ
406 1196 487 1264 τῷ
522 1199 775 1268 παναγίῳ
829 1202 922 1253 καὶ
952 1201 1199 1273 ζωοποιῷ
1248 1205 1560 1274 Πνεὺματι,
1622 1207 1717 1260 νῦν

156 1288 236 1341 καὶ
262 1288 371 1351 ἀεὶ,
394 1289 489 1341 καὶ
518 1290 599 1351 είς
628 1290 755 1352 τοὺς
783 1290 983 1355 αἰῶνας
1008 1292 1115 1346 τῶν
1152 1294 1382 1349 αἰώνων.
1433 1297 1623 1367 Ἀμήν.

900 1428 975 1479 Z'.

477 1516 585 1578 Εἰς
625 1515 732 1567 τὸν
762 1515 830 1568 ἐκ
863 1518 1098 1584 κοιλίας
1126 1522 1380 1589 τυφλόν.

226 1623 568 1695 Ἠκοὺσαμεν
600 1627 802 1696 ἀρτίως
837 1628 932 1682 τοῦ
969 1630 1084 1683 υἱοῦ
1126 1632 1225 1703 τῆς
1259 1634 1487 1707 βροντῆς
1534 1636 1716 1690 Ἰωάν-

155 1730 255 1774 νου,
292 1715 494 1783 μᾶλλον
524 1717 583 1769 δὲ
628 1718 721 1770 τοῦ
753 1719 909 1787 ἁγίου
942 1722 1278 1791 Πνεύματος,
1307 1725 1401 1778 τοῦ
1435 1726 1525 1778 τὸν
1564 1726 1720 1780 ἁλιέα

1815 595 1971 634 senes
2015 579 2105 647 qui
2153 580 2284 633 tales
2340 581 2447 634 sint
2520 581 2642 634 odio
2713 582 2939 650 habete;
3002 584 3379 653 magistratus,

1818 671 2123 737 iniquorum
2148 670 2387 738 judicum
2418 671 2575 724 finem
2608 671 2825 725 timete:
2848 672 3093 741 juvenes,
3122 674 3376 742 :equalem

1816 760 1966 813 vobis
1995 759 2244 829 juvenem
2276 760 2581 824 imitamini,
2614 776 2717 830 quo
2744 763 2821 815 sic
2849 765 2991 817 omni
3021 773 3178 819 aetate
3207 766 3259 819 in
3286 767 3381 820 bo-

1816 866 2006 905 norum
2053 851 2279 903 formata
2314 862 2495 919 typum
2517 891 2531 915 ,
2564 852 2816 908 Ecclesiae
2844 866 3014 909 cmtus
3039 858 3220 910 omnis
3253 872 3380 911 sau-

1817 951 1933 995 etus
1955 957 2017 995 ac
2044 943 2301 1009 probatus
2329 942 2610 1009 efﬁciatur,
2650 946 2699 998 iu
2732 944 2945 1001 Christo
2982 944 3258 1001 Salvatore
3287 962 3383 1001 uo—

1817 1040 1955 1094 stro;
2015 1046 2173 1099 quem
2232 1038 2383 1085 decet
2435 1035 2637 1099 gloria,
2682 1044 2964 1103 potestas,
3014 1034 3203 1101 honor,
3258 1051 3379 1090 cum

1820 1120 1980 1176 Patre
2008 1135 2312 1189 coaeterno,
2340 1125 2787 1196 sanctissimoque
2813 1142 2877 1180 ac
2904 1126 3115 1180 vivitico
3145 1126 3344 1195 Spiritu
3363 1166 3380 1193 ,
3420 1180 3421 1183 η

1819 1229 1961 1267 nunc
1994 1224 2046 1266 et
2070 1229 2302 1285 semper,
2335 1226 2386 1270 et
2420 1216 2470 1270 in
2504 1219 2695 1271 saecula
2728 1216 3074 1272 saeculorum.
3116 1217 3309 1272 Amen.

2553 1430 2658 1486 νη.

2184 1523 2249 1578 In
2275 1541 2464 1578 arcum
2487 1542 2516 1578 (ι
2545 1526 2809 1580 nalivitate
2833 1526 2878 1558 ’³
2900 1526 3032 1597 (57).

1886 1636 2201 1691 Audivimus
2244 1637 2399 1691 modo
2438 1638 2615 1692 divina
2666 1638 2824 1707 plane
2854 1654 2917 1693 ac
2942 1637 3187 1692 sublimia
3225 1653 3385 1707 argu-

1821 1736 2003 1779 menta
2061 1729 2282 1781 touitrui
2330 1728 2424 1781 filii
2484 1728 2748 1792 Joannis,
2792 1744 2884 1783 seu
2940 1728 3117 1796 potius
3152 1728 3383 1795 Spiritus

156 1804 238 1855 καὶ
275 1808 643 1878 χειροτέχνην,
685 1811 1005 1880 συγγραφέα
1049 1814 1141 1863 καὶ
1193 1812 1527 1884 λογογράφον
1557 1820 1721 1888 ὲργα-
1754 1817 1791 1874 Β

1824 1819 2032 1882 sancti,
2062 1821 2152 1887 qui
2198 1821 2443 1873 eumdem
2477 1834 2543 1873 ex
2574 1821 2845 1890 piscatore
2880 1835 2943 1874 ac
2983 1818 3219 1873 manuali
3256 1820 3390 1872 arti—

155 1896 377 1964 σαμένου
432 1896 593 1950 θείων
634 1899 804 1961 ὅντως
841 1900 931 1951 καὶ
968 1899 1186 1970 ὑψηλῶν
1226 1904 1555 1958 ὑποθέσεων.
1598 1905 1715 1970 Ἑξ-

153 1988 414 2054 ηγήσαντο
451 1988 563 2058 γάρ
605 1992 735 2059 ἡμῖν
766 1991 966 2061 πολλὴν
1005 1994 1099 2045 καὶ
1135 1995 1350 2064 μακρὰν
1377 1995 1471 2048 τοῦ
1515 1997 1718 2067 Κυρίου

152 2077 391 2143 διάλεξιν,
426 2079 497 2131 δι’
535 2076 605 2151 ἧς
648 2082 738 2134 τὸν
771 2083 966 2153 ἀπειθῆ
1012 2083 1138 2137 λαὸν
1176 2086 1269 2137 καὶ
1315 2085 1595 2156 δυσήκοον,
1622 2086 1720 2156 τὴν

153 2168 233 2219 τοῦ
266 2170 479 2239 Πατρὸς
529 2171 622 2223 καὶ
666 2171 793 2224 Υίοῦ
831 2172 1160 2240 θεογνωσίαν
1191 2176 1461 2239 ἐπαίδευε,
1499 2176 1595 2245 τῆς
1628 2193 1722 2246 μο-

152 2262 405 2331 ναρχικῆς
440 2262 650 2325 ἐννοίας
700 2263 809 2315 τῶν
855 2265 1119 2334 Ἐϐραίων
1157 2266 1384 2334 ἀπάγων
1412 2268 1536 2329 τοὺς
1576 2267 1721 2335 λογι-·

154 2352 335 2418 apo-3;,
371 2351 608 2418 ἀνοίγων
639 2352 696 2404 δὲ
735 2353 917 2416 αὐτοῖς
960 2354 1057 2424 τὴν
1080 2355 1248 2426 θύραν
1276 2355 1378 2424 τῆς
1410 2355 1629 2425 χαρίτος
1658 2357 1722 2406 ἐκ

152 2439 241 2507 τῆς
270 2440 503 2509 νομικῆς
532 2441 903 2511 παραδόσεως,
937 2443 1033 2496 καὶ
1062 2444 1198 2515 πρὸς
1228 2444 1326 2514 τὴν
1357 2444 1564 2514 Καινὴν
1592 2446 1718 2497 Δια-

154 2530 312 2599 θήκην
346 2534 412 2583 ἐκ
437 2533 535 2601 τῆς
562 2533 805 2596 Παλαιᾶς
834 2535 1115 2605 ὴρεμαίως
1152 2536 1320 2603 ἄγων,
1362 2536 1437 2599 ὡς
1472 2538 1569 2607 τῆς
1599 2538 1725 2607 ἐρή-

156 2638 248 2689 μου
276 2624 543 2692 πρότερον
570 2624 663 2677 ἐπὶ
686 2625 785 2695 τὴν
819 2626 922 2695 γῆν
958 2624 1104 2696 [τὴν]
1130 2626 1391 2679 πλουσίαν
1416 2628 1509 2679 καὶ
1532 2626 1726 2698 εὔκαρ-

153 2729 263 2766 πον.
307 2713 449 2765 Ἀλλ’
489 2715 639 2785 ὅμως
679 2715 985 2780 δεικνύντος
1015 2716 1179 2769 αὑτοῦ
1216 2717 1475 2780 ποικίλως
1506 2720 1599 2771 καὶ
1624 2718 1723 2787 τὴν

157 2802 281 2854 ἰδίαν
317 2803 581 2875 ὓπαρξιν,
622 2805 698 2868 ὡς
746 2806 1067 2879 προαιώνιος
1096 2807 1351 2878 ὑπάρχει,
1386 2808 1479 2861 καὶ
1520 2810 1607 2861 ἀεὶ
1646 2808 1722 2879 τῷ

155 2895 315 2964 ll:th
357 2897 706 2967 συνημμένη,
749 2899 843 2951 καὶ
878 2898 1175 2970 διαρρήδην
1224 2901 1338 2962 τοῖς
1384 2902 1587 2968 κωφοῖς
1632 2902 1724 2970 ἐμ-

155 2986 410 3050 ϐοῶντος⁸
465 2988 602 3059 Πρὶν
665 2990 916 3061 Ἀϐραάμ
961 2991 1213 3058 γενέσθαι
1264 2991 1375 3059 ἐγώ
1411 2994 1554 3062 είμι·
1599 2991 1722 3045 οὔτε

154 3076 236 3129 τοῦ
286 3078 449 3145 λόγου
504 3079 765 3150 μαθόντες
810 3081 908 3152 τὴν
961 3081 1221 3153 δύναμιν,
1271 3082 1393 3136 οὔτε
1443 3084 1533 3137 διά
1577 3100 1722 3147 τινος

155 3148 515 3241 ἐπιστήμονος
545 3148 917 3242 ἀντιρρήσεως
944 3172 1005 3226 τὸ
1036 3148 1113 3244 μη
1156 3173 1490 3244 παραδεχθὲν
1518 3174 1722 3241 διελέγ-
1748 3148 1791 3207 c

158 3261 350 3325 ξαντες,
389 3264 485 3315 ἐπὶ
530 3264 657 3326 τοὺς
698 3262 880 3327 λίθους
920 3265 1040 3317 ἀντὶ
1083 3264 1193 3317 τῶν
1238 3264 1411 3333 λόγων
1450 3264 1722 3336 ἐχώρουν·

157 3352 241 3405 καὶ
295 3352 582 3425 πόρρωθεν
640 3353 735 3407 τοῦ
797 3354 1030 3424 σταυροῦ
1080 3354 1180 3419 τὰς
1254 3356 1483 3425 φονικὰς
1536 3358 1725 3426 χεῖρας

156 3442 278 3513 πρὸς
315 3445 423 3514 τὴν
468 3445 783 3513 μιαιφονίαν
816 3444 1137 3515 ἐγύμναζον.
1183 3447 1241 3498 '0
1284 3445 1341 3498 δὲ
1381 3446 1569 3517 κρίνας
1597 3462 1729 3499 παν-

155 3535 308 3604 ταχοῦ
346 3535 718 3607 μακροθύμως
759 3534 903 3606 ἔχειν
944 3537 1079 3608 πρὸς
1127 3536 1217 3589 τὸν
1265 3536 1526 3608 ὑϐριστὴν
1557 3536 1727 3607 δῆμον

156 3627 239 3678 καὶ
270 3625 619 3697 βλάσφημον,
661 3626 932 3692 ἐξέκλινεν
964 3627 1143 3682 αὑτῶν
1176 3628 1275 3699 τὴν
1302 3627 1471 3699 ὀργὴν
1508 3628 1601 3681 καὶ
1634 3628 1726 3680 τὸν

158 3713 394 3784 θόρυϐον·
442 3716 504 3767 οὑ
540 3717 812 3779 ταπεινῶς
844 3716 1277 3787 ἀποδιδράσκων,
1310 3715 1445 3769 ἀλλὰ
1485 3715 1682 3779 θεῖκῶς
1707 3732 1722 3746 ο

156 3806 207 3870 ὃς
230 3809 283 3859 ἐν
312 3808 466 3877 μέσῳ
520 3823 580 3859 τε
614 3807 878 3878 εἱστήκει,
906 3808 998 3860 καὶ
1028 3806 1425 3879 ψηλαφώμενος
1447 3807 1548 3859 οὑκ
1579 3802 1728 3860 ἐϐλέ-

156 3914 295 3961 πετο,
343 3899 443 3951 καὶ
490 3900 605 3960 τοῖς
648 3898 1038 3968 φλεγμαίνουσι
1110 3896 1573 3969 προστριϐόμενος
1629 3897 1728 3968 οὑχ

157 3990 384 4058 ἑωρᾶτο·
440 3988 557 4042 ἀλλ’
601 3990 927 4060 εἱστήκεσαν
962 3990 1126 4052 ὲνεοὶ,
1166 3992 1232 4061 τῇ
1270 3989 1368 4061 μὲν
1412 3988 1729 4059 προαιρέσει

158 4080 470 4145 φονοῦντες,
504 4081 736 4134 καθότου
778 4081 957 4152 δὲτὴν
1000 4080 1168 4153 ὀργὴν
1201 4078 1648 4152 ἐκπληρὼσουσιν
1671 4079 1720 4111 ⁸⁸

156 4170 243 4239 οὐχ
304 4170 688 4242 εὑρίσκοντες·
742 4171 918 4241 ὅμοιοι
970 4171 1260 4241 θηρευταϊς
1310 4170 1575 4241 ἀπείροις,
1634 4169 1726 4233 οἳ,

156 4264 365 4315 ἐπειδὰν
390 4264 501 4333 πρὸ
527 4262 719 4334 καιροῦ
744 4263 842 4334 τὴν
869 4262 1042 4333 θήραν
1062 4261 1493 4330 ἀποσοϐήσουσιν
1514 4260 1582 4326 ⁸⁷,
1598 4261 1729 4313 ὑπο-

153 4354 464 4425 δραμοπς
514 4356 612 4425 τῆς
658 4354 861 4421 ἐλάφου
910 4353 1118 4423 λόχμην
1162 4351 1319 4417 τινὰ,
1367 4353 1482 4431 καὶ.
1508 4351 1728 4421 ἀφανῶς

1823 1908 1952 1970 tice,
2007 1908 2322 1975 scriptorem
2368 1922 2432 1961 ac
2476 1916 2745 1962 oratorem
2780 1906 2974 1962 effecit.
3020 1905 3223 1975 Quippe
3251 1905 3391 1959 mul-

1824 2005 1928 2049 tam
1961 1997 2115 2050 nobis
2147 1996 2502 2064 ac‘prolixam
2533 2007 2857 2052 enarraruut
2898 1997 3105 2051 Domini
3142 1996 3385 2066 disputa-

1821 2086 2049 2149 tionem,
2084 2102 2187 2155 qua
2223 2088 2287 2151 is,
2323 2088 2390 2141 ab
2426 2086 2776 2141 Hebrmorum
2816 2088 3047 2157 cogitata
3078 2087 3389 2142 ntouarebia

1823 2174 2030 2227 animos
2054 2173 2345 2238 abduceus,
2376 2186 2748 2229 contumacem
2778 2191 2842 2229 ac
2871 2175 3201 2229 incredulum
3226 2190 3394 2247 popuj-

1822 2263 1929 2315 lum
1980 2263 2159 2315 divina
2200 2262 2375 2317 Patris
2421 2279 2484 2318 ac
2522 2263 2643 2317 Filii
2688 2265 2913 2319 scientia
2956 2264 3226 2329 erudiret;
3267 2280 3395 2334 por-

1825 2364 1928 2408 tam
1959 2354 2035 2407 eis
2069 2354 2256 2421 gratiae
2291 2370 2319 2407 a
2346 2355 2503 2420 legali
2535 2354 2823 2409 traditione
2856 2356 3124 2424 aperiens,
3163 2358 3393 2409 sensim-

1821 2460 1926 2512 que
1986 2460 2014 2497 a
2046 2443 2225 2500 Veteri
2264 2446 2330 2497 ad
2376 2443 2585 2499 Novum
2620 2446 3046 2511 Testamentum,
3086 2448 3231 2501 velut
3263 2448 3389 2502 olim

1823 2551 1853 2589 a
1883 2536 2097 2590 deserto
2124 2537 2189 2589 ad
2215 2536 2438 2590 divitem
2470 2536 2614 2589 illam
2655 2551 2720 2591 ac
2750 2536 2993 2605 frugibus
3032 2538 3253 2592 uberem
3284 2548 3391 2591 ter-

1824 2644 1968 2693 ram,
1998 2629 2223 2684 ducens.
2265 2629 2532 2684 Caeterum
2583 2629 2708 2683 dum
2740 2631 2786 2685 is
2830 2632 2978 2686 varie
3021 2639 3393 2700 przeaeternant

1823 2734 1972 2773 suam
2021 2720 2427 2786 exsistentiam,
2473 2735 2536 2775 ac
2588 2719 2736 2774 Patri
2784 2735 2999 2791 semper
3050 2720 3392 2789 coniunctam

1823 2810 2050 2877 probat,
2101 2824 2165 2863 ac
2208 2810 2407 2864 diserte
2449 2810 2608 2864 caecis
2656 2809 2908 2863 inclamat
2964 2825 3085 2865 esse
3139 2826 3199 2865 se
3265 2819 3395 2865 ante

1824 2897 2096 2952 Abraham
2134 2900 2211 2966 ”;
2245 2899 2379 2952 nihil
2409 2898 2481 2952 illi
2529 2900 2796 2953 sermonis
2842 2908 3121 2967 perspecta
3156 2900 3354 2954 virtute
3376 2938 3391 2964 ,

1823 2990 2076 3058 nullaque
2105 2990 2239 3045 scita
2277 2991 2703 3045 contradictione
2757 2993 2900 3060 quod
2954 2990 3156 3046 dictum
3196 2992 3397 3060 impro-

1824 3081 2027 3136 babant
2070 3090 2468 3150 coarguentes,
2529 3082 2815 3136 verborum
2872 3081 2989 3136 loco
3066 3081 3133 3135 ad
3188 3080 3397 3151 lapides

1826 3172 2227 3241 confugiebant,
2285 3189 2350 3227 ac
2374 3173 2462 3227 diu
2492 3182 2617 3226 ante
2641 3188 2853 3227 crucem
2884 3189 3076 3228 manus
3098 3172 3395 3227 homicidas

1827 3266 1893 3317 ad
1932 3264 2131 3318 caedem
2159 3265 2503 3318 exercebant.
2532 3264 2627 3317 Cui
2658 3278 2784 3318 vero
2821 3264 3017 3333 ubique
3042 3264 3394 3319 constitutum

1826 3363 1967 3407 esset
2017 3364 2074 3407 ut
2127 3355 2194 3406 ad
2221 3354 2670 3409 contumeliosum
2712 3367 2777 3407 ac
2812 3353 3185 3424 blasphemum
3234 3369 3398 3423 popu-

1828 3444 1935 3498 lum
1963 3443 2352 3514 longanimiter.
2388 3444 2651 3507 haberet,
2700 3458 2884 3499 eorum
2923 3443 3212 3498 declinavit
3261 3444 3394 3501 iram

1828 3547 1989 3607 atque
2020 3536 2303 3590 tumultum
2333 3576 2348 3600 ,
2415 3550 2521 3589 non
2563 3536 2785 3602 humili,
2823 3536 2918 3591 sed
2950 3537 3126 3591 divina
3161 3535 3395 3604 quadam

1828 3628 2038 3696 fugiens
2080 3628 2290 3682 ratione
2318 3644 2333 3682 :
2363 3627 2455 3698 qui
2500 3628 2712 3683 medius
2745 3636 2935 3693 stans,
2970 3642 3032 3682 ac
3055 3642 3177 3681 cum
3213 3625 3397 3697 palpa-

1828 3726 1999 3782 retur,
2029 3731 2133 3771 non
2161 3727 2514 3784 cerneretur;
2550 3731 2880 3787 versarisque
2926 3732 3048 3772 cum
3078 3716 3154 3771 ira
3184 3724 3392 3770 tumen-

1831 3807 1972 3862 tibus
1998 3848 2013 3873 ,
2054 3822 2160 3861 non
2194 3807 2488 3871 videretur.
2526 3807 2812 3863 Steterunt
2844 3821 2973 3862 vero
3020 3806 3095 3861 illi
3140 3805 3350 3860 attoniti
3380 3842 3397 3870 ,

1829 3902 1992 3956 animi
2039 3900 2251 3971 quidem
2287 3900 2565 3970 proposito
2619 3901 2673 3955 in
2706 3901 2906 3955 caedem
2962 3900 3192 3963 intenti,
3251 3898 3395 3952 haud

1831 4005 2009 4048 tamen
2078 3993 2408 4047 invenientes
2464 4007 2566 4061 qua
2621 3992 2829 4045 ratione
2880 3990 3017 4044 iram
3076 3989 3393 4059 explerent;

1828 4084 1960 4138 nihil
1993 4084 2337 4139 venatoribus
2384 4083 2647 4153 imperitis
2694 4081 3002 4146 absimiles,
3037 4081 3128 4150 qui
3171 4094 3399 4149 praema~

1831 4176 2005 4231 turius
2052 4176 2312 4230 suscitata
2376 4188 2439 4227 ac
2491 4174 2739 4229 submota
2795 4170 3018 4241 praeda,
3073 4169 3398 4239 suﬂ'ugiento

1829 4280 1992 4320 cervo
2024 4264 2075 4318 in
2103 4268 2282 4319 lucum
2308 4262 2563 4333 aliquem,
2597 4278 2659 4317 ac
2684 4259 2985 4317 clanculum
3014 4274 3232 4329 egresso
3256 4299 3272 4326 ,
3316 4268 3397 4313 te-

1831 4370 1980 4410 mere
2011 4368 2106 4424 per
2149 4354 2341 4408 saltum
2389 4360 2611 4417 errant,
2650 4350 2937 4406 molestum
2976 4364 3111 4405 onus
3158 4351 3291 4404 retia
3322 4350 3399 4404 fe.

154 4444 490 4516 ἐξελθούσης,
524 4445 649 4515 είκῆ
690 4444 997 4498 πλανῶνται
1043 4443 1183 4497 κατὰ
1211 4442 1308 4513 τὴν
1340 4443 1536 4512 νάπην,
1566 4441 1727 4511 ἄχθος
1755 4472 1791 4532 ﬂ

1834 4455 2036 4510 rentes,
2068 4444 2383 4514 frustraque
2412 4456 2595 4497 secum
2627 4441 2834 4497 catulos
2868 4440 3163 4495 trahentes.

157 4535 441 4608 περίεργον
472 4535 547 4590 τά
588 4536 781 4590 δίκτυα
809 4535 1085 4607 φέροντες,
1110 4534 1203 4587 καὶ
1230 4534 1407 4605 μάτην
1434 4532 1559 4596 τοὺς
1594 4531 1723 4584 σκύ-

155 4627 317 4691 λακας
344 4627 726 4698 ἐφελκόμενοι.

231 4719 373 4788 Ἐγὼ
402 4720 485 4783 δὲ,
531 4719 580 4770 εί
616 4718 712 4771 καὶ
748 4717 816 4771 τὰ
859 4716 994 4770 ἄλλα
1029 4715 1231 4784 φαῦλος
1264 4716 1502 4785 οἰκέτης,
1535 4714 1723 4767 τούτου

156 4811 275 4877 γοῦν
304 4812 410 4864 οὐκ
450 4809 811 4879 ἐξελαθόμην,
836 4809 918 4861 ὅτι
950 4807 1135 4870 δοῦλός
1170 4809 1305 4877 εἰμι,
1334 4807 1426 4861 καί
1461 4824 1530 4877 με
1574 4823 1727 4877 προσ-

1906 4706 2163 4776 Equidem
2227 4720 2379 4771 vero,
2432 4719 2736 4777 quanquam
2794 4704 2995 4774 alioqui
3046 4718 3165 4758 sum
3222 4704 3396 4761 malus

1834 4813 2048 4863 servus,
2085 4798 2134 4853 id
2164 4808 2342 4853 tamen
2373 4798 2600 4853 necdum
2631 4797 2832 4853 oblitus
2850 4812 2992 4862 sum,
3022 4810 3144 4853 esse
3169 4811 3255 4853 me
3280 4811 3396 4853 ser—

220 4970 263 5000 "
294 4970 547 5041 Segnior.
581 4965 1026 5037 ἐκπληρώσωσιν.
1100 4968 1144 4998 ’⁷
1183 4965 1426 5037 Seguier.
1458 4964 1791 5037 ἀνασοϐήσως

1820 4981 1886 5016 ιν.
1962 4964 2006 4995 ’⁸
2031 4960 2187 5019 Joau.
2217 4976 2293 5026 tx,
2321 4962 2346 5015 1
2377 4975 2497 5030 sqq.
2575 4959 2620 4991 ”
2649 4957 2802 5015 Joan.
2831 4973 2951 5025 vm,
2986 4958 3076 5013 58.

223 5103 333 5172 (37)
370 5103 453 5157 Ex
480 5102 549 5156 Β.
579 5100 640 5155 P.
670 5100 786 5155 Jac.
816 5099 1089 5172 Sirmundi
1113 5097 1441 5172 societJesu
1480 5108 1728 5172 autogra-

159 5168 256 5239 pho
287 5168 477 5227 multis
506 5172 792 5225 emendato
815 5185 877 5223 ex
900 5168 1248 5237 Seguieriauo
1272 5168 1474 5239 codice.
1491 5199 1561 5239 _——;
1579 5168 1728 5221 Hunc

160 5237 487 5301 Sermonem,
536 5240 693 5306 plane
751 5239 1077 5294 luculentum
1133 5238 1417 5306 suggessit,
1454 5237 1551 5290 viri
1604 5251 1723 5306 cum

160 5312 481 5372 doctissimi,
537 5304 647 5361 tum
686 5308 1050 5362 humanissimi
1086 5306 1151 5363 R.
1191 5304 1251 5360 Ρ.
1293 5304 1407 5360 Jac.
1443 5304 1717 5359 Sirmundi

162 5380 583 5449 autograpltum;
620 5378 697 5449 sie
736 5392 1005 5449 nunquam
1042 5375 1313 5449 communi
1342 5378 1725 5449 _bouo_cous_u-

162 5449 265 5502 lere
284 5444 542 5511 'desiuit,
589 5448 782 5514 quibus
816 5444 898 5499 vel
941 5447 1053 5512 ipse
1101 5446 1244 5506 edit,
1271 5444 1353 5497 vel
1398 5446 1575 5499 studio
1600 5445 1724 5497 olim

165 5518 409 5583 collecta,
444 5518 563 5569 aliis
597 5516 799 5569 edenda
828 5516 1096 5583 impertit;
1136 5530 1195 5567 ea
1230 5516 1459 5583 maxime
1490 5531 1729 5567 commu-

164 5581 431 5641 nicatione
454 5586 515 5639 τὸ
545 5586 688 5639 θεῖον
714 5581 971 5645 imitatus,
1023 5603 1084 5635 ac
1116 5584 1322 5651 dignus,
1356 5581 1505 5648 cujus
1531 5600 1729 5636 mentu-

172 5656 240 5705 ria
290 5656 490 5710 futuris
537 5654 788 5709 omnibus
832 5654 1159 5718 temporibus
1209 5652 1501 5705 tluctiorum
1539 5652 1729 5705 animis

172 5725 303 5780 tiara
336 5728 515 5795 vigeat
562 5740 623 5777 ac
670 5725 850 5776 chara.
897 5724 1127 5775 At't‘ttbbil
1168 5738 1310 5775 vero.
1346 5736 1402 5775 ac
1440 5722 1725 5787 νῖοιι-ἱιιιυιιι

1834 5097 2057 5152 contulit
2088 5097 2465 5165 Seguierianus
2487 5099 2653 5153 codex
2682 5100 2817 5154 bene
2841 5099 3109 5165 antiquus,
3140 5097 3205 5149 ad
3233 5111 3389 5165 quem

1834 5168 2014 5220 multis
2044 5166 2174 5221 locis
2192 5167 2505 5222 emendatus
2536 5178 2619 5222 est
2642 5169 2777 5221 alter
2800 5169 2888 5222 ille
2915 5166 3190 5222 Sirmundi
3224 5167 3393 5223 codex

1834 5252 1896 5289 ac
1950 5236 2359 5304 antographum.
2394 5236 2629 5305 Phutius
2672 5238 2809 5291 oculi
2870 5246 3036 5293 totam
3077 5236 3395 5305 descriptio-

1833 5321 1952 5359 nem
1977 5320 2042 5358 ex
2083 5303 2181 5358 hoc
2205 5313 2362 5375 tract.
2390 5303 2443 5358 in
2475 5321 2624 5359 suam
2660 5307 2927 5360 transtulit
2955 5303 3304 5375 myrobiblon,
3339 5305 3393 5358 in

1830 5388 1933 5441 qua
1958 5382 2139 5440 aperte
2167 5373 2409 5426 εὐσεϐεῖν
2448 5377 2715 5428 Asterium
2757 5373 3022 5443 advertit,
3042 5375 3079 5427 i.
3108 5388 3267 5443 agere
3302 5390 3392 5427 ca-

1835 5444 2088 5514 tholicum
2117 5459 2180 5514 ac
2212 5445 2495 5514 adversum
2519 5446 2717 5497 Ariauo
2750 5442 2981 5514 dogmati
3010 5459 3024 5496 :
3055 5444 3107 5514 in
3140 5442 3393 5514 quod,“

1834 5513 2077 5566 Iinnomii
2102 5513 2287 5581 dogma
2319 5513 2589 5567 invehitur
2618 5513 2666 5565 in
2696 5512 2842 5567 Petri
2865 5522 2917 5568 et
2943 5513 3091 5566 Pauli
3118 5512 3392 5579 apostolo-

1834 5599 1948 5636 rum
1987 5582 2264 5636 Encomio.
2312 5582 2522 5636 Utinam
2569 5583 2703 5637 alios
2730 5584 2901 5638 eidem
2939 5582 3126 5636 Pltotio
3168 5581 3393 5635 relectos

1832 5652 2024 5703 Asturii
2064 5660 2324 5705 tractatus
2367 5652 2601 5704 nancisci
2633 5651 2885 5714 licuisset,
2917 5652 3110 5720 quibus
3145 5652 3386 5717 integris,

1834 5737 1925 5773 sua
1961 5721 2028 5774 illi
2054 5721 2250 5785 justior
2276 5719 2439 5775 moles
2465 5722 2659 5777 nostris
2704 5722 2785 5778 his
2843 5719 3065 5786 adjectis
3094 5728 3385 5774 constaret.
