4212 6318
712 355 810 405 251

1991 356 2051 412 S.
2091 355 2361 411 ASTERH
2400 357 2701 415 AMASENI

3881 369 3998 423 25:!

720 480 863 527 vuitt,
898 464 1096 533 quique
1115 482 1209 533 pro
1228 468 1454 524 Domino
1475 472 1736 529 adversus
1758 474 2044 545 injuriusos
2071 476 2298 531 habeam

2419 476 2537 544 ἣκει]
2588 476 2725 547 ὑπὲρ
2776 475 2867 531 τοῦ
2917 480 3188 533 Δεσπότου
3246 482 3386 534 κατὰ
3431 481 3536 535 τῶν
3584 480 3853 551 ὑϐριστῶν
3904 482 4004 547 ἓξ-

720 558 1015 624 insurgere.
1053 556 1413 621 Quamobrem
1440 563 1603 617 etiam
1633 565 1881 619 clamabo
1915 566 1966 620 in
2004 565 2297 635 llebrmos,

720 653 976 714 tanquam
1009 647 1168 703 hodie
1198 662 1526 724 praesentes,
1564 670 1627 711 ac
1649 656 1832 712 furore
1849 668 2001 713 actos
2030 658 2299 731 :Ergone,

720 733 952 799 scelesti,
992 734 1259 805 lapidibus
1311 741 1632 798 beneﬁcium
1674 744 1970 814 appetitis?
2000 744 2133 812 Quis
2158 747 2301 800 enim

721 840 814 880 vos
859 842 890 881 e
925 838 1076 897 petra
1104 832 1347 900 potavit?
1381 835 1646 904 Appetitis
1686 852 1807 891 eum
1840 836 2107 907 lapidibus
2131 879 2147 905 ,
2182 839 2298 906 qui,

721 914 944 983 lapideis
987 919 1186 977 tabulis
1224 923 1487 993 insculpta
1520 926 1637 996 lege
1660 966 1677 993 ,
1722 929 1887 982 vitam
1919 939 2153 985 vestram
2194 930 2305 987 for-

722 1009 1236 1081 mavit?Appetitis,
1265 1017 1509 1089 inquam,
1540 1019 1771 1088 lapidem
1806 1022 2063 1089 electum,
2098 1026 2303 1094 pretio-

722 1114 863 1167 sum,
917 1117 1075 1172 quem
1121 1107 1285 1163 lsaias
1329 1111 1658 1180 praedixit’?
1697 1115 1964 1186 Appetitis
2007 1120 2302 1188 spiritalem

723 1191 954 1259 lapidem
978 1236 991 1261 ,
1022 1197 1171 1254 nulla
1203 1202 1437 1258 hominis
1488 1220 1650 1261 manu
1673 1248 1688 1273 ,
1737 1223 1768 1263 e
1814 1219 2081 1278 praerupta
2115 1222 2265 1281 petra
2286 1253 2301 1277 ,

723 1283 871 1352 iuxta
911 1288 1051 1356 quod
1086 1292 1270 1348 docuit
1305 1294 1641 1353 admirabilis
1677 1300 1862 1354 Daniel
1885 1302 1927 1366 ³,
1966 1302 2304 1358 abscissum?

724 1377 989 1446 Appetitis
1031 1380 1303 1451 lapidibus
1331 1402 1599 1442 summum
1638 1392 1952 1461 angularem
1989 1395 2222 1465 lapidem
2260 1397 2302 1463 ³,

724 1470 813 1537 qui
845 1472 1079 1539 parietes
1114 1476 1247 1532 duos
1281 1477 1415 1533 Novi
1448 1494 1512 1535 ac
1544 1478 1756 1539 Veteris
1784 1483 2116 1542 Testamenti
2152 1502 2302 1541 com-

724 1559 928 1615 mittit?
963 1562 1201 1622 Tametsi
1230 1571 1372 1624 enim
1400 1586 1505 1626 non
1542 1574 1782 1639 creditis,
1814 1588 2007 1645 patens
2052 1588 2131 1633 est
2167 1579 2308 1634 Deus

722 1652 788 1704 de
819 1650 1086 1721 lapidibus
1118 1658 1241 1715 istis
1267 1663 1537 1719 suscitare
1569 1665 1708 1722 ﬁlios
1737 1666 1971 1725 Abrahae
1990 1678 2045 1736 ';
2076 1671 2176 1726 hoc
2201 1682 2305 1739 est,

724 1748 1112 1815 aceeptabilem
1137 1750 1361 1809 Christo
1391 1757 1669 1825 populum,
1699 1775 1766 1814 ex
1800 1763 2052 1831 gentibus
2079 1779 2141 1819 ac
2164 1779 2306 1835 prae-

2410 567 2748 623 ανίστασθαι.
2782 570 2871 623 Διὸ
2900 571 2991 624 καὶ
3026 572 3359 643 κεκράξομαι
3387 576 3520 643 πρὸς
3553 574 3678 636 τοὺς
3705 571 4000 644 Ἐϐραίους

2410 659 2485 722 ὡς
2529 661 2801 726 παρόντας
2837 664 3096 734 σήμερον,
3149 666 3243 718 καὶ
3289 666 3442 736 παρὰ
3468 666 3566 736 τῆς
3600 664 3798 735 μανίας
3840 664 4003 734 ὲνερ-

2414 751 2742 818 γουμένουςο
2786 754 3039 819 Βάλλετε,
3078 758 3281 826 μιαροὶ,
3324 756 3494 819 λίθοις
3524 757 3615 809 τὸν
3654 755 3997 826 εὐεργέτηνς

2415 841 2521 913 [τίς
2548 842 2655 914 γὰρ
2686 845 2829 913 ὑμᾶς
2850 846 2916 897 ἐκ
2948 846 3150 917 πέτρας
3188 847 3432 912 ὲπότισε;
3464 846 3683 917 βάλλετε
3710 847 3800 901 τὸν
3829 846 3999 912 πλαξὶ

2411 935 2637 999 λιθίναις
2664 939 2756 990 τὸν
2801 936 2913 1007 βίον
2941 938 3093 1009 ὑμῶν
3130 939 3488 993 κανονίσαντα
3513 938 3594 1012 ⁷;]
3640 940 3862 1008 βάλλετε
3901 939 3999 990 τὸν

2411 1024 2666 1079 ἐκλεκτὸν
2692 1026 2837 1080 λίθον
2858 1029 2953 1081 καὶ
2977 1030 3084 1081 ἐντι
3094 1047 3213 1101 μον,
3246 1031 3304 1081 ὃν
3342 1029 3567 1094 Ἠσαῖας
3596 1031 3724 1100 ὑμῖν
3751 1030 4001 1099 προεφή-

2410 1132 2601 1184 τευσε;
2646 1118 2865 1187 βάλλετε
2904 1120 2995 1173 τὸν
3031 1123 3219 1192 νοητὸν
3247 1122 3398 1175 λίθον
3430 1122 3519 1175 τὸν
3548 1122 3647 1192 τῆς
3687 1122 4000 1191 ἀκροτὸμου

2412 1208 2618 1280 πέτρας
2650 1211 3037 1282 ἀπορραγέντα
3075 1215 3202 1267 ἄνευ
3237 1215 3420 1286 χειρός
3448 1214 3817 1285 ἀνθρωπίνης,
3850 1213 3927 1276 ὡς
3970 1214 4004 1265 ὁ

2413 1298 2701 1367 θεσπέσιος
2741 1303 2937 1375 Δανιὴλ
2969 1305 3115 1376 ὑμᾶς
3152 1304 3393 1371 ὲδίδαξες
3438 1305 3657 1375 βάλλετε
3689 1305 3858 1368 λίθοις
3905 1304 4006 1357 τὸν

2413 1393 2831 1463 ἀκρογωνιαίον,
2860 1393 2951 1447 τὸν
2987 1396 3114 1460 τοὺς
3141 1395 3234 1450 δύο
3272 1398 3482 1465 τοίχους
3517 1396 3617 1465 τῆς
3656 1395 3867 1464 Καινῆς
3902 1395 4006 1447 καὶ

2413 1484 2511 1555 τῆς
2554 1484 2796 1549 Παλαῖας
2828 1485 3103 1558 Διαθήκης
3147 1488 3483 1555 συνάγοντας
3526 1487 3644 1540 Κᾶν
3689 1486 3796 1556 γὰρ
3839 1486 4005 1554 ὑμεῖς

2420 1575 2494 1647 μὴ
2525 1576 2875 1648 πιστεύσητε,
2904 1579 3129 1644 δυνατὸς
3151 1583 3178 1633 ὁ
3202 1580 3333 1643 Θεὸς
3356 1581 3419 1632 ἐκ
3438 1578 3603 1632 λίθων
3630 1577 3835 1631 τούτων
3860 1580 4009 1644 ἐ.γεῖ-

2418 1687 2509 1739 ραι
2525 1669 2691 1722 τέκνα
2705 1669 2782 1740 τῷ
2809 1669 3059 1742 Ἀϐραάμ.
3078 1686 3089 1699 ·
3109 1672 3404 1735 τουτέστιν,
3421 1671 3669 1750 ἀθροῖσαι
3686 1670 3762 1739 τῷ
3780 1669 4010 1738 Χριστῴ

2416 1762 2543 1815 λαὸν
2576 1761 2907 1834 περιούσιον,
2948 1764 3042 1815 τὸν
3076 1762 3136 1828 ἐξ
3180 1762 3347 1816 ἐθνῶν
3385 1765 3477 1816 καὶ
3513 1761 3882 1833 ἁκρόὸυστον’
3917 1761 4008 1827 ἐφ’

725 1840 875 1905 putio
901 1856 1236 1913 congregare
1265 1864 1277 1901 :
1322 1848 1377 1903 in
1412 1864 1520 1919 quo
1554 1852 1717 1907 etiam
1750 1855 2166 1923 promissionem
2194 1873 2309 1915 sus-

2419 1845 2457 1922 ᾧ
2487 1856 2581 1908 καὶ
2614 1854 2713 1925 τὴν
2747 1853 3075 1923 ἐπαγγελίαν
3108 1856 3136 1907 ὁ
3180 1852 3435 1925 Ἀϐραάμ
3468 1853 3706 1919 ἐδέξατο,
3755 1851 4010 1913 εἰπόντος

727 1928 872 1997 cepit
928 1930 1227 2003 Abraham,
1261 1938 1474 1994 dicente
1504 1942 1553 1996 ei
1594 1941 1722 2011 Deo,
1758 1944 1875 2001 l'ore
1914 1946 1967 2001 in
2000 1962 2066 2003 eo
2088 1947 2311 2005 benedi—

727 2023 924 2078 ceudas
958 2040 1145 2083 omnes
1185 2040 1376 2099 gentes
1406 2034 1450 2087 ⁵.
1489 2034 1699 2091 Arcana
1728 2039 1869 2094 enim
1914 2038 2055 2097 Deus
2083 2043 2311 2099 scientia

728 2112 967 2169 {ulmum
998 2122 1323 2188 prmvidens,
1356 2139 1546 2185 omnes
1581 2130 1632 2184 in
1670 2141 1947 2202 posterum
2008 2135 2312 2191 credituros

729 2205 851 2259 tidei
900 2207 1023 2262 duci
1073 2224 1136 2264 ac
1183 2214 1412 2285 principi
1457 2218 1508 2273 in
1543 2219 1776 2276 liliorum
1807 2234 2012 2279 sortem
2045 2227 2309 2282 attribuit.

723 2296 939 2354 Extunc
1006 2305 1149 2360 enim
1199 2311 1559 2365 contuebatur
1616 2313 1969 2369 Hebraeorum
2008 2316 2186 2386 populi
2229 2334 2315 2374 se-

724 2388 1009 2461 ditionem,
1071 2411 1133 2452 ac
1196 2398 1410 2454 videbat
1477 2399 1709 2470 lapides,
1776 2403 2007 2473 falsique
2079 2406 2315 2462 nominis

725 2480 865 2539 ﬁlios
904 2486 1168 2544 abdicatis
1215 2493 1555 2547 accensebat.
1617 2493 1753 2549 Cum
1817 2506 1999 2551 autem
2066 2512 2316 2554 sermone

726 2573 1012 2631 veritatem
1074 2580 1423 2648 annuntians,
1493 2583 1909 2657 haudquaquam
1961 2590 2317 2658 persuaderet

726 2666 1022 2734 pietatem,
1074 2675 1288 2729 tametsi
1346 2677 1535 2732 aderat
1580 2679 2048 2749 abscondebatur;
2112 2697 2177 2739 ac
2218 2700 2315 2755 ap—

726 2772 927 2827 parens
991 2776 1096 2818 non
1144 2765 1449 2835 videbatur,
1496 2784 1605 2839 quo
1664 2771 1755 2825 tali
1800 2773 2061 2829 miraculo
2115 2777 2316 2831 admit-

735 2857 850 2905 tere
895 2865 1137 2922 cogeret,
1182 2870 1304 2912 esse
1354 2860 1530 2930 ipsum
1575 2860 1875 2930 Christum,
1924 2880 1990 2920 ac
2018 2864 2189 2922 Deum
2221 2882 2316 2937 pa-

730 2952 887 3000 rente
926 2945 1202 3002 Abraham
1252 2952 1542 3007 seniorem.
1588 2956 1808 3022 Audite,
1855 2972 2006 3030 ergo,
2053 2960 2247 3030 inquit,
2277 2975 2310 3016 ο

730 3050 858 3091 vere
897 3038 1024 3094 caeci
1066 3055 1129 3096 ac
1169 3043 1320 3098 stulti
1352 3066 1362 3099 :
1396 3045 1656 3112 Quisnam
1698 3048 1823 3116 iste,
1857 3050 2028 3121 quiet
2065 3062 2315 3109 versatur

729 3126 1031 3195 vobiscum,
1063 3147 1162 3185 nec
1191 3143 1370 3189 tamen
1399 3138 1629 3206 videtur,
1658 3155 1786 3195 num
1820 3140 1962 3197 forte
1988 3142 2079 3199 ille
2114 3154 2196 3200 est
2221 3147 2311 3215 qui
2344 3173 2389 3236 ο

730 3217 796 3270 ad
828 3217 1042 3289 Moysen
1088 3223 1333 3293 loquens,
1378 3228 1599 3285 minime
1629 3232 2089 3303 conspiciebatur,
2132 3250 2197 3291 ac
2229 3246 2313 3293 ta-

734 3314 855 3364 men
887 3316 1183 3381 apparebat
1211 3318 1260 3371 °?
1289 3317 1422 3373 Nam
1453 3330 1579 3377 tunc
1605 3338 1819 3394 quoque
1864 3325 2149 3383 videbatur
2177 3330 2317 3396 ignis

732 3417 799 3457 ac
836 3405 1023 3470 rubus,
1068 3411 1227 3463 ambo
1277 3420 1459 3475 muta;
1500 3412 1962 3486 nihilominusque
1996 3417 2320 3475 audiebatur

732 3507 835 3549 vox
865 3534 880 3559 ,
932 3511 996 3551 ac
1056 3512 1236 3553 sermo
1290 3503 1611 3566 erudiebat,
1657 3515 1940 3575 certoque,
1989 3510 2133 3575 quod
2173 3509 2322 3566 futu-

737 3597 858 3634 rum
885 3592 1003 3637 erat
1037 3588 1509 3653 praenuntiabatur
1538 3609 1551 3645 :
1581 3584 1772 3663 estque
1799 3595 2041 3650 virorum
2084 3600 2320 3667 pruden-

740 3674 909 3740 tium,
954 3685 1013 3729 ut
1067 3691 1353 3745 personam
1402 3694 1467 3735 ex
1519 3697 1701 3737 rerum
1750 3686 2070 3756 cognatione
2119 3690 2321 3746 intelli-

736 3777 886 3831 gere.

809 3852 944 3909 Cum
980 3856 1059 3912 sic
1087 3865 1266 3915 autem
1305 3860 1478 3918 aliene
1513 3879 1543 3919 a
1575 3866 1781 3922 ratione
1807 3882 1872 3923 ac
1907 3870 2071 3927 stulte
2109 3870 2322 3929 Hebraei

738 3942 1027 4011 haberent,
1076 3947 1336 4005 Dominus
1367 3962 1551 4009 noster
1584 3968 1647 4011 ac
1680 3956 1954 4027 Salvator,
1986 3961 2133 4017 velut
2160 3965 2326 4020 sedu-

743 4032 823 4087 lus
852 4037 1073 4104 quidam
1100 4054 1163 4095 ac
1193 4043 1409 4114 sapiens
1439 4047 1699 4115 medicus,
1728 4064 1837 4105 non
1869 4052 2097 4110 cedente
2126 4056 2323 4114 morbo

738 4126 809 4179 ad
835 4129 1070 4194 primum
1108 4134 1565 4202 experimentum.
1617 4140 1833 4196 modum
1883 4144 2047 4199 alium
2080 4148 2323 4205 curatio-

742 4217 829 4271 nis
860 4222 1193 4289 aggreditur.
1240 4226 1439 4281 Statuit
1481 4244 1612 4285 vero
1646 4241 1704 4285 ut
1735 4244 1917 4289 mente
1946 4251 2119 4293 caecos
2177 4254 2323 4297 caeco

742 4320 915 4374 curet,
943 4312 1036 4381 qui
1069 4314 1260 4371 obvius
1302 4318 1551 4374 inventus
1584 4330 1748 4382 esset,
1786 4338 1890 4379 non
1924 4327 2191 4383 accidenti
2222 4328 2323 4385 ali-

741 4417 847 4470 qua
880 4401 1099 4461 laesione
1123 4408 1420 4464 caecitatem
1449 4424 1658 4480 passus,
1695 4416 1788 4468 sed
1815 4424 2025 4473 naturae
2058 4418 2213 4489 vitio,
2241 4420 2321 4477 sic

744 4493 1002 4549 nimirum
1029 4511 1096 4551 ex
1127 4505 1280 4554 utero
1309 4500 1362 4553 in
1392 4500 1563 4557 lucem
1596 4506 1911 4574 productus.

816 4693 1097 4751 Hominem
1152 4710 1315 4766 porro
1355 4701 1738 4769 conspicatus,
1782 4713 1964 4769 stetit,
2013 4716 2326 4778 praestoque

744 4784 813 4838 ad
863 4786 1196 4842 curationem
1247 4790 1395 4843 luit:
1440 4795 1774 4849 curationem
1839 4798 2033 4867 utique
2096 4800 2327 4856 humana

746 4873 1006 4941 majorem
1039 4877 1247 4932 ratione
1274 4887 1325 4933 et
1349 4891 1488 4935 arte.
1518 4880 1725 4952 Quippe
1757 4899 1847 4940 ars
1878 4889 2084 4944 medica
2114 4905 2179 4947 ac
2210 4892 2329 4961 ejus

749 4967 884 5021 ratio
913 4982 1100 5024 eorum
1127 4969 1439 5025 morborum
1470 4975 1983 5045 contemplationem
2021 4981 2200 5045 tradit,
2230 4984 2321 5051 qui

743 5060 854 5129 jam
885 5075 915 5114 a
947 5070 1139 5117 natura
1184 5064 1422 5133 perfecto
1462 5065 1684 5119 animali
1738 5081 1800 5121 ac
1843 5068 1897 5123 iu
1944 5069 2118 5126 lucem
2179 5074 2324 5129 edito

749 5165 878 5207 casu
909 5153 1253 5222 postmodum
1284 5157 1467 5228 aliquo
1504 5158 1794 5215 accidunt:
1826 5165 2097 5234 congeniti
2139 5162 2321 5224 autem

749 5246 969 5315 corpori
1006 5246 1122 5303 vitii
1156 5249 1377 5306 minime
1424 5252 1757 5307 curationem
1787 5257 2052 5325 promittit
2081 5272 2096 5311 :
2132 5269 2187 5313 at
2221 5278 2317 5316 nc-

749 5353 854 5404 qno
883 5340 1178 5396 universim
1225 5342 1559 5407 morborum,
1593 5346 1640 5401 si
1682 5346 1774 5416 qui
1822 5348 2071 5417 deinceps
2108 5354 2319 5409 accide-

750 5439 877 5486 runt
906 5431 1099 5501 :cujus
1126 5432 1204 5488 rei
1242 5433 1454 5491 abunde
1498 5445 1663 5493 testes
1707 5450 1835 5494 sunt
1878 5440 2108 5497 mutilati
2146 5444 2323 5500 homi-

824 5590 853 5668 ζ
888 5588 991 5668 Ιεξ.
1028 5604 1223 5668 XXV-HL,
1284 5591 1368 5645 16.
1446 5596 1465 5625 ³
1500 5594 1629 5668 Dan.
1659 5610 1720 5663 ll,
1758 5598 1847 5651 45.
1934 5599 2003 5654 ³1
2040 5599 2156 5654 Pet.
2200 5618 2237 5668 I,
2269 5602 2320 5655 6.

749 5659 772 5691 ⁷
815 5658 1049 5741 Ex'Seg.
1126 5659 1148 5690 ⁸
1184 5662 1308 5741 Stas.
1350 5658 1715 5741 προγνώσει.⁷
1751 5669 1770 5699 ⁹
1798 5668 1949 5741 Pltot.
1973 5669 2163 5733 αὑτοῦ.

753 5729 973 5799 φαινόμ.
1014 5744 1075 5779 rx
1135 5729 1373 5801 utrisque
1397 5729 1487 5787 καί
1525 5735 1598 5807 μὴ
1628 5736 1785 5806 βλεπ.
1822 5740 1909 5791 καὶ
1946 5730 2165 5809 φαινόμ.

765 5800 808 5832 ¹⁶
832 5801 985 5854 ΡΙὶΟΙ.
1018 5800 1263 5863 ἐκείνοις.

2248 5672 2287 5703 ¹⁰
2323 5674 2476 5727 l’hot.
2507 5688 2520 5735 ;
2558 5672 2681 5741 ch.
2735 5669 2885 5730 θεός·

2278 5744 2318 5773 ιιι
2350 5743 2426 5797 Ex
2469 5743 2593 5810 ch.

2414 1943 2563 2015 αύτῷ
2600 1944 2692 1999 τοῦ
2729 1945 2887 2009 Θεοῦ,
2928 1947 3010 1998 ὅτι
3054 1945 3558 2015 Εὐλογισθήσονται
3590 1946 3647 1996 ὲν
3696 1943 3779 1995 σοὶ
3826 1944 4011 1996 πάντα

2413 2037 2482 2091 τὰ
2516 2038 2667 2109 ἔθνη.
2703 2039 2781 2110 Τῇ
2816 2037 2923 2109 γὰρ
2961 2039 3260 2110 ἀπορρήτῳ
3290 2037 3525 2106 γνώσειθ
3560 2037 3775 2104 βλέπων
3816 2037 3843 2087 ὁ
3871 2034 4012 2097 θεὸς

2415 2128 2475 2180 τὸ
2509 2128 2721 2198 μέλλον,
2752 2128 2829 2198 τῷ
2853 2128 3084 2199 ἀρχηγῷ
3109 2128 3207 2199 τῆς
3240 2127 3499 2191 πίστεως,
3533 2128 3743 2189 πάντας
3770 2128 3898 2189 τοὺς
3927 2128 4014 2190 είς

2418 2218 2645 2290 ὕστερον
2674 2218 2949 2272 πιστεύειν
2984 2217 3297 2289 μέλλοντας,
3334 2221 3415 2283 είς
3451 2217 3605 2283 τάξιν
3640 2217 4011 2288 ἀπεκλήρωσε

2417 2310 2641 2364 τέκνων.
2712 2308 2965 2381 Ἐθεὼρει
3020 2311 3130 2382 γὰρ
3188 2310 3374 2364 ἔκτοτε
3428 2309 3538 2363 τῶν
3595 2308 3861 2379 Ἐϐραίων
3907 2306 4015 2376 τὴν

2418 2400 2627 2466 στάσιν,
2664 2400 2758 2454 καὶ
2803 2402 2930 2464 τοὺς
2956 2400 3138 2465 λίθους
3168 2401 3383 2463 ἐδλεπε,
3420 2400 3517 2453 καὶ
3563 2400 3690 2463 τοὺς
3732 2397 4015 2467 ψευδωνύα

2421 2509 2555 2565 μους
2587 2493 2738 2555 υἱοὺς
2782 2494 2841 2545 ὲν
2883 2495 2995 2555 τοῖς
3041 2492 3444 2564 ἀποκηρύκτοις
3491 2493 3735 2563 ἠρίθμει.
3788 2491 4015 2560 Ἐπειδὴ

2418 2584 2497 2653 δὲ,
2520 2586 2663 2656 λόγῳ
2687 2584 3074 2654 καταγγέλλων
3102 2584 3283 2648 αὐτοῖς
3303 2585 3402 2654 τὴν
3420 2583 3698 2656 ἀλήθειαν,
3730 2583 3830 2636 οὐκ
3856 2582 4014 2634 ἔπειτ

2420 2676 2510 2731 θεν
2557 2676 2821 2744 εὐσεϐεῖν,
2858 2674 3148 2749 παρεστὼς
3196 2674 3509 2746 άπεκρύση,
3547 2676 3642 2728 καὶ
3680 2673 4015 2743 φαινόμενος

2419 2768 2517 2820 οὐκ
2556 2768 2837 2833 ὲδλέπετο,
2887 2768 2953 2821 ἵν’
2988 2769 3054 2821 ὲκ
3092 2770 3190 2839 τῆς
3221 2766 3477 2837 τοιαύτης
3519 2765 3755 2827 αὑτοὺς⁹
3790 2764 4014 2834 θαυμα-

2419 2860 2677 2930 τουργίας
2727 2859 2933 2933 ἑλκύσῃ
2981 2859 3117 2931 πρὸς
3169 2856 3565 2925 συγκατάθεσιν
3613 2856 3731 2921 τοῦ,
3782 2857 3865 2908 ὅτι
3917 2857 4019 2908 καὶ

2418 2950 2652 3023 Χριστὸς
2673 2951 2717 2983 ¹⁰
2734 2950 3049 3022 ἐτύγχανεν,
3096 2950 3188 3009 καὶ
3224 2949 3358 3013 Θεὸς
3403 2947 3657 3020 Ἀϐραὰμ
3701 2946 4017 3019 πρεσϐύτε-

2423 3060 2535 3115 ρος.
2595 3041 2886 3101 Ἀκούσατε
2929 3038 3044 3107 οὖν,
3088 3043 3274 3115 φησὶν,
3318 3036 3364 3095 ὦ
3424 3040 3639 3111 ἀληθῶς
3689 3039 3882 3109 τυφλοὶ
3920 3042 4019 3093 καὶ
4060 3052 4063 3057 ·

2422 3134 2669 3203 ἀνόητοι·
2707 3133 2803 3196 Τίς
2849 3125 3026 3195 οὗτος,
3070 3134 3097 3186 6
3137 3131 3231 3185 καὶ
3279 3129 3587 3201 συμπαρὼν
3633 3130 3759 3199 ὑμῖν
3806 3130 3902 3183 καὶ
3939 3130 4019 3199 μὴ

2423 3224 2752 3296 βλεπόμενος
2781 3225 2846 3291 ¹¹;
2875 3223 2909 3295 ἢ
2960 3222 3103 3293 τάχα
3136 3224 3343 3287 ἐκεῖνος
3382 3223 3410 3275 ὁ
3454 3222 3549 3274 καὶ
3604 3220 3741 3290 πρὸς
3767 3221 4019 3289 Μωῦσῆν

2421 3316 2617 3382 λαλῶν,
2649 3318 2741 3370 καὶ
2787 3316 2863 3387 μὴ
2891 3314 3215 3386 φαινόμενος
3244 3315 3318 3380 “;
3361 3313 3602 3384 Ἑωρᾶτο
3641 3311 3749 3383 γὰρ
3772 3312 3868 3365 καὶ
3888 3312 4020 3364 τότε

2423 3407 2534 3478 πῦρ
2582 3408 2676 3461 καὶ
2721 3406 2903 3478 βάτος,
2951 3406 3238 3477 ἀμφότερα
3282 3406 3511 3475 ἄφωνα·
3561 3403 3675 3457 ἀλλ’
3712 3404 3863 3473 ὅμως
3920 3404 4022 3456 καὶ

2424 3500 2575 3573 φωνὴ
2608 3501 2861 3570 ἠκούετο,
2890 3499 2987 3552 καὶ
3017 3498 3177 3568 λόγος
3207 3498 3483 3560 ἐπαίδευε,
3521 3496 3616 3549 καὶ
3659 3494 3920 3563 ἀσφαλῶς
3955 3497 4018 3548 τὸ

2428 3591 2620 3664 μέλλον
2664 3589 3089 3663 προηγορεύετο.
3134 3589 3247 3642 Καὶ
3286 3588 3392 3657 χρὴ
3446 3587 3574 3643 τοὺς
3618 3585 3742 3638 νοῦν
3787 3585 4017 3654 ἔχοντας

2424 3684 2490 3736 ὲκ
2511 3683 2612 3751 τῆς
2641 3680 2957 3751 συγγενείας
2977 3679 3087 3734 τῶν
3104 3678 3445 3752 πραγμάτων
3465 3674 3731 3747 γνωρίσαι
3753 3676 3814 3728 τὸ
3844 3676 4021 3746 πρὸσ-

2422 3788 2591 3826 ωπον.

2498 3862 2685 3927 Οὕτως
2704 3861 2761 3916 δὲ
2790 3861 3001 3930 ἀλόγως
3027 3862 3121 3915 καὶ
3142 3860 3387 3931 ἀνοήτως
3414 3857 3525 3912 τῶν
3566 3856 3833 3928 Ἐϐραίων
3862 3856 4021 3926 ἑχόν-

2423 3974 2553 4022 των,
2581 3956 2610 4009 ὁ
2634 3954 2838 4027 Κύριος
2876 3951 3033 4024 ἡμῶν
3073 3954 3166 4005 καὶ
3208 3952 3419 4023 Σωτὴρ,
3474 3949 3663 4022 ὥσπερ
3697 3966 3782 4012 τις
3831 3948 4023 4019 ίατρὸς

2424 4048 2690 4121 ἐπιμελής
2727 4063 2787 4101 τε
2818 4043 3056 4120 [ὁμοῦίδ]
3089 4046 3184 4099 καὶ
3225 4045 3408 4114 σοφὸς,
3460 4043 3599 4115 πρὸς
3639 4041 3739 4115 τὴν
3788 4039 4021 4113 πρώτην

2427 4142 2620 4212 πεῖραν
2650 4139 2750 4192 οὐκ
2786 4137 3032 4202 ἐκδόντος
3070 4137 3164 4191 τοῦ
3204 4137 3432 4200 πάθους,
3477 4135 3635 4188 ἄλλον
3674 4134 3877 4205 τρόπον
3915 4133 4021 4203 τῆς

2429 4226 2724 4300 θεραπείας
2755 4226 3206 4297 μεταχειρίζεται.
3251 4223 3451 4296 Τυφλῷ
3485 4223 3543 4275 δὲ
3574 4222 3824 4292 βούλεται
3858 4219 4023 4292 θερα-

2427 4319 2624 4373 πεῦσαι
2647 4318 2882 4387 τυφλοὺς
2909 4318 3006 4389 τὴν
3031 4317 3290 4382 διάνοιαν,
3319 4315 3377 4379 ὂς
3407 4317 3470 4368 ὲκ
3499 4312 3593 4367 τοῦ
3620 4310 4021 4385 προστυχόντος

2428 4410 2648 4482 εὑρέθη,
2672 4410 2731 4463 οὑ
2754 4408 2904 4482 λώϐῃ
2924 4410 3030 4463 τινὶ
3046 4426 3109 4461 συ
3118 4408 3312 4480 μὸάσει
3334 4407 3523 4462 παθὼν
3552 4409 3651 4479 τὴν
3679 4406 4018 4475 τυφλότητα,

2354 4525 2399 4581 ι)
2430 4501 2567 4557 ἀλλὰ
2588 4501 2888 4571 πταίσματι
2918 4499 3153 4569 φύσεως,
3175 4499 3348 4563 οὓτως
3367 4500 3433 4552 ὲκ
3455 4499 3690 4569 γαστρὸς
3712 4496 4020 4568 παραχθεὶς

2425 4596 2503 4657 εἰς
2531 4592 2622 4647 τὸν
2650 4592 2781 4663 βίον.

2498 4707 2846 4777 Θεασάμενος
2874 4705 2931 4758 δὲ
2957 4704 3046 4758 τὸν
3085 4705 3393 4777 ἄνθρωπον,
3424 4703 3578 4775 ἔστη,
3610 4706 3707 4759 καὶ
3745 4706 3884 4775 πρὸς
3916 4706 4020 4775 τὴν

2434 4799 2730 4871 θεραπείαν
2758 4797 2978 4867 ἕτοιμος
3021 4792 3123 4866 ἦν’
3164 4796 3462 4869 θεραπείαν
3520 4795 3872 4866 ἀνθρωπικοῠ
3929 4796 4021 4848 λό-

2428 4910 2525 4961 γου
2547 4893 2589 4922 “
2610 4890 2702 4944 καὶ
2726 4890 2923 4961 τέχνης
2942 4888 3247 4959 κρείττονα.
3266 4888 3504 4962 Ἰατρικὴ
3528 4887 3654 4960 [μὲν
3673 4886 3740 4960 ¹³]
3765 4886 3894 4958 γὰρ,
3923 4888 4019 4940 καὶ

2430 4987 2460 5036 ὁ
2498 4985 2618 5037 κατ’
2648 4982 2818 5053 αὐτὴν
2857 4981 3033 5049 λόγος,
3070 4979 3355 5033 ὲκείνωνίθ
3391 4980 3500 5033 τῶν
3538 4978 3863 5048 νοσημάτων
3894 4979 4021 5030 ἐπι-

2436 5076 2619 5130 ϐάλλει
2662 5074 2759 5146 τὴν
2807 5073 3060 5145 θεωρίαν,
3094 5073 3195 5127 ὅσα
3240 5073 3338 5142 τῆς
3383 5072 3597 5141 φύσεως
3627 5070 4017 5141 ἀπαρτισάσης

2434 5170 2494 5223 τὸ
2532 5168 2690 5235 ζῶον,
2733 5168 2827 5221 καὶ
2863 5164 3210 5239 προαγούσης
3234 5167 3315 5229 εἰς
3351 5164 3485 5233 φῶς,
3525 5163 3739 5235 χρόνοις
3783 5161 4017 5232 ὕστερον

2434 5260 2574 5313 κατά
2620 5275 2769 5321 τινας
2816 5256 3162 5323 περιστάσεις
3200 5251 3616 5323 ὲπισυμϐαίνει·
3650 5251 3749 5321 τῆς
3794 5250 3852 5302 δὲ
3888 5266 4019 5302 συν»

2434 5352 2716 5422 τεχθείσης
2748 5354 2824 5419 τῷ
2858 5348 3069 5419 σώματι
3112 5345 3311 5416 λώϐης,
3362 5345 3460 5398 οὐκ
3499 5341 3894 5440 ἐπαγγέλλεται
3934 5341 4021 5440 ςέο

2438 5445 2687 5510 ραπείαν.
2722 5442 2794 5495 Οὐ
2831 5440 3010 5512 μέντοι
3039 5454 3102 5505 γε
3126 5436 3245 5489 οὐδὲ
3280 5433 3389 5489 τῶν
3434 5432 3620 5488 παθῶν
3654 5431 3869 5484 πάντων
3903 5431 4018 5484 τῶν

3597 5591 3617 5620 ⁶
3649 5589 3813 5643 Exod.
3841 5604 3923 5649 tu,
3958 5592 4013 5645 4.

3644 5661 3685 5690 η
3716 5658 3872 5711 Ρίιοι.
3921 5660 4019 5713 καὶ

3705 5730 3743 5761 ⁸³
3776 5727 3848 5781 Ex
3884 5728 4017 5800 Seg.

2974 5598 2992 5626 "
3025 5594 3157 5651 Gen.
3193 5609 3348 5654 xvm,
3406 5591 3488 5647 l8.

2967 5667 3002 5697 “
3035 5666 3157 5733 Seg.
3187 5663 3531 5734 βλεπόμενος.

2710 5740 2747 5771 ’κ
2780 5740 2930 5794 i’ltot.
2983 5734 3325 5803 ἀνθρωπίνης
3361 5733 3585 5801 «eis;

2426 5604 2445 5633 ⁸
2476 5601 2662 5655 .‘llalth.
2703 5618 2782 5661 tit,
2817 5600 2868 5652 9.
