4212 6318
156 391 251 446 953

1103 390 1384 447 IIOMILIA
1414 391 1524 447 V11.
1556 390 1620 445 IN
1651 392 1915 448 CJECUM
1946 396 1987 446 A
2029 392 2462 447 NATIVITA'l'E.

3281 387 3389 445 954

158 512 229 571 εἰς
265 510 491 579 ὕστερον
533 510 961 581 συμϐαινόντων.
1004 513 1114 566 Καὶ
1152 513 1340 567 τοῦτου
1383 514 1657 588 μάρτυρες
1686 515 1733 567 oi
1766 553 1775 577 ι

1766 524 1808 584 Α
1841 530 1957 581 nes,
2001 516 2197 584 quibus
2247 514 2757 568 nemo-medicorum
2808 511 3169 567 membrorum
3212 508 3391 576 priva-

157 602 668 672 ὴκρωτηριασμένοι
697 602 806 661 τῶν
848 603 1170 676 ἀνθρώπων,
1205 601 1287 670 οἷς
1332 608 1504 672 οὐδεὶς
1545 608 1729 680 ίατρὸς

156 690 249 759 τὴν
282 689 391 744 τῶν
444 691 627 763 μελῶν
674 693 928 765 στέρησιν
963 695 1348 767 ἐπηνώρθωσε.
1400 698 1601 770 Διόπερ
1638 699 1726 752 καὶ

158 780 205 833 oi.
234 781 472 852 μαθηταὶ
510 782 574 836 τὸ
620 783 790 847 πάθος
828 786 1281 857 κατελεήσαντες,
1320 787 1417 845 καὶ
1442 787 1727 859 βλέποντες

158 870 436 941 ἄνθρωπον
462 873 564 944 τῆς
598 873 890 945 καλλίστης
915 877 1107 949 ήδονῆς
1132 878 1227 936 τοῦ
1250 878 1426 948 φωτὸς
1447 880 1508 933 ob
1535 879 1731 950 γευσά-

163 978 336 1030 μενον,
387 962 487 1035 τὴν
539 964 719 1019 αἰτίαν
769 968 1220 1038 περιεργάζοντες
1264 969 1364 1039 τῆς
1417 969 1728 1035 κακώσεως,

160 1054 519 1110 ἐπυνθάνοντο
536 1058 578 1089 ¹⁷
610 1056 762 1131 παρὰ
796 1058 891 1112 τοῦ
924 1060 1153 1131 Κυρίου,
1183 1063 1245 1120 οὐ
1280 1062 1403 1119 λίαν
1429 1064 1732 1134 ἐπιστημό-

161 1166 281 1212 νως,
308 1147 471 1221 εἴπερ
497 1148 558 1217 ἐξ
581 1149 855 1222 ἁμαρτίας
878 1152 1104 1219 οἰκείας,
1125 1152 1158 1222 ἢ
1180 1153 1268 1206 διὰ
1293 1153 1733 1226 πλημμελήματα

161 1236 261 1289 τῶν
287 1239 512 1307 γονέων,
539 1239 780 1303 τοιοῦτος
820 1243 900 1305 είς
925 1241 1017 1297 τὸν
1046 1240 1160 1311 βίον
1198 1244 1471 1318 παρήχθη.
1512 1245 1735 1302 Ἐκατέ-

165 1326 329 1398 ρωθεν
354 1328 414 1380 δὲ
442 1330 477 1398 ή
524 1329 793 1401 ἐρώτησις
836 1330 949 1401 ἔχει
983 1332 1044 1389 τὸ
1086 1332 1415 1407 ἐπιλήψιμον
1436 1350 1449 1363 ·
1474 1333 1601 1388 οὔτε
1625 1325 1733 1406 γὰρ

163 1419 224 1472 ἂν
250 1420 392 1492 ὑπὲρ
436 1419 548 1474 τῶν
575 1422 827 1494 πατέρων
852 1422 1083 1495 [οὐδενὸς
1120 1424 1195 1480 ὢν
1219 1425 1399 1497 ἔνοχος
1416 1423 1553 1496 ¹⁸·¹⁰]
1600 1442 1732 1479 κατ-

163 1508 429 1579 εγνώσθη,
456 1509 613 1563 ἄλλον
639 1511 778 1581 ὑπὲρ
806 1513 967 1567 ἄλλου
994 1513 1087 1566 τοῦ
1112 1512 1246 1567 Θεοῦ
1270 1514 1345 1585 μὴ
1376 1512 1692 1577 κολάζοντος
1716 1528 1729 1540 ·

161 1602 277 1654 οὔτε
315 1601 423 1672 μὴν
471 1602 617 1656 ἰδίων
648 1603 1131 1675 πλημμελημάτων
1180 1605 1229 1681 [6
1255 1607 1421 1678 μήπω
1460 1605 1734 1677 προελθὼν

162 1695 236 1755 εἰς
274 1691 368 1745 τὸν
397 1694 511 1763 βίον
528 1693 621 1765 “,]
666 1695 893 1756 ἀπέτισε
934 1696 1111 1761 δίκας,
1150 1696 1265 1765 εἴγε
1308 1698 1479 1762 οὕτως
1512 1698 1609 1768 μὲν
1637 1715 1734 1751 τυ-

163 1783 289 1852 φλὸς
332 1786 622 1857 ἐγεννήθη.
674 1787 860 1850 οὐδεὶς
891 1789 999 1858 γὰρ
1030 1790 1354 1863 ἁμαρτωλὸς
1401 1790 1508 1860 πρὸ
1546 1790 1737 1860 γεννή-

165 1890 315 1938 σεως.
364 1876 429 1930 Ἦ
470 1878 569 1948 μὲν
599 1877 789 1942 πτέσις
804 1880 849 1916 ³³
881 1880 941 1932 οὐ
970 1856 1096 1933 λίαν
1134 1856 1388 1950 δόκιμος·
1427 1856 1573 1942 όπως
1611 1880 1666 1933 δὲ
1766 1856 1809 1911 Β

172 1964 448 2036 Ἀλήθεια,
479 1970 508 2020 ό
526 1967 729 2037 Κύριος
748 1970 779 2040 ή
791 1968 927 2038 μῶν,
953 1971 1090 2044 πρὸς
1106 1970 1204 2043 τὴν
1221 1970 1487 2041 ἐρώτησιν
1516 1970 1737 2038 ἀπεκρί-

164 2073 305 2122 νατο,
338 2059 770 2131 καταμάθωμεν.
811 2062 883 2114 Τὸ
911 2062 1019 2134 γὰρ
1058 2062 1228 2125 πάθος
1268 2063 1444 2129 τοῦτο,
1477 2065 1663 2135 φησὶν,
1691 2058 1736 2115 ὧ

168 2149 422 2220 μαθηταὶ,
473 2154 573 2223 οὐχ
620 2154 1034 2225 ἁμαρτημάτων
1076 2157 1225 2209 ἐστὶν
1275 2158 1575 2219 ἀντίδοσις,
1622 2157 1734 2209 ἀλλ’

165 2238 447 2308 έτοιμασία
480 2240 780 2314 μελλούσης
811 2245 1139 2315 οἰκονομίας,
1166 2247 1313 2308 ὅπως
1340 2246 1405 2299 ἂν
1433 2245 1483 2317 [6
1515 2247 1651 2310 τέως
1670 2247 1737 2317 ’⁵³]

167 2328 339 2393 κοινὸς
388 2332 744 2401 νομιζόμενος
793 2335 1099 2407 ἄνθρωπος,
1158 2339 1433 2408 ὲνεργήσῃ
1480 2338 1550 2391 τὰ
1598 2338 1737 2409 ὑπὲρ

169 2420 475 2491 ἄνθρωπον·
514 2424 609 2476 καὶ
639 2426 668 2476 ό
702 2425 928 2497 κτίστης
964 2428 1074 2481 τῶν
1105 2428 1266 2493 ὅλων,
1298 2428 1436 2497 μετὰ
1466 2430 1565 2498 τὴν
1590 2430 1740 2499 πρώ-

167 2526 263 2577 την
294 2511 540 2583 ποίησιν,
568 2513 703 2586 εὕρῃ
735 2515 829 2568 καὶ
856 2515 950 2571 νῦν
972 2518 1066 2571 τοῦ
1090 2517 1443 2590 δημιουργεῖν
1464 2520 1735 2589 ἀφορμάς“

169 2602 229 2652 ἑκ
256 2600 313 2653 δὲ
344 2601 453 2654 τῶν
488 2604 731 2674 μερικῶν
772 2606 863 2660 καὶ
902 2608 969 2661 τὰ
1026 2608 1255 2662 καθόλου
1299 2608 1666 2680 πιστώσηταγ
1713 2611 1742 2664 ὁ

168 2688 222 2739 δὲ
252 2690 486 2763 σκληρὸς
516 2691 641 2756 λαὸς
670 2695 763 2749 καὶ
798 2695 1113 2765 δυσάγωγος
1168 2700 1367 2771 πεισθῇ
1396 2701 1739 2771 προσκυνεῖν,

172 2774 331 2844 ῥίψας
366 2778 496 2840 τοὺς
539 2778 742 2844 λίθους.
786 2783 1217 2856 Φωτισθήτωσαν
1256 2787 1436 2843 τοίνυν
1475 2788 1743 2861 ὀφθαλμοὶ

172 2870 247 2941 μὴ
277 2870 584 2941 βλέποντες,
622 2876 709 2929 ἵνα
731 2878 1061 2952 καταλάμψῃ
1087 2881 1186 2945 τὰς
1211 2882 1389 2954 ψυχὰς
1417 2882 1523 2937 τῶν
1580 2884 1743 2937 ἀσυν-

171 2961 306 3015 έτων
337 2962 488 3035 ὁτῆς
522 2966 868 3039 δικαιοσύνης
891 2970 1062 3040 ἥλιος.
1105 2972 1347 3026 Γενέσθω
1380 2975 1613 3047 πρᾶγμα
1643 2993 1744 3030 πα-

175 3050 412 3120 ράδοξον,
460 3055 557 3108 καὶ
610 3056 987 3128 κτισθήτωσαν
1028 3060 1218 3129 ὄψεις,
1273 3062 1358 3116 ἕνα
1407 3063 1650 3134 μάθωσιν
1694 3067 1743 3118 οἱ

1840 608 2039 665 tionem
2083 605 2326 663 sarcivit.
2367 603 2719 670 Quamobrem
2756 606 2915 657 etiam
2954 599 3228 668 discipuli,
3258 613 3394 651 mor-

1836 697 1961 753 bum
2002 695 2353 758 miserantes,
2404 694 2754 762 videntesque
2792 692 3063 747 hominem
3110 692 3203 759 qui
3256 688 3391 743 lucis

1831 785 2273 858 iucundissimam
2322 784 2646 854 voluptatem
2696 782 2977 851 nequidem
3021 796 3255 852 unquam
3294 795 3393 849 gn-

1832 884 2053 942 stasset,
2081 870 2345 931 curiosius
2370 876 2703 943 inquirentes
2724 887 2978 928 aerumnae
3008 886 3247 937 causam,
3289 870 3394 925 Do-

1833 970 2035 1025 minum
2084 966 2520 1037 interrogabant.
2557 966 2696 1023 haud
2731 966 2868 1021 scite
2923 964 3230 1029 admodum,
3262 979 3389 1018 num

1831 1060 1902 1118 ob
1940 1060 2210 1130 propriam
2248 1060 2482 1127 culpam,
2515 1073 2580 1112 an
2627 1067 2843 1127 propter
2870 1065 3149 1127 parentum
3178 1056 3387 1117 delicta,

1833 1146 1912 1206 sic
1937 1151 2127 1206 alfecto
2153 1165 2377 1219 corpore
2401 1150 2453 1207 in
2485 1150 2657 1204 lucem
2707 1149 2997 1217 productus
3026 1154 3190 1202 esset.
3218 1144 3398 1200 Utrin-
3481 1191 3485 1194 .

1838 1256 1943 1312 que
1977 1248 2156 1297 autem
2196 1240 2530 1311 percontatio
2559 1239 3031 1310 reprehensionem
3066 1235 3228 1290 habet
3257 1252 3270 1287 :
3299 1248 3395 1287 ne-

1837 1350 1941 1404 que
1988 1336 2128 1390 enim
2166 1332 2323 1397 ﬁlius,
2359 1332 2558 1390 nullius
2604 1333 2718 1400 ipse
2745 1345 2889 1394 reus,
2938 1342 3037 1396 pro
3087 1325 3398 1397 parentibus

1839 1424 2157 1494 reprobatus
2184 1435 2366 1480 esset:
2401 1437 2523 1478 cum
2559 1423 2698 1475 Deus
2735 1435 2838 1475 non
2875 1418 3063 1488 puniat
3099 1416 3263 1469 alium
3303 1429 3401 1483 pro

1836 1513 1942 1568 alio
1971 1512 2116 1585 (58):
2152 1527 2323 1581 neque
2351 1527 2477 1567 vero
2503 1525 2721 1566 suorum
2758 1508 2848 1563 ille
2884 1507 3170 1563 criminum
3214 1518 3401 1574 poenas

1840 1606 2013 1671 daret,
2046 1604 2140 1674 qui
2174 1604 2399 1659 necdum
2434 1602 2487 1657 in
2519 1602 2682 1655 vitam
2714 1597 3103 1667 processisset,
3135 1593 3401 1662 siquidem

1839 1696 1911 1751 ita
1941 1711 2115 1751 caecus
2152 1705 2311 1749 natus
2333 1703 2469 1747 erat.
2496 1692 2665 1748 Nemo
2688 1690 2949 1760 siquidem
2977 1688 3207 1742 necdum
3246 1693 3403 1739 natus

1838 1800 2092 1858 peccator
2143 1798 2248 1844 est.
2298 1787 2419 1856 Ipsa
2449 1785 2664 1855 quidem
2694 1782 3049 1851 interrogatio
3079 1779 3219 1833 haud
3252 1778 3405 1831 valde

1838 1879 2057 1949 probata
2099 1886 2202 1932 est.
2242 1875 2529 1931 Videamus
2583 1888 2708 1928 vero
2758 1881 2818 1928 ut
2866 1870 3097 1937 Veritas,
3151 1868 3406 1949 Dominus

1837 1943 2042 2033 noster,
2072 1969 2142 2021 ita
2170 1966 2618 2037 percontantibus
2647 1964 3006 2033 responderit.
3027 1962 3244 2017 Morbus
3276 1943 3403 2023 iste,

1836 2078 1869 2117 ο
1907 2060 2182 2131 discipuli,
2212 2061 2435 2114 minime
2470 2058 2728 2129 gentium,
2755 2063 3096 2126 peccatorum
3128 2053 3407 2107 retributio

1838 2163 1937 2215 est,
1994 2152 2087 2207 sed
2129 2150 2323 2205 futurae
2365 2146 2787 2218 dispensationis
2822 2142 3165 2214 praeparatio,
3205 2154 3313 2210 quo
3340 2140 3406 2202 is,

1843 2245 1932 2314 qui
1964 2242 2268 2300 communis
2313 2241 2538 2297 habetur
2583 2239 2766 2301 homo,
2802 2236 3004 2304 majora
3039 2233 3254 2289 homine
3284 2245 3412 2300 ope-

1842 2342 2230 2402 returzutquc
2283 2332 2658 2386 universorum
2731 2334 2959 2390 auctor,
3012 2331 3132 2393 post
3180 2322 3409 2392 primam

1840 2427 2189 2487 creationem,
2235 2437 2375 2476 nunc
2415 2434 2632 2489 quoque
2667 2416 2871 2486 Opiﬁcii
2912 2421 3230 2484 argumenta
3265 2411 3413 2464 inve-

1843 2517 1997 2579 niat,
2085 2524 2245 2582 atque
2308 2526 2373 2568 ex
2429 2508 2850 2580 particularibus
2922 2504 3187 2559 universis
3252 2503 3409 2555 ﬁdem

1844 2614 2074 2669 astruat,
2132 2618 2195 2659 ac
2223 2602 2457 2670 denique
2487 2601 2654 2655 durus
2700 2597 2926 2669 pepuius
2956 2590 3417 2658 intractabilisqne

1843 2697 2070 2753 adorare
2124 2694 2510 2763 persuadeatur
2558 2690 2786 2759 abjectis
2848 2685 3138 2755 lapidibus.
3208 2680 3417 2733 lllmni-

1845 2795 2041 2841 nentur
2070 2800 2196 2854 ergo
2220 2783 2359 2840 oculi
2392 2797 2500 2838 non
2532 2781 2801 2845 videntes,
2842 2786 2902 2832 ut
2941 2774 3165 2844 iustitia:
3191 2772 3270 2827 sol
3299 2769 3417 2822 ani-

1844 2891 1961 2930 mos
1991 2874 2355 2943 insipientium
2388 2872 2632 2926 illustret.
2665 2868 2784 2924 Fiat
2814 2883 2897 2923 res
2934 2882 3091 2931 nova,
3143 2878 3208 2917 ac
3229 2875 3416 2917 creen-

1846 2981 1933 3022 tur
1989 2967 2164 3032 oculi,
2197 2980 2306 3037 quo
2333 2965 2579 3019 noverint
2636 2962 2873 3017 seditiosi
2916 2969 2976 3014 ut
3025 2973 3183 3027 quem
3233 2956 3418 3009 dicunt

1848 3058 2061 3127 Josephi
2092 3056 2343 3121 ﬁlium,si
2365 3068 2491 3109 vere
2525 3051 2820 3107 iabriiilius
2837 3060 2998 3115 esset,
3025 3045 3415 3119 potuissetqni-

173 3142 574 3242 στασιάζοντες,
603 3146 679 3210 ὡς
710 3146 738 3197 6
766 3147 1054 3219 λεγόμενος
1090 3149 1201 3214 υίὸς
1229 3151 1322 3204 τοῦ
1362 3152 1578 3224 Ἰωσὴφ,
1605 3156 1651 3207 εί
1678 3150 1746 3225 ἦν
1773 3211 1775 3223 η

1773 3185 1818 3242 c
1851 3152 1971 3206 dem
2017 3148 2349 3203 confractum
2383 3159 2602 3201 currum
2650 3142 2897 3206 reﬁcere,
2929 3150 3024 3195 aut
3059 3139 3199 3208 ligna
3235 3153 3262 3189 a
3288 3137 3415 3205 jun-

173 3230 386 3301 άληθῶς
418 3233 673 3299 τέκτονος
713 3238 850 3301 υἱὸς,
898 3238 1084 3310 δίφρον
1120 3240 1222 3311 μὲν
1262 3220 1775 3315 ἐδύνατο-διαρραοη

1774 3220 1818 3245 ν
1854 3254 2005 3298 ctura
2035 3239 2298 3309 disiuncta
2343 3250 2651 3299 conserere,
2699 3249 2793 3289 seu
2835 3233 2999 3289 etiam
3041 3230 3267 3285 fractam
3309 3237 3420 3279 tra-

172 3322 338 3388 γέντα
358 3324 715 3395 ἐπανορθοῦν,
750 3327 782 3395 ἢ
819 3326 889 3380 τὰ
917 3327 1049 3392 ξύλα
1072 3329 1325 3398 συνάγειν
1358 3332 1456 3402 τῆς
1486 3332 1750 3403 ἁρμονίας

173 3412 604 3485 ἀποζευχθέντα,
643 3417 678 3487 ἢ
722 3416 818 3487 τὴν
861 3419 1184 3474 κλασθιζσαν
1226 3421 1530 3492 ὑπερείδειν
1572 3423 1747 3488 δοκὸν,

176 3502 231 3575 [ή
261 3504 491 3561 λεαίνειν
516 3510 578 3559 τὸ
605 3509 779 3577 τραχὺ
802 3508 909 3562 τῶν
932 3510 1183 3573 σανίδων,
1210 3510 1244 3582 ἦ
1276 3514 1446 3566 ποιεῖν
1467 3514 1584 3568 ὅλον
1612 3515 1750 3567 ἐκεῖ·

174 3610 261 3660 να,
282 3594 321 3647 ἃ
336 3596 682 3668 χειροτέχνης
704 3600 883 3670 πατὴρ
907 3600 1044 3653 κατά
1068 3601 1160 3655 τὸν
1182 3603 1341 3671 λόγον
1361 3603 1453 3656 τοῦ
1475 3604 1753 3675 ἐπιτηδεύ-

179 3702 345 3754 ματος
385 3685 629 3741 διδάσκει
672 3688 764 3742 τδν
835 3690 1081 3762 παῖδαυ]
1127 3692 1416 3764 ἀνθρώπου
1455 3694 1513 3747 δὲ
1563 3696 1750 3766 μέρος,

177 3776 270 3828 καὶ
308 3777 472 3847 μέρος
507 3779 568 3831 τὸ
619 3780 906 3834 κάλλιστον
952 3780 1044 3836 τὸν
1077 3783 1375 3855 ὀφθαλμὸν,
1414 3788 1479 3839 τὸ
1520 3786 1752 3857 μάλιστα

177 3869 328 3935 παρὰ
363 3870 461 3939 τῆς
506 3870 722 3937 φύσεως
762 3874 1067 3941 φιλοπόνως
1092 3875 1609 3948 δημιουργούμενον,
1654 3880 1752 3931 οὐκ

177 3961 242 4013 ἂν
269 3960 527 4032 εποίησεν
554 3961 732 4028 ἄλλος,
761 3969 811 4017 εί
845 3965 988 4036 μήγε
1014 3967 1044 4018 6
1075 3970 1172 4037 τῆς
1204 3968 1424 4039 πρώτης
1460 3969 1634 4041 ἀρχῆς
1656 3972 1751 4041 τῆς

177 4049 319 4102 κατὰ
340 4049 554 4119 φύσεως
586 4050 726 4122 ἔχων
754 4053 855 4125 τὴν
887 4055 1152 4118 ἐξουσίαν.

246 4140 365 4193 Κάν
392 4157 478 4203 τις
504 4140 723 4210 θελήσει
752 4143 1034 4213 προσεχῶς
1056 4147 1167 4209 τοῖς
1202 4146 1566 4217 ἀνθρωπικοῖς
1599 4148 1754 4219 μέλε-

180 4248 268 4283 σιν.
291 4233 586 4303 ἐπιστῆσαι
620 4232 711 4286 τὸν
740 4233 888 4299 νοῦν,
915 4237 973 4288 ὲν
1001 4236 1175 4308 τούτῳ
1200 4237 1263 4310 δὴ
1296 4238 1524 4309 μάλιστα
1556 4238 1634 4309 τῷ
1666 4257 1754 4308 μο-

181 4321 281 4392 ρίῳ
324 4323 417 4376 τοῦ
451 4323 724 4393 σώματος,
766 4325 864 4396 τήν
906 4327 1334 4398 παντοδύναμον,
1368 4330 1463 4383 καὶ
1505 4330 1754 4400 ποικίλην

178 4412 271 4465 τοῦ
307 4413 443 4468 Θεοῦ
473 4415 667 4484 σοφίαν
696 4415 1007 4485 κατόψεται,
1034 4420 1092 4470 ὲν
1126 4421 1298 4491 μικρᾷ
1330 4422 1517 4490 μορίου
1540 4421 1633 4474 καὶ
1662 4422 1755 4488 μὲ-

1851 3333 1974 3388 hem
2022 3332 2232 3396 fulcire,
2267 3329 2351 3383 vel
2391 3329 2517 3382 item
2560 3339 2781 3395 asperos
2816 3336 3025 3378 asseres
3052 3320 3417 3386 cornplnnare,

1854 3432 1944 3477 aut
1986 3422 2205 3480 outnino
2253 3417 2341 3473 illa
2404 3425 2663 3485 prmstare
2708 3428 2829 3482 quae
2876 3422 3028 3481 pater
3083 3408 3276 3463 artifex
3322 3420 3419 3475 pro

1853 3514 1986 3569 artis
2031 3514 2236 3568 ratione
2283 3525 2345 3564 ac
2396 3495 2626 3564 instituti
2679 3505 2845 3559 lilium
2891 3505 3109 3567 doceat;
3152 3510 3207 3553 ut
3239 3509 3417 3553 tamen

1854 3612 2064 3675 partem
2120 3601 2396 3664 hominis,
2451 3612 2677 3667 eamque
2740 3593 3179 3665 pulcherrimam,
3231 3601 3423 3655 nempe

1855 3694 2095 3757 oculum,
2143 3692 2223 3744 sic
2266 3689 2501 3744 maxime
2547 3702 2577 3741 a
2627 3694 2818 3739 natura
2875 3684 3228 3744 elaboratum,
3262 3693 3422 3732 nemo

1855 3787 1993 3840 alius
2030 3799 2193 3854 quam
2240 3785 2329 3852 qui
2359 3798 2388 3835 a
2416 3778 2680 3849 principio
2709 3779 2760 3833 in
2818 3784 3061 3831 naturam
3098 3782 3418 3843 potestatem

1867 3877 2050 3933 habet.
2073 3874 2305 3930 condere
2336 3871 2589 3941 potuerit.

1928 4145 2092 4207 Sane,
2126 4150 2187 4195 ut
2214 4139 2336 4209 quis
2368 4145 2573 4191 attente
2602 4133 2851 4189 humanis
2882 4131 3141 4186 membris
3183 4130 3419 4183 animum

1858 4234 2092 4300 adjicere
2123 4231 2271 4290 velit,
2317 4230 2369 4284 in
2405 4230 2505 4281 hac
2552 4225 2784 4281 maxime
2810 4234 2960 4291 parte
2991 4221 3254 4289 corporis.
3304 4235 3424 4273 om-

1858 4330 2189 4397 nipotentem
2225 4337 2291 4377 ac
2326 4321 2530 4376 variam
2565 4317 2660 4373 Dei
2688 4316 3005 4386 sapientiam
3036 4353 3050 4379 ,
3088 4324 3290 4367 tantam
3332 4325 3422 4364 ar-

1860 4424 1929 4477 tis
1969 4415 2429 4489 magniﬁcentiam
2460 4413 2511 4466 in
2545 4410 2749 4465 tantillo
2779 4408 3001 4463 membri
3034 4407 3234 4461 ambitu
3273 4404 3425 4459 exhio

179 4501 304 4568 λους
334 4507 652 4577 περιγραφῇ
682 4505 949 4578 τοσαύτην
977 4509 1382 4581 ἐπιδειξαμένου
1424 4513 1521 4583 τὴν
1564 4512 1753 4581 φιλοτιο

1791 4514 1830 4567 D
1873 4511 2078 4573 bentis,
2134 4505 2486 4577 perspexerit.
2540 4502 2673 4555 Nam
2718 4502 2892 4569 primo
2931 4499 3145 4567 quidem
3200 4496 3424 4550 aﬁ'usam

183 4597 319 4664 μίαν
345 4596 448 4668 τῆς
480 4600 697 4669 τέχνης.
727 4599 950 4672 Πρῶτον
994 4601 1091 4672 μὲν
1136 4602 1245 4673 γὰρ
1285 4604 1433 4674 αὑτῷ
1476 4605 1631 4675 χάρις
1668 4622 1750 4669 τις

180 4688 538 4760 ὲπικέχυται·
586 4694 679 4744 καὶ
721 4690 866 4745 ἐστιν
903 4694 1257 4759 armeme;
1287 4712 1345 4748 τε
1372 4698 1462 4749 καὶ
1491 4696 1750 4766 ἄσαρκος,

254 4804 300 4875 :7
329 4803 453 4870 393°
492 4802 914 4875 περιεργάζοντο
936 4824 986 4863 τ,
1023 4827 1077 4862 κ.
1125 4810 1211 4864 καὶ
1241 4809 1616 4863 ἐπυνθάνοντο.
1698 4808 1775 4840 ¹⁸ο¹

1766 4806 1809 4844 ⁸ο
1843 4805 1915 4859 Ex
1954 4805 2107 4859 Phot.
2184 4802 2225 4833 "
2253 4798 2328 4853 Ex
2363 4796 2513 4851 Phat.

184 4875 229 4917 I“
252 4872 335 4927 E1
355 4874 471 4940 Seg.

254 4988 373 5058 (58)
397 4988 528 5046 Cum
570 4989 709 5043 Deus
738 5007 839 5045 non
867 4991 1051 5059 puniet
1095 4990 1261 5043 alium
1301 5007 1396 5059 pro
1419 4992 1543 5041 alio.
1572 4991 1646 5043 Ita
1682 4992 1761 5037 vi-

186 5059 348 5113 detur
385 5058 527 5129 tradi
552 5059 750 5113 Ezecb.
783 5075 939 5116 XVIIL
973 5058 1147 5113 Filius
1189 5077 1290 5112 non
1320 5061 1545 5127 portabit
1572 5060 1760 5129 iniqui-

187 5136 351 5179 tatem

186 5196 257 5249 sit
291 5194 422 5249 illud
469 5194 627 5249 Deut.
691 5213 725 5250 ν
765 5216 778 5251 :
827 5197 936 5261 Ego
967 5197 1220 5251 Dominus
1255 5196 1395 5250 Deus
1445 5208 1587 5259 tuus,

185 5264 488 5343 famularer,
520 5266 739 5319 reddens
778 5269 1106 5343 iniquitatem
1157 5276 1368 5335 patrum
1412 5268 1764 5343 super__ﬁ!ios,

187 5336 244 5411 in
277 5336 488 5411 tertiani
519 5344 567 5386 et
595 5345 847 5411 quartam
866 5336 1252 5411 generationem
1269 5351 1383 5411 εξιςῑ⁸
1418 5350 1548 5390 sane
1576 5336 1760 5405 liquet,

188 5404 264 5480 ita
287 5404 631 5483 ﬂuandoque
674 5404 1062 5483 pnn_i_ri_'ﬁlios,
1093 5422 1155 5460 ac
1186 5405 1241 5483 in
1292 5404 1416 5460 ﬁliis
1477 5404 1763 5483 parentes;

188 5474 242 5524 in
286 5474 358 5526 iis
402 5483 589 5544 tamen
610 5487 731 5542 quae
777 5474 963 5527 iisdem
1012 5477 1325 5544 parentibus
1363 5485 1578 5542 accepta
1626 5476 1763 5529 refe-

190 5550 343 5619 runt,
372 5543 447 5619 uti
467 5542 801 5619 distinguunt
824 5545 991 5619 nostri
1014 5542 1278 5613 theologi.
1308 5545 1578 5619 Quocirca
1593 5546 1760 5619 possit

188 5611 582 5687 discipulorum
616 5612 960 5687 interrogatio
991 5628 1081 5687 _ea_
1107 5611 1259 5687 parte
1301 5631 1403 5668 non
1438 5611 1657 5669 omnino
1689 5614 1764 5665 ri-

190 5681 307 5755 deri
345 5683 572 5757 absona,
603 5684 815 5757 tametsi
841 5683 1425 5757 nonnihilimprudens
1450 5699 1512 5738 ac
1536 5694 1765 5738 temera-

192 5753 270 5803 ria
308 5766 322 5800 :
355 5753 531 5818 potius
568 5756 733 5818 enim,
759 5766 879 5807 cum
933 5753 1065 5809 nihil
1098 5754 1325 5825 liqueret
1373 5757 1438 5810 de
1488 5764 1764 5820 parentum

387 5127 575 5195 patris,
605 5137 713 5183 etc.
751 5129 846 5182 Cui
882 5139 1055 5183 tamen
1084 5132 1417 5182 contrarium
1449 5130 1614 5183 videri
1642 5127 1765 5195 pos-

1863 4603 2029 4659 habet
2078 4598 2367 4667 quamdam
2416 4594 2666 4665 gratiam,
2702 4602 2891 4660 estque
2944 4590 3290 4652 tenerrimus,
3360 4602 3426 4641 ac

1862 4705 2027 4745 carne
2058 4702 2275 4742 vacans,
2334 4695 2391 4737 ut
2417 4686 2486 4737 ita
2534 4682 2728 4740 dicam.
2773 4683 2824 4736 in
2850 4681 3075 4736 delicata
3123 4676 3423 4734 substantia

3131 4791 3176 4825 ’³
3196 4790 3269 4846 Ex
3297 4791 3420 4860 Seg.

2616 4798 2658 4828 "
2688 4795 2809 4867 Seg.
2844 4792 3053 4855 πεῦσις.

1861 5001 2016 5050 noxa,
2055 4995 2263 5041 natura:
2290 4984 2339 5038 id
2373 4984 2556 5038 vitium
2603 4984 2653 5035 in
2702 4982 2795 5036 Dei
2837 4980 3223 5051 providentiam
3268 4979 3422 5033 redu-

1861 5058 2091 5111 cendum
2137 5065 2272 5119 orat,
2303 5054 2393 5124 qui
2439 5054 2520 5108 vel
2556 5064 2824 5121 parentes,
2862 5054 2945 5106 vel
2979 5052 3166 5124 ipsum_
3200 5064 3421 5124 caecum,

1865 5138 1941 5178 uti
1980 5131 2091 5179 t‘ere
2138 5119 2647 5190 iustos-consuevit.
2688 5136 2751 5176 eo
2785 5128 3064 5175 exerceret
3103 5121 3167 5177 ad
3213 5119 3417 5187 patien-

1678 5214 1767 5251 eus
1867 5197 2018 5248 tiam.
2051 5195 2295 5247 Ezechiel
2338 5194 2403 5246 ad
2442 5193 2650 5247 adultos
2688 5196 2941 5260 loquitur,
2982 5204 3117 5260 quos
3152 5198 3423 5260 provocat,

1874 5266 1948 5317 uti
1998 5264 2097 5332 ipsi
2124 5264 2373 5317 virtutem
2418 5272 2707 5325 sectentur,
2741 5258 2867 5315 suas
2892 5260 2989 5332 ipsi
3022 5258 3281 5332 salvaturi
3311 5260 3425 5309 ani-

1874 5327 2297 5402 mnsfquidquid
2330 5341 2505 5401 patres
2540 5332 2894 5401 peccaverint.
2926 5328 3031 5402 Pro
3058 5339 3207 5402 parte
3235 5327 3424 5402 altera,

1873 5413 1926 5456 ut
1960 5398 2071 5461 iani
2101 5398 2211 5456 tum
2246 5398 2381 5457 Deus
2413 5416 2507 5471 pro
2541 5398 2779 5470 peccatis
2810 5399 3111 5454 commissis
3169 5398 3425 5471 punierit,

1871 5488 2110 5526 errorem
2136 5476 2329 5535 habet;
2357 5468 2425 5525 ac'
2453 5468 2553 5525 nec
2579 5481 2734 5525 vacat
2773 5471 2897 5523 item
2936 5482 3121 5522 errore
3171 5477 3226 5520 ut
3250 5468 3430 5534 punie-

1872 5543 1943 5596 rit
1990 5557 2084 5610 pro
2134 5541 2200 5595 iis
2261 5554 2380 5609 qua:
2430 5542 2763 5610 postmodum
2830 5546 2897 5592 ab
2942 5551 3006 5591 eo
3046 5536 3426 5610 committenda

1872 5605 2465 5680 prazvideritzalteruiii
2516 5609 2977 5680 Origeiiiattorurn,
3013 5607 3236 5661 alterum
3286 5605 3431 5660 Pela-

1875 5676 2156 5749 gianorum
2194 5680 2523 5746 postmodum
2562 5676 2711 5733 error
2742 5676 2861 5744 fuit,
2894 5693 2923 5733 a
2958 5692 3065 5749 quo
3106 5687 3335 5747 utroque
3374 5691 3433 5731 se

1876 5751 2116 5806 Asterius
2150 5750 2533 5806 alienissimum
2570 5752 2819 5805 ostendit.
