4212 6318
758 341 862 396 255

2036 339 2092 393 S.
2133 337 2409 394 ASTERII
2446 338 2745 395 AMASENI

3907 341 4021 399 256

760 467 1012 521 duritiem
1065 458 1284 529 habens,
1331 466 1493 534 inque
1523 464 1667 519 molli
1712 464 2113 519 contentionem
2142 479 2333 533 quam-

2446 464 2509 527 ὥς
2532 464 2598 519 ἂν
2624 465 2751 536 εἴπῃ
2776 481 2881 533 τις,
2914 465 2971 517 ἐν
2994 463 3070 533 τῷ
3095 460 3347 535 τρυφερῷ
3381 461 3443 513 τὸ
3479 458 3698 530 στερεὸν
3725 458 3881 530 ἔχων,
3920 460 4020 513 καὶ

759 556 907 621 dam,
946 571 1009 610 ac
1031 556 1196 609 variis
1228 556 1500 611 coloribus
1538 556 1797 610 illustrius
1844 553 2162 609 interliorct.
2208 555 2335 624 Ejus

759 647 943 716 itaque
976 645 1330 700 meditullium
1357 647 1495 715 nigri
1524 646 1937 702 delineationem
1970 644 2151 709 habet,
2197 660 2337 700 eam-

760 750 867 804 que
909 750 1018 788 non
1050 736 1290 803 ejusdem
1318 751 1416 805 per
1442 746 1608 790 totum
1642 736 1889 803 rationis,
1912 736 2007 791 sed
2036 737 2201 791 variis
2226 737 2338 807 qui-

760 826 985 880 husdam
1047 826 1266 881 circulis
1325 828 1711 890 commissam;
1763 836 1949 883 centro
2002 827 2217 896 quidem
2274 841 2337 882 ac

760 917 1059 972 meditullio
1124 920 1391 988 nigriori;
1451 919 1711 974 exteriori
1761 929 1937 973 autem
1988 917 2333 974 circumﬂexu

758 1005 1014 1073 paulatim
1067 1008 1120 1062 in
1172 1008 1445 1063 ﬂaviorcm
1493 1009 1771 1063 desinente
1838 1010 2146 1064 tincturam.
2200 1009 2332 1064 Eam

760 1095 891 1151 furis
930 1088 1101 1153 munit
1125 1100 1327 1164 album,
1355 1100 1691 1169 splendidum
1724 1100 1853 1155 illud
1884 1115 1946 1155 ac
1968 1101 2331 1171 pellucidum;

758 1190 901 1245 haud
958 1201 1136 1248 tamen
1190 1204 1399 1247 summe
1437 1208 1502 1247 ac
1544 1194 1689 1249 nulla
1733 1195 2117 1263 temperatione
2146 1195 2334 1250 candi-

757 1281 907 1348 dum,
964 1284 1059 1338 sed
1107 1284 1279 1339 vitrea
1327 1285 1561 1354 quadam
1599 1302 1661 1339 ac
1709 1286 1969 1354 pellucida
2007 1286 2186 1355 specie
2220 1286 2333 1340 for-

756 1381 984 1427 matum.
1015 1372 1235 1431 Rubeus
1263 1373 1412 1430 color
1437 1375 1579 1429 circa
1614 1375 1868 1444 pupillam
1906 1374 2107 1430 affusus
2138 1384 2242 1439 est,
2276 1385 2335 1431 ut

757 1462 881 1518 albo
914 1478 977 1519 ac
1007 1465 1159 1535 nigro
1176 1477 1547 1537 contemperet
1591 1468 1841 1538 gratiam.
1892 1467 1973 1522 Ad
2002 1467 2119 1523 haec
2153 1476 2334 1522 autem

756 1554 836 1607 sic
878 1547 954 1608 in'
978 1556 1145 1610 denso
1194 1557 1493 1626 pellucidus
1522 1569 1607 1613 est
1640 1568 1801 1627 atque
1833 1558 1992 1625 levis,
2037 1567 2170 1613 utet
2210 1573 2335 1628 pro-

757 1646 879 1713 pius
938 1648 1309 1703 accedentium
1350 1648 1552 1705 formas
1587 1650 1875 1717 exprimat,
1908 1664 1971 1703 ac
1996 1649 2144 1704 velut
2172 1664 2335 1719 egre-

755 1735 901 1803 gium
942 1738 1241 1805 speculum,
1285 1753 1471 1792 eorum
1521 1738 1839 1808 quibuscum
1887 1752 2194 1792 sermonem
2232 1738 2336 1791 mi-

754 1802 1010 1890 scemus,
1067 1828 1267 1896 ﬁguras
1322 1802 1669 1897 repraesentet
1711 1845 1724 1879 :
1768 1826 2114 1896 quamobrem
2163 1826 2329 1881 etiam
2361 1802 2405 1857 Β

755 1914 873 1982 ejus
909 1915 1094 1969 circuli
1142 1931 1355 1971 summe
1408 1918 1643 1971 medium
1693 1927 1937 1971 centrum
1974 1914 2172 1985 pupilla
2229 1929 2329 1984 ap-

756 2005 1013 2074 pellatum
1046 2006 1167 2075 fuit,
1203 2011 1493 2063 humanam
1528 2023 1745 2079 semper
1771 2008 2032 2065 exhibens
2067 2007 2329 2078 speciem,

756 2107 815 2151 ut
857 2099 978 2166 quis
1025 2114 1055 2153 e
1102 2101 1321 2171 regione
1360 2102 1652 2171 aSpexerit.
1690 2099 1761 2156 Ut
1804 2100 1949 2155 enim
1988 2100 2179 2169 nequit
2210 2097 2329 2154 ﬁeri

754 2200 814 2244 ut
871 2192 993 2260 quis
1031 2202 1316 2261 aspectans
1365 2195 1418 2247 in
1465 2193 1737 2262 speculum
1784 2208 1889 2247 non
1946 2191 2130 2247 statim
2176 2206 2329 2248 suam

755 2282 810 2335 in
876 2285 1099 2339 materia
1173 2284 1397 2364 figuram
1468 2285 1800 2350 adumbret;
1893 2284 1974 2338 sic
2036 2299 2209 2353 neque
2274 2290 2326 2337 ut

754 2374 876 2442 quis
938 2376 1164 2427 adverso
1211 2374 1358 2427 vultu
1410 2373 1564 2428 alteri
1620 2374 1947 2441 consistens,
2005 2389 2111 2429 non
2173 2388 2328 2428 suam

756 2464 983 2518 formam
1031 2466 1189 2521 oculo
1231 2466 1508 2535 appingat.
1560 2465 1693 2521 Sese
1740 2480 1867 2535 ergo
1933 2466 2180 2521 homines
2241 2466 2327 2519 in-

760 2554 927 2609 vicem
966 2555 1289 2625 aspicientes
1324 2556 1425 2613 sibi
1486 2565 1669 2612 mutuo
1714 2554 1928 2626 specula
1960 2553 2287 2610 etiiciuntur.

830 2730 1031 2801 Dignus
1074 2733 1255 2801 itaque
1287 2733 1341 2787 in
1378 2735 1575 2788 creatis
1625 2733 1987 2790 admiratione
2022 2734 2233 2790 oculus.
2286 2734 2336 2790 is

758 2823 902 2877 enim
934 2823 1099 2877 Deum
1136 2840 1351 2895 quoque
1396 2826 1526 2884 mihi
1567 2826 1809 2896 exponit,
1843 2826 1933 2895 qui
1974 2835 2143 2880 totam
2173 2841 2335 2881 accu-

760 2927 875 2969 rate
912 2926 1218 2971 creaturam
1256 2917 1547 2987 perdiscat,
1592 2932 1769 2988 exque
1800 2918 2120 2987 operatione
2163 2917 2337 2972 artiﬁ-

762 3022 880 3061 cem
926 3010 1199 3065 ostendat.
1235 3008 1354 3074 llic,
1388 3026 1455 3064 ex
1494 3010 1559 3064 iis
1599 3025 1718 3080 qua:
1749 3009 1976 3065 visibilis
2010 3019 2156 3074 sunt,
2192 3008 2336 3064 invi-

763 3100 939 3154 sibilia
981 3102 1174 3156 animze
1207 3102 1463 3171 explicat.
1508 3100 1614 3157 Per
1645 3117 1768 3156 eum
1823 3101 1955 3157 solis
1988 3102 2163 3157 habeo
2193 3101 2331 3156 notio

765 3192 927 3258 tiam,
967 3206 1030 3248 ac
1076 3192 1200 3247 caeli
1237 3202 1484 3247 ornatum
1535 3192 1696 3258 novi,
1732 3192 2010 3261 lustroque
2058 3191 2338 3246 stellarum

762 3284 1243 3353 pulchritudinem,
1278 3294 1331 3339 et
1366 3295 1523 3340 teme
1557 3286 1755 3353 basim,
1782 3300 1846 3339 ac
1872 3285 2039 3339 maris
2066 3293 2340 3347 naturam,

771 3374 988 3431 diversa
1016 3377 1222 3431 semina
1255 3376 1620 3448 arborumque
1647 3378 1989 3443 varietatem,
2012 3391 2075 3431 ac
2099 3375 2343 3431 colorum

769 3465 976 3519 variam
1026 3466 1342 3535 tincturam,
1388 3468 1736 3523 tenebrarum
1779 3468 1993 3523 tristem
2025 3465 2248 3531 faciem,
2281 3481 2345 3523 ac

765 3558 904 3614 lucis
952 3558 1292 3628 splendorem
1323 3602 1339 3627 ,
1371 3561 1553 3615 omnia
1601 3560 1837 3632 denique
1874 3560 1920 3616 si
1970 3576 2075 3631 qua
2108 3558 2347 3615 laudavit

769 3649 914 3705 Deus
963 3651 1211 3706 conditor
1258 3652 1329 3707 ³⁸.
1368 3653 1544 3722 Atque
1601 3654 1773 3719 adeo,
1803 3652 1910 3709 nisi
1958 3660 2105 3709 esset
2134 3651 2344 3717 oculus,

770 3749 1081 3795 creatorunt
1134 3744 1461 3800 universitas
1510 3743 1627 3801 sine
1683 3752 1821 3800 teste
1868 3746 2169 3809 senuisset,
2225 3760 2346 3798 cum

772 3832 950 3888 nullus
976 3833 1067 3901 Dei
1094 3836 1413 3905 sapientiam
1442 3850 1505 3891 ac
1526 3837 1805 3902 virtutem,
1835 3851 1955 3907 quae
1983 3836 2035 3891 in
2059 3850 2121 3890 ea
2148 3836 2343 3899 elucet,

773 3937 1089 3996 aspecturus
1120 3936 1283 3983 esset.

844 4016 926 4071 0b
958 4033 1076 4073 eam
1116 4034 1244 4091 ergo
1277 4020 1580 4075 mirabilem
1624 4028 1772 4076 visus
1806 4030 2161 4084 structuram,
2208 4036 2352 4075 nunc

772 4123 993 4180 quoque
1041 4110 1181 4165 oculi
1228 4126 1325 4167 ceu
1363 4121 1787 4182 extemporanea
1834 4112 2116 4168 molitione
2151 4112 2351 4168 conditi

776 4206 921 4263 sunt,
965 4213 1071 4266 quo
1106 4200 1425 4270 abjectiores
1460 4201 1524 4255 de
1559 4200 1855 4272 Unigenito
1900 4202 2255 4273 cogitationes
2288 4216 2353 4255 es

776 4290 959 4345 carnis
982 4289 1137 4344 uobis
1159 4292 1465 4346 humilitate
1492 4294 1874 4360 ascendentes,
1899 4295 2351 4351 submoveamus:

778 4398 847 4436 ex
897 4392 1173 4453 gestorum
1227 4383 1628 4455 magniﬁcentia
1679 4395 1961 4454 angustam
2005 4400 2217 4439 omnem
2261 4386 2357 4439 al»

2441 558 2499 609 ἐν
2522 556 2600 627 τῷ
2633 556 2859 627 μαλακῷ
2886 556 2948 607 τὸ
2996 554 3381 624 διατεταμένον
3401 571 3413 582 ·
3463 554 3555 605 καὶ
3584 552 3852 615 ποικίλαις
3872 553 4023 623 διήν-

2440 648 2618 701 θισται
2644 652 2762 711 ταῖς
2793 648 2999 719 χρόαις.
3045 647 3119 699 Τὸ
3149 645 3276 715 γοῦν
3307 645 3468 715 μέσον
3509 642 3674 696 αὐτοῦ
3737 644 3835 714 τὴν
3865 659 4019 712 περι·

2439 738 2654 810 γραφὴν
2701 738 2813 809 ἔχει
2858 739 2951 793 τοῦ
3004 740 3227 811 μέλανος
3252 756 3266 771 ·
3302 739 3395 791 καὶ
3434 738 3655 808 ταύτην,
3692 737 3753 790 ού
3794 737 3861 789 δι’
3888 736 4016 789 ὅλου

2442 829 2709 898 μονοειδῆ,
2744 829 2883 882 ἀλλά
2922 831 3189 893 ποικίλοις
3217 831 3327 883 τισὶ
3348 828 3566 892 κύκλοις
3588 827 3981 897 συνδεδεμένην
3999 841 4015 857 ·

2436 920 2529 973 τοῦ
2550 921 2776 993 κέντρου
2804 922 2900 991 μὲν
2928 922 3091 976 αὑτοῦ
3129 924 3221 976 καὶ
3274 921 3437 992 μέσου
3479 920 3538 973 τὸ
3575 920 3866 991 βαθύτερον
3894 918 4018 989 [καὶ

2442 1015 2767 1087 μελάντερον
2786 1016 2854 1089 ¹⁸]
2892 1017 3108 1087 ἔχοντος
3126 1035 3138 1047 ·
3172 1019 3271 1087 τῆς
3306 1016 3363 1068 δέ
3389 1014 3638 1086 ἐξωτέρω
3661 1012 4017 1085 περιφερείας

2436 1105 2573 1174 πρὸς
2614 1105 2713 1177 τὴν
2755 1105 3084 1177 ξανθοτέραν
3116 1106 3258 1158 κατὰ
3294 1106 3456 1177 μέρος
3500 1104 3878 1173 ἀποληγούσης
3918 1103 4020 1172 βα-

2437 1194 2564 1265 φήν.
2581 1195 2795 1265 Ταύτης
2810 1194 3007 1260 ἔξωθεν
3028 1196 3088 1249 τὸ
3108 1195 3298 1249 λευκὸν
3328 1194 3737 1267 περιὸέὸληται,
3764 1192 4017 1247 στιλπνὸν

2438 1285 2533 1339 καὶ
2572 1286 2812 1356 διαυγὲς,
2836 1286 2936 1339 οὐκ
2982 1287 3277 1356 ἀκρότατον
3296 1286 3340 1317 ¹⁹
3369 1287 3491 1355 ἔχον
3534 1285 3632 1355 τὴν
3666 1285 3971 1354 λευκότητα
4000 1299 4017 1315 ·

2436 1375 2553 1428 ἀλλ’
2584 1376 2642 1429 ἐν
2668 1377 3104 1447 κρυσταλλοειδεῖ
3130 1395 3236 1431 τινι
3278 1379 3371 1431 καὶ
3399 1376 3763 1448 διαυγαζούσῃ
3789 1393 4019 1444 πεποιη-

2438 1466 2599 1538 μένον
2644 1469 2708 1537 τῇ
2755 1471 2957 1539 μορφῇ.
2993 1468 3068 1521 Τὸ
3098 1468 3327 1540 ἐρυθρὸν
3363 1471 3539 1522 κεῖται
3583 1467 3710 1539 περὶ
3744 1468 3844 1539 τὴν
3882 1466 4020 1537 κρή-

2436 1573 2533 1627 νην
2548 1557 2615 1623 ⁸ο,
2644 1557 2729 1610 ἴνα
2747 1558 2825 1629 τῷ
2845 1557 3024 1629 λευκῷ
3044 1558 3137 1611 καὶ
3158 1556 3236 1628 τῷ
3265 1557 3451 1628 μέλανι
3474 1558 3682 1630 κεράσῃ
3703 1557 3801 1626 τὴν
3829 1555 4013 1627 χάριν.

2450 1650 2576 1704 Ἐπὶ
2612 1648 2842 1714 τούτοις,
2884 1649 3057 1713 οὓτως
3105 1650 3222 1701 ἐστὶ
3256 1649 3484 1720 διαυγὴς
3524 1648 3615 1702 καὶ
3661 1648 3803 1709 λεῖος
3850 1650 3908 1699 ἐν
3946 1648 4018 1718 τῇ

2438 1737 2757 1809 πυκνότητι,
2811 1737 2951 1791 ὥστε
2993 1738 3088 1791 καὶ
3136 1738 3235 1801 τὰς
3280 1738 3387 1791 τῶν
3437 1737 3763 1806 ἐγγιζόντων
3808 1734 4023 1788 εἰδωλο-

2436 1830 2611 1882 ποιείν
2668 1830 2901 1900 μορφὰς,
2952 1830 3046 1882 καὶ
3092 1829 3257 1882 οίονεὶ
3306 1830 3613 1899 κάτοπτρον
3644 1826 3869 1898 ἀκριὸἐς
3907 1824 4019 1877 τῶν

2437 1920 2976 1989 προσδιαλεγομένων
3040 1920 3401 1973 ἐντυποῦσθαι
3456 1921 3584 1981 τοὺς
3642 1917 4017 1987 χαρακτῆρας,

2435 2008 2655 2081 διὸ
2706 2011 2800 2063 καὶ
2840 2010 2900 2063 τὸ
2952 2012 3279 2082 μεσαίτατον
3322 2012 3485 2065 αὑτοῦ
3535 2010 3735 2064 κύκλου
3767 2010 4017 2080 κέντρον,

2437 2100 2875 2171 προσηγόρευται
2924 2102 3081 2173 κόρη,
3117 2102 3203 2155 ἀεὶ
3252 2102 3352 2173 τὴν
3398 2100 3611 2173 μορφὴν
3647 2101 3725 2171 τῷ
3767 2117 4020 2154 καταντι-

2439 2192 2544 2263 κρὺ
2569 2192 2816 2261 βλέποντι
2842 2192 3083 2245 δεικνύον
3112 2194 3484 2264 ἀνθρωπικήν.
3518 2194 3606 2257 Ὧς
3626 2193 3735 2263 γὰρ
3767 2194 3869 2246 οὐκ
3901 2192 4021 2245 ἔστι

2438 2282 2529 2335 τὸν
2563 2281 2775 2352 ὁρῶντα
2812 2284 2891 2345 είς
2936 2283 3240 2356 κάτοπτρον
3294 2284 3370 2356 μὴ
3399 2284 3559 2347 εὐθὺς
3612 2282 4018 2352 ἐνίσκασηται³⁸

2436 2375 2503 2443 τῇ
2539 2371 2639 2443 ὓλῃ
2666 2372 2758 2425 τὸν
2797 2373 2927 2425 ῐδιον
2981 2375 3323 2445 χαρακτῆρα·
3382 2374 3526 2427 οὕτω
3595 2375 3687 2427 τὸν
3730 2373 4026 2443 ἀντιπρόσ⁴

2440 2482 2592 2519 ωπον
2638 2465 2847 2518 ἐστῶτα
2908 2467 3003 2519 τοῦ
3058 2466 3346 2539 ἀνθρώπου
3374 2507 3389 2532 ,
3460 2466 3533 2536 μὴ
3614 2464 3888 2536 ἐγγράψαι
3942 2464 4026 2535 τῷ

2440 2556 2701 2628 ὀφθαλμῷ
2726 2557 2824 2628 τὴν
2854 2558 3061 2612 οἰκείαν
3099 2559 3333 2629 μορφήν.
3374 2560 3466 2620 Είς
3492 2558 3755 2628 ἀλλήλους
3782 2554 3914 2623 γοῦν
3936 2554 4027 2609 ἀν-

2441 2646 2648 2717 θρωποι
2685 2646 2971 2717 βλέποντες
2996 2648 3241 2719 ἀλλήλων
3269 2649 3509 2716 γίνονται
3546 2649 3847 2719 κάτοπτρα.

2513 2737 2802 2809 Θαύματος
2826 2739 3005 2793 τοίνυν
3022 2740 3169 2804 ἄξιος
3190 2741 3245 2792 ἐν
3259 2743 3372 2803 τοῖς
3400 2739 3691 2810 κτίσμασιν
3715 2736 4026 2808 ὀφθαλμός.

2444 2821 2613 2893 Οὗτος
2644 2829 2752 2900 γάρ
2790 2847 2878 2900 μοι
2915 2831 3011 2884 καὶ
3042 2830 3175 2884 Θεὸν
3211 2829 3526 2901 ἐρμηνεύει,
3562 2832 3742 2883 πᾶσαν
3778 2827 4030 2901 ἀκριϐῶς

2445 2925 2879 2995 καταμανθάνων
2918 2924 3015 2993 τὴν
3058 2923 3253 2989 κτίσιν,
3298 2923 3409 2975 κάκ
3443 2922 3541 2991 τῆς
3578 2920 3855 2989 ἐνεργείας
3884 2919 4029 2972 ὑπο-

2445 3014 2659 3081 δεικνὺς
2684 3016 2774 3071 τὸν
2799 3015 3067 3086 τεχνίτην·
3090 3009 3243 3079 οὗτος
3262 3016 3327 3068 ἐκ
3351 3014 3457 3068 τῶν
3489 3012 3701 3085 ὁρατῶν
3723 3008 4025 3083 ἐρμηνεύει

2450 3106 2551 3178 [τῇ
2581 3106 2727 3179 ψυχῇ
2776 3106 2859 3178 ³³]
2896 3105 2967 3159 τὰ
3008 3106 3251 3177 ἀόρατα·
3302 3102 3390 3157 διά
3438 3102 3628 3156 τούτου
3685 3101 3792 3172 ἔχω
3821 3099 4033 3170 γνῶσιν

2445 3196 2619 3269 ἡλίου,
2652 3197 2744 3250 καὶ
2775 3195 3002 3267 ούρανοῦ
3034 3196 3235 3266 κόσμον
3268 3194 3488 3265 ἐμαθον,
3519 3195 3612 3248 καὶ
3649 3192 3844 3255 κάλλος
3862 3190 4032 3245 ἀστέ-

2449 3304 2556 3359 ρων
2593 3286 2874 3358 ἱστόρησα,
2905 3287 3001 3340 καὶ
3031 3286 3137 3356 γῆς
3165 3287 3484 3351 ὑπόστασιν,
3514 3285 3609 3338 καὶ
3639 3283 3798 3353 φύσιν
3826 3281 4036 3336 θαλάσ-

2448 3392 2578 3447 σης·
2612 3377 2942 3447 σπερμάτων
2973 3375 3257 3448 διαφορὰν,
3287 3376 3382 3429 καὶ
3409 3374 3591 3445 φυτῶν
3620 3371 4035 3438 ποικιλίαν,καὶ

2447 3468 2753 3540 χρωμάτων
2794 3466 3046 3537 ποικίλην
3080 3466 3255 3537 βαφήν
3278 3482 3294 3496 ·
3341 3466 3563 3530 σκότους
3598 3481 3657 3517 τε
3700 3464 4036 3534 κατήφειαν,

2449 3560 2543 3614 καὶ
2568 3559 2744 3630 φωτὸς
2776 3558 3121 3631 λαμπηδόνα,
3162 3558 3256 3613 καὶ
3284 3558 3465 3612 πάντα
3493 3555 3681 3620 άπλῶς
3707 3556 3808 3611 ὅσα
3839 3556 3869 3609 ό
3894 3553 4037 3619 Θεὸς

2453 3650 2645 3713 κτίσας
2690 3648 2976 3721 ἐπῄνεσεν.
3016 3650 3125 3714 Ὦς,
3169 3650 3223 3702 si
3252 3664 3314 3717 γε
3344 3645 3621 3717 ὀφθαλμὸς
3652 3644 3726 3717 μὴ
3759 3642 4033 3717 ὑπῆρχεν,

2452 3740 2768 3811 ἁμάρτυρος
2820 3739 2886 3795 ἀν
2928 3741 2963 3811 ἡ
3014 3739 3193 3803 κτίσις
3239 3739 3543 3811 ἐγήρασεν·
3599 3733 3813 3799 οὐδενὸς
3890 3733 4037 3787 καθ-

2451 3834 2685 3903 ορῶντος
2724 3832 2825 3901 τὴν
2866 3829 3064 3903 ἑαυτὴν
3101 3831 3148 3863 ³³
3179 3828 3492 3901 σωζομένην
3528 3827 3623 3882 τοῦ
3656 3826 3791 3882 Θεοῦ
3837 3826 4039 3899 σοφίαν

2452 3925 2548 3978 καὶ
2582 3923 2831 3995 δύναμιν.

2527 4017 2626 4071 Διά
2650 4016 2854 4086 ταύτην
2879 4015 3058 4070 τοίνυν
3080 4013 3180 4084 τὴν
3207 4011 3528 4083 θαυμαστὴν
3549 4010 3649 4083 τὴν
3667 4010 3846 4079 ὄψεων
3875 4027 4042 4066 κατα-

2458 4106 2660 4177 σκευὴν
2687 4104 2957 4176 ὀφθαλμοὶ
3006 4103 3103 4173 καὶ
3135 4102 3231 4157 νῦν
3288 4099 3619 4171 ἐκτίσθησαν
3662 4100 4035 4170 αὐτοσχέδιοι,

2456 4183 2545 4251 ἵνα
2582 4197 2679 4260 τάς
2723 4196 3123 4267 μικροπρεπής
3164 4192 3408 4256 ἐννοίας,
3449 4190 3551 4253 τὰς
3633 4208 3669 4246 κ
3700 4190 3800 4260 τῆς
3831 4190 4041 4261 σαρκὸς

2456 4287 2811 4356 ἐγγινομένας
2830 4287 2985 4356 ἡμῖν,
3013 4283 3140 4354 περὶ
3166 4280 3260 4334 τοῦ
3282 4280 3639 4350 Μονογενοῢς,
3673 4278 4038 4351 ἀποθώμεθα,

2457 4383 2522 4450 τῇ
2559 4378 2928 4449 μεγαλουργίᾳ
2954 4374 3062 4428 τῶν
3096 4372 3398 4444 γινομένων
3428 4371 3781 4434 ἐκϐάλλοντες
3804 4371 3905 4442 τὴν
3941 4372 4043 4441 ψυ-

777 4472 1092 4543 jeetatnque
1116 4475 1422 4544 Opinionem
1451 4476 1522 4530 ab
1547 4476 1729 4532 animo
1755 4476 2068 4546 ejicientes;
2099 4478 2352 4531 sciamus-

2459 4472 2559 4542 χῆς
2577 4471 2756 4523 πᾶσαν
2777 4466 3039 4538 ὑπόληψιν
3060 4462 3413 4537 μικροπρεπῆ
3432 4464 3527 4517 καὶ
3555 4462 3897 4533 χαμαίζηλον
3944 4465 3992 4496 ιδ
4020 4482 4037 4498 ,

782 4578 888 4631 que
944 4563 1160 4618 beatum
1190 4564 1409 4619 deitatis
1440 4564 1619 4619 lumen
1652 4580 1716 4619 ac
1747 4565 2199 4633 pulchritudinem
2257 4582 2354 4624 vas

783 4662 1010 4711 testeum
1058 4656 1454 4727 assumpsisse,
1490 4658 1631 4726 quod
1690 4658 1846 4712 nobis
1894 4655 2128 4712 lucernat
2184 4658 2356 4715 instar

784 4748 1125 4818 splendorem
1173 4749 1565 4804 subministret.
1606 4746 1837 4803 Omnino
1869 4758 2049 4804 autem
2091 4750 2204 4819 ipse
2260 4764 2358 4818 per

788 4855 843 4891 se
876 4839 1135 4894 Dominus
1157 4849 1341 4905 curat;
1372 4856 1469 4896 nec
1501 4842 1616 4895 solo
1641 4856 1890 4897 sermone
1914 4841 1981 4895 ad
2007 4856 2141 4911 opus
2164 4842 2352 4907 utitur,

788 4931 874 4999 qui
906 4946 1090 4987 rerum
1122 4941 1372 4987 ornatum
1414 4933 1722 4987 universum
1766 4941 2040 5002 przecepto
2072 4932 2358 4999 produxis-

785 5022 959 5086 set",
1020 5023 1112 5091 qui
1150 5023 1362 5077 duobus
1412 5024 1653 5079 verbulis
1696 5024 1953 5077 membris
1988 5021 2217 5077 solutum
2265 5022 2360 5076 ho-

786 5116 983 5168 minem
1012 5123 1251 5168 curasset
1286 5114 1368 5180 ";
1402 5114 1528 5183 qttin
1556 5124 1609 5167 et
1634 5129 1748 5181 ore,
1783 5123 1836 5169 et
1870 5114 2138 5178 manibus,
2174 5112 2357 5167 omni-

784 5222 889 5273 que
928 5206 1031 5259 alia
1069 5206 1405 5275 providentia
1445 5207 1741 5260 caecitatem
1790 5215 1964 5269 curat,
1996 5220 2103 5275 quo
2151 5214 2357 5259 certam

784 5313 846 5351 ex
895 5298 1053 5353 rebus
1110 5297 1266 5351 Iidem
1316 5297 1604 5353 incredulis
1644 5297 1825 5353 faciat.
1860 5295 2016 5363 Spuit
2048 5297 2099 5351 in
2136 5304 2358 5358 terram,

787 5404 961 5457 exque
985 5399 1142 5457 sputo
1170 5388 1339 5442 lutum
1364 5389 1511 5443 facit.
1543 5388 1805 5443 Nimirum
1833 5388 2035 5442 idcirco
2057 5388 2123 5442 ad
2166 5402 2361 5442 curan-

2462 4561 2816 4632 γνωρίσωμεν
2837 4558 2918 4624 δέ,
2941 4558 3023 4611 ὅτι
3048 4556 3107 4609 τὸ
3145 4554 3413 4627 μακάριον
3439 4551 3557 4621 φῶς
3587 4552 3683 4605 καὶ
3712 4553 3907 4616 κάλλος
3936 4553 4043 4624 τῆς

2462 4651 2713 4722 θεότητος
2744 4649 3061 4720 όστράκινον
3090 4644 3283 4709 σκεῦος
3327 4644 3564 4710 ἐδέξατο,
3594 4643 3875 4698 διακονοῦν
3901 4644 4042 4715 ἡμῖν

2463 4742 2604 4795 κατὰ
2642 4742 2767 4803 τοὺς
2818 4739 3045 4809 λύχνους
3097 4736 3197 4808 τὴν
3240 4734 3582 4807 λαμπηδόνα.
3625 4734 3927 4803 Αὐτουργεῐ
3981 4733 4043 4788 δέ

2463 4834 2636 4889 διόλου
2672 4834 2769 4905 τὴν
2810 4831 3104 4903 θεραπείαν
3146 4832 3174 4883 ὁ
3221 4828 3447 4899 Κύριος,
3484 4828 3577 4880 καὶ
3616 4826 3676 4879 ού
3712 4824 3856 4895 λόγῳ
3890 4826 4045 4896 μόνῳ

2464 4926 2657 4999 χρῆται
2688 4926 2824 4995 πρὸς
2993 4922 3273 4993 ἐνέργειαν
3310 4920 3338 4971 ό
3395 4918 3774 4989 προστάγματι
3805 4915 3903 4987 τὴν
3929 4919 4046 4970 πᾶν

2466 5034 2564 5071 σαν
2591 5016 3035 5087 ὑποστησάμενος
3051 5012 3429 5083 διακόσμησιν,
3456 5011 3484 5061 ὁ
3503 5008 3597 5062 δύο
3612 5009 3788 5077 λόγοις
3811 5008 4042 5079 βραχέσι

2464 5113 2556 5165 τὸν
2587 5110 2953 5180 παραλυτικὸν
2989 5109 3033 5139 ³⁸
3075 5104 3416 5177 θεραπεύσας
3437 5119 3451 5133 ο
3497 5100 3631 5154 ἀλλὰ
3659 5101 3753 5154 καὶ
3784 5101 4041 5169 στόματι,

2464 5202 2558 5256 καὶ
2584 5203 2757 5273 χερσὶ,
2775 5202 2868 5253 καὶ
2894 5200 3025 5268 ἄλλῃ
3058 5196 3223 5267 πολλῇ
3256 5193 3479 5266 προνοίᾳ
3502 5190 3793 5263 θεραπεύει
3820 5188 3952 5261 [νέω
3969 5190 4043 5263 ⁸⁸]

2463 5293 2563 5363 τὴν
2589 5290 2917 5360 τυφλότητα,
2959 5289 3043 5340 ἵνα
3080 5285 3298 5356 βεϐαίαν
3321 5282 3409 5337 διὰ
3436 5281 3543 5334 τῶν
3574 5278 3911 5351 πραγμάτων
3937 5281 3963 5330 ἐ
3972 5298 4042 5351 μ-

2478 5386 2675 5454 ποιήσῃ
2728 5383 2841 5445 τοῖς
2898 5378 3145 5440 ἀπίστοις
3196 5376 3296 5447 τὴν
3354 5375 3555 5427 πίστιν.
3595 5369 3760 5424 Πτύει
3809 5369 3900 5421 ἐπὶ
3942 5370 4042 5421 τοῦ

786 5480 915 5531 dum
956 5491 1153 5535 terram
1198 5480 1478 5543 adhibens,
1518 5496 1623 5548 quo
1658 5479 1925 5544 ostendat,
1962 5492 2025 5531 ex
2072 5478 2259 5532 eodem
2304 5491 2352 5529 sc

2474 5474 2718 5542 ἐδάφους,
2748 5473 2841 5525 καὶ
2875 5469 2953 5541 τῷ
2983 5467 3152 5537 σιάλῳ
3184 5464 3350 5535 πηλὸν
3379 5463 3689 5533 ἐργάζεται,
3735 5460 3801 5529 τῇ
3840 5458 3935 5528 μὲν
3968 5463 4044 5533 γῇ

861 5595 906 5625 ³³
947 5593 1059 5647 Gen
1128 5594 1283 5653 ι.31.

792 5679 850 5739 ιε(
882 5664 1050 5739 ‘l’hot.

794 5734 943 5785 L151.
1000 5736 1089 5787 καὶ
1138 5736 1361 5803 χαμαίζ.

1127 5664 1173 5693 ³¹
1219 5664 1341 5727 Lee.
1399 5665 1673 5717 ἐνσκιάσοι
1718 5682 1779 5717 ex
1809 5664 1931 5731 St'g.

1362 5597 1406 5625 ’⁸
1449 5596 1584 5647 Psal.
1619 5610 1838 5656 cxu'tu,
1874 5594 1927 5647 5.
2004 5593 2047 5624 ’⁷
2088 5592 2325 5655 Joannis.
2360 5594 2411 5646 8.

2035 5664 2077 5693 ³²
2120 5662 2192 5715 Ex
2246 5662 2397 5715 l'lmt.

1467 5735 1507 5766 ³⁵
1551 5736 1669 5803 St‘g.
1718 5730 2046 5803 παράλυτον.
2126 5734 2167 5763 ³⁸
2211 5730 2284 5785 Ex
2315 5731 2436 5800 Seg.

2492 5592 2537 5623 ²¹
2568 5590 2637 5643 Ex
2685 5591 2804 5659 Seg.

2497 5663 2537 5692 ³³
2577 5662 2660 5713 Ἐν
2693 5656 2826 5728 αὐτῇ
2864 5674 2926 5715 cx
2956 5656 3112 5714 Pltul.
3162 5666 3213 5713 et
3240 5656 3363 5721 ὅτε.

2893 5589 2938 5620 ’9
2968 5587 3118 5640 Pltot.
3155 5584 3278 5653 Seg.
3307 5583 3543 5653 ἄκρατον
3642 5576 3686 5607 ³⁸
3714 5575 3838 5642 [ιεέ.
3874 5578 4046 5647 κόρην

2899 5676 2924 5704 ι
2958 5656 3112 5704 let.
3162 5656 3363 5704 etSt-2.
3469 5652 3515 5683 ”
3564 5648 3720 5704 Phot.
3784 5647 4046 5704 ταπεινὴν
