4212 6318
195 409 301 471 251
1124 408 1405 466 HOMILlA
1446 409 1553 465 νιι.
1607 411 1673 464 1N
1715 410 1780 467 Cx

1881 410 1975 465 υιι
2019 412 2063 465 Α
2101 411 2537 470 NATIVITATE.
3344 419 3449 477 258

198 532 291 585 διὰ
330 529 489 582 τοῦτο
539 530 683 602 πρὸς
736 529 832 600 τὴν
883 530 1175 601 θεραπείαν
1225 530 1647 602 συγχρώμενοςλ,
1699 532 1780 583 ἵνα

1888 531 2017 599 luto,
2051 546 2118 587 ex
2149 548 2257 602 quo
2288 534 2539 603 primitus
2570 534 2741 589 totum
2764 534 2962 589 animal
2995 534 3282 591 formatum
3315 538 3449 593 luis-

197 622 366 692 δείξῃ,
401 620 477 684 ὡς
506 621 567 687 ἐξ
596 622 805 674 ἐκείνου
827 621 921 673 τοῦ
945 620 1064 692 χοῦ,
1100 622 1218 675 ὅθεν
1240 622 1297 673 ὲν
1318 622 1458 692 ἀρχῇ
1489 620 1777 693 ὁλόκληρον

1890 633 1993 687 sel,
2026 638 2166 678 nunc
2201 638 2415 694 quoque
2445 625 2705 695 reliquum
2737 626 3034 682 membrum
3064 627 3314 682 condere.
3349 626 3450 681 Sa-

197 712 445 783 ιπλάσθη
488 714 550 766 τὺ
602 712 760 777 ζῶον,
794 714 887 766 καὶ
928 713 987 765 τὸ
1022 713 1205 766 λοιπὸν
1236 711 1441 793 άρτίως
1477 710 1641 783 μέρος
1678 711 1774 782 δη-

1885 713 1988 766 liva
2028 723 2207 769 autem
2260 714 2389 769 illud
2441 717 2644 780 sarcit,
2679 731 2741 771 ac
2786 717 3099 787 dissipatum
3149 730 3449 786 expersque

200 808 565 876 μιουργείται.
614 804 789 874 Σιάλῳ
813 803 869 856 δὲ
905 803 1061 857 τοῦτο
1108 803 1499 873 ἀναλαμϐάνει,
1532 802 1625 856 καὶ
1659 819 1780 855 συν-

1885 804 2108 875 glutinis
2158 808 2399 862 continet
2444 809 2755 877 pulverem,
2806 823 2911 876 quo
2963 809 3117 863 nobis
3166 808 3447 877 perspicuo

198 896 316 967 ἕχει
358 896 451 949 τὸν
496 895 895 965 ἐσκεδασμένον
934 895 1025 948 καὶ
1061 893 1375 964 ἀκόλλητον,
1416 893 1503 948 ἴνα
1529 892 1777 963 φανερῶς

1884 896 2135 950 ostendat
2158 900 2335 952 omnia
2372 897 2603 952 Verbum
2647 900 2850 954 virtute
2876 899 2987 975 oris
3024 900 3103 953 sui
3137 899 3445 968 peregisse:

195 990 331 1059 ἡμῖν
362 988 543 1058 δείξῃ,
595 988 677 1040 ὅτι
720 990 784 1058 τῇ
825 987 1052 1057 δυνάμει
1091 985 1186 1037 τοῦ
1229 984 1492 1054 στόματος
1532 982 1698 1037 αὐτοῦ
1747 984 1776 1034 ὁ

1885 979 2049 1045 Nam,
2098 979 2266 1034 Verbo
2296 981 2501 1035 Domini
2524 982 2851 1051 creliﬁrmati
2880 992 3022 1046 sunt,
3047 992 3095 1036 et
3118 982 3312 1051 spiritu
3339 982 3447 1035 oris

192 1076 371 1145 Λόγος
411 1077 480 1129 τὰ
516 1076 695 1130 πάντα
734 1075 1082 1147 κατώρθωσε.
1147 1074 1231 1139 Τῷ
1270 1076 1427 1142 λόγῳ
1474 1074 1583 1144 γάρ
1637 1072 1776 1144 [Κυ-

1882 1072 1997 1141 ejus
2025 1063 2191 1126 omnis
2226 1074 2389 1126 virtus
2419 1090 2597 1127 eorum
2625 1073 2690 1126 “.

192 1168 333 1237 ρίου
365 1166 435 1239 ⁸⁷]
469 1170 525 1221 οι
580 1167 820 1237 οὐρανοί
878 1165 1350 1236 ἐστερεώθησαν,
1405 1167 1501 1220 καὶ
1542 1164 1623 1230 τῷ
1679 1165 1970 1233 πνεύματι
2020 1164 2127 1219 τοῦ
2180 1168 2475 1231 στόματος
2516 1166 2700 1222 αὐτοῦ
2743 1165 2912 1222 πᾶσα
2964 1185 3001 1235 η
3045 1168 3296 1236 δύναμις
3350 1168 3449 1221 αὐ-
3522 1194 3524 1197 ·

194 1281 337 1321 των.

266 1352 426 1423 Τάχα
461 1352 520 1406 δὲ
554 1352 649 1407 καὶ
692 1351 779 1405 διὰ
811 1351 969 1406 τοῦτο
998 1352 1183 1406 πτύων
1221 1351 1531 1421 θεραπεύει,
1568 1351 1654 1403 ἴνα
1678 1365 1780 1404 κα-

1953 1344 2119 1401 Forte
2144 1354 2320 1400 autem
2347 1344 2548 1400 idcirco
2571 1344 2735 1399 etiam
2767 1343 3007 1412 spneudo
3032 1354 3205 1408 curat,
3229 1360 3339 1414 quo
3357 1361 3451 1399 eos

193 1442 403 1516 τανύξῃ
452 1443 591 1514 πρὸς
626 1442 789 1513 φόϐον
841 1443 966 1506 τοὺς
1015 1444 1209 1514 μικρὸν
1258 1441 1481 1514 ὕστερον
1536 1440 1779 1513 ὑϐρίζειν

1889 1441 1958 1496 ad
2005 1446 2208 1494 metum
2265 1446 2607 1505 compungat,
2654 1436 2743 1504 qui
2796 1435 2943 1491 brevi
2994 1446 3114 1505 post
3140 1436 3452 1503 exspuendo

192 1535 309 1595 τοῖς
328 1531 685 1603 ἑμπτύσμασι
710 1531 1002 1603 μέλλοντας
1017 1549 1030 1563 ·
1051 1534 1145 1586 καὶ
1164 1535 1311 1603 ὅμως
1329 1534 1429 1587 οὐκ
1459 1530 1777 1602 ἑδυσὼτιησε

1886 1529 2138 1597 injuriam
2175 1526 2371 1581 facturi
2426 1538 2596 1581 erant.
2645 1526 2754 1581 Nec
2807 1528 2885 1582 sic
2927 1536 3106 1581 tamen
3153 1526 3447 1582 furentium

191 1624 305 1678 τῶν
328 1625 674 1695 μαινομένων
700 1624 762 1677 τὸ
784 1623 1007 1694 θράσος,
1033 1624 1149 1677 ἀλλ’
1180 1623 1482 1695 ἐνεπτύσθη
1514 1622 1706 1688 πολλὰ,
1747 1624 1777 1677 ό

1884 1620 2092 1676 inflexit
2139 1617 2456 1684 audaciam;
2485 1618 2613 1686 quin
2648 1617 2744 1670 fuit
2794 1616 2977 1671 multis
3009 1616 3207 1697 oblitus
3254 1618 3447 1687 sputis,

192 1713 423 1769 τοιαῦτα
454 1713 735 1785 κατορθῶν
777 1713 866 1767 διὰ
896 1714 991 1768 τοῦ
1022 1715 1357 1786 πτύσματος.
1394 1715 1506 1786 Τῆς
1550 1711 1773 1786 πρώτης

1881 1712 1971 1782 qui
2020 1718 2178 1780 sputo
2229 1724 2341 1763 rem
2392 1707 2654 1776 ejusmodi
2708 1708 2983 1779 gessisset.
3032 1707 3196 1761 Primi
3240 1708 3449 1763 ordinis

190 1802 401 1875 ταύτης
430 1803 638 1869 τάξεως
668 1802 766 1873 τὴν
808 1803 1202 1877 δημιουργικὴν
1226 1804 1512 1876 ὑποφαίνει
1548 1804 1776 1878 δύναμιν
1808 1834 1851 1889 Β

192 1893 289 1949 καὶ
312 1894 405 1949 διὰ
439 1895 539 1967 μὲν
565 1894 659 1948 τοῦ
700 1894 1003 1967 προστάξαι
1028 1897 1109 1958 είς
1131 1895 1230 1967 τὴν
1259 1894 1643 1968 κολυμϐήθραν
1675 1893 1771 1950 τοῦ

193 1983 419 2055 Σιλωάμ
436 1984 722 2055 νίψασθαι,
754 1985 856 2056 τὴν
882 1985 949 2039 δι’
984 1984 1175 2052 ὕδατος
1217 1988 1489 2060 σωτηρίαν
1521 1991 1654 2059 ἡμῖν
1691 1990 1771 2043 ὲν-

191 2075 494 2142 διίκνυται,
531 2076 599 2149 ἢν
633 2078 799 2131 πᾶσιν
833 2078 862 2131 ό
903 2077 1313 2150 ἀπεσταλμένος
1349 2079 1567 2150 Σιλωὰμ
1597 2078 1776 2151 ἐχαρί-

193 2182 347 2221 σατο.
372 2166 652 2238 Τότειγάρ
684 2166 864 2230 καλῶς
894 2166 940 2199 ³⁸
976 2166 1265 2239 βλέπομεν,
1294 2168 1372 2222 ὅτ’
1394 2167 1460 2223 ἂν
1485 2167 1563 2239 τῷ
1593 2185 1776 2239 μυστι-

191 2254 275 2326 κῷ
318 2257 684 2328 καταρθῶμεν
717 2256 900 2310 ὕδατι*
938 2256 1058 2311 τότε
1099 2257 1213 2327 φῶς
1244 2260 1391 2329 ἡμᾶς,
1438 2259 1774 2329 περιλάμπει

189 2347 291 2417 τῆς
323 2348 566 2419 χάριτος,
607 2349 685 2401 ὅτ’
714 2347 781 2401 ἂν
810 2350 843 2417 ἡ
892 2347 1120 2418 δύναμις
1167 2348 1260 2401 τοῦ
1288 2348 1659 2420 βαπτίσματος
1685 2350 1776 2402 τὸν

194 2435 369 2507 ῥύπον
414 2435 525 2489 τῶν
568 2436 985 2508 ἁμαρτημάτων
1019 2436 1111 2490 καὶ
1156 2437 1255 2502 τὰς
1300 2437 1522 2509 κηλῖδας
1557 2438 1771 2509 ὲκνίψῃ.

190 2525 305 2579 Καὶ
332 2524 533 2588 πάντες
561 2525 677 2579 ὅσοι
705 2528 771 2596 τῇ
792 2524 976 2596 ἐντολῇ
1008 2525 1104 2578 τοῦ
1131 2525 1352 2597 Σιλωὰμ
1374 2525 1768 2596 άπολουόμεθα,

190 2616 252 2670 τὸ
296 2617 665 2689 πνευματικὸν
699 2618 913 2690 ὁρῶμεν
955 2616 1091 2687 φῶς,
1135 2617 1163 2671 δ
1198 2618 1421 2687 φωτίζει
1465 2618 1643 2671 πάντα
1681 2619 1774 2673 ἇν-

193 2705 414 2779 θρωπον
446 2709 742 2781 ἐρχόμενον
771 2712 850 2773 είς
878 2710 972 2763 τὸν
1008 2710 1231 2780 κόσμον.
1271 2710 1333 2760 Ὢ
1361 2708 1455 2761 τοῦ
1498 2706 1775 2779 θαύματος

192 2797 289 2851 καὶ
333 2799 431 2869 τῆς
476 2800 719 2869 μεγάλης
763 2798 1071 2871 ἐνεργείαςί
1121 2798 1386 2868 Ἀπῆλθεν
1429 2798 1495 2850 ὲκ
1535 2797 1635 2867 τῆς
1685 2814 1777 2851 κο-

191 2881 513 2953 λυμϐήθρας
542 2887 570 2937 ὁ
594 2884 700 2955 πρὸ
733 2885 911 2955 ὀλίγου
945 2886 1162 2956 τυφλὸς,
1200 2884 1496 2956 κοσμηθεὶς
1521 2883 1581 2937 τὺ
1608 2886 1776 2955 πρόσ-

190 2987 345 3023 ωπον
380 2974 443 3043 τῇ
480 2972 591 3025 τῶν
619 2973 913 3044 ὀφθαλμῶν
947 2975 1253 3047 προσθήκῃ,
1296 2975 1509 3045 βλέπων
1534 2972 1775 3047 ἀκριϐῶς

1880 1800 2203 1857 creatricem
2243 1800 2498 1855 virtutem
2538 1798 2591 1852 in
2631 1814 2751 1853 eum
2804 1798 3022 1852 modum
3070 1798 3320 1853 ostendit.
3370 1799 3450 1852 Ac

1881 1890 2099 1961 quidem
2124 1888 2362 1958 jubendo
2392 1888 2561 1943 lavari
2590 1890 2642 1943 in
2673 1888 2882 1959 piscina
2911 1886 3077 1952 Siloe,
3100 1887 3334 1944 futuram
3356 1904 3450 1943 no-

1876 1980 1961 2036 bis
1995 1980 2224 2035 salutem
2257 1995 2352 2050 per
2376 1994 2575 2050 aquam
2625 1980 2826 2042 innuit,
2859 1994 3017 2048 quam
3060 1978 3258 2035 Missus
3303 1979 3465 2036 Siloe‘

1881 2070 2155 2126 universis
2181 2070 2469 2125 concessit.
2501 2068 2657 2123 Tunc
2683 2070 2828 2123 enim
2857 2070 2995 2124 bene
3024 2071 3286 2136 videmus,
3322 2086 3447 2126 cum

1875 2175 2015 2230 aqua
2062 2160 2289 2230 mystica
2328 2160 2566 2214 mundati
2620 2160 2901 2216 fuerimus.
2941 2160 3091 2215 Tunc
3136 2176 3232 2216 nos
3262 2163 3449 2232 gratiae

1878 2249 2058 2304 lumen
2093 2248 2492 2320 circumfulgct,
2527 2264 2648 2304 cum
2706 2249 2960 2319 baptismi
2995 2252 3167 2307 virtus
3201 2261 3452 2321 peccato-

1878 2356 1999 2395 rum
2032 2340 2223 2395 sordes
2256 2340 2607 2409 maculasque
2657 2340 2870 2395 eluerit.
2902 2340 3178 2410 Quotquot
3206 2354 3336 2395 vero
3360 2340 3450 2410 ju-

1876 2430 2038 2485 lionte
2067 2428 2213 2485 Siloe
2238 2429 2503 2496 lavamur,
2537 2431 2780 2501 spiritale
2802 2431 3047 2485 videmus
3068 2431 3271 2496 lumen,
3303 2433 3449 2501 quod

1880 2520 2147 2575 illuminat
2165 2536 2379 2576 omnem
2399 2519 2671 2575 hominem
2701 2521 3001 2576 venientem
3026 2520 3079 2575 in
3103 2522 3358 2575 mundum
3376 2521 3446 2573 ".

1882 2611 1925 2667 Ο
1961 2612 2304 2678 miraculum,
2336 2626 2400 2667 ac
2432 2614 2539 2665 vim
2586 2612 2866 2683 magnam!
2903 2610 3161 2667 Discessit
3190 2627 3219 2667 e
3243 2611 3448 2681 piscina

1878 2702 1971 2771 qui
2021 2701 2178 2773 paulo
2231 2710 2355 2757 ante
2406 2717 2580 2757 caecus
2626 2712 2776 2767 erat,
2830 2710 3021 2757 ornata
3079 2701 3217 2757 facie
3268 2702 3452 2756 oculo-

1882 2808 2001 2846 rum
2052 2794 2322 2858 auclario,
2360 2792 2488 2847 solis
2526 2792 2691 2862 probe
2736 2792 2940 2846 radium
2980 2792 3187 2848 videns.
3231 2789 3453 2847 Vicinos

1887 2900 1951 2940 ac
1987 2894 2143 2940 notos
2173 2899 2261 2939 res
2293 2892 2440 2939 tanta
2488 2885 2541 2938 in
2571 2893 2845 2953 stuporem
2876 2884 3139 2937 vertebat.
3175 2882 3449 2937 Turbabat

1882 2988 2013 3028 sane
2061 2988 2197 3027 nova
2238 2972 2537 3027 curationis
2575 2974 2731 3028 ratio.
2764 2970 3040 3026 Circuibat
3068 2970 3254 3024 urbem
3284 2971 3444 3025 homo

190 3061 335 3134 πρὸς
360 3063 449 3116 τὸν
472 3063 706 3136 ἡλιακὴν
737 3068 949 3121 ἀκτῖνα.
993 3065 1317 3135 Ἐξέπληττε
1366 3067 1490 3130 τοὺς
1525 3065 1774 3136 γείτονας

1888 3063 2098 3127 videns,
2126 3077 2233 3132 quo
2264 3076 2461 3116 novum
2490 3078 2553 3117 ac
2581 3061 2826 3115 mirabile
2865 3061 3063 3114 factum
3093 3074 3226 3129 opus
3255 3074 3445 3115 omnes

186 3152 286 3206 καὶ
332 3153 457 3217 τοὺς
487 3155 802 3226 γνωρίμους
836 3158 898 3210 τὸ
950 3159 1204 3228 πρᾶγμα.
1249 3155 1527 3229 Ἑθορύϐει
1557 3153 1649 3211 οὖν
1674 3158 1719 3192 ³⁸
1748 3158 1776 3210 ό

1881 3154 2145 3221 viderent,
2190 3171 2221 3209 a
2264 3152 2389 3209 Jesu
2435 3164 2561 3209 nato
2590 3154 2642 3207 in
2671 3151 3018 3219 Betltleltem;
3049 3167 3081 3206 a
3120 3150 3313 3221 pusillo
3359 3152 3451 3207 illo

184 3243 381 3308 καινὸς
410 3245 510 3315 τῆς
540 3245 834 3318 θεραπείας
857 3248 1058 3321 τρόπος
1078 3266 1091 3279 ο
1125 3248 1461 3319 περιενόστει
1495 3248 1595 3317 τὴν
1624 3248 1776 3303 πόλιν

1876 3244 2105 3312 infante,
2134 3245 2327 3315 pannis
2358 3245 2596 3300 lnvoluto
2630 3245 2680 3297 in
2716 3244 2996 3313 praesepio.
3033 3242 3157 3298 Haec
3190 3241 3332 3298 enim
3354 3240 3449 3295 Ju-

181 3334 214 3387 ό
267 3333 561 3407 ἄνθρωπος
621 3335 857 3407 βλέπων,
912 3338 1002 3390 ἴνα
1039 3336 1303 3408 βλέπηται
1357 3337 1509 3406 παρὰ
1561 3336 1780 3390 πάντων

1876 3337 2021 3391 deos
2060 3340 2425 3402 morabantur,
2458 3345 2517 3391 ut
2552 3350 2617 3391 ne
2651 3334 2833 3390 deitati
2861 3334 3164 3390 crederent.

184 3422 358 3495 ἔργον
405 3423 698 3494 γενόμενον
755 3425 941 3477 καινὸν
994 3425 1090 3477 καὶ
1153 3422 1456 3495 παράδοξον
1510 3422 1615 3475 ὑπὸ
1673 3420 1768 3475 τοῦ
1811 3421 2022 3494 [Ἰησοῦ
2058 3424 2153 3477 τοῦ
2189 3423 2259 3496 ⁵ο]
2303 3427 2361 3478 ὲν
2411 3424 2656 3499 Βηθλεὲμ
2700 3422 3068 3494 γεννηθέντος,
3116 3420 3212 3475 τοῦ
3249 3420 3451 3492 μικροῦ

183 3512 430 3586 βρέφους
463 3514 703 3577 ἐκείνου,
742 3515 838 3568 τοῦ
879 3516 937 3568 ὲν
977 3516 1044 3586 τῇ
1088 3514 1263 3588 φάτνῃ
1314 3516 1426 3578 τοῖς
1481 3513 1815 3585 σπαργάνοις
1870 3514 2251 3587 ὲνειληθέντος.
2302 3516 2489 3571 Ταῦτα
2538 3517 2646 3589 γάρ
2692 3516 2861 3582 ἐστιν,
2909 3514 2947 3570 ἃ
3008 3515 3132 3579 τοὺς
3167 3512 3450 3576 Ἰουδαίους

181 3608 442 3663 άπιστεῖν
472 3607 649 3662 ἐποίει
665 3611 729 3681 τῇ
754 3609 989 3683 θεότητι.

259 3702 496 3767 Οὐκοῦν,
548 3698 595 3758 ὧ
637 3705 851 3776 ἀνόητοι
894 3706 990 3759 καὶ
1022 3706 1405 3777 παχυκάρδιοι,
1461 3705 1777 3760 ὲπιὸάλλετε

179 3795 267 3866 τῷ
297 3795 546 3867 λογισμῷ
576 3798 702 3861 τοὺς
732 3797 788 3865 ἐξ
831 3798 1030 3861 αἰῶνος
1062 3797 1380 3870 ἀνθρώπους
1408 3799 1477 3852 ⁵³.
1516 3799 1649 3853 Ἀπὸ
1685 3799 1779 3853 τοῦ

196 3886 385 3956 Ἀδὰμ
420 3887 741 3959 ἀρξάμενοι,
773 3890 902 3953 τοὺς
947 3888 1075 3958 ἑξῆς
1124 3890 1335 3953 πάντας
1374 3889 1777 3960 διερευνήσατε,

184 3977 288 4033 ἰὰν
322 3977 521 4049 εὕρητε
550 3978 611 4032 τὸ
636 3979 731 4032 νῦν
770 3980 1060 4052 γενόμενον
1088 3980 1181 4034 καὶ
1209 3982 1294 4034 ἐπ’
1314 3981 1489 4036 ἄλλων
1518 3982 1776 4054 πραχθέν·

184 4070 287 4124 ἰὰν
324 4069 520 4139 ἔχοντα
550 4070 641 4125 τὸν
678 4070 790 4140 βίον
819 4072 1073 4143 τοιαύτης
1105 4072 1403 4145 θεραπείας
1435 4075 1741 4145 ὑπόδειγμα
1760 4092 1774 4107 ο

186 4162 291 4216 καὶ
322 4160 505 4227 πάλιν,
534 4161 627 4214 ἐπὶ
651 4163 936 4235 διασυρμῷ
962 4166 1006 4195 δ’
1030 4164 1124 4218 τοῦ
1150 4167 1355 4238 Κυρίου
1391 4184 1514 4236 μου,
1557 4167 1649 4220 τὸν
1681 4166 1775 4220 τοῦ

183 4254 449 4317 τέκτονος
482 4254 786 4326 προφέρετε
815 4256 1009 4321 Παῖδα,
1039 4251 1101 4311 οὗ
1133 4258 1258 4321 τοὺς
1288 4258 1547 4326 ἀδελφοὺς
1574 4258 1775 4330 γνωρί-

184 4344 350 4410 ζετε,
383 4338 443 4398 οὗ
480 4346 580 4416 τὴν
619 4347 796 4400 οἰκίαν
847 4345 983 4399 ίστε.
1031 4348 1453 4419 Ἀπαριθμεῖσθε
1490 4350 1665 4402 πάντα
1707 4348 1777 4401 τά

180 4434 449 4500 ταπεινὰ,
484 4435 917 4506 φιλονεικήσατε,
943 4437 1144 4508 πολλὴν
1164 4437 1321 4508 ὑμῶν
1345 4437 1650 4507 καταχέατε
1678 4436 1776 4507 τὴν

1951 3708 2091 3776 Ergo
2138 3707 2283 3763 stulti
2334 3722 2399 3761 ac
2448 3705 2585 3761 tardi
2634 3706 2818 3769 corde,
2866 3704 3206 3759 considerate
3265 3705 3446 3757 animo

1878 3808 2143 3868 quotquot
2172 3815 2201 3851 a
2231 3796 2429 3851 saeculo
2464 3795 2677 3850 fuerunt
2707 3794 2951 3849 homines
2983 3808 2999 3846 :
3037 3792 3352 3861 incipientes
3378 3792 3446 3844 ab

1878 3890 2070 3952 Adam,
2094 3902 2281 3942 omnes
2311 3886 2563 3955 deinceps
2586 3884 2924 3953 investigate,
2956 3897 3081 3936 num
3111 3882 3255 3951 quod
3284 3882 3442 3935 modo

1879 3979 2081 4034 factum
2105 3986 2209 4041 est,
2239 3978 2338 4031 sub
2359 3977 2480 4031 aliis
2504 3989 2716 4045 quoque
2743 3975 2946 4028 factum
2978 3971 3294 4042 reperietis;
3321 3987 3446 4025 num

1879 4070 2132 4127 saeculum
2178 4068 2476 4122 curationis
2531 4064 2796 4135 ejusmodi
2837 4062 3082 4132 exemplo
3117 4062 3322 4116 illustre
3351 4076 3447 4115 oc-

1880 4167 2098 4224 currat;
2129 4171 2453 4225 rursumque
2483 4160 2547 4208 ad
2576 4154 2878 4208 irrisionem
2910 4151 3120 4205 Domini
3160 4151 3284 4215 mei,
3320 4165 3443 4219 pro-

1878 4248 2015 4303 ferte
2060 4248 2203 4302 fabri
2260 4247 2450 4301 Filium
2483 4246 2563 4309 “,
2610 4247 2760 4315 cujus
2804 4245 2989 4299 sciatis
3024 4244 3247 4306 fratres,
3295 4241 3447 4311 cujus

1875 4343 2093 4395 domum
2139 4355 2200 4394 ac
2254 4338 2512 4393 familiam
2559 4338 2841 4393 noveritis.
2892 4335 3178 4391 Studeutes
3221 4333 3444 4389 humilia

1876 4432 2055 4484 omnia
2093 4444 2436 4499 percensere,
2474 4428 2693 4482 multam
2734 4436 2967 4481 vestram
3003 4422 3305 4494 proluudite
3356 4423 3445 4475 in-

180 4519 430 4583 ὰδοξίαν.
451 4521 515 4572 El.
546 4520 602 4573 δὲ
629 4522 795 4592 μηδὲν
816 4523 1052 4577 τοιοῦτον
1082 4525 1217 4595 μήτε
1238 4524 1520 4597 ἄνθρωπος
1548 4524 1772 4597 ἔπραξε,

1880 4522 2279 4577 credulitatem.
2316 4521 2467 4588 Quod
2501 4523 2544 4574 si
2580 4533 2689 4572 rem
2727 4516 2987 4587 ejusmodi
3022 4529 3122 4570 nec
3157 4514 3441 4583 quisquam

184 4610 336 4681 μήτε
378 4610 404 4661 ό
442 4610 554 4679 βίος
579 4610 700 4681 ἐτι-χε
725 4614 991 4685 διήγημα,
1038 4614 1398 4682 καταγνόντες
1428 4615 1632 4667 ἑαυτῶν
1676 4616 1776 4685 τῆς

181 4700 451 4769 ἀγνοίας,
500 4702 688 4756 λοιπὸν
747 4705 884 4777 πρὸς
933 4705 1032 4777 τὴν
1101 4704 1361 4777 ἀλήθειαν
1415 4706 1773 4776 ἀναϐλέψατε.

182 4790 443 4859 Νίψασθε
471 4794 563 4846 καὶ
590 4794 745 4865 ὑμεῖς
773 4796 852 4860 είς
885 4796 975 4848 τὸν
1006 4795 1252 4867 Σιλωὰμ,
1283 4795 1368 4848 ἵνα
1400 4794 1474 4867 μὴ
1513 4795 1777 4849 ἐναποθά-

180 4900 326 4955 νητε
358 4887 422 4955 τῇ
447 4886 760 4958 τυφλότητι.

272 4973 423 5027 Ἀλλ’
441 4975 592 5029 οὐδὲν
619 4978 694 5040 ὡς
725 4977 900 5031 ἔοικεν
928 4981 1015 5032 ἐπ’
1048 4978 1291 5034 ἐκείνων.
1316 4977 1390 5031 Οὐ
1420 4976 1576 5045 λόγος
1616 4977 1775 5029 ἐπαί-

179 5062 374 5125 δευεν,
406 5065 465 5115 ού
492 5065 694 5135 πρᾶξις
728 5066 1023 5132 ἐδίδασκεν,
1065 5069 1164 5121 οὐκ
1198 5069 1446 5140 ἐνέργεια
1481 5066 1775 5136 θαυμάτων

181 5152 233 5183 ⁸³
267 5151 576 5209 ἐδυσώπειο
614 5156 792 5211 πάντα
821 5158 877 5211 οὲ
915 5159 1222 5213 τούναντίον
1276 5158 1363 5212 διά
1408 5158 1508 5229 τὴν
1552 5158 1777 5226 ἐντυφω

182 5244 590 5317 ἀγνωμοσύνην
631 5249 845 5320 μυρίοις
886 5261 1105 5320 τρόποις
1148 5248 1465 5320 ἐπεχείρουν
1489 5248 1777 5317 ἀφανίζειν

181 5336 283 5387 καὶ
313 5334 591 5407 διασύρειν
611 5356 625 5368 υ
662 5342 1050 5413 περιετρέπετο
1080 5342 1136 5395 δὲ
1168 5342 1349 5405 αὐτοῖς
1383 5342 1517 5411 πρὸς
1550 5340 1773 5392 τούναν-

180 5432 307 5476 τιον
358 5425 392 5473 1'1
436 5430 752 5500 κακουργία.
790 5431 940 5501 Ὂσῳ
990 5432 1097 5502 γάρ
1135 5430 1397 5500 ἠπίστουν
1431 5433 1631 5483 ὲκεϊνοι
1673 5430 1767 5482 καὶ

262 5668 310 5743 ξ’
359 5667 427 5743 Ex
460 5669 587 5741 Seg.
638 5670 742 5743 AA“:
764 5669 917 5743 Plaut.
942 5670 1016 5735 ὼς
1044 5670 1278 5743 ἀληθῶς.
1350 5667 1587 5743 Δ,π-Ξοα.
1608 5671 1703 5743 τὸν
1727 5669 1859 5743 βίον.

186 5734 562 5813 ἁνθριίιποιςῘ
633 5741 679 5774 ’⁸⁸
710 5738 834 5810 Seg.
880 5734 1235 5811 διασυρισὶιῷ.
1345 5741 1388 5773 ⁸³
1430 5734 1563 5810 Sag."
1602 5734 1939 5813 θαυμασίων.

195 5821 325 5865 xm.
358 5807 449 5861 55.

1876 4611 2116 4679 patravit
2144 4610 2327 4673 homo,
2368 4622 2541 4678 neque
2572 4618 2703 4662 retas
2742 4606 2846 4660 ulla
2874 4606 2980 4661 tale
3012 4604 3136 4674 quid
3167 4612 3443 4659 narratum

1876 4699 2101 4764 audivit,
2134 4707 2369 4752 vestram
2402 4696 2499 4767 ipsi
2534 4698 2850 4750 damnantes
2879 4694 3171 4756 inscitiam,
3201 4694 3267 4747 ad
3297 4693 3443 4746 veri-

1877 4798 2039 4843 tatem
2086 4789 2336 4855 deinceps
2373 4787 2641 4856 respicite.
2686 4785 2789 4839 Vos
2836 4800 3047 4855 quoque
3081 4783 3337 4837 lavamini
3372 4783 3430 4839 in

1879 4882 2044 4944 Siloe,
2074 4890 2131 4933 ut
2165 4895 2231 4934 ne
2260 4880 2312 4933 in
2343 4888 2520 4933 vestra
2551 4877 2853 4932 moriamini
2875 4876 3137 4931 caecitate.

1950 4971 2238 5025 Enimvero
2266 4971 2396 5025 nihil
2425 4971 2495 5024 illi
2518 4970 2656 5039 quod
2681 4984 2860 5039 Opera:
2876 4969 3106 5038 pretium
3130 4976 3293 5022 esset.
3319 4962 3438 5020 Non

1876 5077 2055 5116 sermo
2080 5061 2359 5116 erudiebat
2383 5079 2399 5128 ;
2431 5076 2537 5115 non
2565 5061 2793 5115 docebat
2822 5061 2987 5124 actio,
3020 5073 3127 5113 non
3152 5056 3440 5112 miraculo-

1875 5170 1993 5209 rum
2029 5155 2197 5208 virtus
2227 5154 2480 5208 flectebat
2510 5170 2525 5207 :
2557 5158 2745 5211 contra
2785 5162 2961 5206 autem
3003 5164 3096 5220 per
3137 5150 3438 5217 improbam

1876 5246 2242 5315 arrogantiam
2294 5244 2565 5299 sexcentis
2614 5244 2787 5299 modis
2834 5243 3125 5298 obscurare
3167 5238 3440 5308 omnia,“

1877 5337 2103 5391 irridere
2132 5336 2431 5392 tentabant.
2459 5334 2629 5389 Porro
2653 5335 2732 5390 eis
2758 5335 2811 5387 in
2844 5334 3175 5388 contrarium
3204 5330 3439 5384 versutia

1876 5428 2121 5485 cedebat.
2158 5427 2275 5494 Quo
2308 5428 2451 5481 enim
2496 5424 2669 5498 magis
2695 5432 2850 5480 erant
2890 5423 3173 5487 increduli,
3209 5419 3438 5490 aliisque

1971 5667 2015 5698 ⁸ο
2060 5666 2133 5719 Er
2165 5665 2289 5733 Seg.

2400 5662 2442 5693 “
2486 5663 2609 5733 scg.
2664 5662 2776 5733 τὸν-
2798 5660 3054 5733 λογισμὸν
3110 5664 3222 5733 τοῖς
3254 5660 3321 5733 ἐξ
3359 5662 3434 5714 αί.

2049 5736 2095 5767 δν
2126 5732 2264 5789 l’sal.
2310 5746 2481 5797 vnn,
2511 5732 2567 5788 6.

2636 5732 2711 5773 ηδ’
2746 5730 2903 5788 Joan.
2936 5730 2972 5795 I,
3014 5732 3066 5785 9.
3180 5731 3223 5763 “
3246 5730 3435 5785 blattis.
