4212 6318
758 402 865 461 259

2050 399 2109 456 S.
2152 398 2424 454 ASTERII
2465 397 2772 452 AMASENI

3934 399 4043 454 ειῖῡ

763 533 832 574 ac
861 518 981 572 aliis
1014 515 1541 587 interrogationibus
1581 530 1695 569 rem
1731 513 1977 570 demoliri
2026 514 2340 575 studebant,

2456 510 2906 582 προσερωτῶντες
2976 509 3305 582 ἀνατρέπειν
3366 510 3735 575 ἐσπούδαζον,
3794 512 4042 581 τοσούτῳ

762 625 837 665 σοι
858 609 1092 678 amplius
1121 612 1325 662 veritas
1358 608 1787 662 conﬁrmabatur
1821 607 2112 676 :idcmqne
2138 612 2237 673 eis,
2268 618 2344 660 at-

759 717 866 773 que
893 700 1081 755 bestiis
1113 700 1217 753 illis
1244 700 1550 765 accidebat,
1577 715 1697 770 quae
1723 701 1790 755 ab
1815 700 1999 770 aliquo
2022 701 2339 765 vulneratae,

770 793 1107 861 necduntque
1142 799 1251 847 tota
1284 792 1509 861 cuspide
1536 793 1709 846 ventri
1735 791 1924 855 inﬁxa,
1952 806 2060 861 quo
2085 792 2138 846 in
2163 792 2344 847 bomi-

764 897 885 937 nem
908 882 1123 937 irruunt
1144 883 1380 952 impetu,
1409 883 1510 939 sibi
1535 882 1649 953 ipsa
1674 891 1844 938 totum
1870 884 2093 938 adigunt
2120 882 2341 939 ferrum.

834 1060 991 1128 Quod
1029 1060 1263 1129 primum
1312 1060 1532 1117 curiose
1575 1069 1843 1129 quaerunt,
1888 1062 1991 1118 hoc
2022 1071 2149 1118 est:
2194 1060 2347 1117 Sitne

766 1150 856 1206 hic
885 1152 1001 1222 ipse
1021 1166 1219 1216 caecus,
1248 1167 1346 1207 nec
1372 1150 1488 1221 ejus
1520 1151 1640 1207 loco
1664 1152 1805 1207 alius
1833 1153 2078 1223 proditus
2101 1152 2195 1216 sit,
2222 1168 2346 1207 cum

764 1259 822 1297 se
852 1244 1028 1311 palam
1062 1244 1227 1299 homo
1252 1247 1426 1316 ipsum
1458 1253 1877 1312 contestarctur,
1903 1260 1968 1299 ac
1997 1254 2164 1298 lotam
2192 1260 2348 1299 cura-

764 1336 925 1390 tionis
957 1336 1154 1389 serietn
1183 1345 1485 1403 enarraret,
1522 1347 1578 1391 ut
1608 1345 1662 1391 et
1694 1336 1866 1391 lutum
1892 1336 2119 1391 oblitum
2147 1337 2216 1392 sit
2244 1350 2348 1390 cae-

760 1427 942 1482 citatis
992 1427 1337 1493 remedium;
1399 1438 1567 1498 utque
1614 1430 1819 1499 piscina
1872 1428 2039 1482 lutum
2088 1429 2344 1495 abluens,

761 1517 939 1571 visum
973 1517 1287 1585 praebuerit.
1336 1518 1460 1574 lltrc
1492 1520 1654 1573 vicini
1686 1521 1959 1574 curiosius
1995 1520 2345 1590 indagabant,

763 1608 1154 1678 discebantque
1189 1628 1201 1664 :
1245 1610 1597 1680 requirebant
1631 1610 1915 1677 Pharisaei,
1963 1620 2125 1681 atque
2159 1614 2347 1668 crede-

762 1701 917 1754 bunt.

835 1789 1028 1844 Slrues
1055 1789 1226 1845 altera
1260 1789 1646 1846 assumebatur
1675 1791 1743 1844 ad
1771 1790 2177 1847 convellendum
2203 1794 2346 1863 quod

2447 600 2609 655 πλέον
2640 599 2958 654 ἐϐεϐαιοῦτο
2983 602 3016 670 ἡ
3041 600 3292 671 ἀλήθεια·
3354 606 3448 653 καὶ
3471 602 3635 655 ταυτὸ
3657 600 3895 672 ἔπασχον
3927 602 4040 655 τῶν

2448 692 2649 763 θηρίων
2680 692 2929 755 ἐκείνοις,
2963 691 3001 745 ἃ
3028 692 3305 763 πληγέντα
3323 692 3475 764 παρά
3502 710 3665 757 τινος,
3693 693 3790 746 καὶ
3813 694 4043 763 μηδέπω

2448 784 2630 837 πᾶσαν
2655 782 2754 853 τὴν
2780 783 2987 855 αἰχμὴν
3016 784 3074 837 ἐν
3110 786 3175 854 τῇ
3212 782 3414 854 γαστρὶ
3439 783 3730 854 δεξάμενα,
3781 786 3846 854 τῇ
3902 784 4041 857 προς

2444 876 2537 928 τὸν
2577 875 2864 948 ἄνθρωπον
2891 878 3036 947 ὁρμῇ
3086 877 3183 929 καὶ
3232 875 3556 947 φιλονεικίᾳ,
3591 877 3709 930 ὅλον
3747 876 3832 939 ἐφ’
3870 874 4042 929 ἐαυτὰ

2449 968 2676 1021 συνωθεῖ
2695 967 2786 1021 τὸν
2817 966 2934 1039 σίδη
2944 984 3055 1038 ρον.

2517 1059 2717 1130 Πρωτη
2777 1056 3322 1129 πολυπραγμοσύνη·
3373 1058 3435 1110 El
3468 1051 3621 1121 οὗτος
3650 1057 3814 1122 αὐτὸς
3864 1061 3895 1112 ὁ
3946 1075 4043 1110 τυ-

2448 1151 2607 1221 φλὸς,
2660 1151 2757 1207 καὶ
2812 1150 2886 1222 μὴ
2942 1151 3129 1221 ἐτερος
3178 1151 3295 1204 ἀντ’
3319 1150 3530 1203 ἐκείνου
3580 1150 3830 1222 ἐδείχθη·
3880 1150 4044 1205 τοῦτο

2450 1242 2638 1311 σαφῶς
2686 1243 2781 1297 τοῦ
2826 1241 3117 1314 ἀνθρώπου
3170 1242 3680 1317 διαμαρτυρομένου
3710 1283 3725 1306 ,
3790 1244 3887 1298 καὶ
3942 1243 4043 1314 τὴν

2448 1334 2772 1388 ἀκολουθίαν
2794 1333 2894 1404 τῆς
2947 1333 3248 1405 θεραπείας
3276 1334 3711 1402 ἀπαγγέλλοντος
3726 1335 3793 1396 ³⁵,
3826 1336 3910 1388 ὃτι
3939 1327 4045 1387 καὶ

2448 1423 2618 1494 πηλὸς
2648 1425 2983 1494 κατεχρίσθη
3007 1423 3070 1475 τὸ
3095 1422 3197 1492 τῆς
3231 1423 3568 1493 τυφλότητος
3602 1424 3895 1494 φάρμακον
3914 1463 3928 1487 ,
3960 1422 4044 1475 ὅτι

2448 1518 2544 1570 καὶ
2577 1518 2935 1589 κολυμϐήθρα
2963 1516 3055 1569 τὸν
3103 1516 3274 1588 πηλὸν
3327 1518 3659 1587 ἀπονίψασα,
3706 1521 3766 1572 τὸ
3820 1518 4045 1589 βλέπειν

2447 1608 2745 1681 παρέσχεν.
2777 1609 2967 1663 Ταῦτα
2998 1609 3428 1682 περιεργάζοντο
3448 1612 3708 1679 γείτονες,
3739 1612 3833 1664 καὶ
3872 1608 4047 1679 ἐμάν-

2448 1700 2607 1755 θανον
2629 1718 2645 1732 ·
2675 1704 2974 1772 ανεζητουν
2996 1703 3045 1755 oi
3066 1704 3370 1775 Φαρισαῖοι,
3401 1702 3446 1735 ⁸³
3474 1702 3568 1756 καὶ
3598 1701 3895 1756 ἐπείθοντο.

2519 1792 2760 1863 Δευτέρα
2804 1791 2969 1863 τέχνη
3014 1792 3097 1856 είς
3136 1792 3395 1865 ἀθέτησιν
3423 1792 3517 1847 τοῦ
3557 1793 3852 1864 γενομένω
3907 1807 4048 1863 παρ-

766 1879 974 1934 factum
1019 1890 1183 1944 esset,
1234 1890 1293 1935 ut
1341 1880 1632 1935 ostendere
1675 1892 2010 1937 conarentur
2061 1897 2165 1937 non
2220 1898 2341 1939 esse

2456 1883 2812 1955 ελαμϐάνετο,
2852 1884 2924 1937 τὸ⁴
2943 1884 3239 1956 πειρᾶσθαι
3262 1884 3552 1949 δεικνύειν,
3586 1885 3663 1948 ὡς
3686 1885 3787 1938 οὐκ
3836 1883 3987 1936 ἔστιν
4008 1889 4038 1938 ὁ

760 1970 1058 2035 Christum,
1084 1971 1185 2040 qui
1210 1981 1477 2025 curasset.
1510 1970 1644 2049 Quia
1689 1986 1819 2026 vero
1864 1974 2024 2027 ltouto
2059 1973 2352 2043 sospitato-

770 2075 883 2117 rem
914 2061 1208 2126 clamabat,
1244 2076 1451 2131 suaque
1482 2061 1825 2117 confessione
1846 2077 1910 2118 ac
1939 2063 2347 2131 praedicatione,

767 2152 981 2221 gratias
1020 2151 1376 2222 rependebat,
1418 2167 1482 2209 ac
1524 2154 1846 2209 beneficium
1877 2154 2157 2224 prodebat,
2190 2154 2351 2209 obtu-

765 2245 897 2298 rntis
928 2243 1173 2309 auribus,
1201 2258 1265 2299 ac
1291 2245 1476 2299 animo
1506 2246 1768 2316 perplexi,
1804 2261 1902 2301 nec
1930 2245 2194 2302 habentes
2219 2246 2349 2317 quid

769 2341 1015 2403 agerent,
1064 2334 1135 2389 ad
1160 2334 1333 2390 morbi
1376 2350 1566 2389 rursus
1601 2335 2006 2405 inquisitionem
2040 2344 2347 2403 recurrunt,

765 2420 1055 2497 diligenter
1102 2437 1436 2493 scrutantur,
1470 2428 1610 2483 sitne
1653 2428 1710 2484 is'
1743 2442 1925 2485 caecus
1971 2445 2001 2484 a
2042 2429 2345 2497 nativitate,

766 2517 1115 2588 hominisque
1149 2529 1400 2589 parentes
1435 2519 1748 2585 consulunt,
1783 2535 1848 2575 ac
1875 2521 2080 2592 singula
2113 2535 2341 2577 accura-

765 2609 877 2665 tius
906 2610 1152 2680 exigunt,
1189 2625 1295 2665 non
1325 2619 1383 2663 ut
1412 2624 1523 2664 rem
1558 2619 1767 2681 gestam
1797 2610 2142 2675 conﬁrment,
2172 2613 2266 2667 sed
2293 2621 2352 2666 ut

692 2736 699 2743 ο
770 2702 967 2773 quovis
994 2701 1153 2755 modo
1182 2699 1543 2765 labefactandi
1570 2702 1818 2756 miraculi
1844 2717 2029 2756 ansam
2061 2703 2350 2771 arripiant,

766 2790 1002 2861 falsique
1035 2790 1240 2860 aliquid
1288 2793 1584 2846 commenti
1632 2792 1950 2859 moliantur,
1990 2806 2097 2861 quo
2139 2792 2350 2849 ﬁdelem

764 2884 982 2954 plebem
1012 2898 1041 2937 a
1072 2884 1252 2939 studio
1284 2893 1554 2939 avertant.
1588 2882 1632 2938 Ο
1662 2884 2021 2940 excellentem
2059 2884 2354 2940 malitiam!

766 2957 1091 3043 Depugnare
1120 2984 1316 3027 contra
1364 2974 1677 3038 veritatem;
1717 2987 1819 3029 nec
1853 2974 2082 3029 adorare
2112 2974 2351 3029 omnium

768 3065 1144 3133 conditorem;
1178 3065 1273 3121 sed
1304 3065 1551 3121 benetlco
1586 3067 1872 3122 detrahere
1909 3083 1925 3120 :
1956 3081 2063 3121 non
2091 3065 2353 3120 admirari

767 3157 1088 3228 potentiam,
1115 3157 1212 3211 sed
1238 3158 1423 3212 conari
1455 3167 1606 3228 gesta
1636 3156 1872 3213 elevare.
1898 3155 2120 3212 Credite
2151 3156 2233 3211 vel
2260 3172 2354 3227 pa,-

2452 1976 2689 2051 Χριστδς
2723 1981 2760 2031 δ’
2799 1977 3110 2050 ἐνεργήσας
3133 1978 3232 2051 τὴν
3260 1971 3577 2050 θεραπείαν.
3612 1976 3832 2047 Ἐπειδὴ
3866 1974 3923 2027 δέ
3950 1974 4046 2030 dv-

2451 2069 2671 2141 θρωπος
2705 2070 2799 2123 τδν
2828 2069 3059 2140 Σωτῆρα
3079 2067 3230 2133 ἐϐόα,
3271 2070 3369 2122 καὶ
3396 2070 3465 2140 τῇ
3515 2068 3799 2139 ὁμολογία,
3828 2066 3925 2121 καὶ
3963 2065 4046 2135 τῷ

2451 2162 2770 2234 κηρύγματι
2809 2162 3084 2215 ἀντεδίδου
3124 2161 3231 2234 τὴν
3264 2162 3447 2233 χάριν,
3501 2160 3592 2214 καῖ
3622 2158 3712 2213 τὸν
3742 2158 4047 2230 εὐεργέτην

2452 2254 2807 2325 ἐδημοσίευεν
2824 2270 2839 2285 ·
2874 2253 3352 2324 ἁποφραττδμενοι
3391 2252 3462 2305 τὰ
3487 2252 3755 2321 στόματα,
3783 2251 3879 2303 καὶ
3907 2250 4047 2317 ἰλιγ-

2452 2347 2679 2415 γιῶντες
2712 2346 2811 2417 τὴν
2836 2344 3084 2416 γνώμην,
3114 2346 3216 2399 οὐκ
3239 2344 3458 2415 ἔχοντες
3478 2345 3505 2397 ὃ
3533 2342 3703 2397 τικώ
3734 2342 4045 2414 πράξωσιν,

2453 2437 2546 2491 ἐπὶ
2573 2438 2670 2509 τὴν
2702 2435 2797 2490 τοῦ
2824 2435 3032 2499 πάθους
3060 2437 3221 2491 πάλιν
3251 2437 3611 2509 ἀνατρέχουσι
3638 2426 3891 2509 [ζήτησιν
3908 2451 3922 2464 ·
3950 2434 4047 2487 καὶ

2453 2531 2503 2584 εἰ
2544 2530 2610 2583 ἐκ
2654 2529 2880 2599 γενετῆς
2929 2526 3151 2598 τυφλὸς,
3195 2526 3355 2580 τοῦτο
3408 2526 3890 2598 περιεργάζονται,
3948 2526 4047 2578 καὶ

2453 2622 2582 2685 τοὺς
2603 2621 2780 2691 γονεῖς
2805 2616 3134 2691 άναζητοῦσι
3150 2619 3242 2673 τοῦ
3259 2618 3548 2690 ἀνθρώπου
3565 2617 3655 2689 ⁸³],
3674 2617 3767 2671 καὶ
3792 2616 4049 2687 ἀκριϐεῖς

2458 2713 2746 2780 ἐξετασταὶ
2785 2710 3024 2780 γίνονται
3064 2711 3171 2764 τῶν
3212 2710 3333 2764 καθ’
3384 2710 3631 2772 ἕκαστον,
3683 2708 3781 2777 οὐχ
3829 2707 3919 2758 ἵνα
3957 2706 4050 2775 βε-

2455 2803 2732 2858 ϐαιώσωσι
2758 2800 2818 2857 τὸ
2840 2804 3106 2876 πραχθὲν,
3138 2803 3252 2856 ἀλλ’
3285 2803 3373 2854 ἵνα
3405 2802 3719 2872 ἀνατροπὴν
3748 2799 3914 2852 ποθεν
3947 2797 4048 2851 τοῦ

2456 2893 2763 2964 θαυμασίου
2806 2893 3043 2959 λάϐωσι,
3097 2891 3393 2962 καὶψευδῆ
3437 2909 3559 2944 τινα
3601 2890 3907 2960 σκευωρίαν
3953 2905 4052 2940 κα·

2455 2985 2894 3049 τασκευάσαντες
2952 2985 3013 3038 τὺ
3040 2984 3296 3039 πιστεῦον
3326 2983 3531 3053 πλῆθος
3563 2984 3664 3052 τῆς
3701 2982 3878 3053 ὁρμῆς
3908 2981 4051 3033 ἁνα-

2454 3074 2750 3146 τρέψωσιν.
2784 3076 2849 3127 Ὢ
2886 3075 3085 3138 κακίας
3116 3075 3423 3147 ὐπερϐολήῐ
3454 3073 3739 3144 Μάχεσθαι
3780 3071 3920 3143 πρὸς
3946 3071 4052 3141 τὴν

2456 3168 2736 3239 ἀλήθειαν,
2767 3167 2862 3221 καὶ
2895 3166 2968 3243 μὴ
3009 3169 3335 3239 προσκυνεῖν
3366 3164 3456 3219 τὸν
3485 3166 3662 3217 πάντα
3688 3163 3735 3195 ⁸³
3761 3162 4051 3225 ποιοῦντα,

769 3248 1039 3313 rentibus,
1073 3264 1106 3304 ο
1138 3248 1417 3314 Pbariszei,
1451 3251 1533 3304 sic
1567 3258 1751 3305 natum
1782 3264 1903 3311 esse
1934 3264 2138 3305 caecum
2172 3251 2350 3307 homi-

2457 3224 2593 3313 ἀλλὰ
2629 3224 2908 3332 διασύρειν
2957 3224 3063 3312 trav.
3110 3257 3407 3330 εὐεργέτην
3432 3275 3453 3305 ’ν
3490 3257 3564 3328 μὴ
3599 3256 3898 3326 θαυμάζειν
3947 3256 4053 3325 τὴν

770 3356 894 3395 nem
921 3357 937 3406 ;
972 3355 1299 3410 rursumque
1325 3341 1390 3395 ad
1420 3355 1628 3396 czecum
1661 3340 1947 3405 recurrite,
1982 3342 2348 3411 secundoque,

776 3446 843 3484 ac
876 3433 1064 3496 tertio,
1090 3443 1244 3488 certo
1274 3434 1437 3487 abeo
1469 3432 1695 3488 docendi
1723 3419 1893 3488 malos
1922 3441 2149 3488 conatus
2178 3448 2240 3488 ac
2270 3435 2352 3489 in-

775 3524 965 3579 sidias.
992 3522 1094 3579 Ubi
1128 3538 1253 3577 vero
1282 3525 1490 3591 primus
1513 3532 1748 3581 conatus
1768 3538 1872 3579 non
1906 3525 2252 3589 successerit,
2284 3527 2351 3581 ad

770 3614 1068 3669 secundum
1094 3615 1403 3683 procedits;
1431 3615 1519 3668 ubi
1547 3629 1646 3669 nec
1691 3613 1985 3680 secundus,
2008 3615 2072 3667 ad
2097 3616 2350 3682 tertium;

777 3706 867 3760 ubi
900 3719 999 3759 nec
1030 3704 1245 3768 tertius,
1269 3705 1525 3775 deinceps
1552 3706 1916 3774 ad'quartum.
1944 3705 2149 3761 Astutae
2178 3706 2351 3775 Vulpis

770 3811 965 3852 cursus
992 3805 1210 3851 versate
1240 3813 1253 3850 :
1286 3811 1350 3851 ac
1378 3795 1597 3865 quidem
1628 3795 1773 3850 omni
1814 3808 1911 3849 vos
1944 3804 2097 3861 parte
2136 3809 2234 3850 ceu
2268 3797 2349 3850 in-

773 3889 975 3959 dagine
1002 3888 1225 3959 cingunt
1251 3887 1501 3943 veritatis
1530 3887 1665 3942 retia
1690 3903 1705 3952 ;
1737 3900 1837 3940 nec
1870 3886 1983 3940 fieri
2011 3894 2208 3955 potest,
2239 3896 2299 3941 ut
2326 3903 2355 3941 a

771 3977 1039 4035 miraculo
1066 3978 1269 4033 exitum
1302 3976 1616 4032 inveniatis.
1648 3976 1935 4032 Enimvero
1965 3978 2169 4032 nullam
2196 3980 2356 4034 omit-

776 4069 873 4125 tite
904 4069 1178 4137 stropltem
1218 4082 1432 4123 aranea:
1466 4078 1710 4124 texentes
1738 4068 1921 4134 telam,
1946 4071 2091 4126 varie
2117 4072 2358 4140 quidem,

777 4160 1029 4215 imbecilli
1061 4169 1239 4212 tamen
1267 4168 1463 4213 conatu
1489 4173 1553 4213 ac
1575 4159 1771 4223 inutili,
1813 4160 2035 4214 insidias
2064 4170 2358 4216 struentes.

2454 3349 2705 3419 δύναμιν,
2750 3348 2864 3402 ἀλλ’
2906 3347 3196 3411 εὐτελίζειν
3246 3345 3541 3417 πειρᾶσθαι
3599 3346 3670 3398 τὰ
3707 3344 4049 3417 πράγματα.

2459 3440 2728 3512 Πείσθητε
2769 3442 2866 3495 καὶ
2907 3441 3057 3513 παρὰ
3097 3440 3207 3496 τῶν
3240 3442 3464 3510 γονέων,
3519 3436 3565 3492 ὦ
3602 3441 3921 3513 Φαρισαῖοι,
3965 3440 4054 3492 ὅτι

2462 3532 2601 3603 μετὰ
2626 3532 2726 3602 τῆς
2757 3530 3089 3602 τυφλότητος
3119 3532 3317 3603 ἐτέχθη
3351 3533 3379 3585 ὁ
3405 3532 3691 3603 ἄνθρωπος
3711 3546 3725 3560 ·
3763 3532 3857 3584 καὶ
3883 3530 4056 3583 πάλιν

2458 3623 2553 3675 ἐπὶ
2581 3622 2672 3675 τὸν
2693 3621 2892 3692 τυφλὸν
2925 3622 3274 3694 ἅνατρέχετε,
3309 3626 3373 3676 ἐκ
3394 3623 3674 3693 δευτέρου,
3703 3620 3798 3675 καὶ
3836 3621 4054 3692 τρίτου,

2462 3712 2593 3785 παρ’
2627 3714 2837 3766 ἐκείνου
2873 3712 3379 3784 πληροφορούμενοι
3410 3712 3518 3766 τῶν
3543 3710 3729 3765 κακῶν
3763 3712 4059 3781 ἐπιχειρη-

2465 3804 2649 3871 μάτων
2678 3802 2775 3855 καὶ
2793 3801 2901 3856 τῶν
2949 3801 3269 3856 ἐπιϐουλῶν.
3311 3801 3450 3854 Ἀλλ’
3482 3801 3559 3854 ὅτ’
3590 3800 3657 3853 ἂν
3685 3799 3786 3868 τῆς
3820 3798 4057 3869 πρώτης

2456 3892 2729 3963 ἐκπέσητε
2775 3894 2990 3965 πείρας,
3030 3893 3125 3946 ἐπὶ
3156 3894 3256 3966 τὴν
3287 3892 3546 3963 δευτέραν
3570 3892 3795 3963 χωρεῖτε
3814 3903 3830 3918 ’
3879 3888 3964 3943 ὅτ’
3986 3890 4057 3941 ἂν

2458 3982 2556 4053 τῆς
2596 3982 2878 4056 δευτέρας,
2920 3985 3014 4039 ἐπὶ
3050 3984 3150 4055 τὴν
3191 3985 3383 4057 τρίτην
3406 3996 3435 4015 ··
3461 3985 3539 4039 ὅτ’
3577 3984 3643 4037 ἂν
3686 3983 3785 4053 τῆς
3822 3982 4053 4053 τρίτης.

2458 4075 2553 4127 ἐπὶ⁸
2578 4076 2670 4129 τὸν
2709 4076 2961 4147 καθεξῆς.
3008 4077 3312 4140 Ἀλώπεκος
3340 4074 3757 4147 κακουργούσης
3778 4072 4055 4142 ἀναστρέ-

2462 4167 2627 4236 φεσθε
2662 4168 2924 4241 δρόμους·
2962 4170 3065 4223 καὶ
3107 4167 3519 4240 πανταχοῦδμέν
3561 4167 3702 4237 ὑμᾶς,
3751 4162 3820 4217 τὰ
3853 4163 4055 4216 δίκτυα

775 4251 874 4321 τῆς
926 4249 1183 4322 ἀληθείας
1237 4250 1725 4320 περιεστοίχισται·
1778 4251 2019 4319 ἄφυκτος
2059 4251 2138 4317 δέ,
2182 4253 2350 4323 sane
2388 4254 2689 4327 θαυμασίου
2765 4255 3010 4323 διέξοδος.
3080 4259 3270 4330 Ὅμως
3315 4259 3372 4312 δὲ
3414 4259 3591 4328 πάσης
3640 4258 3741 4310 οὐκ
3791 4254 4056 4325 ἀμελεῖτε

777 4345 1003 4416 πλοκῆς,
1051 4343 1195 4397 ἱστὸν
1248 4342 1490 4414 ἀράχνης
1561 4342 1894 4411 ὑφαίνοντες,
1952 4341 2212 4406 ποικίλως
2266 4345 2397 4415 μὲν,
2439 4347 2553 4401 ἀλλ’
2587 4348 2947 4413 άσθενῶςκαὶ
2979 4348 3257 4427 ἀνηνύτως
3284 4347 3742 4411 ἐπιϐουλεύοντες.

850 4464 1069 4521 Morbus
1092 4461 1181 4515 ltic
1202 4461 1500 4530 a.patribus
1532 4460 1583 4513 in
1615 4475 1707 4512 vos
1737 4468 1820 4513 est
1850 4460 2146 4514 derivatns.
2182 4459 2350 4517 lncre~

2535 4466 2809 4538 Πατρικὸν
2873 4463 3026 4539 ὐμῶν
3082 4463 3143 4516 τὸ
3190 4465 3421 4535 νόσημα.
3465 4462 3734 4517 Ἀπίστων
3786 4462 4054 4531 πατέρων

778 4554 1027 4611 dulontm
1062 4559 1367 4621 parentum,
1404 4548 1669 4602 increduli
1707 4545 1822 4600 ﬁlii.
1858 4547 2058 4602 Eodem
2092 4548 2164 4602 illi
2198 4553 2356 4605 modo

778 4648 1107 4709 habuerunt,
1135 4640 1276 4712 quod
1301 4650 1512 4711 spectat
1542 4641 1608 4694 ad
1631 4638 1849 4711 Aﬂgypti
1886 4640 2168 4696 miracula.
2195 4641 2357 4697 Novis

780 4736 955 4790 modis
987 4743 1291 4803 praeterque
1322 4729 1782 4795 exspectationem
1810 4730 1877 4781 ab
1909 4730 2151 4783 hostibus
2180 4730 2355 4787 salva-

782 4812 1003 4888 bantur,
1041 4840 1105 4879 ac
1143 4823 1332 4887 salutis
1370 4821 1576 4875 auctori
1614 4818 1875 4874 increduli
1906 4829 2092 4872 erant.
2121 4819 2357 4873 Aiebam-

781 4934 881 4981 tur;
904 4918 1046 4974 escis
1070 4914 1427 4977 nobilioribus
1467 4927 1627 4982 quam
1665 4913 1863 4964 habeat
1894 4922 2105 4966 natura:
2134 4928 2265 4967 usus
2285 4915 2354 4977 ⁸⁷,

776 5021 1040 5078 erantque
1067 5006 1331 5067 fatuelicis
1356 5006 1696 5075 ingratiores.
1731 5001 2115 5071 Suscipiebant
2157 5019 2355 5058 manna

781 5088 863 5160 de.
884 5103 1023 5167 ctelo
1057 5102 1279 5159 missum
1310 5099 1377 5163 ⁸³,
1404 5096 1762 5163 alliorutnqne
1798 5093 2015 5164 Egypti
2048 5110 2111 5150 ac
2140 5096 2354 5165 cepinm

781 5171 981 5250 tetrum
1015 5190 1396 5247 desiderabant
1429 5189 1668 5242 odorem.
1697 5183 1962 5240 Columna
2002 5178 2354 5243 nubis’inter-

768 5269 879 5358 ᾼὶιῖ.
907 5282 1372 5341 obumbrabautur
1405 5278 1472 5344 δδ,
1512 5287 1570 5330 ιιι
1604 5292 1671 5332 ne
1704 5277 1835 5333 solis
1875 5277 2149 5330 radiorum
2187 5282 2353 5333 testus

780 5374 1087 5430 molestiam
1124 5371 1328 5425 faceret
1363 5391 1374 5424 :
1414 5369 1660 5440 ignisque
1698 5369 1947 5424 columna
1990 5385 2085 5439 per
2138 5380 2349 5426 noctem

781 5464 1216 5526 “lustrabantur,
1245 5478 1440 5515 novum
1465 5461 1607 5515 aliud
1635 5471 1831 5531 praeter
1855 5462 2033 5515 lunam
2063 5462 2357 5516 eximium-

780 5572 885 5628 que
915 5555 1193 5611 consecuti
1226 5554 1487 5607 luminare
1514 5572 1525 5605 :
1565 5569 1626 5605 ac
1659 5553 1815 5621 quasi
1852 5553 1985 5606 nibil
2018 5555 2213 5608 divinae
2243 5554 2353 5606 vir-

882 5765 926 5796 "
959 5763 1130 5818 Exod.
1173 5779 1283 5829 xw,
1314 5763 1399 5817 15.
1478 5761 1522 5793 ³⁸
1561 5759 1695 5817 tbid.
1724 5760 1814 5815 21.

770 5832 839 5864 δ”
861 5835 982 5903 Seg.
1027 5833 1216 5887 ταῦτα.

1912 5761 1954 5793 δ’
1990 5759 2161 5817 Exod.
2196 5778 2313 5825 xm,
2345 5760 2433 5816 ‘21.

2462 4557 2639 4627 ὅμοιοι
2663 4556 2874 4619 παῖδες.
2909 4552 3153 4608 Τοιοῦτοι
3184 4556 3427 4608 κάκεῖνοι
3450 4554 3541 4606 τδν
3573 4553 3773 4624 τρόπον
3816 4552 3953 4625 περὶ
3986 4553 4056 4607 τὰ

2465 4647 2743 4718 θαυμάσια
2773 4647 2843 4699 τὰ
2870 4648 2987 4701 κατ’
3011 4648 3306 4715 Αἴγυπτον.
3356 4644 3453 4698 Ἐκ
3482 4644 3732 4716 πολέμων
3778 4643 4057 4709 ἐσώζοντο

2462 4740 2663 4802 καινῶς
2699 4740 2791 4791 καὶ
2826 4741 2957 4810 παρ’
2989 4738 3231 4800 ἐλπίδας,
3265 4736 3464 4807 καὶτῷ
3495 4736 3689 4790 διδόντι
3734 4736 3832 4807 τὴν
3878 4754 4059 4807 cum;-

2467 4830 2583 4899 ρίαν
2622 4830 2916 4897 ἠπίστουν·
2969 4829 3256 4900 ἐτρέφοντο
3310 4829 3535 4897 τροφαῖς
3584 4825 4058 4897 ὑπερϐαινούσαις

2464 4919 2563 4990 τὴν
2610 4920 2789 4989 φύσιν,
2844 4919 2939 4972 καὶ
2978 4920 3087 4973 τῶν
3117 4917 3510 4989 λιμωττώντων
3538 4912 3678 4987 ἦσαν
3717 4917 3876 4970 πλέον
3914 4919 4061 4988 ἀχά⁴

2470 5028 2673 5075 ριστοιο
2737 5012 2915 5080 μάννα
2964 5010 3286 5080 ὑπεδέχοντο
3321 5007 3609 5080 οὐρανόθεν
3658 5007 4056 5079 πεμπόμενον,

2466 5102 2559 5153 καὶ
2584 5101 2692 5153 τῶν
2719 5100 3103 5168 Αἰγυπτιακῶν
3135 5100 3407 5171 σκορόδων
3422 5117 3481 5152 τε
3503 5098 3598 5151 καὶ
3621 5098 3931 5172 κρομμύων
3954 5099 4058 5169 τὴν

2463 5190 2725 5243 δυσωδίαν
2761 5191 2990 5243 ἐπόθουν
3023 5207 3036 5221 ο
3082 5190 3260 5261 στύλῳ
3284 5189 3516 5259 νεφέλης
3550 5188 3648 5258 τὴν
3677 5189 3897 5259 ἡμέραν
3950 5190 4059 5241 ὑπο

2465 5281 2798 5347 εσκιάζοντο,
2852 5284 2937 5336 ἴνα
2967 5283 3042 5353 μὴ
3098 5285 3165 5353 τῇ
3215 5282 3391 5353 θέρμῃ
3428 5281 3527 5352 τῆς
3568 5280 4059 5351 ἡλιακῆςάκτῖνος

2465 5372 2946 5446 ταλαιπωρήσωτι,
2980 5374 3075 5425 καὶ
3101 5373 3277 5443 στύλῳ
3308 5372 3479 5443 πυρὸς
3508 5374 3566 5425 ἐν
3594 5371 3751 5424 νυκτὶ
3774 5371 4060 5441 κατελαμ-

2466 5483 2649 5532 ποντο,
2684 5466 2841 5519 ἄλλον
2894 5468 3155 5536 φωστῆρα
3213 5465 3401 5519 καινὸν
3456 5463 3605 5534 παρὰ
3654 5463 3755 5534 τὴν
3812 5463 4058 5532 σελήνην

2465 5556 2718 5620 λαϐόντες
2745 5556 3040 5627 ἐξαίρετον,
3070 5557 3247 5619 miti»;
3280 5556 3535 5625 οὐδεμιᾶς
3563 5554 3842 5625 ἐνεργείας
3858 5554 4059 5625 θεῖκῆς

2514 5763 2558 5794 ⁵⁰
2597 5764 2723 5832 ch.
2756 5761 3107 5834 κεκραγότος.
3206 5764 3247 5796 ³²
3290 5763 3374 5814 ῑσ.
3410 5757 3644 5812 καὶούκ.
3724 5757 3767 5788 ⁸²
3796 5757 3876 5811 Ex
3922 5758 4056 5830 ὅτε.
