4212 6318
747 408 855 463 9.63

2019 398 2078 456 S.
2116 396 2391 454 ASTERH
2430 394 2733 451 AMASENI

3907 395 4020 452 264

753 531 970 584 natum;
1008 521 1180 574 virum
1212 533 1276 572 ex
1308 531 1504 587 genere
1530 517 1851 581 lsraelilam,
1882 515 2068 586 legalis
2097 517 2316 570 institu-

2452 530 2553 583 ητε
2581 513 2669 564 τον
2697 511 2812 563 υἱὸν
2842 510 2934 564 τοῦ
2973 510 3171 581 Ἀμώς,
3205 510 3489 582 προφήτην
3516 512 3796 581 προφήτου
3825 513 4022 577 παῖδα,

756 614 921 668 tionis
949 625 1127 681 caput.
1169 611 1252 664 Sit
1299 607 1405 664 Deo
1438 610 1628 679 gloria,
1664 618 1921 678 potestas,
1959 607 2154 671 honor,
2185 620 2327 660 nunc

751 715 807 762 et
833 719 1047 775 semper
1069 711 1123 757 et
1153 702 1203 756 in
1235 700 1430 756 szecula
1458 700 1794 754 saeculorum.
1830 698 2023 751 Amen.

1486 896 1613 950 Vill.

754 994 823 1049 In
847 1003 1055 1048 sanctos
1079 991 1334 1061 principes
1354 990 1612 1057 apostolos
1640 986 1852 1042 Petrum
1878 996 1925 1041 et
1944 984 2176 1040 Paulum
2191 982 2323 1061 (4.0).

824 1143 887 1199 lli
917 1158 1049 1199 sane
1083 1155 1292 1207 omnes,
1318 1149 1574 1196 consueta
1594 1153 1657 1193 ac
1681 1136 1919 1208 legitima
1947 1134 2158 1190 ratione
2178 1132 2331 1187 exhi-

751 1233 872 1299 bili,
920 1233 1061 1288 sacri
1118 1241 1418 1300 martyrum
1468 1230 1722 1292 honores,
1767 1226 1886 1280 festi
1931 1224 2048 1279 dies
2088 1231 2236 1288 sunt,
2267 1236 2332 1277 ac

752 1323 1013 1394 praeclare
1043 1337 1072 1376 e
1108 1321 1307 1391 pietate
1342 1328 1614 1391 gestorum
1659 1318 1796 1371 tituli
1824 1315 2094 1384 perpetui.
2132 1315 2187 1368 In
2229 1313 2329 1379 iis,

752 1415 842 1470 ubi
901 1411 1270 1468 Ecclesiarum
1313 1409 1569 1481 praesules
1621 1408 1819 1462 dicturi
1878 1403 2228 1466 accesserint,
2266 1403 2330 1456 ad

755 1520 939 1560 rerum
977 1505 1030 1558 in
1065 1502 1334 1558 orationis
1367 1509 1738 1569 argumentum
1787 1496 2187 1567 propositarum
2215 1508 2333 1548 ma-

753 1595 1090 1666 gnitudinem
1132 1608 1258 1648 suas
1299 1593 1576 1661 exigentes
1612 1590 1774 1651 vires,
1818 1590 1934 1657 ipso
1971 1587 2149 1642 statim
2175 1601 2334 1640 exor-

754 1687 845 1741 dio
890 1687 956 1739 ad
1007 1685 1220 1740 veniam
1275 1696 1497 1751 remque
1553 1697 1582 1735 a
1627 1695 1686 1735 se
1732 1681 2090 1734 amoliendam
2141 1678 2331 1734 confu-

754 1781 931 1851 giunt,
961 1779 1342 1846 sermonisque
1389 1776 1633 1829 exilitate
1662 1773 1831 1828 minui
1871 1787 2053 1827 rerum
2085 1771 2334 1842 magniﬁ-

2443 603 2784 674 Ἰσραηλίτην
2821 604 2886 655 ἐκ
2923 603 3112 670 γένους
3153 602 3350 672 ἄνδρα,
3390 603 3488 672 τῆς
3537 602 3680 655 κατά
3719 601 3810 653 τὸν
3853 603 4025 671 νόμον

2429 693 2651 764 ἀγωγῆς
2671 694 2730 746 τὸ
2757 694 3068 766 κεφάλαιον.
3087 692 3176 763 Τῷ
3207 694 3260 745 δὲ
3289 693 3406 764 Θεῷ
3428 692 3553 759 δόξα
3570 734 3584 759 ,
3619 694 3840 763 κράτος.
3858 691 4019 763 τιμὴ.

2430 783 2524 836 νῦν
2558 786 2650 838 καὶ
2680 785 2768 837 ἀεὶ
2797 786 2890 838 καὶ
2911 787 2990 848 εις
3019 787 3143 850 τοὺς
3174 785 3376 848 αἰῶνας
3409 787 3516 838 τῶν
3546 785 3776 839 αἰώνων.
3816 785 4019 855 Ἀμήν.

3174 899 3260 951 Η¹.

2443 989 2760 1059 Ἐγκώμιον
2790 993 2878 1056 εἰς
2924 991 3069 1061 τοὺς
3102 992 3311 1061 ἁγίους
3356 992 3719 1060 κορυφαίους
3751 991 4022 1044 ἀποστό-

2812 1066 2964 1126 λους
2989 1060 3215 1128 Πέτρον
3238 1061 3337 1113 καὶ
3370 1061 3636 1115 Παῦλον.

2502 1151 2678 1203 Πᾶσαι
2711 1152 2808 1222 μὲν
2835 1154 2888 1205 αἱ
2917 1153 3166 1223 συνήθεις
3186 1147 3343 1206 αὗται
3361 1153 3455 1206 καὶ
3485 1153 3624 1206 κατὰ
3648 1156 3808 1222 νόμον
3839 1151 4024 1204 τελού-

2435 1254 2594 1308 μεναι
2628 1239 2738 1292 τῶν
2769 1239 3064 1312 μαρτύρων
3097 1241 3255 1308 τιμαὶ
3285 1241 3452 1310 ἱεραὶ,
3490 1239 3828 1309 πανηγύρεις
3889 1237 4021 1301 εἰσὶ,

2429 1329 2658 1383 καὶτῶν
2702 1332 2842 1385 κατά
2874 1332 3004 1384 Θεὸν
3040 1331 3568 1402 ἀνδραγαθησάντων
3601 1331 3790 1401 στῆλαι
3829 1331 4023 1383 διαιω-

2433 1422 2700 1484 νὶζουσαιο
2738 1425 2795 1475 ὲν
2829 1418 2915 1486 αἷς
2963 1425 3011 1476 οἱ
3063 1425 3312 1495 πρόεδροι
3364 1423 3471 1475 τῶν
3515 1421 3839 1490 ἐκκλησιῶν,
3894 1422 4024 1473 ὅταν

2433 1513 2572 1582 πρὸς
2592 1513 2652 1566 τὸ
2673 1512 2852 1581 λέγειν
2872 1514 3200 1582 ἀφίκωνται,
3235 1514 3333 1578 τὰς
3363 1514 3570 1566 ἑαυτῶν
3603 1513 3860 1582 δυνάμεις
3889 1513 4022 1564 ἁντ-

2434 1600 2779 1666 εξετάζοντες
2830 1601 2908 1670 τῷ
2965 1601 3182 1672 μεγέθει
3225 1603 3332 1655 τῶν
3360 1603 3690 1666 ὑποθέσεων,
3756 1600 3922 1662 εὐθὺς
3971 1602 4029 1651 ὲν

2436 1693 2748 1762 προοιμίοις
2779 1694 2914 1764 πρὸς
2946 1694 3063 1764 τὴνκ
3084 1694 3413 1765 συγγνώμην
3445 1695 3538 1747 καὶ
3568 1695 3665 1766 τὴν
3690 1693 4030 1765 παραίτησιν

2437 1783 2895 1852 καταφεύγουσιψ
2921 1787 3014 1837 καί
3033 1803 3196 1855 φασιν
3223 1786 3478 1839 ἐλαττοῦν
3509 1785 3603 1855 τὴν
3623 1785 3730 1837 τῶν
3766 1782 4031 1854 πραγμά-

755 1872 990 1926 centiam
1038 1877 1310 1924 asserunt.
1361 1867 1432 1922 Ut
1484 1879 1614 1920 vero
1665 1865 1763 1931 illi,
1817 1863 2059 1934 singulos
2091 1877 2337 1933 quosque

2452 1892 2545 1927 των
2584 1875 3061 1946 μεγαλοπρέπειαν
3083 1880 3149 1946 τῇ
3185 1878 3278 1930 τοῦ
3310 1879 3468 1947 λόγου
3501 1879 3848 1948 σμικρότητι.
3891 1877 3955 1928 Et
3985 1874 4028 1926 δ’

754 1972 1024 2032 martyres
1080 1961 1333 2015 laudibus
1385 1959 1730 2022 celebraturi,
1772 1957 1919 2010 velut
1963 1956 2201 2010 animum
2241 1957 2337 2010 de-

757 2056 1049 2124 spondent,
1077 2052 1360 2122 majusque
1393 2050 1596 2121 aliquid
1631 2065 1791 2119 quam
1819 2064 1917 2116 pro
1947 2062 2044 2102 sua
2082 2048 2338 2102 facultate

757 2145 1120 2200 laudationem
1155 2151 1489 2210 agnoscunt,
1535 2138 1844 2210 ac_llquido
1896 2153 2049 2193 suam
2110 2137 2208 2207 ipsi
2256 2137 2338 2191 fa-

757 2245 942 2292 tentur
985 2233 1410 2290 imbecillitatem
1437 2271 1451 2295 ,
1500 2230 1632 2300 quid
1666 2244 1754 2284 tne
1793 2230 1905 2292 fiet,
1959 2229 2043 2283 cui
2074 2230 2336 2283 hodierna

756 2330 845 2385 die
885 2338 1185 2400 martyrum
1211 2334 1572 2397 praeceptores
1596 2323 1793 2378 celebri
1831 2323 1986 2378 laude
2009 2337 2338 2393 prosequen-

756 2421 855 2476 dos
890 2420 1226 2491 propositum
1259 2419 1369 2473 sit?
1407 2419 1596 2480 Veros,
1637 2417 1880 2484 inquam,
1924 2415 2064 2477 illos,
2105 2414 2339 2483 primos-

757 2528 864 2584 que
898 2511 1192 2582 discipulos
1251 2508 1476 2575 Christi,
1513 2506 1882 2562 Ecclesiarum
1927 2505 2143 2571 Patres,
2196 2505 2340 2561 solos

757 2607 1018 2679 probatos
1061 2603 1357 2671 fidelesque
1409 2601 1687 2671 Evangelii
1746 2615 2056 2670 praecones;
2096 2599 2339 2672 quicum

761 2699 872 2754 Deo
905 2697 1136 2751 miscere
1159 2693 1447 2762 colloquia,
1482 2694 1699 2760 suisque
1729 2692 1828 2759 ipsi
1857 2692 2076 2746 auribus
2104 2691 2338 2746 divinam

760 2788 1057 2857 suscipere.-
1087 2799 1273 2840 vocem
1305 2783 1450 2853 digni
1485 2782 1653 2837 habiti
1684 2782 1812 2836 sint.
1851 2781 2004 2836 Haud
2039 2783 2337 2847 enimvero,

761 2879 905 2949 quod
935 2878 1006 2932 sit
1037 2873 1284 2930 sublimis
1315 2888 1514 2936 sermo,
1541 2888 1602 2926 ac
1629 2875 1832 2927 arduus
1860 2883 2106 2937 conatus,
2136 2873 2341 2928 idcirco

761 2983 942 3041 opem
972 2968 1207 3038 pretium
1262 2966 1511 3020 videatur
1555 2975 1612 3019 ut
1650 2965 1793 3019 iners
1840 2979 2143 3032 vanumque
2178 2964 2342 3018 silen-

761 3063 895 3118 tium
928 3061 1213 3129 eligamus,
1245 3058 1559 3127 ignavorum
1599 3071 1750 3111 more
1779 3070 1842 3109 ac
1890 3055 2057 3109 maris
2100 3055 2339 3122 rudium,

763 3153 853 3223 qui
895 3153 961 3207 ad
990 3151 1157 3207 maris
1183 3151 1358 3220 ipsum
1389 3158 1662 3219 aspectum
1695 3147 2250 3216 abjiciuntanimum;
2279 3161 2341 3200 ac

763 3258 941 3314 neque
974 3243 1240 3312 principio
1294 3243 1560 3297 sustinent
1587 3242 1768 3294 navim
1807 3239 2191 3300 conscendere,
2245 3255 2342 3294 nec

765 3330 851 3383 vel
881 3328 1191 3396 experiendi
1232 3341 1418 3392 causa,
1447 3336 1688 3381 extrema
1715 3327 1828 3394 ipsa
1857 3325 2038 3378 littora
2069 3326 2340 3378 modicum

766 3423 1158 3494 obnavigantes
1188 3421 1467 3476 lustrare:
1508 3422 1635 3491 quin
1677 3429 1754 3474 ter
1796 3419 1969 3475 beatis
2018 3417 2176 3484 viris,
2207 3434 2343 3489 quo-

767 3661 1018 3717 Clemens
1057 3657 1094 3712 l.
1132 3675 1148 3712 l
1186 3657 1406 3720 Strom.,
1456 3671 1577 3725 pag.
1627 3657 1753 3710 mihi
1803 3658 1926 3714 327.
1984 3658 2339 3728 Epiphanius,

771 3747 868 3786 seu
919 3729 1163 3798 quisquis
1201 3739 1391 3781 auctor
1427 3739 1507 3781 est
1551 3728 1737 3798 libi-lii,
1765 3730 1829 3781 de
1875 3729 1999 3782 vitis
2049 3730 2344 3798 Propheta-

773 3817 910 3855 rum.
939 3797 1238 3862 ’Cedrenus,
1284 3813 1402 3866 pag.
1439 3798 1525 3851 88.
1557 3799 1690 3862 Aug.
1729 3797 1763 3850 Ι.
1805 3813 1936 3850 xvm
1968 3797 2229 3864 Civit.,rc.
2254 3801 2345 3866 2‘1,

774 3869 1015 3924 nonnihil
1077 3868 1272 3921 dubius
1331 3879 1442 3938 esu
1469 3869 1536 3920 At
1591 3881 1816 3936 magnus
1878 3867 2238 3938 Hieronymus
2275 3886 2342 3925 ex

773 3938 1060 3995 Hebraicis
1113 3938 1352 3990 fontibus
1399 3937 1559 3989 alium
1607 3938 1788 3989 statim
1818 3937 2171 4004 deprehendit
2201 3938 2352 3993 Isaiae

774 4019 1020 4077 patrem,
1067 4006 1228 4059 alium
1280 4008 1597 4074 prophetam
1649 4008 1862 4077 Amos,
1904 4008 2223 4077 quibuscum
2289 4023 2355 4062 ne

775 4076 968 4134 nomen
1015 4077 1232 4146 quidem
1277 4089 1560 4129 commune
1601 4084 1778 4141 esset;
1823 4076 1899 4130 sic
1946 4076 2034 4130 ille
2081 4081 2358 4145 prommiis

777 4151 830 4203 in
867 4157 1154 4215 utrumque
1186 4146 1535 4212 prophetam.
1606 4160 1702 4212 pro
1765 4160 1857 4198 sua
1915 4146 1963 4198 in
2018 4150 2186 4201 sacris
2211 4149 2358 4202 Scri-

775 4217 1345 4288 ptu'risexponendis
1391 4215 1692 4288 eruditione
1723 4216 1975 4288 ma_xima_.
2025 4215 2208 4271 Potest
2239 4219 2359 4285 qui-

777 4283 860 4342 vis
912 4283 1096 4340 adire.’
1131 4286 1244 4338 Non
1292 4284 1465 4356 placet
1522 4283 1730 4352 Caspar
1792 4283 2046 4338 Sanetius
2116 4283 2360 4356 prolego-

785 4357 955 4412 menis
986 4358 1038 4410 in
1074 4356 1263 4415 Amos,
1292 4355 1382 4422 qui
1415 4364 1650 4406 mutasse
1682 4368 1802 4404 eum
1836 4356 2161 4408 sententiain
2192 4355 2353 4419 dicat,

780 4442 843 4480 ac
862 4428 1109 4480 eumdem
1140 4426 1480 4477 existimasse
1505 4433 1794 4488 utrumque
1826 4425 1987 4477 Amos
2029 4423 2128 4488 lsa.
2163 4441 2353 4486 xxviii,

2440 1969 2658 2031 ἐκεῖνοι,
2683 1968 2808 2030 τοὺς
2829 1967 2948 2020 καθ’
2962 1969 3192 2021 ἕκαστον
3212 1969 3319 2021 τῶν
3346 1969 3636 2040 μαρτύρων
3657 1967 4030 2037 ἐγκωμιάζειν

2445 2058 2749 2125 μέλλοντες,
2793 2047 3458 2130 ἀπαγορεύουσιπρὸςτὸν
3490 2062 3728 2121 ἔπαινον,
3757 2059 3852 2112 καὶ
3886 2058 4032 2128 λαμ-

2441 2150 2555 2219 πρᾷ
2588 2150 2653 2218 τῇ
2685 2152 2834 2218 φωνῇ
2862 2149 2962 2218 τὴν
2981 2148 3130 2217 σφῶν
3148 2149 3324 2202 αὐτῶν
3348 2148 3698 2219 ὁμολογοῦσιν
3721 2147 4030 2201 ἀσθένειαν·

2441 2240 2523 2302 τίς
2557 2239 2918 2309 ἂνγενοίμην
2967 2239 3079 2308 ἐγὼ
3109 2242 3368 2311 σήμερον,
3429 2242 3457 2293 6
3495 2242 3618 2303 τοὺς
3675 2239 4035 2299 διδασκάλους

2440 2330 2550 2381 τῶν
2607 2330 2903 2401 μαρτύρων
2957 2331 3096 2400 ἔχων
3149 2332 3544 2400 προκειμένους
3597 2333 3675 2393 εἰς
3725 2330 4032 2401 εὐφημίαν,

2440 2416 2567 2484 τοὺς
2615 2422 2874 2491 γνησίους
2926 2423 3023 2475 καὶ
3079 2422 3326 2492 πρώτους
3364 2422 3607 2493 μαθητὰς
3634 2421 3728 2474 τοῦ
3765 2421 4033 2493 Χριστοῦ,

2442 2511 2566 2573 τοὺς
2594 2512 2844 2582 Πατέρας
2890 2513 2998 2565 τῶν
3031 2513 3357 2584 ἐκκλησιῶν,
3411 2515 3534 2577 τοὺς
3569 2513 3762 2584 μόνους
3819 2514 4034 2579 ἀξιοπί-

2445 2617 2606 2666 στους
2638 2603 2970 2671 Εὑαγγελίου
3023 2607 3292 2675 κήρυκας,
3348 2606 3474 2668 τοὺς
3512 2604 3630 2675 Θεῷ
3662 2603 4034 2675 λαλήσαντας,

2445 2692 2541 2746 καὶ
2569 2693 2668 2764 τὴν
2693 2694 2844 2765 παρά
2875 2695 3009 2748 Θεοῦ
3054 2697 3238 2767 φωνὴν
3281 2697 3607 2767 δεξαμένους
3635 2700 3755 2759 ταῖς
3801 2697 4036 2763 ἀκοαῖςς

2445 2783 2520 2838 Οὐ
2553 2785 2677 2855 μὴν,
2726 2787 2914 2857 ἐπειδὴ
2949 2787 3070 2840 λίαν
3107 2788 3307 2859 ὑψηλὸς
3347 2791 3375 2840 6
3409 2789 3585 2856 λόγος,
3653 2789 3747 2842 καὶ
3801 2788 4033 2858 δυσέφιο

2445 2894 2569 2940 κτος
2608 2879 2639 2947 ἡ
2670 2878 3004 2950 ἐγχείρησις,
3037 2881 3130 2948 τὴν
3166 2882 3340 2950 ἀργὴν
3379 2882 3471 2934 καὶ
3505 2882 3784 2951 ἄπρακτον
3818 2883 4036 2952 σιωπὴν

2444 2970 2842 3037 ἁγαπήσωμεν,
2876 2969 3063 3040 ὥσπερ
3101 2973 3146 3023 οἱ
3173 2971 3334 3024 δειλοὶ
3358 2973 3451 3024 καὶ
3482 2973 3951 3044 ἁπειροθάλαττοι,
3986 2975 4039 3026 οἱ

2446 3059 2580 3130 πρὸς
2614 3061 2782 3131 μόνην
2828 3062 2927 3132 τὴν
2956 3063 3077 3130 ὄψιν
3123 3063 3223 3131 τῆς
3277 3063 3545 3136 θαλάττης
3575 3065 4039 3136 ἀπαγορεύοντες,

2446 3150 2541 3202 καὶ
2567 3149 2690 3202 οὔτε
2719 3152 2818 3221 τὴν
2854 3151 3026 3222 ἀρχὴν
3058 3153 3310 3222 ἐπιϐῆναι
3363 3155 3461 3226 τῆς
3514 3155 3648 3218 νεὼς
3690 3155 4038 3224 ἀνεχόμενοι,

2451 3240 2573 3294 οὔτε
2609 3242 2806 3313 πείρας
2831 3245 3015 3296 ἕνεκεν
3050 3245 3222 3315 μικρὰ
3267 3247 3392 3308 τοὺς
3425 3248 3706 3315 αἰγιαλοὺς
3736 3247 4041 3318 περιπλεῦ-

2453 3349 2564 3385 σαι·
2597 3334 2780 3396 αὐτοῖς
2831 3335 2886 3388 δὲ
2911 3339 3024 3398 τοῖς
3055 3338 3476 3408 τρισμακαρίοις
3524 3337 3908 3399 πιστεύσαντες
3938 3336 4043 3405 τὴν

2452 3425 2785 3496 ἐγχείρησιν,
2840 3430 2950 3490 τοῖς
2999 3427 3142 3499 ὑπὲρ
3171 3421 3244 3481 ὧν
3300 3428 3731 3500 συνεληλύθαμεν
3776 3431 4041 3500 σήμερον,

2457 3663 2718 3716 inhiantia
2747 3662 2959 3730 opibus,
2989 3661 3186 3730 quibus
3218 3660 3514 3714 Ecclesiam
3563 3661 3714 3724 ditet,
3751 3659 3836 3728 pia
3891 3660 4049 3713 solii-

2458 3735 2718 3796 citudine,
2770 3729 2821 3786 in
2884 3729 3134 3794 Galliam,
3183 3746 3343 3798 quam
3398 3731 3684 3798 praecipuis
3741 3729 4047 3798 fulgoribus

2460 3802 2759 3865 collustrat,
2799 3802 3008 3866 illatus;
3063 3816 3265 3868 proque
3315 3800 3671 3862 humanitate,
3724 3799 3856 3852 mihi
3923 3815 4045 3850 mo-

2463 3873 2603 3936 dico,
2675 3872 2959 3923 Asteriana
3034 3873 3243 3937 aliaque
3303 3869 3522 3923 Patrum
3573 3885 3694 3922 cum
3759 3869 4044 3937 exegetica

2464 3952 2574 3994 tum
2607 3942 2940 3998 exornativa,
2973 3942 3202 4007 quodam
3250 3939 3397 3993 velut
3429 3940 3702 4008 spicilegio
3739 3937 4046 4004 parturien-

2466 4012 2525 4073 ti,
2553 4011 2856 4064 communis
2908 4009 3114 4071 factus;
3149 4019 3206 4060 ut
3235 4025 3300 4062 ex
3347 4024 3410 4062 eo
3446 4009 3664 4076 legerim
3701 4009 3805 4061 alia
3839 4024 3905 4060 ac
3940 4023 4042 4060 ex-

2467 4081 2806 4146 scripserim,
2867 4079 2968 4132 alia
3018 4079 3148 4131 mihi
3197 4077 3306 4145 jam
3347 4080 3576 4146 reposita
3626 4077 3944 4132 contulerim
3979 4093 4046 4131 ac

2463 4151 2895 4212 eniendaverim,
2962 4151 3011 4201 in
3078 4149 3272 4216 quibus
3325 4148 3491 4200 altera
3543 4148 3779 4214 ejusdem
3839 4149 4045 4201 Asterii

2463 4221 2637 4272 oratio
2669 4220 2721 4271 in
2771 4222 2971 4271 czecum
3010 4226 3217 4280 natum,
3260 4218 3412 4282 cujus
3439 4217 3549 4284 jam
3574 4234 3636 4271 ex
3671 4219 3913 4270 Romano
3947 4233 4045 4270 co-

2465 4289 2582 4340 dice
2616 4290 2698 4341 vir
2738 4288 3162 4340 humanissimus
3190 4304 3252 4341 ac
3297 4287 3642 4341 doctissimus
3693 4286 3759 4340 Β.
3799 4287 3857 4338 Ρ.
3916 4285 4040 4339 Jac.

2468 4356 2810 4422 Sirmundus,
2853 4359 3059 4422 copiam
3117 4358 3337 4410 fecerat.
3375 4354 3536 4409 Plana
3582 4367 3707 4410 sunt
3737 4372 3800 4409 ac
3842 4359 4044 4423 perspi-

2465 4441 2588 4490 cua,
2622 4429 2842 4493 suisque
2865 4428 3078 4479 abunde
3109 4425 3405 4493 fulgoribus
3443 4427 3610 4492 clara,
3647 4428 3698 4478 in
3754 4429 4044 4492 utriusque

781 4496 915 4550 nihil
937 4496 1080 4549 enim
1109 4495 1180 4547 ibi
1215 4494 1573 4560 Hieronymus
1602 4493 1667 4546 de
1695 4506 1757 4545 ea
1805 4507 1883 4554 re,
1908 4508 2064 4565 quem
2118 4496 2246 4548 olim
2295 4512 2355 4547 ac.
2385 4502 2434 4560 Β
2464 4495 2551 4549 hic
2582 4497 2833 4565 apostoli,
2864 4511 2927 4548 ac
2958 4497 3191 4548 maxime
3234 4499 3370 4550 Petri
3428 4497 3660 4558 laudem,
3695 4511 3854 4564 quam
3880 4510 4041 4565 rvere.

783 4577 1071 4633 antequam
1111 4565 1373 4617 scriberet
1405 4566 1454 4614 in
1489 4570 1779 4630 utrumque
1827 4563 2142 4633 prophetam
2188 4580 2352 4633 opor-

784 4637 978 4688 tuisset
1022 4644 1206 4688 tenere
1237 4647 1353 4685 eam
1388 4633 1733 4693 sententiam,
1769 4643 1824 4684 ut
1861 4634 2040 4687 citatis
2078 4636 2355 4702 prooemiis

783 4720 899 4758 eam
933 4711 1325 4755 retractaturus
1353 4712 1515 4756 esset.
1550 4702 1640 4755 Est
1670 4702 1885 4769 quidem
1917 4703 2025 4756 illic
2053 4705 2190 4771 apud
2211 4717 2353 4763 eum,

785 4773 961 4827 Isaias
1009 4774 1152 4840 ﬁlius
1195 4774 1350 4824 Amos
1405 4773 1709 4839 propheta:
1743 4772 1834 4824 sed
1892 4773 2064 4837 palam
2097 4774 2351 4826 mendum

784 4854 887 4906 est,
921 4857 1027 4896 non
1062 4843 1393 4910 Hieronymi,
1433 4843 1524 4910 sed
1576 4840 1913 4910 typograplii,
1943 4858 2034 4895 seu
2069 4845 2234 4896 etiam
2265 4859 2357 4895 cx-

786 4914 1075 4968 scribentis
1124 4909 1410 4979 antiquarii
1437 4926 1452 4961 ι
1484 4909 1875 4979 legendumque
1906 4923 2010 4976 est,
2046 4924 2101 4966 ut
2156 4913 2356 4965 habent

788 4991 1033 5037 correcta
1059 4978 1282 5048 quaeque
1301 4978 1624 5048 exemplaria
1655 4978 1971 5044 Bibliorum,
2003 4981 2145 5048 ﬁlius
2177 4985 2356 5043 Amos,

788 5052 1036 5120 propheta
1060 5066 1076 5104 :
1096 5054 1175 5104 sic
1199 5048 1429 5109 etLXX,
1451 5049 1479 5099 6
1497 5050 1780 5119 προφήτης
1797 5066 1809 5078 ·
1837 5065 1943 5120 quo
1967 5053 2187 5105 articulo
2217 5063 2361 5104 recte

789 5119 1096 5184 exprimunt
1123 5132 1161 5178 Π
1193 5121 1576 5186 emphaticum,
1620 5125 1760 5186 quod
1813 5119 2014 5172 habent
2073 5121 2358 5186 llebraica,

791 5200 1189 5269 potneruntque
1215 5190 1367 5270 citati
1399 5187 1571 5242 Graeci
1617 5203 1711 5256 per
1742 5203 1982 5242 errorem
2024 5193 2270 5259 accipere
2306 5202 2363 5243 ut

793 5272 976 5315 notam
1011 5272 1250 5315 αευιιιγι.

865 5330 976 5401 (40)
1011 5327 1086 5381 Ex
1147 5329 1463 5383 venerandae
1488 5328 1852 5401 antiquitatis
1895 5327 2229 5399 Seguiriana:
2284 5330 2363 5382 bi-

794 5399 989 5454 hlibth.
1036 5401 1182 5459 cod.,
1226 5413 1396 5466 nuper
1453 5399 1612 5451 allato
1668 5412 1730 5450 et
1778 5399 1971 5452 celebri
2036 5403 2364 5452 monasterio

795 5471 891 5539 τῆς
927 5469 1310 5540 Ἐγκλεξστρας
1344 5467 1583 5540 Graeciaa.
1602 5495 1664 5506 ——
1695 5467 1947 5540 videatur
1972 5472 2164 5522 merito
2191 5471 2363 5522 oratio

799 5538 914 5592 tunc
948 5542 1085 5592 inter
1113 5538 1424 5592 Asterianas
1457 5538 1688 5607 palmam
1725 5538 1887 5600 ferre,
1917 5542 2077 5607 digna
2121 5539 2276 5606 plane
2310 5549 2367 5591 ut

799 5611 977 5662 tandiu
1011 5610 1383 5669 occultata.ac
1409 5604 1692 5661 inGraecia
1723 5604 2042 5668 latitansfin
2075 5604 2367 5662 Occidente

801 5680 1036 5740 tandem,
1073 5679 1160 5732 ubi
1187 5677 1548 5745 apostolorum
1583 5677 1724 5730 Petri
1766 5688 1817 5729 et
1849 5676 1998 5730 Pauli
2026 5680 2226 5731 clarior
2255 5678 2359 5745 glo-

801 5747 902 5816 ria,
943 5749 1112 5802 lucent
1157 5752 1422 5816 aspiceret
1450 5765 1463 5800 :
1492 5749 1659 5816 codex
1715 5749 1850 5801 bene
1886 5752 2159 5816 antiquus,
2197 5763 2366 5815 nuper

797 5814 870 5872 ci.
901 5816 1084 5871 Gallia:
1134 5814 1441 5872 cancellarii
1500 5815 1644 5870 Petri
1703 5817 1986 5889 Seguicrii,
2021 5814 2089 5871 iis
2135 5814 2366 5870 inaxnuc

2463 4575 2568 4617 tam
2608 4567 2749 4620 culte
2800 4576 2853 4618 et
2897 4580 2961 4618 ex
3021 4575 3136 4618 arte
3190 4566 3257 4617 ab
3307 4565 3518 4619 Asterio
3575 4567 3811 4632 digesta;
3845 4564 4046 4632 vixque

2462 4636 2598 4688 alius
2647 4636 2789 4689 Petri
2843 4636 3130 4703 primatum
3186 4649 3248 4687 ac
3299 4635 3672 4689 excellentiam
3706 4651 3865 4702 supra
3904 4649 4043 4700 apo-

2460 4705 2627 4758 stolos
2681 4706 2934 4773 reliquos,
2982 4703 3295 4766 Christique
3329 4707 3585 4756 vicariam
3622 4706 3935 4770 dignitatem
3979 4719 4046 4758 ac

2461 4774 2696 4828 ofﬁcium
2731 4777 2784 4828 in
2817 4774 3087 4827 fundanda
3116 4774 3460 4842 regendaque
3488 4774 3746 4834 Ecclesia,
3779 4773 4046 4825 illustrius

2463 4843 2554 4897 illo
2607 4845 2978 4912 explicaverit.
3015 4841 3196 4907 Quam’
3227 4853 3284 4895 ut
3320 4846 3406 4895 uni
3441 4841 3602 4898 Petro
3642 4844 3915 4896 individue
3944 4857 4046 4894 an-

2464 4928 2656 4967 nexam
2687 4915 3065 4981 addictamque
3092 4913 3327 4966 voluerit
3381 4913 3662 4976 Dominus,
3713 4912 3853 4964 haud
3907 4916 4047 4964 satis

2466 4983 2718 5037 Ecclesia:
2776 4998 2886 5037 sum
2942 4983 3293 5036 consuluerit.
3358 4981 3441 5035 Sit
3500 4982 3656 5051 plane
3689 4982 3950 5042 etmodo,
3986 4993 4048 5037 ut

2464 5062 2675 5105 constet
2729 5068 2757 5104 a
2816 5053 3033 5106 Christo
3094 5053 3231 5106 bene
3287 5053 3530 5106 instituta
3568 5052 3882 5112 anouachia,
3913 5067 4048 5119 grex

2465 5137 2624 5185 unus,
2655 5124 2848 5175 nedum
2881 5123 2979 5175 sub
3015 5136 3119 5172 uno
3151 5123 3522 5188 archipastore
3547 5123 3758 5173 ChriSto
3803 5125 3960 5172 nobis
3994 5122 4046 5172 in

2465 5207 2630 5245 Carne
2673 5193 2920 5251 absente.
2955 5193 3049 5244 sed
3095 5200 3148 5242 et
3185 5196 3282 5244 sub
3319 5206 3423 5244 uno
3461 5201 3672 5258 pastore
3711 5205 3773 5242 ac
3819 5191 3935 5258 ejus
3966 5190 4050 5241 vi-

2470 5273 2618 5314 carlo
2672 5263 2869 5328 capite,
2912 5275 3050 5314 novo
3086 5259 3239 5314 nobis
3273 5275 3335 5312 ac
3359 5261 3474 5329 jugi
3503 5275 3597 5329 per
3624 5272 4050 5320 successmnem,

2472 5329 2650 5383 Petro.
2682 5329 2956 5383 Testatam
3003 5330 3224 5384 omnino
3252 5345 3438 5382 sanam
3469 5344 3619 5382 suam
3649 5332 3712 5381 de
3741 5329 3848 5382 Deo
3886 5329 4050 5381 fidem

2469 5399 2622 5464 facit,
2657 5415 2761 5468 qua
2793 5401 2985 5452 Arium
3015 5415 3074 5451 ac
3115 5398 3438 5468 Eunomiuin
3476 5399 3782 5462 ha'reticos,
3837 5413 3900 5450 ac
3928 5411 4052 5468 fero-

2472 5484 2587 5520 rum
2639 5467 2860 5536 pravum
2898 5471 3087 5537 dogma
3126 5481 3188 5522 ex
3223 5467 3365 5520 Petri
3423 5469 3763 5522 confeSsione
3789 5467 4051 5537 _refellit;

2478 5554 2538 5590 ac
2571 5535 2702 5592 satis
2737 5535 3151 5599 indicatfetiam
3189 5539 3449 5604 Spiritum
3482 5549 3748 5599 sanctum,
3786 5535 3928 5590 Patri
3987 5552 4056 5589 ac

2473 5607 2628 5668 Filio,
2663 5609 2713 5660 in
2751 5625 2908 5660 unum
2940 5608 3260 5661 Trinitatem
3305 5609 3602 5668 accenseri,
3632 5608 3682 5659 in
3710 5620 3893 5672 quam,
3925 5621 4054 5658 cum

2474 5678 2668 5732 Petrus
2702 5677 2897 5747 triplici
2932 5679 3219 5747 negatione
3251 5687 3554 5744 peccasset,
3613 5677 3804 5747 triplici
3859 5677 4059 5747 nihilo-

2475 5748 2651 5801 minus
2677 5745 2886 5810 amoris
2939 5745 3273 5813 professions
3328 5747 3491 5802 faciat
3543 5747 3698 5802 satis.
3730 5745 3805 5799 Tu
3834 5747 3946 5813 ipse
3979 5746 4062 5799 leo

2473 5829 2590 5870 ctur
2618 5827 2890 5870 auctorem
2922 5820 3027 5869 alii.
