4212 6318
157 452 262 506 265

1044 448 1325 504 illlMlLlA
1366 448 1496 503 V'l'll.
1536 447 1599 501 ΙΝ
1637 447 1737 503 SS.
1780 446 2061 502 l’E'l'RUM
2100 445 2184 500 ET
2218 441 2524 502 PAULUM.

3298 445 3405 501 266

157 570 226 621 τὰ
266 568 405 620 κατὰ
426 566 661 637 δύναμιν
689 571 755 637 τῇ
779 567 883 618 τῶν
914 567 1087 620 ἄλλων
1126 567 1430 638 εὐφροσύνῃ
1457 564 1739 636 παρασχέ-

1847 578 1961 615 runt
1996 560 2155 615 hodie
2173 560 2619 615 celebrandarum
2645 560 2810 628 gratia
2845 561 3215 619 convenimus,
3240 578 3405 613 cena-

163 660 284 712 σθαι
314 658 694 729 πειραθῶμεν.
726 654 855 711 Οἶδα
892 658 1020 729 γὰρ,
1053 659 1133 711 ὅτι
1160 658 1408 710 τοσοῦτον
1442 655 1743 726 ζητηθήσε-

158 768 269 819 ται,
299 752 397 820 οὐχ
424 752 551 802 ὅσον
592 751 826 813 ἐκείνοις
870 750 1163 820 ὀφείλεται,
1199 754 1310 813 τοῖς
1348 748 1602 819 μεγάλοις
1649 748 1742 800 κει)⁸

160 839 512 908 θαυμασίοις,
548 839 664 891 ἀλλ’
686 841 807 893 ὅσον
832 838 962 910 παρ’
992 841 1123 910 ἡμῖν
1167 839 1452 910 εὑρεθῆναι
1483 839 1595 899 τοῖς
1643 836 1740 887 πέ-

159 943 337 996 νησιν.
380 927 719 998 Ἐϐουλόμην
751 928 850 999 μὲν
881 924 973 982 οὖν
1009 928 1223 999 ἐκείνης
1252 928 1351 998 τῆς
1378 928 1598 998 χάριτος
1637 926 1743 978 ὀλί-

159 1035 256 1085 γον
292 1019 463 1089 μέρος
515 1020 638 1089 ἐμοὶ
677 1020 974 1091 χορηθῆναι
1019 1021 1063 1087 ‘f
1094 1022 1349 1092 σήμερον,
1383 1015 1451 1091 ἧς
1487 1020 1743 1090 ἑκάτερός

158 1125 217 1160 τε
269 1108 381 1161 τῶν
412 1110 585 1177 ἁγίων
614 1110 821 1164 τούτων
860 1111 1201 1182 μεταλαϐὼν,
1233 1115 1261 1165 6
1297 1112 1394 1183 μὲν
1422 1114 1479 1165 ἐν
1522 1112 1747 1181 Ἰεροσο-

159 1200 357 1269 λύμοις
387 1202 512 1266 τοὺς
544 1202 903 1265 ἀπειθοῦντας
932 1203 1227 1270 ἐδίδασκεν,
1270 1206 1298 1256 6
1321 1203 1378 1255 δὲ
1405 1203 1495 1254 τὸν
1528 1203 1744 1270 Ἀρειον

160 1288 341 1356 πάγον
372 1291 431 1341 ὲν
476 1289 731 1361 Ἀθήναις
763 1291 1103 1357 καταλαϐὼν,
1132 1294 1194 1345 ἐκ
1225 1293 1323 1362 τῆς
1348 1290 1508 1344 ἀθέου
1539 1288 1745 1359 πλάνης

158 1380 293 1441 τοὺς
341 1379 873 1449 δεισιδαιμονοῦντας
926 1372 1280 1452 ἐπέστρεψεν,
1314 1380 1628 1442 ὑποδεικνὺς
1656 1378 1748 1430 αύ-

159 1472 277 1533 τοίς
308 1470 404 1524 τὸν
456 1472 713 1541 Χριστὸν,
775 1473 868 1526 καὶ
925 1473 985 1525 τὸ
1040 1473 1138 1543 τῆς
1189 1471 1422 1542 ἀληθοῦς
1466 1470 1746 1532 εὐσεϐείας

160 1562 537 1630 καταγγείλας
588 1564 903 1633 μυστήριον.
946 1563 1101 1615 Οὕτω
1142 1561 1249 1632 γὰρ
1291 1561 1639 1632 ἀνεδείξαμέν
1693 1577 1744 1613 τι

161 1653 273 1706 τῶν
302 1655 681 1725 προκειμένων
705 1654 991 1712 ἐπιτελεῖν,
1015 1654 1108 1706 καὶ
1128 1654 1205 1724 μὴ
1233 1654 1367 1707 πολὺ
1390 1653 1483 1707 τοῦ
1510 1653 1745 1723 μεγάλου

163 1748 434 1817 μεγέθους
463 1748 960 1819 ἀπολιμπάνεσθαι.

1847 661 1958 705 tum
1986 652 2375 727 concredentes
2408 652 2548 719 quod
2592 659 2787 704 nostrae
2824 650 2931 704 erit
2972 649 3242 704 facultatis
3275 652 3405 706 alio—

1845 760 1962 797 rum
2006 744 2205 799 laetitia:
2256 755 2511 814 prastare
2550 746 2884 800 studeamus.
2918 743 3049 798 Novi
3080 744 3347 813 siquidem
3378 759 3408 797 a

1847 836 2001 893 huius
2028 836 2371 905 exigendum,
2407 851 2509 890 non
2535 845 2791 905 quantum
2835 836 3039 903 magnis
3063 835 3170 889 illis
3217 849 3280 888 ac
3312 837 3407 886 ad-

1845 926 2105 981 mirandis
2136 927 2331 981 merito
2389 928 2683 992 debeatur;
2732 928 2825 979 sed
2872 937 3130 994 quantum
3160 928 3410 995 pauperi-

1845 1017 1945 1071 bus
1989 1018 2144 1073 nobis
2195 1019 2247 1072 in
2295 1016 2542 1086 promptu
2591 1018 2681 1072 sit.
2733 1018 2945 1072 Utinam
2981 1033 3105 1071 vero
3138 1019 3407 1072 modicum

1846 1108 1975 1177 quid
2006 1109 2122 1179 ejus
2147 1110 2275 1163 mihi
2311 1110 2499 1179 gratia:
2531 1111 2926 1178 suppeditatum
2958 1120 3285 1178 suppeteret,
3314 1124 3409 1162 eu-
3500 1166 3503 1168 ς

1842 1199 1930 1269 jus
1962 1201 2119 1254 ambo
2147 1200 2199 1254 hi
2244 1201 2413 1254 sancti
2463 1201 2771 1268 participes,
2804 1200 2942 1254 alter
2969 1202 3183 1269 quidem
3222 1198 3411 1253 Hiero-

1846 1289 2065 1360 solymis
2094 1290 2396 1345 incredulos
2425 1290 2637 1358 docuit;
2684 1290 2821 1344 alter
2856 1306 2985 1345 vero
3031 1307 3151 1344 cum
3185 1291 3411 1345 Athenis

1848 1379 1899 1433 in
1931 1382 2268 1449 Areopagum
2294 1382 2549 1448 venisset,
2577 1383 2979 1451 superstitiosos
3011 1382 3077 1437 ab
3122 1383 3411 1450 impietatis

1850 1486 2037 1527 errore
2067 1475 2360 1541 convertit,
2398 1476 2687 1529 ostendens
2732 1476 2810 1529 eis
2840 1474 3133 1536 Christum,
3170 1489 3232 1526 ac
3273 1491 3413 1529 verm

1847 1565 2063 1634 pietatis
2095 1580 2158 1617 ac
2188 1566 2466 1636 religionis
2499 1567 2827 1627 annuntians
2866 1578 3286 1620 sacramentum.
3322 1566 3413 1619 Sin

1848 1671 1991 1708 emm
2024 1656 2271 1723 liqueret,
2300 1658 2499 1727 aliquid
2532 1672 2626 1711 nos
2654 1672 2840 1712 eorum
2873 1670 3128 1727 praestare
3147 1675 3264 1726 qum
3288 1668 3412 1711 sunt

1848 1748 2117 1816 proposita
2149 1766 2161 1801 :
2200 1764 2297 1801 nec
2328 1748 2511 1817 procul
2538 1750 2820 1803 admodum
2850 1751 2917 1803 ab
2938 1750 3237 1818 argumenti
3266 1760 3412 1802 tanta

1850 1839 2159 1906 praestantia
2188 1839 2395 1892 abesse.

244 1924 471 1995 Ἐπειδὴ
497 1925 555 1977 δὲ
579 1926 637 1978 αί
678 1924 911 1995 μεγάλαι
944 1923 1039 1977 τοῦ
1071 1921 1385 1994 Πνεύματος
1419 1922 1619 1993 δωρεαὶ
1641 1922 1747 1977 τῶν

1920 1928 2055 1993 Quia
2085 1944 2218 1982 vero
2246 1929 2502 1997 praeclara
2530 1927 2615 1982 illa
2648 1927 2881 1999 Spiritus
2910 1931 3047 1985 dona
3093 1946 3413 2000 magnorum

162 2015 420 2084 μεγάλων
447 2016 607 2081 είσὶν,
636 2018 731 2069 καὶ
759 2016 976 2079 ἀνάξιος
1015 2015 1126 2083 ἐγὼ
1158 2015 1437 2077 τοιαύταις
1466 2010 1747 2078 πλουτίζε-

162 2106 291 2158 σθαι
319 2107 559 2177 χάρισιν·
618 2108 911 2178 προσθήσω
960 2108 1058 2179 τὴν
1089 2107 1275 2160 πενίαν
1314 2104 1453 2177 μετὰ
1484 2105 1583 2175 τῆς
1616 2122 1748 2176 προ-

162 2197 369 2267 θυμίας
392 2201 544 2270 ὑμῖν,
568 2201 645 2263 ὠς
685 2198 979 2261 Ἐλισσαῖος
1001 2197 1139 2269 μετὰ
1161 2197 1271 2251 τῶν
1297 2196 1538 2268 ἀλεύρων
1566 2195 1634 2249 τὰ
1655 2196 1749 2249 λά-

161 2309 329 2361 χανα,
392 2290 495 2359 τῆς
542 2287 638 2341 τοῦ
691 2286 1019 2358 προέχεσθαι
1072 2286 1287 2349 πάντως
1341 2286 1401 2337 τὸ
1457 2285 1619 2338 καλὸν
1650 2287 1751 2338 οὐκ

161 2383 484 2453 ἀμοιρήσων
505 2379 694 2450 τιμῆς.
722 2378 930 2448 Μηδεὶς
957 2378 1014 2430 δέ
1049 2395 1117 2447 με
1138 2377 1347 2449 οἰηθείη
1379 2376 1489 2429 τῶν
1518 2377 1748 2429 ἀκουσο-

165 2474 347 2544 μένων
376 2472 551 2543 ύμῶν,
598 2468 877 2540 εὐφημίαν
919 2470 1183 2538 γενναίων
1215 2468 1423 2541 ἀνδρῶν
1455 2467 1750 2539 προελόμε-

161 2581 275 2627 νον,
308 2566 420 2625 τοῖς
452 2562 640 2632 νόμοις
673 2559 1053 2631 ἀκολουθήσειν
1077 2561 1174 2630 τῆς
1205 2560 1396 2628 σοφίας
1410 2559 1509 2630 τῆς
1529 2559 1744 2625 ἔξωθεν.

163 2655 239 2707 Οὐ
289 2654 398 2725 γὰρ
439 2653 605 2726 τέχνῃ
635 2651 966 2723 συγκειμένῃ
990 2650 1274 2703 κολακείαν
1300 2648 1744 2720 ἀπεργαζόμεθα-

162 2744 305 2798 ἀλλά
335 2744 521 2815 ψυχῶν
575 2743 837 2812 φιλοθέων
885 2742 1110 2813 ἀρετὴν,
1147 2742 1287 2812 μετὰ
1316 2739 1574 2809 ἀληθείας
1622 2740 1748 2810 ὑμῖν

164 2836 519 2907 παραστῆσαι
555 2833 946 2904 σπουδάζομεν.
986 2834 1076 2885 Διὸ
1108 2830 1511 2903 σιωπηθήσεται
1570 2830 1745 2901 γένος,

168 2927 260 2978 καὶ
318 2926 573 2996 πατέρων
627 2923 949 2995 περιφάνεια
1009 2923 1069 2976 οὐ
1118 2922 1387 2992 διοχλήσει
1426 2922 1517 2975 τὸν
1569 2922 1745 2991 λόγον.

165 3016 331 3084 Σὰρε
356 3017 464 3088 γὰρ
505 3015 604 3068 καὶ
635 3010 777 3084 αἷμα
802 3014 1131 3079 ,ϐασιλείαν
1164 3013 1310 3068 Θεοῦ
1338 3015 1409 3066 οὐ
1462 3016 1748 3081 κληρονο-

160 3109 496 3175 μήσουσιν.
531 3107 665 3160 Οὐδὲ
698 3107 805 3159 ἀπὸ
835 3106 942 3159 τῶν
989 3108 1281 3177 περιγείων
1317 3105 1412 3158 καὶ
1442 3106 1750 3176 ἐγκοσμίων

164 3203 296 3262 τοὺς
327 3199 559 3270 ούρανοῦ
601 3198 825 3261 πολίτας
854 3198 1181 3267 τιμήσομεν·
1215 3196 1352 3249 άλλά
1385 3198 1491 3250 πᾶν
1531 3197 1752 3249 τούναν-

164 3292 306 3353 τίον,
337 3291 588 3361 πατέρων
618 3288 829 3359 ἀφανὴς
861 3287 993 3357 βίος,
1019 3289 1112 3340 καὶ
1133 3288 1318 3358 τέχναι
1358 3287 1639 3358 βάναυσοι,
1660 3288 1754 3340 καὶ

166 3384 369 3445 πενίας
421 3382 821 3452 ὀνομαζόμενον
872 3369 1095 3442 δνεὶδος,
1125 3378 1298 3433 ταῦτα
1349 3381 1462 3441 τοῖς
1514 3378 1758 3440 ἐπαίνοις

169 3475 701 3546 μνημονευθήσεται.
742 3473 879 3539 Δόξα
925 3472 1033 3543 γὰρ
1082 3471 1443 3543 Χριστιανῶν,
1505 3470 1647 3524 κατὰ
1697 3469 1757 3523 τὸ

164 3568 509 3636 Εὑαγγέλιον
547 3567 608 3618 τὸ
637 3565 903 3636 ἡμέτερον
923 3604 937 3627 ,
968 3564 1290 3634 ταπεινότης
1320 3564 1487 3617 ἐστίν.
1532 3562 1671 3631 Ἐγὼ
1699 3563 1755 3615 δὲ

163 3662 260 3713 καὶ
315 3658 423 3711 τῶν
447 3657 646 3721 ἔξωθεν
667 3644 958 3725 ἐγκωμίων
984 3655 1221 3726 συνορῶν
1250 3653 1440 3717 δεινῶς
1472 3652 1757 3723 καταμέμ-

163 3767 369 3823 φομαι·
402 3751 486 3802 ὃτι
514 3748 798 3820 σεμνύνειν
839 3748 1147 3818 βουλόμενοι
1180 3747 1273 3810 οὓς
1298 3747 1362 3801 ἂν
1388 3746 1636 3809 ἕλωνται,
1680 3744 1755 3809 ὡς

166 3844 349 3913 μηδὲν
370 3824 651 3913 ἐξαίρετον
680 3842 854 3893 εἰπεῖν
912 3840 1121 3909 ἔχοντες
1169 3838 1391 3907 ἀγαθὸν,
1424 3840 1599 3910 μάτην
1645 3840 1756 3901 τοῖς

160 3935 365 4002 τάφοις
392 3930 846 4002 προοφεύγουσιν,
880 3932 975 3982 καὶ
1005 3929 1271 3999 διοχλοῦσι
1315 3930 1439 3991 τοὺς
1468 3929 1755 3999 κειμένους

162 4025 321 4094 είκῆ,
352 4024 445 4076 καὶ
471 4022 597 4084 τοὺς
621 4022 847 4093 νεκροὺς
886 4020 1101 4074 ποιοῦσι
1128 4020 1330 4090 κόσμον
1369 4020 1477 4072 τῶν
1514 4016 1750 4082 ζώντων·

160 4115 236 4166 δι’
267 4107 350 4166 ὧν
387 4110 766 4165 ἐπικαλοῦνται
805 4112 930 4174 τοὺς
958 4110 1412 4181 τελευτήσαντας,
1444 4110 1758 4181 ὁμολογοῦν·

160 4223 261 4268 τες
306 4205 463 4258 οὐδὲν
499 4203 705 4271 ἀγαθὸν
731 4205 844 4266 τοῖς
873 4204 1002 4274 παρ’
1037 4202 1217 4256 αὐτῶν
1256 4202 1758 4273 ἐγκωμιαζομένοις

160 4298 484 4367 προσεῖναι.
518 4295 629 4348 Καὶ
674 4293 812 4365 πρὸς
851 4293 1083 4356 τούτοις,
1115 4294 1163 4345 εἰ
1208 4292 1305 4362 μὲν
1328 4289 1756 4362 ὁμολογούμενον

157 4387 258 4463 ἦν,
306 4390 527 4451 πάντως
558 4390 683 4452 τοὺς
716 4390 779 4441 ἐκ
814 4386 1083 4459 λαμπρῶν
1112 4387 1363 4454 πατέρων
1392 4385 1753 4452 κατάγοντας,

159 4484 263 4536 καὶ
286 4482 485 4543 αὐτοὺς
511 4479 776 4549 ὑπάρχειν
814 4477 1077 4547 ἀγαθοὺς,
1108 4478 1199 4530 καὶ
1221 4476 1407 4547 ὥσπερ
1434 4476 1556 4527 τινὰ
1594 4474 1755 4543 φύσιν

1846 2027 1995 2081 sunt,
2034 2017 2275 2087 ipseque,
2313 2019 2638 2087 ejuscemodi
2693 2019 2985 2087 gratiarum
3034 2020 3233 2073 divitiis
3279 2020 3414 2072 indi-

1847 2127 1983 2179 gnus
2008 2112 2229 2174 exsisto,
2262 2126 2433 2164 meam
2459 2111 2610 2165 vobis
2631 2110 2797 2165 alacri
2818 2112 2997 2165 animo
3023 2120 3411 2180 paupertatem,

1849 2203 1993 2256 velut
2039 2202 2245 2255 Eliseus
2291 2203 2333 2232 ⁶¹
2393 2218 2515 2255 cum
2566 2202 2839 2270 pulmento
2897 2202 3042 2255 olera
3071 2241 3086 2265 ,
3151 2217 3357 2272 appono
3395 2220 3407 2253 :

1852 2293 2263 2360 haudquaquam
2313 2309 2374 2345 ca
2422 2293 2713 2361 privandus
2761 2293 2937 2359 laude,
2981 2303 3039 2347 ut
3079 2308 3146 2348 ne
3196 2294 3417 2347 omnino

1852 2385 2177 2453 praetendam
2209 2385 2349 2452 quod
2383 2386 2579 2438 bonum
2610 2400 2674 2439 ac
2703 2386 3019 2455 praeclarum
3068 2395 3167 2441 est.
3200 2386 3274 2439 Ne
3300 2386 3419 2453 quis

1849 2482 2028 2523 autem
2064 2483 2150 2522 me
2183 2479 2442 2535 vestrum,
2492 2472 2793 2536 auditores,
2846 2475 2934 2541 qui
2990 2474 3133 2528 viros
3166 2484 3418 2528 strenuos

1854 2562 2152 2614 laudandos
2202 2562 2555 2630 susceperim,
2589 2572 2826 2616 externa:
2877 2576 3024 2632 putet
3069 2582 3131 2619 ac
3181 2566 3419 2635 profana:

1853 2651 2132 2719 sapientiai
2183 2661 2510 2706 sectatorum
2568 2651 2733 2721 leges.
2781 2652 2894 2708 Non
2939 2657 3080 2708 enim
3123 2659 3418 2725 composita

1853 2751 1971 2795 arte
2013 2750 2356 2797 assentamur
2386 2752 2547 2812 atque
2587 2742 2922 2809 blandimur;
2963 2747 3055 2800 sed
3092 2746 3179 2799 Dei
3234 2763 3419 2800 aman-

1853 2832 1985 2887 tium
2012 2847 2076 2888 ac
2101 2833 2470 2903 religiosorum
2511 2834 2816 2889 animorum
2842 2836 3089 2890 virtutem
3145 2854 3264 2891 vera
3299 2856 3419 2892 nar-

1853 2928 2065 2981 ratione
2118 2934 2503 2992 reprrcscnlare
2571 2926 2867 2981 studemus.
2923 2928 3281 2994 Quamobrem
3338 2940 3420 2984 ta-

1852 3018 2065 3070 cebitur
2102 3031 2293 3084 genus,
2326 3030 2421 3069 nec
2449 3026 2731 3083 parentum
2758 3017 2981 3071 illustris
3009 3019 3202 3088 gloria,
3222 3023 3418 3090 negotii

1855 3109 2057 3178 aliquid
2096 3109 2309 3162 dicturo
2348 3106 2628 3177 praebebit.
2697 3106 2921 3177 Quippe,
2955 3126 3076 3163 caro
3120 3123 3166 3165 et
3208 3116 3418 3182 sanguis

1856 3217 2066 3269 regnum
2103 3200 2195 3252 Dei
2225 3217 2326 3252 nou
2350 3200 2683 3268 possidebunt
2699 3201 2742 3230 ”
2760 3218 2775 3266 ;
2808 3217 2904 3256 nec
2930 3203 3048 3257 coeli
3076 3203 3220 3258 cives
3263 3221 3288 3258 a
3317 3217 3419 3261 ter-

1861 3292 2006 3344 renis
2032 3307 2093 3343 ac
2126 3293 2306 3345 smcnli
2332 3293 2700 3362 prmrogativis
2730 3294 3043 3349 honoraturi
3069 3311 3251 3351 sunms
3277 3316 3291 3364 ;
3323 3301 3416 3353 sed

1859 3380 2016 3449 plane
2048 3395 2236 3443 secus,
2266 3381 2554 3435 obscuram
2581 3392 2861 3450 parentum
2892 3385 3086 3450 vitam,
3119 3398 3264 3441 artes
3305 3404 3418 3444 me-

1858 3471 2146 3535 chanicas,
2169 3474 2500 3541 paupertatis
2530 3474 2761 3542 denique
2792 3476 3111 3544 appellatum
3132 3482 3419 3546 probrum,

1859 3560 1972 3614 hinc
2028 3561 2215 3629 utique
2272 3562 2410 3616 inter
2471 3562 2792 3616 laudandum
2853 3570 3416 3623 cumtnemorabimus.

1858 3648 1990 3704 Nam
2015 3650 2168 3719 juxta
2218 3652 2562 3722 EVangelimu
2600 3662 2866 3718 nostrum,
2911 3656 3202 3711 Christiani
3243 3661 3417 3715 humi-

1858 3742 2006 3796 litate
2063 3743 2288 3811 gloriam
2342 3744 2560 3799 habent.
2613 3745 2755 3801 Sane
2806 3749 3022 3816 quidem
3072 3761 3420 3808 externorum

1857 3835 2100 3889 encomia
2136 3845 2418 3898 contuens,
2444 3838 2680 3892 maxime
2703 3838 2968 3908 vitupero,
3021 3842 3161 3910 quod
3194 3859 3285 3897 eos
3306 3843 3421 3897 lan-

1857 3927 2032 3978 daturi
2056 3941 2191 3994 quos
2216 3927 2319 3980 sibi
2342 3928 2712 3995 proposuerint
2746 3930 2795 3982 in
2822 3930 2995 3986 laudis
3023 3944 3421 4001 argumentum,

1859 4028 2111 4084 tanquam
2149 4018 2281 4071 nihil
2305 4019 2572 4086 peculiare
2595 4021 2880 4073 dicendum
2910 4033 3180 4091 suppetat,
3214 4026 3278 4076 ad
3306 4040 3420 4078 ma-

1851 4107 2028 4175 jorum
2060 4110 2259 4161 frustra
2295 4110 2541 4178 sepulcra
2584 4112 2929 4181 confugiant,
2964 4130 3027 4168 ac
3072 4113 3338 4169 defunctis
3365 4117 3419 4170 in

1858 4215 2070 4254 cassum
2100 4202 2370 4269 negotium
2398 4202 2701 4267 lacessant,
2735 4208 3080 4273 mortuosque
3127 4208 3420 4261 viventium

1855 4304 2175 4347 ornamento
2232 4294 2548 4347 asciscant:
2588 4297 2785 4364 quibus
2832 4299 2940 4350 vita
2998 4297 3211 4353 functos
3268 4300 3419 4353 invo~

1856 4391 2006 4443 cant,
2036 4382 2168 4436 nihil
2203 4384 2325 4437 boni
2366 4398 2431 4438 ae
2466 4386 2709 4455 przeclari
2756 4388 2893 4454 apud
2927 4401 3020 4440 eos
3044 4401 3261 4443 exsmre
3292 4405 3419 4458 pro-

1859 4475 2093 4538 fitentes,
2133 4490 2267 4542 quos
2304 4476 2552 4530 laudibus
2577 4477 2873 4532 celebrant.
2900 4477 3189 4543 Praeterea,
3217 4490 3274 4532 ut
3298 4482 3419 4549 qni-

153 4573 266 4643 τὴν
298 4572 503 4641 ἀρετὴν
528 4568 891 4638 διαδέχεσθαι,
918 4568 1171 4640 εὔκαιρον
1198 4564 1265 4639 ἦν
1294 4567 1422 4631 ίσως
1456 4567 1643 4638 μνείαν
1672 4584 1749 4619 τι-

1861 4569 1979 4617 dem
2004 4576 2211 4619 certum
2249 4577 2414 4632 esset,
2441 4567 2518 4620 sic
2553 4568 2772 4623 omnino
2796 4582 3163 4635 comparatum
3188 4584 3326 4635 esse,
3366 4582 3420 4625 ιιι

154 4663 235 4716 *διὰ
263 4662 380 4715 τῶν
410 4660 610 4728 γονέων
633 4659 898 4713 ποιεῖσθαι
918 4675 932 4688 °
958 4658 1143 4729 ἐπειδὴ
1168 4658 1223 4711 δὲ
1259 4658 1512 4728 ψεύδεται
1540 4659 1640 4723 τὰς
1660 4662 1749 4713 τοῦ

1859 4658 1952 4723 qui
2003 4658 2166 4711 claris
2210 4658 2503 4725 majoribus
2555 4661 2818 4728 procreati
2861 4671 3003 4725 sunt,
3060 4663 3155 4728 ipsi
3206 4678 3420 4731 quoque

154 4756 369 4823 γένους
400 4752 647 4822 διαδοχὰς
675 4753 768 4805 ἐπὶ
796 4751 1001 4820 πλέονή
1030 4750 1137 4803 τῶν
1165 4751 1606 4821 ἐπιτηδευμάτων
1637 4750 1749 4803 δια-

1860 4748 2010 4815 probi
2040 4749 2378 4807 exsisterent,
2405 4763 2469 4802 ac
2501 4749 2747 4803 virtutem
2772 4789 2787 4813 ,
2818 4765 2915 4805 ceu
2953 4752 3235 4819 quamdam
3267 4765 3419 4804 natu-

154 4846 314 4918 φορά
349 4847 582 4913 (γίνεται
609 4844 718 4916 γὰρ
751 4842 961 4906 ἄσωτος
998 4844 1027 4894 ὁ
1061 4842 1156 4907 τοῦ
1194 4842 1502 4911 φιλοσόφου,
1537 4843 1631 4895 καὶ
1670 4860 1749 4910 φι-

1861 4852 1975 4890 ram
2041 4840 2184 4891 velut
2245 4838 2584 4894 lttereditaria
2648 4843 2993 4897 successione
3043 4844 3418 4897 transmissum

153 4938 403 5003 λὸσοφος
427 4937 453 4986 6
486 4934 579 4986 τοῦ
613 4932 936 5004 φιληδόνου),
971 4932 1199 5002 μάταιος
1234 4933 1263 4983 ό
1292 4932 1451 4993 πόνος
1482 4930 1590 4983 τῶν
1619 4947 1749 5001 προ-

1859 4930 2228 4999 susciperent;
2261 4942 2406 4985 esset
2450 4932 2677 4986 fortasse
2718 4933 2858 4987 hand
2916 4934 3271 5001 incongruum
3326 4950 3387 5001 pa

152 5029 419 5081 πάππων
441 5023 767 5096 μεμνῆσθαν
800 5023 917 5077 δέον
946 5022 1323 5084 ἐπιδεικνύειν,
1346 5022 1503 5091 εἰπερ
1532 5020 1644 5090 ἔχει
1671 5036 1749 5082 τις

1862 5028 2072 5072 rentum
2105 5018 2454 5074 meminisse:
2486 5035 2608 5074 cum
2640 5035 2770 5074 vero
2800 5021 3097 5075 studiorum
3130 5023 3419 5076 diversitas

148 5118 380 5190 ἀρετῆς
414 5115 835 5189 κατορθώματα.
871 5116 982 5169 Καὶ
1010 5114 1166 5167 ταῦθ’
1197 5114 1277 5166 ἔτι
1301 5112 1487 5166 τοῦτον
1526 5112 1749 5182 ἔχειτὸν

1854 5110 2168 5177 plerumque
2204 5110 2420 5176 generis
2465 5111 2863 5163 successionem
2898 5111 3186 5163 mentiatur
3224 5111 3419 5181 (philo-

148 5211 397 5280 τρόπον,
428 5210 526 5261 οὐκ
576 5210 722 5260 ἔστιν
761 5205 980 5259 ἄλλοθεν
1020 5202 1609 5274 πολυπραγμονοῦντας
1652 5219 1749 5271 μα-

1854 5200 2008 5266 sophi
2042 5214 2275 5267 namque
2306 5200 2466 5263 ﬁlius,
2496 5200 2800 5254 luxuriosus
2833 5217 2894 5254 ac
2917 5216 3089 5269 ganeo
3120 5202 3328 5264 evadit;
3356 5216 3417 5254 ac

146 5307 295 5367 Θείν,
338 5301 457 5355 ἀλλ’
504 5300 564 5364 ἐξ
612 5300 779 5369 αὐτῆς
805 5298 904 5367 τῆς
930 5298 1081 5367 ἱερᾶς
1132 5294 1287 5366 ἡμῶν
1318 5293 1561 5363 Γραφῆς,
1594 5291 1749 5345 πολύ-

1854 5290 2222 5358 philosOphus,
2250 5290 2537 5359 voluptarii
2578 5305 2641 5345 ac
2678 5291 2945 5346 libidinosi
2982 5292 3175 5363 filius),
3216 5291 3415 5345 frustra

148 5412 381 5468 τροπονι
402 5392 629 5463 ἐχούσης
649 5391 745 5444 καὶ
777 5388 1026 5456 ποικίλην
1054 5387 1151 5457 τὴν
1182 5385 1471 5453 ὠφέλειαν.

1854 5382 2131 5435 laboratur
2169 5382 2553 5450 percensendis
2580 5386 2828 5436 estcomio
2859 5382 3070 5450 proavis
3101 5396 3165 5435 ac
3195 5381 3410 5448 majori-

144 5488 301 5547 bus,
341 5498 466 5537 eum
502 5483 569 5535 sit
598 5479 1009 5543 ostendendum,
1050 5490 1169 5544 qua:
1202 5476 1461 5543 cujusque
1496 5472 1741 5526 facinora
1779 5486 1843 5525 ac
1868 5487 1954 5526 res
2002 5473 2260 5539 praclare
2293 5482 2458 5540 gesue
2496 5472 2623 5530 sint.
2665 5473 2814 5538 Quod
2875 5474 2986 5526 haec
3053 5487 3180 5526 vero
3206 5473 3285 5526 sic
3316 5474 3418 5529 ha-

146 5584 353 5644 beant,
390 5576 530 5629 haud
565 5574 781 5629 aliunde
816 5572 1058 5641 diligenti
1090 5566 1545 5638 pervestigatione
1578 5567 1908 5631 noverimus,
1942 5579 2102 5633 quam
2138 5582 2203 5621 ex
2266 5568 2438 5622 sacris
2497 5566 2627 5635 ipsis
2675 5565 3107 5621 Christianorum
3169 5564 3416 5635 Scriptu-

144 5676 265 5736 τίς,
296 5684 533 5741 quorum
569 5665 845 5735 multiplex
880 5665 1135 5731 variaque
1173 5662 1375 5715 utilitas
1402 5660 1634 5714 exsistit.

226 5876 280 5910 ⁸⁹
305 5878 398 5930 lc.
430 5871 820 5943 χορηγηθῆναι.
898 5868 937 5897 ⁸⁸
974 5864 1035 5918 IV
1068 5868 1177 5935 Reg
1225 5884 1296 5932 ιγ,
1323 5866 1409 5921 ⁸58.
1489 5866 1531 5896 ⁸⁸
1564 5864 1581 5918 ι
1618 5866 1739 5921 Cor.
1785 5877 1870 5928 xv,
1907 5862 1990 5914 50.

527 5966 794 6029 Ρηιιοι..
840 5962 883 6020 ti
898 5981 953 6023 ιι.
1006 5962 1053 6019 Χ
1072 5962 1133 6023 L.

3026 5947 3064 6009 9
