4212 6318
794 414 903 470 267

796 623 987 677 muelis
1015 636 1135 676 eum
1176 621 1519 675 educatorem
1580 629 1688 675 tum
1747 623 2060 690 magistrum
2104 624 2168 677 ".
2219 622 2360 678 Nihil

796 724 973 767 tamen
1011 714 1142 781 ipse,
1176 725 1489 782 quanquam
1539 713 1777 781 optimus
1813 723 1950 777 erat,
1994 712 2135 780 juvit
2177 716 2313 770 lilios
2346 736 2357 771 :

796 804 976 870 idque,
1004 816 1125 856 cum
1166 802 1307 870 apud
1352 811 1629 870 parentem
1681 801 1853 869 ipsum
1891 801 2107 854 educati
2156 814 2359 866 essent,

792 908 855 946 ac
886 894 1125 961 quotidie
1160 894 1451 947 sacerdOtii
1476 893 1599 961 jura
1635 907 1700 947 ac
1745 893 1890 962 leges
1920 894 2190 948 audirent.
2220 894 2359 946 Rur-

793 1001 909 1036 sum
942 999 1068 1039 vero
1086 983 1398 1039 Tinmtheus
1425 983 1603 1052 impiis
1628 986 1937 1054 parentibus
1956 986 2130 1040 editus
2148 1000 2261 1041 erat
2277 988 2322 1017 *⁵³
2347 1006 2357 1039 :

794 1076 904 1140 ille,
939 1077 1189 1144 inquam,
1217 1076 1518 1145 apostolus,
1564 1076 1823 1146 Paulique
1876 1092 2171 1145 generosus
2212 1090 2364 1132 catu-

794 1167 877 1221 lus
908 1166 1100 1220 :haud
1138 1166 1225 1220 ille
1264 1175 1465 1231 tamen,
1519 1182 1616 1221 ceu
1650 1168 1939 1236 quamdam
1977 1180 2246 1236 naturam,
2282 1186 2365 1225 se-

791 1264 949 1309 cutus
980 1263 1063 1309 est
1087 1263 1370 1324 parentum
1418 1256 1769 1323 memoriam;
1804 1257 1933 1325 quin
1978 1257 2146 1312 libera
2172 1262 2360 1315 volun-

794 1357 1106 1401 tateeorum
1130 1346 1265 1402 odio
1294 1349 1627 1417 impietatem
1658 1350 1884 1415 habens,
1911 1352 1975 1404 ad
2006 1366 2216 1407 sacram
2250 1354 2361 1422 pie-

794 1440 919 1497 tatis
950 1440 1122 1511 legem
1162 1441 1471 1510 transfugit,
1510 1442 1787 1512 dulcisque
1848 1446 2054 1500 fructus
2082 1461 2146 1501 ex
2178 1462 2359 1501 amara

796 1534 978 1587 radice
1005 1535 1223 1604 prodiit.
1271 1534 1533 1588 Malorum
1577 1536 1790 1605 copula,
1826 1552 1890 1591 ac
1933 1540 2115 1593 ovium
2147 1549 2353 1609 partus.

794 1627 883 1683 Sic
920 1628 1171 1683 Absalom
1193 1630 1261 1693 ",
1294 1630 1521 1684 modesti
1560 1644 1622 1684 ac
1639 1630 1803 1685 sobrii
1857 1632 2026 1701 patris
2067 1630 2250 1687 furens
2278 1632 2364 1699 ju-

793 1721 974 1781 venis,
1005 1734 1178 1791 eoque
1206 1725 1510 1775 temeritate
1545 1737 1607 1776 ac
1635 1722 1862 1777 audacia
1908 1735 2088 1787 nmus,
2134 1738 2240 1793 quo
2269 1739 2362 1792 pa-

794 1816 873 1860 ter
902 1808 1082 1877 probis
1104 1824 1166 1863 ac
1189 1809 1433 1879 ingenuis
1465 1812 1734 1877 moribus;
1775 1826 1869 1866 seu
1896 1814 2094 1880 potius,
2118 1822 2179 1866 ut
2218 1813 2359 1882 quod

790 1901 863 1953 sit
893 1900 1062 1968 magis
1107 1915 1136 1953 c
1167 1902 1391 1956 veritate
1445 1903 1717 1970 dicamus,
1774 1904 2119 1972 exsuperanti
2158 1906 2359 1959 malitia
2396 1884 2437 1942 Β

792 1999 1071 2056 paternam
1119 1989 1276 2059 longe
1317 2006 1579 2060 superans
1606 1993 1886 2047 virtutem.
1930 1994 2107 2062 Atque
2141 1995 2275 2050 adeo
2304 2004 2364 2049 ut

790 2082 913 2149 quis
954 2081 1243 2135 contrariis
1274 2082 1539 2148 ejusmodi
1587 2083 1818 2137 illiorqu
1860 2084 1925 2138 ad
1963 2095 2215 2153 parentes
2248 2100 2362 2139 mo-

794 2172 946 2223 ribus
1017 2171 1256 2223 animant
1310 2172 1566 2225 adhibere
1615 2172 1763 2237 velit,
1812 2174 2085 2229 studiosos
2135 2190 2198 2236 ac
2230 2174 2361 2227 recti

792 2271 1035 2316 amantes
1066 2262 1379 2316 innumeros
1427 2264 1587 2317 malis
1620 2274 1909 2334 prognatos
1956 2264 2212 2331 oﬂ‘endet,
2252 2283 2364 2318 ma-

792 2352 977 2421 losque
999 2353 1234 2406 vicissim
1272 2354 1587 2423 parentibus
1621 2356 1841 2422 Optitnis
1863 2366 2029 2412 satos.
2070 2357 2232 2427 ldqne
2267 2357 2362 2410 ad—

791 2449 1008 2502 modum
1037 2448 1251 2502 merito.
1286 2448 1564 2515 Siquidem
1593 2449 1735 2502 enim
1762 2458 1975 2515 natura,
2010 2466 2119 2504 non
2160 2467 2359 2516 mores,

793 2539 977 2592 vitium
1007 2549 1102 2594 aut
1143 2539 1395 2592 virtutem
1430 2536 1682 2603 ediceret,
1721 2554 1826 2593 non
1862 2538 1972 2632 jam
2018 2521 2123 2595 duo
2159 2551 2359 2605 esseut,

790 2627 884 2683 sed
917 2627 1142 2687 alterum
1168 2627 1511 2681 uniformiter
1528 2627 1866 2695 pra’valeret.

865 2721 1083 2775 Dicatur
1130 2734 1258 2789 ergo
1334 2719 1524 2773 Petrus
1593 2720 1732 2774 lilius
1784 2718 1932 2775 Jnna:
1963 2721 2008 2752 “
2042 2739 2055 2774 :
2086 2721 2360 2792 ettjnSItatit

790 2826 918 2865 vero
944 2811 1109 2876 illius,
1145 2810 1277 2864 nihil
1324 2826 1441 2863 mea
1511 2811 1697 2865 refert.
1740 2812 1848 2879 Ego
1904 2826 2139 2881 namque
2186 2828 2215 2865 a
2270 2813 2361 2867 lilii

792 2903 949 2966 actis,
968 2903 1192 2975 honesto
1215 2912 1524 2969 parentem;
1554 2912 1715 2971 atque
1744 2903 1810 2957 ab
1836 2903 1960 2957 imis
1984 2904 2268 2972 incipiens,
2298 2903 2362 2958 ad

790 2995 1071 3064 superiora
1118 2994 1427 3047 transmitte
1471 2994 1717 3059 laudem;
1766 2996 2111 3046 lucernarum
2169 2995 2361 3058 instar,

791 3104 910 3159 qua:
956 3096 1117 3144 noctu
1154 3103 1181 3139 a
1229 3088 1344 3141 8qu
1392 3101 1454 3139 ac
1493 3085 1597 3139 ima
1630 3086 1806 3152 domo,
1854 3093 1991 3140 tecta
2033 3086 2360 3140 illuminant.

2065 419 2120 469 ὃ.
2168 417 2437 473 ASTERII
2480 418 2779 473 AMASENI

868 531 1081 585 Scimus
1109 529 1261 598 plane
1283 532 1616 586 sacerdotem
1639 574 1653 597 ,
1678 546 1862 587 senem
1891 533 2035 585 illum
2067 534 2242 601 magni
2273 534 2365 587 S-t-
2396 541 2439 592 Α

3941 426 4035 476 9.08

2551 536 2735 604 Ἵσμεν
2765 535 2978 596 πάντως
3008 534 3098 586 τὸν
3124 534 3292 603 ἱερέα,
3326 534 3415 587 τὸν
3464 535 3773 605 πρεσϐύτην
3818 539 4037 603 ἐκεῖνον,

2465 626 2555 678 τὸν
2585 626 2677 679 τοῦ
2705 625 2944 696 μεγάλου
2974 625 3228 695 Σαμουὴλ
3266 624 3472 695 τροφέα
3495 642 3551 678 τε
3583 627 3676 678 καὶ
3706 625 4036 681 διδάσκαλον

2464 718 2576 770 ἀλλ’
2604 718 2754 771 οὐδὲν
2803 718 2931 779 τοὺς
2974 718 3124 779 υἱοὺς
3164 716 3446 787 ὠφέλησεν
3493 719 3652 782 αὐτὸς
3696 719 3913 789 ἀριστος
3949 719 4037 773 ὢν*

2464 810 2555 861 καὶ
2578 809 2752 863 ταῦτα
2778 807 3083 879 τραφέντας
3101 809 3191 860 ὑπ’
3224 806 3373 878 αὐτῷ
3406 809 3486 878 τῷ
3518 810 3924 880 γεννησαμένῳ,
3950 812 4037 881 τὴν

2462 900 2583 952 καθ’
2636 900 2849 970 ἡμέραν
2883 898 3254 968 μανθάνοντας
3296 899 3426 962 τοὺς
3475 901 3574 970 τῆς
3617 901 3913 971 ἱερωσύνης
3962 900 4039 953 θε-

2464 991 2653 1059 σμούς.
2700 991 2794 1043 Ἐκ
2853 988 3104 1061 πατέρων
3132 990 3294 1042 πάλω
3321 990 3534 1043 ἀσεϐῶν
3562 993 3586 1044 ὁ
3616 992 3897 1062 Τιμόθεος,
3958 990 4038 1044 τὸν

2462 1082 2755 1135 ἀπόστολον
2792 1081 2957 1150 λέγω,
2979 1082 3070 1134 τὸν
3106 1084 3352 1149 γενναῖον
3384 1082 3477 1134 τοῦ
3512 1083 3725 1135 Παύλου
3775 1084 4037 1137 σκύλακα·

2463 1172 2557 1223 καὶ⁵
2600 1171 2660 1223 ού
2696 1171 2803 1241 μὴν
2844 1168 3235 1241 ἠκολούθησεν,
3269 1171 3459 1241 ὥσπερ
3488 1172 3595 1224 τινὶ
3634 1173 3792 1242 φύσει
3822 1174 3931 1227 τῶν
3956 1190 4039 1242 γο-

2460 1264 2593 1315 νέων
2640 1266 2703 1332 τῇ
2738 1264 2945 1334 μνήμῃο
3004 1263 3238 1333 λογικῶς
3290 1264 3347 1317 δὲ
3402 1267 3639 1336 μισήσας
3671 1265 3770 1331 τὴν
3820 1265 4041 1319 ἐκείνων

2462 1355 2803 1418 δυσσέϐειαν,
2862 1355 2998 1427 πρὸς
3045 1360 3136 1410 τὸν
3186 1356 3341 1426 ἅγιον
3392 1357 3592 1427 θεσμὸν
3625 1358 3727 1428 τῆς
3768 1358 4040 1421 εὐσεϐείας

2462 1447 2901 1518 ἀπηυτομόλησε,
2967 1450 3061 1502 καὶ
3124 1449 3336 1518 καρπὸς
3386 1450 3627 1519 ἀνεφάνη
3695 1450 3899 1517 γλυκὺς
3940 1450 4039 1503 ἀπὸ

2465 1536 2620 1609 ῥίζης
2648 1541 2870 1610 πικρᾶς.
2919 1540 3191 1609 Ἡμιόνων
3226 1541 3259 1609 ή
3296 1541 3574 1602 συνουσία,
3614 1541 3708 1597 καὶ
3760 1540 4041 1609 προϐάτων

2460 1628 2637 1693 τόκος.
2663 1629 2852 1693 Οὕτως
2876 1632 2905 1683 ό
2944 1630 3272 1695 Ἀϐεσαλὼν,
3315 1632 3520 1701 πατρὸς
3555 1630 3833 1693 ἐπιεικοῦς
3866 1648 4041 1701 μεμη-

2462 1719 2566 1783 νὼς
2622 1720 2921 1784 νεανίσκος,
2974 1723 3067 1773 καὶ
3095 1721 3348 1774 τοσοῦτον
3390 1721 3481 1775 ἐπὶ
3520 1721 3817 1793 θρασύτητι
3850 1721 4043 1793 γνώρι-

2468 1828 2586 1881 μος,
2631 1811 2805 1865 ὅσονὸ
2843 1813 3026 1881 πατὴρ
3062 1814 3117 1865 ὲν
3167 1812 3517 1883 χρηστότητιο
3560 1813 3592 1883 ἦ
3632 1812 3848 1883 μᾶλλον,
3892 1814 3941 1864 εἰ
3966 1811 4043 1865 δεῖ

2465 1901 2855 1975 τάληθέστερον
2889 1904 3081 1967 εἰπεῖν,
3116 1902 3296 1971 πολλῷ
3318 1902 3396 1973 τῷ
3424 1903 3605 1973 μέτρῳ
3640 1902 4043 1975 ὑπερϐαλλόμεο

2464 2009 2553 2054 νος
2589 1994 2656 2061 τῇ
2692 1992 2860 2062 κακία
2881 1992 2978 2062 τὴν
3003 1992 3202 2063 ἀρετὴν
3224 1992 3318 2045 τοῦ
3346 1994 3725 2061 γεννήσαντος.
3758 1994 4041 2055 Καὶόλως,

2463 2082 2609 2144 εἴτις
2635 2078 2879 2151 θελήσειε
2905 2084 3027 2155 ταζς
3080 2081 3359 2144 τοιαύταις
3384 2082 3491 2134 τῶν
3523 2082 3726 2134 παίδων
3750 2084 3886 2154 πρὸς
3922 2086 4045 2148 τοὺς

2463 2171 2703 2242 πατέρας
2742 2171 3107 2242 ἑναντιότησιν
3154 2172 3447 2242 ἐπιστῆσαι
3492 2170 3584 2223 τὸν
3628 2171 3773 2234 νοῦν,
3818 2172 4044 2243 μυρίους

2462 2261 2682 2331 εὑρήσει
2742 2261 3058 2323 σπουδαίους
3117 2258 3222 2314 ἀπὸ
3265 2261 3473 2320 κακῶν,
3540 2261 3636 2313 καὶ
3684 2262 3959 2333 πονηρους
3982 2264 4046 2315 ὲκ

2466 2350 2772 2420 βελτίστων.
2815 2350 2924 2403 Καὶ
2966 2351 3170 2422 σφόδρα
3212 2368 3278 2420 γε
3326 2353 3570 2415 εἰκότως.
3612 2352 3674 2405 El
3703 2353 3811 2425 γὰρ
3863 2353 4047 2422 φύσις.

2464 2444 2558 2496 καὶ
2609 2445 2682 2515 μὴ
2723 2442 2943 2515 τρόπος,
3000 2445 3201 2499 κακίαν
3244 2446 3277 2516 ἢ
3336 2446 3536 2518 ἀρετὴν
3588 2446 3896 2517 εἰργάζετο,
3948 2449 4047 2502 οὐκ

2462 2534 2528 2589 ἂν
2576 2531 2643 2606 ἦν
2710 2534 2780 2587 τά
2853 2534 2965 2600 δύο,
3033 2536 3174 2590 ἀλλά
3244 2538 3563 2609 μονομερῶς
3634 2540 3929 2610 ἐπεκράτει
3990 2539 4055 2593 τὺ

2465 2628 2549 2679 las
2557 2645 2670 2698 ρον.

2536 2716 2793 2785 Λεγέσθω
2838 2717 3020 2770 τοίνυν
3053 2714 3261 2787 Πέτρος
3311 2717 3427 2780 υἱὸς
3464 2718 3636 2771 Ἰωνᾶ’
3676 2718 3821 2781 τίνος
3844 2718 3905 2770 δὲ
3927 2718 4047 2771 τού-

2464 2826 2576 2871 του,
2606 2806 2757 2860 οὺδέν
2791 2826 2881 2878 μοι
2908 2808 3177 2878 διαφέρει.
3245 2807 3385 2876 Ἐγὼ
3413 2807 3521 2878 γὰρ
3546 2811 3609 2861 ὲκ
3651 2808 3759 2861 τῶν
3796 2809 4050 2880 πράξεων

2463 2898 2556 2950 τοῦ
2586 2897 2723 2963 υίοῦ,
2758 2899 3005 2967 σεμνύνω
3045 2898 3135 2950 τὸν
3186 2899 3608 2969 γεννησάμενοψ
3661 2900 3752 2952 καὶ
3804 2900 4051 2953 κάτωθεν

2463 2988 2786 3060 ἀρξάμενος,
2807 2990 2900 3042 ὲπὶ
2920 2994 2989 3042 τά
3016 2990 3127 3043 ἄνω
3146 2990 3504 3060 παραπέμπω
3531 2990 3629 3061 τὴν
3655 2989 3829 3056 δόξαν,
3858 2992 4051 3064 ῶσπετ

2464 3081 2511 3131 οἱ
2541 3077 2721 3148 λύχνοι
2764 3080 2814 3132 oi
2865 3078 3080 3150 νύκτωρ
3123 3079 3188 3131 ὲκ
3227 3078 3322 3131 τοῦ
3363 3078 3595 3146 ἐδάφους
3644 3082 3771 3144 τοὺς
3815 3081 4054 3153 ὀρόφους

793 3181 937 3233 Sane
961 3194 1088 3234 vero
1122 3177 1288 3231 Isaias
1316 3177 1575 3230 Vaticinio
1630 3177 1707 3229 ait
1740 3178 1806 3243 ",
1840 3178 2082 3245 posuisse
2112 3176 2358 3241 Patrem,
2388 3219 2429 3276 Ο

2466 3172 2806 3241 φωτίζοντες.
2863 3174 3089 3237 Ἡσαΐας
3129 3175 3227 3244 μὲν
3257 3171 3348 3229 οὖν
3375 3192 3508 3247 φησι
3540 3176 3922 3247 προφητεύων,
3969 3177 4059 3229 ὅτι

794 3273 985 3326 Filium
1020 3270 1253 3340 lapidem
1314 3266 1621 3337 angularem
1657 3286 1669 3322 :
1728 3268 1978 3321 nimirmn
2020 3267 2358 3336 significans.

794 3361 976 3416 mundi
1011 3369 1172 3414 totam
1202 3358 1633 3421 concretionem,
1662 3357 1753 3411 illo
1788 3355 2138 3411 fundamento
2168 3372 2229 3411 ac
2249 3357 2360 3411 basi

795 3454 975 3506 nixam
1001 3464 1143 3517 esse.
1185 3447 1326 3514 Quin
1369 3460 1425 3501 et
1464 3461 1677 3501 rursum
1710 3446 2048 3514 Uttigcnitus,
2083 3448 2157 3500 uti
2193 3449 2362 3502 sacris

795 3541 1066 3611 Evangelii
1106 3541 1261 3594 libris
1285 3541 1653 3607 conscriptum
1689 3549 1791 3605 est,
1822 3538 2067 3605 Petrum,
2106 3538 2362 3593 Ecclesia.-

796 3633 1199 3687 fitndamentum
1246 3630 1402 3696 dicit,
1452 3628 1530 3681 Tu
1582 3644 1635 3682 es
1675 3627 1887 3691 Petrus,
1934 3635 1983 3680 et
2028 3644 2185 3695 super
2229 3629 2363 3682 hanc

794 3732 994 3791 petram
1037 3720 1311 3788 wdiﬁcnbo
1346 3720 1649 3774 Ecclesium
1683 3736 1852 3773 meam
1885 3719 1950 3774 “.
1976 3719 2191 3775 Primus
2217 3722 2362 3775 enim

796 3828 979 3871 revera
1010 3815 1115 3879 hic,
1145 3831 1244 3869 ceu
1277 3815 1499 3882 grandis
1546 3812 1764 3882 quidam
1802 3829 1865 3866 ac
1912 3814 2078 3889 durus
2113 3813 2270 3883 lapis,
2310 3813 2361 3865 in

796 3907 979 3962 mundi
1010 3908 1167 3977 hujus
1199 3921 1331 3961 cava
1356 3907 1627 3961 demissus
1661 3916 1766 3970 est,
1808 3905 1923 3958 sive
1972 3906 2023 3957 in
2066 3904 2361 3959 convallem

795 4000 1132 4070 plorationis,
1166 3999 1621 4069 quemadmodum
1665 3996 1833 4049 David
1872 3996 1948 4049 ait
1985 3996 2065 4061 ⁶⁹;
2100 4006 2159 4050 ιιι
2204 3996 2364 4050 Citri-

801 4076 1009 4148 Stiauos
1031 4104 1219 4146 omnes
1253 4087 1710 4158 superaediﬂcatos
1734 4098 1974 4155 portans,
2017 4087 2068 4140 in
2097 4087 2325 4142 sublime
2348 4130 2363 4152 ,

797 4198 1005 4253 nempe,
1036 4184 1101 4238 ad
1132 4183 1243 4252 spei
1282 4191 1481 4236 nostra:
1520 4179 1875 4244 domicilium,
1904 4179 2187 4235 Subvehat.
2216 4178 2366 4233 Fun-

794 4276 1096 4329 damentum
1123 4272 1269 4325 aliud
1316 4286 1462 4324 nemo
1486 4279 1654 4336 potest
1689 4286 1897 4339 ponere,
1934 4282 2124 4338 prmter
2146 4272 2198 4324 id
2226 4273 2365 4340 quod

795 4369 1019 4437 positum
1046 4378 1143 4429 est,
1173 4364 1311 4435 quod
1337 4372 1417 4418 est
1444 4362 1684 4415 Christus
1706 4362 1941 4416 Jews".
1978 4362 2082 4416 Sed
2109 4373 2164 4416 et
2204 4363 2363 4416 simili

796 4474 1009 4531 quoque
1052 4458 1301 4513 Salvator
1335 4465 1518 4511 uoster
1544 4453 1921 4523 appellatione,
1953 4455 2183 4522 primum
2210 4468 2363 4507 sumn

2463 3263 2607 3315 λίθον
2641 3264 3034 3335 ἀκρογωνιαῖον
3071 3267 3099 3317 ὁ
3130 3267 3321 3337 Πατὴρ
3351 3267 3514 3339 ἔθηκε
3565 3268 3656 3321 τὸν
3684 3269 3832 3331 Υἱόν,
3882 3260 4054 3323 ἐνδει-

2465 3355 2748 3424 κνύμενος,
2774 3355 2850 3418 ὡς
2876 3359 2906 3427 ὴ
2936 3358 3085 3410 πᾶσα
3136 3356 3231 3412 τοῦ
3280 3358 3486 3430 κόσμου
3536 3359 3795 3423 σύστασις
3840 3361 4055 3415 ἐκεῖνον

2462 3446 2576 3517 ἔχει
2608 3447 2705 3518 τὴν
2736 3447 2898 3519 ἕδραν
2936 3449 3030 3502 καὶ
3062 3449 3159 3521 τὴν
3191 3450 3451 3522 κρηπῖδα.
3513 3451 3576 3504 '0
3629 3450 3685 3503 δὲ
3733 3453 4057 3521 Μονογενὴς

2466 3538 2651 3603 πάλιν,
2708 3538 2890 3602 καθὼς
2940 3541 2999 3593 ὲν
3055 3539 3411 3609 Εὑαγγελίοις
3452 3542 3636 3612 φησὶν,
3666 3542 3919 3611 θεμέλιον
3963 3543 4056 3595 τὸν

2465 3631 2672 3702 Πέτρον
2726 3630 2982 3701 ὀνομάζει
3017 3632 3115 3701 τῆς
3160 3632 3513 3701 Ἐκκλησίας,
3560 3632 3645 3687 Σὺ
3700 3628 3759 3685 ετ
3802 3631 4058 3701 Πέτρος,

2465 3722 2562 3775 καὶ
2585 3720 2901 3791 ἐπικταύτῃ
2925 3720 3002 3790 τῇ
3023 3720 3210 3791 πέτρᾳ
3231 3721 3605 3791 οἰκοδομήσω
3623 3740 3743 3791 μου
3770 3724 3890 3790 τὴν
3929 3725 4055 3778 Ἐκ-

2447 3812 2748 3892 ριλησίαν.
2777 3812 2997 3883 Πρῶτος
3027 3812 3137 3883 γάρ
3164 3811 3380 3883 ἀληθῶς
3406 3808 3582 3876 οὗτος,
3627 3813 3815 3885 ὥσπερ
3850 3832 3943 3878 τις
3979 3816 4056 3869 λί-

2467 3902 2557 3967 θος
2605 3903 2779 3972 μέγας
2824 3902 2918 3956 καὶ¹
2965 3904 3231 3975 καρτερὸς
3271 3905 3530 3975 ὲνερρίφη
3576 3907 3641 3975 τῇ
3699 3904 3792 3959 τοῦ
3838 3906 4057 3977 κόσμου

2464 3993 2652 4047 τούτου
2685 3994 2977 4066 κοιλότητι,
3009 3993 3042 4065 ἢ
3073 3997 3139 4066 τῇ
3186 3995 3390 4049 κοιλάδι
3420 3995 3513 4049 τοῦ
3542 3996 3922 4067 κλαυθμῶνος,
3977 3998 4057 4062 ῶς

2466 4101 2632 4156 φησιν
2660 4087 2699 4157 ό,
2725 4084 2906 4139 Δαϐἱδ·
2936 4087 3022 4140 ἵνα
3052 4088 3261 4149 πάντας
3284 4089 3643 4159 Χριστιανοὺς
3665 4088 4058 4158 ὲποικοδομουο

2469 4178 2661 4245 μένους
2710 4176 3003 4248 βαστάσας,
3060 4178 3309 4249 ἀναγάγῃ
3370 4179 3507 4250 πρὸς
3566 4178 3628 4232 τὸ
3678 4179 3829 4248 ὕψος,
3872 4180 3903 4232 ὃ
3953 4181 4061 4251 τῆς

2466 4267 2859 4339 ὲλπίδοςήμῶν
2892 4271 3039 4322 ἐστιν
3074 4272 3407 4341 οἰκητήριον.
3433 4272 3724 4340 θεμέλιον
3752 4272 3911 4329 ἄλλο
3954 4275 4063 4327 σὺ·

2466 4356 2585 4423 δεὶς
2617 4358 2867 4412 δύναται
2897 4359 3105 4423 θεῖναι,
3138 4362 3295 4430 παρὰ
3319 4360 3425 4414 τὸν
3456 4344 3749 4431 κείμενον,
3775 4362 3843 4429 ὅς
3875 4364 4064 4418 ἐστιν

2480 4442 2729 4516 Ἰησοῦς’
2768 4452 3049 4517 Χριστός.ρ
3100 4449 3177 4523 Τῇ
3217 4453 3378 4523 ὁμοίᾳ
3424 4453 3479 4506 δὲ
3527 4454 3716 4523 κλήσει
3768 4456 3796 4505 ό
3851 4455 4064 4527 Σωτὴρ

796 4549 1121 4620 discipulum
1166 4545 1555 4601 honestandum
1590 4544 1762 4609 duxit,
1813 4545 2098 4623 nominans
2121 4542 2243 4597 ﬁdei
2278 4558 2367 4611 pe-
2401 4554 2437 4607 ι]

2468 4542 2498 4612 ή
2510 4540 2625 4611 μῶν
2652 4532 2745 4594 καὶ
2774 4541 2867 4593 τὸν
2896 4542 3109 4612 πρῶτον
3156 4543 3318 4596 αὐτοῦ
3349 4532 3607 4614 μαθητὴν
3640 4532 4060 4616 κατεκόσμησε,

799 4656 957 4696 tram.
989 4640 1091 4694 Per
1123 4637 1340 4694 Petrum
1378 4651 1526 4708 ergo,
1560 4650 1745 4692 verum
1799 4652 1859 4691 ac
1901 4636 2109 4691 ﬁdelem
2149 4636 2366 4706 pietatis

796 4722 1064 4789 doctorem
1116 4730 1389 4794 eﬂ'ectum,
1431 4728 1792 4784 Ecclesiarum
1827 4729 2035 4784 stabilis
2064 4727 2365 4797 inﬂexaque

797 4824 1023 4879 [trinitas
1053 4822 1317 4876 consistit.
1363 4820 1500 4875 Jttsti
1548 4830 1710 4888 porro
1750 4820 2105 4874 aediﬁcatione
2137 4820 2361 4874 radicati

803 4926 1034 4975 stamus,
1067 4913 1157 4981 qui
1187 4912 1254 4965 ab
1293 4922 1416 4966 ortu
1444 4910 1573 4965 solis
1605 4911 1671 4965 ad
1706 4924 1877 4978 usque
1893 4924 2143 4965 occasum
2175 4925 2361 4966 sumus

797 5003 1111 5060 Christiani.
1161 5001 1346 5065 Plane,
1383 5015 1504 5055 cum
1562 5010 1590 5052 a
1646 5009 1887 5069 tempore
1935 5001 2360 5055 annuntiationis

796 5096 1136 5165 evangelica,
1173 5093 1351 5148 multa:
1381 5094 1705 5147 increverint
1742 5093 2087 5156 tentationes,
2120 5093 2356 5162 tyrannis

795 5201 900 5257 que
948 5202 1047 5241 nos
1092 5185 1533 5248 innumerabiles,
1604 5198 1665 5237 ac
1716 5184 1820 5238 illis
1866 5184 2034 5252 prior,
2083 5184 2357 5249 diabolus,

801 5276 1034 5331 funditus
1068 5276 1377 5345 destruere,
1430 5285 1593 5345 atque
1634 5286 1665 5327 a
1704 5274 2081 5328 ~fundamentis
2119 5285 2363 5330 evertere

796 5370 977 5424 conati
1028 5362 1154 5424 sint
1181 5387 1194 5423 :
1223 5368 1583 5423 decurrerunt
1625 5364 1845 5420 ﬂumina
1882 5365 2025 5419 velut
2062 5376 2363 5431 torrentes,

796 5461 971 5530 inquit
1007 5459 1239 5513 salubris
1277 5473 1340 5514 ac
1388 5473 1539 5513 sacra
1592 5457 1865 5528 Scriptura
1895 5458 1972 5523 '”;
2016 5459 2365 5513 vehementes

797 5554 1184 5610 diabolicorum
1214 5550 1499 5621 spiritumn
1534 5551 1676 5605 venti
1727 5552 2030 5613 irruerunt;
2071 5551 2273 5619 copiosi
2301 5566 2365 5603 ac

865 5773 909 5795 οδ
933 5760 953 5813 1
981 5761 1111 5831 Reg.
1146 5774 1207 5823 tt,
1240 5759 1308 5811 19..
1330 5774 1450 5828 sqq.
1529 5758 1573 5790 ⁶²⁵
1598 5760 1717 5831 Act.
1743 5774 1853 5831 xvi,
1885 5761 1934 5831 ξ.

796 5847 907 5899 XVI,
942 5830 1028 5887 l8.
1065 5828 1081 5831 “
1106 5832 1147 5862 ⁶⁰
1178 5831 1321 5885 Psal.
1356 5844 1583 5895 Lxxxm,
1607 5830 1659 5884 7.
1731 5831 1776 5863 ⁷⁸)
1808 5829 1829 5883 Ι
1872 5828 1994 5885 Cor.
2067 5845 2149 5897 ut,
2186 5833 2269 5884 ll.

2014 5760 2057 5791 ⁸⁸
2084 5759 2276 5829 llReg.
2323 5765 2458 5821 xv,t
2498 5777 2616 5830 sqq.

2349 5834 2390 5863 ⁷¹
2419 5832 2603 5886 Matth.
2652 5848 2744 5895 νη,
2770 5832 2860 5887 9.7.

2474 4631 2677 4702 πέτραν
2727 4632 2996 4701 ὀνομάσας
3055 4634 3154 4703 τῆς
3206 4630 3459 4695 πίστεως.
3486 4632 3583 4685 Διὰ
3608 4632 3811 4702 Πέτρον
3841 4634 4063 4696 τοίνυν,

2470 4722 2718 4777 ἄπτωτον
2753 4725 2847 4776 καὶ
2872 4722 3092 4786 ἀκλινὲς
3148 4722 3206 4776 τὸ
3239 4724 3347 4776 τῶν
3412 4722 3747 4795 Ἐκκλησιῶν
3792 4716 4065 4796 ἔδρασμα

2471 4814 2720 4879 σώζεται,
2753 4817 2973 4888 γνήσιον
2991 4816 3083 4868 καὶ
3113 4816 3301 4868 πιστὸν
3328 4816 3617 4885 γενόμενον
3645 4816 3743 4886 τῆς
3762 4816 4065 4882 εύσεῦείας

2468 4911 2847 4978 μυσταγωγόν.
2875 4912 2973 4964 Διὰ
2995 4910 3093 4981 τὴν
3131 4904 3416 4981 οἰκοδομήν
3434 4910 3489 4963 δὲ
3522 4910 3614 4963 τοιῖ
3643 4910 3847 4963 δικαίου
3880 4913 4065 4983 ἐστή-

2472 5018 2646 5072 καμεν
2676 5000 3054 5073 ἐρριζωμένοι,
3091 5005 3139 5056 οἱ
3180 5002 3286 5065 ἀπὸ
3310 5003 3621 5072 ἀνίσχοντος
3644 5002 3820 5073 ἡλίου,
3879 5004 4065 5075 μέχρι

2470 5096 2563 5147 καὶ
2592 5093 2874 5165 δυομένου,
2908 5096 3242 5166 Χριστιανοί.
3274 5094 3492 5149 Πολλῶν
3521 5095 3577 5147 δὲ
3602 5094 3927 5166 πειρασμῶν
3971 5115 4065 5151 κι-

2468 5185 2754 5255 νηθέντων,
2789 5188 2879 5254 ἀφ’
2912 5181 2971 5239 οὗ
3012 5187 3321 5257 κατηγγέλη
3346 5186 3407 5239 τὸ
3433 5186 3778 5254 Εύαγγέλιον,
3809 5188 3907 5239 καὶ
3948 5206 4066 5259 μυ-

2467 5276 2600 5348 ρίων
2627 5278 2919 5349 τυράννων·
2954 5279 3047 5331 καὶ
3098 5281 3205 5350 πρὸ
3236 5279 3485 5341 ἐκείνων,
3518 5276 3610 5331 τοῦ
3658 5278 3905 5332 διαϐόλου
3944 5292 4065 5335 κα-

2464 5369 2731 5438 ταστῆσαι
2758 5370 3084 5440 θελήσαντος
3117 5374 3197 5433 εἰς
3230 5371 3444 5439 ἔδαφος,
3490 5372 3581 5423 καὶ
3621 5371 3864 5423 καθελεῖν
3897 5374 4066 5443 ἡμᾶς

2466 5460 2649 5523 αὐτοῖς
2673 5462 3103 5535 κρηπιδήμασιψ
3139 5462 3405 5533 ἔρῤευσαν
3440 5462 3536 5531 μὲν
3568 5463 3617 5514 οί
3664 5462 3923 5530 ποταμοὶ,
3984 5463 4066 5528 ὥς

2467 5568 2628 5621 φησιν
2662 5556 2689 5606 ὁ
2724 5558 2989 5625 σωτήριος
3020 5555 3194 5622 λόγος,
3240 5554 3316 5615 ὼς
3364 5554 3672 5626 χείμαρροι,
3723 5552 3955 5623 οφοδροὶ
4008 5556 4066 5611 δὲ

2699 5762 2742 5794 “
2769 5762 2924 5817 Joan.
2955 5780 2995 5828 ι,
3027 5762 3115 5817 42.
3192 5762 3233 5794 ⁸⁷
3261 5760 3366 5816 lsa.
3401 5775 3590 5826 xst'ttt,
3618 5758 3702 5815 16.
3782 5762 3827 5792 ⁸⁸
3850 5762 4069 5817 Matth.
