  <div class='ocr_page' id='page_1' title='image "/cluster/home/n/w/nwhite01/storage/ocr_20150623/40/pst.000005712373/142.png"; bbox 0 0 4212 6318; ppageno 0'>
   <div class='ocr_carea' id='block_1_1' title="bbox 125 419 226 475">
    <p class='ocr_par' dir='ltr' id='par_1_1' title="bbox 125 419 226 475">
     <span class='ocr_line' id='line_1_1' title="bbox 125 419 226 475; baseline 0 0"><span class='ocrx_word' id='word_1_1' title='bbox 125 419 226 475; x_wconf 67' lang='lat'><strong>9.69</strong></span> 
     </span>
    </p>
   </div>
   <div class='ocr_carea' id='block_1_2' title="bbox 1027 415 2499 477">
    <p class='ocr_par' dir='ltr' id='par_1_2' title="bbox 1027 415 2499 477">
     <span class='ocr_line' id='line_1_2' title="bbox 1027 415 2499 477; baseline 0.001 -4"><span class='ocrx_word' id='word_1_2' title='bbox 1027 420 1298 477; x_wconf 70' lang='lat' dir='ltr'>IIOMILIA</span> <span class='ocrx_word' id='word_1_3' title='bbox 1346 420 1473 474; x_wconf 88' lang='lat' dir='ltr'>VIII.</span> <span class='ocrx_word' id='word_1_4' title='bbox 1509 420 1572 471; x_wconf 71' lang='lat' dir='ltr'>IN</span> <span class='ocrx_word' id='word_1_5' title='bbox 1611 418 1704 475; x_wconf 84' lang='lat' dir='ltr'><strong>SS.</strong></span> <span class='ocrx_word' id='word_1_6' title='bbox 1754 415 2033 475; x_wconf 74' lang='lat' dir='ltr'><strong>PETBUM</strong></span> <span class='ocrx_word' id='word_1_7' title='bbox 2068 421 2156 475; x_wconf 81' lang='grc' dir='ltr'><strong>ΕΤ</strong></span> <span class='ocrx_word' id='word_1_8' title='bbox 2193 420 2499 477; x_wconf 73' lang='lat' dir='ltr'><strong>PAULUM.</strong></span> 
     </span>
    </p>
   </div>
   <div class='ocr_carea' id='block_1_3' title="bbox 3280 425 3387 478">
    <p class='ocr_par' dir='ltr' id='par_1_3' title="bbox 3280 425 3387 478">
     <span class='ocr_line' id='line_1_3' title="bbox 3280 425 3387 478; baseline 0.019 -3"><span class='ocrx_word' id='word_1_9' title='bbox 3280 425 3387 478; x_wconf 72' lang='lat'><strong>270</strong></span> 
     </span>
    </p>
   </div>
   <div class='ocr_carea' id='block_1_4' title="bbox 129 537 1792 611">
    <p class='ocr_par' dir='ltr' id='par_1_4' title="bbox 129 537 1792 611">
     <span class='ocr_line' id='line_1_4' title="bbox 129 537 1792 611; baseline -0.001 -18"><span class='ocrx_word' id='word_1_10' title='bbox 129 539 319 607; x_wconf 76' lang='grc' dir='ltr'>ἄνεμοι</span> <span class='ocrx_word' id='word_1_11' title='bbox 346 538 458 591; x_wconf 88' lang='grc' dir='ltr'><strong>τῶν</strong></span> <span class='ocrx_word' id='word_1_12' title='bbox 493 538 820 593; x_wconf 83' lang='grc' dir='ltr'>διαϐολικῶν</span> <span class='ocrx_word' id='word_1_13' title='bbox 856 539 1181 610; x_wconf 78' lang='grc' dir='ltr'><strong>πνευμάτων</strong></span> <span class='ocrx_word' id='word_1_14' title='bbox 1208 540 1565 611; x_wconf 86' lang='grc' dir='ltr'>προσέϐαλον,</span> <span class='ocrx_word' id='word_1_15' title='bbox 1594 537 1725 592; x_wconf 86' lang='grc' dir='ltr'>λαῦ-</span> <span class='ocrx_word' id='word_1_16' title='bbox 1752 544 1792 600; x_wconf 74' lang='grc' dir='ltr'><strong>Α</strong></span> 
     </span>
    </p>
   </div>
   <div class='ocr_carea' id='block_1_5' title="bbox 1730 537 3393 611">
    <p class='ocr_par' dir='ltr' id='par_1_5' title="bbox 1752 540 3393 611">
     <span class='ocr_line' id='line_1_5' title="bbox 1752 540 3393 611; baseline 0.003 -19"><span class='ocrx_word' id='word_1_17' title='bbox 1752 544 1797 600; x_wconf 73' lang='grc' dir='ltr'>Α</span> <span class='ocrx_word' id='word_1_18' title='bbox 1827 540 2073 595; x_wconf 83' lang='lat' dir='ltr'><strong>immensi</strong></span> <span class='ocrx_word' id='word_1_19' title='bbox 2104 542 2542 611; x_wconf 71' lang='lat' dir='ltr'><strong>persequentium</strong></span> <span class='ocrx_word' id='word_1_20' title='bbox 2590 540 2931 595; x_wconf 83' lang='lat' dir='ltr'><strong>Christianos</strong></span> <span class='ocrx_word' id='word_1_21' title='bbox 2972 541 3169 596; x_wconf 82' lang='lat' dir='ltr'><strong>imbres</strong></span> <span class='ocrx_word' id='word_1_22' title='bbox 3192 541 3393 610; x_wconf 86' lang='lat' dir='ltr'><strong>impetu</strong></span> 
     </span>
    </p>
   </div>
   <div class='ocr_carea' id='block_1_6' title="bbox 134 629 1720 706">
    <p class='ocr_par' dir='ltr' id='par_1_6' title="bbox 134 629 1720 706">
     <span class='ocr_line' id='line_1_6' title="bbox 134 629 1720 706; baseline 0.003 -23"><span class='ocrx_word' id='word_1_23' title='bbox 134 646 214 701; x_wconf 86' lang='grc' dir='ltr'><strong>ροι</strong></span> <span class='ocrx_word' id='word_1_24' title='bbox 244 629 301 682; x_wconf 79' lang='grc' dir='ltr'>δὲ</span> <span class='ocrx_word' id='word_1_25' title='bbox 321 630 469 682; x_wconf 73' lang='grc' dir='ltr'>ὑετοὶ</span> <span class='ocrx_word' id='word_1_26' title='bbox 495 630 611 683; x_wconf 90' lang='grc' dir='ltr'><strong>τῶν</strong></span> <span class='ocrx_word' id='word_1_27' title='bbox 646 631 951 685; x_wconf 82' lang='grc' dir='ltr'><strong>διωκόντων</strong></span> <span class='ocrx_word' id='word_1_28' title='bbox 972 634 1335 703; x_wconf 79' lang='grc' dir='ltr'>Χριστιανοὺς</span> <span class='ocrx_word' id='word_1_29' title='bbox 1369 633 1720 706; x_wconf 79' lang='grc' dir='ltr'>κατερράγη-</span> 
     </span>
    </p>
   </div>
   <div class='ocr_carea' id='block_1_7' title="bbox 132 716 1721 795">
    <p class='ocr_par' dir='ltr' id='par_1_7' title="bbox 132 716 1721 795">
     <span class='ocr_line' id='line_1_7' title="bbox 132 716 1721 795; baseline 0.003 -22"><span class='ocrx_word' id='word_1_30' title='bbox 132 716 258 784; x_wconf 66' lang='grc' dir='ltr'>σανξ</span> <span class='ocrx_word' id='word_1_31' title='bbox 284 722 376 774; x_wconf 75' lang='grc' dir='ltr'>καὶ</span> <span class='ocrx_word' id='word_1_32' title='bbox 400 722 559 775; x_wconf 83' lang='grc' dir='ltr'>οὐδὲν</span> <span class='ocrx_word' id='word_1_33' title='bbox 595 722 942 795; x_wconf 77' lang='grc' dir='ltr'><strong>ἰσχυρότερον</strong></span> <span class='ocrx_word' id='word_1_34' title='bbox 969 721 1127 794; x_wconf 77' lang='grc' dir='ltr'>ὤφθη</span> <span class='ocrx_word' id='word_1_35' title='bbox 1156 723 1248 776; x_wconf 83' lang='grc' dir='ltr'><strong>τοῦ</strong></span> <span class='ocrx_word' id='word_1_36' title='bbox 1270 724 1411 776; x_wconf 83' lang='grc' dir='ltr'>κατὰ</span> <span class='ocrx_word' id='word_1_37' title='bbox 1436 724 1568 777; x_wconf 85' lang='grc' dir='ltr'>Θεὸν</span> <span class='ocrx_word' id='word_1_38' title='bbox 1599 724 1721 795; x_wconf 88' lang='grc' dir='ltr'>ὀχυ-</span> 
     </span>
    </p>
   </div>
   <div class='ocr_carea' id='block_1_8' title="bbox 132 808 1720 883">
    <p class='ocr_par' dir='ltr' id='par_1_8' title="bbox 132 808 1720 883">
     <span class='ocr_line' id='line_1_8' title="bbox 132 808 1720 883; baseline 0.004 -21"><span class='ocrx_word' id='word_1_39' title='bbox 132 808 404 880; x_wconf 73' lang='grc' dir='ltr'>ρώματοςο</span> <span class='ocrx_word' id='word_1_40' title='bbox 446 811 638 882; x_wconf 74' lang='grc' dir='ltr'>ἐπειδὴ</span> <span class='ocrx_word' id='word_1_41' title='bbox 698 816 818 877; x_wconf 91' lang='grc' dir='ltr'>ταῖς</span> <span class='ocrx_word' id='word_1_42' title='bbox 859 811 1044 881; x_wconf 82' lang='grc' dir='ltr'><strong>ἁγίαις</strong></span> <span class='ocrx_word' id='word_1_43' title='bbox 1072 812 1351 883; x_wconf 78' lang='grc' dir='ltr'><strong>παλάμαις</strong></span> <span class='ocrx_word' id='word_1_44' title='bbox 1378 814 1473 867; x_wconf 87' lang='grc' dir='ltr'><strong>τοῦ</strong></span> <span class='ocrx_word' id='word_1_45' title='bbox 1504 813 1720 883; x_wconf 81' lang='grc' dir='ltr'><strong>πρώτου</strong></span> 
     </span>
    </p>
   </div>
   <div class='ocr_carea' id='block_1_9' title="bbox 129 901 1723 977">
    <p class='ocr_par' dir='ltr' id='par_1_9' title="bbox 129 901 1723 977">
     <span class='ocr_line' id='line_1_9' title="bbox 129 901 1723 977; baseline 0.003 -22"><span class='ocrx_word' id='word_1_46' title='bbox 129 901 239 955; x_wconf 87' lang='grc' dir='ltr'><strong>τῶν</strong></span> <span class='ocrx_word' id='word_1_47' title='bbox 277 903 591 957; x_wconf 79' lang='grc' dir='ltr'>ἀποστόλων</span> <span class='ocrx_word' id='word_1_48' title='bbox 622 904 1035 974; x_wconf 80' lang='grc' dir='ltr'><strong>κατεσκευάσθη</strong></span> <span class='ocrx_word' id='word_1_49' title='bbox 1080 904 1142 957; x_wconf 84' lang='grc' dir='ltr'>τὸ</span> <span class='ocrx_word' id='word_1_50' title='bbox 1184 906 1282 977; x_wconf 84' lang='grc' dir='ltr'>τῆς</span> <span class='ocrx_word' id='word_1_51' title='bbox 1315 906 1551 969; x_wconf 88' lang='grc' dir='ltr'>πίστεως</span> <span class='ocrx_word' id='word_1_52' title='bbox 1575 907 1723 959; x_wconf 79' lang='lat' dir='ltr'><strong>obto-</strong></span> 
     </span>
    </p>
   </div>
   <div class='ocr_carea' id='block_1_10' title="bbox 128 994 1722 1068">
    <p class='ocr_par' dir='ltr' id='par_1_10' title="bbox 128 994 1722 1068">
     <span class='ocr_line' id='line_1_10' title="bbox 128 994 1722 1068; baseline 0.002 -20"><span class='ocrx_word' id='word_1_53' title='bbox 128 994 271 1065; x_wconf 84' lang='grc' dir='ltr'>δόμη</span> <span class='ocrx_word' id='word_1_54' title='bbox 282 1012 377 1066; x_wconf 88' lang='grc' dir='ltr'><strong>μα.</strong></span> <span class='ocrx_word' id='word_1_55' title='bbox 418 996 608 1050; x_wconf 83' lang='grc' dir='ltr'>Ταῦτα</span> <span class='ocrx_word' id='word_1_56' title='bbox 643 997 701 1051; x_wconf 83' lang='grc' dir='ltr'>δὲ</span> <span class='ocrx_word' id='word_1_57' title='bbox 735 997 930 1066; x_wconf 86' lang='grc' dir='ltr'>λέγων,</span> <span class='ocrx_word' id='word_1_58' title='bbox 978 996 1086 1050; x_wconf 77' lang='grc' dir='ltr'>ἔδει</span> <span class='ocrx_word' id='word_1_59' title='bbox 1118 998 1163 1061; x_wconf 65' lang='lat'><strong><em>3‘</em></strong></span> <span class='ocrx_word' id='word_1_60' title='bbox 1193 998 1287 1052; x_wconf 75' lang='grc' dir='ltr'><strong>ἕνα</strong></span> <span class='ocrx_word' id='word_1_61' title='bbox 1315 998 1470 1066; x_wconf 87' lang='grc' dir='ltr'>λόγον</span> <span class='ocrx_word' id='word_1_62' title='bbox 1496 999 1597 1068; x_wconf 78' lang='grc' dir='ltr'><strong>τῆς</strong></span> <span class='ocrx_word' id='word_1_63' title='bbox 1642 999 1722 1051; x_wconf 84' lang='grc' dir='ltr'>εύ-</span> 
     </span>
    </p>
   </div>
   <div class='ocr_carea' id='block_1_11' title="bbox 132 1085 1718 1161">
    <p class='ocr_par' dir='ltr' id='par_1_11' title="bbox 132 1085 1718 1161">
     <span class='ocr_line' id='line_1_11' title="bbox 132 1085 1718 1161; baseline 0.004 -24"><span class='ocrx_word' id='word_1_64' title='bbox 132 1085 323 1152; x_wconf 79' lang='grc' dir='ltr'><strong>λογίας</strong></span> <span class='ocrx_word' id='word_1_65' title='bbox 366 1086 463 1139; x_wconf 86' lang='grc' dir='ltr'><strong>τοῦ</strong></span> <span class='ocrx_word' id='word_1_66' title='bbox 511 1088 719 1158; x_wconf 87' lang='grc' dir='ltr'>πέτραν</span> <span class='ocrx_word' id='word_1_67' title='bbox 759 1088 850 1141; x_wconf 84' lang='grc' dir='ltr'><strong>τὸν</strong></span> <span class='ocrx_word' id='word_1_68' title='bbox 900 1088 1292 1161; x_wconf 81' lang='grc' dir='ltr'>εὐαγγελιστὴν</span> <span class='ocrx_word' id='word_1_69' title='bbox 1332 1090 1718 1159; x_wconf 81' lang='grc' dir='ltr'>ὀνομάσαντος.</span> 
     </span>
    </p>
   </div>
   <div class='ocr_carea' id='block_1_12' title="bbox 133 1176 1722 1253">
    <p class='ocr_par' dir='ltr' id='par_1_12' title="bbox 133 1176 1722 1253">
     <span class='ocr_line' id='line_1_12' title="bbox 133 1176 1722 1253; baseline 0.003 -23"><span class='ocrx_word' id='word_1_70' title='bbox 133 1176 369 1248; x_wconf 87' lang='grc' dir='ltr'>Ἴδωμεν</span> <span class='ocrx_word' id='word_1_71' title='bbox 406 1178 486 1243; x_wconf 76' lang='grc' dir='ltr'>δὲ,</span> <span class='ocrx_word' id='word_1_72' title='bbox 516 1181 565 1231; x_wconf 87' lang='grc' dir='ltr'><strong>εί</strong></span> <span class='ocrx_word' id='word_1_73' title='bbox 584 1179 749 1245; x_wconf 86' lang='grc' dir='ltr'>δοκεῖ,</span> <span class='ocrx_word' id='word_1_74' title='bbox 777 1179 895 1243; x_wconf 84' lang='grc' dir='ltr'><strong>πῶς</strong></span> <span class='ocrx_word' id='word_1_75' title='bbox 926 1179 1192 1253; x_wconf 82' lang='grc' dir='ltr'><strong>ᾠκοδόμει</strong></span> <span class='ocrx_word' id='word_1_76' title='bbox 1215 1182 1439 1253; x_wconf 77' lang='grc' dir='ltr'>Πέτρος’</span> <span class='ocrx_word' id='word_1_77' title='bbox 1469 1182 1528 1235; x_wconf 82' lang='grc' dir='ltr'><strong>οὐ</strong></span> <span class='ocrx_word' id='word_1_78' title='bbox 1556 1181 1722 1247; x_wconf 78' lang='grc' dir='ltr'>λίθοις</span> 
     </span>
    </p>
   </div>
   <div class='ocr_carea' id='block_1_13' title="bbox 128 1271 1719 1345">
    <p class='ocr_par' dir='ltr' id='par_1_13' title="bbox 128 1271 1719 1345">
     <span class='ocr_line' id='line_1_13' title="bbox 128 1271 1719 1345; baseline 0.002 -22"><span class='ocrx_word' id='word_1_79' title='bbox 128 1272 225 1323; x_wconf 74' lang='grc' dir='ltr'><strong>καὶ</strong></span> <span class='ocrx_word' id='word_1_80' title='bbox 260 1271 527 1339; x_wconf 77' lang='grc' dir='ltr'><strong>πλίνθοις,</strong></span> <span class='ocrx_word' id='word_1_81' title='bbox 580 1272 701 1326; x_wconf 82' lang='grc' dir='ltr'>οὐδὲ</span> <span class='ocrx_word' id='word_1_82' title='bbox 746 1275 865 1337; x_wconf 88' lang='grc' dir='ltr'>ταῖς</span> <span class='ocrx_word' id='word_1_83' title='bbox 916 1274 1112 1338; x_wconf 82' lang='grc' dir='ltr'>ἄλλαις</span> <span class='ocrx_word' id='word_1_84' title='bbox 1138 1273 1291 1337; x_wconf 78' lang='grc' dir='ltr'>ὕλαις</span> <span class='ocrx_word' id='word_1_85' title='bbox 1321 1277 1441 1337; x_wconf 89' lang='grc' dir='ltr'>ταῖς</span> <span class='ocrx_word' id='word_1_86' title='bbox 1468 1278 1719 1345; x_wconf 83' lang='grc' dir='ltr'>γεηραῖς·</span> 
     </span>
    </p>
   </div>
   <div class='ocr_carea' id='block_1_14' title="bbox 128 1360 1720 1436">
    <p class='ocr_par' dir='ltr' id='par_1_14' title="bbox 128 1360 1720 1436">
     <span class='ocr_line' id='line_1_14' title="bbox 128 1360 1720 1436; baseline 0.003 -22"><span class='ocrx_word' id='word_1_87' title='bbox 128 1360 271 1415; x_wconf 81' lang='grc' dir='ltr'><strong>ἀλλά</strong></span> <span class='ocrx_word' id='word_1_88' title='bbox 302 1364 485 1431; x_wconf 80' lang='grc' dir='ltr'>λόγοις</span> <span class='ocrx_word' id='word_1_89' title='bbox 521 1364 618 1418; x_wconf 75' lang='grc' dir='ltr'><strong>καὶ</strong></span> <span class='ocrx_word' id='word_1_90' title='bbox 674 1365 956 1436; x_wconf 80' lang='grc' dir='ltr'>πράξεσιν,</span> <span class='ocrx_word' id='word_1_91' title='bbox 995 1360 1083 1428; x_wconf 79' lang='grc' dir='ltr'><strong>αἷς</strong></span> <span class='ocrx_word' id='word_1_92' title='bbox 1109 1367 1393 1435; x_wconf 71' lang='grc' dir='ltr'>ἐνηργεῖτο</span> <span class='ocrx_word' id='word_1_93' title='bbox 1422 1365 1569 1436; x_wconf 82' lang='grc' dir='ltr'>παρὰ</span> <span class='ocrx_word' id='word_1_94' title='bbox 1627 1365 1720 1419; x_wconf 84' lang='grc' dir='ltr'><strong>τοῦ</strong></span> 
     </span>
    </p>
   </div>
   <div class='ocr_carea' id='block_1_15' title="bbox 128 1454 475 1525">
    <p class='ocr_par' dir='ltr' id='par_1_15' title="bbox 128 1454 475 1525">
     <span class='ocr_line' id='line_1_15' title="bbox 128 1454 475 1525; baseline 0.012 -19"><span class='ocrx_word' id='word_1_95' title='bbox 128 1454 275 1507; x_wconf 69' lang='lat' dir='ltr'><strong>Uva-.3</strong></span> <span class='ocrx_word' id='word_1_96' title='bbox 285 1472 475 1525; x_wconf 82' lang='grc' dir='ltr'>ματος.</span> 
     </span>
    </p>
   </div>
   <div class='ocr_carea' id='block_1_16' title="bbox 198 1546 1716 1621">
    <p class='ocr_par' dir='ltr' id='par_1_16' title="bbox 198 1546 1716 1621">
     <span class='ocr_line' id='line_1_16' title="bbox 198 1546 1716 1621; baseline 0.002 -21"><span class='ocrx_word' id='word_1_97' title='bbox 198 1546 312 1600; x_wconf 81' lang='grc' dir='ltr'>Τοῦ</span> <span class='ocrx_word' id='word_1_98' title='bbox 334 1546 515 1601; x_wconf 80' lang='grc' dir='ltr'>τοίνυν</span> <span class='ocrx_word' id='word_1_99' title='bbox 544 1548 681 1601; x_wconf 83' lang='grc' dir='ltr'>Θεοῦ</span> <span class='ocrx_word' id='word_1_100' title='bbox 714 1551 806 1601; x_wconf 74' lang='grc' dir='ltr'><strong>καὶ</strong></span> <span class='ocrx_word' id='word_1_101' title='bbox 834 1549 1085 1621; x_wconf 78' lang='grc' dir='ltr'>Σωτῆρος</span> <span class='ocrx_word' id='word_1_102' title='bbox 1112 1549 1266 1619; x_wconf 77' lang='grc' dir='ltr'>ἡμῶν</span> <span class='ocrx_word' id='word_1_103' title='bbox 1300 1549 1610 1614; x_wconf 76' lang='grc' dir='ltr'>ἀνελθόντος</span> <span class='ocrx_word' id='word_1_104' title='bbox 1640 1553 1716 1615; x_wconf 76' lang='grc' dir='ltr'>εἰς</span> 
     </span>
    </p>
   </div>
   <div class='ocr_carea' id='block_1_17' title="bbox 125 1634 1715 1710">
    <p class='ocr_par' dir='ltr' id='par_1_17' title="bbox 125 1634 1715 1710">
     <span class='ocr_line' id='line_1_17' title="bbox 125 1634 1715 1710; baseline 0.004 -24"><span class='ocrx_word' id='word_1_105' title='bbox 125 1635 417 1704; x_wconf 73' lang='grc' dir='ltr'>οὐρανοὺς,</span> <span class='ocrx_word' id='word_1_106' title='bbox 458 1638 623 1707; x_wconf 81' lang='grc' dir='ltr'>ἡνίκα</span> <span class='ocrx_word' id='word_1_107' title='bbox 655 1637 754 1708; x_wconf 78' lang='grc' dir='ltr'>τὴν</span> <span class='ocrx_word' id='word_1_108' title='bbox 790 1637 1019 1707; x_wconf 81' lang='grc' dir='ltr'>νεφέλην</span> <span class='ocrx_word' id='word_1_109' title='bbox 1068 1634 1180 1708; x_wconf 77' lang='grc' dir='ltr'>εἶχε</span> <span class='ocrx_word' id='word_1_110' title='bbox 1202 1638 1412 1710; x_wconf 75' lang='grc' dir='ltr'>ὄχημα,</span> <span class='ocrx_word' id='word_1_111' title='bbox 1446 1639 1554 1693; x_wconf 88' lang='grc' dir='ltr'><strong>τῶν</strong></span> <span class='ocrx_word' id='word_1_112' title='bbox 1578 1641 1715 1693; x_wconf 82' lang='grc' dir='ltr'>ἀπο-</span> 
     </span>
    </p>
   </div>
   <div class='ocr_carea' id='block_1_18' title="bbox 124 1719 1718 1802">
    <p class='ocr_par' dir='ltr' id='par_1_18' title="bbox 124 1719 1718 1802">
     <span class='ocr_line' id='line_1_18' title="bbox 124 1719 1718 1802; baseline 0.005 -25"><span class='ocrx_word' id='word_1_113' title='bbox 124 1725 338 1779; x_wconf 76' lang='grc' dir='ltr'>στόλων</span> <span class='ocrx_word' id='word_1_114' title='bbox 368 1726 698 1796; x_wconf 82' lang='grc' dir='ltr'>βλεπόντων,</span> <span class='ocrx_word' id='word_1_115' title='bbox 726 1719 881 1790; x_wconf 75' lang='grc' dir='ltr'>οὗτος</span> <span class='ocrx_word' id='word_1_116' title='bbox 914 1732 942 1782; x_wconf 88' lang='grc' dir='ltr'><strong>ὀ</strong></span> <span class='ocrx_word' id='word_1_117' title='bbox 970 1729 1113 1800; x_wconf 79' lang='grc' dir='ltr'>ἀνὴρ</span> <span class='ocrx_word' id='word_1_118' title='bbox 1146 1730 1469 1784; x_wconf 85' lang='grc' dir='ltr'>ἀντελάϐετο</span> <span class='ocrx_word' id='word_1_119' title='bbox 1497 1732 1596 1802; x_wconf 84' lang='grc' dir='ltr'>τῆς</span> <span class='ocrx_word' id='word_1_120' title='bbox 1624 1732 1718 1785; x_wconf 86' lang='grc' dir='ltr'><strong>τοῦ</strong></span> 
     </span>
    </p>
   </div>
   <div class='ocr_carea' id='block_1_19' title="bbox 125 1814 1720 1893">
    <p class='ocr_par' dir='ltr' id='par_1_19' title="bbox 125 1814 1720 1893">
     <span class='ocr_line' id='line_1_19' title="bbox 125 1814 1720 1893; baseline 0.005 -23"><span class='ocrx_word' id='word_1_121' title='bbox 125 1814 469 1887; x_wconf 70' lang='grc' dir='ltr'>[εὐαγγελίου</span> <span class='ocrx_word' id='word_1_122' title='bbox 502 1820 870 1885; x_wconf 59' lang='grc' dir='ltr'>διδασκαλίας</span> <span class='ocrx_word' id='word_1_123' title='bbox 907 1822 1011 1876; x_wconf 67' lang='grc' dir='ltr'>καὶ</span> <span class='ocrx_word' id='word_1_124' title='bbox 1036 1822 1144 1893; x_wconf 83' lang='grc' dir='ltr'><strong>πρὸ</strong></span> <span class='ocrx_word' id='word_1_125' title='bbox 1193 1823 1413 1877; x_wconf 87' lang='grc' dir='ltr'>πάντων</span> <span class='ocrx_word' id='word_1_126' title='bbox 1465 1825 1573 1878; x_wconf 90' lang='grc' dir='ltr'><strong>τῶν</strong></span> <span class='ocrx_word' id='word_1_127' title='bbox 1612 1842 1720 1878; x_wconf 72' lang='grc' dir='ltr'>κοιο</span> 
     </span>
    </p>
   </div>
   <div class='ocr_carea' id='block_1_20' title="bbox 1826 633 3394 704">
    <p class='ocr_par' dir='ltr' id='par_1_20' title="bbox 1826 633 3394 704">
     <span class='ocr_line' id='line_1_20' title="bbox 1826 633 3394 704; baseline 0.003 -17"><span class='ocrx_word' id='word_1_128' title='bbox 1826 633 2182 700; x_wconf 80' lang='lat' dir='ltr'><strong>deﬂnxerunt,</strong></span> <span class='ocrx_word' id='word_1_129' title='bbox 2234 648 2334 688; x_wconf 89' lang='lat' dir='ltr'><strong>nec</strong></span> <span class='ocrx_word' id='word_1_130' title='bbox 2361 634 2654 704; x_wconf 77' lang='lat' dir='ltr'><strong>quidquam</strong></span> <span class='ocrx_word' id='word_1_131' title='bbox 2702 644 2879 689; x_wconf 89' lang='lat' dir='ltr'><strong>tamen</strong></span> <span class='ocrx_word' id='word_1_132' title='bbox 2912 634 3094 690; x_wconf 90' lang='lat' dir='ltr'><strong>divino</strong></span> <span class='ocrx_word' id='word_1_133' title='bbox 3123 636 3394 703; x_wconf 87' lang='lat' dir='ltr'><strong>potentius</strong></span> 
     </span>
    </p>
   </div>
   <div class='ocr_carea' id='block_1_21' title="bbox 1823 725 3394 796">
    <p class='ocr_par' dir='ltr' id='par_1_21' title="bbox 1823 725 3394 796">
     <span class='ocr_line' id='line_1_21' title="bbox 1823 725 3394 796; baseline 0.001 -19"><span class='ocrx_word' id='word_1_134' title='bbox 1823 725 1994 779; x_wconf 90' lang='lat' dir='ltr'><strong>visum</strong></span> <span class='ocrx_word' id='word_1_135' title='bbox 2023 734 2106 780; x_wconf 89' lang='lat' dir='ltr'><strong>est</strong></span> <span class='ocrx_word' id='word_1_136' title='bbox 2136 726 2465 791; x_wconf 89' lang='lat' dir='ltr'><strong>munimine;</strong></span> <span class='ocrx_word' id='word_1_137' title='bbox 2494 725 2635 796; x_wconf 90' lang='lat' dir='ltr'><strong>quod</strong></span> <span class='ocrx_word' id='word_1_138' title='bbox 2676 726 2927 780; x_wconf 88' lang='lat' dir='ltr'><strong>nimirum</strong></span> <span class='ocrx_word' id='word_1_139' title='bbox 2961 725 3079 779; x_wconf 87' lang='lat' dir='ltr'><strong>fidei</strong></span> <span class='ocrx_word' id='word_1_140' title='bbox 3111 726 3394 781; x_wconf 69' lang='lat' dir='ltr'><strong>aediﬁcatio</strong></span> 
     </span>
    </p>
   </div>
   <div class='ocr_carea' id='block_1_22' title="bbox 1824 815 3393 883">
    <p class='ocr_par' dir='ltr' id='par_1_22' title="bbox 1824 815 3393 883">
     <span class='ocr_line' id='line_1_22' title="bbox 1824 815 3393 883; baseline 0.001 -16"><span class='ocrx_word' id='word_1_141' title='bbox 1824 815 1993 868; x_wconf 87' lang='lat' dir='ltr'><strong>sacris</strong></span> <span class='ocrx_word' id='word_1_142' title='bbox 2020 815 2178 883; x_wconf 86' lang='lat' dir='ltr'><strong>primi</strong></span> <span class='ocrx_word' id='word_1_143' title='bbox 2212 815 2577 883; x_wconf 80' lang='lat' dir='ltr'><strong>apostolorum</strong></span> <span class='ocrx_word' id='word_1_144' title='bbox 2611 817 2858 870; x_wconf 90' lang='lat' dir='ltr'><strong>manibus</strong></span> <span class='ocrx_word' id='word_1_145' title='bbox 2902 826 3179 871; x_wconf 82' lang='lat' dir='ltr'><strong>exstructa</strong></span> <span class='ocrx_word' id='word_1_146' title='bbox 3227 825 3393 870; x_wconf 87' lang='lat' dir='ltr'><strong>esset.</strong></span> 
     </span>
    </p>
   </div>
   <div class='ocr_carea' id='block_1_23' title="bbox 1826 900 3392 973">
    <p class='ocr_par' dir='ltr' id='par_1_23' title="bbox 1826 900 3392 973">
     <span class='ocr_line' id='line_1_23' title="bbox 1826 900 3392 973; baseline 0.001 -18"><span class='ocrx_word' id='word_1_147' title='bbox 1826 900 1950 958; x_wconf 71' lang='lat' dir='ltr'><strong>llaec</strong></span> <span class='ocrx_word' id='word_1_148' title='bbox 1989 919 2151 973; x_wconf 89' lang='lat' dir='ltr'><strong>porro</strong></span> <span class='ocrx_word' id='word_1_149' title='bbox 2184 904 2404 959; x_wconf 88' lang='lat' dir='ltr'><strong>dicenda</strong></span> <span class='ocrx_word' id='word_1_150' title='bbox 2447 905 2632 970; x_wconf 83' lang='lat' dir='ltr'><strong>habui,</strong></span> <span class='ocrx_word' id='word_1_151' title='bbox 2660 905 2729 959; x_wconf 91' lang='lat' dir='ltr'><strong>ob</strong></span> <span class='ocrx_word' id='word_1_152' title='bbox 2762 904 2911 959; x_wconf 88' lang='lat' dir='ltr'><strong>illum</strong></span> <span class='ocrx_word' id='word_1_153' title='bbox 2952 922 3117 961; x_wconf 90' lang='lat' dir='ltr'><strong>unum</strong></span> <span class='ocrx_word' id='word_1_154' title='bbox 3168 906 3392 960; x_wconf 81' lang='lat' dir='ltr'><strong>verbum</strong></span> 
     </span>
    </p>
   </div>
   <div class='ocr_carea' id='block_1_24' title="bbox 1824 994 3397 1069">
    <p class='ocr_par' dir='ltr' id='par_1_24' title="bbox 1824 994 3397 1069">
     <span class='ocr_line' id='line_1_24' title="bbox 1824 994 3397 1069; baseline 0.002 -21"><span class='ocrx_word' id='word_1_155' title='bbox 1824 994 2216 1051; x_wconf 76' lang='lat' dir='ltr'><strong>benedictionis</strong></span> <span class='ocrx_word' id='word_1_156' title='bbox 2237 998 2373 1067; x_wconf 86' lang='lat' dir='ltr'><strong>ejus,</strong></span> <span class='ocrx_word' id='word_1_157' title='bbox 2399 997 2489 1067; x_wconf 91' lang='lat' dir='ltr'><strong>qui</strong></span> <span class='ocrx_word' id='word_1_158' title='bbox 2512 998 2895 1069; x_wconf 77' lang='lat' dir='ltr'><strong>evangelistam</strong></span> <span class='ocrx_word' id='word_1_159' title='bbox 2925 1014 2987 1053; x_wconf 87' lang='lat' dir='ltr'><strong>ac</strong></span> <span class='ocrx_word' id='word_1_160' title='bbox 3010 1014 3222 1054; x_wconf 90' lang='lat' dir='ltr'><strong>sacrum</strong></span> <span class='ocrx_word' id='word_1_161' title='bbox 3257 1012 3397 1067; x_wconf 77' lang='lat' dir='ltr'><strong>pra:-</strong></span> 
     </span>
    </p>
   </div>
   <div class='ocr_carea' id='block_1_25' title="bbox 1823 1088 3392 1156">
    <p class='ocr_par' dir='ltr' id='par_1_25' title="bbox 1823 1088 3392 1156">
     <span class='ocr_line' id='line_1_25' title="bbox 1823 1088 3392 1156; baseline 0.001 -16"><span class='ocrx_word' id='word_1_162' title='bbox 1823 1099 2033 1153; x_wconf 91' lang='lat' dir='ltr'><strong>conem,</strong></span> <span class='ocrx_word' id='word_1_163' title='bbox 2070 1098 2277 1155; x_wconf 91' lang='lat' dir='ltr'><strong>petram</strong></span> <span class='ocrx_word' id='word_1_164' title='bbox 2333 1090 2679 1156; x_wconf 85' lang='lat' dir='ltr'><strong>nuncupavit.</strong></span> <span class='ocrx_word' id='word_1_165' title='bbox 2736 1089 3024 1144; x_wconf 77' lang='lat' dir='ltr'><strong>Videamus</strong></span> <span class='ocrx_word' id='word_1_166' title='bbox 3077 1099 3295 1154; x_wconf 86' lang='lat' dir='ltr'><strong>autem,</strong></span> <span class='ocrx_word' id='word_1_167' title='bbox 3348 1088 3392 1143; x_wconf 88' lang='lat' dir='ltr'><strong>si</strong></span> 
     </span>
    </p>
   </div>
   <div class='ocr_carea' id='block_1_26' title="bbox 1824 1176 3395 1250">
    <p class='ocr_par' dir='ltr' id='par_1_26' title="bbox 1824 1176 3395 1250">
     <span class='ocr_line' id='line_1_26' title="bbox 1824 1176 3395 1250; baseline 0.004 -21"><span class='ocrx_word' id='word_1_168' title='bbox 1824 1176 1989 1244; x_wconf 84' lang='lat' dir='ltr'><strong>lubet,</strong></span> <span class='ocrx_word' id='word_1_169' title='bbox 2026 1194 2130 1249; x_wconf 90' lang='lat' dir='ltr'><strong>qua</strong></span> <span class='ocrx_word' id='word_1_170' title='bbox 2167 1178 2359 1234; x_wconf 85' lang='lat' dir='ltr'><strong>Petrus</strong></span> <span class='ocrx_word' id='word_1_171' title='bbox 2404 1181 2614 1235; x_wconf 85' lang='lat' dir='ltr'><strong>ratione</strong></span> <span class='ocrx_word' id='word_1_172' title='bbox 2642 1180 3023 1246; x_wconf 64' lang='lat' dir='ltr'><strong>aediﬁcaverit;</strong></span> <span class='ocrx_word' id='word_1_173' title='bbox 3054 1198 3157 1235; x_wconf 92' lang='lat' dir='ltr'><strong>non</strong></span> <span class='ocrx_word' id='word_1_174' title='bbox 3203 1181 3395 1250; x_wconf 82' lang='lat' dir='ltr'><strong>lapidi-</strong></span> 
     </span>
    </p>
   </div>
   <div class='ocr_carea' id='block_1_27' title="bbox 1823 1252 3389 1340">
    <p class='ocr_par' dir='ltr' id='par_1_27' title="bbox 1823 1252 3389 1340">
     <span class='ocr_line' id='line_1_27' title="bbox 1823 1252 3389 1340; baseline 0.001 -15"><span class='ocrx_word' id='word_1_175' title='bbox 1823 1270 1925 1325; x_wconf 85' lang='lat' dir='ltr'><strong>bus</strong></span> <span class='ocrx_word' id='word_1_176' title='bbox 1953 1269 2343 1340; x_wconf 86' lang='lat' dir='ltr'><strong>lateribusque,</strong></span> <span class='ocrx_word' id='word_1_177' title='bbox 2376 1252 2462 1325; x_wconf 44' lang='lat' dir='ltr'><strong>‘veI</strong></span> <span class='ocrx_word' id='word_1_178' title='bbox 2485 1270 2587 1326; x_wconf 87' lang='lat' dir='ltr'><strong>alia</strong></span> <span class='ocrx_word' id='word_1_179' title='bbox 2624 1280 2835 1327; x_wconf 89' lang='lat' dir='ltr'><strong>terrena</strong></span> <span class='ocrx_word' id='word_1_180' title='bbox 2868 1273 3088 1327; x_wconf 80' lang='lat' dir='ltr'><strong>materia</strong></span> <span class='ocrx_word' id='word_1_181' title='bbox 3110 1312 3124 1335; x_wconf 96' lang='lat'><strong>,</strong></span> <span class='ocrx_word' id='word_1_182' title='bbox 3154 1273 3246 1326; x_wconf 87' lang='lat' dir='ltr'><strong>sed</strong></span> <span class='ocrx_word' id='word_1_183' title='bbox 3274 1287 3389 1327; x_wconf 85' lang='lat' dir='ltr'><strong>ser-</strong></span> 
     </span>
    </p>
   </div>
   <div class='ocr_carea' id='block_1_28' title="bbox 1823 1360 3393 1433">
    <p class='ocr_par' dir='ltr' id='par_1_28' title="bbox 1823 1360 3393 1433">
     <span class='ocr_line' id='line_1_28' title="bbox 1823 1360 3393 1433; baseline -0.001 -18"><span class='ocrx_word' id='word_1_184' title='bbox 1823 1362 2072 1417; x_wconf 80' lang='lat' dir='ltr'><strong>monibus</strong></span> <span class='ocrx_word' id='word_1_185' title='bbox 2104 1376 2167 1416; x_wconf 87' lang='lat' dir='ltr'><strong>ac</strong></span> <span class='ocrx_word' id='word_1_186' title='bbox 2202 1364 2528 1428; x_wconf 84' lang='lat' dir='ltr'><strong>actionibus,</strong></span> <span class='ocrx_word' id='word_1_187' title='bbox 2573 1377 2706 1432; x_wconf 89' lang='lat' dir='ltr'><strong>quas</strong></span> <span class='ocrx_word' id='word_1_188' title='bbox 2728 1363 2958 1433; x_wconf 87' lang='lat' dir='ltr'><strong>Spiritus</strong></span> <span class='ocrx_word' id='word_1_189' title='bbox 2986 1360 3277 1417; x_wconf 77' lang='lat' dir='ltr'><strong>exercebat</strong></span> <span class='ocrx_word' id='word_1_190' title='bbox 3312 1362 3393 1414; x_wconf 85' lang='lat' dir='ltr'><strong>in-</strong></span> 
     </span>
    </p>
   </div>
   <div class='ocr_carea' id='block_1_29' title="bbox 1822 1452 2039 1506">
    <p class='ocr_par' dir='ltr' id='par_1_29' title="bbox 1822 1452 2039 1506">
     <span class='ocr_line' id='line_1_29' title="bbox 1822 1452 2039 1506; baseline -0.005 -1"><span class='ocrx_word' id='word_1_191' title='bbox 1822 1452 2039 1506; x_wconf 89' lang='lat' dir='ltr'><strong>slinctu.</strong></span> 
     </span>
    </p>
   </div>
   <div class='ocr_carea' id='block_1_30' title="bbox 1895 1542 3397 1615">
    <p class='ocr_par' dir='ltr' id='par_1_30' title="bbox 1895 1542 3397 1615">
     <span class='ocr_line' id='line_1_30' title="bbox 1895 1542 3397 1615; baseline 0 -17"><span class='ocrx_word' id='word_1_192' title='bbox 1895 1542 2029 1598; x_wconf 87' lang='lat' dir='ltr'><strong>Cum</strong></span> <span class='ocrx_word' id='word_1_193' title='bbox 2064 1544 2205 1598; x_wconf 87' lang='lat' dir='ltr'><strong>Deus</strong></span> <span class='ocrx_word' id='word_1_194' title='bbox 2248 1545 2429 1615; x_wconf 80' lang='lat' dir='ltr'><strong>itaque</strong></span> <span class='ocrx_word' id='word_1_195' title='bbox 2484 1561 2547 1600; x_wconf 86' lang='lat' dir='ltr'><strong>ac</strong></span> <span class='ocrx_word' id='word_1_196' title='bbox 2602 1546 2849 1599; x_wconf 82' lang='lat' dir='ltr'><strong>Salvator</strong></span> <span class='ocrx_word' id='word_1_197' title='bbox 2899 1555 3082 1599; x_wconf 86' lang='lat' dir='ltr'><strong>noster</strong></span> <span class='ocrx_word' id='word_1_198' title='bbox 3128 1546 3181 1598; x_wconf 91' lang='lat' dir='ltr'><strong>iu</strong></span> <span class='ocrx_word' id='word_1_199' title='bbox 3227 1544 3397 1599; x_wconf 63' lang='lat' dir='ltr'><strong>caelos</strong></span> 
     </span>
    </p>
   </div>
   <div class='ocr_carea' id='block_1_31' title="bbox 1832 1636 3394 1707">
    <p class='ocr_par' dir='ltr' id='par_1_31' title="bbox 1832 1636 3394 1707">
     <span class='ocr_line' id='line_1_31' title="bbox 1832 1636 3394 1707; baseline 0.002 -20"><span class='ocrx_word' id='word_1_200' title='bbox 1832 1636 2185 1700; x_wconf 81' lang='lat' dir='ltr'><strong>ascendisset,</strong></span> <span class='ocrx_word' id='word_1_201' title='bbox 2216 1638 2429 1707; x_wconf 80' lang='lat' dir='ltr'><strong>quando</strong></span> <span class='ocrx_word' id='word_1_202' title='bbox 2470 1639 2729 1707; x_wconf 84' lang='lat' dir='ltr'><strong>apostolis</strong></span> <span class='ocrx_word' id='word_1_203' title='bbox 2759 1637 3124 1706; x_wconf 86' lang='lat' dir='ltr'><strong>spectantibus</strong></span> <span class='ocrx_word' id='word_1_204' title='bbox 3152 1638 3321 1690; x_wconf 86' lang='lat' dir='ltr'><strong>nubes</strong></span> <span class='ocrx_word' id='word_1_205' title='bbox 3345 1636 3394 1690; x_wconf 86' lang='lat' dir='ltr'><strong>ei</strong></span> 
     </span>
    </p>
   </div>
   <div class='ocr_carea' id='block_1_32' title="bbox 1824 1726 3396 1797">
    <p class='ocr_par' dir='ltr' id='par_1_32' title="bbox 1824 1726 3396 1797">
     <span class='ocr_line' id='line_1_32' title="bbox 1824 1726 3396 1797; baseline 0 -19"><span class='ocrx_word' id='word_1_206' title='bbox 1824 1726 2126 1781; x_wconf 77' lang='lat' dir='ltr'><strong>Vehiculum</strong></span> <span class='ocrx_word' id='word_1_207' title='bbox 2161 1728 2301 1782; x_wconf 90' lang='lat' dir='ltr'><strong>facta</strong></span> <span class='ocrx_word' id='word_1_208' title='bbox 2338 1738 2440 1793; x_wconf 84' lang='lat' dir='ltr'><strong>est,</strong></span> <span class='ocrx_word' id='word_1_209' title='bbox 2472 1729 2553 1782; x_wconf 80' lang='lat' dir='ltr'><strong>vir</strong></span> <span class='ocrx_word' id='word_1_210' title='bbox 2604 1730 2704 1782; x_wconf 89' lang='lat' dir='ltr'><strong>iste</strong></span> <span class='ocrx_word' id='word_1_211' title='bbox 2736 1731 2959 1783; x_wconf 78' lang='lat' dir='ltr'><strong>docendi</strong></span> <span class='ocrx_word' id='word_1_212' title='bbox 3001 1739 3182 1797; x_wconf 86' lang='lat' dir='ltr'><strong>partes</strong></span> <span class='ocrx_word' id='word_1_213' title='bbox 3223 1728 3396 1780; x_wconf 74' lang='lat' dir='ltr'><strong>Evan-</strong></span> 
     </span>
    </p>
   </div>
   <div class='ocr_carea' id='block_1_33' title="bbox 1824 1818 3394 1897">
    <p class='ocr_par' dir='ltr' id='par_1_33' title="bbox 1824 1818 3394 1897">
     <span class='ocr_line' id='line_1_33' title="bbox 1824 1818 3394 1897; baseline 0 -27"><span class='ocrx_word' id='word_1_214' title='bbox 1824 1818 1942 1885; x_wconf 81' lang='lat' dir='ltr'><strong>gelii</strong></span> <span class='ocrx_word' id='word_1_215' title='bbox 1975 1822 2251 1887; x_wconf 81' lang='lat' dir='ltr'><strong>suscepit;</strong></span> <span class='ocrx_word' id='word_1_216' title='bbox 2294 1832 2456 1889; x_wconf 86' lang='lat' dir='ltr'><strong>atque</strong></span> <span class='ocrx_word' id='word_1_217' title='bbox 2488 1822 2651 1875; x_wconf 90' lang='lat' dir='ltr'><strong>sociis</strong></span> <span class='ocrx_word' id='word_1_218' title='bbox 2675 1822 2925 1876; x_wconf 90' lang='lat' dir='ltr'><strong>omnibus</strong></span> <span class='ocrx_word' id='word_1_219' title='bbox 2956 1821 3119 1889; x_wconf 91' lang='lat' dir='ltr'><strong>prior,</strong></span> <span class='ocrx_word' id='word_1_220' title='bbox 3156 1834 3253 1897; x_wconf 88' lang='lat' dir='ltr'><strong>pro</strong></span> <span class='ocrx_word' id='word_1_221' title='bbox 3282 1820 3394 1887; x_wconf 83' lang='lat' dir='ltr'><strong>epi-</strong></span> 
     </span>
    </p>
   </div>
   <div class='ocr_carea' id='block_1_34' title="bbox 124 1896 1787 1986">
    <p class='ocr_par' dir='ltr' id='par_1_34' title="bbox 124 1896 1787 1986">
     <span class='ocr_line' id='line_1_34' title="bbox 124 1896 1787 1986; baseline 0.005 -23"><span class='ocrx_word' id='word_1_222' title='bbox 124 1911 315 1963; x_wconf 82' lang='grc' dir='ltr'>νωνῶν</span> <span class='ocrx_word' id='word_1_223' title='bbox 347 1911 444 1981; x_wconf 77' lang='grc' dir='ltr'><strong>τῆς</strong></span> <span class='ocrx_word' id='word_1_224' title='bbox 469 1913 777 1981; x_wconf 79' lang='grc' dir='ltr'>ἐπισκοπῆς</span> <span class='ocrx_word' id='word_1_225' title='bbox 799 1912 1015 1978; x_wconf 79' lang='grc' dir='ltr'>ἀνοίξας</span> <span class='ocrx_word' id='word_1_226' title='bbox 1039 1914 1103 1966; x_wconf 86' lang='grc' dir='ltr'><strong>τὸ</strong></span> <span class='ocrx_word' id='word_1_227' title='bbox 1133 1915 1330 1986; x_wconf 86' lang='grc' dir='ltr'>στόμα,</span> <span class='ocrx_word' id='word_1_228' title='bbox 1356 1915 1465 1969; x_wconf 90' lang='grc' dir='ltr'><strong>τῶν</strong></span> <span class='ocrx_word' id='word_1_229' title='bbox 1491 1916 1719 1971; x_wconf 69' lang='grc' dir='ltr'>λυσσὼνι</span> <span class='ocrx_word' id='word_1_230' title='bbox 1755 1896 1787 1958; x_wconf 66' lang='grc' dir='ltr'><strong><em>Ε</em></strong></span> 
     </span>
    </p>
   </div>
   <div class='ocr_carea' id='block_1_35' title="bbox 1734 1896 3397 1986">
    <p class='ocr_par' dir='ltr' id='par_1_35' title="bbox 1755 1896 3397 1982">
     <span class='ocr_line' id='line_1_35' title="bbox 1755 1896 3397 1982; baseline 0.003 -22"><span class='ocrx_word' id='word_1_231' title='bbox 1755 1896 1797 1958; x_wconf 85' lang='grc' dir='ltr'><strong>Β</strong></span> <span class='ocrx_word' id='word_1_232' title='bbox 1828 1911 1972 1978; x_wconf 83' lang='lat' dir='ltr'><strong>scopi</strong></span> <span class='ocrx_word' id='word_1_233' title='bbox 2035 1925 2096 1965; x_wconf 87' lang='lat' dir='ltr'><strong>ac</strong></span> <span class='ocrx_word' id='word_1_234' title='bbox 2143 1912 2414 1979; x_wconf 81' lang='lat' dir='ltr'><strong>praepositi</strong></span> <span class='ocrx_word' id='word_1_235' title='bbox 2461 1927 2679 1967; x_wconf 88' lang='lat' dir='ltr'><strong>munere</strong></span> <span class='ocrx_word' id='word_1_236' title='bbox 2722 1928 2781 1967; x_wconf 88' lang='lat' dir='ltr'><strong>os</strong></span> <span class='ocrx_word' id='word_1_237' title='bbox 2836 1912 3105 1982; x_wconf 84' lang='lat' dir='ltr'><strong>aperiens,</strong></span> <span class='ocrx_word' id='word_1_238' title='bbox 3147 1896 3397 1965; x_wconf 81' lang='lat' dir='ltr'><strong>audentis</strong></span> 
     </span>
    </p>
   </div>
   <div class='ocr_carea' id='block_1_36' title="bbox 121 2004 1722 2082">
    <p class='ocr_par' dir='ltr' id='par_1_36' title="bbox 121 2004 1722 2082">
     <span class='ocr_line' id='line_1_36' title="bbox 121 2004 1722 2082; baseline 0.007 -27"><span class='ocrx_word' id='word_1_239' title='bbox 121 2020 235 2056; x_wconf 86' lang='grc' dir='ltr'><strong>των</strong></span> <span class='ocrx_word' id='word_1_240' title='bbox 269 2004 413 2057; x_wconf 85' lang='grc' dir='ltr'><strong>κατά</strong></span> <span class='ocrx_word' id='word_1_241' title='bbox 467 2005 569 2074; x_wconf 82' lang='grc' dir='ltr'>τῆς</span> <span class='ocrx_word' id='word_1_242' title='bbox 626 2006 908 2070; x_wconf 75' lang='grc' dir='ltr'>εὐσεϐείας</span> <span class='ocrx_word' id='word_1_243' title='bbox 947 2007 1326 2081; x_wconf 88' lang='grc' dir='ltr'>κατεθάρσησε</span> <span class='ocrx_word' id='word_1_244' title='bbox 1378 2010 1585 2082; x_wconf 86' lang='grc' dir='ltr'>δήμων,</span> <span class='ocrx_word' id='word_1_245' title='bbox 1628 2014 1722 2066; x_wconf 72' lang='grc' dir='ltr'>καὶ</span> 
     </span>
    </p>
   </div>
   <div class='ocr_carea' id='block_1_37' title="bbox 120 2086 1720 2175">
    <p class='ocr_par' dir='ltr' id='par_1_37' title="bbox 120 2086 1720 2175">
     <span class='ocr_line' id='line_1_37' title="bbox 120 2086 1720 2175; baseline 0.005 -26"><span class='ocrx_word' id='word_1_246' title='bbox 120 2096 443 2169; x_wconf 74' lang='grc' dir='ltr'>δημηγόρος</span> <span class='ocrx_word' id='word_1_247' title='bbox 468 2100 715 2169; x_wconf 75' lang='grc' dir='ltr'>ἀνεφάνη</span> <span class='ocrx_word' id='word_1_248' title='bbox 745 2100 930 2169; x_wconf 78' lang='grc' dir='ltr'>σοφὸς,</span> <span class='ocrx_word' id='word_1_249' title='bbox 966 2103 1023 2154; x_wconf 78' lang='grc' dir='ltr'>ἐν</span> <span class='ocrx_word' id='word_1_250' title='bbox 1076 2101 1227 2175; x_wconf 84' lang='grc' dir='ltr'>μέσῳ</span> <span class='ocrx_word' id='word_1_251' title='bbox 1264 2086 1383 2157; x_wconf 29' lang='grc' dir='ltr'>τῶν.</span> <span class='ocrx_word' id='word_1_252' title='bbox 1399 2103 1572 2159; x_wconf 81' lang='grc' dir='ltr'>ἐθνῶν</span> <span class='ocrx_word' id='word_1_253' title='bbox 1624 2105 1720 2158; x_wconf 76' lang='grc' dir='ltr'>καὶ</span> 
     </span>
    </p>
   </div>
   <div class='ocr_carea' id='block_1_38' title="bbox 121 2190 1721 2263">
    <p class='ocr_par' dir='ltr' id='par_1_38' title="bbox 121 2190 1721 2263">
     <span class='ocr_line' id='line_1_38' title="bbox 121 2190 1721 2263; baseline 0.007 -23"><span class='ocrx_word' id='word_1_254' title='bbox 121 2190 222 2242; x_wconf 77' lang='grc' dir='ltr'><strong>τοῦ</strong></span> <span class='ocrx_word' id='word_1_255' title='bbox 261 2190 501 2263; x_wconf 78' lang='grc' dir='ltr'>Ἰσραήλ·</span> <span class='ocrx_word' id='word_1_256' title='bbox 531 2192 705 2245; x_wconf 82' lang='grc' dir='ltr'>ἐθνῶν</span> <span class='ocrx_word' id='word_1_257' title='bbox 737 2193 1056 2247; x_wconf 83' lang='grc' dir='ltr'>ἀκονώντων</span> <span class='ocrx_word' id='word_1_258' title='bbox 1082 2194 1208 2257; x_wconf 83' lang='grc' dir='ltr'>τοὺς</span> <span class='ocrx_word' id='word_1_259' title='bbox 1230 2194 1469 2260; x_wconf 81' lang='grc' dir='ltr'>ὀδόντας,</span> <span class='ocrx_word' id='word_1_260' title='bbox 1501 2198 1597 2250; x_wconf 78' lang='grc' dir='ltr'>καὶ</span> <span class='ocrx_word' id='word_1_261' title='bbox 1631 2197 1721 2251; x_wconf 88' lang='grc' dir='ltr'>θυ-</span> 
     </span>
    </p>
   </div>
   <div class='ocr_carea' id='block_1_39' title="bbox 125 2281 1721 2358">
    <p class='ocr_par' dir='ltr' id='par_1_39' title="bbox 125 2281 1721 2358">
     <span class='ocr_line' id='line_1_39' title="bbox 125 2281 1721 2358; baseline 0.007 -26"><span class='ocrx_word' id='word_1_262' title='bbox 125 2281 237 2350; x_wconf 73' lang='grc' dir='ltr'><strong>μοῦ</strong></span> <span class='ocrx_word' id='word_1_263' title='bbox 280 2282 698 2353; x_wconf 75' lang='grc' dir='ltr'>πληρουμένων,</span> <span class='ocrx_word' id='word_1_264' title='bbox 725 2285 876 2348; x_wconf 85' lang='grc' dir='ltr'>είτις</span> <span class='ocrx_word' id='word_1_265' title='bbox 903 2285 992 2339; x_wconf 81' lang='grc' dir='ltr'><strong>τὸν</strong></span> <span class='ocrx_word' id='word_1_266' title='bbox 1033 2285 1236 2358; x_wconf 79' lang='grc' dir='ltr'>Ἰησοῦν</span> <span class='ocrx_word' id='word_1_267' title='bbox 1249 2287 1721 2358; x_wconf 86' lang='grc' dir='ltr'>ὀνομάσειε.⁶Ὠστε</span> 
     </span>
    </p>
   </div>
   <div class='ocr_carea' id='block_1_40' title="bbox 119 2371 1720 2450">
    <p class='ocr_par' dir='ltr' id='par_1_40' title="bbox 119 2371 1720 2450">
     <span class='ocr_line' id='line_1_40' title="bbox 119 2371 1720 2450; baseline 0.006 -26"><span class='ocrx_word' id='word_1_268' title='bbox 119 2371 187 2424; x_wconf 75' lang='grc' dir='ltr'>τὸ</span> <span class='ocrx_word' id='word_1_269' title='bbox 207 2374 294 2434; x_wconf 82' lang='grc' dir='ltr'>εις</span> <span class='ocrx_word' id='word_1_270' title='bbox 322 2372 415 2427; x_wconf 83' lang='grc' dir='ltr'><strong>τὸν</strong></span> <span class='ocrx_word' id='word_1_271' title='bbox 465 2373 672 2444; x_wconf 81' lang='grc' dir='ltr'>Κύριον</span> <span class='ocrx_word' id='word_1_272' title='bbox 708 2374 861 2445; x_wconf 91' lang='grc' dir='ltr'><strong>παρά</strong></span> <span class='ocrx_word' id='word_1_273' title='bbox 887 2376 985 2445; x_wconf 81' lang='grc' dir='ltr'>τῆς</span> <span class='ocrx_word' id='word_1_274' title='bbox 1017 2378 1354 2448; x_wconf 88' lang='grc' dir='ltr'>προφητείας</span> <span class='ocrx_word' id='word_1_275' title='bbox 1385 2376 1593 2449; x_wconf 87' lang='grc' dir='ltr'>λεχθὲν,</span> <span class='ocrx_word' id='word_1_276' title='bbox 1620 2380 1720 2450; x_wconf 86' lang='grc' dir='ltr'><strong>ἁρ-</strong></span> 
     </span>
    </p>
   </div>
   <div class='ocr_carea' id='block_1_41' title="bbox 127 2462 1721 2539">
    <p class='ocr_par' dir='ltr' id='par_1_41' title="bbox 127 2462 1721 2539">
     <span class='ocr_line' id='line_1_41' title="bbox 127 2462 1721 2539; baseline 0.006 -24"><span class='ocrx_word' id='word_1_277' title='bbox 127 2462 322 2532; x_wconf 78' lang='grc' dir='ltr'>μόζειν</span> <span class='ocrx_word' id='word_1_278' title='bbox 351 2464 492 2517; x_wconf 84' lang='grc' dir='ltr'>πάνυ</span> <span class='ocrx_word' id='word_1_279' title='bbox 524 2466 619 2518; x_wconf 76' lang='grc' dir='ltr'>καὶ</span> <span class='ocrx_word' id='word_1_280' title='bbox 649 2466 860 2536; x_wconf 80' lang='grc' dir='ltr'>Πέτρῳ,</span> <span class='ocrx_word' id='word_1_281' title='bbox 893 2467 972 2532; x_wconf 82' lang='grc' dir='ltr'><strong>τὸ,</strong></span> <span class='ocrx_word' id='word_1_282' title='bbox 993 2468 1492 2535; x_wconf 78' lang='grc' dir='ltr'>Περιεκύκλωσάν</span> <span class='ocrx_word' id='word_1_283' title='bbox 1513 2488 1590 2539; x_wconf 83' lang='grc' dir='ltr'><strong>με</strong></span> <span class='ocrx_word' id='word_1_284' title='bbox 1619 2471 1721 2524; x_wconf 81' lang='grc' dir='ltr'>κύ·</span> 
     </span>
    </p>
   </div>
   <div class='ocr_carea' id='block_1_42' title="bbox 120 2556 1720 2628">
    <p class='ocr_par' dir='ltr' id='par_1_42' title="bbox 120 2556 1720 2628">
     <span class='ocr_line' id='line_1_42' title="bbox 120 2556 1720 2628; baseline 0.003 -21"><span class='ocrx_word' id='word_1_285' title='bbox 120 2570 232 2620; x_wconf 73' lang='grc' dir='ltr'>νες</span> <span class='ocrx_word' id='word_1_286' title='bbox 261 2556 504 2609; x_wconf 71' lang='grc' dir='ltr'>πολλοί·</span> <span class='ocrx_word' id='word_1_287' title='bbox 559 2556 765 2623; x_wconf 79' lang='grc' dir='ltr'>ταῦροι</span> <span class='ocrx_word' id='word_1_288' title='bbox 814 2557 1021 2623; x_wconf 79' lang='grc' dir='ltr'>πίονες</span> <span class='ocrx_word' id='word_1_289' title='bbox 1077 2558 1401 2627; x_wconf 72' lang='grc' dir='ltr'>περιέσχον</span> <span class='ocrx_word' id='word_1_290' title='bbox 1438 2576 1534 2628; x_wconf 84' lang='grc' dir='ltr'><strong>με.</strong></span> <span class='ocrx_word' id='word_1_291' title='bbox 1579 2560 1720 2613; x_wconf 79' lang='grc' dir='ltr'>Ἀλλ’</span> 
     </span>
    </p>
   </div>
   <div class='ocr_carea' id='block_1_43' title="bbox 122 2644 1721 2730">
    <p class='ocr_par' dir='ltr' id='par_1_43' title="bbox 122 2644 1721 2730">
     <span class='ocr_line' id='line_1_43' title="bbox 122 2644 1721 2730; baseline 0.003 -32"><span class='ocrx_word' id='word_1_292' title='bbox 122 2646 282 2715; x_wconf 76' lang='grc' dir='ltr'>ὅμως</span> <span class='ocrx_word' id='word_1_293' title='bbox 313 2646 449 2707; x_wconf 74' lang='grc' dir='ltr'>ζέων</span> <span class='ocrx_word' id='word_1_294' title='bbox 470 2644 547 2716; x_wconf 83' lang='grc' dir='ltr'><strong>τῷ</strong></span> <span class='ocrx_word' id='word_1_295' title='bbox 604 2646 904 2717; x_wconf 87' lang='grc' dir='ltr'>Πνεύματι,</span> <span class='ocrx_word' id='word_1_296' title='bbox 936 2648 1031 2700; x_wconf 77' lang='grc' dir='ltr'><strong>καὶ</strong></span> <span class='ocrx_word' id='word_1_297' title='bbox 1058 2646 1157 2730; x_wconf 72' lang='grc' dir='ltr'><strong>τὴν</strong></span> <span class='ocrx_word' id='word_1_298' title='bbox 1205 2649 1426 2718; x_wconf 74' lang='grc' dir='ltr'>ἐντολὴν</span> <span class='ocrx_word' id='word_1_299' title='bbox 1460 2650 1721 2721; x_wconf 73' lang='grc' dir='ltr'>ἀνεπίλη-</span> 
     </span>
    </p>
   </div>
   <div class='ocr_carea' id='block_1_44' title="bbox 118 2738 1721 2810">
    <p class='ocr_par' dir='ltr' id='par_1_44' title="bbox 118 2738 1721 2810">
     <span class='ocr_line' id='line_1_44' title="bbox 118 2738 1721 2810; baseline 0.001 -17"><span class='ocrx_word' id='word_1_300' title='bbox 118 2755 261 2793; x_wconf 81' lang='grc' dir='ltr'>στον</span> <span class='ocrx_word' id='word_1_301' title='bbox 291 2738 502 2806; x_wconf 73' lang='grc' dir='ltr'>σώζων,</span> <span class='ocrx_word' id='word_1_302' title='bbox 531 2740 631 2809; x_wconf 76' lang='grc' dir='ltr'>τὴν</span> <span class='ocrx_word' id='word_1_303' title='bbox 660 2739 924 2793; x_wconf 75' lang='grc' dir='ltr'>εἰποῦσαν</span> <span class='ocrx_word' id='word_1_304' title='bbox 970 2739 1141 2809; x_wconf 76' lang='grc' dir='ltr'>αὐτῷ·</span> <span class='ocrx_word' id='word_1_305' title='bbox 1177 2742 1374 2794; x_wconf 80' lang='grc' dir='ltr'>Βόσκε</span> <span class='ocrx_word' id='word_1_306' title='bbox 1426 2741 1497 2795; x_wconf 81' lang='grc' dir='ltr'>τὰ</span> <span class='ocrx_word' id='word_1_307' title='bbox 1542 2742 1721 2810; x_wconf 79' lang='grc' dir='ltr'>ἀρνία</span> 
     </span>
    </p>
   </div>
   <div class='ocr_carea' id='block_1_45' title="bbox 118 2830 1718 2906">
    <p class='ocr_par' dir='ltr' id='par_1_45' title="bbox 118 2830 1718 2906">
     <span class='ocr_line' id='line_1_45' title="bbox 118 2830 1718 2906; baseline 0.001 -23"><span class='ocrx_word' id='word_1_308' title='bbox 118 2848 267 2901; x_wconf 73' lang='grc' dir='ltr'>μοιιν</span> <span class='ocrx_word' id='word_1_309' title='bbox 316 2830 448 2895; x_wconf 74' lang='grc' dir='ltr'>στὰς</span> <span class='ocrx_word' id='word_1_310' title='bbox 498 2833 579 2895; x_wconf 84' lang='grc' dir='ltr'><strong>είς</strong></span> <span class='ocrx_word' id='word_1_311' title='bbox 605 2831 777 2903; x_wconf 76' lang='grc' dir='ltr'>δῆμον</span> <span class='ocrx_word' id='word_1_312' title='bbox 824 2831 1128 2902; x_wconf 87' lang='grc' dir='ltr'>σύμμικτον</span> <span class='ocrx_word' id='word_1_313' title='bbox 1176 2833 1239 2885; x_wconf 81' lang='grc' dir='ltr'>ἐκ</span> <span class='ocrx_word' id='word_1_314' title='bbox 1290 2832 1497 2906; x_wconf 79' lang='grc' dir='ltr'>μυρίων</span> <span class='ocrx_word' id='word_1_315' title='bbox 1529 2832 1718 2898; x_wconf 79' lang='grc' dir='ltr'>ἐθνῶν,</span> 
     </span>
    </p>
   </div>
   <div class='ocr_carea' id='block_1_46' title="bbox 124 2909 1717 2991">
    <p class='ocr_par' dir='ltr' id='par_1_46' title="bbox 124 2909 1717 2991">
     <span class='ocr_line' id='line_1_46' title="bbox 124 2909 1717 2991; baseline 0.003 -16"><span class='ocrx_word' id='word_1_316' title='bbox 124 2921 282 2976; x_wconf 66' lang='grc' dir='ltr'>ἐϐόα·</span> <span class='ocrx_word' id='word_1_317' title='bbox 325 2922 573 2991; x_wconf 73' lang='grc' dir='ltr'>Ἄνδρες</span> <span class='ocrx_word' id='word_1_318' title='bbox 617 2922 910 2989; x_wconf 82' lang='grc' dir='ltr'>Ἰουδαῖοι,</span> <span class='ocrx_word' id='word_1_319' title='bbox 944 2924 1042 2977; x_wconf 83' lang='grc' dir='ltr'>καὶ</span> <span class='ocrx_word' id='word_1_320' title='bbox 1082 2926 1136 2978; x_wconf 79' lang='grc' dir='ltr'>οἱ</span> <span class='ocrx_word' id='word_1_321' title='bbox 1167 2909 1588 2990; x_wconf 77' lang='grc' dir='ltr'>κατοικοῦντες</span> <span class='ocrx_word' id='word_1_322' title='bbox 1624 2925 1717 2979; x_wconf 86' lang='grc' dir='ltr'><strong>Ἰε-</strong></span> 
     </span>
    </p>
   </div>
   <div class='ocr_carea' id='block_1_47' title="bbox 121 3011 1714 3086">
    <p class='ocr_par' dir='ltr' id='par_1_47' title="bbox 121 3011 1714 3086">
     <span class='ocr_line' id='line_1_47' title="bbox 121 3011 1714 3086; baseline 0.001 -21"><span class='ocrx_word' id='word_1_323' title='bbox 121 3011 450 3082; x_wconf 68' lang='grc' dir='ltr'>ρουσαλὴμ</span> <span class='ocrx_word' id='word_1_324' title='bbox 504 3012 789 3078; x_wconf 80' lang='grc' dir='ltr'>ἅπαντες.</span> <span class='ocrx_word' id='word_1_325' title='bbox 826 3012 934 3066; x_wconf 78' lang='grc' dir='ltr'><strong>Καὶ</strong></span> <span class='ocrx_word' id='word_1_326' title='bbox 988 3014 1078 3068; x_wconf 78' lang='grc' dir='ltr'>ἵνα</span> <span class='ocrx_word' id='word_1_327' title='bbox 1138 3014 1211 3085; x_wconf 86' lang='grc' dir='ltr'><strong>μὴ</strong></span> <span class='ocrx_word' id='word_1_328' title='bbox 1263 3013 1714 3086; x_wconf 87' lang='grc' dir='ltr'>μακρολογῶμεν,</span> 
     </span>
    </p>
   </div>
   <div class='ocr_carea' id='block_1_48' title="bbox 123 3105 1715 3178">
    <p class='ocr_par' dir='ltr' id='par_1_48' title="bbox 123 3105 1715 3178">
     <span class='ocr_line' id='line_1_48' title="bbox 123 3105 1715 3178; baseline 0.001 -19"><span class='ocrx_word' id='word_1_329' title='bbox 123 3105 317 3159; x_wconf 74' lang='grc' dir='ltr'>πᾶσαν</span> <span class='ocrx_word' id='word_1_330' title='bbox 350 3105 448 3177; x_wconf 81' lang='grc' dir='ltr'>τὴν</span> <span class='ocrx_word' id='word_1_331' title='bbox 487 3105 649 3177; x_wconf 81' lang='grc' dir='ltr'>ρῆσιν</span> <span class='ocrx_word' id='word_1_332' title='bbox 674 3106 1031 3178; x_wconf 76' lang='grc' dir='ltr'>συνείροντες,</span> <span class='ocrx_word' id='word_1_333' title='bbox 1059 3108 1445 3178; x_wconf 86' lang='grc' dir='ltr'>ἀπομέμνηται</span> <span class='ocrx_word' id='word_1_334' title='bbox 1476 3107 1584 3161; x_wconf 89' lang='grc' dir='ltr'><strong>τῶν</strong></span> <span class='ocrx_word' id='word_1_335' title='bbox 1626 3109 1715 3160; x_wconf 68' lang='grc' dir='ltr'>λος</span> 
     </span>
    </p>
   </div>
   <div class='ocr_carea' id='block_1_49' title="bbox 122 3187 1717 3272">
    <p class='ocr_par' dir='ltr' id='par_1_49' title="bbox 122 3187 1717 3272">
     <span class='ocr_line' id='line_1_49' title="bbox 122 3187 1717 3272; baseline 0.004 -26"><span class='ocrx_word' id='word_1_336' title='bbox 122 3195 263 3262; x_wconf 81' lang='grc' dir='ltr'>γίων</span> <span class='ocrx_word' id='word_1_337' title='bbox 293 3194 389 3248; x_wconf 84' lang='grc' dir='ltr'><strong>τοῦ</strong></span> <span class='ocrx_word' id='word_1_338' title='bbox 436 3195 607 3272; x_wconf 67' lang='grc' dir='ltr'>Ἱωὴλ,</span> <span class='ocrx_word' id='word_1_339' title='bbox 654 3195 1011 3267; x_wconf 81' lang='grc' dir='ltr'>προφητεύων</span> <span class='ocrx_word' id='word_1_340' title='bbox 1038 3198 1108 3228; x_wconf 83' lang='grc'><strong>⁷²⁸</strong></span> <span class='ocrx_word' id='word_1_341' title='bbox 1142 3187 1242 3269; x_wconf 76' lang='grc' dir='ltr'>τὴν</span> <span class='ocrx_word' id='word_1_342' title='bbox 1263 3196 1369 3251; x_wconf 85' lang='grc' dir='ltr'>’τοῦ</span> <span class='ocrx_word' id='word_1_343' title='bbox 1399 3197 1717 3269; x_wconf 84' lang='grc' dir='ltr'>Πνεύματος</span> 
     </span>
    </p>
   </div>
   <div class='ocr_carea' id='block_1_50' title="bbox 124 3284 1713 3357">
    <p class='ocr_par' dir='ltr' id='par_1_50' title="bbox 124 3284 1713 3357">
     <span class='ocr_line' id='line_1_50' title="bbox 124 3284 1713 3357; baseline 0.001 -18"><span class='ocrx_word' id='word_1_344' title='bbox 124 3285 746 3357; x_wconf 65' lang='grc' dir='ltr'>ἑπιφοίτησινοεκεῖθεν</span> <span class='ocrx_word' id='word_1_345' title='bbox 780 3286 873 3338; x_wconf 74' lang='grc' dir='ltr'><strong>ἐπὶ</strong></span> <span class='ocrx_word' id='word_1_346' title='bbox 901 3286 993 3339; x_wconf 77' lang='grc' dir='ltr'><strong>τὸν</strong></span> <span class='ocrx_word' id='word_1_347' title='bbox 1041 3285 1207 3339; x_wconf 69' lang='grc' dir='ltr'>Δαϐὶδ</span> <span class='ocrx_word' id='word_1_348' title='bbox 1238 3284 1574 3357; x_wconf 83' lang='grc' dir='ltr'>μεταϐαίνει,</span> <span class='ocrx_word' id='word_1_349' title='bbox 1619 3289 1713 3341; x_wconf 76' lang='grc' dir='ltr'>καὶ</span> 
     </span>
    </p>
   </div>
   <div class='ocr_carea' id='block_1_51' title="bbox 124 3376 1714 3449">
    <p class='ocr_par' dir='ltr' id='par_1_51' title="bbox 124 3376 1714 3449">
     <span class='ocr_line' id='line_1_51' title="bbox 124 3376 1714 3449; baseline 0.003 -20"><span class='ocrx_word' id='word_1_350' title='bbox 124 3376 221 3430; x_wconf 71' lang='grc' dir='ltr'><strong>τὸν</strong></span> <span class='ocrx_word' id='word_1_351' title='bbox 264 3376 749 3431; x_wconf 79' lang='grc' dir='ltr'>πεντεκαιδέκατον</span> <span class='ocrx_word' id='word_1_352' title='bbox 801 3378 1014 3449; x_wconf 83' lang='grc' dir='ltr'>ψαλμὸν</span> <span class='ocrx_word' id='word_1_353' title='bbox 1050 3377 1447 3449; x_wconf 80' lang='grc' dir='ltr'>παραθέμενος,</span> <span class='ocrx_word' id='word_1_354' title='bbox 1509 3379 1714 3449; x_wconf 90' lang='grc' dir='ltr'>βεϐαιοῖ</span> 
     </span>
    </p>
   </div>
   <div class='ocr_carea' id='block_1_52' title="bbox 123 3466 1713 3541">
    <p class='ocr_par' dir='ltr' id='par_1_52' title="bbox 123 3466 1713 3541">
     <span class='ocr_line' id='line_1_52' title="bbox 123 3466 1713 3541; baseline 0.004 -22"><span class='ocrx_word' id='word_1_355' title='bbox 123 3466 228 3535; x_wconf 77' lang='grc' dir='ltr'>τὴν</span> <span class='ocrx_word' id='word_1_356' title='bbox 247 3466 563 3521; x_wconf 73' lang='grc' dir='ltr'><strong>ἀνάστασιν⁹</strong></span> <span class='ocrx_word' id='word_1_357' title='bbox 595 3468 799 3521; x_wconf 77' lang='grc' dir='ltr'>καὶτὸν</span> <span class='ocrx_word' id='word_1_358' title='bbox 820 3467 997 3521; x_wconf 87' lang='grc' dir='ltr'>πάντα</span> <span class='ocrx_word' id='word_1_359' title='bbox 1019 3468 1175 3536; x_wconf 89' lang='grc' dir='ltr'>λόγον</span> <span class='ocrx_word' id='word_1_360' title='bbox 1225 3485 1406 3539; x_wconf 82' lang='grc' dir='ltr'>συμπε</span> <span class='ocrx_word' id='word_1_361' title='bbox 1416 3472 1713 3541; x_wconf 87' lang='grc' dir='ltr'>ρανάμενος</span> 
     </span>
    </p>
   </div>
   <div class='ocr_carea' id='block_1_53' title="bbox 124 3554 1713 3631">
    <p class='ocr_par' dir='ltr' id='par_1_53' title="bbox 124 3554 1713 3631">
     <span class='ocr_line' id='line_1_53' title="bbox 124 3554 1713 3631; baseline 0.002 -21"><span class='ocrx_word' id='word_1_362' title='bbox 124 3560 191 3611; x_wconf 64' lang='grc' dir='ltr'>ιν</span> <span class='ocrx_word' id='word_1_363' title='bbox 446 3558 620 3627; x_wconf 89' lang='grc' dir='ltr'>λόγων</span> <span class='ocrx_word' id='word_1_364' title='bbox 671 3560 766 3612; x_wconf 78' lang='grc' dir='ltr'>καὶ</span> <span class='ocrx_word' id='word_1_365' title='bbox 806 3559 1084 3631; x_wconf 65' lang='grc' dir='ltr'>μαρτυρίᾳ.</span> <span class='ocrx_word' id='word_1_366' title='bbox 1129 3558 1315 3628; x_wconf 84' lang='grc' dir='ltr'>νόμου,</span> <span class='ocrx_word' id='word_1_367' title='bbox 1374 3561 1534 3625; x_wconf 81' lang='grc' dir='ltr'>εὐθὺς</span> <span class='ocrx_word' id='word_1_368' title='bbox 1587 3565 1713 3627; x_wconf 80' lang='grc' dir='ltr'>τοὺς</span> 
     </span>
    </p>
   </div>
   <div class='ocr_carea' id='block_1_54' title="bbox 122 3649 1712 3725">
    <p class='ocr_par' dir='ltr' id='par_1_54' title="bbox 122 3649 1712 3725">
     <span class='ocr_line' id='line_1_54' title="bbox 122 3649 1712 3725; baseline 0.003 -23"><span class='ocrx_word' id='word_1_369' title='bbox 122 3649 408 3720; x_wconf 75' lang='grc' dir='ltr'>ἀκροατὰς</span> <span class='ocrx_word' id='word_1_370' title='bbox 447 3651 777 3725; x_wconf 75' lang='grc' dir='ltr'>ἐπηγάγετο.</span> <span class='ocrx_word' id='word_1_371' title='bbox 839 3650 899 3705; x_wconf 81' lang='grc' dir='ltr'><strong>ού</strong></span> <span class='ocrx_word' id='word_1_372' title='bbox 947 3650 1099 3713; x_wconf 84' lang='grc' dir='ltr'>δέκα,</span> <span class='ocrx_word' id='word_1_373' title='bbox 1152 3652 1271 3706; x_wconf 76' lang='grc' dir='ltr'>οὐδὲ</span> <span class='ocrx_word' id='word_1_374' title='bbox 1327 3652 1540 3707; x_wconf 83' lang='grc' dir='ltr'>ἑκατόν·</span> <span class='ocrx_word' id='word_1_375' title='bbox 1591 3655 1712 3708; x_wconf 77' lang='grc' dir='ltr'>οὐδὲ</span> 
     </span>
    </p>
   </div>
   <div class='ocr_carea' id='block_1_55' title="bbox 120 3741 1714 3815">
    <p class='ocr_par' dir='ltr' id='par_1_55' title="bbox 120 3741 1714 3815">
     <span class='ocr_line' id='line_1_55' title="bbox 120 3741 1714 3815; baseline 0.004 -21"><span class='ocrx_word' id='word_1_376' title='bbox 120 3742 272 3813; x_wconf 83' lang='grc' dir='ltr'>τρὶς,</span> <span class='ocrx_word' id='word_1_377' title='bbox 303 3741 338 3814; x_wconf 80' lang='grc' dir='ltr'><strong>ἦ</strong></span> <span class='ocrx_word' id='word_1_378' title='bbox 374 3742 636 3806; x_wconf 80' lang='grc' dir='ltr'>πεντάκις</span> <span class='ocrx_word' id='word_1_379' title='bbox 669 3741 979 3805; x_wconf 83' lang='grc' dir='ltr'>τοσούτους·</span> <span class='ocrx_word' id='word_1_380' title='bbox 1011 3742 1146 3797; x_wconf 77' lang='grc' dir='ltr'>ἀλλὰ</span> <span class='ocrx_word' id='word_1_381' title='bbox 1175 3747 1324 3814; x_wconf 81' lang='grc' dir='ltr'>τρεῖς</span> <span class='ocrx_word' id='word_1_382' title='bbox 1350 3744 1591 3815; x_wconf 83' lang='grc' dir='ltr'>χιλιάδας</span> <span class='ocrx_word' id='word_1_383' title='bbox 1620 3748 1714 3800; x_wconf 83' lang='grc' dir='ltr'>ἀν-</span> 
     </span>
    </p>
   </div>
   <div class='ocr_carea' id='block_1_56' title="bbox 118 3826 1713 3906">
    <p class='ocr_par' dir='ltr' id='par_1_56' title="bbox 118 3826 1713 3906">
     <span class='ocr_line' id='line_1_56' title="bbox 118 3826 1713 3906; baseline 0.003 -19"><span class='ocrx_word' id='word_1_384' title='bbox 118 3832 292 3906; x_wconf 78' lang='grc' dir='ltr'>δρῶν,</span> <span class='ocrx_word' id='word_1_385' title='bbox 330 3834 660 3904; x_wconf 83' lang='grc' dir='ltr'>Ἐκκλησίας</span> <span class='ocrx_word' id='word_1_386' title='bbox 686 3834 982 3906; x_wconf 82' lang='grc' dir='ltr'>πλήρωμα,</span> <span class='ocrx_word' id='word_1_387' title='bbox 1010 3834 1182 3905; x_wconf 77' lang='grc' dir='ltr'>δῆμον</span> <span class='ocrx_word' id='word_1_388' title='bbox 1239 3826 1361 3888; x_wconf 77' lang='grc' dir='ltr'>ὅλον</span> <span class='ocrx_word' id='word_1_389' title='bbox 1399 3837 1580 3890; x_wconf 76' lang='grc' dir='ltr'>ἱκανὸν</span> <span class='ocrx_word' id='word_1_390' title='bbox 1612 3856 1713 3892; x_wconf 83' lang='grc' dir='ltr'><strong>κα-</strong></span> 
     </span>
    </p>
   </div>
   <div class='ocr_carea' id='block_1_57' title="bbox 120 3918 1708 4000">
    <p class='ocr_par' dir='ltr' id='par_1_57' title="bbox 120 3918 1708 4000">
     <span class='ocr_line' id='line_1_57' title="bbox 120 3918 1708 4000; baseline 0.002 -21"><span class='ocrx_word' id='word_1_391' title='bbox 120 3924 399 3996; x_wconf 77' lang='grc' dir='ltr'>ταπλῆξαι</span> <span class='ocrx_word' id='word_1_392' title='bbox 443 3927 569 3988; x_wconf 81' lang='grc' dir='ltr'>τοὺς</span> <span class='ocrx_word' id='word_1_393' title='bbox 612 3924 917 3996; x_wconf 80' lang='grc' dir='ltr'>δυσμενεῖς,</span> <span class='ocrx_word' id='word_1_394' title='bbox 961 3918 1037 3978; x_wconf 83' lang='grc' dir='ltr'>ὧν</span> <span class='ocrx_word' id='word_1_395' title='bbox 1068 3926 1463 3997; x_wconf 76' lang='grc' dir='ltr'>ἀπερράγησαν</span> <span class='ocrx_word' id='word_1_396' title='bbox 1496 3928 1708 4000; x_wconf 89' lang='grc' dir='ltr'>ἀθρόον.</span> 
     </span>
    </p>
   </div>
   <div class='ocr_carea' id='block_1_58' title="bbox 124 4016 1713 4090">
    <p class='ocr_par' dir='ltr' id='par_1_58' title="bbox 124 4016 1713 4090">
     <span class='ocr_line' id='line_1_58' title="bbox 124 4016 1713 4090; baseline 0.002 -20"><span class='ocrx_word' id='word_1_397' title='bbox 124 4017 199 4070; x_wconf 78' lang='grc' dir='ltr'><strong><em>Ὠ</em></strong></span> <span class='ocrx_word' id='word_1_398' title='bbox 236 4016 462 4082; x_wconf 81' lang='grc' dir='ltr'>πειθοῦς</span> <span class='ocrx_word' id='word_1_399' title='bbox 495 4017 785 4089; x_wconf 86' lang='grc' dir='ltr'>φάρμακον</span> <span class='ocrx_word' id='word_1_400' title='bbox 835 4016 1037 4088; x_wconf 83' lang='grc' dir='ltr'>θερμὸν</span> <span class='ocrx_word' id='word_1_401' title='bbox 1090 4018 1186 4070; x_wconf 76' lang='grc' dir='ltr'>καὶ</span> <span class='ocrx_word' id='word_1_402' title='bbox 1236 4017 1516 4090; x_wconf 84' lang='grc' dir='ltr'>διάπυρον,</span> <span class='ocrx_word' id='word_1_403' title='bbox 1547 4020 1713 4086; x_wconf 80' lang='grc' dir='ltr'>ὀξέως</span> 
     </span>
    </p>
   </div>
   <div class='ocr_carea' id='block_1_59' title="bbox 119 4106 1712 4179">
    <p class='ocr_par' dir='ltr' id='par_1_59' title="bbox 119 4106 1712 4179">
     <span class='ocr_line' id='line_1_59' title="bbox 119 4106 1712 4179; baseline 0.001 -18"><span class='ocrx_word' id='word_1_404' title='bbox 119 4108 237 4162; x_wconf 81' lang='grc' dir='ltr'><strong>τῶν</strong></span> <span class='ocrx_word' id='word_1_405' title='bbox 262 4107 453 4179; x_wconf 73' lang='grc' dir='ltr'>ψυχῶν</span> <span class='ocrx_word' id='word_1_406' title='bbox 490 4108 911 4178; x_wconf 78' lang='grc' dir='ltr'>καθαψάμενονί</span> <span class='ocrx_word' id='word_1_407' title='bbox 957 4106 1003 4161; x_wconf 84' lang='grc' dir='ltr'><strong>ὣ</strong></span> <span class='ocrx_word' id='word_1_408' title='bbox 1033 4109 1195 4177; x_wconf 85' lang='grc' dir='ltr'>σοφία</span> <span class='ocrx_word' id='word_1_409' title='bbox 1231 4108 1501 4176; x_wconf 87' lang='grc' dir='ltr'>θεολόγος,</span> <span class='ocrx_word' id='word_1_410' title='bbox 1532 4113 1712 4165; x_wconf 82' lang='grc' dir='ltr'>πᾶσαν</span> 
     </span>
    </p>
   </div>
   <div class='ocr_carea' id='block_1_60' title="bbox 122 4199 1712 4271">
    <p class='ocr_par' dir='ltr' id='par_1_60' title="bbox 122 4199 1712 4271">
     <span class='ocr_line' id='line_1_60' title="bbox 122 4199 1712 4271; baseline 0.003 -18"><span class='ocrx_word' id='word_1_411' title='bbox 122 4202 326 4270; x_wconf 74' lang='grc' dir='ltr'>σοφίαν</span> <span class='ocrx_word' id='word_1_412' title='bbox 383 4199 732 4271; x_wconf 84' lang='grc' dir='ltr'>ἀνθρωπίνην</span> <span class='ocrx_word' id='word_1_413' title='bbox 787 4199 1106 4271; x_wconf 74' lang='grc' dir='ltr'>καλύψασαί</span> <span class='ocrx_word' id='word_1_414' title='bbox 1161 4201 1225 4253; x_wconf 93' lang='grc' dir='ltr'>Τί</span> <span class='ocrx_word' id='word_1_415' title='bbox 1288 4202 1499 4270; x_wconf 84' lang='grc' dir='ltr'>λέγετε,</span> <span class='ocrx_word' id='word_1_416' title='bbox 1531 4205 1580 4257; x_wconf 80' lang='grc' dir='ltr'>οἱ</span> <span class='ocrx_word' id='word_1_417' title='bbox 1621 4204 1712 4256; x_wconf 74' lang='grc' dir='ltr'>τὸν</span> 
     </span>
    </p>
   </div>
   <div class='ocr_carea' id='block_1_61' title="bbox 121 4291 1711 4365">
    <p class='ocr_par' dir='ltr' id='par_1_61' title="bbox 121 4291 1711 4365">
     <span class='ocr_line' id='line_1_61' title="bbox 121 4291 1711 4365; baseline 0.003 -21"><span class='ocrx_word' id='word_1_418' title='bbox 121 4291 481 4364; x_wconf 78' lang='grc' dir='ltr'>Δημοσθένην</span> <span class='ocrx_word' id='word_1_419' title='bbox 529 4292 923 4362; x_wconf 80' lang='grc' dir='ltr'>στεφανοῦντες</span> <span class='ocrx_word' id='word_1_420' title='bbox 962 4292 1106 4346; x_wconf 80' lang='grc' dir='ltr'>κατὰ</span> <span class='ocrx_word' id='word_1_421' title='bbox 1162 4292 1428 4365; x_wconf 81' lang='grc' dir='ltr'>ρητόρων,</span> <span class='ocrx_word' id='word_1_422' title='bbox 1471 4295 1566 4348; x_wconf 71' lang='grc' dir='ltr'>καὶ</span> <span class='ocrx_word' id='word_1_423' title='bbox 1621 4296 1711 4348; x_wconf 82' lang='grc' dir='ltr'><strong>τὸν</strong></span> 
     </span>
    </p>
   </div>
   <div class='ocr_carea' id='block_1_62' title="bbox 121 4372 1724 4455">
    <p class='ocr_par' dir='ltr' id='par_1_62' title="bbox 121 4372 1724 4455">
     <span class='ocr_line' id='line_1_62' title="bbox 121 4372 1724 4455; baseline 0.002 -21"><span class='ocrx_word' id='word_1_424' title='bbox 121 4382 429 4453; x_wconf 79' lang='grc' dir='ltr'>Σωκράτην</span> <span class='ocrx_word' id='word_1_425' title='bbox 474 4381 838 4452; x_wconf 84' lang='grc' dir='ltr'>ἀνυμνοῦντες</span> <span class='ocrx_word' id='word_1_426' title='bbox 893 4382 949 4434; x_wconf 79' lang='grc' dir='ltr'>ἐν</span> <span class='ocrx_word' id='word_1_427' title='bbox 989 4383 1328 4452; x_wconf 85' lang='grc' dir='ltr'>φιλοσόφοις;</span> <span class='ocrx_word' id='word_1_428' title='bbox 1362 4372 1724 4455; x_wconf 79' lang='grc' dir='ltr'>Δημοσθένης</span> 
     </span>
    </p>
   </div>
   <div class='ocr_carea' id='block_1_63' title="bbox 128 4468 1707 4547">
    <p class='ocr_par' dir='ltr' id='par_1_63' title="bbox 128 4468 1707 4547">
     <span class='ocr_line' id='line_1_63' title="bbox 128 4468 1707 4547; baseline 0.009 -29"><span class='ocrx_word' id='word_1_429' title='bbox 128 4476 232 4543; x_wconf 68' lang='grc' dir='ltr'>μὲν</span> <span class='ocrx_word' id='word_1_430' title='bbox 258 4474 389 4545; x_wconf 76' lang='grc' dir='ltr'>γὰρ,</span> <span class='ocrx_word' id='word_1_431' title='bbox 414 4477 441 4528; x_wconf 78' lang='grc' dir='ltr'>ὁ</span> <span class='ocrx_word' id='word_1_432' title='bbox 473 4475 570 4544; x_wconf 81' lang='grc' dir='ltr'><strong>τὴν</strong></span> <span class='ocrx_word' id='word_1_433' title='bbox 604 4468 900 4546; x_wconf 82' lang='grc' dir='ltr'>ῥητορικὴν</span> <span class='ocrx_word' id='word_1_434' title='bbox 925 4476 1100 4544; x_wconf 84' lang='grc' dir='ltr'>μέγας</span> <span class='ocrx_word' id='word_1_435' title='bbox 1128 4476 1220 4529; x_wconf 77' lang='grc' dir='ltr'><strong>καὶ</strong></span> <span class='ocrx_word' id='word_1_436' title='bbox 1253 4476 1707 4547; x_wconf 74' lang='grc' dir='ltr'>πολυθρύλλητος,</span> 
     </span>
    </p>
   </div>
   <div class='ocr_carea' id='block_1_64' title="bbox 1824 2000 3394 2074">
    <p class='ocr_par' dir='ltr' id='par_1_64' title="bbox 1824 2000 3394 2074">
     <span class='ocr_line' id='line_1_64' title="bbox 1824 2000 3394 2074; baseline 0.002 -22"><span class='ocrx_word' id='word_1_437' title='bbox 1824 2000 1986 2054; x_wconf 88' lang='lat' dir='ltr'><strong>animi</strong></span> <span class='ocrx_word' id='word_1_438' title='bbox 2020 2001 2386 2057; x_wconf 82' lang='lat' dir='ltr'><strong>fortitudinem</strong></span> <span class='ocrx_word' id='word_1_439' title='bbox 2437 2016 2620 2059; x_wconf 85' lang='lat' dir='ltr'><strong>contra</strong></span> <span class='ocrx_word' id='word_1_440' title='bbox 2668 2007 2893 2074; x_wconf 82' lang='lat' dir='ltr'><strong>populos</strong></span> <span class='ocrx_word' id='word_1_441' title='bbox 2922 2007 3181 2059; x_wconf 87' lang='lat' dir='ltr'><strong>adversus</strong></span> <span class='ocrx_word' id='word_1_442' title='bbox 3226 2004 3394 2072; x_wconf 84' lang='lat' dir='ltr'><strong>pieta-</strong></span> 
     </span>
    </p>
   </div>
   <div class='ocr_carea' id='block_1_65' title="bbox 1825 2089 3393 2163">
    <p class='ocr_par' dir='ltr' id='par_1_65' title="bbox 1825 2089 3393 2163">
     <span class='ocr_line' id='line_1_65' title="bbox 1825 2089 3393 2163; baseline 0.005 -23"><span class='ocrx_word' id='word_1_443' title='bbox 1825 2100 1928 2141; x_wconf 88' lang='lat' dir='ltr'><strong>tem</strong></span> <span class='ocrx_word' id='word_1_444' title='bbox 1967 2089 2227 2158; x_wconf 84' lang='lat' dir='ltr'><strong>furentes,</strong></span> <span class='ocrx_word' id='word_1_445' title='bbox 2272 2094 2534 2160; x_wconf 79' lang='lat' dir='ltr'><strong>ostendit;</strong></span> <span class='ocrx_word' id='word_1_446' title='bbox 2569 2108 2632 2149; x_wconf 88' lang='lat' dir='ltr'><strong>ac</strong></span> <span class='ocrx_word' id='word_1_447' title='bbox 2685 2095 2901 2163; x_wconf 84' lang='lat' dir='ltr'><strong>sapiens</strong></span> <span class='ocrx_word' id='word_1_448' title='bbox 2947 2104 3132 2149; x_wconf 84' lang='lat' dir='ltr'><strong>orator</strong></span> <span class='ocrx_word' id='word_1_449' title='bbox 3167 2095 3227 2148; x_wconf 79' lang='lat' dir='ltr'><strong>in</strong></span> <span class='ocrx_word' id='word_1_450' title='bbox 3278 2108 3393 2148; x_wconf 86' lang='lat' dir='ltr'><strong>tue-</strong></span> 
     </span>
    </p>
   </div>
   <div class='ocr_carea' id='block_1_66' title="bbox 1822 2176 3394 2252">
    <p class='ocr_par' dir='ltr' id='par_1_66' title="bbox 1822 2176 3394 2252">
     <span class='ocr_line' id='line_1_66' title="bbox 1822 2176 3394 2252; baseline 0.004 -22"><span class='ocrx_word' id='word_1_451' title='bbox 1822 2176 1912 2230; x_wconf 91' lang='lat' dir='ltr'><strong>dio</strong></span> <span class='ocrx_word' id='word_1_452' title='bbox 1961 2180 2201 2246; x_wconf 84' lang='lat' dir='ltr'><strong>gentium</strong></span> <span class='ocrx_word' id='word_1_453' title='bbox 2269 2194 2331 2234; x_wconf 88' lang='lat' dir='ltr'><strong>ac</strong></span> <span class='ocrx_word' id='word_1_454' title='bbox 2385 2180 2600 2237; x_wconf 75' lang='lat' dir='ltr'><strong>Israelis</strong></span> <span class='ocrx_word' id='word_1_455' title='bbox 2664 2184 2897 2248; x_wconf 77' lang='lat' dir='ltr'><strong>enituit;</strong></span> <span class='ocrx_word' id='word_1_456' title='bbox 2953 2185 3233 2252; x_wconf 77' lang='lat' dir='ltr'><strong>gentium,</strong></span> <span class='ocrx_word' id='word_1_457' title='bbox 3293 2184 3394 2237; x_wconf 88' lang='lat' dir='ltr'><strong>in-</strong></span> 
     </span>
    </p>
   </div>
   <div class='ocr_carea' id='block_1_67' title="bbox 1822 2271 3396 2345">
    <p class='ocr_par' dir='ltr' id='par_1_67' title="bbox 1822 2271 3396 2345">
     <span class='ocr_line' id='line_1_67' title="bbox 1822 2271 3396 2345; baseline 0.006 -25"><span class='ocrx_word' id='word_1_458' title='bbox 1822 2282 2015 2333; x_wconf 82' lang='lat' dir='ltr'><strong>quam,</strong></span> <span class='ocrx_word' id='word_1_459' title='bbox 2066 2271 2372 2326; x_wconf 85' lang='lat' dir='ltr'><strong>acuentiqu</strong></span> <span class='ocrx_word' id='word_1_460' title='bbox 2434 2272 2661 2340; x_wconf 71' lang='lat' dir='ltr'><strong>linguas,</strong></span> <span class='ocrx_word' id='word_1_461' title='bbox 2710 2290 2937 2344; x_wconf 73' lang='lat' dir='ltr'><strong>quaeque</strong></span> <span class='ocrx_word' id='word_1_462' title='bbox 2992 2276 3110 2341; x_wconf 90' lang='lat' dir='ltr'><strong>ira,</strong></span> <span class='ocrx_word' id='word_1_463' title='bbox 3164 2286 3222 2328; x_wconf 92' lang='lat' dir='ltr'><strong>ut</strong></span> <span class='ocrx_word' id='word_1_464' title='bbox 3274 2275 3396 2345; x_wconf 85' lang='lat' dir='ltr'><strong>quis</strong></span> 
     </span>
    </p>
   </div>
   <div class='ocr_carea' id='block_1_68' title="bbox 1828 2354 3393 2435">
    <p class='ocr_par' dir='ltr' id='par_1_68' title="bbox 1828 2354 3393 2435">
     <span class='ocr_line' id='line_1_68' title="bbox 1828 2354 3393 2435; baseline 0.006 -25"><span class='ocrx_word' id='word_1_465' title='bbox 1828 2354 2014 2412; x_wconf 83' lang='lat' dir='ltr'><strong>Jesum</strong></span> <span class='ocrx_word' id='word_1_466' title='bbox 2075 2361 2428 2423; x_wconf 86' lang='lat' dir='ltr'><strong>nominasset,</strong></span> <span class='ocrx_word' id='word_1_467' title='bbox 2472 2362 2843 2429; x_wconf 87' lang='lat' dir='ltr'><strong>implerentur.</strong></span> <span class='ocrx_word' id='word_1_468' title='bbox 2884 2366 2959 2419; x_wconf 85' lang='lat' dir='ltr'><strong>Ita</strong></span> <span class='ocrx_word' id='word_1_469' title='bbox 2990 2363 3135 2419; x_wconf 79' lang='lat' dir='ltr'><strong>sane</strong></span> <span class='ocrx_word' id='word_1_470' title='bbox 3162 2375 3211 2421; x_wconf 92' lang='lat' dir='ltr'><strong>ut</strong></span> <span class='ocrx_word' id='word_1_471' title='bbox 3250 2369 3393 2435; x_wconf 80' lang='lat' dir='ltr'><strong>quod</strong></span> 
     </span>
    </p>
   </div>
   <div class='ocr_carea' id='block_1_69' title="bbox 1826 2446 3395 2520">
    <p class='ocr_par' dir='ltr' id='par_1_69' title="bbox 1826 2446 3395 2520">
     <span class='ocr_line' id='line_1_69' title="bbox 1826 2446 3395 2520; baseline 0.008 -21"><span class='ocrx_word' id='word_1_472' title='bbox 1826 2461 1855 2499; x_wconf 90' lang='lat' dir='ltr'><strong>a</strong></span> <span class='ocrx_word' id='word_1_473' title='bbox 1914 2446 2184 2516; x_wconf 83' lang='lat' dir='ltr'><strong>Propheta</strong></span> <span class='ocrx_word' id='word_1_474' title='bbox 2240 2452 2290 2505; x_wconf 93' lang='lat' dir='ltr'><strong>in</strong></span> <span class='ocrx_word' id='word_1_475' title='bbox 2350 2451 2554 2506; x_wconf 85' lang='lat' dir='ltr'><strong>Domini</strong></span> <span class='ocrx_word' id='word_1_476' title='bbox 2598 2468 2825 2520; x_wconf 77' lang='lat' dir='ltr'><strong>persona</strong></span> <span class='ocrx_word' id='word_1_477' title='bbox 2892 2457 3090 2509; x_wconf 86' lang='lat' dir='ltr'><strong>dictum</strong></span> <span class='ocrx_word' id='word_1_478' title='bbox 3142 2468 3260 2520; x_wconf 80' lang='lat' dir='ltr'><strong>est,</strong></span> <span class='ocrx_word' id='word_1_479' title='bbox 3300 2458 3395 2512; x_wconf 85' lang='lat' dir='ltr'><strong>Pe-</strong></span> 
     </span>
    </p>
   </div>
   <div class='ocr_carea' id='block_1_70' title="bbox 1826 2542 3391 2623">
    <p class='ocr_par' dir='ltr' id='par_1_70' title="bbox 1826 2542 3391 2623">
     <span class='ocr_line' id='line_1_70' title="bbox 1826 2542 3391 2623; baseline 0.008 -33"><span class='ocrx_word' id='word_1_480' title='bbox 1826 2548 1907 2592; x_wconf 88' lang='lat' dir='ltr'><strong>tro</strong></span> <span class='ocrx_word' id='word_1_481' title='bbox 1934 2553 2147 2609; x_wconf 86' lang='lat' dir='ltr'><strong>quoque</strong></span> <span class='ocrx_word' id='word_1_482' title='bbox 2191 2542 2478 2596; x_wconf 87' lang='lat' dir='ltr'><strong>admodum</strong></span> <span class='ocrx_word' id='word_1_483' title='bbox 2527 2554 2847 2614; x_wconf 77' lang='lat' dir='ltr'><strong>congrueret</strong></span> <span class='ocrx_word' id='word_1_484' title='bbox 2879 2563 2892 2598; x_wconf 89' lang='lat'><strong>:</strong></span> <span class='ocrx_word' id='word_1_485' title='bbox 2926 2545 3391 2623; x_wconf 61' lang='lat' dir='ltr'><strong>Circumdedequnt</strong></span> 
     </span>
    </p>
   </div>
   <div class='ocr_carea' id='block_1_71' title="bbox 1823 2634 3396 2709">
    <p class='ocr_par' dir='ltr' id='par_1_71' title="bbox 1823 2634 3396 2709">
     <span class='ocr_line' id='line_1_71' title="bbox 1823 2634 3396 2709; baseline 0.01 -27"><span class='ocrx_word' id='word_1_486' title='bbox 1823 2646 1904 2683; x_wconf 87' lang='lat' dir='ltr'><strong>me</strong></span> <span class='ocrx_word' id='word_1_487' title='bbox 1934 2647 2090 2685; x_wconf 78' lang='lat' dir='ltr'><strong>canes</strong></span> <span class='ocrx_word' id='word_1_488' title='bbox 2138 2634 2328 2696; x_wconf 75' lang='lat' dir='ltr'><strong>multi;</strong></span> <span class='ocrx_word' id='word_1_489' title='bbox 2374 2636 2512 2688; x_wconf 81' lang='lat' dir='ltr'><strong>tauri</strong></span> <span class='ocrx_word' id='word_1_490' title='bbox 2559 2638 2776 2705; x_wconf 78' lang='lat' dir='ltr'><strong>pingues</strong></span> <span class='ocrx_word' id='word_1_491' title='bbox 2803 2637 3106 2693; x_wconf 62' lang='lat' dir='ltr'><strong>obsederunt</strong></span> <span class='ocrx_word' id='word_1_492' title='bbox 3139 2658 3218 2695; x_wconf 83' lang='lat' dir='ltr'><strong>me</strong></span> <span class='ocrx_word' id='word_1_493' title='bbox 3245 2643 3321 2709; x_wconf 87' lang='grc'><strong>⁷³;</strong></span> <span class='ocrx_word' id='word_1_494' title='bbox 3351 2644 3396 2697; x_wconf 90' lang='lat' dir='ltr'><strong>is</strong></span> 
     </span>
    </p>
   </div>
   <div class='ocr_carea' id='block_1_72' title="bbox 1826 2722 3392 2798">
    <p class='ocr_par' dir='ltr' id='par_1_72' title="bbox 1826 2722 3392 2798">
     <span class='ocr_line' id='line_1_72' title="bbox 1826 2722 3392 2798; baseline 0.009 -22"><span class='ocrx_word' id='word_1_495' title='bbox 1826 2732 2005 2777; x_wconf 85' lang='lat' dir='ltr'><strong>tamen</strong></span> <span class='ocrx_word' id='word_1_496' title='bbox 2066 2722 2272 2793; x_wconf 88' lang='lat' dir='ltr'><strong>Spiritu</strong></span> <span class='ocrx_word' id='word_1_497' title='bbox 2315 2726 2547 2793; x_wconf 78' lang='lat' dir='ltr'><strong>fervens,</strong></span> <span class='ocrx_word' id='word_1_498' title='bbox 2588 2728 2805 2798; x_wconf 88' lang='lat' dir='ltr'><strong>altaque</strong></span> <span class='ocrx_word' id='word_1_499' title='bbox 2859 2732 3111 2785; x_wconf 88' lang='lat' dir='ltr'><strong>memoria</strong></span> <span class='ocrx_word' id='word_1_500' title='bbox 3152 2733 3277 2787; x_wconf 88' lang='lat' dir='ltr'><strong>illud</strong></span> <span class='ocrx_word' id='word_1_501' title='bbox 3326 2739 3392 2789; x_wconf 88' lang='lat' dir='ltr'><strong>ad</strong></span> 
     </span>
    </p>
   </div>
   <div class='ocr_carea' id='block_1_73' title="bbox 1822 2815 3389 2890">
    <p class='ocr_par' dir='ltr' id='par_1_73' title="bbox 1822 2815 3389 2890">
     <span class='ocr_line' id='line_1_73' title="bbox 1822 2815 3389 2890; baseline 0.01 -23"><span class='ocrx_word' id='word_1_502' title='bbox 1822 2816 1995 2883; x_wconf 86' lang='lat' dir='ltr'><strong>ipsum</strong></span> <span class='ocrx_word' id='word_1_503' title='bbox 2029 2815 2240 2871; x_wconf 88' lang='lat' dir='ltr'><strong>Domini</strong></span> <span class='ocrx_word' id='word_1_504' title='bbox 2268 2821 2581 2871; x_wconf 84' lang='lat' dir='ltr'><strong>mandatum</strong></span> <span class='ocrx_word' id='word_1_505' title='bbox 2604 2820 2858 2885; x_wconf 85' lang='lat' dir='ltr'><strong>retinens,</strong></span> <span class='ocrx_word' id='word_1_506' title='bbox 2883 2837 2991 2890; x_wconf 88' lang='lat' dir='ltr'><strong>quo</strong></span> <span class='ocrx_word' id='word_1_507' title='bbox 3013 2822 3111 2876; x_wconf 88' lang='lat' dir='ltr'><strong>fuit</strong></span> <span class='ocrx_word' id='word_1_508' title='bbox 3141 2825 3341 2881; x_wconf 89' lang='lat' dir='ltr'><strong>dictum</strong></span> <span class='ocrx_word' id='word_1_509' title='bbox 3374 2844 3389 2883; x_wconf 87' lang='lat'><strong>:</strong></span> 
     </span>
    </p>
   </div>
   <div class='ocr_carea' id='block_1_74' title="bbox 1821 2905 3390 2979">
    <p class='ocr_par' dir='ltr' id='par_1_74' title="bbox 1821 2905 3390 2979">
     <span class='ocr_line' id='line_1_74' title="bbox 1821 2905 3390 2979; baseline 0.01 -20"><span class='ocrx_word' id='word_1_510' title='bbox 1821 2905 1989 2961; x_wconf 74' lang='lat' dir='ltr'><strong>Pasce</strong></span> <span class='ocrx_word' id='word_1_511' title='bbox 2018 2924 2180 2977; x_wconf 78' lang='lat' dir='ltr'><strong>agnos</strong></span> <span class='ocrx_word' id='word_1_512' title='bbox 2205 2925 2342 2963; x_wconf 73' lang='lat' dir='ltr'><strong>meo:</strong></span> <span class='ocrx_word' id='word_1_513' title='bbox 2375 2910 2450 2975; x_wconf 74' lang='lat'><strong>“;</strong></span> <span class='ocrx_word' id='word_1_514' title='bbox 2487 2918 2637 2965; x_wconf 90' lang='lat' dir='ltr'><strong>stans</strong></span> <span class='ocrx_word' id='word_1_515' title='bbox 2685 2912 2735 2964; x_wconf 92' lang='lat' dir='ltr'><strong>in</strong></span> <span class='ocrx_word' id='word_1_516' title='bbox 2777 2915 3083 2979; x_wconf 85' lang='lat' dir='ltr'><strong>promiscua</strong></span> <span class='ocrx_word' id='word_1_517' title='bbox 3114 2932 3179 2970; x_wconf 85' lang='lat' dir='ltr'><strong>ex</strong></span> <span class='ocrx_word' id='word_1_518' title='bbox 3228 2917 3390 2973; x_wconf 88' lang='lat' dir='ltr'><strong>innu-</strong></span> 
     </span>
    </p>
   </div>
   <div class='ocr_carea' id='block_1_75' title="bbox 1819 2999 3393 3069">
    <p class='ocr_par' dir='ltr' id='par_1_75' title="bbox 1819 2999 3393 3069">
     <span class='ocr_line' id='line_1_75' title="bbox 1819 2999 3393 3069; baseline 0.01 -18"><span class='ocrx_word' id='word_1_519' title='bbox 1819 2999 2167 3055; x_wconf 86' lang='lat' dir='ltr'><strong>merabilibus</strong></span> <span class='ocrx_word' id='word_1_520' title='bbox 2216 3002 2469 3069; x_wconf 78' lang='lat' dir='ltr'><strong>gentibus</strong></span> <span class='ocrx_word' id='word_1_521' title='bbox 2521 3002 2882 3067; x_wconf 88' lang='lat' dir='ltr'><strong>multitudine,</strong></span> <span class='ocrx_word' id='word_1_522' title='bbox 2915 3006 3222 3063; x_wconf 89' lang='lat' dir='ltr'><strong>clamabat:</strong></span> <span class='ocrx_word' id='word_1_523' title='bbox 3280 3008 3393 3066; x_wconf 80' lang='lat' dir='ltr'><strong>Viri</strong></span> 
     </span>
    </p>
   </div>
   <div class='ocr_carea' id='block_1_76' title="bbox 1815 3085 3391 3161">
    <p class='ocr_par' dir='ltr' id='par_1_76' title="bbox 1815 3085 3391 3161">
     <span class='ocr_line' id='line_1_76' title="bbox 1815 3085 3391 3161; baseline 0.008 -17"><span class='ocrx_word' id='word_1_524' title='bbox 1815 3085 2017 3156; x_wconf 72' lang='lat' dir='ltr'><strong>ludwi,</strong></span> <span class='ocrx_word' id='word_1_525' title='bbox 2048 3103 2094 3145; x_wconf 82' lang='lat' dir='ltr'><strong>et</strong></span> <span class='ocrx_word' id='word_1_526' title='bbox 2115 3093 2205 3161; x_wconf 83' lang='lat' dir='ltr'><strong>qui</strong></span> <span class='ocrx_word' id='word_1_527' title='bbox 2233 3092 2479 3146; x_wconf 75' lang='lat' dir='ltr'><strong>habitatis</strong></span> <span class='ocrx_word' id='word_1_528' title='bbox 2510 3092 2838 3149; x_wconf 71' lang='lat' dir='ltr'><strong>Hierusalem</strong></span> <span class='ocrx_word' id='word_1_529' title='bbox 2858 3099 3163 3155; x_wconf 75' lang='lat' dir='ltr'><strong>universi&quot;.</strong></span> <span class='ocrx_word' id='word_1_530' title='bbox 3204 3104 3284 3157; x_wconf 83' lang='lat' dir='ltr'><strong>Ac</strong></span> <span class='ocrx_word' id='word_1_531' title='bbox 3326 3119 3391 3158; x_wconf 84' lang='lat' dir='ltr'><strong>ue</strong></span> 
     </span>
    </p>
   </div>
   <div class='ocr_carea' id='block_1_77' title="bbox 1820 3172 3390 3260">
    <p class='ocr_par' dir='ltr' id='par_1_77' title="bbox 1820 3172 3390 3260">
     <span class='ocr_line' id='line_1_77' title="bbox 1820 3172 3390 3260; baseline 0.011 -26"><span class='ocrx_word' id='word_1_532' title='bbox 1820 3181 1993 3237; x_wconf 90' lang='lat' dir='ltr'><strong>locum</strong></span> <span class='ocrx_word' id='word_1_533' title='bbox 2021 3192 2190 3238; x_wconf 92' lang='lat' dir='ltr'><strong>totum</strong></span> <span class='ocrx_word' id='word_1_534' title='bbox 2223 3186 2602 3241; x_wconf 82' lang='lat' dir='ltr'><strong>subnectentes</strong></span> <span class='ocrx_word' id='word_1_535' title='bbox 2653 3172 2926 3257; x_wconf 80' lang='lat' dir='ltr'><strong>longiores</strong></span> <span class='ocrx_word' id='word_1_536' title='bbox 2962 3192 3153 3260; x_wconf 85' lang='lat' dir='ltr'><strong>simus,</strong></span> <span class='ocrx_word' id='word_1_537' title='bbox 3195 3196 3248 3250; x_wconf 87' lang='lat' dir='ltr'><strong>in</strong></span> <span class='ocrx_word' id='word_1_538' title='bbox 3277 3212 3390 3250; x_wconf 89' lang='lat' dir='ltr'><strong>me-</strong></span> 
     </span>
    </p>
   </div>
   <div class='ocr_carea' id='block_1_78' title="bbox 1820 3276 3387 3355">
    <p class='ocr_par' dir='ltr' id='par_1_78' title="bbox 1820 3276 3387 3355">
     <span class='ocr_line' id='line_1_78' title="bbox 1820 3276 3387 3355; baseline 0.01 -30"><span class='ocrx_word' id='word_1_539' title='bbox 1820 3276 2046 3353; x_wconf 77' lang='lat' dir='ltr'><strong>moriam</strong></span> <span class='ocrx_word' id='word_1_540' title='bbox 2079 3288 2292 3331; x_wconf 82' lang='lat' dir='ltr'><strong>revocat</strong></span> <span class='ocrx_word' id='word_1_541' title='bbox 2334 3276 2499 3332; x_wconf 85' lang='lat' dir='ltr'><strong>Joelis</strong></span> <span class='ocrx_word' id='word_1_542' title='bbox 2546 3283 2780 3348; x_wconf 86' lang='lat' dir='ltr'><strong>oracula,</strong></span> <span class='ocrx_word' id='word_1_543' title='bbox 2812 3281 3387 3355; x_wconf 85' lang='lat' dir='ltr'><strong>praedicentis-spiritu</strong></span> 
     </span>
    </p>
   </div>
   <div class='ocr_carea' id='block_1_79' title="bbox 1816 3355 3387 3436">
    <p class='ocr_par' dir='ltr' id='par_1_79' title="bbox 1816 3355 3387 3436">
     <span class='ocr_line' id='line_1_79' title="bbox 1816 3355 3387 3436; baseline 0.011 -21"><span class='ocrx_word' id='word_1_544' title='bbox 1816 3365 2131 3433; x_wconf 90' lang='lat' dir='ltr'><strong>prophetico</strong></span> <span class='ocrx_word' id='word_1_545' title='bbox 2153 3364 2388 3436; x_wconf 90' lang='lat' dir='ltr'><strong>Spiritus</strong></span> <span class='ocrx_word' id='word_1_546' title='bbox 2409 3369 2730 3424; x_wconf 82' lang='lat' dir='ltr'><strong>adventum:</strong></span> <span class='ocrx_word' id='word_1_547' title='bbox 2763 3384 2873 3426; x_wconf 91' lang='lat' dir='ltr'><strong>tum</strong></span> <span class='ocrx_word' id='word_1_548' title='bbox 2906 3355 3097 3429; x_wconf 76' lang='lat' dir='ltr'><strong>transit</strong></span> <span class='ocrx_word' id='word_1_549' title='bbox 3125 3378 3189 3430; x_wconf 86' lang='lat' dir='ltr'><strong>ad</strong></span> <span class='ocrx_word' id='word_1_550' title='bbox 3224 3379 3387 3433; x_wconf 85' lang='lat' dir='ltr'><strong>Davi-</strong></span> 
     </span>
    </p>
   </div>
   <div class='ocr_carea' id='block_1_80' title="bbox 1817 3455 3389 3532">
    <p class='ocr_par' dir='ltr' id='par_1_80' title="bbox 1817 3455 3389 3532">
     <span class='ocr_line' id='line_1_80' title="bbox 1817 3455 3389 3532; baseline 0.01 -23"><span class='ocrx_word' id='word_1_551' title='bbox 1817 3455 1959 3521; x_wconf 87' lang='lat' dir='ltr'><strong>dem,</strong></span> <span class='ocrx_word' id='word_1_552' title='bbox 1981 3470 2042 3509; x_wconf 86' lang='lat' dir='ltr'><strong>ac</strong></span> <span class='ocrx_word' id='word_1_553' title='bbox 2059 3458 2614 3528; x_wconf 68' lang='lat' dir='ltr'><strong>exponensps-ilmum</strong></span> <span class='ocrx_word' id='word_1_554' title='bbox 2633 3462 2877 3532; x_wconf 90' lang='lat' dir='ltr'><strong>quintum</strong></span> <span class='ocrx_word' id='word_1_555' title='bbox 2901 3466 3389 3532; x_wconf 85' lang='lat' dir='ltr'><strong>decimum,conlir-</strong></span> 
     </span>
    </p>
   </div>
   <div class='ocr_carea' id='block_1_81' title="bbox 1816 3549 3385 3621">
    <p class='ocr_par' dir='ltr' id='par_1_81' title="bbox 1816 3549 3385 3621">
     <span class='ocr_line' id='line_1_81' title="bbox 1816 3549 3385 3621; baseline 0.011 -22"><span class='ocrx_word' id='word_1_556' title='bbox 1816 3549 2386 3605; x_wconf 88' lang='lat' dir='ltr'><strong>matresurrectionem</strong></span> <span class='ocrx_word' id='word_1_557' title='bbox 2413 3569 2426 3605; x_wconf 92' lang='lat'><strong>:</strong></span> <span class='ocrx_word' id='word_1_558' title='bbox 2452 3552 2635 3621; x_wconf 83' lang='lat' dir='ltr'><strong>sicque</strong></span> <span class='ocrx_word' id='word_1_559' title='bbox 2656 3568 2955 3611; x_wconf 85' lang='lat' dir='ltr'><strong>sermonem</strong></span> <span class='ocrx_word' id='word_1_560' title='bbox 2987 3560 3291 3615; x_wconf 86' lang='lat' dir='ltr'><strong>universum</strong></span> <span class='ocrx_word' id='word_1_561' title='bbox 3330 3564 3385 3617; x_wconf 90' lang='lat' dir='ltr'><strong>in</strong></span> 
     </span>
    </p>
   </div>
   <div class='ocr_carea' id='block_1_82' title="bbox 1816 3637 3388 3715">
    <p class='ocr_par' dir='ltr' id='par_1_82' title="bbox 1816 3637 3388 3715">
     <span class='ocr_line' id='line_1_82' title="bbox 1816 3637 3388 3715; baseline 0.01 -25"><span class='ocrx_word' id='word_1_562' title='bbox 1816 3637 2098 3692; x_wconf 82' lang='lat' dir='ltr'><strong>verborum</strong></span> <span class='ocrx_word' id='word_1_563' title='bbox 2111 3639 2373 3708; x_wconf 85' lang='lat' dir='ltr'><strong>sapientia</strong></span> <span class='ocrx_word' id='word_1_564' title='bbox 2390 3656 2449 3694; x_wconf 87' lang='lat' dir='ltr'><strong>ac</strong></span> <span class='ocrx_word' id='word_1_565' title='bbox 2463 3641 2595 3711; x_wconf 73' lang='lat' dir='ltr'><strong>legis</strong></span> <span class='ocrx_word' id='word_1_566' title='bbox 2613 3643 2916 3699; x_wconf 88' lang='lat' dir='ltr'><strong>testimonia</strong></span> <span class='ocrx_word' id='word_1_567' title='bbox 2932 3648 3276 3715; x_wconf 64' lang='lat' dir='ltr'><strong>concludens,</strong></span> <span class='ocrx_word' id='word_1_568' title='bbox 3290 3658 3388 3706; x_wconf 77' lang='lat' dir='ltr'><strong>sta-</strong></span> 
     </span>
    </p>
   </div>
   <div class='ocr_carea' id='block_1_83' title="bbox 1816 3731 3385 3806">
    <p class='ocr_par' dir='ltr' id='par_1_83' title="bbox 1816 3731 3385 3806">
     <span class='ocr_line' id='line_1_83' title="bbox 1816 3731 3385 3806; baseline 0.005 -21"><span class='ocrx_word' id='word_1_569' title='bbox 1816 3731 1909 3785; x_wconf 90' lang='lat' dir='ltr'><strong>tim</strong></span> <span class='ocrx_word' id='word_1_570' title='bbox 1938 3742 2056 3800; x_wconf 90' lang='lat' dir='ltr'><strong>post</strong></span> <span class='ocrx_word' id='word_1_571' title='bbox 2072 3746 2130 3785; x_wconf 90' lang='lat' dir='ltr'><strong>se</strong></span> <span class='ocrx_word' id='word_1_572' title='bbox 2154 3732 2315 3785; x_wconf 79' lang='lat' dir='ltr'><strong>traxit</strong></span> <span class='ocrx_word' id='word_1_573' title='bbox 2333 3732 2607 3788; x_wconf 87' lang='lat' dir='ltr'><strong>auditores</strong></span> <span class='ocrx_word' id='word_1_574' title='bbox 2627 3750 2661 3797; x_wconf 86' lang='lat'><strong>;..</strong></span> <span class='ocrx_word' id='word_1_575' title='bbox 2676 3751 2779 3790; x_wconf 91' lang='lat' dir='ltr'><strong>non</strong></span> <span class='ocrx_word' id='word_1_576' title='bbox 2800 3736 3003 3802; x_wconf 88' lang='lat' dir='ltr'><strong>decem,</strong></span> <span class='ocrx_word' id='word_1_577' title='bbox 3027 3748 3115 3791; x_wconf 85' lang='lat' dir='ltr'><strong>aut</strong></span> <span class='ocrx_word' id='word_1_578' title='bbox 3133 3755 3346 3793; x_wconf 88' lang='lat' dir='ltr'><strong>centum</strong></span> <span class='ocrx_word' id='word_1_579' title='bbox 3369 3759 3385 3806; x_wconf 88' lang='lat'><strong>;</strong></span> 
     </span>
    </p>
   </div>
   <div class='ocr_carea' id='block_1_84' title="bbox 1816 3822 3386 3896">
    <p class='ocr_par' dir='ltr' id='par_1_84' title="bbox 1816 3822 3386 3896">
     <span class='ocr_line' id='line_1_84' title="bbox 1816 3822 3386 3896; baseline 0.007 -21"><span class='ocrx_word' id='word_1_580' title='bbox 1816 3822 1895 3877; x_wconf 93' lang='lat' dir='ltr'><strong>vel</strong></span> <span class='ocrx_word' id='word_1_581' title='bbox 1928 3823 2092 3876; x_wconf 91' lang='lat' dir='ltr'><strong>etiam</strong></span> <span class='ocrx_word' id='word_1_582' title='bbox 2128 3833 2210 3875; x_wconf 90' lang='lat' dir='ltr'><strong>tcr</strong></span> <span class='ocrx_word' id='word_1_583' title='bbox 2236 3833 2397 3878; x_wconf 90' lang='lat' dir='ltr'><strong>autve</strong></span> <span class='ocrx_word' id='word_1_584' title='bbox 2426 3824 2709 3893; x_wconf 87' lang='lat' dir='ltr'><strong>quinquies</strong></span> <span class='ocrx_word' id='word_1_585' title='bbox 2741 3834 2947 3892; x_wconf 80' lang='lat' dir='ltr'><strong>tantos;</strong></span> <span class='ocrx_word' id='word_1_586' title='bbox 2984 3830 3110 3896; x_wconf 90' lang='lat' dir='ltr'><strong>quin</strong></span> <span class='ocrx_word' id='word_1_587' title='bbox 3138 3831 3261 3889; x_wconf 89' lang='lat' dir='ltr'><strong>imo.</strong></span> <span class='ocrx_word' id='word_1_588' title='bbox 3287 3832 3386 3886; x_wconf 81' lang='lat' dir='ltr'><strong>tria</strong></span> 
     </span>
    </p>
   </div>
   <div class='ocr_carea' id='block_1_85' title="bbox 1817 3915 3387 3990">
    <p class='ocr_par' dir='ltr' id='par_1_85' title="bbox 1817 3915 3387 3990">
     <span class='ocr_line' id='line_1_85' title="bbox 1817 3915 3387 3990; baseline 0.004 -22"><span class='ocrx_word' id='word_1_589' title='bbox 1817 3915 1981 3969; x_wconf 88' lang='lat' dir='ltr'><strong>millia</strong></span> <span class='ocrx_word' id='word_1_590' title='bbox 2035 3916 2309 3982; x_wconf 88' lang='lat' dir='ltr'><strong>virorum;</strong></span> <span class='ocrx_word' id='word_1_591' title='bbox 2344 3915 2598 3970; x_wconf 67' lang='lat' dir='ltr'><strong>Ecclesiae</strong></span> <span class='ocrx_word' id='word_1_592' title='bbox 2630 3928 2871 3978; x_wconf 87' lang='lat' dir='ltr'><strong>coetum;</strong></span> <span class='ocrx_word' id='word_1_593' title='bbox 2920 3918 3185 3989; x_wconf 76' lang='lat' dir='ltr'><strong>integrum</strong></span> <span class='ocrx_word' id='word_1_594' title='bbox 3217 3936 3387 3990; x_wconf 84' lang='lat' dir='ltr'><strong>popo-</strong></span> 
     </span>
    </p>
   </div>
   <div class='ocr_carea' id='block_1_86' title="bbox 1816 4008 3388 4080">
    <p class='ocr_par' dir='ltr' id='par_1_86' title="bbox 1816 4008 3388 4080">
     <span class='ocr_line' id='line_1_86' title="bbox 1816 4008 3388 4080; baseline 0.004 -20"><span class='ocrx_word' id='word_1_595' title='bbox 1816 4008 1922 4062; x_wconf 93' lang='lat' dir='ltr'><strong>lum</strong></span> <span class='ocrx_word' id='word_1_596' title='bbox 1967 4009 2178 4063; x_wconf 89' lang='lat' dir='ltr'><strong>abunde</strong></span> <span class='ocrx_word' id='word_1_597' title='bbox 2209 4008 2493 4062; x_wconf 88' lang='lat' dir='ltr'><strong>habentem</strong></span> <span class='ocrx_word' id='word_1_598' title='bbox 2546 4009 2728 4062; x_wconf 83' lang='lat' dir='ltr'><strong>hostes</strong></span> <span class='ocrx_word' id='word_1_599' title='bbox 2769 4008 3083 4078; x_wconf 84' lang='lat' dir='ltr'><strong>percellere,</strong></span> <span class='ocrx_word' id='word_1_600' title='bbox 3134 4026 3161 4063; x_wconf 89' lang='lat' dir='ltr'><strong>a</strong></span> <span class='ocrx_word' id='word_1_601' title='bbox 3190 4013 3388 4080; x_wconf 87' lang='lat' dir='ltr'><strong>quibus</strong></span> 
     </span>
    </p>
   </div>
   <div class='ocr_carea' id='block_1_87' title="bbox 1818 4101 3389 4171">
    <p class='ocr_par' dir='ltr' id='par_1_87' title="bbox 1818 4101 3389 4171">
     <span class='ocr_line' id='line_1_87' title="bbox 1818 4101 3389 4171; baseline 0.001 -14"><span class='ocrx_word' id='word_1_602' title='bbox 1818 4101 2096 4171; x_wconf 84' lang='lat' dir='ltr'><strong>repentina</strong></span> <span class='ocrx_word' id='word_1_603' title='bbox 2134 4102 2269 4156; x_wconf 90' lang='lat' dir='ltr'><strong>adeo</strong></span> <span class='ocrx_word' id='word_1_604' title='bbox 2300 4102 2599 4155; x_wconf 89' lang='lat' dir='ltr'><strong>mutatione</strong></span> <span class='ocrx_word' id='word_1_605' title='bbox 2638 4101 2860 4155; x_wconf 84' lang='lat' dir='ltr'><strong>abscissi</strong></span> <span class='ocrx_word' id='word_1_606' title='bbox 2891 4113 3090 4156; x_wconf 82' lang='lat' dir='ltr'><strong>essent.</strong></span> <span class='ocrx_word' id='word_1_607' title='bbox 3128 4102 3171 4157; x_wconf 88' lang='lat'><strong>0</strong></span> <span class='ocrx_word' id='word_1_608' title='bbox 3209 4104 3389 4158; x_wconf 58' lang='lat' dir='ltr'><strong>suada!</strong></span> 
     </span>
    </p>
   </div>
   <div class='ocr_carea' id='block_1_88' title="bbox 1816 4192 3387 4261">
    <p class='ocr_par' dir='ltr' id='par_1_88' title="bbox 1816 4192 3387 4261">
     <span class='ocr_line' id='line_1_88' title="bbox 1816 4192 3387 4261; baseline 0.002 -14"><span class='ocrx_word' id='word_1_609' title='bbox 1816 4194 2019 4248; x_wconf 86' lang='lat' dir='ltr'><strong>fervida</strong></span> <span class='ocrx_word' id='word_1_610' title='bbox 2064 4207 2403 4261; x_wconf 86' lang='lat' dir='ltr'><strong>accensaque</strong></span> <span class='ocrx_word' id='word_1_611' title='bbox 2439 4192 2815 4256; x_wconf 84' lang='lat' dir='ltr'><strong>medicamina,</strong></span> <span class='ocrx_word' id='word_1_612' title='bbox 2858 4193 3068 4247; x_wconf 88' lang='lat' dir='ltr'><strong>animos</strong></span> <span class='ocrx_word' id='word_1_613' title='bbox 3106 4194 3292 4249; x_wconf 88' lang='lat' dir='ltr'><strong>intime</strong></span> <span class='ocrx_word' id='word_1_614' title='bbox 3322 4212 3387 4250; x_wconf 84' lang='lat' dir='ltr'><strong>ac</strong></span> 
     </span>
    </p>
   </div>
   <div class='ocr_carea' id='block_1_89' title="bbox 1812 4284 3387 4364">
    <p class='ocr_par' dir='ltr' id='par_1_89' title="bbox 1812 4284 3387 4364">
     <span class='ocr_line' id='line_1_89' title="bbox 1812 4284 3387 4364; baseline 0.001 -26"><span class='ocrx_word' id='word_1_615' title='bbox 1812 4285 2222 4355; x_wconf 85' lang='lat' dir='ltr'><strong>penetrabiliter</strong></span> <span class='ocrx_word' id='word_1_616' title='bbox 2242 4285 2689 4355; x_wconf 74' lang='lat' dir='ltr'><strong>perstringential</strong></span> <span class='ocrx_word' id='word_1_617' title='bbox 2713 4286 2757 4339; x_wconf 88' lang='lat'><strong>0</strong></span> <span class='ocrx_word' id='word_1_618' title='bbox 2778 4284 2957 4364; x_wconf 51' lang='lat' dir='ltr'><strong>divi‘na</strong></span> <span class='ocrx_word' id='word_1_619' title='bbox 2982 4286 3263 4351; x_wconf 66' lang='lat' dir='ltr'><strong>sapientia,</strong></span> <span class='ocrx_word' id='word_1_620' title='bbox 3291 4286 3387 4341; x_wconf 85' lang='lat' dir='ltr'><strong>hu-</strong></span> 
     </span>
    </p>
   </div>
   <div class='ocr_carea' id='block_1_90' title="bbox 1813 4374 3380 4443">
    <p class='ocr_par' dir='ltr' id='par_1_90' title="bbox 1813 4374 3380 4443">
     <span class='ocr_line' id='line_1_90' title="bbox 1813 4374 3380 4443; baseline 0.001 -14"><span class='ocrx_word' id='word_1_621' title='bbox 1813 4390 2026 4429; x_wconf 87' lang='lat' dir='ltr'><strong>manam</strong></span> <span class='ocrx_word' id='word_1_622' title='bbox 2054 4390 2269 4430; x_wconf 89' lang='lat' dir='ltr'><strong>omnem</strong></span> <span class='ocrx_word' id='word_1_623' title='bbox 2300 4375 2620 4443; x_wconf 84' lang='lat' dir='ltr'><strong>sapientiam</strong></span> <span class='ocrx_word' id='word_1_624' title='bbox 2643 4374 2963 4429; x_wconf 74' lang='lat' dir='ltr'><strong>obscuratis!</strong></span> <span class='ocrx_word' id='word_1_625' title='bbox 2991 4374 3131 4441; x_wconf 85' lang='lat' dir='ltr'><strong>Quid</strong></span> <span class='ocrx_word' id='word_1_626' title='bbox 3160 4375 3224 4427; x_wconf 90' lang='lat' dir='ltr'><strong>ad</strong></span> <span class='ocrx_word' id='word_1_627' title='bbox 3246 4377 3380 4439; x_wconf 70' lang='lat' dir='ltr'><strong>haec,</strong></span> 
     </span>
    </p>
   </div>
   <div class='ocr_carea' id='block_1_91' title="bbox 1811 4465 3382 4536">
    <p class='ocr_par' dir='ltr' id='par_1_91' title="bbox 1811 4465 3382 4536">
     <span class='ocr_line' id='line_1_91' title="bbox 1811 4465 3382 4536; baseline 0.001 -18"><span class='ocrx_word' id='word_1_628' title='bbox 1811 4468 1900 4536; x_wconf 87' lang='lat' dir='ltr'><strong>qui</strong></span> <span class='ocrx_word' id='word_1_629' title='bbox 1934 4468 2281 4522; x_wconf 85' lang='lat' dir='ltr'><strong>Demostheni</strong></span> <span class='ocrx_word' id='word_1_630' title='bbox 2330 4480 2491 4536; x_wconf 85' lang='lat' dir='ltr'><strong>supra</strong></span> <span class='ocrx_word' id='word_1_631' title='bbox 2531 4466 2773 4520; x_wconf 87' lang='lat' dir='ltr'><strong>rhetores</strong></span> <span class='ocrx_word' id='word_1_632' title='bbox 2823 4465 3045 4520; x_wconf 79' lang='lat' dir='ltr'><strong>defertis</strong></span> <span class='ocrx_word' id='word_1_633' title='bbox 3075 4465 3331 4521; x_wconf 84' lang='lat' dir='ltr'><strong>lauream</strong></span> <span class='ocrx_word' id='word_1_634' title='bbox 3365 4481 3382 4520; x_wconf 89' lang='lat'><strong>:</strong></span> 
     </span>
    </p>
   </div>
   <div class='ocr_carea' id='block_1_92' title="bbox 120 4557 1783 4644">
    <p class='ocr_par' dir='ltr' id='par_1_92' title="bbox 120 4559 1783 4644">
     <span class='ocr_line' id='line_1_92' title="bbox 120 4559 1783 4644; baseline 0.005 -27"><span class='ocrx_word' id='word_1_635' title='bbox 120 4565 385 4618; x_wconf 71' lang='grc' dir='ltr'>τοσοῦτον</span> <span class='ocrx_word' id='word_1_636' title='bbox 404 4566 596 4635; x_wconf 80' lang='grc' dir='ltr'>ἀπεῖχε</span> <span class='ocrx_word' id='word_1_637' title='bbox 628 4564 721 4634; x_wconf 85' lang='grc' dir='ltr'><strong>τοῦ</strong></span> <span class='ocrx_word' id='word_1_638' title='bbox 754 4566 879 4635; x_wconf 82' lang='grc' dir='ltr'>περὶ</span> <span class='ocrx_word' id='word_1_639' title='bbox 911 4559 985 4619; x_wconf 81' lang='grc' dir='ltr'>ὧν</span> <span class='ocrx_word' id='word_1_640' title='bbox 1006 4564 1265 4619; x_wconf 84' lang='grc' dir='ltr'>-ὲϐούλετο</span> <span class='ocrx_word' id='word_1_641' title='bbox 1293 4568 1517 4633; x_wconf 80' lang='grc' dir='ltr'>πείθειν,</span> <span class='ocrx_word' id='word_1_642' title='bbox 1569 4568 1709 4624; x_wconf 77' lang='grc' dir='ltr'>ὥστε</span> <span class='ocrx_word' id='word_1_643' title='bbox 1746 4590 1783 4644; x_wconf 78' lang='grc' dir='ltr'>ο</span> 
     </span>
    </p>
   </div>
   <div class='ocr_carea' id='block_1_93' title="bbox 1718 4557 3381 4644">
    <p class='ocr_par' dir='ltr' id='par_1_93' title="bbox 1746 4557 3381 4644">
     <span class='ocr_line' id='line_1_93' title="bbox 1746 4557 3381 4644; baseline -0.001 -31"><span class='ocrx_word' id='word_1_644' title='bbox 1746 4590 1785 4644; x_wconf 79' lang='lat' dir='ltr'><strong>D</strong></span> <span class='ocrx_word' id='word_1_645' title='bbox 1816 4560 2017 4629; x_wconf 84' lang='lat' dir='ltr'><strong>quique</strong></span> <span class='ocrx_word' id='word_1_646' title='bbox 2044 4560 2323 4615; x_wconf 89' lang='lat' dir='ltr'><strong>Socratem</strong></span> <span class='ocrx_word' id='word_1_647' title='bbox 2352 4559 2587 4613; x_wconf 88' lang='lat' dir='ltr'><strong>laudatis</strong></span> <span class='ocrx_word' id='word_1_648' title='bbox 2638 4560 2778 4613; x_wconf 88' lang='lat' dir='ltr'><strong>inter</strong></span> <span class='ocrx_word' id='word_1_649' title='bbox 2809 4557 3194 4625; x_wconf 83' lang='lat' dir='ltr'><strong>philosophos?</strong></span> <span class='ocrx_word' id='word_1_650' title='bbox 3234 4557 3381 4612; x_wconf 81' lang='lat' dir='ltr'><strong>Tan-</strong></span> 
     </span>
    </p>
   </div>
   <div class='ocr_carea' id='block_1_94' title="bbox 124 4651 1706 4725">
    <p class='ocr_par' dir='ltr' id='par_1_94' title="bbox 124 4651 1706 4725">
     <span class='ocr_line' id='line_1_94' title="bbox 124 4651 1706 4725; baseline 0.001 -18"><span class='ocrx_word' id='word_1_651' title='bbox 124 4653 227 4707; x_wconf 71' lang='grc' dir='ltr'>καὶ</span> <span class='ocrx_word' id='word_1_652' title='bbox 253 4653 521 4725; x_wconf 71' lang='grc' dir='ltr'>ιξωρίσθη</span> <span class='ocrx_word' id='word_1_653' title='bbox 542 4654 641 4723; x_wconf 80' lang='grc' dir='ltr'><strong>τῆς</strong></span> <span class='ocrx_word' id='word_1_654' title='bbox 670 4653 877 4717; x_wconf 83' lang='grc' dir='ltr'>πόλεως</span> <span class='ocrx_word' id='word_1_655' title='bbox 918 4651 1069 4723; x_wconf 81' lang='grc' dir='ltr'>παρὰ</span> <span class='ocrx_word' id='word_1_656' title='bbox 1114 4653 1221 4706; x_wconf 90' lang='grc' dir='ltr'><strong>τῶν</strong></span> <span class='ocrx_word' id='word_1_657' title='bbox 1250 4654 1555 4725; x_wconf 84' lang='grc' dir='ltr'>ἀκροατῶν·</span> <span class='ocrx_word' id='word_1_658' title='bbox 1592 4655 1706 4709; x_wconf 82' lang='grc' dir='ltr'><strong>Σω-</strong></span> 
     </span>
    </p>
   </div>
   <div class='ocr_carea' id='block_1_95' title="bbox 124 4738 1708 4814">
    <p class='ocr_par' dir='ltr' id='par_1_95' title="bbox 124 4738 1708 4814">
     <span class='ocr_line' id='line_1_95' title="bbox 124 4738 1708 4814; baseline 0.002 -18"><span class='ocrx_word' id='word_1_659' title='bbox 124 4744 345 4814; x_wconf 79' lang='grc' dir='ltr'>κράτης</span> <span class='ocrx_word' id='word_1_660' title='bbox 372 4743 449 4806; x_wconf 84' lang='grc' dir='ltr'>δὲ,</span> <span class='ocrx_word' id='word_1_661' title='bbox 499 4744 613 4795; x_wconf 80' lang='grc' dir='ltr'><strong>τῶν</strong></span> <span class='ocrx_word' id='word_1_662' title='bbox 634 4742 845 4796; x_wconf 78' lang='grc' dir='ltr'>πολλῶν</span> <span class='ocrx_word' id='word_1_663' title='bbox 876 4738 1011 4812; x_wconf 76' lang='grc' dir='ltr'>πρὸς</span> <span class='ocrx_word' id='word_1_664' title='bbox 1052 4744 1365 4813; x_wconf 72' lang='grc' dir='ltr'>Ἄθηναίους</span> <span class='ocrx_word' id='word_1_665' title='bbox 1394 4744 1587 4812; x_wconf 90' lang='grc' dir='ltr'>λόγων,</span> <span class='ocrx_word' id='word_1_666' title='bbox 1613 4748 1708 4801; x_wconf 80' lang='grc' dir='ltr'><strong>καὶ</strong></span> 
     </span>
    </p>
   </div>
   <div class='ocr_carea' id='block_1_96' title="bbox 122 4824 1703 4907">
    <p class='ocr_par' dir='ltr' id='par_1_96' title="bbox 122 4824 1703 4907">
     <span class='ocr_line' id='line_1_96' title="bbox 122 4824 1703 4907; baseline 0.003 -20"><span class='ocrx_word' id='word_1_667' title='bbox 122 4832 240 4887; x_wconf 79' lang='grc' dir='ltr'><strong>τῶν</strong></span> <span class='ocrx_word' id='word_1_668' title='bbox 290 4834 469 4903; x_wconf 86' lang='grc' dir='ltr'>σοφῶν</span> <span class='ocrx_word' id='word_1_669' title='bbox 520 4834 828 4899; x_wconf 78' lang='grc' dir='ltr'>διαλέξεων,</span> <span class='ocrx_word' id='word_1_670' title='bbox 882 4835 1055 4899; x_wconf 83' lang='grc' dir='ltr'>τέλος,</span> <span class='ocrx_word' id='word_1_671' title='bbox 1092 4824 1179 4888; x_wconf 54' lang='grc' dir='ltr'><strong>’τὸ</strong></span> <span class='ocrx_word' id='word_1_672' title='bbox 1217 4834 1439 4891; x_wconf 81' lang='grc' dir='ltr'>κώνειον</span> <span class='ocrx_word' id='word_1_673' title='bbox 1486 4837 1703 4907; x_wconf 78' lang='grc' dir='ltr'>εὕρατο,</span> 
     </span>
    </p>
   </div>
   <div class='ocr_carea' id='block_1_97' title="bbox 124 4923 1705 4996">
    <p class='ocr_par' dir='ltr' id='par_1_97' title="bbox 124 4923 1705 4996">
     <span class='ocr_line' id='line_1_97' title="bbox 124 4923 1705 4996; baseline 0.003 -19"><span class='ocrx_word' id='word_1_674' title='bbox 124 4923 284 4993; x_wconf 72' lang='grc' dir='ltr'>παρὰ</span> <span class='ocrx_word' id='word_1_675' title='bbox 322 4923 416 4977; x_wconf 82' lang='grc' dir='ltr'><strong>τοῦ</strong></span> <span class='ocrx_word' id='word_1_676' title='bbox 464 4923 624 4995; x_wconf 84' lang='grc' dir='ltr'>χοροῦ</span> <span class='ocrx_word' id='word_1_677' title='bbox 665 4924 773 4977; x_wconf 89' lang='grc' dir='ltr'><strong>τῶν</strong></span> <span class='ocrx_word' id='word_1_678' title='bbox 807 4924 1064 4996; x_wconf 84' lang='grc' dir='ltr'>μαθητῶν</span> <span class='ocrx_word' id='word_1_679' title='bbox 1099 4925 1396 4993; x_wconf 83' lang='grc' dir='ltr'>φονευθείς·</span> <span class='ocrx_word' id='word_1_680' title='bbox 1453 4927 1705 4982; x_wconf 88' lang='grc' dir='ltr'>τοσοῦτον</span> 
     </span>
    </p>
   </div>
   <div class='ocr_carea' id='block_1_98' title="bbox 124 5006 1703 5087">
    <p class='ocr_par' dir='ltr' id='par_1_98' title="bbox 124 5006 1703 5087">
     <span class='ocr_line' id='line_1_98' title="bbox 124 5006 1703 5087; baseline 0.003 -20"><span class='ocrx_word' id='word_1_681' title='bbox 124 5014 293 5067; x_wconf 67' lang='grc' dir='ltr'>αὐτὸν</span> <span class='ocrx_word' id='word_1_682' title='bbox 329 5006 524 5086; x_wconf 75' lang='grc' dir='ltr'>περιῆν</span> <span class='ocrx_word' id='word_1_683' title='bbox 567 5016 664 5087; x_wconf 84' lang='grc' dir='ltr'><strong>τῆς</strong></span> <span class='ocrx_word' id='word_1_684' title='bbox 690 5014 785 5068; x_wconf 85' lang='grc' dir='ltr'><strong>τοῦ</strong></span> <span class='ocrx_word' id='word_1_685' title='bbox 835 5015 1044 5069; x_wconf 85' lang='grc' dir='ltr'>πείθειν</span> <span class='ocrx_word' id='word_1_686' title='bbox 1078 5016 1379 5086; x_wconf 87' lang='grc' dir='ltr'>δυνάμεως.</span> <span class='ocrx_word' id='word_1_687' title='bbox 1417 5015 1622 5087; x_wconf 81' lang='grc' dir='ltr'>Πέτρος</span> <span class='ocrx_word' id='word_1_688' title='bbox 1648 5018 1703 5072; x_wconf 86' lang='grc' dir='ltr'>δὲ</span> 
     </span>
    </p>
   </div>
   <div class='ocr_carea' id='block_1_99' title="bbox 121 5104 1702 5180">
    <p class='ocr_par' dir='ltr' id='par_1_99' title="bbox 121 5104 1702 5180">
     <span class='ocr_line' id='line_1_99' title="bbox 121 5104 1702 5180; baseline 0.001 -21"><span class='ocrx_word' id='word_1_689' title='bbox 121 5108 152 5159; x_wconf 84' lang='grc' dir='ltr'>ὁ</span> <span class='ocrx_word' id='word_1_690' title='bbox 207 5104 409 5169; x_wconf 66' lang='grc' dir='ltr'>ἁλιεὺς,</span> <span class='ocrx_word' id='word_1_691' title='bbox 463 5107 492 5157; x_wconf 88' lang='grc' dir='ltr'><strong>ὀ</strong></span> <span class='ocrx_word' id='word_1_692' title='bbox 540 5105 907 5176; x_wconf 83' lang='grc' dir='ltr'>χειροτέχνης,</span> <span class='ocrx_word' id='word_1_693' title='bbox 931 5109 959 5159; x_wconf 89' lang='grc' dir='ltr'><strong>ὀ</strong></span> <span class='ocrx_word' id='word_1_694' title='bbox 989 5106 1225 5176; x_wconf 78' lang='grc' dir='ltr'>ἀμαθὴς,</span> <span class='ocrx_word' id='word_1_695' title='bbox 1257 5109 1285 5161; x_wconf 91' lang='grc' dir='ltr'><strong>ὀ</strong></span> <span class='ocrx_word' id='word_1_696' title='bbox 1313 5108 1418 5160; x_wconf 78' lang='grc' dir='ltr'>πᾶν</span> <span class='ocrx_word' id='word_1_697' title='bbox 1452 5109 1587 5180; x_wconf 83' lang='grc' dir='ltr'>ὅπερ</span> <span class='ocrx_word' id='word_1_698' title='bbox 1637 5107 1702 5161; x_wconf 87' lang='grc' dir='ltr'><strong>ἂν</strong></span> 
     </span>
    </p>
   </div>
   <div class='ocr_carea' id='block_1_100' title="bbox 121 5195 1699 5269">
    <p class='ocr_par' dir='ltr' id='par_1_100' title="bbox 121 5195 1699 5269">
     <span class='ocr_line' id='line_1_100' title="bbox 121 5195 1699 5269; baseline 0.002 -21"><span class='ocrx_word' id='word_1_699' title='bbox 121 5195 288 5265; x_wconf 70' lang='grc' dir='ltr'>ιθέλῃ</span> <span class='ocrx_word' id='word_1_700' title='bbox 322 5213 405 5258; x_wconf 84' lang='grc' dir='ltr'><strong>τις</strong></span> <span class='ocrx_word' id='word_1_701' title='bbox 433 5195 705 5263; x_wconf 79' lang='grc' dir='ltr'>φαυλίζων</span> <span class='ocrx_word' id='word_1_702' title='bbox 734 5196 936 5261; x_wconf 81' lang='grc' dir='ltr'>καλεῖν,</span> <span class='ocrx_word' id='word_1_703' title='bbox 973 5199 1031 5249; x_wconf 79' lang='grc' dir='ltr'><strong>ἐν</strong></span> <span class='ocrx_word' id='word_1_704' title='bbox 1077 5199 1176 5267; x_wconf 78' lang='grc' dir='ltr'>μιᾷ</span> <span class='ocrx_word' id='word_1_705' title='bbox 1232 5197 1392 5265; x_wconf 90' lang='grc' dir='ltr'>λόγου</span> <span class='ocrx_word' id='word_1_706' title='bbox 1428 5199 1699 5269; x_wconf 79' lang='grc' dir='ltr'>προσϐολῇ</span> 
     </span>
    </p>
   </div>
   <div class='ocr_carea' id='block_1_101' title="bbox 120 5286 1697 5361">
    <p class='ocr_par' dir='ltr' id='par_1_101' title="bbox 120 5286 1697 5361">
     <span class='ocr_line' id='line_1_101' title="bbox 120 5286 1697 5361; baseline 0.001 -21"><span class='ocrx_word' id='word_1_707' title='bbox 120 5286 456 5358; x_wconf 82' lang='grc' dir='ltr'>τρισχιλίους</span> <span class='ocrx_word' id='word_1_708' title='bbox 494 5288 694 5358; x_wconf 75' lang='grc' dir='ltr'>ἄνδρας</span> <span class='ocrx_word' id='word_1_709' title='bbox 739 5287 1029 5359; x_wconf 86' lang='grc' dir='ltr'>θηρεύσας,</span> <span class='ocrx_word' id='word_1_710' title='bbox 1085 5287 1314 5357; x_wconf 89' lang='grc' dir='ltr'>βεϐαίως</span> <span class='ocrx_word' id='word_1_711' title='bbox 1382 5290 1697 5361; x_wconf 60' lang='grc' dir='ltr'>μετέστησε</span> 
     </span>
    </p>
   </div>
   <div class='ocr_carea' id='block_1_102' title="bbox 124 5378 1707 5453">
    <p class='ocr_par' dir='ltr' id='par_1_102' title="bbox 124 5378 1707 5453">
     <span class='ocr_line' id='line_1_102' title="bbox 124 5378 1707 5453; baseline -0.002 -15"><span class='ocrx_word' id='word_1_712' title='bbox 124 5382 435 5447; x_wconf 69' lang='grc' dir='ltr'>καὶταῦτα,</span> <span class='ocrx_word' id='word_1_713' title='bbox 454 5382 983 5453; x_wconf 86' lang='grc' dir='ltr'>δυσανασχετοῦντας</span> <span class='ocrx_word' id='word_1_714' title='bbox 1009 5378 1103 5452; x_wconf 78' lang='grc' dir='ltr'>καὶ</span> <span class='ocrx_word' id='word_1_715' title='bbox 1154 5378 1562 5448; x_wconf 80' lang='grc' dir='ltr'>στασιάζοντας,</span> <span class='ocrx_word' id='word_1_716' title='bbox 1612 5386 1707 5437; x_wconf 75' lang='grc' dir='ltr'><strong>καὶ</strong></span> 
     </span>
    </p>
   </div>
   <div class='ocr_carea' id='block_1_103' title="bbox 125 5473 1708 5549">
    <p class='ocr_par' dir='ltr' id='par_1_103' title="bbox 125 5473 1708 5549">
     <span class='ocr_line' id='line_1_103' title="bbox 125 5473 1708 5549; baseline -0.001 -18"><span class='ocrx_word' id='word_1_717' title='bbox 125 5477 189 5531; x_wconf 72' lang='grc' dir='ltr'>οὐ</span> <span class='ocrx_word' id='word_1_718' title='bbox 246 5474 665 5546; x_wconf 83' lang='grc' dir='ltr'>συγχωροῦντας</span> <span class='ocrx_word' id='word_1_719' title='bbox 730 5477 879 5547; x_wconf 85' lang='grc' dir='ltr'>αὐτῷ</span> <span class='ocrx_word' id='word_1_720' title='bbox 947 5473 1045 5549; x_wconf 74' lang='grc' dir='ltr'>τὴν</span> <span class='ocrx_word' id='word_1_721' title='bbox 1120 5477 1298 5547; x_wconf 79' lang='grc' dir='ltr'>ἀρχὴν</span> <span class='ocrx_word' id='word_1_722' title='bbox 1357 5477 1583 5548; x_wconf 88' lang='grc' dir='ltr'>διαιρεῖν</span> <span class='ocrx_word' id='word_1_723' title='bbox 1646 5479 1708 5529; x_wconf 81' lang='grc' dir='ltr'><strong>τὸ</strong></span> 
     </span>
    </p>
   </div>
   <div class='ocr_carea' id='block_1_104' title="bbox 126 5570 325 5640">
    <p class='ocr_par' dir='ltr' id='par_1_104' title="bbox 126 5570 325 5640">
     <span class='ocr_line' id='line_1_104' title="bbox 126 5570 325 5640; baseline 0.005 -16"><span class='ocrx_word' id='word_1_724' title='bbox 126 5570 325 5640; x_wconf 79' lang='grc' dir='ltr'>στόμα.</span> 
     </span>
    </p>
   </div>
   <div class='ocr_carea' id='block_1_105' title="bbox 1821 4649 3381 4723">
    <p class='ocr_par' dir='ltr' id='par_1_105' title="bbox 1821 4649 3381 4723">
     <span class='ocr_line' id='line_1_105' title="bbox 1821 4649 3381 4723; baseline -0.004 -15"><span class='ocrx_word' id='word_1_725' title='bbox 1821 4665 1932 4709; x_wconf 90' lang='lat' dir='ltr'><strong>tum</strong></span> <span class='ocrx_word' id='word_1_726' title='bbox 1954 4654 2095 4708; x_wconf 91' lang='lat' dir='ltr'><strong>enim</strong></span> <span class='ocrx_word' id='word_1_727' title='bbox 2129 4654 2306 4717; x_wconf 80' lang='lat' dir='ltr'><strong>abest,</strong></span> <span class='ocrx_word' id='word_1_728' title='bbox 2344 4662 2405 4707; x_wconf 85' lang='lat' dir='ltr'><strong>ut</strong></span> <span class='ocrx_word' id='word_1_729' title='bbox 2430 4667 2654 4723; x_wconf 71' lang='lat' dir='ltr'><strong>magnus</strong></span> <span class='ocrx_word' id='word_1_730' title='bbox 2688 4652 2774 4706; x_wconf 89' lang='lat' dir='ltr'><strong>ille</strong></span> <span class='ocrx_word' id='word_1_731' title='bbox 2807 4667 2870 4705; x_wconf 87' lang='lat' dir='ltr'><strong>ac</strong></span> <span class='ocrx_word' id='word_1_732' title='bbox 2923 4649 3381 4705; x_wconf 82' lang='lat' dir='ltr'><strong>celchratissimus</strong></span> 
     </span>
    </p>
   </div>
   <div class='ocr_carea' id='block_1_106' title="bbox 1814 4743 3379 4813">
    <p class='ocr_par' dir='ltr' id='par_1_106' title="bbox 1814 4743 3379 4813">
     <span class='ocr_line' id='line_1_106' title="bbox 1814 4743 3379 4813; baseline -0.002 -15"><span class='ocrx_word' id='word_1_733' title='bbox 1814 4761 1911 4813; x_wconf 92' lang='lat' dir='ltr'><strong>pro</strong></span> <span class='ocrx_word' id='word_1_734' title='bbox 1945 4744 2180 4801; x_wconf 88' lang='lat' dir='ltr'><strong>oratoria</strong></span> <span class='ocrx_word' id='word_1_735' title='bbox 2231 4743 2518 4810; x_wconf 78' lang='lat' dir='ltr'><strong>facultate,</strong></span> <span class='ocrx_word' id='word_1_736' title='bbox 2565 4760 2627 4798; x_wconf 91' lang='lat' dir='ltr'><strong>ea</strong></span> <span class='ocrx_word' id='word_1_737' title='bbox 2664 4743 2998 4797; x_wconf 85' lang='lat' dir='ltr'><strong>auditoribus</strong></span> <span class='ocrx_word' id='word_1_738' title='bbox 3028 4743 3379 4811; x_wconf 78' lang='lat' dir='ltr'><strong>persuaserit,</strong></span> 
     </span>
    </p>
   </div>
   <div class='ocr_carea' id='block_1_107' title="bbox 1812 4832 3379 4905">
    <p class='ocr_par' dir='ltr' id='par_1_107' title="bbox 1812 4832 3379 4905">
     <span class='ocr_line' id='line_1_107' title="bbox 1812 4832 3379 4905; baseline -0.002 -18"><span class='ocrx_word' id='word_1_739' title='bbox 1812 4853 1931 4905; x_wconf 64' lang='lat' dir='ltr'><strong>quae</strong></span> <span class='ocrx_word' id='word_1_740' title='bbox 1963 4837 2142 4890; x_wconf 86' lang='lat' dir='ltr'><strong>animo</strong></span> <span class='ocrx_word' id='word_1_741' title='bbox 2176 4834 2467 4890; x_wconf 87' lang='lat' dir='ltr'><strong>constituta</strong></span> <span class='ocrx_word' id='word_1_742' title='bbox 2516 4842 2728 4898; x_wconf 81' lang='lat' dir='ltr'><strong>essent,</strong></span> <span class='ocrx_word' id='word_1_743' title='bbox 2772 4843 2827 4887; x_wconf 91' lang='lat' dir='ltr'><strong>ut</strong></span> <span class='ocrx_word' id='word_1_744' title='bbox 2856 4834 3021 4887; x_wconf 90' lang='lat' dir='ltr'><strong>etiam</strong></span> <span class='ocrx_word' id='word_1_745' title='bbox 3068 4832 3137 4886; x_wconf 86' lang='lat' dir='ltr'><strong>ab</strong></span> <span class='ocrx_word' id='word_1_746' title='bbox 3188 4832 3379 4887; x_wconf 90' lang='lat' dir='ltr'><strong>iisdem</strong></span> 
     </span>
    </p>
   </div>
   <div class='ocr_carea' id='block_1_108' title="bbox 1814 4923 3376 4995">
    <p class='ocr_par' dir='ltr' id='par_1_108' title="bbox 1814 4923 3376 4995">
     <span class='ocr_line' id='line_1_108' title="bbox 1814 4923 3376 4995; baseline -0.003 -14"><span class='ocrx_word' id='word_1_747' title='bbox 1814 4930 1945 4982; x_wconf 89' lang='lat' dir='ltr'><strong>urbe</strong></span> <span class='ocrx_word' id='word_1_748' title='bbox 1978 4942 2040 4981; x_wconf 87' lang='lat' dir='ltr'><strong>ac</strong></span> <span class='ocrx_word' id='word_1_749' title='bbox 2070 4926 2243 4995; x_wconf 89' lang='lat' dir='ltr'><strong>patrio</strong></span> <span class='ocrx_word' id='word_1_750' title='bbox 2291 4925 2407 4981; x_wconf 88' lang='lat' dir='ltr'><strong>solo</strong></span> <span class='ocrx_word' id='word_1_751' title='bbox 2433 4927 2745 4993; x_wconf 87' lang='lat' dir='ltr'><strong>deportatus</strong></span> <span class='ocrx_word' id='word_1_752' title='bbox 2771 4923 2876 4988; x_wconf 85' lang='lat' dir='ltr'><strong>sit;</strong></span> <span class='ocrx_word' id='word_1_753' title='bbox 2928 4924 3184 4977; x_wconf 82' lang='lat' dir='ltr'><strong>Socrates</strong></span> <span class='ocrx_word' id='word_1_754' title='bbox 3225 4936 3376 4987; x_wconf 86' lang='lat' dir='ltr'><strong>vero,</strong></span> 
     </span>
    </p>
   </div>
   <div class='ocr_carea' id='block_1_109' title="bbox 1812 5015 3376 5084">
    <p class='ocr_par' dir='ltr' id='par_1_109' title="bbox 1812 5015 3376 5084">
     <span class='ocr_line' id='line_1_109' title="bbox 1812 5015 3376 5084; baseline -0.001 -15"><span class='ocrx_word' id='word_1_755' title='bbox 1812 5018 2042 5084; x_wconf 88' lang='lat' dir='ltr'><strong>plurium</strong></span> <span class='ocrx_word' id='word_1_756' title='bbox 2071 5017 2284 5071; x_wconf 84' lang='lat' dir='ltr'><strong>illorum</strong></span> <span class='ocrx_word' id='word_1_757' title='bbox 2316 5017 2382 5070; x_wconf 87' lang='lat' dir='ltr'><strong>ad</strong></span> <span class='ocrx_word' id='word_1_758' title='bbox 2436 5015 2792 5069; x_wconf 84' lang='lat' dir='ltr'><strong>Athenienses</strong></span> <span class='ocrx_word' id='word_1_759' title='bbox 2834 5028 3165 5077; x_wconf 88' lang='lat' dir='ltr'><strong>sermonum,</strong></span> <span class='ocrx_word' id='word_1_760' title='bbox 3198 5028 3261 5068; x_wconf 86' lang='lat' dir='ltr'><strong>ac</strong></span> <span class='ocrx_word' id='word_1_761' title='bbox 3287 5029 3376 5067; x_wconf 80' lang='lat' dir='ltr'><strong>sa-</strong></span> 
     </span>
    </p>
   </div>
   <div class='ocr_carea' id='block_1_110' title="bbox 1813 5102 3376 5177">
    <p class='ocr_par' dir='ltr' id='par_1_110' title="bbox 1813 5102 3376 5177">
     <span class='ocr_line' id='line_1_110' title="bbox 1813 5102 3376 5177; baseline -0.003 -16"><span class='ocrx_word' id='word_1_762' title='bbox 1813 5109 2012 5177; x_wconf 90' lang='lat' dir='ltr'><strong>pientia</strong></span> <span class='ocrx_word' id='word_1_763' title='bbox 2053 5107 2372 5162; x_wconf 89' lang='lat' dir='ltr'><strong>refertarum</strong></span> <span class='ocrx_word' id='word_1_764' title='bbox 2428 5107 2846 5174; x_wconf 84' lang='lat' dir='ltr'><strong>disputationum</strong></span> <span class='ocrx_word' id='word_1_765' title='bbox 2900 5103 3098 5169; x_wconf 84' lang='lat' dir='ltr'><strong>ﬁnem,</strong></span> <span class='ocrx_word' id='word_1_766' title='bbox 3142 5102 3376 5158; x_wconf 84' lang='lat' dir='ltr'><strong>cicutam</strong></span> 
     </span>
    </p>
   </div>
   <div class='ocr_carea' id='block_1_111' title="bbox 1812 5198 3378 5268">
    <p class='ocr_par' dir='ltr' id='par_1_111' title="bbox 1812 5198 3378 5268">
     <span class='ocr_line' id='line_1_111' title="bbox 1812 5198 3378 5268; baseline -0.003 -14"><span class='ocrx_word' id='word_1_767' title='bbox 1812 5200 2036 5267; x_wconf 79' lang='lat' dir='ltr'><strong>invenit,</strong></span> <span class='ocrx_word' id='word_1_768' title='bbox 2070 5198 2429 5253; x_wconf 79' lang='lat' dir='ltr'><strong>interﬁciente</strong></span> <span class='ocrx_word' id='word_1_769' title='bbox 2469 5198 2853 5268; x_wconf 87' lang='lat' dir='ltr'><strong>discipulorum</strong></span> <span class='ocrx_word' id='word_1_770' title='bbox 2883 5200 3081 5263; x_wconf 89' lang='lat' dir='ltr'><strong>choro,</strong></span> <span class='ocrx_word' id='word_1_771' title='bbox 3117 5208 3265 5251; x_wconf 77' lang='lat' dir='ltr'><strong>tanta</strong></span> <span class='ocrx_word' id='word_1_772' title='bbox 3298 5199 3378 5258; x_wconf 83' lang='lat' dir='ltr'><strong>ui-</strong></span> 
     </span>
    </p>
   </div>
   <div class='ocr_carea' id='block_1_112' title="bbox 1813 5275 3376 5361">
    <p class='ocr_par' dir='ltr' id='par_1_112' title="bbox 1813 5275 3376 5361">
     <span class='ocr_line' id='line_1_112' title="bbox 1813 5275 3376 5361; baseline 0.001 -18"><span class='ocrx_word' id='word_1_773' title='bbox 1813 5293 2005 5345; x_wconf 87' lang='lat' dir='ltr'><strong>mirum</strong></span> <span class='ocrx_word' id='word_1_774' title='bbox 2038 5292 2271 5361; x_wconf 85' lang='lat' dir='ltr'><strong>pollebat</strong></span> <span class='ocrx_word' id='word_1_775' title='bbox 2306 5291 2353 5344; x_wconf 90' lang='lat' dir='ltr'><strong>vi</strong></span> <span class='ocrx_word' id='word_1_776' title='bbox 2383 5293 2583 5346; x_wconf 71' lang='lat' dir='ltr'><strong>suadae.</strong></span> <span class='ocrx_word' id='word_1_777' title='bbox 2618 5275 2689 5345; x_wconf 66' lang='lat' dir='ltr'><strong>At</strong></span> <span class='ocrx_word' id='word_1_778' title='bbox 2740 5290 2954 5356; x_wconf 89' lang='lat' dir='ltr'><strong>Petrus,</strong></span> <span class='ocrx_word' id='word_1_779' title='bbox 2982 5292 3221 5359; x_wconf 87' lang='lat' dir='ltr'><strong>piscator</strong></span> <span class='ocrx_word' id='word_1_780' title='bbox 3260 5292 3376 5356; x_wconf 90' lang='lat' dir='ltr'><strong>ille,</strong></span> 
     </span>
    </p>
   </div>
   <div class='ocr_carea' id='block_1_113' title="bbox 1810 5382 3377 5455">
    <p class='ocr_par' dir='ltr' id='par_1_113' title="bbox 1810 5382 3377 5455">
     <span class='ocr_line' id='line_1_113' title="bbox 1810 5382 3377 5455; baseline 0.001 -18"><span class='ocrx_word' id='word_1_781' title='bbox 1810 5382 1899 5438; x_wconf 88' lang='lat' dir='ltr'><strong>ille</strong></span> <span class='ocrx_word' id='word_1_782' title='bbox 1924 5399 2175 5438; x_wconf 86' lang='lat' dir='ltr'><strong>manuum</strong></span> <span class='ocrx_word' id='word_1_783' title='bbox 2200 5392 2313 5437; x_wconf 87' lang='lat' dir='ltr'><strong>arte</strong></span> <span class='ocrx_word' id='word_1_784' title='bbox 2335 5383 2533 5455; x_wconf 78' lang='lat' dir='ltr'><strong>victum</strong></span> <span class='ocrx_word' id='word_1_785' title='bbox 2557 5397 2823 5450; x_wconf 59' lang='lat' dir='ltr'><strong>quaerens,</strong></span> <span class='ocrx_word' id='word_1_786' title='bbox 2870 5383 2957 5438; x_wconf 89' lang='lat' dir='ltr'><strong>ille</strong></span> <span class='ocrx_word' id='word_1_787' title='bbox 2981 5384 3282 5452; x_wconf 90' lang='lat' dir='ltr'><strong>imperitus,</strong></span> <span class='ocrx_word' id='word_1_788' title='bbox 3313 5399 3377 5438; x_wconf 88' lang='lat' dir='ltr'><strong>ac</strong></span> 
     </span>
    </p>
   </div>
   <div class='ocr_carea' id='block_1_114' title="bbox 1809 5473 3376 5545">
    <p class='ocr_par' dir='ltr' id='par_1_114' title="bbox 1809 5473 3376 5545">
     <span class='ocr_line' id='line_1_114' title="bbox 1809 5473 3376 5545; baseline -0.001 -19"><span class='ocrx_word' id='word_1_789' title='bbox 1809 5476 2068 5545; x_wconf 88' lang='lat' dir='ltr'><strong>quidquid</strong></span> <span class='ocrx_word' id='word_1_790' title='bbox 2102 5490 2197 5544; x_wconf 91' lang='lat' dir='ltr'><strong>per</strong></span> <span class='ocrx_word' id='word_1_791' title='bbox 2226 5483 2588 5543; x_wconf 84' lang='lat' dir='ltr'><strong>contemptum</strong></span> <span class='ocrx_word' id='word_1_792' title='bbox 2631 5473 2762 5528; x_wconf 85' lang='lat' dir='ltr'><strong>velis</strong></span> <span class='ocrx_word' id='word_1_793' title='bbox 2798 5474 3087 5544; x_wconf 83' lang='lat' dir='ltr'><strong>appellare,</strong></span> <span class='ocrx_word' id='word_1_794' title='bbox 3125 5480 3233 5527; x_wconf 82' lang='lat' dir='ltr'><strong>u&#39;no</strong></span> <span class='ocrx_word' id='word_1_795' title='bbox 3259 5490 3376 5528; x_wconf 77' lang='lat' dir='ltr'><strong>ser-</strong></span> 
     </span>
    </p>
   </div>
   <div class='ocr_carea' id='block_1_115' title="bbox 1821 5563 3378 5636">
    <p class='ocr_par' dir='ltr' id='par_1_115' title="bbox 1821 5563 3378 5636">
     <span class='ocr_line' id='line_1_115' title="bbox 1821 5563 3378 5636; baseline 0.001 -19"><span class='ocrx_word' id='word_1_796' title='bbox 1821 5568 1993 5621; x_wconf 86' lang='lat' dir='ltr'><strong>monis</strong></span> <span class='ocrx_word' id='word_1_797' title='bbox 2039 5570 2182 5636; x_wconf 87' lang='lat' dir='ltr'><strong>jactu</strong></span> <span class='ocrx_word' id='word_1_798' title='bbox 2236 5566 2335 5620; x_wconf 85' lang='lat' dir='ltr'><strong>tria</strong></span> <span class='ocrx_word' id='word_1_799' title='bbox 2392 5565 2623 5620; x_wconf 87' lang='lat' dir='ltr'><strong>virorum</strong></span> <span class='ocrx_word' id='word_1_800' title='bbox 2659 5564 2821 5618; x_wconf 88' lang='lat' dir='ltr'><strong>millia</strong></span> <span class='ocrx_word' id='word_1_801' title='bbox 2872 5575 3117 5631; x_wconf 85' lang='lat' dir='ltr'><strong>venatus,</strong></span> <span class='ocrx_word' id='word_1_802' title='bbox 3149 5563 3378 5619; x_wconf 77' lang='lat' dir='ltr'><strong>Iit&#39;mitet&#39;</strong></span> 
     </span>
    </p>
   </div>
   <div class='ocr_carea' id='block_1_116' title="bbox 124 5660 3367 5736">
    <p class='ocr_par' dir='ltr' id='par_1_116' title="bbox 124 5660 3367 5736">
     <span class='ocr_line' id='line_1_116' title="bbox 124 5660 3367 5736; baseline -0.002 -16"><span class='ocrx_word' id='word_1_803' title='bbox 124 5667 428 5731; x_wconf 78' lang='lat' dir='ltr'><strong>transtulit;</strong></span> <span class='ocrx_word' id='word_1_804' title='bbox 455 5667 617 5736; x_wconf 85' lang='lat' dir='ltr'><strong>idque</strong></span> <span class='ocrx_word' id='word_1_805' title='bbox 632 5681 753 5721; x_wconf 91' lang='lat' dir='ltr'><strong>cum</strong></span> <span class='ocrx_word' id='word_1_806' title='bbox 782 5664 853 5719; x_wconf 94' lang='lat' dir='ltr'><strong>illi</strong></span> <span class='ocrx_word' id='word_1_807' title='bbox 885 5665 1104 5720; x_wconf 87' lang='lat' dir='ltr'><strong>moleste</strong></span> <span class='ocrx_word' id='word_1_808' title='bbox 1122 5664 1327 5720; x_wconf 85' lang='lat' dir='ltr'><strong>ferrcut</strong></span> <span class='ocrx_word' id='word_1_809' title='bbox 1362 5679 1426 5718; x_wconf 88' lang='lat' dir='ltr'><strong>ac</strong></span> <span class='ocrx_word' id='word_1_810' title='bbox 1450 5663 1922 5728; x_wconf 88' lang='lat' dir='ltr'><strong>tumultuarentur,</strong></span> <span class='ocrx_word' id='word_1_811' title='bbox 1946 5677 2009 5716; x_wconf 90' lang='lat' dir='ltr'><strong>ac</strong></span> <span class='ocrx_word' id='word_1_812' title='bbox 2030 5677 2096 5718; x_wconf 90' lang='lat' dir='ltr'><strong>ne</strong></span> <span class='ocrx_word' id='word_1_813' title='bbox 2120 5677 2181 5717; x_wconf 90' lang='lat' dir='ltr'><strong>os</strong></span> <span class='ocrx_word' id='word_1_814' title='bbox 2212 5662 2427 5732; x_wconf 89' lang='lat' dir='ltr'><strong>quidem</strong></span> <span class='ocrx_word' id='word_1_815' title='bbox 2460 5662 2714 5715; x_wconf 88' lang='lat' dir='ltr'><strong>diducere</strong></span> <span class='ocrx_word' id='word_1_816' title='bbox 2762 5676 2790 5713; x_wconf 89' lang='lat' dir='ltr'><strong>a</strong></span> <span class='ocrx_word' id='word_1_817' title='bbox 2817 5660 3077 5730; x_wconf 84' lang='lat' dir='ltr'><strong>principio</strong></span> <span class='ocrx_word' id='word_1_818' title='bbox 3104 5661 3367 5716; x_wconf 85' lang='lat' dir='ltr'><strong>sinerent.</strong></span> 
     </span>
    </p>
   </div>
   <div class='ocr_carea' id='block_1_117' title="bbox 196 5778 1859 5859">
    <p class='ocr_par' dir='ltr' id='par_1_117' title="bbox 196 5782 1859 5859">
     <span class='ocr_line' id='line_1_117' title="bbox 196 5782 1859 5859; baseline -0.001 -20"><span class='ocrx_word' id='word_1_819' title='bbox 196 5782 241 5859; x_wconf 50' lang='grc' dir='ltr'>τί</span> <span class='ocrx_word' id='word_1_820' title='bbox 263 5788 387 5855; x_wconf 78' lang='lat' dir='ltr'><strong>Leg.</strong></span> <span class='ocrx_word' id='word_1_821' title='bbox 407 5790 588 5859; x_wconf 82' lang='grc' dir='ltr'>λέγειν</span> <span class='ocrx_word' id='word_1_822' title='bbox 620 5790 726 5843; x_wconf 80' lang='grc' dir='ltr'>ἔδει</span> <span class='ocrx_word' id='word_1_823' title='bbox 754 5788 842 5841; x_wconf 84' lang='grc' dir='ltr'>δι’.</span> <span class='ocrx_word' id='word_1_824' title='bbox 918 5788 986 5817; x_wconf 83' lang='grc'><strong>⁷³·</strong></span> <span class='ocrx_word' id='word_1_825' title='bbox 1022 5785 1151 5859; x_wconf 77' lang='lat' dir='ltr'><strong>Leg.</strong></span> <span class='ocrx_word' id='word_1_826' title='bbox 1184 5786 1638 5859; x_wconf 81' lang='grc' dir='ltr'>προφητεύοντος,</span> <span class='ocrx_word' id='word_1_827' title='bbox 1670 5796 1724 5841; x_wconf 88' lang='lat' dir='ltr'><strong>et</strong></span> <span class='ocrx_word' id='word_1_828' title='bbox 1769 5784 1859 5840; x_wconf 67' lang='lat' dir='ltr'><strong>inf:</strong></span> 
     </span>
    </p>
   </div>
   <div class='ocr_carea' id='block_1_118' title="bbox 1709 5778 3372 5859">
    <p class='ocr_par' dir='ltr' id='par_1_118' title="bbox 1709 5778 3372 5854">
     <span class='ocr_line' id='line_1_118' title="bbox 1709 5778 3372 5854; baseline -0.004 -14"><span class='ocrx_word' id='word_1_829' title='bbox 1709 5796 1724 5840; x_wconf 90' lang='lat' dir='ltr'><strong>t</strong></span> <span class='ocrx_word' id='word_1_830' title='bbox 1769 5784 1930 5851; x_wconf 86' lang='lat' dir='ltr'><strong>infra,</strong></span> <span class='ocrx_word' id='word_1_831' title='bbox 1964 5784 2026 5854; x_wconf 86' lang='lat' dir='ltr'><strong>D,</strong></span> <span class='ocrx_word' id='word_1_832' title='bbox 2066 5784 2317 5840; x_wconf 87' lang='grc' dir='ltr'>τοσοῦτον</span> <span class='ocrx_word' id='word_1_833' title='bbox 2356 5781 2503 5853; x_wconf 77' lang='grc' dir='ltr'>αὐτῷ</span> <span class='ocrx_word' id='word_1_834' title='bbox 2549 5784 2765 5854; x_wconf 82' lang='grc' dir='ltr'>περιῆν.</span> <span class='ocrx_word' id='word_1_835' title='bbox 2841 5782 2887 5813; x_wconf 77' lang='grc'><strong>⁷³</strong></span> <span class='ocrx_word' id='word_1_836' title='bbox 2936 5778 3236 5846; x_wconf 45' lang='grc' dir='ltr'>Ρεοιβιιι,</span> <span class='ocrx_word' id='word_1_837' title='bbox 3288 5780 3372 5835; x_wconf 78' lang='grc'><strong>15.</strong></span> 
     </span>
    </p>
   </div>
   <div class='ocr_carea' id='block_1_119' title="bbox 122 5858 1094 5925">
    <p class='ocr_par' dir='ltr' id='par_1_119' title="bbox 122 5858 1094 5925">
     <span class='ocr_line' id='line_1_119' title="bbox 122 5858 1094 5925; baseline -0.007 -7"><span class='ocrx_word' id='word_1_838' title='bbox 122 5860 173 5899; x_wconf 69' lang='grc'><strong><em>’⁵</em></strong></span> <span class='ocrx_word' id='word_1_839' title='bbox 196 5858 352 5918; x_wconf 78' lang='lat' dir='ltr'><strong>Joan.</strong></span> <span class='ocrx_word' id='word_1_840' title='bbox 378 5858 487 5925; x_wconf 77' lang='grc' dir='ltr'>ιιι,</span> <span class='ocrx_word' id='word_1_841' title='bbox 518 5861 603 5915; x_wconf 88' lang='lat' dir='ltr'><strong>l5.</strong></span> <span class='ocrx_word' id='word_1_842' title='bbox 684 5860 729 5891; x_wconf 73' lang='grc'>⁷⁵</span> <span class='ocrx_word' id='word_1_843' title='bbox 760 5860 875 5913; x_wconf 77' lang='lat' dir='ltr'><strong>Act.</strong></span> <span class='ocrx_word' id='word_1_844' title='bbox 908 5873 970 5919; x_wconf 88' lang='lat' dir='ltr'><strong>ll,</strong></span> <span class='ocrx_word' id='word_1_845' title='bbox 1009 5858 1094 5918; x_wconf 65' lang='lat' dir='ltr'><strong>Ill.</strong></span> 
     </span>
    </p>
   </div>
  </div>
