4212 6318
828 409 927 465 271

827 619 1041 673 abunde
1070 615 1205 671 satis
1237 624 1434 671 auctus
1470 625 1611 680 eral,
1656 630 1783 670 cum
1825 616 1891 669 ad
1920 616 2187 670 sermonis
2217 616 2415 673 dootri~

830 725 952 763 nam
999 722 1061 762 ac
1091 708 1509 773 admonitiones,
1550 708 1769 762 virtutis
1802 722 1865 762 ac
1894 707 2153 775 potentiae
2181 705 2416 760 efﬁcacis

829 803 1075 858 mirabile
1107 803 1491 857 documentum
1542 802 1897 867 pra-buisset,
1949 798 2195 853 claudum
2241 800 2409 867 sospi-

826 904 957 957 tem,
1034 907 1097 946 ac
1142 893 1370 960 integris
1422 891 1648 959 pedibus
1695 906 1723 943 a
1768 889 1946 958 templi
1998 888 2262 943 vestibulo
2308 888 2414 941 eri-

823 997 983 1049 gens;
1024 980 1194 1042 illum,
1232 981 1475 1049 inquam,
1506 979 1755 1033 claudum
1790 993 1856 1032 ex
1893 978 2083 1031 matris
2109 977 2415 1048 utero,qui-

823 1089 929 1143 que
963 1082 1170 1127 natura:
1201 1073 1331 1126 vitio
1361 1071 1677 1136 laborabat;
1712 1068 2018 1124 conﬂuente
2055 1073 2119 1123 ad
2150 1070 2410 1138 templum

827 1167 1079 1221 universo
1108 1165 1325 1233 p0pnlo,
1371 1177 1531 1234 quem
1577 1162 1817 1216 miraculi
1850 1161 1991 1215 fama
2032 1163 2095 1216 ad
2129 1172 2412 1230 Spectacu-

826 1255 934 1309 lum
992 1263 1343 1322 provocaret;
1399 1253 1775 1321 universisque
1839 1252 2046 1305 intente
2107 1253 2160 1306 in
2236 1253 2409 1306 virum

821 1348 1248 1416 aspicientibus,
1309 1363 1431 1402 cum
1488 1346 1750 1399 miraculo
1805 1345 2095 1415 stupefacti
2160 1356 2409 1408 starent,

822 1442 1105 1495 obstructa
1154 1449 1281 1494 sunt
1320 1455 1414 1494 ora
1464 1438 1663 1493 Christi
1696 1438 1966 1495 hostium:
2024 1438 2230 1508 fuitque
2261 1438 2412 1493 dein-

821 1548 949 1601 ceps
988 1548 1144 1595 crux,
1189 1546 1294 1584 non
1349 1530 1626 1599 probrum,
1666 1531 1759 1583 sed
1814 1532 2055 1584 victoriae
2108 1541 2404 1599 tropzeum:

824 1643 1017 1680 rursus
1039 1641 1168 1694 ergo
1200 1626 1484 1693 imperitus
1512 1624 1599 1675 ille
1630 1640 1650 1676 γε
1681 1622 1768 1677 ille
1805 1624 2153 1677 meclianicus
2188 1622 2405 1686 artifex,

821 1720 1089 1772 secundos
1140 1717 1452 1787 aggreditur
1485 1729 1765 1769 sermones
1793 1715 1844 1767 in
1885 1717 1997 1769 hmc
2036 1716 2195 1769 verba
2224 1717 2289 1768 ad
2316 1731 2409 1769 eos

820 1808 1108 1878 loquens"
1143 1850 1155 1861 .
1190 1805 1233 1859 0
1266 1807 1385 1869 viri,
1418 1805 1673 1876 siquidem
1695 1805 2047 1857 admiratione
2076 1806 2311 1874 dignum,
2344 1821 2406 1857 ac

2112 410 2169 468 S.
2209 409 2485 465 Αδτειιιι
2524 411 2831 468 AMASENI

901 524 1195 594 Postquam
1240 531 1417 575 autem
1465 521 1897 579 Christianorum
1951 524 2084 577 ordo
2131 538 2190 577 ac
2245 532 2419 578 cintus
2450 529 2492 584 Α

4006 417 4103 475 279

2608 525 2884 592 Ἐλθόντος
2935 529 2992 581 δὲ
3033 529 3112 592 εἰς
3153 528 3391 581 ἐπίδοσιν
3456 530 3549 583 καὶ
3589 533 3874 603 προκοπὴν
3920 534 4103 605 ἱκανὴν

2518 616 2613 668 τοῦ
2667 617 2775 671 τῶν
2830 621 3174 692 Χριστιανῶν
3222 622 3523 690 τάγματος,
3580 621 3767 693 ἐπειδὴ
3804 623 3944 693 πρὸς
3991 627 4103 693 ταῖς

2520 708 2769 777 λογικαῖς
2828 712 3203 776 διδασκαλίαις
3250 713 3345 765 καὶ
3399 714 3807 784 παραινέσεσιν,
3858 714 3953 765 καὶ
4010 713 4103 785 τῆς

2518 808 2830 875 πρακτικῆς
2862 806 3146 875 δυνάμεως
3164 805 3484 876 θαυμαστὴν
3519 808 3747 878 παρεῖχε
3762 806 3862 874 τὴν
3892 807 4099 877 πεῖραν,

2515 892 2701 962 ἄρτιον
2736 894 3051 965 ἀναστήσας
3083 894 3173 947 τὸν
3223 895 3396 966 χωλὸν
3435 896 3498 947 ἐκ
3538 896 3647 948 τῶν
3680 894 3774 948 τοῦ
3813 895 3944 947 ναοῦ
3973 911 4103 966 προ-

2515 985 2780 1049 πυλαίων,
2814 987 2987 1057 χωλὸν
3012 989 3218 1041 ἐκεῖνον
3242 988 3331 1041 τὸν
3364 990 3427 1041 ἐκ
3453 989 3656 1052 κοιλίας
3685 988 3909 1060 μητρὸς,
3947 987 4103 1041 πταί‹

2517 1092 2684 1145 σματι
2736 1076 2954 1146 φύσεως
3008 1078 3252 1131 παθόντα
3283 1077 3384 1149 τὴν
3414 1078 3587 1131 νόσον’
3625 1078 3771 1143 ἅπαξ
3814 1079 3871 1132 δὲ
3899 1079 3928 1130 6
3981 1078 4105 1141 λαὸς

2514 1168 2607 1220 ἐπὶ
2656 1168 2717 1221 τὸ
2748 1170 2893 1241 ἱερὸν
2934 1170 3233 1243 συνερρύη,
3262 1174 3329 1243 τῇ
3366 1174 3527 1246 φήμῃ
3556 1171 3656 1241 τῆς
3699 1171 4104 1242 μεγαλουργίας

2512 1257 2941 1328 δημαγωγηθε“ις
2974 1260 3112 1331 πρὸς
3141 1262 3240 1332 τὴν
3297 1261 3448 1327 θέαν,
3503 1262 3595 1315 καὶ
3633 1261 3771 1333 πρὸς
3800 1261 3892 1314 τὸν
3939 1261 4105 1332 ἀνδρα

2514 1348 2717 1413 πάντες
2756 1349 2879 1403 ἓϐλε
2892 1367 2987 1403 πον
3018 1350 3225 1415 ἀτενῶς
3254 1352 3700 1424 ἐκπεπληγμένοι
3728 1352 3805 1423 τῷ
3842 1350 4101 1424 θαύματι⁸

2512 1441 2807 1513 ἀπεφράγη
2843 1442 2951 1495 τῶν
2974 1443 3185 1515 ἐχθρῶν
3212 1444 3305 1497 τοῦ
3334 1445 3571 1516 Χριστοῦ
3614 1447 3684 1498 τά
3716 1446 3981 1515 στόματα,
4012 1444 4103 1498 καὶ

2512 1540 2539 1590 6
2573 1538 2803 1608 σταυρὸς
2844 1538 3029 1592 λοιπὸν
3079 1535 3147 1611 ἦν
3207 1541 3471 1613 τρόπαιον
3521 1541 3702 1613 νίκης,
3746 1544 3846 1595 οὐκ
3877 1542 4101 1606 ὄνειδος.

2512 1630 2679 1684 Πάλιν
2707 1632 2735 1683 6
2770 1632 3115 1697 ἀπαίδευτος,
3139 1635 3168 1686 6
3184 1635 3285 1704 τῆς
3320 1632 3594 1703 βαναύσου
3618 1636 3815 1709 τέχνης
3840 1637 4103 1708 ἐργάτης,

2509 1722 2777 1794 δευτέρων
2822 1724 3052 1796 ἄρχεται
3092 1724 3287 1793 λόγων,
3326 1728 3552 1797 φάσκων
3595 1729 3734 1799 πρὸς
3767 1731 3989 1793 αὐτοὺς,
4022 1729 4105 1783 ὅτι

2511 1809 2577 1867 Ὦ
2612 1814 2849 1883 ἄνδρες,
2886 1818 2940 1870 εί
2985 1818 3281 1887 θαύματος
3316 1819 3461 1888 ὑμῖν
3503 1819 3696 1885 ἀξιον,
3754 1821 3851 1875 καί
3899 1817 4104 1889 θενκῆς

818 1872 1011 1952 diuina?
1031 1898 1278 1966 potentia:
1328 1872 1663 1949 arbitramini
1695 1897 1836 1965 quod
1871 1904 1944 1948 est
1969 1872 2167 1963 factum
2187 1935 2204 1960 ,
2233 1896 2400 1964 ipsum

2506 1872 2820 1974 ἐνεργείας.
2837 1872 3131 1975 ’φαίνεται
3184 1872 3277 1961 τὸ.
3298 1872 3652 1977 γενόμενον,
3683 1872 4105 1977 sesama;

817 1995 1034 2045 adorate
1059 1991 1145 2060 qui
1177 1990 1427 2043 claudum
1454 1991 1687 2050 curavit;
1718 1986 1897 2041 Jesum
1923 2004 2072 2051 quem
2101 1988 2403 2051 cmcidistis,

815 2101 1071 2155 quemque
1126 2084 1333 2136 demum
1404 2083 1502 2135 ine
1555 2082 1891 2148 exsuperauti
1939 2092 2110 2143 testu,
2162 2081 2215 2132 in
2264 2079 2400 2148 ligno

816 2180 1110 2233 erm/Iustis.
1136 2176 1235 2229 Ille
1256 2177 1362 2245 ipse
1386 2186 1483 2241 est,
1515 2175 1761 2243 vivitque,
1798 2191 1859 2227 ac
1884 2176 2015 2228 sicut
2041 2174 2179 2229 vobis
2210 2176 2401 2241 swpius

816 2276 1013 2325 dictum
1048 2282 1143 2336 est,
1175 2288 1204 2321 a
1240 2270 1458 2322 mortuis
1507 2270 1764 2321 excitatus
1821 2268 2180 2320 universorum
2228 2267 2402 2318 domi-

818 2372 1000 2416 uatur.
1034 2359 1381 2425 Quamobrem
1432 2375 1569 2410 nunc
1600 2374 1780 2410 eorum
1823 2374 1941 2426 quae
1972 2357 2403 2424 percastispreni-

815 2453 1033 2507 tentiam
1081 2460 1287 2519 agentes
1312 2487 1327 2511 ,
1379 2466 1397 2499 ι
1431 2448 1671 2500 Accedite
1731 2448 1799 2499 ad
1842 2463 1997 2510 eum,
2034 2456 2092 2499 er
2130 2447 2402 2499 illumina-

816 2547 948 2599 miui
972 2546 1039 2608 ⁷⁷,
1075 2564 1092 2595 ι
1124 2541 1564 2613 quemadmodum
1590 2549 1753 2592 vester
1778 2538 1866 2592 ille
1888 2555 2075 2607 parens
2100 2539 2265 2592 David
2299 2540 2395 2592 ait.

815 2638 1092 2703 Siquidem
1132 2636 1268 2689 enim
1319 2630 1417 2699 ﬁlii
1462 2630 1837 2698 prOpItelarum
1889 2632 2014 2683 estis
2059 2647 2123 2683 ac
2150 2631 2400 2699 discipuli

816 2732 1012 2801 Moysi,
1048 2730 1206 2781 nolite
1235 2725 1495 2795 majorum
1537 2733 1825 2777 vestrorum
1878 2725 2104 2793 gratiam
2133 2740 2396 2789 spernere,

811 2825 881 2879 iis
909 2824 1144 2874 animum
1170 2820 1469 2869 (ul/albentes
1498 2816 1589 2883 qui
1615 2815 1753 2884 falsa
1792 2815 2078 2883 loquuntur
2099 2831 2118 2867 .·
2146 2816 2236 2867 sed
2267 2831 2399 2883 pru-

810 2914 1176 2981 dentijudicio
1198 2927 1313 2980 qua:
1338 2910 1400 2962 ab
1432 2909 1538 2961 illis
1583 2909 1795 2977 [uerunt
1838 2907 2189 2973 pra'uuntiata
2226 2907 2399 2960 comi-

812 3014 1077 3067 derantes,
1104 3016 1287 3060 vestra:
1325 3002 1650 3057 Salvatorem
1682 3003 1872 3072 gentis,
1908 3003 2097 3055 animis
2128 3004 2392 3069 suscipite.

812 3101 1021 3170 Quippe
1046 3100 1133 3154 ille
1154 3110 1249 3164 est,
1284 3114 1434 3168 quem
1463 3107 1508 3149 et
1544 3095 1745 3165 Moyses
1771 3098 2077 3163 proliltetam
2104 3098 2244 3148 vobis
2280 3113 2396 3148 sus-

2506 1998 2613 2050 τὸν
2650 1998 3028 2066 θεραπευτὴν
3056 1998 3164 2053 τοῦ
3194 1998 3419 2068 χωλοῦ,
3460 2000 3721 2067 Ἰησοῦν,
3750 2000 3825 2053 ὃν
3852 2000 4104 2069 ἑρῤαπί-

2500 2104 2671 2141 σατε·
2716 2088 2816 2141 καί
2870 2088 3218 2142 τελευταῖον
3275 2090 3709 2159 ὑπερζέσαντες
3763 2090 3842 2156 τῷ
3913 2090 4101 2161 θυμῷ.

2503 2178 2601 2230 ἐπὶ
2641 2177 2748 2232 τοῦ
2782 2178 2973 2242 ξύλου
3026 2177 3333 2247 ὑψώσατε.
3374 2176 3567 2246 Οὗτός
3614 2181 3802 2246 ἐστιν,
3842 2179 3946 2233 καί
4010 2177 4098 2245 ζῇ·

2506 2269 2605 2321 καί
2659 2270 2853 2336 καθὼς
2882 2268 3026 2339 ὑμῖν
3062 2269 3284 2338 ἐλέχθη
3338 2270 3655 2336 πολλάκις,
3711 2272 3986 2338 ἀναστὰς
4033 2272 4102 2325 ἐκ

2503 2361 2733 2428 νεκρῶν
2771 2362 3097 2425 ,Βασιλεύει
3136 2360 3256 2415 τῶν
3302 2360 3569 2415 πάντων.
3604 2363 3782 2416 Ὥστε
3807 2362 3927 2416 νῦν
3952 2362 4103 2432 νοῦν

2501 2450 2793 2515 λαϐόντες
2824 2449 2943 2503 τῶν
2993 2451 3453 2520 ἁμαρτηθέντων
3488 2453 3630 2523 ὑμῖν
3674 2432 4101 2523 μεταμέλειαν,

2510 2560 2527 2592 ι
2584 2543 2955 2609 Προσέλθετε
3011 2543 3161 2611 πρὸς
3224 2545 3432 2608 αὑτὸν,
3503 2546 3632 2598 καί.
3661 2548 4025 2615 φωτίσθητε,
4079 2567 4099 2599 ι

2502 2634 2699 2701 καθὼς
2726 2638 2759 2688 ὁ
2782 2635 2977 2703 πατὴρ
3010 2635 3176 2705 ὑμῶν
3205 2636 3369 2707 λέγει
3392 2636 3593 2691 Δαϐἰδ.
3620 2640 3689 2691 Ei
3712 2638 3818 2707 γὰρ
3834 2637 3953 2692 υἱοὶ
3980 2638 4102 2692 τῶν

2498 2726 2821 2797 προφητῶν
2888 2730 3061 2791 ἐστε,
3132 2730 3230 2783 καί
3307 2731 3557 2801 μαθηταί
3619 2731 3725 2785 τοῦ
3774 2732 4103 2799 Μωῠσέως,

2501 2816 2598 2868 καί
2618 2817 2663 2845 ⁸⁸³
2692 2816 3024 2885 ἀτιμάσητε
3053 2818 3173 2871 τῶν
3220 2822 3534 2889 προγόνων
3567 2818 3733 2888 ὑμῶν
3760 2820 3875 2887 τὴν
3896 2820 4103 2889 χάριν,

2498 2909 2904 2977 ψευδολάλοις
2963 2911 3396 2980 προσέχοντεςο
3451 2912 3615 2967 ἀλλὰ
3688 2912 3962 2979 συνετῶς
4020 2914 4104 2968 τὰ

2498 3003 2634 3068 παρ’
2663 3001 2913 3055 ἐκείνων
2941 3003 3437 3071 προκηρυχθέντα
3490 3003 3941 3069 σκοπήσαντες,
4006 3003 4105 3057 δέν

2498 3092 2686 3157 ξασθε
2719 3092 2845 3159 ταῖς
2874 3092 3102 3162 ψυχαῖς
3128 3094 3236 3148 τὸν
3260 3093 3511 3163 Σωτῆρα
3539 3096 3647 3150 τοῦ
3670 3093 3881 3165 τέγους
3902 3096 4101 3165 ὑμῶν.

810 3193 1082 3246 citaudum
1123 3188 1362 3258 promisi:
1396 3186 1463 3239 ⁷⁸.
1510 3183 1634 3238 llaec
1689 3184 1881 3238 Petrus
1910 3198 1975 3253 ac
2008 3184 2070 3236 iis
2098 3181 2297 3235 similia
2330 3183 2391 3236 ad

2504 3181 2692 3251 Οὗτος
2736 3184 2844 3254 γὼ
2899 3185 3031 3246 ἐστι
3088 3186 3159 3238 ὃν
3217 3187 3315 3240 καί
3380 3185 3646 3254 Μωῦσῆς
3691 3188 4104 3257 ἐπηγγείλατο

812 3283 1064 3354 populum
1082 3282 1385 3339 disserens,
1422 3276 1555 3329 abiit
1583 3276 1753 3328 tribus
1792 3274 1973 3327 milliis
2002 3272 2235 3341 asquales
2265 3272 2398 3326 alios

812 3374 1054 3430 auctario
1098 3369 1356 3425 referens.
1408 3368 1485 3422 Ac
1515 3368 1730 3435 quidem
1785 3367 1906 3419 talis
1961 3365 2152 3419 Petrus
2184 3365 2395 3434 publica

810 3466 1072 3527 concione
1106 3462 1331 3516 fidenter
1367 3458 1646 3528 Evangelii
1678 3459 1915 3511 doctrina
1968 3461 2283 3524 exponenda
2315 3456 2395 3510 lo-

810 3559 1229 3632 quens,alacer,
1260 3553 1637 3623 imperculsus,
1680 3554 1914 3620 prudens
2005 3550 2397 3606 suorumJiduo

812 3652 917 3717 cia,
960 3665 1025 3705 ac
1050 3648 1488 3703 adversariorum
1528 3659 1713 3714 pavor.

882 3825 1018 3891 Quia
1049 3839 1175 3877 vero
1204 3837 1309 3875 non
1346 3821 1395 3875 id
1423 3830 1629 3873 tantum
1666 3818 1881 3888 pietatis
1930 3821 2117 3877 doctor
2157 3821 2394 3888 optimus

810 3922 988 3977 studio
1016 3920 1243 3988 agebat,
1296 3927 1352 3969 ιιι
1394 3915 1486 3969 Dei
1522 3915 1775 3983 pupulum
1820 3928 2103 3967 numerosa
2151 3914 2393 3967 multitu-

810 4015 935 4067 dine
966 4021 1221 4081 augerct;
1256 4009 1349 4062 sed
1383 4008 1537 4077 longe
1579 4005 1829 4073 amplius,
1868 4016 1920 4057 ul
1958 4005 2210 4074 discipuli
2234 4022 2395 4058 accu-

809 4113 928 4159 rate
970 4120 1067 4174 pro
1117 4103 1432 4155 traditarum
1476 4098 1649 4167 legum
1690 4100 1899 4151 ratione
1934 4098 2099 4151 vitam
2146 4098 2392 4152 institue-

808 4205 930 4250 rent
966 4213 979 4247 :
1015 4193 1143 4247 vidit
1193 4206 1319 4245 vero
1378 4189 1645 4243 Ananiam
1699 4187 1888 4251 illum,
1931 4202 2156 4241 suorum
2216 4189 2389 4256 ipsum

806 4289 1080 4344 fructuum
1104 4287 1300 4347 furem,
1333 4296 1637 4350 novumque
1658 4280 2003 4348 sacrilegum,
2035 4280 2234 4333 malam
2261 4296 2390 4347 pec-

808 4381 915 4436 cati
946 4380 1284 4432 invecturum
1322 4376 1373 4428 in
1405 4373 1744 4429 Christianos
1790 4372 2273 4438 consuetudinem,
2307 4388 2392 4425 se-

807 4484 939 4525 vere
963 4483 1083 4521 eum
1112 4466 1179 4519 ab
1220 4462 1458 4518 Ecclesia
1496 4460 1796 4526 excidit";
1834 4476 1937 4514 non
1974 4460 2115 4514 velut
2157 4461 2390 4514 crudelis

2504 3274 2820 3343 προφήτην
2878 3274 3022 3343 ὑμῖν
3077 3274 3554 3340 ἀναστήσεσθαι.
3622 3274 3809 3328 Ταῦτα
3873 3275 3969 3328 καὶ
4030 3280 4104 3330 τὰ

2500 3366 2727 3419 τοιαῦτα
2758 3365 2896 3437 πρὸς
2933 3368 3025 3419 τὸν
3078 3366 3205 3420 λαὸν
3268 3366 3513 3433 διελθὼν,
3577 3368 3839 3439 ἀπῆλθεν,
3896 3369 4102 3435 ἄλλους

2498 3457 2787 3521 τοσούτους
2829 3460 2940 3521 τοῖς
2999 3459 3324 3530 τρισχιλίοις
3373 3461 3647 3531 προσθείς.
3701 3460 3957 3525 Τοιοῦτος
3995 3463 4103 3533 μὲν

2499 3542 2591 3599 οὖν
2628 3548 2685 3599 ἐν
2712 3546 2789 3616 τῷ
2816 3546 2879 3617 δη
2890 3550 3014 3617 μοσί
3025 3566 3055 3619 α
3093 3548 3275 3602 λαλεῖν
3324 3547 3674 3620 θαρρούντως
3702 3550 3844 3622 ὑπὲρ
3871 3552 3975 3621 τῆς
3999 3551 4100 3605 τοῦ

2500 3637 2832 3706 Εὐαγγελίου
2872 3640 3264 3709 μυσταγωγίας
3313 3639 3611 3710 πρόθυμος,
3642 3643 4098 3713 ἀκατάπληκτος,

2501 3730 2739 3795 συνετὸς,
2766 3729 2968 3800 θάρσος
2997 3730 3105 3781 τῶν
3156 3731 3324 3791 ίδίων.
3348 3733 3441 3784 καὶ
3475 3732 3581 3783 τῶν
3607 3734 3863 3787 ἐναντίων
3890 3734 4101 3793 δειλία..

2581 3822 2798 3891 Ἐπειδὴ
2822 3822 2911 3879 δὲ.
2936 3823 2995 3873 οὐ
3028 3823 3183 3875 τοῦτο
3214 3824 3373 3891 μόνον
3408 3819 3475 3893 ἦν
3510 3824 3983 3893 περισπούδαστον
4014 3827 4103 3901 τῷ

2496 3912 2765 3984 καλλίστῳ
2795 3914 3098 3984 διδασκάλῳ
3122 3915 3219 3982 τῆς
3246 3915 3543 3981 εὐσεϐείας,
3574 3918 3632 3968 τὸ
3660 3917 4101 3989 πολυάνθρωπον

2494 4004 2585 4055 τὸν
2617 4003 2709 4058 τοῦ
2743 4003 2878 4057 Θεοῦ
2911 4005 3038 4057 λαὸν
3078 4006 3511 4075 ἀπεργάζεσθαι,
3543 4008 3675 4060 ἀλλὰ
3707 4009 3887 4078 πολλῷ
3926 4011 4102 4066 πλέον

2496 4094 2555 4147 τὸ
2584 4094 2682 4165 ζῇν
2707 4086 2948 4165 ἀκριῦὧς
2985 4099 3111 4159 τοὺς
3138 4096 3387 4167 μαθητὰς
3418 4100 3474 4150 ὲν
3502 4102 3612 4161 τοῖς
3634 4098 3830 4151 δοθεῖσι
3862 4101 4098 4171 νόμοις⁶

2494 4182 2633 4240 εἶδεν
2664 4186 2721 4239 δὲ
2749 4188 2838 4241 τὸν
2882 4189 3130 4242 ’Δνανίαν
3161 4190 3389 4252 ἐκεῖνον,
3420 4191 3510 4242 τὸν
3538 4190 3645 4242 τῶν
3681 4190 3826 4245 ἰδίων
3852 4195 4100 4264 καρπῶν

2496 4279 2733 4350 κλέπτην
2774 4281 2867 4333 καὶ
2901 4282 3205 4351 παράδοξον
3238 4282 3525 4352 ίερόσυλον
3547 4324 3559 4345 ,
3601 4283 3859 4353 μέλλοντα
3906 4288 4099 4356 κακὴν

2495 4370 2744 4439 ἐμποιεῖν
2773 4376 2884 4435 τοῖς
2917 4375 3265 4444 Χριστιανοῖς
3307 4374 3594 4443 συνήθειαν
3622 4377 3918 4446 ἁμαρτίας,
3952 4379 4096 4431 ἀπο-

2492 4462 2674 4531 τόμως
2702 4463 2863 4515 αὑτὸν
2894 4468 2991 4533 τῆς
3030 4464 3362 4535 Ἐκκλησίας
3384 4464 3638 4535 ἐξέκοψεν
3661 4483 3672 4494 '
3704 4468 3804 4520 οὐκ
3827 4467 3983 4538 ὠμὸς
4011 4468 4097 4524 ὢν

808 4562 988 4615 animo
1015 4573 1082 4614 ac
1121 4555 1546 4620 bonticida;-sed
1572 4562 1815 4623 spectato
1863 4553 2002 4621 quod
2037 4554 2385 4618 conduceret,

2500 4555 2588 4606 καὶ
2619 4556 2836 4623 φονικὸς
2856 4558 2955 4628 τὴν
2973 4557 3218 4628 γνώμην,
3244 4558 3380 4611 ἀλλά
3404 4559 3546 4612 κατά
3565 4560 3765 4612 σκοπὸν
3787 4560 4099 4632 ὠφελείας,

806 4648 1138 4720 ejuscemodi
1181 4657 1458 4718 peccatum
1506 4651 1706 4699 cura‘ns
1749 4644 2035 4697 medicina.
2070 4642 2204 4697 Cum
2244 4645 2385 4697 enim

810 4742 1037 4812 populus
1074 4755 1263 4796 recens
1291 4753 1589 4793 conversus
1625 4745 1789 4805 atque
1828 4735 2090 4790 conﬂatus
2116 4778 2132 4803 ,
2156 4753 2183 4788 a
2214 4737 2389 4806 genti--

809 4836 925 4895 litio
952 4850 1015 4887 ac
1041 4833 1265 4886 Judaico
1295 4832 1467 4883 victus
1502 4844 1823 4897 morumque
1843 4828 2091 4892 neglectu
2117 4869 2133 4896 ,
2160 4843 2392 4897 evange-

807 4908 942 4983 licae
963 4942 1135 4995 nuper
1160 4926 1303 4993 leges
1332 4922 1651 4991 accepisset,
1696 4921 1889 4977 merito
1928 4920 2087 4988 plane
2109 4921 2390 4975 existima-

806 5021 917 5084 vit,
963 5019 1161 5072 nedum
1208 5015 1491 5069 verborum
1529 5012 1927 5081 correptionem
1984 5010 2261 5079 discipulis
2293 5025 2389 5064 ne-

806 5112 1101 5168 cessariam
1138 5123 1288 5169 esse.
1326 5120 1512 5160 verum
1546 5105 1711 5157 etiam
1762 5102 2002 5158 secundo
2033 5114 2178 5157 metu
2208 5102 2390 5171 aliquo

807 5206 1071 5273 indigere.
1099 5200 1190 5256 Sic
1220 5201 1362 5253 enim
1388 5198 1627 5251 moribus
1668 5205 2039 5266 comparatum
2070 5203 2174 5259 est,
2204 5204 2262 5247 ut
2282 5209 2387 5263 qua

808 5300 1017 5352 ratione
1071 5296 1243 5365 prima
1292 5292 1471 5345 studia
1527 5287 1773 5359 regulata
1814 5286 2053 5348 fuerint,
2093 5288 2282 5340 eadem
2320 5286 2386 5339 ad

808 5392 970 5443 linem
1012 5400 1183 5454 usque
1219 5382 1546 5437 inolescente
1574 5379 1966 5445 consuetudine
1993 5386 2340 5446 perseverent
2368 5396 2381 5431 :

803 5477 1010 5532 idcirco
1032 5472 1117 5527 ubi
1145 5480 1420 5543 peccatum
1457 5468 1671 5540 arguit,
1709 5478 1937 5522 mortem
1971 5481 2093 5519 mox
2123 5465 2384 5535 supplicio

805 5565 1054 5632 induxit;
1096 5578 1201 5619 non
1246 5578 1375 5617 usus
1419 5562 1625 5633 gladio,
1660 5568 1819 5613 autre
1859 5559 2202 5613 carnificibus
2234 5572 2383 5611 reum

802 5653 1192 5713 tradens:sed
1241 5662 1512 5706 momonto
1568 5652 1657 5705 illo
1703 5652 1985 5719 temporis,
2022 5665 2129 5719 qua
2173 5649 2383 5703 ratione

867 5856 915 5891 "
934 5855 1157 5919 AetJtt,
1185 5852 1255 5909 12
1283 5868 1402 5923 sqq.
1492 5852 1533 5883 "
1566 5850 1705 5906 Psal.
1727 5864 1921 5914 xxxtu,
1946 5848 1998 5902 6.

2090 5849 2135 5881 ⁷⁸
2171 5850 2323 5905 Dent.
2352 5866 2513 5917 svnt,
2564 5851 2647 5905 l5.
2728 5853 2771 5884 "
2792 5853 2915 5907 Act.
2949 5867 3000 5918 ν,
3032 5853 3052 5907 1
3092 5868 3215 5924 sqq.

2492 4645 2663 4709 οὕτως
2684 4646 2973 4717 ίατρεύτας
2987 4648 3087 4719 τὴν
3105 4648 3401 4718 ἁμαρτίαν.
3444 4648 3663 4719 Ἐπειδὴ
3689 4649 3797 4719 γάρ
3817 4665 4099 4723 νεοπροσ-

2489 4737 2682 4807 ήλυτος
2724 4734 2790 4809 ἦν
2832 4740 2927 4791 καὶ
2972 4741 3247 4811 νεοπαγὴς
3276 4742 3303 4791 ὁ
3335 4740 3483 4802 λαὸς,
3520 4741 3583 4791 ἐκ
3621 4740 3721 4808 τῆς
3761 4741 4102 4817 Ἑλληνικῆς

2489 4828 2581 4881 καὶ
2622 4828 2919 4900 Ἰουδαϊκῆς
2940 4830 3260 4902 ἀδιαφορίας
3282 4830 3516 4897 ὑπόγυον
3540 4833 3663 4895 τοὺς
3688 4834 4099 4903 εὑαγγελικοὺς

2488 4917 2779 4991 δεξάμενος
2809 4920 3030 4990 νόμους,
3059 4922 3287 4983 είκότως
3317 4920 3584 4990 ἐνόμισεν,
3608 4911 3676 4973 οὗ
3696 4923 3793 4992 τῆς
3818 4924 3880 4975 ἐκ
3903 4923 4097 4995 λόγων

2488 5012 2770 5076 νουθεσίας
2804 5014 2962 5083 μόνον
2994 5012 3216 5083 χρῄζειν
3246 5014 3372 5075 τοὺς
3399 5012 3664 5084 μαθητὰς,
3696 5014 3830 5067 ἀλλά
3852 5017 3953 5069 καὶ
3990 5023 4099 5089 epa-

2490 5103 2585 5155 6ου
2634 5098 2779 5165 τινὸς
2820 5104 3133 5175 εὐπράκτου
3176 5102 3435 5172 (είὼθασι
3478 5104 3589 5175 γάρ
3624 5122 3740 5166 πως
3781 5107 3830 5157 οί
3863 5106 4099 5179 ἀνθρω-

2488 5211 2598 5257 ποι,
2637 5194 2784 5253 ὅπως
2824 5193 2890 5247 ἂν
2936 5195 2994 5247 ἐν
3028 5196 3227 5265 ἀρχαῖς
3271 5194 3380 5247 τῶν
3428 5195 3877 5265 ἐπιτηδευμάτων
3912 5214 4097 5253 κανοο

2486 5286 2763 5351 νισθῶσιν,
2810 5285 2954 5340 οὕτω
2996 5288 3157 5357 μέχρι
3181 5286 3368 5351 τέλους
3395 5290 3583 5357 τηρεῖν
3608 5286 3708 5357 τὴν
3740 5287 4092 5359 συνήθειαν)-

2487 5377 2579 5445 καὶ
2614 5377 2702 5431 διὰ
2730 5376 2888 5431 τοῦτο
2917 5376 3145 5445 ἐλέγξας
3181 5379 3279 5449 τὴν
3312 5377 3619 5448 ἁμαρτίαν,
3648 5378 3810 5442 εὐθὺς
3842 5374 4095 5434 θάνατον

2484 5468 2579 5541 τὴν
2615 5470 2885 5541 τιμωρίαν
2920 5471 3228 5540 ἐπήγαγεν·
3266 5470 3327 5523 οὐ
3354 5470 3499 5539 ξίφει
3532 5470 3915 5541 χρησάμενος,
3950 5472 4093 5528 οὐδὲ

2483 5559 2697 5630 δημίοις
2728 5562 2889 5614 αὑτὸν
2922 5561 3195 5632 παραδούς
3215 5578 3228 5591 ·
3267 5560 3403 5614 ἀλλά
3424 5561 3544 5615 τότε
3572 5562 3941 5634 διαφεροντως
3975 5567 4096 5640 τὴν

2484 5651 2576 5704 τοῦ
2610 5652 2847 5723 Χριστοῦ
2877 5653 3106 5722 δύναμιν
3143 5653 3343 5718 δείξας,
3380 5656 3437 5706 ἐν
3466 5653 3543 5724 τῷ
3574 5644 3763 5725 τρόπῳ
3790 5655 3890 5726 τῆς
3920 5657 4095 5717 ἀναι-

3293 5855 3336 5884 “
3383 5871 3470 5922 re.
3526 5857 3619 5925 μήο
