4212 6318
88 398 175 451 273

958 397 1236 454 llOMlLlA
1280 398 1410 454 \'lll.
1455 399 1518 452 IN
1559 399 1659 454 SS.
1693 399 1977 459 PETHUM
2018 394 2103 458 ET
2147 402 2449 461 PAULUM.

3206 400 3315 455 274

94 512 293 585 ρίσεως.
336 511 662 567 Ἐνεκάλεοε
719 512 825 585 γάρ
855 514 1033 584 μόνον,
1063 515 1157 578 καὶ
1181 515 1209 567 ὁ
1238 514 1522 584 ἐγκληθεὶς
1548 514 1651 567 ἀπ·-
1681 522 1721 574 Α
1754 536 1757 564 ε

1681 517 2012 580 Asnslttlit,
2078 518 2391 585 praeclarum
2453 516 2650 570 Christi
2726 515 2975 585 polentia:
3044 514 3314 581 specimen

93 602 283 671 ἔψυξεν.
307 602 483 655 Τοῦτο
509 602 567 657 δέ
586 602 771 674 ἡλίκον
798 605 965 668 ἐστὶν,
998 605 1089 657 καὶ
1113 606 1245 675 ὅσην
1267 608 1332 674 τῇ
1358 604 1653 675 Ἐκκλησία

93 695 354 765 ἐνεποίησε
399 696 500 766 τὴν
534 696 823 750 εὐλάϐειαν
846 738 860 762 ,
892 699 951 750 οὐ
982 696 1255 769 χρῄζομεν
1302 696 1509 765 μαθεῖν.
1550 696 1654 750 Δύο

94 790 186 858 γάρ
219 790 272 839 ἐν
317 789 400 841 ἐνὶ
444 788 821 860 κατωρθώθη,
855 788 915 840 τὸ
965 790 1176 843 καὶτὸν
1224 789 1451 861 Σωτῆρα
1496 788 1652 859 ἡμῶν

96 878 428 948 πιστευθῆναι
458 874 600 932 εἶναι
634 880 786 945 Θεὸν,
812 880 907 933 καὶ
937 878 1028 932 τὸν
1053 880 1344 951 παιδευτὴν
1370 879 1478 933 τῶν
1506 879 1653 932 ἐκεί-

97 987 174 1022 νου
211 946 422 1039 νόμων,
476 970 894 1041 παρεπομένους
926 946 1138 1041 ἔχων’⁸ι
1183 946 1467 1039 ἀγγέλους,
1520 968 1656 1039 πρὸς

98 1058 181 1128 τὴν
226 1058 482 1130 βούλησιν
537 1059 632 1113 τοῦ
671 1059 970 1113 ἀποστόλου
1017 1060 1372 1132 ἐνεργοῦντας
1403 1059 1650 1130 ἑτοίμως.

111 1148 376 1218 Ἐθέλησεν
400 1150 758 1221 εὐεργετῆσαι
781 1150 873 1202 τὸν
900 1150 1093 1221 χωλὸν,
1124 1151 1217 1204 καὶ
1243 1152 1344 1203 οὐκ
1368 1150 1657 1221 ἐϐράδυνεν

101 1242 295 1312 ηχάρις
315 1259 329 1271 ·
360 1240 627 1313 ἐϐουλήθη
654 1236 879 1295 κολάσαι
938 1243 1027 1296 τὸν
1061 1242 1362 1314 ἱερόσυλον,
1400 1243 1494 1297 καὶ
1520 1259 1658 1313 παρ-

99 1331 293 1398 εγένετο
317 1334 351 1400 ἡ
382 1332 643 1404 τιμωρία.

158 1504 338 1558 Ταῦτα
369 1506 529 1560 ἱκανὰ
555 1505 761 1571 λιθίνας
788 1506 1132 1579 καταπλῆξαι
1155 1506 1333 1579 ψυχάς
1359 1509 1451 1563 καὶ
1476 1512 1659 1564 πεῖσαι

101 1597 353 1667 βεϐαίως,
400 1600 477 1663 ὡς
510 1601 612 1653 οὐκ
667 1599 884 1671 ἀπάτης
915 1596 983 1671 ἦν
1022 1600 1090 1653 τὰ
1132 1601 1352 1672 ῥήματα
1406 1600 1661 1673 τάπαρὰ

100 1688 286 1758 Πέτρου
320 1689 617 1761 λεγόμενα·
657 1691 791 1745 ἀλλὰ
818 1690 952 1755 Θεὸς
981 1687 1050 1762 ἦν
1078 1691 1303 1761 άληθῶς.
1321 1692 1437 1763 μετ’
1471 1691 1659 1756 αὐτοῦ,

102 1780 177 1832 καί
199 1779 355 1849 άγιον
384 1782 598 1853 ὑπῆρχε
623 1782 718 1836 καὶ
748 1781 967 1853 ἀληθὲς,
989 1783 1051 1835 τὸ
1084 1784 1378 1853 μυστήριον
1402 1783 1431 1835 δ
1455 1784 1656 1853 κατήγ-

100 1870 255 1937 γελλε.
293 1873 403 1924 Καὶ
435 1850 592 1926 τούτο
612 1874 669 1927 δὲ
699 1850 988 1944 προσέχειν
1016 1850 1334 1944 ἀναγκαῖον,
1363 1874 1444 1928 δτι
1475 1874 1536 1927 τὸ
1562 1850 1661 1945 μὲν
1692 1850 1733 1904 Β

101 1961 180 2013 ἐπὶ
222 1962 469 2034 τιμωρίᾳ
514 1964 607 2016 καὶ
658 1964 804 2034 φόνῳ
858 1966 1104 2034 σημεῖον,
1160 1963 1308 2028 άπαξ
1360 1962 1513 2034 παρὰ
1564 1961 1660 2015 τοῦ

101 2052 380 2106 ἀποστόλου
419 2052 508 2106 διὰ
556 2052 653 2125 τὴν
707 2054 897 2126 χρείαν
932 2054 1258 2125 γεγένηται·
1301 2054 1387 2108 ἵνα
1417 2056 1530 2117 τοῖς
1562 2071 1669 2107 κα-

102 2142 197 2205 κῶς
232 2145 722 2215 προαιρουμένοις,
758 2146 856 2215 τῆς
887 2144 1212 2215 κολπτικῆς
1246 2144 1529 2213 δυνάμεως
1561 2159 1664 2194 παο

104 2234 357 2305 ράσχηται
390 2236 489 2305 τὴν
522 2235 830 2301 ἀπόδειξινο
865 2234 933 2287 τὰ
978 2235 1034 2287 δὲ
1063 2234 1171 2286 τῶν
1204 2233 1532 2305 εὐεργεσιῶν
1574 2233 1675 2287 καὶ

104 2328 195 2381 τῶν
231 2328 447 2391 ίάσεων,
482 2327 602 2380 καθ’
636 2327 847 2396 ἡμέραν
877 2326 970 2379 καὶ
1001 2325 1238 2397 συνεχῶς
1264 2325 1540 2377 ἐπετέλει·
1574 2324 1667 2376 καὶ

104 2418 357 2491 τοσαύτης
385 2418 535 2488 αὐτῷ
569 2417 766 2489 περιῆν
803 2419 900 2488 τῆς
934 2416 1023 2470 τοῦ
1065 2416 1386 2488 θεραπεύειν
1417 2414 1667 2479 εὐκολίας

108 2511 188 2562 καὶ
217 2510 457 2581 χάριτος,
490 2508 629 2561 ὥστε
653 2508 829 2569 οὐδεὶς
860 2504 1170 2577 προσελθὼν
1194 2505 1303 2558 τῶν
1334 2503 1671 2576 ἀρρωστούν-

100 2616 198 2652 ητων
230 2599 451 2652 άνέλυεν
493 2596 750 2667 ψευσθεὶς
785 2596 886 2665 τῆς
930 2596 1164 2660 ἐλπίδος,
1197 2596 1311 2649 ἀλλ’
1357 2597 1540 2667 ἄρτιος
1574 2595 1670 2649 κού⁹

110 2689 247 2760 ὑγιὴς
278 2691 373 2741 ἐπὶ
402 2689 501 2759 τὴν
534 2688 711 2741 οἰκίαν
745 2686 930 2757 ἀπῄει.
964 2688 1076 2739 Καὶ
1106 2689 1213 2750 πᾶς
1244 2688 1409 2750 τόπος
1434 2687 1532 2757 τῆς
1571 2687 1669 2739 Ἰε-

112 2780 376 2852 ρουσαλὴμ
407 2780 534 2834 ἔνθα
568 2779 775 2851 Πέτρος
806 2780 1077 2847 ἐφαίνετο,
1100 2779 1190 2833 τὸν
1214 2780 1447 2851 Χριστὸν
1469 2778 1666 2832 ἐλάλει·

111 2874 191 2925 καὶ
225 2874 283 2926 τὸ
313 2872 517 2943 πλῆθος
550 2868 696 2942 εἶχεν
736 2871 1168 2949 ἀκολουθούντων
1212 2870 1507 2942 ἀρρώστων
1532 2912 1547 2937 ,
1578 2871 1675 2924 καὶ

113 2964 319 3036 θέατρον
345 2964 467 3018 καθ’
496 2964 710 3037 ἡμέραν
731 2963 1034 3035 παράδοξον
1057 2965 1121 3016 ἐκ
1144 2964 1315 3033 δήμου
1342 2963 1667 3033 συμμίκτου·

112 3057 203 3109 τῶν
245 3058 343 3126 μῖέν
384 3055 766 3125 συναγομένων
786 3094 800 3119 ,
843 3055 929 3107 ἵνα
983 3055 1093 3107 τῶν
1145 3053 1443 3124 ὀχλούντων
1488 3053 1680 3107 κακῶν

1752 608 1939 661 edens.
1995 608 2222 662 Tantum
2280 609 2423 663 enim
2477 606 2672 677 Objt'Cil
2709 608 2915 662 crimen
2941 648 2954 673 ,
2994 606 3153 675 inque
3188 604 3317 660 illud

1756 711 1973 754 vocatus
2022 701 2182 754 homo
2229 700 2539 769 exspiravit.
2575 698 2685 753 Hoc
2734 714 2858 754 vero
2912 710 3173 769 quantum
3220 697 3317 762 sit,

1753 799 2119 860 quantamque
2156 791 2404 845 Ecclesiae
2444 791 2798 845 reverentiam
2846 805 2909 843 ac
2952 798 3151 843 metum
3178 788 3317 857 inje—

1754 882 1909 943 cerit,
1947 882 2084 933 haud
2114 896 2247 950 opus
2278 884 2458 936 doceri
2493 882 2805 936 habeamus.
2862 881 2972 935 Duo
3016 882 3212 950 quippe
3240 882 3317 935 si-

1756 971 1862 1026 mul
1887 970 2121 1027 confecit
2148 1012 2163 1037 ,
2204 983 2260 1025 ut
2292 974 2564 1039 nimirum,
2599 989 2719 1028 cum
2756 972 3000 1027 Salvator
3034 972 3172 1026 Deus
3194 986 3317 1026 esse

1756 1063 2113 1129 crederetur;
2169 1072 2280 1118 tum
2323 1063 2512 1131 utejus
2543 1065 2749 1119 doctori
2788 1064 2962 1133 legum
3006 1064 3316 1118 adesseco-

1758 1154 1917 1210 mites
1943 1157 2194 1225 angelos,
2233 1157 2322 1225 qui
2350 1166 2595 1227 prompte
2629 1165 2685 1210 nt
2734 1155 3008 1225 apostolus
3044 1155 3319 1217 voluisset,

1757 1260 2200 1321 exsequerentur.
2246 1249 2419 1304 Voluit
2455 1250 2642 1304 claudo
2689 1248 3009 1303 beneﬁcium
3046 1257 3319 1315 praestare,

1760 1341 1999 1410 nihilque
2054 1343 2223 1409 gratia
2272 1342 2532 1407 tardavit;
2559 1341 2725 1397 voluit
2759 1340 2951 1410 punire
2981 1338 3323 1405 sacrilegum,

1760 1447 1993 1502 moxque
2020 1446 2176 1502 paena
2209 1442 2402 1502 praesto
2424 1433 2541 1488 fuit.

1830 1524 1995 1579 Erant
2040 1526 2151 1579 haec
2189 1525 2428 1590 abunde,
2476 1534 2534 1580 ut
2571 1525 2651 1579 vel
2686 1524 2920 1597 lapideas
2963 1530 3170 1577 mentes
3211 1528 3327 1575 stu-

1761 1628 1891 1682 pore
1922 1615 2199 1669 adicerent
2229 1656 2243 1682 ,
2298 1623 2606 1684 certamque
2634 1615 2853 1669 omnino
2885 1613 3122 1667 facerent
3148 1611 3327 1671 (idem,

1761 1704 1961 1759 nullam
2014 1705 2155 1760 Petri
2207 1707 2363 1760 verba
2419 1706 2616 1761 habere
2652 1706 3055 1773 deceptionem;
3084 1702 3177 1757 sed
3205 1715 3331 1753 vere

1765 1794 1930 1849 Deum
1959 1810 2078 1851 cum
2122 1797 2236 1868 ipso
2264 1812 2387 1853 esse
2408 1836 2423 1862 ,
2462 1808 2811 1866 sanctumque
2852 1812 2914 1851 ac
2943 1796 3169 1849 veritate
3226 1792 3328 1846 [ιιι-

1767 1899 1903 1953 tum,
1929 1890 2071 1959 quod
2096 1892 2449 1947 annuntiabat
2475 1900 2894 1951 sacramentum,
2918 1890 3196 1944 exsistere.
3225 1886 3332 1939 Sed

1766 1982 1943 2034 ethoc
1980 1984 2322 2037 attendamus
2353 1996 2629 2038 necessum
2662 1982 2772 2046 sit;
2808 1980 2934 2033 illud
2979 1978 3191 2046 quidem
3236 1991 3333 2044 pu-

1768 2072 1961 2126 niendo
2002 2086 2066 2126 ac
2112 2088 2297 2126 necem
2360 2074 2675 2138 inferendo,
2730 2071 2896 2127 semel
2956 2071 3215 2123 duntaxat
3265 2067 3333 2120 ab

1778 2162 2020 2231 apostolo
2044 2179 2139 2217 usu
2175 2164 2434 2219 suadente
2462 2167 2669 2233 signum
2710 2170 3024 2231 usurpatum
3057 2174 3195 2223 esse,
3227 2172 3334 2226 quo

1770 2256 1855 2319 iis,
1885 2256 1974 2324 qui
2007 2256 2144 2309 mala
2190 2265 2368 2309 essent
2394 2256 2663 2309 voluntate
2682 2294 2697 2319 ,
2727 2254 3020 2322 castigandi
3056 2250 3336 2319 potestatis

1767 2347 2038 2415 specimen
2074 2346 2391 2410 exhiberet;
2434 2345 2694 2401 benellcia
2745 2355 2925 2399 autem
2962 2358 3022 2398 ac
3052 2342 3333 2404 sanitates,

1769 2439 2006 2506 quotidie
2036 2453 2100 2491 ac
2126 2436 2327 2505 iugiter
2377 2438 2688 2505 praestitisse
2721 2457 2733 2492 :
2768 2446 3022 2505 tantaque
3081 2441 3198 2487 erat
3244 2447 3337 2486 cn-

1772 2528 1922 2581 randi
1956 2542 2019 2581 ac
2060 2527 2248 2596 gratia:
2304 2526 2563 2591 facilitas,
2611 2536 2664 2579 ut
2713 2541 2870 2580 nemo
2910 2534 3147 2592 cgrotus
3183 2538 3341 2577 accc.-

1773 2611 1928 2675 dens,
1953 2626 2046 2680 spe
2067 2626 2160 2666 sua
2185 2610 2473 2665 frustratus
2499 2613 2675 2665 abiret
2694 2654 2707 2674 ,
2732 2610 2824 2665 sed
2851 2612 3057 2677 integer
3081 2626 3143 2663 ac
3174 2624 3338 2663 sanus

1772 2702 1986 2757 domum
2035 2711 2416 2757 reverteretur.
2464 2701 2719 2771 Quisquis
2770 2716 2900 2756 vero
2955 2699 3339 2771 Hierosolymis

1771 2792 1991 2847 Petrum
2016 2791 2165 2847 locus
2191 2792 2443 2856 habebat,
2478 2792 2523 2847 is
2548 2790 2823 2846 Christum
2850 2791 3167 2859 loquebatur
3191 2807 3206 2855 ;
3238 2789 3337 2843 ha-

1774 2885 2039 2954 bebatque
2070 2892 2382 2954 sequentem
2424 2885 2763 2938 inlirmorum
2814 2884 3248 2945 multitudinem,
3276 2896 3341 2934 ac

1775 2976 2020 3030 mirabile
2068 2976 2259 3030 diebus
2302 2976 2529 3043 singulis
2567 2976 2883 3044 promiscuae
2923 2974 3091 3044 plebis
3135 2980 3342 3040 specta-

1777 3069 1990 3134 culum;
2028 3069 2365 3138 congregatis
2418 3068 2537 3121 aliis
2587 3065 2885 3137 qnazrenda:
2930 3078 3094 3119 causa
3145 3063 3341 3116 libera-

114 3147 479 3216 άπαλλαγῶσι,
514 3146 625 3200 τῶν
659 3146 749 3213 δὲ,
784 3146 871 3200 ἵνα
901 3146 1027 3210 τοὺς
1056 3145 1522 3218 θεραπυομένους
1560 3146 1676 3200 θεά·
1701 3172 1743 3229 C

1701 3172 1743 3229 ο
1778 3160 1939 3213 tionis
1991 3174 2020 3212 a
2074 3158 2335 3213 malorum
2367 3157 2636 3221 molestia;
2668 3155 2784 3217 aliis
2837 3170 2993 3217 vero,
3038 3162 3097 3206 ut.
3141 3154 3339 3221 imper-

122 3256 322 3293 σωνται.
358 3240 515 3293 Οὕτω
578 3256 661 3292 τοι
704 3240 925 3291 κάκεῖνο
956 3237 1085 3307 περὶ
1116 3237 1211 3289 τοῦ
1286 3238 1578 3291 ἀποστόλου
1610 3238 1672 3290 τὸ

116 3330 413 3399 θαυμαστὸν
458 3329 907 3401 ἀναγέγραπται,
944 3329 971 3382 ὃ
1001 3330 1085 3381 ἐπ’
1135 3328 1309 3383 οὐδενὶ
1355 3330 1462 3382 τῶν
1500 3329 1670 3382 ἄλλων

116 3419 311 3490 ἐλέχθη,
343 3422 426 3473 ὅτι
451 3421 499 3472 οἱ
530 3422 831 3488 συγγενεῖς,
859 3420 952 3472 καὶ
977 3421 1025 3471 οἱ
1056 3419 1164 3471 τῶν
1198 3419 1564 3473 ἀσθενούντων
1594 3420 1672 3471 ol-

118 3514 255 3573 κεῖοι,
285 3511 479 3581 ἐφερον
512 3511 711 3573 αὐτοὺς
744 3511 838 3564 ἐπὶ
870 3510 1066 3563 κλινῶν
1095 3510 1350 3581 δημοσίᾳ,
1379 3511 1481 3563 ἵνα
1508 3509 1672 3576 ἐρχοι

114 3602 280 3669 μένου
308 3603 558 3669 Πέτρου.
584 3598 701 3654 κᾶν
724 3606 763 3669 ἡ
784 3602 928 3655 σκιὰ
954 3600 1279 3668 ἐπισκιάσῃ
1313 3601 1427 3654 τινί
1454 3600 1670 3655 αὐτῶν.

119 3694 270 3747 Τοῦτο
303 3696 403 3765 μὲν
436 3690 528 3747 οὖν
570 3694 763 3764 μεῖζον
800 3694 893 3747 καὶ
940 3693 1048 3746 τῶν
1090 3695 1421 3747 δεσποτικῶν
1466 3694 1676 3765 θαυμα-

126 3784 239 3839 σίωδ
258 3801 271 3814 ⁸
303 3786 398 3839 καὶ
424 3788 451 3838 ὁ
476 3785 658 3848 δοῦλος
681 3786 1004 3855 εὐφημείται
1030 3786 1165 3856 ὑπὲρ
1194 3786 1284 3839 τὸν
1315 3785 1535 3857 Κύριον.
1566 3787 1673 3839 Καὶ

121 3877 245 3945 τάχα
263 3879 321 3930 ἐν
338 3876 512 3948 τούτῳ
530 3876 606 3947 τῷ
629 3878 837 3947 σημείῳ
859 3877 1270 3948 συμπληροῢται
1294 3880 1325 3947 ή
1348 3879 1676 3950 προφητεία,

122 3968 177 4037 ἦν
209 3972 235 4022 ὁ
264 3968 456 4039 Σωτὴρ
487 3968 624 4038 πρὸς
654 3968 780 4030 τοὺς
813 3968 1061 4037 μαθητὰς
1096 3970 1423 4039 ἐποιήσατοο
1478 3968 1674 4038 Ἀμὴν,

122 4059 266 4126 ἀμὴν
310 4058 468 4125 λέγω
502 4058 675 4127 ὑμῖν·
710 4058 773 4111 '0
811 4060 1113 4111 πιστεύων
1158 4061 1244 4124 εἰς
1272 4059 1409 4127 ἐμὲ,
1439 4059 1511 4113 τὰ
1535 4061 1678 4129 ἔργα

124 4147 156 4199 d
178 4148 283 4217 ἐγὼ
314 4146 483 4211 ποιῶ,
540 4146 816 4213 κάκεῖνος
847 4148 1109 4214 ποιήσει.
1156 4148 1253 4202 καὶ
1282 4147 1521 4217 μείζονα
1545 4152 1677 4203 τού-

125 4256 224 4292 των
260 4238 520 4305 ποιήσει.
569 4237 741 4291 Τοῦτο
770 4240 827 4292 δὲ
866 4240 992 4293 ὅταν
1035 4238 1211 4307 λέγω,
1246 4239 1306 4292 οὐ
1364 4239 1454 4293 τὸν
1492 4240 1679 4293 δοῦλον

126 4331 188 4400 τῷ
230 4332 477 4401 Δεσπότῃ
525 4331 817 4400 συγκρίνω.
902 4332 1151 4399 "Andre!
1226 4332 1568 4402 Μαινομένου
1619 4332 1680 4385 τὸ

126 4426 314 4496 νόημα*
361 4424 477 4477 ἀλλ’
524 4423 609 4475 ὅτι
634 4422 723 4475 διὰ
743 4422 851 4476 τῶν
878 4423 1070 4475 ἑαυτοῦ
1104 4422 1451 4491 Θεραπόντων
1476 4422 1507 4474 ὁ
1527 4422 1676 4485 Θεὸς,

1779 3251 1971 3305 tiemlze
2025 3250 2270 3304 sanitatis
2318 3257 2649 3319 spectatores
2706 3255 2909 3301 essent.
2968 3246 3059 3300 Sic
3112 3258 3343 3312 namque

1777 3339 1943 3393 etiam
1991 3338 2119 3393 illud
2152 3339 2398 3393 mirabile
2447 3338 2511 3391 de
2550 3324 2797 3406 apostolo
2840 3335 3201 3402 conscriptum
3240 3342 3344 3396 est,

1779 3430 1844 3483 de
1870 3428 2058 3497 quovis
2087 3430 2192 3482 alio
2218 3430 2512 3499 inauditum
2536 3468 2549 3492 ,
2593 3436 2649 3482 ut
2693 3427 2970 3490 nimirum,
3007 3426 3344 3478 inlirmorum

1780 3521 1991 3587 cognati
2021 3534 2083 3573 ac
2116 3520 2419 3581 domestici,
2450 3520 2657 3585 publice
2696 3532 2789 3573 eos
2826 3520 2875 3571 in
2921 3518 3074 3571 lectis
3112 3531 3345 3584 expone-

1783 3615 1937 3671 rent,
1994 3616 2049 3660 ut
2122 3608 2348 3661 t'eniente
2401 3605 2558 3660 Petro
2617 3608 2801 3659 umbra
2862 3606 3005 3659 illius
3065 3605 3346 3658 obumbra-

1785 3709 1860 3751 ret
1904 3715 2214 3768 quamquam
2261 3698 2469 3751 illorum
2510 3698 2556 3729 ⁸¹
2594 3716 2607 3750 :
2660 3712 2821 3767 porro
2867 3699 2966 3751 hoc
3013 3695 3185 3765 majus
3230 3705 3342 3749 erat

1782 3792 2076 3846 Dominicis
2142 3790 2450 3855 miraculis,
2507 3790 2746 3856 adquue
2815 3804 3001 3842 servus
3060 3786 3346 3842 celebrimi

1783 3899 1891 3953 pra:
1948 3884 2171 3937 Domino
2212 3882 2350 3935 fama
2397 3881 2641 3935 habetur.
2674 3881 2750 3933 Ac
2791 3880 2927 3933 forte
2964 3879 3013 3931 in
3044 3880 3196 3947 signo
3239 3877 3347 3930 isto

1783 3974 2099 4044 completur,
2144 3988 2302 4042 quam
2342 3971 2588 4026 Salvator
2617 3972 2950 4040 prephetiam
2997 3971 3061 4023 ad
3111 3970 3349 4036 discipu-

1784 4064 1864 4118 los
1894 4076 1976 4118 est
2010 4064 2221 4119 loculus
2250 4082 2262 4118 :
2304 4063 2498 4126 Amen,
2535 4079 2685 4115 auten
2714 4063 2831 4114 dico
2862 4062 3034 4125 vobis,
3065 4061 3154 4126 qui
3186 4060 3348 4113 credit

1784 4158 1840 4209 in
1871 4172 1970 4221 me,
1996 4171 2150 4223 opera
2189 4171 2305 4222 qua:
2336 4170 2427 4222 ego
2454 4153 2612 4220 facio,
2643 4164 2688 4204 et
2719 4153 2826 4219 ipse
2856 4152 3033 4219 faciet,
3063 4160 3107 4203 et
3145 4149 3350 4218 majora

1787 4246 1970 4299 [torum
1995 4246 2150 4314 faciet
2182 4245 2246 4298 ⁸⁸.
2280 4244 2410 4298 Cum
2440 4254 2615 4296 autem
2664 4244 2762 4296 hoc
2796 4243 2911 4296 dico
2935 4281 2948 4304 ,
2977 4242 3192 4295 minime
3220 4255 3351 4310 geu-

1787 4338 1916 4390 tium
1955 4351 2167 4391 servum
2217 4351 2336 4389 cum
2376 4334 2598 4389 Domino
2640 4348 2912 4403 comparo.
2969 4332 3228 4400 Apagesis
3263 4330 3347 4383 lu-

1789 4429 1958 4482 rentis
1994 4443 2244 4492 sensum;
2297 4427 2388 4480 sed
2443 4427 2625 4489 Deum,
2683 4425 2781 4493 qui
2822 4439 2917 4492 per
2964 4422 3188 4475 fautulos
3225 4435 3352 4476 suos

126 4516 207 4586 τὴν
234 4515 425 4569 ἑαυτοῦ
454 4514 680 4584 δύναμιν
709 4513 1132 4583 ἐνδεικνύμενος,
1167 4512 1354 4564 οὐδένα
1379 4512 1484 4564 τῶν
1510 4512 1684 4583 μαθη-
1718 4530 1759 4584 ι)
1788 4539 1789 4549 ι

1718 4530 1759 4584 Ι)
1788 4524 2034 4591 potentia)
2075 4536 2184 4572 sua:
2227 4519 2494 4587 Specimen
2541 4518 2663 4571 edat
2693 4556 2707 4580 ,
2766 4516 2967 4569 nullum
3009 4530 3038 4567 e
3073 4514 3350 4580 discipulis

127 4608 235 4671 τῶν,
269 4609 343 4671 ὡς
378 4608 606 4677 Πέτρον,
640 4607 758 4668 ταῖς
790 4603 945 4666 ἰδίαις
973 4604 1198 4673 δωρεαῖς
1227 4602 1680 4673 κατεπλούτησεν·

129 4699 242 4751 ἀλλὰ
267 4702 363 4753 καὶ
388 4701 603 4753 πάντων
627 4699 788 4757 αὐτὸν
813 4696 1142 4766 προύθηκεν,
1166 4694 1384 4764 causa;
1404 4696 1523 4757 ταῖς
1546 4692 1682 4746 ἅνω-

131 4790 205 4844 θεν
228 4793 478 4863 δωρεαῖς·
512 4792 607 4844 καὶ
623 4789 807 4861 ὥσπερ
832 4788 1048 4857 πρῶτος
1073 4786 1337 4857 μαθητὴς,
1362 4784 1454 4837 καὶ
1484 4782 1680 4853 μείζω)

129 4884 218 4935 τῶν
237 4883 482 4951 ἀδελφῶν
509 4882 601 4934 ἐπὶ
626 4882 727 4950 τῆς
753 4880 947 4950 πείρας
971 4878 1077 4930 τῶν
1103 4876 1443 4945 πραγμάτων
1470 4873 1681 4943 ἐδείχθη

130 4975 183 5043 τῇ
207 4973 430 5043 δυνάμει
456 4969 550 5024 τοῦ
582 4968 917 5039 Πνεύματος.
950 4966 1173 5037 Πρῶτος
1201 4964 1404 5033 ἐκλήθη
1427 5004 1441 5026 ,
1470 4962 1564 5015 καὶ
1590 4979 1683 5014 τα-

133 5064 248 5131 χέως
278 5065 556 5133 ὑπήκουσε
576 5076 589 5090 ·
628 5061 764 5131 πρὸς
799 5060 920 5121 τοῖς
940 5056 1205 5127 αίγιαλοῖς
1239 5054 1482 5126 εὑρεθεὶς
1514 5055 1572 5104 ἐν
1608 5052 1684 5120 τῷ

132 5154 417 5223 τιραχώδει
466 5151 560 5203 τοῦ
595 5151 801 5220 κόσμου
847 5146 1059 5219 χωρίῳ,
1097 5148 1123 5197 ὁ
1166 5147 1277 5205 τοῖς
1311 5143 1555 5212 κύμασιν
1598 5141 1684 5193 ἀεὶ

138 5247 213 5314 τῆς
238 5244 588 5317 ἀνθρωπικῆς
624 5241 790 5311 ζάλης
822 5236 1310 5310 περιψοφούμενος,
1344 5232 1685 5287 ἀδιάλειπτον

136 5336 229 5405 εχει
254 5338 352 5407 τὴν
394 5336 603 5405 βοῶσαν
647 5333 773 5402 περὶ
807 5332 904 5393 τὰς
940 5331 1126 5399 ἠϊόνας
1156 5327 1341 5395 εὐχήν.
1380 5325 1599 5396 Πρῶτος
1628 5325 1684 5374 ἐν

139 5425 455 5496 Χριστιανοῖς
500 5424 610 5477 τῶν
652 5423 930 5491 κοσμικῶν
980 5420 1116 5473 ὑλῶν
1150 5418 1555 5487 κατεφρόνησε,
1592 5418 1683 5467 καὶ

137 5517 225 5573 τῶν
250 5521 305 5572 ἐν
345 5520 469 5571 ποσὶ
508 5515 727 5569 πάντων
769 5510 1069 5583 ὑπεριδὼν,
1106 5510 1240 5579 πρὸς
1284 5510 1350 5561 τά
1383 5509 1547 5577 νοητά
1592 5508 1684 5559 καὶ

140 5610 455 5681 ὑπερκόσμια
487 5604 833 5678 μετετάξατο.

195 5810 232 5840 ³⁸
270 5811 393 5878 Lrg.
424 5812 637 5880 ἔχοντα.
720 5809 760 5838 ⁸¹
796 5808 913 5861 Act.
948 5822 997 5873 ν,
1039 5806 1119 5859 l5.
1195 5804 1239 5835 ⁸³
1266 5801 1418 5857 Joatt.
1451 5820 1556 5869 xlv,
1595 5803 1675 5854 l2.

1788 4614 1899 4666 suis
1970 4610 2188 4678 perinde
2233 4623 2295 4661 ac
2347 4606 2564 4661 Petrum
2618 4607 2932 4660 muneribus
2995 4605 3352 4673 locupletasse

1789 4702 2071 4772 pronuntio
2099 4719 2111 4754 :
2137 4700 2265 4769 quin
2300 4699 2545 4769 supernis
2575 4698 2858 4752 sublimem
2882 4696 3129 4751 eﬂ'ectum
3169 4696 3350 4762 donis,

1788 4794 2050 4846 universis
2105 4808 2228 4846 eum
2287 4790 2605 4860 pnetulisse.
2658 4790 2742 4845 Uti
2778 4805 2905 4844 vero
2962 4787 3349 4856 discipulorum

1787 4882 2074 4949 primatum
2105 4888 2281 4945 tenet;
2319 4878 2486 4947 major
2516 4892 2729 4947 quoque
2762 4878 2899 4931 inter
2927 4876 3118 4930 fratres
3169 4890 3349 4928 rerum

1785 4972 2152 5038 experimento
2191 4982 2285 5036 per
2339 4966 2571 5035 Spiritus
2601 4967 2775 5020 sancti
2808 4966 3057 5019 virtutem
3102 4972 3353 5017 ostensus

1785 5066 1885 5110 est.
1924 5055 2135 5109 Primus
2184 5063 2440 5118 vocatus,
2473 5055 2578 5107 cito
2631 5052 2919 5107 obsecutus
2962 5060 3077 5114 est,
3127 5065 3247 5106 cum
3298 5050 3349 5101 in

1786 5146 2002 5209 littore,
2053 5145 2106 5197 in
2147 5142 2325 5195 mundi
2374 5142 2489 5195 loco
2537 5156 2729 5209 aspero
2785 5140 3034 5193 inventus
3088 5148 3251 5192 esset.
3300 5139 3350 5191 Is

1791 5250 2019 5303 namque
2082 5234 2324 5286 humana:
2352 5246 2474 5286 eum
2508 5231 2835 5298 tempestatis
2874 5229 3069 5298 jugiter
3117 5230 3353 5282 circum-

1790 5321 2152 5390 strepentibus
2184 5318 2428 5372 lluctibus
2448 5357 2460 5381 ,
2508 5319 2819 5370 continuum
2850 5317 2991 5369 circa
3021 5316 3199 5368 littora
3229 5329 3354 5381 pro-

1792 5426 1913 5463 cum
1956 5411 2240 5463 clamorem
2278 5424 2340 5461 ac
2374 5416 2490 5460 vota
2529 5406 2707 5459 habet.
2753 5406 2964 5459 Primus
3010 5404 3152 5456 inter
3194 5404 3352 5457 Chri-

1792 5501 1995 5553 stianos
2045 5498 2223 5551 saeculi
2276 5514 2361 5552 res
2401 5496 2632 5565 Sprevit,
2686 5495 3062 5563 despectisque
3107 5493 3357 5547 omnibus

1794 5608 1909 5660 qua:
1934 5592 1985 5644 in
2016 5590 2237 5658 pedibus
2271 5606 2331 5643 ac
2365 5590 2628 5641 mundana
2659 5596 2801 5649 sunt,
2828 5587 3060 5639 studium
3090 5586 3353 5639 animum-

1796 5698 1894 5751 quc
1928 5682 1987 5735 ad
2017 5679 2276 5749 spiritalia
2312 5694 2373 5733 ac
2408 5677 2642 5733 coelestia
2676 5674 2931 5729 traduxit.
