4212 6318
823 383 933 439 275

2106 386 2166 440 S.
2207 384 2483 441 AS'FERll
2526 387 2831 442 AMASENI

3987 390 4081 440 976

897 501 1052 558 Dicat
1103 520 1232 561 vero
1277 506 1417 560 forte
1464 520 1652 559 eorum
1702 504 1927 575 aliquis,
1989 505 2078 572 qui
2119 518 2408 573 pauperem

2583 506 2693 558 Καὶ
2725 507 2887 575 τυχὸν
2936 506 3053 575 ἐρεῖ
3100 523 3180 568 τις
3227 505 3335 559 τῶν
3395 507 3599 574 πένητα
3646 503 3736 556 καὶ
3782 502 3960 572 ἀτανῆ
4001 502 4084 556 τὸν

822 606 990 664 atque
1023 586 1313 652 ohscm‘um
1346 606 1428 651 ter
1451 598 1668 652 beatqu
1711 598 1859 650 illum
1891 595 2165 665 appellare
2192 596 2406 649 solent:

821 689 959 754 Quid
1021 689 1298 742 enimvero
1346 689 1434 744 ille
1489 690 1751 758 reliquit?
1794 687 1909 756 Qua
1960 703 2019 742 se
2066 689 2410 755 possessione

821 776 1133 829 abdicavit?
1200 775 1481 838 Uuiversa,
1538 792 1571 830 o
1616 779 1797 842 homo,
1856 775 2082 836 dimisit.
2143 791 2263 845 qum
2311 778 2409 830 ha-

821 863 960 918 buit.
1018 862 1226 933 Cuique
1284 879 1426 931 vero,
1479 868 1620 935 quod
1673 866 1931 934 possidet,
1982 880 2231 935 magnu'n
2276 875 2405 921 est:

823 954 1079 1024 illudque,
1121 956 1320 1010 divitiae
1354 966 1512 1021 Sunt,
1541 957 1681 1027 quod
1731 956 1904 1010 tenuis
1960 970 2022 1009 ac
2080 972 2283 1025 egenus
2317 957 2410 1009 hu-

822 1046 949 1101 bet.’
992 1046 1194 1102 Similis
1258 1049 1397 1117 apud
1450 1048 1616 1101 Deum
1673 1046 1860 1110 habet,
1917 1056 2030 1100 tum
2080 1048 2170 1115 qui
2220 1063 2410 1102 currus

821 1136 1078 1201 dimittit,
1133 1145 1249 1191 tum
1300 1139 1390 1205 qui
1446 1140 1745 1191 contemnit
1783 1138 2017 1190 asinum.
2073 1137 2225 1204 Quod
2263 1137 2406 1192 enim

819 1222 972 1277 diviti
1016 1225 1169 1293 equis
1236 1234 1471 1293 quatuor
1531 1232 1715 1279 vectus
1767 1239 1986 1286 currus,
2037 1224 2139 1279 hoc
2197 1224 2410 1279 clitellae

821 1314 957 1369 viles
995 1314 1239 1382 pauperi.
1291 1314 1522 1369 Perinde
1570 1323 1748 1369 autem
1790 1315 2143 1384 phil050phus
2165 1324 2266 1379 est,
2295 1325 2407 1368 tum

822 1406 912 1473 qui
959 1414 1272 1475 argenteam
1336 1419 1401 1459 ac
1459 1405 1704 1460 historiis
1758 1406 1908 1458 varie
1969 1405 2273 1458 distinctam
2328 1421 2412 1458 or-

823 1508 1143 1567 natamque.
1186 1508 1296 1551 tum
1339 1497 1429 1565 qui
1470 1496 1706 1566 ligneam
1770 1496 2000 1565 vilisque
2049 1497 2208 1565 pretii
2258 1511 2413 1551 men-

824 1598 939 1643 satn
980 1590 1274 1658 relinquit;
1311 1589 1386 1643 ac'
1415 1588 1693 1651 similiter,
1743 1596 1854 1641 tum
1889 1587 1979 1656 qui
2018 1586 2273 1656 frequens
2309 1589 2410 1641 ho-

824 1680 1061 1735 minibus
1105 1682 1404 1751 oppidum,
1463 1693 1575 1734 tum
1634 1679 1725 1748 qui
1777 1679 2030 1749 exiguum
2082 1680 2406 1734 hortulum:

823 1773 917 1841 qui
957 1785 1161 1827 vestem
1217 1764 1353 1827 auro
1408 1762 1645 1839 textam,
1691 1774 1894 1842 quique
1938 1783 2174 1829 veterem
2214 1790 2277 1828 ac
2315 1779 2410 1829 de—

2511 597 2916 669 τρισμακάριον
2959 598 3165 650 ἐκεῖνον
3228 594 3682 649 ἀποκαλούντων·
3727 593 3792 648 Τί
3836 593 3943 662 γὰρ
3988 593 4087 645 ἀπο

2512 689 2704 757 έθετο;
2751 692 2816 743 Τί
2843 692 2900 745 δὲ
2929 690 3312 760 ἀπεκτήσατο;
3348 686 3533 741 Πάντα
3566 687 3665 738 ὅσα
3690 679 3832 753 εἶχεν
3852 724 3866 748 ,
3918 676 3964 734 ὦ
4003 684 4090 738 ἀν-

2515 781 2702 852 θρωπε
2722 799 2733 813 ·
2769 782 2984 853 ἑκάστῳ
3014 781 3091 845 δὲ,
3114 780 3142 832 ὃ
3171 781 3455 851 κέκτηται.
3484 778 3624 848 μέγα
3646 793 3661 808 ·
3696 769 3916 829 κάκεῖνο
3936 775 4090 827 πλοῦ⁹

2512 888 2624 935 τος,
2654 871 2682 924 ὂ
2717 872 2831 942 ἔχει
2870 873 3157 943 ἀκτήμων.
3187 872 3416 942 Ὀμοιος
3464 868 3616 939 ποιρά
3653 866 3730 937 τῷ
3756 866 3875 938 Θεῷ
3907 866 4086 933 φαίνε-

2511 982 2623 1025 ται,
2666 965 2761 1019 καὶ
2794 965 2823 1016 ὁ
2853 965 2922 1017 τὰ
2949 965 3173 1035 ἅρματα
3201 962 3558 1032 ἀποθέμενος,
3588 962 3683 1015 καὶ
3708 960 3737 1011 6
3764 960 4093 1029 καταφρονή-

2514 1075 2613 1121 σας
2676 1059 2769 1111 τοῦ
2835 1058 2978 1111 ὄνου.
3026 1058 3202 1127 Ὅπερ
3274 1056 3383 1127 γάρ
3430 1057 3545 1108 ἐστι
3608 1054 3684 1122 τῷ
3754 1054 3993 1123 πλουσίῳ
4035 1052 4092 1105 τὸ

2510 1149 2839 1223 τέθριππον,
2885 1150 3043 1202 τοῦτο
3071 1149 3149 1220 τῷ
3164 1150 3356 1219 πένητι
3387 1151 3415 1203 6
3442 1148 3665 1221 εὐτελὴς
3678 1146 4092 1219 κανθήλιος.Φι-

2511 1241 2738 1307 λὸσοφος
2766 1241 2822 1293 δέ
2853 1242 3000 1294 ἐστιν
3035 1240 3256 1311 ὁμοίως,
3291 1241 3385 1294 καὶ
3412 1243 3439 1294 6
3472 1240 3569 1311 τὴν
3594 1240 3841 1311 ἀργυρᾶν
3868 1237 4094 1291 καταλι-

2513 1331 2631 1386 πὼν
2654 1332 2951 1405 τράπεζαν,
2974 1333 3073 1397 τὴν
3096 1334 3215 1395 ταῖς
3238 1331 3504 1403 ἱστορίαις
3526 1329 3976 1399 πεποικιλμένην,
4005 1326 4095 1381 καὶ

2509 1427 2538 1478 ὁ
2567 1426 2667 1495 τὴν
2690 1424 2909 1495 ξυλίνην
2946 1424 3043 1496 τὴν
3074 1424 3303 1476 εὔωνον·
3337 1423 3540 1494 ὁμοίως
3575 1422 3667 1473 καὶ
3712 1423 3738 1473 6
3770 1421 3867 1491 τὴν
3901 1416 4095 1489 κώμην

2511 1518 2609 1586 τὴν
2660 1516 3122 1590 πολυάνθρωπον,
3162 1516 3257 1570 καὶ
3304 1515 3365 1569 τὸ
3409 1514 3604 1586 μικρὸν
3641 1512 3875 1583 κηπίον·
3927 1514 3957 1564 6
4001 1508 4096 1579 τὴν

2514 1607 2719 1679 ἐσθῆτα
2742 1607 2841 1679 τὴν
2868 1608 3265 1678 χρυσόπαστον,
3301 1607 3397 1660 καὶ
3424 1605 3515 1659 τὸν
3544 1602 4000 1674 πεπαλαιωμένον
4028 1618 4099 1671 χι-

2512 1696 2677 1752 τῶνα.
2712 1698 2784 1750 Οὐ
2816 1696 2921 1767 γὰρ
2958 1698 3016 1750 ἐν
3044 1696 3123 1765 τῷ
3148 1695 3344 1767 πλήθει
3375 1694 3470 1748 καὶ
3499 1697 3565 1765 τῇ
3596 1693 3843 1761 ποιότητι
3883 1690 3993 1744 τῶν
4020 1688 4097 1742 6t-

2513 1788 2753 1859 δομένων
2807 1791 2836 1842 6
2897 1788 3030 1852 Θεὸς
3084 1788 3145 1841 τὸ
3191 1786 3537 1858 μεταδοτικὺν
3581 1786 3673 1839 καὶ
3719 1782 4100 1853 φιλάνθρωπον

826 1867 1009 1919 tritam
1065 1866 1326 1922 tunicam.
1376 1864 1493 1921 Non
1548 1868 1689 1923 enim
1737 1857 1879 1923 Deus
1927 1866 2269 1923 multitudine
2319 1877 2411 1921 aut

2518 1848 2709 1949 κρίνει·
2736 1880 2871 1935 ἀλλά
2896 1881 2995 1952 τὴν
3011 1848 3348 1952 ⁷προαίρεσιν
3373 1878 3699 1948 ἀποδέχεται
3722 1848 3815 1929 τοῦ
3841 1848 4097 1936 διδόντος.

823 1956 1086 2025 qualitate
1124 1971 1311 2011 eorum
1369 1973 1490 2028 quae
1568 1960 1787 2024 dantur,
1823 1958 2165 2015 collationem
2200 1958 2409 2027 judicat

825 2062 891 2103 ac
933 2049 1326 2105 humanitatem
1353 2092 1368 2116 ,
1412 2051 1505 2107 sed
1530 2062 1738 2123 gratam
1777 2054 1940 2107 habet
1971 2067 2033 2107 ac
2060 2053 2252 2121 probat
2276 2054 2411 2105 dan-

828 2146 897 2199 tis
934 2143 1286 2199 voluntatem.
1333 2145 1695 2211 Quamobrem
1740 2146 1901 2200 etiam
1936 2145 2294 2214 'Evangelium
2326 2146 2406 2199 vi-

826 2237 987 2291 duam
1054 2237 1199 2290 illam
1237 2237 1311 2290 uti
1355 2239 1582 2306 probam
1625 2238 1989 2306 depra'dicat,
2028 2253 2149 2306 quae
2192 2238 2407 2292 obolum

826 2328 1099 2397 impertita
1134 2336 1311 2392 esset;
1345 2329 1488 2397 quod
1520 2327 1649 2381 nihil
1678 2328 1989 2384 retinuisset
2032 2343 2221 2382 eorum
2291 2344 2410 2398 qua:

826 2418 1063 2473 habebat
1088 2419 1154 2471 ⁸⁸.
1192 2418 1331 2484 Quin
1364 2419 1528 2472 etiam
1552 2460 1568 2485 ,
1611 2419 1701 2488 qui
1746 2434 1901 2489 aqum
1950 2419 2157 2489 frigida:
2184 2418 2408 2474 calicem

827 2510 1165 2579 praebuerit,
1229 2508 1480 2576 expediti'
1562 2523 1749 2562 revera
1828 2508 2113 2577 facilisque
2178 2509 2409 2563 convivii

829 2601 1156 2663 mercedem,
1196 2614 1419 2668 regnum
1448 2611 1771 2670 accepturus
1794 2611 1874 2655 est
1892 2601 1959 2655 ⁸⁵.
1995 2601 2069 2656 Eo
2097 2600 2239 2654 enim
2268 2600 2409 2670 quod

828 2692 1183 2760 suppetebat,
1215 2692 1448 2745 sitientis
1495 2693 1878 2746 necessitatem
1908 2684 2153 2756 curavit;
2198 2691 2409 2745 tametsi

828 2782 939 2834 vini
976 2781 1189 2835 odorati
1231 2796 1295 2836 ac
1340 2782 1591 2851 generosi
1621 2782 1689 2836 ob
1720 2792 2090 2851 paupertatem
2122 2782 2274 2851 copia
2307 2798 2409 2835 non

829 2884 966 2927 erat.
1001 2870 1126 2926 llaec
1161 2887 1325 2942 porro
1358 2888 1455 2941 per
1494 2872 1890 2943 indulgentiam.
1917 2873 2058 2927 dico.
2090 2871 2240 2927 Haud
2265 2874 2409 2928 enim

829 2980 1077 3033 prorsus,
1114 2975 1174 3018 ut
1200 2965 1321 3033 quis
1361 2964 1625 3034 piscator,
1668 2965 1807 3019 idem
1843 2975 2135 3034 et,pauper
2161 2966 2409 3020 exsistat.

829 3056 911 3109 An
965 3056 1147 3108 nescis
1199 3054 1526 3122 piscatorem
1576 3054 1897 3124 margaritas
1945 3055 2212 3123 captare?
2270 3054 2412 3108 Mar-

832 3147 1020 3215 garitze
1049 3155 1253 3208 autem,
1289 3145 1387 3200 llos
1418 3155 1543 3199 sunt
1582 3147 1934 3216 superbarum
1967 3147 2411 3217 excelsarumque

832 3236 1385 3305 divitiarum,quibus
1412 3251 1566 3307 reges
1609 3246 1913 3291 ornantur:
1946 3239 2141 3308 quibus
2178 3238 2407 3303 femina,

832 3344 993 3397 opum
1051 3328 1255 3396 pariter
1316 3344 1379 3383 ac
1446 3338 1671 3383 ornatus
1736 3339 2025 3392 amantes,
2091 3330 2408 3399 gloriantur.

836 3420 1081 3473 Piscator
1119 3434 1411 3489 purpuram
1468 3420 1675 3485 inficit,
1723 3421 2064 3475 decantatam
2125 3422 2297 3488 illam,
2352 3439 2412 3477 ac

835 3511 1049 3578 imperii
1079 3510 1324 3579 insiguiis
1355 3510 1646 3564 addictam.
1677 3510 1984 3565 Piscatores
2032 3511 2304 3567 subﬂavas
2348 3528 2412 3566 ac

833 3603 982 3657 velut
1019 3617 1151 3655 auro
1179 3602 1371 3655 rutilas
1412 3600 1561 3657 lanas
1598 3602 1813 3671 tingunt
1835 3642 1849 3666 ,
1882 3604 2078 3670 quibus
2106 3604 2298 3671 pinnas
2322 3602 2417 3656 lla-

835 3703 931 3741 vas
964 3688 1205 3756 capiunt.
1255 3686 1409 3742 Haud
1451 3704 1582 3758 ergo
1627 3688 1815 3744 eorum
1880 3692 2012 3745 artis
2055 3691 2413 3746 instrumenta

836 3780 1129 3847 spectanda
1185 3778 1293 3831 sint
1346 3786 1600 3847 tanquam
1645 3779 1769 3832 vilia
1802 3794 1866 3833 ac
1898 3790 2242 3848 contempta;
2281 3790 2414 3845 rete,

840 3872 1093 3939 inquam,
1134 3885 1197 3924 ac
1235 3870 1378 3925 hami
1408 3888 1420 3922 :
1449 3886 1515 3924 ex
1567 3886 1632 3925 eo
1690 3881 1871 3926 autem
1936 3873 2076 3941 quod
2137 3883 2411 3937 exercent,

837 3974 1025 4015 eorum
1067 3960 1352 4015 facultates
1384 3964 1626 4015 noveris.
1656 3962 1871 4031 Alioqui
1915 3965 2079 4027 enim,
2118 3964 2248 4017 nihil
2277 3966 2416 4031 agri-

839 4053 1049 4105 cultura
1097 4053 1385 4121 pauperius
1428 4062 1721 4117 occurrat,
1766 4065 1824 4106 ut
1860 4070 1926 4107 ex
1960 4054 2136 4125 ligone
2169 4071 2231 4110 ac
2268 4069 2420 4109 rutro

837 4144 956 4213 ejus
980 4146 1103 4213 quis
1130 4146 1321 4214 probet
1355 4144 1596 4199 divitias.
1638 4144 1743 4200 Sed
1776 4157 1829 4201 et
1859 4148 1893 4201 ii
1930 4148 2019 4216 qui
2053 4162 2231 4215 regem
2268 4149 2416 4201 illum

840 4240 1187 4302 divitiarum,
1250 4253 1441 4290 aurum
1509 4238 1756 4305 fodiunt,
1817 4240 2005 4309 inopes
2066 4250 2248 4294 erunt.
2296 4240 2419 4296 Sola

839 4333 1036 4401 quippe
1089 4331 1233 4385 ascia
1292 4330 1373 4385 eis
1415 4331 1535 4385 usui
1580 4340 1697 4396 est,
1732 4347 1795 4385 ac
1820 4332 1992 4405 lignea
2023 4332 2284 4396 scutella,
2315 4350 2431 4403 qun-

842 4436 1035 4474 aurum
1085 4422 1397 4475 discernant
1428 4436 1457 4475 a
1499 4431 1667 4475 terra.
1694 4420 1931 4474 Taceant
1979 4422 2161 4489 itaque
2197 4423 2423 4493 gentiles

2515 1970 2605 2021 Διὸ
2638 1971 2730 2022 καὶ
2761 1970 2861 2040 τὴν
2894 1971 3071 2041 χήραν
3107 1970 3341 2040 ἐκείνην,
3376 1968 3453 2031 ὡς
3483 1967 3804 2037 εὐγνώμονα
3831 1964 4101 2035 κηρύσσει

2513 2064 2575 2118 τὸ
2603 2064 2957 2133 Εύαγγέλιον,
2995 2065 3094 2130 τὴν
3131 2064 3191 2116 τὸ
3225 2062 3411 2117 ὀϐολὸν
3441 2060 3747 2137 ἐπιδοῦσαν·
3781 2058 3973 2128 ἐπειδὴ
4004 2074 4103 2128 μη-

2515 2154 2602 2208 δὲν
2646 2155 3093 2226 παρακατέσχεν,
3132 2148 3207 2207 ὧν
3250 2150 3383 2224 εἶχε.
3426 2153 3537 2205 Καὶ
3579 2153 3607 2204 6
3653 2150 3715 2202 τὸ
3754 2150 4018 2219 ποτήριον
4049 2147 4101 2197 δὲ

2515 2247 2710 2319 ὀρέξας
2747 2248 2843 2300 τοῦ
2882 2247 3091 2318 ψυχροῦ
3130 2246 3344 2311 ὕδατος,
3382 2244 3644 2315 λαμϐάνει
3675 2241 3865 2313 μισθὸν
3890 2240 3995 2308 τῆς
4020 2238 4100 2291 6v-

2515 2355 2622 2402 τως
2650 2337 2872 2393 εὐκόλου
2904 2339 3227 2404 δεξιώσεως,
3251 2337 3348 2407 τὴν
3375 2336 3671 2407 βασιλείαν.
3697 2328 3771 2405 τῼ
3796 2332 3909 2403 γὰρ
3934 2326 4101 2401 εἶχεν,

2517 2422 2861 2500 ἐθεράπευσε
2880 2429 2976 2483 τοῦ
2992 2430 3255 2500 διψῶντος
3285 2430 3382 2500 τὴν
3415 2428 3628 2499 χρείαν,
3648 2428 3697 2479 εί
3726 2427 3820 2479 καὶ
3855 2426 3933 2495 μὴ
3965 2441 4105 2495 παρ-

2517 2523 2582 2592 ἦν
2612 2522 2759 2591 αὐτῷ
2779 2516 2921 2585 οἶνος
2952 2522 3253 2591 ἀνθοσμίας
3281 2520 3368 2573 διὰ
3406 2519 3621 2572 πενίαν.
3646 2517 3831 2571 Ταῦτα
3877 2516 3936 2569 δὲ
3964 2516 4105 2583 λέγω

2518 2613 2659 2667 κατὰ
2707 2611 3087 2684 συγχώρησιν,
3126 2612 3249 2664 ἐπεὶ
3290 2611 3351 2663 οὐ
3400 2610 3649 2673 πάντως,
3686 2607 3741 2660 εῐ
3767 2624 3849 2669 τις
3897 2605 4103 2667 ἁλιεὺς,

2517 2697 2670 2768 οὗτος
2698 2705 2790 2757 καὶ
2818 2704 3007 2775 πένης.
3041 2704 3155 2757 Οὐκ
3183 2699 3359 2765 οἶδας,
3392 2702 3469 2763 ὡς
3520 2701 3703 2763 ἁλιεὺς
3748 2696 4107 2769 μαργαριτῶν

2519 2794 2635 2846 ἐστι
2666 2792 2937 2865 θηρευτής
2964 2810 2978 2858 ;
3007 2794 3356 2864 Μαργαρῖται
3386 2793 3442 2845 δὲ
3466 2835 3479 2858 ,
3509 2791 3666 2854 ἄνθος
3694 2792 3802 2843 εἰσ)⁸
3834 2789 3933 2842 τοῦ
3970 2788 4105 2856 γαύ-

2522 2901 2617 2955 ρου
2641 2885 2734 2938 καὶ
2761 2883 3066 2954 ὑψαύχενος
3094 2883 3348 2950 πλού-του,
3376 2877 3457 2945 οἷς
3481 2880 3721 2952 βασιλεῖς
3749 2879 4109 2944 κοσμοῦνται,

2518 2969 2599 3038 οἷς
2629 2978 2883 3043 γυναῖκες
2913 2974 3257 3043 φιλόπλουτοι
3295 2975 3388 3027 καὶ
3415 2974 3735 3043 φιλόκοσμοι
3777 2973 4110 3040 ὲπαγάλλον-

2518 3084 2627 3125 ται.
2670 3066 2879 3129 Ἀλιεὺς
2913 3064 3107 3135 βάπτει
3140 3067 3240 3136 τὴν
3275 3054 3569 3135 ἁλουργίδα
3608 3065 3705 3135 τὴν
3734 3063 4109 3134 πολυθρύλλη-

2519 3174 2629 3222 τον,
2668 3156 2763 3211 καὶ
2800 3157 3183 3232 ἀφιερωμένην
3221 3158 3288 3227 τῇ
3317 3155 3592 3228 βασιλείᾳ·
3630 3154 3798 3218 ἁλιεῖς
3838 3154 4111 3224 βάπτουσι

2515 3246 2584 3300 τὰ
2617 3247 2900 3318 ὑπόχρυσα
2925 3245 3241 3316 τῶν-ἐρίων,
3274 3245 3368 3317 τὴν
3402 3245 3601 3316 ξανθὴν
3629 3243 3820 3299 πίνναν
3842 3242 4110 3315 θηρεύον-

2514 3354 2627 3401 τες.
2656 3338 2730 3390 υύ
2760 3338 2940 3390 τοίνυν
2964 3336 3045 3389 δεῖ
3066 3336 3355 3407 προσέχειν
3378 3338 3492 3399 τοῖς
3514 3334 3765 3407 ὀργάνοις
3786 3335 3885 3405 τῆς
3910 3335 4113 3407 τέχνης

2517 3428 2718 3493 αὐτῶν,
2744 3428 2818 3491 ὡς
2849 3426 3074 3490 εὐώνοις
3107 3429 3201 3481 καὶ
3244 3428 3763 3497 εὐκαταφρονήτως,
3800 3426 3877 3495 τῷ
3905 3428 4115 3496 δικτύῳ

2518 3520 2690 3591 φημὶ,
2726 3518 2960 3581 καὶτοῖς
2996 3518 3349 3589 ἀγκίστροις·
3392 3518 3503 3571 ἀλλ’
3536 3518 3734 3589 ὲκτῆς
3776 3518 4113 3588 τελουμένης

2516 3611 2794 3683 ἐργασίας.
2828 3612 2882 3663 αἱ
2917 3610 3163 3681 εὐπορίαι
3197 3610 3701 3680 καταμανθάνονται
3722 3627 3733 3640 ·
3769 3609 3892 3663 ἐπεί
3924 3610 4011 3663 τοί
4042 3627 4102 3678 γε

2518 3704 2636 3755 κατ’
2671 3706 2877 3755 ἐκεῖνον
2906 3702 2995 3755 τὸν
3035 3703 3225 3770 λόγον,
3255 3702 3406 3755 οὐδὲν
3446 3702 3768 3772 πενέστερον
3796 3702 3972 3773 εὕρῃς
4005 3702 4103 3772 τῆς

2517 3796 2813 3867 γεωργίας,
2852 3797 2900 3849 εί
2934 3795 3042 3849 ἀπὸ
3072 3796 3171 3865 τῆς
3211 3794 3462 3866 δικέλλης
3495 3794 3591 3848 καὶ
3627 3796 3722 3865 τῆς
3750 3797 4046 3866 σκαπάνης
4090 3796 4116 3847 6

2520 3884 2749 3947 πλοῦτος
2776 3884 2946 3955 αὐτῆς
2969 3884 3333 3955 δοκιμάζοιτα
3365 3886 3594 3956 Ἀποροι
3624 3885 3680 3937 δὲ
3704 3884 3993 3948 παντελῶς
4024 3884 4117 3938 καὶ

2520 3976 2568 4026 oi
2601 3976 2692 4028 τὸν
2724 3975 2925 4045 χρυσὸν
2958 3975 3366 4047 ἀνορύττοντες,
3410 3976 3500 4029 τὸν
3537 3974 3763 4045 βασιλέα
3811 3973 3905 4028 τοῦ
3945 3975 4115 4028 πλού-

2508 4030 2635 4118 του.
2826 4068 2935 4138 γὰρ
2964 4030 3149 4129 αὐτοῖς
3169 4030 3641 4138 ἀξίνησυνεργεῖ·
3676 4063 3886 4129 ξύλινος
3923 4067 4113 4132 πίναξ,

2522 4158 2549 4209 6
2579 4157 2676 4227 τῆς
2703 4157 2806 4227 γῆς
2839 4158 2930 4210 τὸν
2970 4159 3169 4229 χρυσὸν
3201 4158 3535 4227 ἀποκρίνων.
3572 4156 3892 4226 Σιγάτωσαν
3931 4157 4117 4211 τοίνυν

2524 4247 2728 4300 ἐθνικοὶ
2764 4250 2859 4300 καὶ
2899 4248 3171 4319 Ἑϐραῖοι,
3208 4251 3255 4301 οἱ
3286 4250 3477 4320 Πέτρῳ
3508 4249 3696 4301 πενίαν
3731 4248 4115 4313 ὀνειδίζοντες,

2524 4339 2618 4391 καὶ
2657 4338 2765 4392 ἀπὸ
2798 4339 2890 4391 τοῦ
2927 4340 3120 4404 ἁλιέως
3156 4340 3478 4410 σμικρύνειν
3506 4339 3598 4392 τὸν
3632 4339 3804 4410 μέγαν
3834 4356 3923 4391 πει
3935 4339 4119 4410 pepe—

2526 4448 2635 4485 νοι·
2668 4433 2764 4484 καὶ
2795 4433 3181 4496 καταλιπόντες
3224 4434 3291 4487 τὰ
3331 4430 3557 4486 τοιαῦτα
3590 4432 3997 4503 κομψεύεσθαι,
4035 4434 4120 4485 λε-

846 4510 1195 4580 Hebraeique,
1240 4512 1331 4580 qui
1359 4511 1518 4567 Petro
1540 4520 1915 4600 paupertatem
1944 4514 2277 4582 exprobrant
2305 4554 2319 4577 ,
2343 4522 2414 4567 at-

2528 4522 2773 4591 γέτωσὰν
2811 4540 2899 4592 μοι
2932 4523 3355 4594 πυνθανομένῳ·
3387 4524 3484 4588 Τίς
3514 4524 3737 4586 ἀλιέων,
3772 4522 3803 4592 ἢ
3830 4523 3945 4577 τῶν
3978 4530 4118 4579 πάν-

842 4620 949 4674 que
990 4619 1017 4658 a
1060 4605 1345 4673 piscatoris
1370 4615 1485 4663 arte
1517 4620 1767 4674 magnum
1805 4605 1952 4659 illum
1980 4607 2285 4675 deprimere
2313 4618 2426 4661 teu-

846 4704 980 4749 tant.
1005 4692 1154 4747 Talia
1178 4709 1306 4750 vero
1333 4694 1549 4763 gloriari
1577 4703 1877 4758 cessantes,
1910 4697 2111 4761 dicam,
2132 4712 2285 4766 rogo,
2303 4712 2425 4765 per-

841 4785 1086 4839 conlanti
1146 4785 1279 4838 mihi
1314 4799 1327 4836 :
1362 4784 1625 4850 Quisnam
1678 4785 1935 4853 piscator,
1986 4799 2080 4839 aut
2129 4788 2423 4842 universim

842 4876 1043 4941 homo,
1090 4891 1249 4945 supra
1304 4889 1449 4930 mare
1490 4875 1652 4943 pedes
1686 4875 1950 4930 incessit?
1989 4877 2122 4943 Quis
2160 4894 2320 4948 supra
2352 4880 2424 4935 la-

844 4982 967 5021 cum
995 4976 1225 5021 stantem
1257 4983 1505 5039 gressum
1532 4968 1669 5032 ﬁxit,
1697 4968 1770 5020 uti
1801 4967 1889 5021 ille
1913 4983 2072 5033 supra
2101 4968 2294 5024 lluctus
2315 4972 2427 5041 agi-

848 5068 993 5113 tatos
1030 5058 1249 5111 ventis?
1277 5058 1411 5111 Cum
1439 5058 1581 5112 enim
1620 5057 1765 5113 Deus
1795 5059 1883 5113 ille
1930 5069 2137 5125 noster,
2169 5077 2289 5130 quae
2314 5062 2430 5130 ejus

846 5149 1096 5203 bonitas!
1139 5148 1302 5201 multa
1338 5165 1432 5219 per
1471 5165 1595 5205 suos
1643 5165 1828 5205 servos
1864 5152 2092 5219 patrarit
2142 5155 2427 5218 miracula,

847 5257 967 5296 cum
998 5241 1125 5295 olim
1158 5242 1212 5294 in
1241 5242 1448 5310 repuhl.
1483 5241 1697 5297 lsraelis
1721 5284 1735 5307 ,
1771 5251 1881 5297 tum
1915 5244 2113 5313 quibus
2144 5248 2429 5312 postremis

850 5332 1211 5401 temporibus,
1262 5331 1495 5401 benigna
1558 5333 1859 5387 Salvatoris
1912 5334 2081 5388 nostri
2122 5333 2426 5391 lucarnatio

849 5422 1051 5477 mundo
1097 5420 1340 5476 exhibita
1390 5431 1473 5485 est
1507 5439 1519 5476 :
1551 5422 1728 5478 nullus
1783 5433 1960 5478 tamen
2006 5438 2216 5489 eorum,
2266 5428 2354 5494 qui
2393 5441 2423 5479 a

2520 4630 2628 4665 των
2664 4611 2970 4683 ἀνθρώπων
3000 4613 3261 4678 ἐπέζευσε
3292 4613 3598 4679 θάλασσαν;
3628 4613 3724 4675 Τίς
3751 4612 3963 4683 ἔστησε
3983 4616 4121 4669 πόδα

2522 4703 2663 4756 κατὰ
2695 4702 2890 4774 λίμνης
2917 4704 3180 4773 ἑστώσης,
3205 4704 3281 4768 ὡς
3310 4708 3515 4770 ἐκεῖνος
3542 4704 3683 4759 κατὰ
3711 4705 3976 4774 κυμάτων
4007 4710 4121 4770 τοῖς

2523 4796 2743 4867 ἀνέμοις
2772 4796 3204 4867 τινασσομένων;
3236 4797 3342 4850 Τοῦ
3375 4797 3484 4869 γάρ
3508 4795 3643 4850 Θεοῦ
3668 4795 3826 4868 ἡμῶν
3854 4796 3955 4848 τοῦ
3984 4800 4124 4866 ἀγα-

2525 4884 2642 4949 θοῦ,
2682 4885 2853 4939 πολλὰ
2894 4886 3145 4956 θαύματα
3190 4887 3277 4940 διὰ
3325 4887 3432 4940 τῶν
3471 4886 3689 4941 οἰκείων
3727 4885 3933 4939 δούλων
3968 4886 4123 4940 τελέα

2532 4992 2741 5039 σαντος,
2772 4978 2863 5029 ὲπί
2886 4994 2942 5030 τε
2974 4978 3074 5044 τῆς
3102 4964 3379 5039 πολιτείας
3405 4977 3499 5031 τοῦ
3544 4977 3759 5048 Ἰσραὴλ
3780 4976 3841 5028 τὸ
3861 4978 4120 5047 ἀρχαῖον,

2530 5070 2632 5120 κάν
2665 5071 2777 5131 τοῖς
2809 5068 3035 5139 ὕστερον
3074 5070 3309 5140 χρόνοις,
3354 5072 3411 5123 ὲν
3444 5064 3526 5131 οἷς
3557 5072 3589 5140 ἠ
3625 5068 4013 5139 φιλάνθρωπος
4045 5070 4123 5122 ol-

2531 5158 2760 5229 κονομία
2793 5159 2887 5213 τοῦ
2921 5161 3176 5233 Σωτῆρος
3201 5162 3361 5233 ἡμῶν
3389 5163 3634 5231 ἐπεφάνη
3662 5161 3737 5232 τῷ
3767 5161 3964 5229 κόσμῳ
3987 5177 4002 5191 ·
4034 5162 4127 5214 ού-

2530 5248 2641 5312 δεὶς
2672 5251 2778 5303 τῶν
2828 5251 2885 5317 ἐξ
2944 5253 3119 5323 ἀρχῆς
3167 5256 3247 5318 είς
3297 5254 3449 5317 τέλος
3488 5253 3686 5321 ἁγίων,
3732 5250 3994 5324 τοιαύτην
4036 5253 4123 5305 διὰ

2534 5340 2773 5404 πίστεως
2803 5342 2957 5404 ιδίας,
2995 5344 3089 5395 καὶ
3124 5344 3220 5412 τῆς
3246 5343 3451 5397 ἄνωθεν
3480 5343 3729 5415 χάριτος,
3764 5341 3968 5413 πρᾶξιν
4003 5345 4124 5395 ἑπι-

2530 5433 2744 5487 τελέσαι
2783 5436 3051 5504 φαίνεται.

854 5513 1121 5584 principio
1158 5514 1211 5567 in
1244 5513 1405 5569 ﬁnem
1452 5530 1621 5583 usque
1662 5516 2193 5582 clarueruutsancti,
2236 5519 2341 5577 ﬁde
2376 5538 2471 5578 sua
2514 5541 2577 5581 ac
2616 5544 2847 5597 superna
2892 5529 3061 5596 gratia
3087 5571 3099 5595 ,
3132 5544 3243 5583 rem
3274 5528 3535 5597 ejusmodi
3575 5528 3818 5583 noscitur
3857 5530 4121 5597 gessisse.

930 5804 976 5837 ⁸⁸
1014 5806 1143 5861 Lm.
1184 5826 1295 5871 xxx,
1323 5811 1445 5866 ἐκεί.
1526 5814 1569 5845 ⁸⁵
1600 5813 1788 5869 Matth.
1818 5832 1866 5881 κ,
1898 5817 1985 5871 42.
