4212 6318
187 324 291 375 277

260 442 587 509 θαυμαστὸς
621 445 648 495 6
691 441 955 511 Μωῦσῆς,
996 441 1228 507 πέλαγος
1269 441 1395 493 ἄνευ
1447 440 1646 492 πλοίων
1680 455 1773 490 πε·
1804 442 1843 497 Α

197 528 484 599 ραιωθείς·
526 529 663 583 ἀλλά
692 530 795 599 γῆν
830 528 1140 593 ἐπέζευσεν,
1177 524 1209 602 ᾖ
1241 530 1402 599 νόμος
1447 526 1770 599 ἀνθρώποις,

196 620 347 681 ἐνθεν
376 619 472 673 τοῦ
503 620 695 684 ὓδατος
734 620 1145 684 ἀναστέλλοντος
1184 621 1319 691 πρὸς
1352 621 1558 673 ἑαυτόν.
1586 620 1773 688 Μέγας

196 712 290 763 καὶ
313 714 342 764 6
371 712 582 783 Ἰησοῦς
602 712 831 766 ὀτούτου
860 712 1118 783 διάδοχος.
1138 713 1217 765 ὅτι
1244 712 1333 765 τὸν
1360 711 1627 783 Ἰορδάνην
1643 712 1772 763 ἐπε-

198 802 411 872 ραιώθη
432 843 446 865 ,
474 803 615 875 ὑπὲρ
650 802 750 867 τὰς
780 803 943 873 ὗχθας
972 802 1366 874 πλημμύροντα
1389 819 1402 834 °
1432 804 1545 857 ἀλλ’
1575 802 1774 873 ὁμοίως

194 894 295 962 τῆς
344 892 613 965 Ἐρυθρᾶς
639 893 946 964 θαλάσσης,
991 896 1240 957 κάκεῖνος
1272 892 1512 963 ,διασχὼν
1558 892 1770 955 ἐαυτὸν,

197 984 291 1035 καὶ
317 984 600 1053 ἀνακύψας
626 985 688 1038 τὸ
709 985 943 1058 ῥεῖθρον,
964 986 1129 1039 ἔδωκε
1156 984 1232 1055 τῷ
1259 984 1635 1056 περαιουμένῳ
1661 982 1775 1053 λαῷ

208 1073 415 1142 γυμνὴν
443 1074 542 1143 τὴν
570 1074 743 1146 ξηρὰν
788 1077 867 1137 είς
910 1073 1183 1127 ἐπίϐασιν.
1217 1073 1401 1136 Οὐδεὶς
1430 1072 1487 1125 δέ
1521 1089 1649 1125 ποτε
1687 1074 1774 1125 άνο

196 1165 339 1234 δρῶν
363 1166 507 1218 κατὰ
538 1165 729 1230 ὓδατος
755 1168 942 1238 ἦρεισε
958 1166 1113 1220 πόδα.
1146 1166 1279 1220 Οὐδὲ
1301 1164 1408 1237 γὰρ
1435 1168 1464 1218 6
1489 1165 1649 1234 νόμος
1673 1164 1773 1233 τῆς

198 1254 418 1323 φύσεως
442 1256 819 1327 καταδέχεται,
850 1255 947 1328 τὴν
973 1254 1139 1330 ὀργὰν
1177 1254 1244 1328 [Γ.
1274 1254 1428 1327 ὓλην]
1473 1254 1643 1325 ὑγρὰν
1680 1254 1773 1306 καὶ

196 1345 453 1414 ῥέουσαν,
482 1345 727 1417 ἀντέχειν
756 1346 833 1418 τῷ
865 1347 1068 1419 στερεῷ
1099 1347 1193 1401 καὶ
1221 1346 1481 1409 πιέζοντι.
1523 1348 1680 1398 Δοκεῖ
1716 1343 1771 1397 δέ

200 1452 290 1503 μοι
315 1438 345 1489 6
374 1434 483 1488 τῶν
510 1437 645 1489 ὅλων
668 1437 873 1508 Κύριος
899 1439 993 1492 καὶ
1023 1438 1298 1507 Δεσπότης
1316 1477 1331 1499 ,
1373 1434 1773 1507 ὑπεραγασθεὶς

198 1527 507 1597 τηνικαῦτα
550 1528 649 1599 τὴν
693 1529 1059 1601 ὑπερζέουσαν
1088 1530 1181 1584 τοῦ
1221 1529 1411 1599 ἀνδρὸς
1447 1526 1777 1597 ἐπιθυμίαν,

200 1620 320 1689 μεθ’
358 1618 427 1691 ἧς
466 1622 733 1693 ἐκέκραγε
771 1623 965 1691 λέγων,
996 1623 1304 1678 Κέλευσόν
1333 1640 1409 1693 με
1444 1621 1642 1676 ἐλθεῖν
1672 1620 1770 1673 ἐπὶ

196 1711 305 1765 τοῦ
356 1711 577 1777 ὕδατος
614 1714 762 1781 πρὸς
814 1715 919 1777 σὲ,
983 1714 1171 1785 μισθὸν
1214 1714 1361 1784 αὐτῷ
1415 1713 1512 1782 τῆς
1573 1710 1771 1779 πολλῆς

196 1802 423 1872 ἀγάπης
452 1804 546 1857 καὶ
576 1806 811 1868 πίστεως
834 1846 848 1868 ,
885 1806 1099 1877 ἐκείνην
1132 1804 1313 1860 δοῦναι
1337 1804 1434 1875 τὴν
1458 1803 1649 1874 καινὴν
1679 1802 1771 1854 καὶ

198 1892 503 1962 παράδοξον
530 1894 710 1965 χάριν,
745 1890 813 1966 ἦς
854 1895 1056 1966 Πέτρος
1091 1895 1262 1964 ἐφάνη
1298 1893 1540 1955 δεκτικὸς
1590 1891 1770 1961 μόνος,

198 1984 308 2037 ἀπὸ
336 1985 447 2038 τῶν
481 1986 539 2052 ἐξ
582 1986 753 2057 Ἀδὰμ
779 1988 871 2041 καὶ
904 1988 1063 2058 μέχρι
1092 1986 1276 2049 τέλους
1309 1984 1630 2055 ἀνθρώπων.
1662 1983 1770 2035 Καὶ

208 2074 309 2145 γὰρ
338 2075 545 2145 ἀληθὴς
575 2078 668 2129 καὶ
706 2076 979 2151 ἐξαίρετος
1007 2075 1101 2129 τοῦ
1129 2075 1262 2128 Θεοῦ
1288 2114 1302 2137 ,
1338 2076 1370 2143 ἡ
1394 2073 1496 2142 τῆς
1518 2070 1770 2140 τοιαύτης

202 2167 608 2237 μεγαλουργίας
631 2167 907 2233 ἐπίδειξις,
939 2167 1278 2237 ὑπερέχουσα
1300 2165 1398 2235 τὴν
1423 2162 1523 2233 τῆς
1546 2163 1772 2223 κτίσεως

198 2258 584 2327 ταπεινότητα,
612 2256 794 2320 καθὼς
816 2258 909 2310 καὶ
936 2256 1015 2327 τῷ
1044 2255 1203 2308 Δαϐὶδ
1230 2255 1377 2308 δοκεῖ
1406 2253 1482 2323 τῷ
1515 2252 1771 2323 βελτίστῳ

198 2349 307 2402 τῶν
346 2350 662 2420 προφητῶν.
707 2352 969 2413 Κάκεῖνος
1004 2350 1112 2421 γὰρ
1148 2348 1203 2401 ἕν
1248 2366 1351 2401 τινι
1392 2347 1499 2401 τῶν
1541 2345 1772 2416 ψαλμῶν

200 2440 457 2510 ἀνυμνῶν
481 2442 573 2492 τὸν
595 2441 747 2507 Θεὸν,
784 2442 876 2493 καὶ
898 2441 993 2511 τὴν
1015 2442 1217 2507 ἄφατον
1250 2438 1413 2491 αὑτοῦ
1445 2438 1537 2490 καὶ
1579 2438 1681 2490 ἀπε
1692 2453 1771 2506 ρι-

199 2530 390 2600 νόητον
428 2528 794 2598 ἐξηγούμενος
829 2528 1088 2596 δύναμιν,
1126 2525 1276 2578 ταῦτ’
1322 2520 1500 2588 εἶπεν,
1543 2523 1579 2576 ἃ
1634 2539 1757 2575 συν-

200 2620 349 2689 ᾑθως
384 2619 749 2689 μελῳδοῦντες
772 2617 1104 2690 γνωρίζετε·
1150 2619 1253 2671 Ἑν
1271 2616 1552 2683 θαλάσσῃ
1578 2616 1615 2682 ἡ
1637 2613 1773 2679 ὁδός

200 2730 338 2773 σου.
370 2712 469 2765 καὶ
508 2715 568 2765 al
596 2712 777 2779 τρίΰοι
818 2726 935 2765 σου
962 2712 1031 2764 ἐν
1069 2710 1248 2764 ὕδασι
1277 2707 1547 2773 πολλοῖς,
1581 2705 1775 2761 καὶτὰ

202 2805 346 2871 ιχνη
392 2821 509 2856 σου
549 2805 620 2856 οὐ
647 2790 1076 2870 γνωσθήσεται.
1113 2805 1175 2854 Ὃ
1209 2801 1386 2853 τοίνυν
1415 2796 1559 2870 εἶχεν
1627 2798 1654 2849 6
1686 2800 1776 2849 Δε-

206 2895 415 2963 σπότης
448 2897 505 2947 ἐν
526 2896 637 2957 τοῖς
665 2895 764 2963 τῆς
798 2893 1045 2965 θεότητος
1084 2894 1379 2963 ἐξαιρέτοις
1403 2892 1773 2963 γνωρίσμασι,

210 2986 359 3039 τοῦτο
386 2986 563 3038 κοινὸν
585 2987 875 3055 ἐποιήσατο
904 2985 1035 3057 πρὸς
1062 2986 1151 3038 τὸν
1178 2985 1360 3037 δοῦλον
1377 3024 1390 3049 ,
1418 2983 1565 3049 ἄξιον
1582 2984 1775 3053 κρίνας

209 3078 303 3148 τῆς
331 3077 600 3145 τοσαύτης
630 3076 814 3147 τιμῆς.

273 3170 523 3241 Ζηλωτὸς
548 3169 647 3239 μὲν
682 3164 773 3222 οὖν
808 3170 899 3221 καὶ
938 3169 1109 3239 μέγας
1137 3167 1407 3237 Ἰωάννης,
1432 3168 1523 3219 ἐπὶ
1553 3164 1658 3217 τῶν
1684 3164 1776 3218 τοῦ

207 3262 411 3331 Κυρίου
442 3260 676 3329 στέρνων
705 3258 1110 3327 ἀναπαυόμενος
1130 3275 1141 3287 ⁸
1179 3258 1349 3327 μέγας
1380 3259 1471 3310 καὶ
1505 3251 1775 3321 Ἰάκωϐος,

207 3353 277 3415 lt;
313 3352 427 3413 υἱὸς
459 3348 781 3419 όνομ.ασθε“ις
801 3349 1027 3421 βροντῆς
1045 3366 1057 3378 ·
1082 3349 1330 3419 λαμπρὸς
1365 3351 1420 3401 ἐν
1446 3352 1566 3412 ταῖς
1593 3353 1779 3418 τιμαῖς

207 3443 301 3497 καὶ
325 3444 353 3494 6
377 3442 664 3503 Φίλιππος,
693 3440 767 3502 ὡς
802 3440 957 3511 παρὰ.
982 3438 1075 3491 τοῦ
1108 3439 1427 3508 Πνεύματος
1460 3438 1777 3509 ἁρπασθεὶς,

210 3533 373 3603 ἡνίκα
400 3532 492 3583 τὸν
521 3528 750 3582 Αἰθίοπα
786 3529 918 3600 πρὸς
947 3528 1041 3598 τὴν
1087 3530 1381 3595 ἐπίγνωσιν
1407 3528 1501 3580 τοῦ
1536 3528 1781 3597 Σωτῆρος

207 3622 707 3693 ἐμυσταγώγησενσ
758 3620 871 3673 ἀλλ’
918 3620 1067 3689 ὅμως
1122 3622 1169 3672 οί
1224 3621 1423 3682 πάντες
1483 3619 1780 3689 ὑποχωρεί-

213 3731 383 3767 τωσαν
422 3713 637 3781 Πέτρῳ,
672 3712 767 3762 καὶ
803 3708 1139 3779 δευτερεύειν
1170 3708 1619 3778 ὁμολογείτωσαν,
1654 3708 1781 3760 ὅταν

210 3808 237 3876 i3
271 3804 380 3857 τῶν
429 3800 789 3872 χαρισμάτων
838 3799 1123 3870 σύγκρισις
1177 3798 1443 3869 δοκιμάζῃ
1471 3799 1560 3850 τὸν
1592 3814 1781 3867 προτι-

209 3899 456 3969 μότερον.
518 3893 869 3964 Ἀναθεωρῶν
927 3892 984 3945 δέ
1034 3892 1210 3945 πάντα
1262 3891 1329 3943 τὰ
1391 3890 1511 3943 καθ’
1558 3892 1781 3942 ἕκαστον

210 3990 304 4043 καὶ
337 3986 731 4057 σκοπούμενος,
766 3984 1004 4055 εὑρίσκω
1048 3983 1137 4034 τὸν
1181 3982 1346 4052 ἄνδρα
1389 3982 1575 4033 τοῦτον
1606 3981 1694 4033 ἐπί
1726 3998 1782 4032 τε

211 4080 317 4131 τῶν
347 4077 583 4145 λογικῶν
610 4074 924 4140 διαλέξεων,
955 4073 1048 4126 καὶ
1073 4072 1180 4124 τῶν
1216 4071 1531 4143 πρακτικῶν
1564 4074 1785 4141 ἐνεργη-

211 4172 429 4241 μάτων,
474 4170 677 4239 ὁμοίως
728 4164 1003 4234 πανταχοῦ
1054 4163 1414 4235 προπηδῶντα
1462 4163 1569 4215 τῶν
1611 4164 1783 4217 ἄλλων

212 4260 472 4333 μαθητῶν
507 4261 601 4313 καὶ
636 4257 1111 4329 προεξαλλόμενον,
1140 4257 1232 4308 καὶ
1290 4255 1517 4310 κατόπιν
1558 4256 1784 4321 ἀφιέντα

210 4354 340 4413 τοὺς
364 4350 423 4402 τὸ
451 4350 582 4401 αὐτὸ
610 4347 702 4400 τοῦ
742 4347 853 4415 βίου
886 4346 1096 4399 στάδιον
1127 4346 1433 4417 τρέχοντας.

1085 320 1372 374 IIOMILIA
1406 318 1540 378 VIII.
1586 319 1647 374 IN
1691 320 1789 373 SS.

1880 318 2106 375 i'ITllUM
2144 319 2229 372 ΕΤ
2270 318 2578 375 PAULLI“.
3326 315 3432 371 2'73

1947 438 2208 491 Mirabilis
2232 426 2446 507 quidem
2480 435 2686 507 Moyses
2723 434 2863 490 nullo
2906 434 3117 506 navigio
3163 431 3434 501 trajicieus

1878 547 2023 583 mare
2051 530 2095 561 ⁸⁷
2126 547 2138 583 :
2166 530 2210 584 is
2243 540 2420 583 tamen
2450 538 2593 583 terra
2640 528 2986 598 gradiebatur
3022 527 3097 580 uti
3128 523 3434 578 hominibus

1874 630 2241 689 eotuparatum
2266 631 2348 674 est
2371 661 2385 683 ,
2413 634 2533 673 cum
2564 633 2716 687 aqua:
2740 618 2864 672 hinc
2894 617 3017 672 inde
3052 618 3117 670 ad
3162 628 3221 670 se
3260 627 3433 668 reces-

1874 714 2090 767 sissent.
2118 710 2341 782 Magnus
2377 713 2503 765 item
2529 710 2687 766 Jesus
2711 709 2797 764 ille
2824 710 2937 778 ejus
2968 721 3268 773 successor,
3293 706 3432 774 quod

1873 803 2159 857 .lordanem
2210 816 2370 870 supra
2417 802 2578 855 etiam
2612 801 2755 870 ripas
2791 798 3146 853 exundantem
3183 792 3433 850 transmi-

1875 894 2008 947 serit
2042 894 2089 925 ⁸⁸
2121 912 2133 947 :
2175 906 2361 947 verum
2406 894 2451 946 is
2491 906 2727 962 quoque,
2779 891 2999 961 perinde
3043 905 3105 944 ac
3145 901 3292 943 mare
3317 885 3430 939 Ru-

1877 987 2053 1049 brum,
2084 987 2318 1054 seipsum
2351 987 2616 1051 dividens,
2647 985 2997 1052 iuhihensquc
3015 982 3289 1045 ﬁucntum,
3321 988 3429 1033 ter-

1876 1094 1987 1131 rant
2015 1079 2211 1133 nudam
2243 1077 2639 1132 trausmittenti
2670 1075 2882 1145 populo,
2913 1089 3070 1142 quam
3105 1069 3431 1132 incederent,

1875 1169 2119 1236 praebuit.
2159 1167 2347 1223 Nullus
2374 1182 2504 1222 vero
2543 1182 2771 1235 unquam
2827 1166 3064 1219 virorum
3109 1175 3348 1232 gressum
3378 1158 3430 1211 iu

1873 1275 2007 1329 aqua
2048 1259 2182 1313 ﬁxit.
2223 1259 2330 1314 Nec
2370 1259 2511 1313 enim
2547 1261 2647 1313 hoc
2680 1258 2765 1313 lex
2796 1268 3000 1312 natura:
3037 1254 3215 1317 habet,
3247 1259 3304 1306 ut
3333 1252 3433 1305 Im-

1874 1350 2012 1406 mlda
2065 1351 2330 1421 ﬁuidaque
2361 1352 2657 1406 substantia
2733 1348 2943 1420 corpori
2995 1347 3165 1403 solido
3210 1360 3273 1399 ac
3314 1357 3435 1413 pre-

1873 1444 2036 1498 menti
2062 1444 2298 1498 resistat.
2338 1445 2522 1497 Putem
2556 1459 2704 1508 vero,
2743 1443 3111 1497 universorum
3146 1438 3332 1491 herum
3371 1447 3433 1487 ac

1876 1536 2193 1600 Dominum,
2242 1552 2401 1605 supra
2438 1537 2649 1588 modum
2677 1544 2805 1589 tunc
2840 1532 3203 1603 praefervens,
3242 1539 3434 1581 accen-

1873 1644 2097 1697 sumque
2134 1629 2232 1681 viri
2276 1627 2601 1682 desiderium
2645 1626 2999 1685 admiratum,
3043 1637 3109 1675 ex
3159 1620 3305 1684 cujus
3332 1618 3433 1670 im-

1874 1730 1995 1790 petu
2033 1720 2357 1774 exclamavit
2387 1720 2590 1783 dicens,
2619 1717 2751 1771 lube
2785 1732 2863 1768 me
2896 1714 3064 1767 venire
3096 1712 3163 1763 ad
3204 1718 3254 1761 te
3283 1722 3436 1775 super

1878 1809 2156 1877 nquam”,
2204 1819 2366 1864 tanta:
2411 1809 2555 1865 illius
2609 1806 2913 1862 dilectionis
2957 1818 3018 1857 ac
3055 1801 3173 1855 ﬁdei
3220 1796 3432 1858 merito,

1880 1918 2069 1955 novam
2121 1902 2266 1956 illam
2323 1917 2385 1954 ac
2435 1900 2736 1954 mirabilem
2795 1897 3020 1968 gratiam
3080 1889 3430 1951 concessisse,

1878 1994 2030 2063 cnjus
2060 1992 2249 2047 Petrus
2279 1993 2427 2047 solus
2458 1992 2606 2046 visus
2652 1998 2731 2044 est
2767 2001 2964 2056 capax,
2993 1985 3137 2038 omni
3168 1990 3313 2035 retro
3340 1980 3437 2033 ho-

1881 2086 2081 2140 minum
2128 2085 2474 2141 successione
2518 2084 2584 2136 ab
2630 2082 2835 2135 Adamo
2873 2078 2937 2130 ad
2981 2090 3151 2144 usque
3202 2070 3434 2127 novissi-

1881 2192 2042 2230 mum.
2089 2174 2226 2229 Vera
2269 2175 2530 2243 siquidem
2582 2190 2645 2229 ac
2695 2169 2976 2241 peculiaris
3029 2166 3145 2228 Dei,
3193 2160 3435 2217 miraculi

1877 2267 2204 2334 ejuscemodi
2253 2267 2534 2330 exhibitio,
2586 2272 2782 2320 creatae
2826 2260 3178 2331 abjc‘ctionem
3234 2264 3439 2308 nature.-

1880 2361 2199 2413 immensum
2224 2371 2511 2426 superans,
2535 2353 2985 2424 quemadmodum
3009 2350 3171 2404 etiam
3208 2346 3439 2414 prophe-

1882 2462 2053 2503 larunt
2087 2450 2292 2517 optimo
2322 2448 2505 2502 Davidi
2531 2446 2701 2501 visunt
2740 2454 2840 2499 est.
2882 2442 3012 2496 Nam
3041 2451 3094 2494 et
3117 2440 3205 2494 ille
3232 2439 3284 2491 in
3307 2451 3440 2503 quo-

1881 2544 1997 2595 dam
2063 2542 2271 2611 psalmo
2332 2542 2495 2595 Deum
2558 2540 2815 2602 laudans,
2877 2537 3129 2603 ejusque,
3194 2542 3440 2585 sermone

1880 2631 2023 2685 omni
2068 2646 2131 2684 ac
2166 2630 2398 2700 cogitatu
2424 2628 2677 2694 majorem
2713 2626 3313 2695 potentiam'euarrans,
3339 2620 3437 2671 ista
3467 2635 3472 2640 ·

1880 2723 2033 2784 dixit,
2059 2737 2177 2790 qua:
2201 2735 2299 2790 pro
2328 2734 2478 2773 more
2509 2717 2849 2773 modulantes
2877 2714 3028 2768 scitis
3058 2731 3070 2765 :
3103 2711 3169 2765 In
3202 2710 3336 2763 mari
3364 2708 3442 2761 ria

1880 2826 1988 2874 tua,
2024 2823 2068 2865 et
2099 2812 2296 2865 semita:
2341 2820 2445 2863 tute
2485 2811 2537 2862 in
2568 2808 2713 2876 aquis
2752 2805 2929 2859 multis
2953 2846 2969 2869 ,
3014 2813 3061 2858 et
3086 2802 3323 2869 rrestigia
3351 2810 3440 2851 tua

1881 2919 1982 2955 non
2012 2908 2387 2970 cognoscentur
2409 2899 2474 2949 ὀ.
2502 2897 2652 2963 Quod
2694 2898 2869 2963 itaque
2897 2893 3155 2947 Dominus
3188 2891 3240 2942 in
3273 2888 3439 2942 deita-

1884 2994 1950 3046 lis
1994 2991 2293 3046 rationibus
2338 2989 2571 3067 propriis
2608 2988 2828 3051 habuit,
2854 2986 2957 3040 hoc
2986 2999 3105 3039 cum
3131 2996 3320 3044 servo,
3350 2980 3439 3033 tali

1884 3083 2108 3149 dignaus
2141 3082 2364 3143 honore,
2391 3093 2678 3134 cumtnttne
2712 3077 2857 3131 fecit.

1953 3171 2144 3224 Beatus
2172 3170 2389 3239 quidem
2418 3183 2641 3237 magnus
2665 3166 2917 3230 Joannes,
2948 3163 3036 3232 qui
3065 3175 3225 3230 supra
3255 3168 3440 3229 pectus

1890 3263 2098 3318 Domini
2127 3261 2388 3330 requievit
2413 3261 2481 3323 ἰς
2507 3272 2730 3323 magnus
2747 3268 2957 3323 quoque
2974 3252 3221 3313 Iacobus,
3248 3249 3439 3317 quippe

1882 3357 1969 3424 qui
2002 3354 2220 3407 tonitrui
2263 3352 2402 3407 ﬁlius
2437 3350 2735 3419 appellatus
2774 3348 2844 3400 sit
2874 3346 2954 3411 ⁹²;
2995 3341 3283 3413 praeclarus
3314 3340 3438 3393 item

1884 3447 2297 3501 honestantibus
2342 3446 2513 3511 ipsum
2555 3441 2850 3494 honoribus
2889 3438 3199 3505 Philippus,
3240 3442 3299 3486 ut
3351 3433 3441 3500 qui

1886 3549 2067 3605 raptus
2103 3537 2260 3590 fuerit
2304 3552 2331 3588 ιι
2368 3534 2605 3602 Spiritu,
2646 3547 2764 3585 cum
2800 3528 3109 3595 jEtbiopem
3147 3524 3441 3578 Salvatoris

1884 3626 2124 3679 notitiam
2153 3627 2335 3678 docuit
2354 3625 2434 3689 υς
2463 3637 2653 3677 omnes
2680 3620 3024 3674 nihilominus
3049 3618 3205 3672 Petro
3227 3617 3440 3677 cedant,

1884 3734 2049 3787 seque
2085 3719 2360 3772 fateantur
2393 3715 2677 3777 secundos,
2709 3715 2750 3767 si
2787 3713 2944 3765 modo
2975 3710 3265 3779 gratiarum
3298 3723 3445 3762 cont-

1885 3811 2091 3877 paratio
2127 3809 2350 3862 honoris
2402 3806 2769 3875 praelationem
2806 3802 3129 3869 probaverit.
3186 3799 3444 3853 Universa

1885 3916 2017 3955 sane
2048 3899 2320 3968 sigillatim
2369 3897 2740 3965 contemplans
2772 3906 2931 3963 atque
2963 3893 3333 3956 considerans,
3365 3892 3445 3941 vi-

1888 4009 2013 4055 rum
2050 3993 2190 4045 hunc
2234 3988 2577 4057 deprehendo
2612 4002 2732 4041 cum
2768 3986 2819 4039 in
2860 4000 3168 4039 sermonum
3205 3982 3439 4051 disputa-

1890 4083 2147 4142 tionibus,
2191 4093 2299 4135 tum
2334 4082 2386 4134 iu
2424 4094 2643 4147 Operum
2680 4078 3004 4147 patratione,
3032 4077 3227 4145 ubique
3259 4074 3442 4127 simili-

1886 4185 1968 4228 ter
2036 4173 2239 4241 reliquo
2291 4170 2673 4239 discipulorum
2730 4170 2897 4223 cboro
2951 4167 3326 4236 praesilieutem
3385 4181 3446 4219 ac

1887 4268 2307 4333 prmsultantem,
2331 4264 2581 4329 idemque
2600 4261 2720 4313 vita:
2740 4260 2968 4315 stadium
3008 4266 3286 4313 currentes
3310 4273 3448 4326 pone

1892 4355 2301 4417 relinquentem.

300 4439 638 4512 Ἐρωτῶντος
680 4438 788 4508 γάρ
823 4454 950 4489 ποτε
989 4436 1081 4489 τοῦ
1129 4436 1333 4506 Κυρίου
1382 4438 1506 4500 τοὺς
1546 4437 1780 4501 δώδεκα,

1960 4440 2321 4493 Percontante
2355 4439 2499 4491 enim
2537 4440 2857 4506 quandoque
2891 4437 3113 4490 Domino
3141 4453 3203 4490 ex
3241 4437 3444 4490 duode-

214 4536 311 4590 καὶ
354 4533 657 4606 ἀπόπειραν
697 4531 1038 4602 ποιουμένου,
1088 4531 1234 4594 ὅπως
1283 4530 1463 4600 ἔχουσι
1509 4530 1783 4600 πληροφοα

218 4624 343 4696 ρίας
386 4623 480 4675 καὶ
527 4620 753 4691 γνώμης
800 4621 931 4689 περὶ
980 4619 1080 4687 τῆς
1116 4622 1194 4682 είς
1234 4620 1392 4671 αὐτὸν
1433 4619 1779 4689 ὑπολήψεως,

215 4716 315 4770 καὶ
352 4714 664 4767 κελεύουσιν
687 4714 733 4745 ⁸⁸
764 4713 948 4784 σαφῶς
976 4714 1168 4775 εἰπεῖν,
1203 4711 1322 4763 τίνα
1352 4712 1595 4778 λέγουσιν
1626 4712 1786 4763 αὐτὸν

216 4802 391 4859 εἶναι·
429 4805 540 4858 τῶν
581 4805 754 4859 ἄλλων
807 4806 1063 4858 ἁπάντων
1113 4803 1381 4873 σιωπῆσαι
1430 4803 1783 4873 βουλομένων,

218 4901 317 4955 καὶ
346 4900 731 4972 βραδυνόντων,
764 4899 858 4952 καὶ
902 4897 1245 4961 δεικνύντων,
1276 4898 1348 4960 ὡς
1381 4896 1469 4949 διά
1495 4914 1636 4959 τινος
1669 4898 1787 4949 ἐπι-

222 4988 491 5057 σκέψεως.
521 4988 620 5059 τὴν
640 4988 958 5057 ἀπόκρισιν·
998 4984 1212 5048 ἀνοίξας
1253 4985 1313 5036 τὸ
1363 4982 1535 5053 στόμα
1580 4983 1785 5053 ταχέως

217 5083 247 5134 6
278 5080 379 5131 τὸν
412 5078 661 5148 ζώπυρον
701 5080 793 5131 ἐπὶ
832 5077 932 5145 τῆς
969 5076 1145 5146 ψυχῆς
1194 5075 1373 5145 φέρων
1403 5075 1503 5143 τῆς
1558 5074 1787 5135 πίστεως

219 5170 496 5240 ἄνθρακα,
548 5163 592 5236 ᾧ
643 5170 737 5220 καὶ
786 5168 1013 5230 Ἡσαΐας
1073 5167 1333 5235 πρότερον
1385 5164 1657 5233 ἐκαθάρθη
1723 5165 1789 5217 τά

220 5261 413 5331 χείλη,
462 5262 561 5331 τὴν
630 5260 905 5330 μακαρίαν
970 5259 1182 5327 ἐκείνην
1216 5256 1328 5325 ,καὶ
1383 5256 1528 5324 σαφῆ
1577 5254 1788 5324 ἀληθῶς

225 5355 388 5425 ῥῆσιν
419 5351 841 5421 καθωμολόγησε
861 5367 872 5379 ·
909 5350 1004 5404 Σὺ.
1024 5345 1083 5405 εἷ
1104 5352 1135 5403 ὁ
1166 5345 1417 5413 Χριστὸς
1448 5350 1479 5399 ό
1524 5346 1654 5412 Υἱὸς
1684 5346 1788 5399 τοῦ

224 5443 379 5499 Θεοῦ
416 5444 521 5497 τοῦ
555 5443 786 5507 ζῶντος.
817 5440 951 5494 Τίνα
981 5441 1045 5495 ἀν
1077 5457 1161 5503 τις
1210 5440 1340 5510 πρὸς
1370 5437 1526 5503 ἀξίαν
1553 5436 1661 5489 τῶν
1707 5436 1790 5489 λό-

913 5648 956 5679 ⁸⁷
988 5646 1153 5700 Exod.
1196 5660 1305 5706 xw,
1334 5645 1421 5696 2|.

1130 5712 1184 5746 "3
1225 5717 1344 5765 Art.
1382 5730 1493 5775 \‘lll,
1526 5714 1610 5766 59.

301 5650 349 5677 "
387 5651 470 5703 ῖσ.
506 5649 839 5711 κελεύοντος.

227 5735 354 5779 xm,
385 5721 470 5774 25.
552 5721 596 5751 "
635 5718 817 5773 Matth.
859 5736 940 5773 ιιι.
979 5718 1064 5770 l7.

1498 5645 1541 5675 ⁸⁸
1570 5643 1677 5699 Jus.
1723 5660 1802 5696 ιιι.
1842 5645 1923 5696 16.
1985 5643 2028 5673 ⁸³
2058 5642 2239 5694 Matth.
2270 5658 2375 5695 ιιιν.
2404 5641 2491 5695 28.

1526 5714 1610 5765 59.
1714 5715 1756 5744 “
1802 5713 1981 5765 Matth.
2019 5727 2124 5765 XVI.
2162 5711 2239 5763 lﬁ.
2484 5744 2485 5747 η

1802 5727 1981 5766 Matth.
2019 5727 2124 5773 xvt,
2162 5727 2239 5763 to.
2484 5744 2485 5747 η

1889 4530 2012 4590 eim,
2049 4546 2110 4580 ac
2147 4526 2383 4594 periculo
2416 4527 2694 4591 probante,
2727 4536 2784 4578 ut
2814 4526 2886 4579 illi
2913 4527 2978 4579 de
3011 4527 3124 4593 ipso
3155 4525 3447 4593 opinionis,

1890 4621 2051 4687 inque
2085 4634 2145 4672 ea
2184 4618 2524 4671 certitudinis
2547 4627 2705 4685 atque
2728 4616 2890 4670 animi
2922 4617 3220 4681 haberent;
3250 4616 3444 4686 juben-

1891 4720 2048 4777 teque
2084 4719 2140 4760 ut
2179 4706 2324 4762 clare
2357 4708 2647 4770 edicerent,
2682 4721 2843 4776 quem
2871 4721 2990 4761 eum
3027 4706 3295 4771 dicereut;
3325 4719 3444 4758 cum

1891 4814 2078 4851 omnes
2122 4799 2310 4866 reliqui
2350 4798 2546 4853 vellent
2588 4808 2770 4852 tacere
2804 4813 2868 4852 ac
2903 4792 3309 4858 cunctarentur,
3346 4810 3436 4862 pa-

1893 4893 2103 4963 lamque
2135 4893 2448 4961 praeferrent
2483 4891 2749 4961 parturire
2784 4888 2977 4942 animis
3011 4886 3185 4952 aliqua
3219 4886 3446 4938 medita-

1897 4982 2038 5034 tione
2074 4982 2199 5051 quid
2255 4981 2559 5049 responsuri
2610 4990 2814 5044 essent,
2854 4978 3032 5031 statim
3070 4976 3317 5043 aperiens
3362 4987 3443 5033 os,

1894 5075 1985 5142 qui
2020 5078 2193 5126 vivunt
2222 5087 2615 5141 accensumque
2642 5072 2762 5124 ﬁdei
2793 5070 3079 5124 carbonem
3107 5067 3286 5120 animo
3312 5065 3445 5119 ferc—

1897 5167 2010 5230 bat,
2042 5181 2145 5231 quo
2178 5175 2232 5219 et
2267 5166 2415 5232 prius
2447 5164 2597 5217 Isaiae
2623 5164 2760 5216 labia
2785 5161 3034 5214 mundata
3061 5157 3304 5219 fuissent,
3333 5155 3444 5209 bea-

1898 5266 2003 5308 tam
2065 5257 2209 5309 illam
2266 5271 2327 5309 ac
2378 5256 2536 5324 plane
2584 5254 2919 5325 perspicuam
2974 5250 3231 5318 praeclare
3285 5248 3443 5303 edidit

1897 5347 2295 5401 confessionem
2344 5365 2357 5401 :
2410 5346 2487 5399 Tu
2524 5364 2575 5401 es
2610 5345 2849 5400 Christus
2894 5342 3069 5403 Filius
3110 5340 3204 5395 Dei
3251 5339 3348 5393 vivi
3380 5339 3446 5389 “.

1901 5439 2150 5501 Qluenatn
2184 5440 2305 5508 quis
2339 5453 2435 5507 pro
2467 5439 2655 5493 borum
2695 5436 2954 5505 dignitate
2993 5434 3299 5494 verborum,
3336 5430 3446 5483 ido-

2568 5641 2612 5670 ’°
2651 5640 2789 5692 I‘sal.
2821 5653 2998 5697 Lxxu,
3029 5637 3115 5689 “20.
3214 5636 3251 5665 ³³
3293 5632 3440 5688 Joau.
