4212 6318
751 304 859 361 279

2028 309 2086 364 S.
2129 306 2400 363 ASTElill
2441 308 2743 367 AMASENI

3900 323 3999 377 9κο

748 438 882 478 nens
915 421 1134 476 maximi
1170 421 1536 490 apostolorum
1585 422 1854 493 interpres
1886 420 2129 489 eﬁectus,
2159 423 2327 477 demi-

2454 443 2543 479 ’ων
2584 428 2787 481 τούτων
2831 429 3181 501 θαυμάσειεν,
3232 434 3542 499 ἀξιόπιστος
3586 434 3873 504 γενόμενος
3918 438 4000 505 ἑρ-

750 516 857 566 rari
889 513 1099 583 possit?
1130 510 1321 567 Videte
1345 513 1491 567 enim
1527 515 1759 584 primum
1794 523 1851 567 ut
1881 513 1949 567 sit
1982 529 2162 568 sermo
2192 514 2323 567 nihil

750 605 1053 673 superlluus
1084 620 1147 659 ac
1174 605 1377 670 brevis,
1409 622 1704 675 paucarum
1734 606 2030 660 dictionum
2058 606 2326 660 exclama-

752 696 920 760 tione,
958 711 1140 749 rerum
1178 697 1655 752 innumerabilium
1699 712 2124 766 magnarumque
2154 698 2324 751 virtu-

752 798 859 842 tem
911 804 1212 855 exponens.
1266 789 1456 845 Omnis
1511 791 1709 860 quippe
1761 789 1852 844 hic
1908 790 2032 843 talis
2089 789 2325 859 optimus

749 897 948 943 sermo,
965 882 1119 951 cujus
1139 892 1223 937 est
1248 882 1443 937 decens
1466 882 1686 947 locutio,
1716 897 1815 936 nec
1839 882 2145 935 redundans
2167 897 2327 935 sensu

750 976 876 1030 exili
924 991 988 1030 ac
1025 976 1272 1041 modico;
1309 985 1498 1029 contra
1542 990 1693 1041 vero,
1730 974 1822 1043 qui
1860 975 2145 1029 verborum
2179 974 2328 1027 brevi

752 1075 1011 1119 contextu
1056 1066 1221 1119 multa
1264 1066 1554 1137 signiﬁcet,
1587 1066 1653 1120 ad
1690 1066 1867 1120 instar
1905 1066 2057 1136 grani
2093 1065 2329 1133 sinapis;

751 1158 893 1225 quod
928 1160 1167 1227 quidem,
1195 1167 1251 1212 ut
1283 1160 1530 1213 manibus
1564 1168 1752 1214 teneas
1790 1168 2130 1228 spectesque,
2168 1158 2330 1211 mini-

754 1265 898 1301 mum
944 1259 1068 1312 est,
1112 1259 1169 1303 ut
1205 1258 1382 1303 autem
1425 1250 1504 1305 ori
1541 1265 1604 1304 ac
1642 1250 1838 1320 lingua:
1867 1252 2192 1314 admoveas,
2236 1268 2332 1321 gu-

753 1350 995 1407 stesque,
1030 1340 1228 1394 animal
1261 1349 1434 1395 totum
1463 1358 1489 1393 a
1526 1342 1751 1409 pedibus
1783 1344 1845 1395 ad
1878 1353 2041 1409 caput
2074 1344 2139 1395 ad
2176 1358 2330 1397 suum

756 1434 923 1487 trahit
945 1433 1202 1488 calorem.
1230 1433 1308 1487 Tu
1334 1452 1387 1489 es
1428 1434 1668 1489 Christus
1712 1433 1891 1489 Filius
1914 1434 2007 1489 Dei
2032 1437 2157 1490 vivi.
2188 1435 2335 1489 Unus

756 1528 845 1581 hic
878 1543 1058 1581 sermo
1105 1529 1171 1582 ad
1212 1529 1302 1583 Dei
1348 1544 1412 1583 ac
1441 1526 1741 1584 Salvatoris
1790 1528 1960 1583 nostri
2005 1528 2332 1596 agnitionem

754 1621 1065 1682 conferens,
1096 1620 1203 1675 duo
1242 1622 1359 1675 lucc
1407 1621 1761 1691 intelligentia
1804 1622 2025 1690 respicit
2068 1635 2133 1674 ac
2174 1633 2333 1675 sensu

756 1710 919 1765 habet
950 1730 963 1764 :
997 1727 1169 1765 unum
1210 1713 1427 1781 quidem
1459 1713 1601 1782 quod
1634 1713 1700 1767 ad
1731 1714 1961 1781 primam
1986 1720 2191 1782 spectat
2220 1713 2334 1767 dei-

760 1799 885 1853 tatis
914 1801 1347 1869 generationem,
1383 1817 1577 1871 nempe
1627 1802 1860 1858 Verbum
1893 1804 2035 1871 quod
2086 1804 2138 1856 in
2183 1804 2334 1871 priu-
2371 1791 2411 1844 Β

755 1892 896 1959 tzipio
928 1907 1141 1960 semper
1175 1903 1276 1959 est,
1307 1902 1361 1949 et
1390 1905 1473 1948 est
1520 1896 1659 1961 apud
1693 1896 1929 1957 Patrem,
1961 1910 2025 1949 ac
2062 1896 2202 1949 Deus
2230 1906 2333 1960 est,

759 1982 833 2035 uti
873 1996 969 2035 nos
1005 1998 1233 2051 magnus
1266 1980 1503 2037 Joannes
1544 1983 1634 2037 ille
1676 1984 1955 2054 theologus
2004 1984 2207 2048 docuit,
2238 2000 2334 2037 cett

757 2074 982 2142 spongia
1013 2073 1257 2142 quaedam
1287 2072 1561 2144 Unigeniti
1594 2090 1659 2130 ac
1691 2076 1972 2131 Dominico
2003 2076 2208 2143 pectori
2237 2076 2337 2129 ad-

763 2164 965 2231 jacens,
1000 2180 1063 2219 ac
1098 2166 1223 2220 inde
1250 2167 1480 2222 occultae
1515 2168 1801 2236 sapientia:
1832 2169 2198 2236 cognitionem
2231 2179 2341 2221 tra-

765 2256 923 2322 hens,
974 2260 1201 2311 alterum
1244 2274 1372 2311 vero
1426 2259 1568 2327 quod
1624 2260 1691 2313 ad
1741 2259 1923 2312 carnis
1957 2259 2338 2321 oeconomiam,

762 2366 924 2418 quam
956 2350 1126 2404 bonus
1160 2351 1297 2405 Deus
1326 2352 1647 2419 aSsumpsit,
1678 2358 1875 2404 nostra:
1898 2365 1957 2404 se
1986 2350 2341 2404 imbecillitati

768 2442 1055 2497 inclinans.
1110 2442 1303 2510 Opera:
1351 2443 1583 2511 pretium
1630 2457 1760 2512 ergo
1812 2444 1883 2496 sit
1939 2442 2342 2510 responsionem

767 2534 1148 2603 contemplari,
1204 2544 1261 2586 ut
1310 2534 1457 2587 hrevi
1495 2549 1749 2588 sermone
1794 2550 1858 2588 ac
1902 2534 2091 2603 paucis
2144 2536 2343 2599 verbis,

765 2627 1005 2679 onmium
1026 2635 1279 2680 accurate
1308 2624 1634 2679 intellectura
1664 2626 1849 2695 paucis
1868 2626 2245 2692 declaraverit,
2264 2636 2347 2679 at-

770 2734 877 2787 que
906 2718 972 2771 ab
1006 2718 1354 2772 inferioribus
1388 2718 1550 2773 ducto
1582 2720 1809 2772 exordio
1837 2719 1900 2771 ad
1935 2719 2184 2773 sublimia
2214 2734 2349 2789 quo.

773 2826 877 2879 que
901 2809 1177 2880 sigillatim
1208 2810 1447 2863 animum
1482 2811 1813 2865 subvexerit.

847 2992 924 3046 Tu
964 3009 1017 3046 es
1054 2992 1312 3047 Christus.
1348 2990 1453 3045 Isto
1486 2991 1845 3046 oeconomiam
1877 2991 2136 3057 declarat,
2173 3008 2236 3047 ac
2261 2993 2352 3046 Dei

778 3088 830 3139 in
860 3100 1025 3140 carne
1053 3085 1446 3153 apparitionem
1477 3083 1754 3138 edisserit.
1791 3081 1901 3139 Nec
1928 3084 2073 3137 enim
2106 3085 2355 3140 Christus

782 3191 981 3231 nomen
1012 3188 1094 3229 est
1130 3175 1454 3244 prrezeterni,
1484 3177 1578 3228 sed
1606 3176 1977 3244 ungendorum
2014 3176 2201 3246 gratia:
2228 3177 2360 3228 indi-

779 3270 945 3323 catio.
988 3268 1347 3335 Quamobrem
1395 3268 1561 3321 etiam
1604 3268 1864 3322 Dominus
1906 3278 2094 3322 noster
2141 3285 2263 3322 cum
2307 3269 2359 3321 id

780 3362 1001 3413 υιιιιιὶιιο
1038 3358 1362 3427 susceperit,
1406 3369 1462 3412 ut
1509 3360 1673 3413 homo
1714 3358 1886 3425 ﬁeret,
1924 3360 2137 3430 aliaque
2180 3363 2359 3414 omnia

788 3454 1088 3520 spectantia
1126 3453 1191 3503 ad
1226 3466 1471 3515 carnem,
1505 3466 1611 3504 una
1645 3466 1861 3521 quoque
1900 3452 2129 3521 suscipit
2168 3460 2224 3505 ut
2264 3467 2364 3520 ap-

784 3546 1014 3614 pelletur
1053 3544 1323 3607 Christus,
1362 3552 1618 3614 tanquam
1651 3544 1904 3599 inunctus
1932 3544 1983 3597 in
2020 3559 2220 3613 regem,
2258 3560 2363 3598 non

791 3637 911 3692 oleo
946 3654 1151 3701 cornu,
1188 3637 1261 3689 uti
1305 3636 1523 3689 Samuel
1556 3635 1857 3712 Davidque,
1884 3652 1953 3712 ac
1993 3637 2249 3700 deinceps
2277 3636 2368 3689 alii

789 3730 1068 3793 homines;
1101 3729 1194 3782 sed
1238 3728 1472 3797 Spirizus
1502 3711 1839 3797 operatione,
1878 3711 1975 3797 per
2011 3743 2169 3796 quam
2205 3729 2367 3782 etiam

794 3822 1103 3875 Dominicus
1129 3820 1238 3890 (41)
1270 3821 1355 3875 ille.
1388 3822 1546 3875 homo
1566 3822 1668 3892 (sic
1692 3822 1833 3875 enim
1862 3821 2012 3874 multi
2037 3822 2265 3875 libenter
2291 3818 2373 3873 Je-

795 3930 913 3966 sum
945 3912 1241 3983 appellant)
1282 3913 1518 3968 mirabili
1550 3915 1809 3983 quadam,
1856 3928 2102 3982 novaque
2136 3929 2199 3967 ac
2232 3914 2373 3967 inso-

794 4009 889 4061 lita
926 4008 1133 4061 ratione
1164 4007 1216 4058 in
1253 4004 1492 4074 Virginis
1521 4015 1675 4058 utero
1718 4015 2011 4073 conceptus
2041 4003 2160 4057 fuit.
2192 4002 2374 4057 Jesum

799 4114 961 4166 porro
984 4100 1267 4151 confessus
1293 4097 1461 4150 nostri
1483 4112 1642 4151 causa
1668 4096 1868 4150 factum
1895 4096 2187 4157 hominem,
2215 4096 2379 4148 haud-

800 4205 1072 4257 quaquam
1110 4188 1223 4241 illic
1256 4202 1564 4241 sermonem
1601 4188 1908 4240 terminavit
1940 4204 1952 4239 :
1983 4188 2111 4255 quin
2136 4187 2242 4239 imo
2271 4187 2379 4255 spi-

802 4279 943 4333 ritali
980 4278 1123 4333 scala
1172 4277 1339 4331 Jacob
1390 4279 1441 4331 in
1492 4278 1689 4331 cmlum
1736 4279 2129 4339 conscendens,
2182 4277 2381 4344 Deique

808 4370 1065 4434 Verbum,
1093 4370 1235 4438 quod
1262 4379 1382 4423 erat
1413 4370 1462 4422 in
1495 4369 1782 4436 principio,
1809 4367 2225 4434 contemplatus,
2259 4382 2383 4434 pro-

2432 520 2633 588 μηνευς
2674 517 2768 571 τοῦ
2819 520 3075 589 μεγίστου
3132 524 3238 576 τῶν
3280 526 3623 592 ἀποστόλων;
3670 526 3864 597 Ὁρᾶτε
3904 526 4004 596 γὰρ

2430 612 2666 683 πρῶτον,
2708 614 2856 677 ὃπως
2899 616 3189 687 ἀπέριττος
3214 619 3242 669 ὁ
3272 618 3429 687 λόγος
3458 620 3551 673 καὶ
3598 618 3881 689 σύντομος,
3919 620 4006 671 ἐκη

2429 704 2669 773 φωνήσει
2721 703 2949 777 βραχείᾳ
2994 708 3202 778 μυρίων
3241 711 3582 780 πραγμάτων
3623 712 3717 763 καλ⁸
3758 709 4005 780 μεγάλων

2428 794 2658 865 δύναμιν
2689 795 3057 867 ἐκτιθέμενος.
3093 800 3210 862 Πᾶς
3236 800 3347 871 γὰρ
3375 800 3531 868 λόγος
3571 794 3727 865 οὗτος
3766 801 4005 871 ἄριστος,

2429 880 2599 958 οὗπερ
2633 888 2845 960 ἀνήκει,
2882 890 2973 942 καὶ
3008 889 3082 961 μή
3116 893 3381 963 περιρρἐ
3426 894 3459 963 ἡ
3502 894 3700 964 φράσις
3734 896 3819 947 ἐπ’
3850 893 4010 965 ὀλίγῳ

2433 979 2675 1050 πενιχρῷ
2689 980 2765 1051 τῷ
2790 982 3041 1051 νοήματι·
3072 984 3381 1037 τούναντίον
3405 985 3484 1047 δὲ,
3513 984 3715 1055 πλῆθος
3760 986 4015 1057 πραγμά-

2431 1087 2539 1123 των
2579 1073 2636 1123 ἐν
2673 1071 3009 1144 βραχυλογίᾳ
3041 1076 3305 1149 σημαίνῃ,
3337 1076 3480 1131 κατά
3504 1077 3603 1149 τὴν
3631 1078 3891 1148 ὁμοίωσιν
3919 1077 4009 1129 τοῦ

2434 1163 2633 1217 κόκκου
2662 1164 2754 1217 τοῦ
2789 1166 3019 1229 νάπυος·
3047 1168 3104 1231 ὃς
3142 1168 3466 1238 μικρότατος
3509 1170 3607 1241 μὲν
3645 1170 3811 1235 ἐστιν,
3851 1172 3908 1223 ὲν
3941 1169 4015 1239 τῷ

2435 1257 2749 1326 κρατεῖσθαι
2783 1259 2875 1310 καὶ
2904 1258 3222 1328 βλέπεσθαι·
3262 1261 3311 1312 εἰ
3352 1260 3408 1312 δὲ
3455 1262 3813 1332 προσαγάγῃς
3856 1260 4016 1313 αὑτὸν

2435 1351 2500 1419 τῇ
2538 1349 2788 1420 αἰσθήσει
2823 1350 2918 1404 τοῦ
2968 1352 3259 1423 στόματος,
3302 1352 3423 1406 ὅλον
3467 1353 3528 1405 τὸ
3572 1352 3710 1415 ζῶον
3740 1356 3805 1405 ὲκ
3844 1347 4017 1404 ποδῶν

2438 1439 2519 1501 είς
2554 1438 2814 1509 κεφαλήν,
2858 1441 2995 1524 πρὸς
3024 1442 3123 1512 τὴν
3151 1442 3361 1495 οἰκείαν
3391 1438 3539 1495 εἷλκε
3578 1443 3909 1513 θερμότητα.
3938 1441 4018 1495 Σὺ

2436 1528 2493 1580 εἷ
2533 1528 2787 1596 Χριστός
2823 1533 2856 1583 ὀ
2898 1531 3029 1596 Υἱὸς
3070 1532 3176 1585 τοῦ
3227 1530 3377 1585 Θεοῦ
3423 1530 3529 1584 τοῦ
3562 1530 3796 1596 ζῶντος.
3840 1531 4019 1596 "Ama

2438 1616 2595 1686 λόγος
2626 1622 2655 1672 6
2687 1620 2952 1675 συντελῶν
2987 1622 3125 1693 πρὸς
3154 1622 3255 1693 τήν
3294 1623 3590 1691 ἐπίγνωσιν
3618 1621 3711 1675 τοῦ
3744 1622 3878 1674 Θεοῦ
3930 1623 4021 1675 καὶ

2442 1713 2693 1786 Σωτῆρος
2739 1716 2918 1787 ἡμῶν,
2951 1717 3089 1788 πρὸς
3121 1717 3213 1771 δύο
3246 1718 3417 1772 ταῦτα
3454 1720 3548 1772 καὶ
3600 1718 3887 1789 θεωρεῖται
3933 1718 4023 1769 καὶ

2444 1806 2765 1877 στρέφεται·
2803 1808 2860 1861 ἐν
2898 1807 3016 1877 μὲν,
3051 1810 3079 1861 6
3111 1808 3212 1877 τῆς
3244 1810 3539 1879 ἁρχεγόνου
3574 1808 3861 1879 θεότητος·
3905 1808 4023 1878 ἥτις

2445 1900 2591 1953 ἐστὶν
2618 1901 2646 1951 6
2673 1902 2730 1951 ἐν
2763 1900 2904 1970 ἀρχῇ
2935 1901 3106 1968 Λόγος
3140 1900 3215 1955 ὢν
3255 1902 3364 1968 ἀεὶ,
3404 1903 3499 1954 καὶ⁸
3527 1903 3665 1974 πρὸς
3690 1902 3780 1955 τὸν
3808 1900 4025 1969 Πατέρα

2445 1988 2539 2054 ὢν,
2571 1979 2695 2043 xui“
2716 1990 2848 2053 Θεὸς
2901 1990 3001 2055 ὢν,
3050 1990 3233 2055 καθὼς
3281 1994 3427 2063 ἡμᾶς
3476 1994 3505 2045 6
3556 1992 3730 2063 μέγας
3779 1990 4025 2058 θεολόγος

2460 2082 2709 2152 Ἰωάννης
2740 2081 3225 2154 ὲμυσταγώγησεν,
3243 2078 3354 2137 οἷον
3385 2085 3622 2153 σπογγιά
3640 2101 3721 2146 τις
3746 2081 3823 2152 τῷ
3844 2080 4028 2152 στήθει

2448 2171 2542 2223 τοῦ
2570 2172 2908 2239 Μονογενοῦς
2936 2172 3361 2243 παρακείμενος,
3391 2174 3644 2227 κάκεῖθεν
3675 2172 3908 2234 ἑλκύσας
3932 2172 4029 2240 τῆς

2450 2262 2839 2333 κεκρυμμένης
2870 2264 3061 2330 σοφίας
3094 2264 3194 2333 τὴν
3238 2262 3471 2332 γνῶσιν·
3504 2264 3691 2334 ἕτερον
3727 2262 3802 2329 δὲ,
3841 2261 3905 2313 τὸ
3932 2260 4029 2330 τῆς

2450 2352 2779 2423 οἰκονομίας,
2829 2355 2895 2424 ἣν
2944 2352 3146 2422 ἀγαθὸς
3202 2356 3231 2405 6
3267 2354 3399 2415 Θεὸς
3444 2354 3579 2421 πρὸς
3625 2352 4028 2421 συγκαταϐασιν

2451 2438 2551 2508 τῆς
2582 2438 2866 2501 ἀσθενείας
2897 2440 3051 2510 ἡμῶν
3080 2440 3421 2505 κατεδέξατο.
3461 2442 3643 2506 Ἄξιον
3684 2442 3861 2492 τοίνυν
3900 2441 4030 2492 θεω-

2458 2528 2619 2600 ρῆσαι
2658 2528 2754 2600 τὴν
2789 2531 3102 2597 ἀπόκρισιν,
3142 2532 3289 2594 ὅπως
3323 2533 3380 2583 ἐν
3416 2530 3750 2603 βραχυλογία
3789 2530 3885 2582 καὶ
3923 2529 4030 2580 ὀλι-

2455 2623 2835 2693 γορημοσύνῃ,
2878 2623 3096 2676 πάντων
3163 2624 3407 2695 ἀκριϐῶς
3470 2626 3526 2675 ἐν
3562 2623 3727 2693 ὀλίγῳ
3774 2622 3873 2692 τὴν
3922 2622 4035 2674 διάει

2458 2732 2606 2768 νοιαν
2647 2714 3051 2787 παρεδήλωσεν,
3094 2713 3400 2785 ἀρξάμενος
3440 2715 3547 2768 ἀπὺ
3583 2714 3691 2768 τῶν
3735 2714 3906 2775 κάτω,
3946 2712 4039 2765 καὶ

2460 2811 2595 2880 πρὸς
2641 2807 2710 2860 τὰ
2768 2807 2948 2877 ὑψηλά
2998 2806 3139 2861 κατά
3174 2806 3363 2878 μέρος
3425 2806 3717 2874 ἀναγαγὼν
3774 2806 3873 2876 τὴν
3923 2804 4037 2856 διά·

2461 2922 2629 2960 νοιαν.

2534 2999 2617 3051 Σὺ
2657 2993 2717 3051 εἷ
2740 3000 2773 3051 ό
2805 2998 3078 3065 Χριστός.
3116 2994 3288 3047 Τοῦτο
3319 2996 3413 3065 τῆς
3442 2995 3756 3064 οἰκονομίας
3787 2992 4041 3063 δήλωσις,

2467 3090 2561 3143 καὶ
2615 3090 2714 3159 τῆς
2765 3089 3032 3158 ὲνσάρκου
3106 3085 3423 3154 θεοφανείας
3495 3085 3775 3155 ἐξήγησις.
3817 3082 3877 3135 Ὀ
3940 3082 4043 3152 γὰρ

2469 3179 2748 3253 [Χριστὸς]
2783 3182 2881 3232 οὑκ
2911 3177 3055 3230 ἔστιν
3081 3177 3251 3247 ὄνομα
3277 3174 3370 3228 τοῦ
3403 3174 3754 3246 προαιωνίου,
3789 3170 3930 3225 ἀλλὰ
3954 3169 4048 3239 τῆς

2466 3275 2574 3327 τῶν
2623 3273 2926 3345 χρωμένων
2992 3271 3213 3341 χάριτος
3275 3271 3517 3340 μήνυμα.
3566 3267 3657 3319 Διὸ
3709 3266 3806 3318 καὶ
3848 3262 4052 3333 Κύριος

2470 3367 2625 3438 ήμῶν
2670 3363 3103 3432 καταδεξάμενος
3137 3360 3274 3423 ὅλως
3320 3360 3382 3411 τὸ
3427 3357 3713 3428 ἄνθρωπος
3766 3351 4053 3421 γενέσθαι,

2476 3462 2568 3514 καὶ
2600 3463 2667 3512 τὰ
2694 3458 2827 3512 ἄλλα
2862 3456 3041 3508 πάντα
3084 3454 3188 3506 ὅσα
3222 3451 3512 3523 στρέφεται
3550 3448 3675 3519 περὶ
3714 3448 3816 3515 τὴν
3850 3445 4051 3514 σάρκα.

2478 3546 2938 3616 συγκαταδέχεται
2981 3544 3075 3596 καὶ
3121 3543 3364 3596 καλεῖται
3396 3542 3442 3572 ’⁸
3485 3537 3733 3609 χρισθεὶς
3772 3538 3852 3598 εἰς
3904 3534 4054 3603 βασι-

2475 3643 2592 3707 λέα,
2621 3641 2681 3693 οὐ
2712 3638 2788 3710 τῷ
2817 3638 2980 3708 ἐλαίῳ
3004 3635 3098 3689 τοῦ
3126 3635 3377 3705 κέρατος,
3416 3632 3489 3693 ὼς
3525 3627 3797 3701 Σαμουὴλ,
3839 3628 3937 3680 καὶ
3961 3629 4061 3678 Aa.-

2479 3733 2583 3796 6‘L6,
2613 3731 2705 3785 καὶ
2740 3731 2789 3781 οἱ
2820 3728 3054 3798 καθεξῆς
3093 3726 3390 3797 ἄνθρωποι,
3415 3722 3551 3775 ἀλλά
3580 3724 3647 3792 τῇ
3684 3719 3938 3790 ἐνεργείᾳ
3970 3714 4061 3769 τοῦ

2481 3823 2819 3892 Πνεύματος,
2853 3818 2975 3872 καθ’
3001 3817 3065 3887 ῆν
3097 3818 3189 3869 καὶ
3218 3818 3247 3868 6
3276 3813 3555 3884 Κυριακὸς
3602 3810 3893 3880 ἄνθρωπος
3953 3806 4063 3877 (οὓ-

2482 3934 2557 3969 τω
2611 3916 2719 3985 γὰρ
2757 3916 2865 3975 τοῖς
2900 3911 3110 3972 πολλοῖς
3159 3909 3310 3977 φίλον
3360 3903 3791 3976 προσαγορεύειν
3825 3902 3919 3954 τὸν
3967 3900 4065 3969 Ἰη-

2487 4008 2632 4077 σοῦν)
2678 4003 3006 4076 θαυμαστῶς
3048 4000 3251 4071 ἐκυήθη
3282 4000 3376 4051 καὶ
3420 3995 3739 4067 παραδόξως
3782 3997 3840 4046 ὲν
3866 3996 3934 4063 τῇ
3968 4008 4064 4059 γα-

2489 4106 2609 4177 στρὶ
2646 4106 2747 4174 τῆς
2787 4102 3082 4173 Παρθένου.
3120 4098 3488 4169 Ὀμολογήσας
3522 4094 3579 4147 δὲ
3611 4093 3699 4177 τὸν
3735 4090 3949 4162 Ἰησοῦν
3981 4091 4065 4141 τὸν

2490 4162 2628 4268 ὑπὲρ
2661 4162 2817 4267 ἡμῶν
2852 4162 3141 4264 γενόμενον
3184 4162 3493 4260 ἀνθρωπον,
3529 4187 3627 4239 οὐκ
3659 4162 3858 4253 ἔστησε
3912 4182 4067 4251 μέχρι

2488 4288 2677 4340 τούτου
2705 4286 2889 4353 λόγον·
2920 4282 3055 4336 ἀλλά
3081 4282 3167 4334 διὰ
3194 4280 3291 4351 τῆς
3322 4279 3588 4349 κλίμακος
3619 4273 3711 4328 τοῦ
3750 4273 3948 4327 Ἰακὼὸ
3975 4272 4070 4340 τῆς

2491 4379 2688 4449 νοητῆς
2718 4378 2853 4447 πρὸς
2884 4376 2974 4428 τὸν
3005 4373 3234 4446 οὐρανὸν
3281 4370 3508 4432 ἀναϐὰς,
3540 4368 3635 4421 καὶ
3675 4366 3970 4434 γενόμενος
4017 4365 4070 4413 ὲν

806 4464 980 4530 priani
1018 4463 1092 4516 illi
1132 4476 1427 4528 veramque
1473 4460 1790 4527 dignitatem
1824 4458 2088 4526 adiungit,
2131 4457 2225 4510 Dei
2278 4457 2359 4509 viv

2454 4502 2462 4539 ι
2494 4471 2697 4542 θεωρίᾳ
2726 4469 2819 4521 τοῦ
2852 4470 2908 4519 ὲν
2940 4467 3082 4536 ἀρχῇ
3115 4462 3249 4516 Θεοῦ
3279 4462 3472 4529 Λόγου,
3518 4457 3879 4529 προστίθησιν
3930 4451 4072 4521 αὐτῷ

806 4559 1003 4613 Filium
1030 4556 1327 4627 appellans.
1365 4555 1634 4609 Accurate
1668 4569 1796 4607 vero
1830 4553 1937 4617 hic,
1974 4566 2036 4604 ac
2070 4566 2171 4605 neu
2202 4550 2339 4604 alius

2485 4564 2546 4616 τὸ
2583 4559 2861 4629 ἐξαίρετον
2905 4556 2999 4609 καὶ
3045 4553 3296 4624 ἀληθινὸν
3348 4551 3585 4621 ἀξίωμα,
3637 4549 3763 4601 Υίὸν
3810 4547 3910 4600 τοῦ
3942 4544 4071 4599 Θεοῦ

811 4656 964 4719 isque
996 4652 1112 4720 ipse
1142 4659 1344 4703 rectam
1378 4647 1623 4715 nihilque
1662 4646 1901 4716 perversi
1940 4645 2227 4697 habentem
2264 4642 2359 4695 ﬁde

2488 4648 2936 4722 προσαγορεύσας
2978 4645 3071 4699 τοῦ
3117 4644 3336 4709 ζῶντος.
3382 4642 3650 4714 Ἀκριὸῶς
3686 4640 3742 4693 δὲ
3781 4634 3940 4702 οὗτος
3984 4637 4076 4691 καὶ

810 4742 1094 4797 confessus
1121 4741 1387 4811 regulam,
1417 4738 1731 4805 cunctisque
1762 4736 1916 4789 nobis
1946 4734 2239 4787 inviolabili
2274 4734 2355 4801 leg

2489 4744 2585 4813 οὐχ
2614 4742 2830 4809 ἕτερος·
2867 4737 3025 4799 αὑτός
3074 4752 3131 4787 τε
3172 4734 3513 4805 ὁμολογήσας
3546 4732 3636 4784 τὸν
3673 4730 3802 4799 εὐθῆ
3838 4730 3937 4782 τὸν
3964 4726 4075 4781 διά-

814 4838 1033 4890 tradcns
1066 4835 1284 4903 pietatis
1303 4847 1636 4894 sermonem,
1664 4831 1803 4883 haud
1834 4830 2121 4881 indonatus
2148 4828 2298 4888 abiit,
2326 4846 2350 4877 ει

2492 4850 2722 4905 στροφον
2750 4832 2796 4863 ⁵⁸
2826 4831 3025 4883 κανόνα
3054 4828 3151 4895 τῆς
3180 4827 3436 4889 πίστεως,
3471 4824 3567 4877 καὶ
3611 4823 3776 4875 πᾶσιν
3806 4821 3944 4890 ἡμῖν
3972 4835 4073 4871 πα·-

813 4932 932 4983 sine
964 4928 1184 4996 pnemio
1218 4945 1229 4979 :
1264 4925 1392 4994 quin
1429 4923 1614 4989 potius
1645 4922 1713 4974 ab
1740 4936 1804 4975 eo
1829 4921 2019 4974 beatus
2052 4932 2357 4985 nuncupatu

2497 4927 2687 4997 ραδοὺς
2716 4924 2807 4975 τὸν
2846 4923 2945 4991 τῆς
2980 4920 3260 4980 εὐσεϐείας
3290 4917 3468 4985 λόγον,
3501 4913 3860 4985 ἀπαράϐατον
3896 4912 4076 4981 νόμον,

816 5022 904 5089 qui
940 5019 1140 5074 eximie
1165 5019 1355 5072 beatus
1381 5024 1483 5078 est,
1518 5013 1639 5068 ﬁdei
1673 5022 1822 5081 petra
1854 5010 2173 5080 appellatur,
2202 5008 2359 5061 funda

2495 5019 2593 5070 οὐκ
2632 5014 2862 5085 ἄμισθος
2896 5012 3128 5095 ἁτι-ῆλθιεἔ
3174 5010 3295 5063 οὐδὲ
3340 5008 3643 5078 ἀγέραστος
3667 5022 3679 5034 ·
3717 5004 3993 5074 μακάριος
4023 5001 4077 5053 δὲ

820 5119 1169 5180 mentumque
1199 5125 1263 5163 ac
1295 5109 1440 5162 basis
1472 5106 1566 5161 Dei
1600 5105 1874 5159 Ecclesiae.
1904 5102 2117 5171 Accipit
2152 5116 2279 5155 vero
2305 5120 2359 5167 pc

2496 5109 2816 5178 ὀνομασθε“ις
2862 5105 3015 5175 παρά
3058 5102 3152 5157 τοῦ
3202 5102 3370 5163 ὅντως
3406 5097 3698 5169 μακαρίου,
3750 5094 3936 5163 πέτρα
3984 5110 4079 5145 κα-

820 5203 1238 5272 promissionem
1272 5201 1455 5256 claves
1503 5200 1675 5269 regni,
1715 5197 1938 5265 ejusque
1981 5204 2257 5264 portarum
2296 5194 2359 5247 cﬁ

2498 5200 2670 5253 λεῖται
2712 5200 2808 5267 τῆς
2862 5197 3132 5257 πίστεως,
3184 5196 3277 5247 καὶ
3329 5191 3606 5261 θεμέλιος,
3652 5189 3745 5240 καὶ
3795 5184 4081 5255 ὑποϐάθρα

819 5298 962 5350 citur
1009 5294 1281 5357 dominus,
1328 5310 1386 5347 ut.
1431 5296 1641 5363 aperiat
1684 5294 1879 5362 quibus
1906 5292 2156 5357 voluerit,
2186 5290 2357 5343 claud:

2500 5293 2597 5360 τῆς
2652 5290 2793 5342 κατὰ
2836 5289 2967 5341 Θεὸν
3012 5284 3361 5354 Ἐκκλησίας.
3406 5280 3687 5351 Λαμόἁνει
3734 5278 3794 5331 δὲ
3846 5277 3938 5329 διὰ
3985 5276 4081 5343 τῆς

823 5403 951 5442 vero
981 5385 1181 5457 quibus
1205 5383 1328 5451 jure
1354 5385 1664 5440 claudenda:
1704 5386 1808 5439 sint
1834 5401 1847 5448 ;
1881 5384 2038 5451 plane
2066 5398 2193 5437 vero
2226 5381 2359 5450 pollu

2502 5384 2847 5453 ὑποσχέσεως
2884 5382 2985 5450 τῆς
3036 5376 3310 5449 βασιλείας
3358 5374 3456 5437 τὰς
3506 5373 3687 5437 κλεῖς,
3742 5370 3839 5423 καὶ
3897 5369 4080 5441 κύριος

826 5474 894 5528 tis
924 5488 985 5527 ac
1016 5471 1281 5543 profanis,
1329 5486 1391 5526 ac
1437 5489 1556 5525 eam
1606 5472 1922 5541 negantibus
1970 5471 2359 5526 confessioneu‘

2503 5477 2709 5544 γίνεται
2736 5472 2849 5527 τῶν
2883 5473 3097 5541 ἐκείνης
3132 5468 3336 5529 πυλῶν,
3371 5466 3511 5520 ὥστε
3545 5464 3716 5526 αὑτὰς
3762 5464 4081 5531 ἁπανοίγειν

896 5616 940 5648 ⁸³
968 5615 1094 5685 ch.
1137 5615 1436 5669 καλεῖσθαι.
1516 5614 1558 5645 ⁸⁸
1599 5614 1725 5685 ch.
1787 5616 2163 5685 ἀδιάστροφον.

900 5750 1011 5819 (61)
1071 5751 1233 5804 Caute
1297 5750 1561 5805 hominem
1621 5752 1953 5807 Dominicum
2001 5752 2263 5822 appellat,
2326 5750 2398 5804 uti
2444 5749 2601 5803 etiam
2640 5747 2824 5816 Gri-3.,
2859 5754 2994 5799 orat.
3035 5746 3117 5797 Si.
