4212 6318
199 359 295 416 281

1096 359 1381 415 IIOMILIA
1420 361 1553 416 VIII.
1599 360 1665 415 IN
1706 360 1802 414 SS.
1843 360 2125 417 PETRUM
2162 359 2248 432 EI
2290 359 2596 415 PAELUM.

3364 358 3473 413 28%

204 473 280 539 οἷς
314 475 379 528 ἂν
415 474 616 541 ἐθέλοι,
646 478 744 530 καὶ
779 476 979 530 κλείειν
1009 470 1088 540 οἷς
1126 478 1192 531 ἂν
1224 478 1431 531 δίκαιον
1457 474 1543 548 ἦν,
1577 478 1796 540 πάντως

1904 479 2055 548 cujus
2086 494 2214 549 ergo
2246 478 2381 547 ipse,
2418 488 2673 545 tauquam
2708 476 2924 531 sedulus
2960 490 3273 547 gnavusque
3302 477 3471 531 hono-

204 569 259 623 δὲ
289 571 402 631 τοῖς
450 568 726 641 βεϐήλοις,
760 571 855 623 καὶ
884 570 1143 637 ἁνιέροις,
1173 571 1266 623 καὶ
1302 574 1414 635 τοῖς
1445 570 1796 642 ἀρνουμένοις

206 660 298 713 τὴν
326 660 625 730 ὁμολογίαν
656 659 893 731 ἐκείνην,
920 662 989 714 δι’
1018 662 1085 730 ἣν
1110 661 1293 725 αὐτὸς,
1321 662 1395 725 ὡς
1426 660 1659 733 ἀκριϐὴς
1686 660 1796 712 τῶν

215 756 556 827 Ἐκκλησιῶν
582 757 627 789 ⁸⁷
665 758 890 826 ἀγαθῶν
926 758 1133 829 φύλαξ,
1172 762 1482 813 ἐπιστατεῖν
1535 764 1654 823 ταῖς
1687 760 1797 811 εἰσ⁹

203 848 343 911 όὸοις
364 848 469 918 τῆς
493 848 770 918 βασιλείας
798 849 1021 921 ἐτάχθη.
1054 851 1118 902 Ὠ
1139 850 1230 903 τοῦ
1262 848 1429 919 ζόφου
1454 850 1549 904 καὶ
1576 848 1795 921 ἀχλύος,

205 941 239 1010 ἢ
263 939 437 1010 πολλὴ
470 940 698 1010 κέχυται
722 941 829 1012 πρὸ
863 941 971 994 τῶν
1010 940 1371 1012 ἀνθρωπικῶν
1394 941 1710 1011 ὀφθαλμῶν,
1729 941 1796 993 δι’

204 1030 270 1099 ἢν
303 1031 368 1082 οὐ
406 1030 699 1100 βλέπουσιν
730 1034 779 1085 οί
814 1032 1082 1103 αίρετικοὶ
1118 1032 1226 1085 τῶν
1264 1032 1525 1103 Πατέρων
1552 1032 1621 1086 τὰ
1652 1032 1794 1104 ίχνη,

203 1120 325 1174 οὐδὲ
357 1121 599 1192 βαδίζειν
634 1123 871 1193 ἐκείνην,
903 1124 970 1195 ἢν
1005 1123 1231 1194 ἔτριψαν
1260 1124 1368 1178 τῶν
1411 1122 1725 1178 ἀποστόλων
1750 1126 1798 1179 oi

204 1213 402 1278 πόδεςί
459 1216 594 1269 Ἰδοὺ
643 1215 754 1286 γὰρ
804 1216 1014 1289 Πέτρος
1059 1217 1086 1269 ὁ
1136 1219 1255 1270 κατ’
1306 1216 1536 1286 ἐκλογὴν
1580 1217 1801 1285 γνήσιος

202 1305 299 1358 τοῦ
321 1306 565 1377 Χριστοῦ
591 1307 859 1379 μαθητὴς,
885 1310 913 1360 ὁ
943 1308 1220 1379 πανταχοῦ
1251 1308 1350 1380 τὴν
1375 1308 1598 1380 πρώτην
1622 1308 1800 1378 ψῆφον

204 1400 300 1452 καὶ
348 1399 462 1453 τῶν
500 1399 676 1470 τιμῶν
726 1402 820 1454 καὶ
856 1400 965 1454 τῶν
1008 1401 1450 1472 κατορθωμάτων
1484 1400 1797 1471 δεξάμενος,

199 1491 229 1540 ὁ
268 1490 448 1560 μέγας
485 1492 692 1555 ἐκεῖνος
719 1494 747 1545 ὁ
778 1493 942 1557 πάνυ,
972 1485 1033 1545 οὐ
1067 1493 1128 1545 τὸ
1172 1492 1327 1556 κλέος
1375 1494 1557 1546 πᾶσαν
1599 1494 1697 1563 τὴν
1725 1493 1802 1544 οί-

201 1582 484 1653 κουμένην
535 1583 874 1655 ἐπλήρωσεν,
922 1584 1236 1648 κελευσθεὶς
1287 1584 1481 1647 εἰπεῖν,
1525 1584 1673 1646 ὅπως
1715 1583 1803 1635 δο-

203 1672 359 1737 ξάζει
396 1675 524 1745 περὶ
561 1674 655 1727 τοῦ
706 1674 841 1728 Θεοῦ
877 1676 970 1728 καὶ
1018 1674 1271 1747 Σωτῆρος
1318 1675 1496 1746 ἡμῶν,
1543 1676 1644 1727 οὐκ
1696 1673 1803 1727 ἀπὸ

205 1768 431 1837 μακρᾶς
470 1784 618 1830 τινος
661 1768 862 1838 ἤρξατο
908 1768 1208 1838 περινοίας,
1238 1768 1360 1821 οὐδὲ
1389 1767 1588 1822 κύκλον
1626 1766 1807 1820 συλλο-

1904 586 2018 623 rum
2047 569 2307 624 Ecclesia:
2349 580 2553 634 custos,
2587 570 2735 638 regni
2769 571 2922 624 ostiis
2950 570 3237 638 przefectus
3264 567 3383 623 fuit.
3427 566 3474 625 Ο

1899 660 2149 715 nebulam
2178 675 2240 714 ac
2271 658 2557 728 caliginem
2583 658 2727 712 illam
2758 660 3041 727 plurimam
3065 660 3313 713 humanis
3335 657 3473 713 oliu-

1900 768 2015 807 sam
2043 752 2236 815 oculis,
2262 767 2367 821 qua
2394 751 2751 821 prohibentur
2780 750 3015 804 haaretici
3044 749 3263 804 Patrum
3291 750 3475 804 videre

1902 845 2156 913 vestigia;
2203 859 2266 897 ac
2310 859 2473 913 quam
2510 844 2873 911 apostolorum
2900 844 3074 912 pedes
3116 843 3257 896 viam
3310 843 3475 896 trive-

1901 946 2046 1002 runt,
2074 936 2343 991 incedere!
2374 937 2512 991 Ecce
2536 949 2769 1004 namque
2792 935 2986 989 eximia
3008 936 3236 1003 quadam
3264 936 3475 988 ratione

1902 1031 2149 1085 sincerus
2181 1030 2269 1084 ille
2295 1028 2497 1083 Christi
2526 1029 2822 1097 discipulus
2841 1026 3070 1091 Petrus;
3100 1028 3206 1093 ille,
3231 1028 3472 1096 inquam,

1902 1121 2138 1191 primum
2168 1121 2395 1189 ubique,
2424 1128 2535 1173 tum
2565 1120 2704 1187 quod
2738 1119 2804 1171 ad
2834 1118 3069 1171 honores
3098 1127 3325 1185 spectat,
3364 1126 3495 1178 tum~

1902 1215 2043 1284 quod
2098 1216 2161 1267 ad
2224 1213 2417 1268 merita
2459 1213 2640 1267 ferens
2679 1210 3025 1283 suffragium,
3066 1209 3152 1262 ille
3189 1209 3474 1263 admodum

1906 1319 2135 1372 magnus
2157 1345 2170 1369 ,
2202 1306 2354 1375 cujus
2391 1305 2554 1359 decus
2589 1303 2899 1357 universum
2935 1301 3173 1370 implevit
3208 1309 3473 1353 terrarum

1901 1398 2091 1453 orbem
2118 1439 2131 1463 ,
2163 1397 2349 1466 jussus
2376 1397 2591 1451 edicere
2618 1404 2676 1449 ut
2704 1395 2770 1449 de
2806 1394 2914 1448 Deo
2945 1408 3009 1448 ac
3037 1393 3318 1447 Salvatore
3348 1407 3471 1447 sen-

1906 1478 2023 1553 tiat,
2058 1503 2163 1541 non
2188 1502 2217 1541 a
2249 1488 2391 1557 longi
2421 1485 2699 1555 cujusdam
2726 1485 3018 1539 commenti
3040 1484 3256 1538 vafritie
3280 1483 3470 1552 empit,

1906 1595 2008 1635 nec
2046 1578 2483 1651 syllogismorum
2526 1591 2814 1646 rerumque
2848 1577 3053 1631 circulo
3091 1577 3318 1630 vallatus
3350 1590 3474 1646 per-

1906 1675 2144 1729 contanti
2182 1674 2486 1742 respondit,
2524 1675 2599 1727 uti
2634 1689 2776 1728 nunc
2812 1672 3054 1727 solemne
3100 1673 3299 1727 habent
3356 1687 3478 1740 gra-

1908 1781 2003 1822 ves
2032 1766 2106 1822 illi
2136 1767 2404 1830 rhetores,
2434 1765 2596 1835 inque
2624 1766 2800 1821 verbis
2828 1767 3037 1835 positze,
3073 1765 3193 1819 fidei
3218 1765 3479 1826 artifices,

200 1858 431 1928 γισμῶν
476 1858 571 1911 καὶ
625 1859 969 1928 πραγμάτων
1018 1858 1514 1930 περιϐαλλόμενος,
1569 1860 1801 1930 ἀπεκρι-

1909 1860 2001 1914 sed
2036 1858 2201 1913 corde
2235 1858 2489 1927 simplici,
2519 1859 2852 1913 succinctam
2879 1857 3162 1912 veritatem
3198 1857 3479 1926 exposuit;

202 1966 336 2002 νατο
368 1950 506 2019 πρὸς
537 1947 636 2019 τὴν
663 1947 878 2014 πεῦσιν,
911 1947 1100 2020 ὥσπερ
1130 1948 1193 2019 δὴ
1224 1947 1318 2002 νῦν
1344 1951 1514 2003 ποιεῖν
1541 1949 1800 2003 εἰώθασιν

200 2040 251 2091 oi
289 2039 457 2091 Ben/ot
497 2039 752 2108 σοφισταὶ
785 2038 880 2091 καὶ
911 2038 1217 2109 τεχνολόγοι
1246 2038 1348 2109 τῆς
1381 2040 1649 2103 πίστεως·
1684 2039 1799 2093 ἀλλ’

200 2132 262 2182 ἐν
288 2130 557 2200 ἁπλότητι
583 2130 830 2202 καρδίας,
857 2130 1118 2200 σύντομον
1143 2130 1358 2195 ἐξέθετο
1382 2132 1482 2201 τὴν
1509 2130 1767 2201 ἀλήθειαν
1785 2148 1796 2158 ·

200 2222 264 2273 οὐ
316 2222 414 2273 τὸν
466 2222 762 2290 ἀγέννητον
816 2220 1125 2283 διαστείλας
1172 2220 1248 2291 τῷ
1298 2221 1574 2292 γεννητῷ,
1627 2222 1687 2274 οὐ
1734 2221 1803 2276 τὰ

201 2314 337 2382 περὶ
370 2312 560 2381 ὁμοίου
593 2312 686 2364 καὶ
726 2311 981 2382 ἀνομοίου
1010 2311 1410 2383 λεπτολογήσας
1440 2313 1822 2384 ἐμπλήκτωςν

203 2404 328 2457 οὐδὲ
360 2403 471 2456 τῶν
507 2404 647 2474 ὑπὲρ
686 2402 863 2456 πάντα
896 2401 1093 2454 οὐσιῶν
1125 2402 1659 2474 πολυπραγμονήσας
1688 2404 1804 2456 δια-

204 2495 406 2565 φορὰν,
436 2493 557 2546 οὐδὲ
590 2481 689 2563 τὴν
735 2493 1043 2565 ἀμέτρητον
1090 2492 1318 2563 θεότητα
1369 2495 1646 2564 μετρήσας
1679 2494 1804 2546 συλ-

202 2586 515 2655 λογισμοῖς,
552 2581 641 2637 οἷα
674 2584 737 2655 δὴ
779 2584 849 2637 τά
889 2584 1094 2655 Ἀρείου
1128 2585 1375 2653 παίγνια,
1410 2584 1502 2637 καὶ
1536 2585 1602 2637 τὰ
1635 2583 1802 2637 Εὐνο-

208 2674 336 2745 μίου
385 2676 900 2746 παρεγχειρήματα.
948 2671 1290 2744 Ζηλώσωμεν
1338 2674 1537 2737 τοίνυν,
1581 2667 1625 2726 ὦ
1666 2675 1805 2745 Χρι-

208 2766 423 2822 στιανοὶ
455 2761 548 2836 (ὧν
590 2766 793 2828 πίστις,
829 2764 890 2816 οὐ
924 2764 1216 2832 πολυλογία
1249 2765 1310 2817 τὸ
1347 2764 1681 2835 γνώρισμα),
1710 2765 1803 2818 τὸν

208 2860 393 2924 ἁλιέα,
441 2861 531 2912 τὸν
583 2858 930 2929 ἀπερίεργον,
962 2856 1053 2910 τὸν
1088 2859 1151 2909 ὲκ
1179 2853 1483 2928 Βηθσαῖδᾶς
1509 2857 1763 2926 γένοντα”
1787 2899 1801 2922 ,

205 2954 269 3004 τὸ
300 2951 519 3021 πρῶτον
546 2952 801 3021 θήρευμα
831 2948 921 3002 τοῦ
960 2948 1219 3021 Χριστοῦ.
1266 2949 1673 3020 Μελετήσωμεν
1714 2949 1804 3001 λέ-

206 3058 360 3110 γειν·
395 3040 480 3095 Σὺ
510 3037 570 3095 εἴ
597 3043 631 3094 ό
661 3040 914 3109 Χριστὸς
947 3042 980 3093 ό
1017 3038 1149 3104 Υἱὸς
1191 3038 1297 3092 τοῦ
1343 3038 1489 3091 Θεοῦ
1523 3038 1628 3091 τοῦ
1671 3037 1805 3099 ζῶν-

206 3150 351 3201 τος·
384 3132 454 3186 τὰ
484 3132 542 3186 δὲ
574 3132 797 3186 πλείονα
825 3132 1030 3184 τούτων
1060 3130 1281 3201 ἀφιέναι
1314 3134 1425 3195 τοῖς
1456 3130 1801 3202 λογομάχοις,

206 3219 287 3280 ὦν
314 3223 433 3295 ερις
461 3224 520 3277 τὸ
548 3223 728 3295 ἔργον,
761 3224 854 3276 καὶ
885 3223 943 3275 τὸ
974 3223 1127 3285 τέλος
1157 3221 1418 3275 ἀπώλεια.

231 3358 252 3369 ρ
280 3312 437 3387 Ἀρα
477 3311 571 3369 οὖν
608 3316 707 3385 μὲν
759 3316 917 3387 μέχρι
951 3315 1059 3367 τῶν
1104 3313 1403 3383 λεχθέντων
1446 3314 1658 3390 ἵσταται
1710 3316 1803 3369 τοῦ

206 3406 515 3460 ἀποστόλου
568 3406 637 3459 τὰ
691 3405 979 3475 θαύματα;
1046 3405 1078 3474 ἣ
1151 3406 1256 3457 πᾶν
1306 3406 1637 3473 τούναντίον,
1685 3406 1806 3460 οὐδὲ

208 3483 422 3569 ἦρχθαι
470 3496 757 3568 δοκοῦμεν,
808 3500 860 3551 εἴ
900 3516 982 3560 τις
1028 3500 1139 3559 τοῖς
1187 3497 1498 3569 είρημένοις
1550 3516 1805 3570 παραμε-

207 3591 369 3662 τροίη
399 3589 471 3642 τὰ
514 3589 789 3642 λείποντα.
828 3589 966 3642 Ἀλλ’
994 3588 1104 3657 ἐγὼ
1145 3588 1215 3641 τὰ
1258 3588 1427 3641 πολλὰ
1456 3592 1522 3660 τῇ
1568 3591 1810 3662 ὑμετέρᾳ

208 3681 417 3750 γνώσει
477 3681 790 3735 καταλιπὼν
844 3680 979 3753 (ῐστε
1030 3681 1140 3753 γὰρ
1194 3681 1284 3734 τὸν
1337 3682 1544 3751 Πέτρον
1595 3684 1690 3735 καὶ
1739 3683 1808 3735 τὰ

209 3774 450 3837 ἐκείνου,
487 3772 590 3827 κᾶν
624 3774 811 3844 μηδεὶς
841 3775 1083 3827 ἐπαινεῖν
1124 3772 1212 3825 τὸν
1260 3773 1426 3844 ἄνδρα
1467 3774 1807 3846 προέληται),

214 3865 392 3937 μικρὰ
425 3866 679 3937 περὶτῆς
708 3865 1067 3928 ἀναπαύσεως
1100 3864 1263 3917 αὐτοῦ
1300 3869 1473 3919 εἰπεῖν
1510 3866 1792 3940 βούλομαι,

211 3957 311 4010 καὶ
336 3957 486 4019 ὅπως
516 3958 580 4007 ὲκ
613 3956 713 4025 τῆς
748 3956 850 4026 γῆς
880 3959 959 4020 εἰς
992 3958 1083 4014 τὸν
1118 3957 1345 4029 οὐρανὸν
1381 3956 1718 4028 μετῴκησεν,
1744 3958 1809 4011 ἵν’

210 4050 335 4102 έκεί
368 4047 465 4100 τοῦ
500 4048 679 4114 λέγειν
716 4047 1030 4119 παύσωμαι,
1062 4048 1187 4102 ἔνθα
1232 4051 1485 4113 κάκεῖνος
1531 4050 1622 4103 τὸν
1674 4050 1807 4120 βίον.

224 4141 284 4195 Ὀ
326 4139 425 4210 μὲν
454 4136 548 4192 οὖν
578 4140 769 4211 Σωτὴρ
804 4140 964 4211 ήμῶν
1009 4139 1172 4211 ἡνίκα
1207 4139 1429 4211 ἔμελλεν
1460 4141 1813 4218 ἀγιάζεινὶτῷ

213 4229 533 4303 αὐθαιρέτῳ
577 4231 793 4302 θανάτῳ
814 4232 880 4293 ⁸⁸,
921 4232 1109 4305 ὥσπερ
1147 4233 1268 4287 τινὰ
1310 4233 1637 4304 παραθήκην
1670 4232 1813 4297 ἐξαί-

216 4318 549 4395 ρετον,”τὴν
606 4323 835 4376 καθόλου
891 4324 985 4376 καὶ⁵
1034 4327 1418 4396 οἱκουμενικὴν
1484 4326 1814 4396 Ἐκκλησίαν

214 4412 397 4484 τούτῳ
440 4412 516 4483 τῷ
564 4414 718 4484 ἀνδρὶ
767 4415 1157 4486 παρατίθεται,
1206 4416 1389 4486 τρίτον
1435 4415 1598 4469 αὐτοῦ
1651 4415 1814 4467 πυθόα

1912 1953 2333 2022 haudquaquam
2402 1952 2700 2021 ingenitum
2752 1960 2939 2005 contra
2994 1951 3233 2018 genitum
3287 1949 3481 2003 distiu-

1905 2060 2079 2113 guens
2108 2062 2124 2098 :
2157 2045 2224 2098 de
2249 2044 2337 2107 iis,
2374 2058 2494 2110 qum
2522 2042 2793 2099 adsimile
2828 2056 2893 2095 ac
2923 2040 3184 2097 dissimile
3214 2050 3480 2110 spectant,

1906 2134 2273 2203 nequidquam
2314 2142 2494 2187 emota
2531 2142 2712 2186 mente
2765 2131 2953 2187 frivola
3007 2134 3337 2202 disputans:
3386 2148 3485 2188 nec

1904 2241 2036 2280 vero
2076 2224 2532 2289 substantiarum,
2572 2240 2693 2292 qua:
2732 2225 2911 2278 omnia
2953 2235 3249 2294 superant,
3292 2226 3484 2280 distin-

1907 2315 2145 2369 ctionem
2171 2315 2439 2369 curiosius
2468 2314 2771 2383 indagans;
2801 2330 2898 2370 nec
2920 2317 3130 2369 demum
3164 2318 3483 2371 immensam

1906 2406 2159 2459 deitatem
2194 2405 2520 2474 syllogismis
2569 2407 2839 2471 metiens,
2890 2406 3064 2474 qualia
3119 2407 3319 2461 habent
3368 2408 3482 2462 Arii

1908 2498 2140 2562 ludicra,
2178 2497 2537 2568 Eunomiique
2582 2514 2745 2568 prava
2788 2501 3092 2554 conamina.
3144 2500 3485 2556 Emulemur

1907 2591 2109 2659 itaque,
2142 2588 2490 2644 oChristiani
2536 2588 2800 2660 (quorum
2838 2590 2992 2656 ﬁdes,
3026 2602 3153 2647 nota
3201 2601 3283 2647 est
3310 2608 3372 2647 ac
3398 2595 3482 2647 in-

1905 2681 2078 2751 signe,
2115 2694 2221 2734 non
2259 2680 2542 2735 verborum
2577 2678 2895 2750 efﬂuentis),
2932 2682 3256 2749 piscatorem
3296 2682 3441 2735 illum
3464 2725 3479 2748 ,

1909 2771 2057 2824 illum
2098 2769 2436 2840 simplicem,
2482 2770 2632 2825 illum
2666 2769 2953 2826 Bethsaida
2998 2782 3179 2827 ortum
3205 2816 3219 2839 ,
3254 2775 3482 2841 primam

1909 2863 2053 2917 illam
2090 2862 2291 2917 Christi
2322 2864 2683 2918 venationem.
2714 2864 3042 2927 Studeamus
3065 2865 3245 2919 dicere
3273 2883 3285 2918 :
3324 2863 3401 2918 Tu
3430 2881 3484 2917 es

1913 2954 2157 3009 Christus
2201 2953 2375 3008 Filius
2415 2955 2510 3009 Dei
2548 2956 2687 3019 viui;
2724 2956 2807 3008 his
2850 2967 3023 3009 autem
3062 2956 3250 3026 plura,
3294 2972 3484 3026 pugnze

1911 3045 2197 3099 verborum
2226 3046 2565 3100 studentibus
2590 3047 2900 3113 dimittere;
2926 3063 3155 3116 quorum
3174 3064 3329 3117 opus,
3354 3064 3485 3102 con-

1912 3137 2111 3204 tentio;
2148 3137 2271 3192 finis
2302 3147 2504 3205 autem,
2536 3139 2806 3193 interitus.

1978 3321 2191 3391 Ergone
2219 3322 2499 3388 hactenus,
2538 3322 2697 3392 inque
2724 3323 2882 3378 dictis
2921 3324 3077 3377 linem
3108 3322 3310 3376 habent
3350 3335 3483 3390 apo-

1910 3415 2036 3467 stoli
2083 3414 2383 3467 miracula?
2419 3415 2547 3490 quin
2584 3414 2742 3483 plane
2778 3430 2953 3476 secus,
2986 3430 3051 3468 ne
3082 3414 3294 3482 quidem
3332 3414 3483 3466 vide-

1912 3521 2034 3559 mur
2063 3505 2373 3574 inccnpisse,
2394 3507 2593 3573 utquis
2613 3521 2734 3560 cmn
2764 3506 2946 3568 dictis,
2974 3521 3089 3574 quae
3118 3505 3320 3573 reliqua
3340 3516 3485 3568 sunt,

1914 3606 2217 3665 comparet.
2241 3596 2353 3666 Ego
2377 3597 2727 3665 nihilominus
2750 3597 3004 3666 pleraque
3026 3606 3216 3651 vestra:
3247 3596 3489 3651 scientia!

1911 3688 2228 3756 permittens
2261 3688 2448 3757 (scitis
2494 3688 2636 3742 enim
2671 3688 2913 3753 Petrum,
2969 3703 3032 3742 ac
3080 3704 3166 3742 res
3200 3688 3366 3751 Petri,
3403 3699 3487 3741 ta-

1913 3780 2067 3833 metsi
2107 3794 2264 3833 nemo
2286 3778 2458 3832 virum
2491 3780 2712 3835 laudare
2758 3780 2810 3832 in
2852 3779 3091 3832 animum
3135 3775 3479 3846 induxerit),

1914 3883 2085 3937 pauca
2116 3870 2361 3938 qumdam
2396 3868 2516 3923 volo
2548 3870 2728 3923 dicere
2758 3870 2823 3922 de
2858 3870 2975 3937 ejus
3022 3870 3229 3937 requie,
3262 3876 3426 3938 utque
3448 3877 3489 3923 ’θ

1917 3968 2061 4013 terra
2097 3958 2147 4011 in
2184 3958 2379 4012 caelum
2415 3959 2766 4025 migraverit,
2792 3942 2861 4011 ut
2899 3959 3005 4013 illic
3041 3959 3235 4013 faciam
3274 3960 3485 4013 dicendi

1918 4049 2103 4116 finem,
2134 4048 2225 4103 ubi
2259 4049 2346 4103 ille
2376 4050 2500 4103 vita:
2527 4048 2686 4104 ﬁnem
2719 4051 2950 4117 accepit.
2980 4050 3112 4104 Cum
3143 4066 3272 4119 ergo
3301 4051 3491 4105 Salva-

1921 4150 2025 4204 tor,
2063 4151 2257 4210 sponte
2289 4152 2566 4210 assumpta
2614 4153 2788 4196 morte
2833 4143 3126 4196 humanum
3157 4158 3328 4212 genus
3357 4159 3487 4197 san-

1915 4228 2250 4283 ctificaturus
2275 4240 2440 4296 esset,
2465 4245 2560 4284 ceu
2594 4231 2862 4299 peculiare
2884 4233 3153 4299 quoddam
3188 4234 3487 4301 depositum

1914 4334 1979 4373 ac
2023 4320 2323 4388 peculium,
2369 4321 2729 4376 universalem
2792 4337 2855 4375 ac
2903 4322 3033 4375 orbe
3083 4311 3196 4377 ioto
3241 4323 3487 4377 diffusam

1916 4411 2032 4465 viro
2070 4411 2195 4465 huic
2233 4412 2579 4466 commendat
2626 4413 2949 4474 Ecclesiam.
2987 4414 3076 4467 ubi
3113 4415 3272 4467 tertio
3322 4415 3491 4468 inter-

218 4523 383 4577 μενος
427 4506 507 4571 τὸ,
540 4506 741 4569 Φιλεῖς
782 4522 887 4575 με;
937 4508 1023 4569 Ὠς
1052 4507 1110 4559 δὲ
1157 4510 1277 4569 ταῖς
1323 4508 1621 4577 ἐρωτήσεσι
1672 4507 1805 4576 μάλα

1922 4513 2184 4571 rogasset,
2220 4504 2370 4567 illud,
2409 4505 2568 4557 Amas
2614 4520 2695 4556 me
2724 4505 2775 4556 ‘?
2806 4505 3049 4573 Cumque
3081 4507 3145 4570 is,
3185 4506 3350 4579 multa
3378 4507 3490 4557 ala-

219 4596 521 4670 προθύμως
557 4598 877 4667 ἰσαρίθμους
916 4599 1014 4662 τὰς
1049 4598 1340 4668 ὁμολογίας
1384 4598 1664 4669 προέθετο,
1700 4598 1816 4651 ἔλα-

219 4688 315 4741 σεν
353 4688 446 4741 τὸν
491 4689 693 4759 κόσμον
725 4692 803 4753 είς
836 4690 1174 4759 ἐπιμέλειαν,
1218 4690 1293 4752 ὡς
1344 4690 1468 4759 μίαν
1504 4689 1701 4759 ἀγέλην
1736 4686 1815 4754 εἷς

224 4779 435 4850 ποιμὴν
459 4819 473 4844 ,
504 4780 770 4843 ἀκούσας·
808 4782 1005 4834 Βόσκε
1039 4781 1113 4834 τὰ
1146 4782 1322 4849 ἀρνία
1361 4800 1481 4850 μου
1503 4799 1515 4812 ⁸
1549 4783 1641 4835 καὶ
1686 4800 1812 4852 σχε-

219 4870 311 4922 δὸν
357 4870 474 4921 ἀνθ’
504 4870 696 4923 ἑαυτοῦ
745 4871 834 4923 τὸν
884 4872 1205 4924 πιστότατον
1256 4871 1502 4943 μαθητὴν
1539 4872 1738 4925 ἔδωκεν
1785 4874 1812 4925 ὁ

221 4959 429 5031 Κύριος
478 4965 590 5025 τοῖς
629 4961 985 5032 προσηλύτοις
1040 4962 1280 5033 πατέρα,
1334 4964 1427 5015 καὶ
1480 4964 1668 5033 νομέα,
1717 4966 1811 5016 καὶ

224 5051 543 5121 παιδευτήν.
592 5054 806 5123 Ταύτης
838 5052 1015 5105 τοίνυν
1056 5053 1294 5116 ἀκούσας
1338 5055 1434 5123 τῆς
1471 5055 1675 5124 φωνῆς,
1708 5056 1808 5107 οὐκ

222 5146 279 5195 ὲν
315 5144 558 5215 ῥᾳθυμίᾳ
586 5148 677 5199 τὸν
721 5147 833 5217 βίον
870 5146 1081 5216 ἔζησεν,
1123 5146 1243 5198 οὐδὲ
1292 5148 1544 5216 ἠγάπησε
1578 5148 1673 5218 τὴν
1711 5148 1813 5212 ἔξω

224 5234 489 5288 κινδύνων
534 5236 708 5306 ζωήν·
744 5237 884 5289 ἀλλά
921 5238 1100 5289 πᾶσαν
1144 5238 1241 5307 τὴν
1289 5238 1613 5308 οἰκουμένην
1655 5256 1810 5310 περι-

224 5324 455 5388 νοστῶν,
499 5325 589 5377 τὸν
644 5326 877 5397 Χριστὸν
924 5328 1034 5387 τοῖς
1080 5324 1480 5393 τυφλώττουσιν
1536 5325 1811 5377 ἀπεκάλυ-

226 5432 385 5478 πτεν,
425 5418 552 5478 τοὺς
590 5416 688 5485 μὲν
735 5415 1120 5486 πλανωμένους
1167 5415 1397 5484 ὁδηγῶν,
1440 5416 1565 5477 τοὺς
1595 5416 1650 5467 δὲ
1686 5433 1809 5482 γευ-

225 5505 498 5576 σαμένους
518 5507 616 5575 τῆς
649 5505 930 5567 εὐσεϐείας
956 5508 1001 5537 ⁹⁹
1021 5524 1034 5537 ·
1067 5510 1181 5568 τοῖς
1217 5506 1428 5577 ἐχθροῖς
1471 5505 1771 5577 μαχόμενός
1791 5550 1804 5573 ,

292 5710 341 5739 ’⁷
387 5709 469 5779 ἴση.
515 5709 622 5758 ταῖν
658 5707 869 5779 τῶνγιξι
910 5706 1395 5779 ἐκκλησιαστικέῦν.
1472 5708 1700 5779 έδρλείᾳιζτ
1735 5708 1805 5760 rbi

1904 5706 2169 5779 νθρωπον,
2198 5707 2274 5762 vel
2291 5708 2417 5777 quid
2447 5711 2637 5766 simile.

224 5779 307 5831 vel
333 5778 460 5844 quid
496 5779 690 5831 simile.
772 5778 782 5806 '
827 5776 977 5831 Joan.
1005 5794 1116 5839 xu,
1150 5776 1332 5829 15—I7.
1414 5780 1430 5807 ’
1468 5777 1596 5829 ibid.
1638 5777 1719 5831 15.

1919 4595 2115 4649 critate
2146 4595 2373 4664 singulis
2395 4596 2918 4665 interrogationibus
2945 4599 3163 4652 totidem
3194 4599 3489 4666 professio—

1915 4700 2011 4737 nes
2048 4685 2361 4752 adiecisset,
2402 4688 2587 4740 mundi
2631 4704 2815 4741 curam
2870 4688 3105 4754 accepit;
3143 4689 3287 4742 velut
3324 4705 3486 4742 unum

1913 4792 2153 4846 gregem,
2192 4794 2329 4832 unus
2362 4788 2591 4848 pastor;
2628 4781 2826 4847 quibus
2856 4781 3058 4833 audivit
3089 4797 3101 4833 :
3132 4779 3299 4834 Pasce
3324 4798 3486 4850 agnos

1911 4883 2050 4919 meos
2069 4869 2089 4897 ³
2115 4884 2128 4931 ;
2164 4866 2381 4937 fereque
2404 4870 2483 4922 sui
2509 4872 2624 4923 loco
2649 4870 2796 4925 dedit
2821 4873 3076 4927 Dominus
3114 4873 3485 4928 fidelissimum

1912 4955 2258 5024 discipulum,
2302 4958 2352 5009 in
2383 4968 2615 5026 patrem,
2645 4970 3025 5030 pastoremque
3056 4978 3117 5015 ac
3146 4964 3484 5031 magistrum,

1914 5046 2000 5108 iis,
2035 5048 2125 5115 qui
2159 5060 2341 5102 essent
2372 5051 2647 5103 accessuri
2676 5053 2740 5104 ad
2776 5053 2951 5106 fidem.
2986 5054 3118 5106 Cum
3158 5056 3338 5123 itaque
3366 5071 3486 5109 eam

1910 5153 2100 5192 vocem
2130 5141 2389 5205 audisset,
2421 5126 2835 5210 haudquaquam
2862 5147 3087 5212 segnitie
3112 5148 3274 5198 vitam
3306 5148 3487 5199 tradu-

1910 5227 2139 5279 eendam
2168 5228 2316 5280 duxit
2344 5244 2357 5292 ;
2394 5243 2491 5281 nec
2522 5230 2707 5283 dilexit
2736 5233 2915 5286 vivere
2945 5241 3097 5287 extra
3126 5235 3487 5303 periculorum

1913 5318 2084 5372 aleam
2138 5337 2149 5372 :
2200 5322 2327 5388 quin
2402 5322 2711 5377 universum
2774 5326 3197 5395 circumquaque
3252 5327 3489 5383 lustrans

1921 5420 2189 5464 terrarum
2217 5412 2425 5476 orbem,
2457 5415 2922 5471 cmcisﬂhristum
2953 5419 3259 5485 revelabat;
3287 5420 3353 5474 iis
3383 5421 3487 5473 dux

1917 5502 2140 5558 clfeetus
2172 5504 2262 5573 qui
2294 5508 2640 5573 exerrabant,
2672 5524 2762 5564 eos
2789 5526 3089 5579 provocans
3114 5513 3204 5582 qui
3233 5512 3486 5581 pietatem

2718 5713 2761 5744 ”
2803 5714 2985 5782 Suppl.
3025 5715 3107 5767 ἵσ.
3143 5714 3483 5785 προτρέπων,
