4212 6318
742 317 843 373 285

2027 327 2087 382 S.
2129 327 2402 384 ASTERII
2442 328 2744 382 AMASENI

3896 324 3993 379 28$

740 443 1043 504 gustassent
1069 477 1085 498 ,
1123 438 1307 492 hostes
1345 438 1686 510 impugnans,
1731 443 2022 498 consolans
2062 445 2350 506 domesti-,

2436 446 2546 508 τοὺς
2579 443 2812 506 οἰκείους
2841 440 3198 512 παρακαλῶν,
3225 441 3478 512 διωγμῶν
3525 441 3865 512 ἀνεχόμενοῦ
3909 443 3995 511 (ἱέ-

743 543 864 592 ros,
902 529 1310 596 persecutiones
1353 531 1653 596 sustinens,
1695 549 1975 590 carcerum
2016 537 2318 597 molestiam

743 619 948 685 l'crens,
968 620 1154 675 multis
1179 622 1353 676 modis
1372 621 1649 692 Evangelii
1667 640 1827 678 causa
1850 626 2085 694 pericula
2108 627 2316 681 adiens.

816 707 1078 764 Processu
1107 710 1304 764 deinde
1340 713 1620 780 temporis,
1656 714 1841 767 urbem
1871 715 2072 782 regiam
2109 725 2318 783 petens,

745 799 872 854 inde
916 801 981 852 ad
1020 816 1241 869 regnum
1291 803 1552 855 excurrit.
1602 802 1741 856 Nero
1771 803 1914 857 enim
1947 805 1998 857 in
2030 806 2166 858 iram
2199 822 2321 873 pro-

742 902 991 957 vocatus,
1026 892 1102 944 uti
1135 891 1263 945 olim
1295 891 1537 947 Herodes
1571 895 1622 946 in
1675 893 1981 960 Palaestina,
2012 910 2131 948 cum
2160 893 2318 949 Chri-

741 990 881 1036 stum
908 997 1086 1052 regem
1125 985 1261 1054 magi
1290 985 1706 1048 annuntiareut;
1732 986 1854 1040 aliis
1875 987 2088 1057 quidem
2120 988 2319 1056 spretis

659 1116 662 1120 .
741 1073 1133 1144 suppliciorum
1180 1076 1489 1145 generibus,
1524 1075 1631 1131 lata
1675 1077 1945 1132 sententia
1986 1086 2069 1133 ter
2102 1081 2318 1144 beatum

743 1162 1047 1235 apostolum
1097 1165 1234 1237 alllgi
1289 1168 1440 1222 cruci
1494 1169 1762 1231 decernit,
1799 1178 1854 1222 ut
1892 1170 2087 1225 nedum
2128 1170 2322 1228 Petrus

709 1272 894 1313 ~mare
927 1257 1180 1330 gradiens
1221 1259 1505 1314 Dominum
1557 1259 1898 1324 imitaretur,
1939 1276 2121 1315 verum
2157 1247 2355 1315 etiam

745 1350 798 1404 in
850 1348 993 1422 ligno
1031 1364 1340 1417 suspensus.
1381 1351 1664 1420 Tanquam
1719 1352 2068 1406 nihilominus
2104 1335 2322 1411 humilis

744 1439 1096 1510 sapiensque,
1132 1442 1214 1496 vel
1241 1441 1293 1494 in
1326 1443 1445 1512 ipso
1477 1443 1795 1497 certaminis
1820 1453 2060 1512 tempore
2086 1459 2150 1500 ac
2179 1444 2318 1499 lucta

745 1545 867 1584 cum
900 1532 1092 1585 mortis
1119 1546 1340 1600 pavore,
1374 1545 1712 1603 perspectum
1747 1534 1952 1590 habens
1977 1537 2102 1604 quid
2141 1536 2324 1590 Domi-

664 1685 666 1690 .
746 1636 874 1674 num
907 1623 1048 1677 inter
1081 1637 1144 1678 ac
1178 1637 1393 1677 servum
1431 1623 1746 1691 interesset,
1781 1641 1945 1682 unum
1983 1629 2112 1696 quid
2148 1628 2317 1684 bene-

745 1712 851 1766 ﬂcii
880 1712 1000 1767 loco
1029 1712 1098 1766 ab
1122 1714 1370 1768 hostibus
1397 1715 1627 1786 rogavit,
1654 1730 1721 1769 ne
1749 1715 1960 1772 scilicet
1985 1719 2172 1772 eadem
2199 1734 2319 1774 cum

746 1804 975 1860 Domino
1007 1804 1173 1874 ﬁgura
1209 1803 1487 1875 alﬁgerent
1517 1807 1681 1876 ligno,
1713 1809 1806 1863 sed
1839 1824 1996 1864 verso
2031 1810 2096 1863 ad
2123 1818 2321 1867 terram
2355 1789 2398 1846 Β

745 1896 922 1965 capite
956 1895 1341 1967 crucifigereut
1381 1895 1556 1972 Haud
1592 1899 1793 1969 quippe
1832 1915 1930 1970 par
1963 1915 2110 1966 esse,
2149 1911 2206 1955 ut
2239 1902 2322 1956 vel

746 1989 798 2042 iu
835 1998 1037 2055 morte,
1081 1988 1312 2058 aiquales
1344 1992 1486 2046 servi
1527 1989 1859 2062 hominique
1903 2003 2084 2063 partes
2119 2005 2320 2050 essent.

749 2080 914 2146 Dixit,
947 2094 1010 2135 ac
1039 2082 1147 2136 voti
1184 2097 1408 2156 compos
1437 2082 1664 2140 ellectus
1689 2095 1794 2151 est,
1825 2089 2112 2158 crucisque
2148 2090 2325 2143 medio

747 2174 813 2225 ad
843 2186 965 2225 eum
997 2173 1150 2236 abiit,
1186 2174 1277 2242 qui
1309 2175 1638 2243 crucifixus,
1671 2180 1972 2235 resurrexit
2006 2199 2018 2234 :
2058 2181 2170 2251 ipse
2203 2183 2323 2250 (Illi-3

749 2263 874 2318 dem
915 2263 1158 2334 martyrii
1207 2280 1406 2320 corona
1458 2268 1726 2334 donatus;
1786 2271 1940 2324 nobis
1991 2281 2169 2326 autem
2227 2274 2325 2326 ha-

750 2369 935 2408 rumce
971 2353 1327 2410 festivitatum
1361 2357 1554 2424 gaudia
1593 2359 1923 2430 relinquens.

819 2528 946 2584 Ihcc
977 2546 1074 2585 uos
1106 2545 1324 2600 quoque
1350 2532 1470 2596 tibi,
1497 2548 1529 2587 ο
1559 2534 1784 2589 charum
1811 2551 1874 2592 ac
1898 2553 2112 2593 sacrum
2141 2549 2324 2611 caput,

749 2631 848 2689 pro
883 2624 1080 2674 nostra
1132 2620 1273 2674 virili
1330 2623 1588 2680 facultate
1645 2626 1933 2681 multarum
1973 2628 2324 2698 gratulatoria

749 2710 1006 2764 virtutum
1037 2721 1424 2784 gestorumque
1451 2713 2066 2776 rcddendahabuimus.
2093 2722 2329 2790 Tempus

749 2819 882 2860 vero
907 2813 1016 2867 est,
1048 2804 1104 2859 ut
1129 2807 1195 2860 ad
1219 2807 1452 2877 pugilem
1484 2809 1712 2864 alterum
1763 2825 2066 2867 sermonem
2099 2818 2329 2870 cunver-

755 2904 958 2962 tamus,
995 2896 1061 2950 ad
1095 2905 1216 2963 tuae,
1255 2898 1496 2967 inquam,
1534 2900 1749 2958 virtutis
1777 2905 1980 2958 socium
2011 2906 2158 2960 illum
2191 2906 2326 2960 Tar-

748 3001 973 3042 sensem
1001 3006 1014 3042 :
1043 3003 1182 3054 eum,
1219 2993 1459 3058 inquam,
1506 2993 1596 3060 qui
1627 2994 1841 3067 diverso
1872 2995 2090 3066 quidem
2120 2997 2324 3067 suppli-
2354 2986 2357 2990 ’

751 3080 1049 3151 cli-genere
1071 3120 1086 3146 ,
1130 3096 1315 3135 verum
1351 3097 1458 3134 uno
1482 3082 1788 3154 eodemque
1814 3085 2031 3154 pietatis
2065 3088 2193 3154 ﬁne,
2225 3105 2325 3142 una

753 3185 928 3231 tecum
955 3178 1020 3230 ad
1051 3177 1330 3232 Christum
1368 3178 1644 3247 profectus
1677 3189 1778 3235 est.

823 3267 1021 3323 Paulus
1045 3269 1133 3322 ille
1161 3268 1517 3344 admirabilis,
1543 3285 1745 3325 canora
1778 3271 1865 3334 illa
1891 3273 2163 3344 Evangelii
2185 3277 2328 3340 tuba,

759 3360 910 3427 prius
933 3360 1150 3429 quidem
1177 3358 1410 3414 acerbus
1441 3360 1874 3418 Christianorum
1901 3347 2096 3430 hostis,
2128 3376 2334 3436 postre-

759 3461 904 3500 mum
940 3461 1068 3501 vero
1102 3446 1428 3502 fortissimus
1459 3448 1716 3513 Ecclesiae
1758 3465 2036 3521 patronus,
2077 3457 2332 3525 apostolis

755 3539 977 3607 quidem
1018 3539 1297 3594 recentior
1330 3541 1516 3609 gr‘atice
1547 3551 1702 3610 partu
1731 3543 1930 3606 editus,
1967 3561 2030 3600 ac
2065 3549 2335 3614 posterior

758 3629 1239 3713 tempore‘Christ't
1261 3629 1542 3700 discipulis
1573 3647 1857 3701 accensus,
1895 3635 2033 3688 idem
2063 3636 2337 3690 nihilomi-

759 3738 861 3776 nus
895 3723 1116 3790 prubata
1160 3724 1479 3788 virtute,-t1t
1507 3741 1574 3778 ne
1605 3726 1732 3794 quid
1769 3726 2000 3794 amplius
2035 3728 2233 3792 dicam,
2276 3745 2337 3781 ac

759 3805 1040 3879 duodecim
1097 3811 1310 3865 illorum
1362 3827 1530 3868 canos
1576 3816 1776 3883 pudore
1824 3815 2081 3882 alliciam,
2137 3816 2338 3886 Moysis

759 3901 1006 3970 :rqualis,
1041 3903 1323 3958 aemulator
1353 3905 1588 3971 fervens,
1613 3914 1669 3958 ut
1701 3908 1824 3974 quis
1853 3906 2012 3973 alius,
2047 3907 2182 3978 legis
2208 3922 2336 3975 pro-

759 3995 1148 4066 pugnaculum,
1180 3995 1391 4051 Veterls
1421 3997 1754 4070 Testamenti
1783 3997 1952 4071 turris
1980 3997 2134 4052 ﬁrma
2164 4013 2229 4052 ac
2260 3999 2340 4052 in-

762 4099 1061 4151 concussa;
1101 4088 1274 4140 donec
1310 4090 1538 4140 mutavit
1586 4087 1849 4151 animum,
1902 4087 2105 4157 grande
2149 4103 2336 4142 eorum

763 4177 1065 4244 periculum
1122 4179 1213 4245 qui
1266 4177 1543 4232 Christum
1595 4179 1971 4249 loquerentur;
2020 4187 2342 4246 nostrosque

765 4265 962 4334 ubique
1008 4267 1248 4320 terrebat
1303 4281 1369 4321 ac
1421 4267 1472 4320 in
1528 4265 1705 4336 fugam
1741 4259 1967 4334 agebat;
2014 4280 2138 4320 vero
2183 4265 2336 4333 juxta

765 4357 1165 4425 prmdictionem
1194 4356 1381 4416 Jacob,
1411 4356 1690 4425 Benjamin
1721 4357 1874 4424 lupus
1908 4372 2073 4426 rapax
2106 4357 2158 4422 ³,
2198 4356 2340 4424 opti-

2357 3125 2398 3181 C

2427 552 2533 605 ρων
2561 534 2829 606 ἀχθηδόνα
2862 532 3270 604 δεσμωτηρίων.
3311 531 3662 602 πολυτρόπως
3688 532 3782 586 τοῦ
3827 535 3996 604 Εὐαγ-

2424 625 2607 693 γελίου
2638 623 3092 696 προκινδυνεύων.

2492 715 2701 786 Χρόνου
2729 714 2787 767 δὲ
2818 713 3116 786 προϊόντος,
3156 712 3257 785 τὴν
3292 713 3676 784 βασιλεύουσαν
3709 711 3862 767 πόλιν
3893 712 3996 766 τῶν

2423 803 2724 876 ἀνθρώπων
2751 802 2952 866 λαϐὼν,
2980 803 3191 856 ἐκεῖθεν
3220 803 3312 857 ἐπί
3351 802 3448 891 τὴν
3479 802 3753 874 βασιλείαν
3777 802 3998 874 ἀνέδρα-

2427 913 2545 966 μεν.
2597 894 3035 966 Ἀναρῤιπισθεὶς
3091 894 3201 966 γάρ
3251 895 3280 948 6
3322 894 3515 966 Νέρων
3564 896 3643 957 είς
3688 894 3876 966 ὀργὴν,
3925 894 3998 958 ῶς

2424 1005 2553 1043 ποτε
2585 988 2728 1042 κατὰ
2757 988 2855 1059 τὴν
2879 987 3245 1059 Παλαιστίνην
3279 986 3545 1059 Ἡρώδης,
3576 987 3738 1058 ἡνίκα
3780 984 3998 1055 βασιλέα

2423 1082 2513 1134 τὸν
2562 1079 2798 1150 Χριστὸν
2844 1080 2895 1132 οἱ
2938 1080 3101 1150 μάγοι
3152 1078 3490 1148 διήγγελλον,
3539 1077 3856 1150 ὑπερϐαίνει
3907 1077 4000 1148 μὲν

2423 1173 2548 1235 τοὺς
2583 1171 2778 1233 ἄλλους
2821 1170 2930 1223 τῶν
2971 1171 3246 1230 κολάσεων
3279 1171 3534 1241 τρόπους,
3563 1168 3787 1241 ψηφίζει
3819 1168 3874 1223 δὲ
3911 1167 4000 1220 τὸν

2421 1263 2821 1335 τρισμακάριον
2855 1261 3273 1333 προσηλωθῆναι
3309 1259 3548 1333 σταυρῷ,
3593 1260 3677 1313 ἵνα
3727 1261 3801 1330 μὴ
3846 1259 4000 1329 μόνον

2424 1353 2670 1417 πεζεύων
2701 1353 2975 1407 Θάλασσαν
3009 1351 3217 1424 Πέτρος
3261 1350 3352 1406 τδν
3396 1352 3673 1420 Δεσπότην
3724 1353 3996 1422 μιμεῖται,

2424 1447 2558 1501 ἀλλὰ
2591 1446 2685 1501 καὶ
2717 1447 2810 1500 ἐπὶ
2841 1445 3000 1513 ξύλου
3039 1445 3405 1518 κρεμάμενος.
3435 1447 3646 1516 Ὅμως,
3669 1444 3744 1507 ὡς
3774 1442 4002 1513 εὐλαϐὴς

2423 1536 2519 1589 καὶ
2535 1533 2695 1606 σοφὸς
2712 1536 2813 1589 κάν
2827 1535 2905 1605 τῷ
2934 1535 3110 1607 καιρῷ
3133 1535 3232 1604 τῆς
3249 1535 3509 1604 ἀγωνίας,
3527 1533 3702 1598 εἰδὼς,
3720 1534 3802 1599 τίς
3821 1535 4005 1601 διαφο-
4035 1580 4040 1586 .

2426 1627 2498 1699 ρά
2519 1626 2724 1698 Κυρίου
2747 1626 2883 1698 πρὸς
2900 1624 3105 1692 δοῦλον,
3146 1624 3275 1695 μίαν
3306 1624 3474 1696 ᾔτησε
3495 1625 3647 1695 παρά
3659 1624 3768 1679 τῶν
3781 1622 4004 1695 ,ἐχθρῶν

2426 1721 2603 1792 χάριν,
2632 1721 2762 1792 μήτι
2789 1736 2852 1786 γε
2883 1721 2940 1772 ὲν
2969 1717 3140 1789 ὁμοίῳ
3175 1717 3251 1789 τῷ
3281 1719 3517 1790 σχήματι
3551 1717 3626 1788 τῷ
3657 1717 3797 1788 ξύλῳ
3843 1732 4008 1788 προσ-

2427 1812 2674 1879 αγαγεῖν,
2713 1808 2849 1862 ἀλλά
2883 1807 2981 1880 τὴν
3030 1807 3273 1879 κεφαλὴν
3305 1806 3382 1878 τῷ
3422 1807 3697 1878 προσγείῳ
3730 1805 3886 1876 μέρει
3914 1805 4006 1858 τοῦ

2429 1898 2665 1972 σταυροῦ
2724 1898 3208 1970 προοηλώσαντας.
3258 1898 3333 1951 Οὐ
3385 1897 3493 1967 γάρ
3558 1896 3730 1961 ἀξιον,
3777 1893 3898 1948 οὐδὲ
3952 1896 4012 1946 ἐν

2428 1991 2589 2046 πάθει
2621 1990 2728 2044 τῶν
2772 1992 2902 2045 ἴσων
2933 1991 3026 2044 τὸν
3059 1989 3241 2044 δοῦλον
3269 1989 3346 2060 τῷ
3383 1989 3628 2058 Δεσπότῃ
3668 1989 3870 2056 τυχεῖν.
3914 1979 4004 2038 Εἷ-

2427 2101 2547 2149 πεν,
2591 2083 2687 2137 καὶ
2732 2082 2923 2154 ἔτυχεν
2957 2075 3031 2135 ὧν
3079 2081 3352 2143 ἐϐούλετο,
3385 2081 3479 2133 καὶ
3509 2079 3596 2132 διὰ
3636 2079 3729 2134 τοῦ
3775 2077 4010 2149 σταυροῦ

2429 2175 2565 2246 πρὸς
2591 2175 2682 2228 τὸν
2726 2173 3111 2246 σταυρωθέντα
3150 2173 3242 2227 καὶ
3283 2172 3593 2226 ἀναστάντα
3623 2169 3883 2240 ἀπῆλθεν,
3915 2171 4011 2224 αύ-

2406 2268 2518 2342 ,τὸς
2567 2268 2662 2336 μὲν
2710 2266 2801 2318 τὸν
2849 2264 2945 2318 τοῦ
3002 2265 3302 2336 μαρτυρίου
3357 2261 3764 2331 ἀναδησάμενος
3808 2260 4011 2329 στέφα-

2429 2376 2538 2422 νον,
2580 2360 2712 2430 ἡμῖν
2748 2357 2804 2411 δὲ
2833 2356 3040 2410 τούτων
3068 2355 3178 2409 τῶν
3217 2353 3418 2426 ἑορτῶν
3448 2349 3763 2406 καταλιπὼν
3809 2350 3910 2413 τὰς
3939 2351 4016 2404 al-

2429 2469 2689 2607 La'lc'dtt'ni
2740 2530 2820 2599 σοι
2853 2540 2945 2595 καὶ
2999 2540 3160 2608 ἡμεῖς
3203 2536 3345 2590 κατὰ
3388 2536 3635 2607 δύναμιν,
3671 2531 3716 2590 ὦ
3745 2534 3872 2606 φίλη
3921 2532 4015 2585 καὶ

2433 2621 2824 2708 ἱεράίκεςραλὴ,
2863 2631 2972 2684 τῶν
3007 2628 3215 2682 πολλῶν
3258 2628 3694 2699 κατορθωμάτων
3730 2627 4019 2680 ἀπεδώκα-

2371 2794 2375 2799 η
2423 2713 2535 2797 μεν
2565 2725 2938 2799 χαριστήρια·
2973 2722 3091 2793 ῶρα
3141 2719 3196 2772 δὲ
3243 2719 3454 2781 λοιπὸν,
3485 2719 3572 2770 ἐπ’
3611 2719 3766 2772 ἄλλον
3809 2718 4011 2785 ἀγωνι-

2434 2813 2562 2888 στὴν
2589 2812 2786 2887 τρέψαι
2827 2815 2915 2867 τὸν
2945 2813 3119 2881 λόγον,
3147 2811 3238 2865 τὸν
3271 2812 3444 2866 κοινὸν
3473 2812 3493 2842 ⁸
3521 2811 3619 2881 τῆς
3660 2811 3754 2882 σῆς
3779 2808 4016 2879 ἀρετῆς,

2431 2908 2521 2970 τὸν
2542 2905 2788 2978 Ταρσέα,
2817 2904 2909 2957 τὸν
2939 2902 3176 2974 διαφόρῳ
3221 2902 3318 2973 μὲν
3573 2901 3670 2968 τῆς
3710 2898 4018 2968 τιμωρίας,

2432 3002 2512 3053 ὲν¹ι
2538 2999 2592 3052 δὲ
2629 2996 2815 3066 σκοπῷ
2841 2995 2942 3067 τῆς
2979 2993 3259 3058 εὐσεϐείας
3299 2994 3436 3064 μετά
3479 2992 3572 3045 σοῦ
3615 2991 3750 3062 πρὸς
3779 2990 4024 3062 Χριστὸν

2432 3083 2792 3138 ἀναλύσαντα.

2506 3263 2717 3326 Παῦλος
2758 3263 2786 3314 6
2815 3260 3120 3323 θεσπέσιος.
3148 3262 3180 3330 ή
3219 3257 3600 3330 μεγαλόφωνος
3628 3256 3720 3309 τοῦ
3767 3256 4021 3322 Εύαγγε-

2432 3359 2547 3412 λίου
2590 3354 2844 3422 σάλπιγξ,
2875 3356 2903 3407 6
2937 3354 3201 3425 πρότερον
3232 3352 3330 3422 μὲν
3360 3351 3556 3422 πικρὸς
3581 3347 3850 3418 δυσμενὴς
3886 3346 4028 3418 Χρι-

2437 3448 2685 3513 στιανῶν,
2733 3446 3083 3517 ἰσχυρότατος
3128 3443 3184 3496 δὲ
3216 3433 3522 3496 τελευτὰῖον
3554 3442 3652 3510 τῆς
3691 3437 4032 3506 Ἐκκλησίας.

2438 3543 2758 3612 συνήγορος,
2790 3536 3054 3608 νεώτερος
3106 3537 3202 3605 μὲν
3243 3533 3510 3613 ὲπετέχθη
3542 3536 3666 3594 τοῖς,
3699 3530 4028 3592 ἀποστόλοις

2438 3633 2587 3702 παρὰ
2617 3631 2717 3700 τῆς
2756 3631 3008 3701 χάριτος·
3055 3628 3149 3680 καὶ
3193 3625 3271 3696 τῷ
3315 3625 3491 3696 χρόνῳ
3519 3623 3769 3694 δεύτερος
3806 3618 3877 3692 ἦν
3918 3620 4031 3674 τῶν

2441 3720 2695 3790 μαθητῶν
2733 3717 2826 3771 τοῦ
2858 3716 3116 3787 Χριστοῦ,
3153 3713 3264 3776 ἴσος
3295 3714 3349 3765 δὲ
3390 3713 3529 3766 κατὰ
3573 3713 3635 3764 τὸ
3675 3711 3900 3781 δόκιμον
3929 3711 4031 3780 τῆς

2439 3813 2659 3879 ἀρετῆς,
2697 3812 2782 3863 ἵνα
2812 3810 2975 3881 μηδὲν
3008 3811 3143 3862 εἴπω
3181 3808 3360 3872 πλέον,
3411 3797 3514 3877 τὴν
3541 3805 3734 3858 πολιὰν
3770 3804 4034 3876 ἐρυθριά-

2442 3918 2540 3963 σας
2576 3899 2682 3952 τῶν
2711 3898 2938 3962 δώδεκα,
2972 3896 3219 3968 ζηλωτὴς
3258 3894 3315 3947 δὲ
3357 3893 3558 3964 θερμὸς
3591 3890 3685 3946 τοῦ
3717 3891 4031 3955 Μωῦσὲως,

2440 3991 2594 4062 εἴπερ
2634 4008 2717 4054 τις
2746 3990 2950 4060 ἕτερος,
2979 3991 3152 4057 τεῖχος
3200 3985 3284 4038 τοῦ
3313 3986 3499 4054 νόμου,
3539 3983 3748 4053 πύργος
3778 3982 3883 4052 τῆς
3912 3982 4031 4035 Πα-

2440 4083 2596 4144 λαιᾶς
2639 4070 2914 4152 Διαθὴκης
2947 4077 3343 4150 καρτερὺςςκαὶ
3375 4076 3657 4136 ἀσειστος·
3691 4072 3784 4126 καὶ
3832 4073 4035 4142 μέχρις

2441 4170 2500 4228 οὗ
2551 4175 2649 4244 τῆν
2705 4172 2929 4243 γνώμην
2968 4170 3344 4240 ἀμετάϐλητον
3381 4163 3542 4236 εἶχεν,
3589 4165 3760 4235 μέγας
3809 4164 4034 4235 ὑπῆρχε

2444 4266 2683 4326 κίνδυνος
2729 4263 2836 4316 τῶν
2873 4263 2962 4316 τὸν
2996 4262 3228 4333 Χριστὸν
3261 4259 3582 4321 λαλούντων,
3613 4258 3704 4310 καὶ
3743 4253 4033 4328 πανταχοῦ

2444 4360 2676 4411 διεπτόει
2715 4358 2838 4419 τοὺς
2885 4355 3183 4426 ἡμετέρους
3217 4354 3309 4405 καὶ
3351 4351 3786 4420 ὲφυγάδευσεν⁵⁶ο
3825 4348 4032 4410 ὅντως.

769 4464 885 4504 mos
917 4463 1159 4517 quosque
1195 4447 1338 4503 Novi
1391 4447 1724 4504 Testamenti
1769 4449 2084 4518 discerpens
2139 4464 2200 4502 ac
2233 4448 2342 4501 clis-

2447 4449 2589 4503 κατά
2625 4448 2725 4519 τὴν
2769 4447 3072 4518 πρόρρησιν
3107 4444 3199 4497 τοῦ
3241 4443 3455 4503 Ἰακὼϐ,
3493 4441 3794 4510 Βενιαμὴν
3835 4440 4032 4499 λύκος

769 4554 998 4610 pergens
1024 4552 1236 4610 greges.

839 4725 972 4790 Quia
988 4739 1112 4778 vero
1145 4723 1307 4778 etiam
1341 4721 1512 4777 sancti
1549 4722 1807 4792 Stephani
1837 4721 2070 4777 fabulam
2105 4725 2326 4788 luserat,

773 4819 1053 4886 adhucque
1086 4834 1279 4874 cruore
1302 4817 1526 4872 foedatis
1572 4817 1820 4871 manibus
1863 4814 2184 4869 Damascum
2224 4830 2345 4880 per-

767 4911 965 4982 gebat,
1021 4912 1555 4980 persecutionemque
1602 4907 1999 4977 persecutioni,
2058 4922 2121 4961 ac
2173 4907 2346 4959 caedes

769 5001 1006 5057 caedibus
1063 5009 1305 5067 nectere,
1368 5009 1644 5069 totumque
1704 4998 1960 5053 radicitus
2024 4997 2348 5053 ChriStiaui-

773 5107 971 5156 smum,
1008 5092 1242 5160 primum
1273 5091 1538 5145 hactenus
1573 5088 1853 5145 ﬂorentem
1887 5098 2086 5152 ortum,
2117 5087 2346 5142 evellere

775 5185 1094 5254 satagebat;
1137 5198 1249 5238 rem
1286 5183 1427 5239 Deus
1469 5182 1636 5253 probe
1681 5182 1846 5248 vidit,
1885 5181 2138 5234 nimirum
2191 5179 2341 5241 fore,

775 5286 836 5332 ut
865 5277 1006 5332 acris
1039 5275 1207 5330 hostis
1234 5290 1296 5330 ac
1317 5275 1542 5344 validus,
1573 5274 1820 5338 generosi
1848 5272 2082 5342 pectoris
2107 5286 2166 5326 ac
2193 5271 2348 5324 fortis

778 5369 942 5426 animi
987 5366 1290 5424 efﬁceretur
1321 5369 1526 5423 amicus
1563 5387 1576 5422 :
1613 5367 1897 5436 subitoque
1935 5363 2350 5434 circumfulgeus

777 5459 1000 5526 lumine,
1037 5458 1311 5527 percellit,
1343 5472 1406 5512 ac
1437 5458 1503 5512 ad
1541 5457 1894 5512 humilitatem
1926 5455 2224 5519 convertit,
2268 5455 2349 5508 in-

779 5561 941 5603 cusso
965 5547 1179 5616 quidem
1217 5545 1410 5602 timore
1440 5560 1469 5599 a
1501 5560 1661 5601 cursu
1695 5545 1981 5609 cohibens;
2013 5542 2349 5599 ﬂammautcs

2446 4539 2663 4609 ἅρπαξ,
2703 4537 3036 4610 σπαράσσων
3072 4537 3172 4606 τῆς
3207 4535 3351 4597 Νέας
3395 4534 3667 4604 Διαθήκης
3707 4534 3835 4593 τοὺς
3884 4531 4039 4601 ἀμεί-

2446 4649 2590 4694 νους,
2625 4631 2718 4684 καὶ
2757 4627 3067 4700 σκορπίζων
3095 4626 3163 4679 τὰ
3196 4626 3437 4696 ποίμνια.

2532 4721 2752 4790 Ἐπειδὴ
2793 4721 2852 4772 δὲ
2881 4718 3057 4772 καὶτὸ
3089 4719 3273 4788 δρᾶμα
3309 4716 3366 4767 τὸ
3409 4714 3548 4768 κατά
3584 4713 3672 4766 τὸν
3706 4711 3866 4780 ἅγιον
3907 4713 4041 4764 Στέ-

2450 4830 2612 4882 φανον
2649 4811 3026 4883 ἐξειργάσατο,
3058 4810 3152 4861 καὶ
3185 4809 3279 4871 τὰς
3307 4811 3495 4878 χεῖρας
3525 4805 3661 4876 ἔχων
3693 4805 3772 4857 ἔτι
3800 4806 4048 4876 μεμολυ-

2452 4904 2653 4976 σμένας
2675 4903 2750 4974 τῷ
2768 4904 2958 4973 αἵματι
2977 4942 2990 4965 ,
3010 4902 3108 4970 τὴν
3130 4900 3222 4953 ἐπὶ
3240 4900 3526 4969 Δαμασκὸν
3545 4898 3782 4969 ἔτρεχεν,
3800 4897 4042 4969 διωγμῷ

2449 4995 2688 5065 διωγμὸν
2719 4994 2813 5047 καὶ
2857 4995 3037 5062 φόνοις
3062 4992 3268 5058 φόνους
3311 4991 3542 5060 συνάψαι
3567 4991 3920 5060 βουλόμενος,
3948 4991 4044 5043 καὶ

2452 5087 2764 5140 ἀνασπάσαι
2802 5085 2893 5137 τὸν
2945 5081 3373 5154 Χριστιανισμὺν
3405 5082 3714 5153 πρόρριζον,
3760 5081 3894 5150 ἄρτι
3941 5083 4045 5151 τὴν

2453 5177 2676 5248 πρώτην
2710 5175 2973 5230 ἀνθοῦντα
3005 5176 3145 5246 φυήν
3165 5192 3177 5204 ο
3212 5169 3349 5227 εἶδεν
3383 5172 3561 5234 καλῶς
3592 5173 3620 5223 ό
3653 5170 3783 5233 Θεὸς
3819 5172 3991 5241 ἡμῶν
4019 5172 4047 5222 ὃ

2457 5268 2779 5338 πεποίηκεν,
2814 5269 2896 5319 ὄτι
2923 5268 2950 5319 6
2983 5267 3200 5337 ἰσχυρὸς
3226 5264 3415 5335 ἐχθρὸς
3443 5263 3621 5334 γένητ’
3657 5262 3722 5314 ἂν
3754 5263 3853 5313 καὶ
3889 5262 4044 5331 φίλος

2456 5361 2701 5429 γενναῖος
2721 5375 2733 5390 ·
2771 5360 2864 5411 καὶ
2893 5357 3241 5429 περιλάμψας
3272 5355 3433 5408 αὐτὸν
3475 5353 3737 5423 αἰφνίδιον
3758 5352 3838 5423 τῷ
3875 5354 4045 5422 φωτὶ,

2457 5448 2821 5518 καταπλήττει
2854 5449 2946 5502 καὶ
2976 5445 3302 5517 μεταϐάλλει
3327 5443 3462 5515 πρὸς
3489 5443 3885 5514 ταπεινότητα,
3915 5447 4045 5515 στή-

2460 5556 2557 5603 σας
2598 5540 2694 5607 μὲν
2733 5537 2824 5592 τοῦ
2869 5538 3068 5608 δρόμου
3103 5537 3189 5590 διὰ
3227 5535 3318 5588 τὸν
3352 5533 3537 5603 φόϐον,
3586 5533 3711 5598 τοὺς
3743 5532 3801 5586 δὲ
3843 5535 3908 5588 τὸ
3943 5552 4048 5588 πυο

859 5747 879 5780 ³
917 5747 1051 5803 Gen.
1081 5763 1225 5804 xLIx.
1254 5746 1340 5799 27.
1421 5747 1440 5776 ⁸
1483 5743 1887 5810 ιιοςιλοινωνόν.
1941 5741 1982 5774 ’δ’
2010 5743 2138 5809 ch.
2178 5742 2520 5810 ἐφυγάδευεν.
