4212 6318
283 375 390 432 ess

1179 372 1457 428 HOMILIA
1503 373 1635 428 vut.
1683 373 1748 428 lN
1786 374 1883 430 ss.
1921 373 2203 430 PETRUM
2242 375 2327 428 ET
2368 332 2673 433 raeLuu.

3448 383 3553 438 286

291 491 458 563 ρῶδες
489 491 586 543 καὶ
625 490 914 561 θυμοειδὲς
946 489 1240 559 βλέποντας
1266 490 1581 561 ὀφθαλμοὺς
1611 491 1878 562 σωφρονί-
1912 500 1954 554 Α

1912 500 1956 554 Λ
1985 508 2111 548 vero
2150 508 2212 548 ac
2250 493 2384 546 iram
2427 493 2696 563 spirantes
2728 496 2942 561 oculos,
2969 496 3156 553 oll‘usis
3203 497 3438 552 tenebris
3461 513 3553 553 ca-

293 599 393 646 σας
415 581 492 652 τῷ
521 581 724 653 σκότῳ.
755 582 1162 652 Τιμωρεῖταιδέ
1183 583 1365 645 αὑτὸν,
1383 583 1443 636 ού
1476 584 1615 653 μετὰ
1645 584 1875 653 σιωπῆς,

292 673 428 728 ἀλλὰ
469 674 567 726 καὶ
592 675 752 742 λόγον
787 673 868 745 τῷ
901 674 1048 744 ἔργῳ
1081 673 1442 746 προσέθηκεν,
1478 675 1649 728 εἰπὼν
1684 677 1877 746 ἐκείνῳ

289 765 351 818 τδ
393 765 818 844 γεγραμμένον·
863 765 1079 828 Σαῦλε,
1124 766 1341 830 Σαῦλε,
1395 767 1453 820 τί
1491 783 1568 835 με
1609 766 1875 831 6mm,-

287 857 571 924 Σκληράν
613 871 713 910 σοι
756 854 906 925 πρὸς
937 856 1154 926 κέντρα
1187 856 1487 917 λακτίζειν
1507 871 1519 885 ·
1549 856 1750 928 οὐχ’ὡς
1779 860 1877 911 αὐ..

287 947 383 1010 τὸς
425 946 645 1017 χρῄζων
687 946 789 1016 τῆς
833 946 1118 1013 διαλέξεως
1145 948 1236 1019 (τί
1261 949 1378 1026 γὰρ.
1402 949 1508 1002 ἔδει
1547 948 1740 1018 λόγων,
1769 949 1876 1003 τῶν

289 1037 638 1108 πραγμάτων
664 1038 1022 1109 ἀρκούντων),
1059 1039 1178 1092 ἀλλ’
1210 1040 1298 1093 ἵνα
1324 1039 1594 1111 πρόφασιν
1619 1040 1751 1111 ἐνδῷ
1779 1039 1873 1094 τοῦ

286 1131 568 1201 ἐρωτῆσαι
591 1131 686 1185 καὶ
716 1130 931 1198 μαθεῖν,
969 1132 1050 1185 ὅτι
1075 1133 1104 1184 ὁ
1123 1132 1476 1204 νομιζόμενος
1498 1133 1752 1190 τεθνάναι
1783 1135 1874 1187 καὶ

287 1222 508 1276 κεῖσθαι
553 1224 812 1296 Χριστὸς,
856 1222 943 1295 ζῇ,
980 1225 1076 1278 καὶ
1112 1223 1172 1290 ἐξ
1211 1225 1458 1298 οὐρανῶν
1501 1227 1870 1297 ἐπιφαίνεται.

286 1313 460 1367 Οὐδὲν
489 1314 547 1368 δὲ
585 1309 696 1368 οἷον
742 1316 883 1372 αὐτὰ
912 1316 1244 1389 τὰρήμξατα
1288 1316 1652 1389 παραθέσθαι,
1681 1319 1747 1373 τὰ
1779 1318 1872 1372 τοῦ

298 1405 555 1478 Ἐϐραίου
584 1406 747 1462 λύκου
779 1408 878 1480 τὴν
913 1409 1083 1480 θήραν
1116 1410 1246 1481 ἡμῖν
1279 1409 1640 1481 ἐξηγούμενοι.

370 1498 428 1550 '0
462 1497 532 1550 δὲ
571 1498 810 1565 Σαῦλος
832 1499 917 1554 ἐτι
943 1499 1218 1569 ἐμπνέων
1241 1498 1500 1567 ἀπειλῆς
1531 1499 1629 1554 καὶ
1657 1502 1870 1570 φόνου.

296 1590 644 1661 ’Υπογράφει
671 1607 767 1661 μοι.
792 1592 821 1644 ὁ
872 1590 1028 1660 λόγος
1067 1591 1234 1664 ἄνδρα
1260 1591 1419 1668 θυμῷ,
1442 1593 1779 1664 ῥηγνύμενον
1810 1593 1875 1644 ἐκ

283 1683 392 1754 τῆς
425 1682 809 1754 προλαὸούσης
846 1685 1182 1754 μιαιφονίας,
1220 1683 1300 1736 ἔτι
1332 1683 1708 1738 πνευστιῶντα
1738 1685 1875 1754 μετὰ

282 1774 390 1838 τὰς
411 1774 520 1836 τῶν
550 1774 715 1828 λίθων
747 1774 928 1845 βολὰς,
961 1775 1198 1846 ὕφαιμον
1229 1776 1326 1830 καὶ
1355 1775 1545 1847 ἄγριον
1583 1776 1868 1854 βλέποντα,

1984 587 2208 656 stigans.
2244 585 2400 658 Punit
2428 597 2605 641 autem
2633 603 2736 641 non
2765 589 2998 654 silentio,
3025 605 3210 645 verum
3229 591 3388 661 etiam
3413 590 3553 646 facto

1987 691 2292 730 sermonem
2324 677 2591 747 adjunxit,
2630 679 2814 732 dicens
2846 679 2919 733 illi
2947 681 3087 748 quod
3124 682 3383 749 scriptum
3420 688 3502 734 est
3534 698 3548 734 :

1982 763 2164 831 Saule,
2198 767 2381 831 Saule,
2432 769 2555 836 quid
2587 784 2667 821 me
2698 770 3016 838 persequeris
3038 771 3063 822 ξ)
3103 769 3305 838 Durum
3347 781 3422 824 est
3455 770 3552 822 tibi

1983 869 2163 913 contra
2217 860 2485 912 stimulum
2530 861 2807 913 calcitrare
2847 861 2912 914 ἐ
2954 876 3057 914 non
3119 837 3369 931 tauquam
3416 875 3552 929 opus

1982 951 2204 1006 haberet
2230 951 2479 1006 conferre
2513 966 2840 1006 sermonem.
2867 950 3002 1017 Quid
3034 953 3174 1004 enim
3207 953 3383 1024 verbis
3415 967 3552 1021 opus

1981 1057 2101 1097 cum
2140 1057 2226 1098 res
2247 1041 2589 1099 sufficerent?
2616 1058 2799 1098 verum
2825 1052 2880 1096 ut
2909 1043 3178 1112 quaerendi
3209 1033 3548 1098 occasionem

1977 1124 2244 1204 praeberet
2287 1128 2450 1206 atque
2501 1136 2777 1196 discendi,
2827 1137 2998 1205 ipsum
3025 1176 3038 1201 ,
3075 1136 3162 1202 qui
3199 1145 3440 1189 mortuus
3487 1149 3552 1198 ac

1980 1227 2145 1284 humo
2169 1228 2417 1282 conditus
2444 1229 2752 1299 putabatur,
2784 1228 3064 1283 Christum
3097 1228 3298 1289 vivere,
3331 1235 3491 1295 atque
3521 1240 3552 1280 e

1977 1317 2129 1374 caelis
2179 1332 2459 1388 apparere.
2495 1320 2694 1374 Verum
2746 1327 2965 1390 praestat
3005 1318 3143 1388 ipsa,
3198 1314 3549 1386 quibns~lupi

1977 1409 2184 1464 Hebraei
2217 1419 2437 1480 raptura
2472 1419 2774 1470 enarratur,
2812 1409 2970 1466 verba
3001 1423 3318 1478 proponere.

2051 1500 2248 1556 Saulus
2293 1514 2465 1554 autem
2492 1499 2662 1554 adhuc
2694 1501 2898 1568 spirans
2927 1501 3186 1553 minarum
3221 1509 3268 1553 et
3308 1498 3469 1554 caulis
3507 1497 3548 1551 ".

1980 1595 2225 1651 Delineat
2257 1609 2455 1658 sermo,
2496 1594 2694 1658 virum,
2745 1595 2821 1646 ira
2865 1607 2924 1647 se
2969 1608 2997 1645 a
3033 1592 3352 1661 praecedenti
3404 1591 3554 1645 caede

1979 1698 2348 1756 rumpentem;
2381 1701 2524 1759 aegre
2546 1689 2720 1741 adhuc
2748 1695 2864 1756 post
2891 1670 3069 1754 jactus
3099 1665 3330 1754 lapidum
3350 1684 3550 1738 ducen-

1982 1789 2088 1834 tem
2136 1779 2417 1849 spiritum,
2475 1793 2617 1832 ειενο
2669 1793 2731 1831 ac
2783 1778 2920 1832 truci
2977 1760 3195 1845 aspectu
3239 1775 3546 1854 hominem,

284 1859 402 1919 οἷον
432 1864 746 1933 ἐπάναγκες
778 1865 868 1919 τὸν
899 1866 1088 1936 φονέα,
1119 1863 1363 1931 σώζοντα
1392 1865 1459 1919 τὰ
1490 1866 1548 1919 ἐν
1581 1867 1746 1937 ἀρχῇ,
1774 1866 1874 1938 τῆς
1907 1853 1945 1908 Β

1907 1853 1945 1908 Β
1978 1873 2190 1942 qualem
2237 1887 2359 1927 eum
2413 1861 2732 1941 oportebat,
2765 1871 2854 1939 qui
2895 1869 3066 1939 prima
3112 1866 3404 1938 prophetiae
3449 1853 3546 1936 pa-

283 1955 382 2008 τοῦ
432 1957 780 2028 πατριάρχου
825 1957 1164 2029 προφητείας
1193 1955 1262 2011 τὰ
1313 1955 1576 2027 σύμϐολα.
1639 1957 1872 2020 Ἐκεῖνος

285 2047 423 2118 γὰρ,
449 2047 638 2119 ἐπειδὴ
680 2047 940 2118 τελευτᾷν
974 2047 1216 2118 ἔμελλεν,
1254 2047 1518 2102 πάντοθεν
1549 2047 1675 2110 τοὺς
1708 2046 1870 2100 αὑτοῦ

286 2140 487 2204 παῖδας
520 2141 860 2211 περιστήσας
891 2143 956 2211 τῇ
991 2134 1180 2212 κλίνῃ,
1219 2138 1492 2208 Πνεύματι
1536 2140 1871 2208 προηγόρευ-

287 2249 403 2286 σεν.
445 2231 604 2284 Οὕτω
657 2230 788 2299 γοῦν
830 2231 922 2283 τὸν
997 2229 1195 2288 Ἰούδαν
1243 2227 1501 2297 εὐλογῶν,
1542 2229 1735 2300 ἐκείνῳ
1779 2231 1875 2301 μὲν

285 2325 584 2392 διελέγετο,
639 2320 1017 2394 ἁλληγορικῶς
1058 2322 1116 2374 δὲ
1153 2321 1360 2394 ὕμνησε
1393 2322 1484 2374 τὸν
1527 2321 1620 2374 ἀπ’
1665 2321 1872 2375 ἐκείνου

284 2416 546 2490 Χριστόν.
592 2417 752 2486 Ἑξῆς
799 2416 854 2468 δὲ
889 2417 1002 2479 τοῖς
1045 2417 1176 2468 πᾶσι
1213 2414 1764 2488 προμαντευσάμενος
1805 2415 1874 2468 τὰ

286 2512 370 2574 εἰς
401 2508 654 2580 ὕστερον,
691 2508 1001 2561 τελευταῖον
1035 2503 1199 2578 ἦλθεν
1227 2509 1320 2560 ἐπὶ
1350 2507 1441 2560 τὸν
1474 2507 1769 2578 Βενιαμὴν,
1800 2507 1875 2570 ὡς

285 2603 384 2656 καὶ
411 2601 488 2672 τῷ
527 2599 708 2672 χρόνῳ
748 2599 1037 2670 νεώτερον·
1091 2597 1250 2668 δῆθεν
1302 2597 1401 2672 μὲν
1451 2597 1588 2669 πρὸς
1633 2597 1723 2650 τὸν
1763 2597 1876 2650 υίδν

283 2694 612 2764 ἐφθέγγετο,
647 2690 725 2762 τῷ
756 2690 867 2744 ὖντι
896 2691 952 2744 δὲ
976 2690 1067 2744 τὸν
1100 2689 1311 2744 Παῦλον
1339 2691 1652 2761 ἐσήμαινεν,
1683 2693 1748 2744 ἐκ
1776 2691 1876 2761 τῆς

285 2784 489 2855 φυλῆς,
521 2783 597 2847 ὡς
638 2781 907 2852 ἔγνωμεν,
938 2780 1040 2850 τῆς
1077 2779 1286 2834 ἐκείνου
1317 2781 1640 2848 κατάγοντα.
1681 2783 1877 2835 Βενια-

281 2879 416 2949 μὴν
442 2877 636 2942 λύκος
660 2875 860 2944 ἅρπαξ
868 2915 881 2937 ,
911 2872 990 2940 τῷ
1017 2873 1169 2941 πρωῒ
1205 2872 1423 2935 ἔδεται,
1445 2873 1555 2926 -καὶ
1578 2875 1666 2938 εὶς
1705 2872 1875 2927 ἐσπέ-

280 2988 403 3039 par
432 2967 717 3023 διαδώσει
755 2965 1010 3036 τροφήν.
1051 2966 1114 3018 Τί
1143 2968 1258 3020 ἐστι
1288 2966 1347 3019 τὸ
1375 2965 1686 3036 λεγόμενον,
1718 2966 1874 3036 ἐρευ-

286 3060 617 3134 νησώμεθα·
651 3061 686 3131 ἦ
735 3059 890 3114 τοῦτο
922 3059 1160 3124 πάντως,
1195 3060 1276 3112 ὅτι
1336 3059 1404 3111 τὰ
1447 3057 1640 3130 πρῶτα
1680 3056 1874 3127 φαγών

1978 1965 2226 2021 triarcha:
2261 1965 2500 2034 symbola
2537 1964 2814 2018 retineret.
2846 1961 2938 2016 Ille
2966 1962 3108 2015 enim
3143 1960 3300 2013 morti
3328 1958 3548 2028 propin-

1975 2074 2133 2128 quus.
2167 2073 2289 2110 cum
2329 2055 2465 2109 ﬁlios
2513 2055 2648 2108 lecto
2707 2053 2940 2123 undique
2972 2053 3325 2106 circumstare
3357 2049 3550 2117 jussis-

1977 2160 2080 2216 set,
2113 2150 2313 2218 Spiritu
2346 2146 2706 2218 prophelavit.
2749 2143 2838 2198 Sic
2879 2144 3061 2213 itaque
3103 2141 3426 2196 benedicens
3452 2136 3544 2193 Ju-

1976 2245 2120 2310 dam,
2153 2243 2297 2297 illum
2336 2241 2550 2310 quidem
2591 2238 2980 2306 alloquebatur,
3016 2248 3222 2296 verum,
3271 2242 3322 2285 ιιι
3353 2231 3550 2299 allega-

1978 2337 2111 2390 riam
2141 2345 2374 2403 specms,
2401 2331 2675 2385 Christum
2721 2327 3000 2391 laudabat,
3047 2325 3136 2394 qui
3166 2339 3242 2403 ex
3285 2338 3349 2378 eo
3381 2323 3540 2377 foret.

1976 2427 2112 2480 Tum
2156 2440 2279 2480 vero
2318 2424 2540 2491 reliquis
2583 2421 2832 2475 omnibus
2861 2416 3180 2470 vaticinatus
3213 2414 3414 2478 futura,
3454 2427 3551 2478 po-

1977 2530 2180 2574 stremo
2210 2517 2274 2571 ad
2317 2515 2597 2583 Beniamin
2621 2555 2636 2577 ,
2674 2522 2928 2580 tanquam
2963 2519 3121 2563 aetate
3149 2506 3421 2573 juniorem
3461 2520 3551 2556 ve-

1979 2609 2092 2672 nit,
2156 2623 2218 2662 ac
2250 2623 2380 2660 sane
2423 2605 2590 2660 ﬁlium
2639 2603 2852 2671 quidem
2900 2601 3307 2668 alloquebatur;
3363 2609 3549 2649 revera

1977 2710 2158 2755 autem
2211 2699 2529 2768 designabat
2563 2697 2786 2751 Paulum
2814 2736 2828 2759 ,
2860 2709 3016 2763 quem
3056 2691 3302 2746 novimus
3343 2703 3408 2742 ex
3436 2687 3552 2755 ejus

1980 2793 2122 2846 tribu
2156 2792 2592 2846 descendentem.
2641 2788 2922 2856 Benjamin
2969 2785 3121 2853 lupus
3157 2799 3358 2850 rapax,
3401 2796 3554 2833 marte.

1976 2885 2199 2938 comedit
2236 2894 2282 2937 et
2314 2884 2383 2935 ad
2413 2897 2673 2949 vesperam
2717 2878 2993 2932 distribuet
3033 2892 3176 2929 escas
3205 2875 3248 2926 ".
3283 2872 3546 2939 Exquira-

1979 2991 2097 3030 mus
2125 2975 2251 3044 quid
2286 2974 2411 3026 illttd
2440 2967 2624 3040 utique
2652 2971 2795 3033 velit,
2826 2986 2976 3022 mane
2997 2965 3287 3027 comedens,
3319 2965 3418 3016 hoc
3444 2973 3549 3024 est,

1977 3077 2314 3136 persecutor,
2341 3066 2429 3134 qtti
2457 3066 2509 3117 in
2529 3064 2957 3118 eazdesintentus
2975 3069 3123 3124 erat;
3153 3057 3405 3111 fundebat
3429 3069 3552 3107 sau-

289 3153 600 3226 (τουτέστι,
639 3151 858 3218 διώξας,
878 3149 1183 3220 φονεύσας,
1224 3149 1420 3220 ἐκχέας
1450 3149 1675 3219 αἵματα,
1711 3164 1875 3218 σκορ-
1903 3183 1946 3244 C

1903 3183 1946 3244 ε
1980 3162 2194 3232 guinem
2218 3199 2231 3222 ,
2269 3159 2412 3211 velut
2443 3171 2654 3225 gregem
2684 3152 2977 3207 Eeclesiam
3024 3148 3225 3204 Christi
3272 3145 3550 3244 disperge-

289 3245 454 3309 πίσας
479 3244 556 3308 ὡς
577 3243 792 3314 ἀγέλην
803 3241 900 3314 τὴν
939 3241 1306 3312 Ἐκκλησίαν),
1328 3240 1634 3294 τελευταῖον
1661 3239 1875 3308 ἐγένετο

285 3337 489 3406 νομεὺς
516 3337 612 3389 καὶ
647 3335 850 3405 ποιμὴν
877 3333 1102 3402 ἀγαθὸς,
1134 3332 1472 3403 ἀποθέμενος
1502 3329 1592 3384 τὸν
1619 3329 1870 3401 διώκτην,

287 3427 384 3480 καὶ
411 3424 777 3494 ἐνδυσάμενος
803 3423 893 3475 τὸν
929 3422 1224 3474 ἀπόστολον
1251 3439 1264 3452 ο
1298 3423 1432 3475 πᾶσι
1464 3421 1520 3474 δὲ
1556 3421 1632 3483 ὡς
1670 3420 1875 3492 τροφὴν

285 3505 705 3588 διανέμωντδν
753 3515 937 3584 νόμον,
993 3514 1087 3566 καὶ
1132 3513 1229 3584 τὴν
1282 3515 1443 3580 ἁγίαν
1489 3515 1617 3582 ἡμῖν
1672 3512 1874 3581 ταύτην

291 3609 657 3680 ἱδρυσάμενος
689 3605 997 3678 τράπεζαν.
1043 3605 1106 3658 Ἢ
1140 3604 1248 3676 γὰρ
1277 3603 1368 3657 τοῦ
1409 3604 1614 3674 Κυρίου
1648 3602 1875 3672 δύναμις

287 3699 538 3771 τοιαύτη,
581 3698 955 3767 ἀφοπλίζουσα
993 3695 1085 3750 τοῦ
1121 3695 1292 3767 θυμοῦ
1333 3696 1426 3748 καὶ
1457 3696 1561 3747 τῶν
1599 3694 1875 3748 δυσσεϐῶν

287 3791 579 3863 νοημάτων
605 3790 733 3852 τοὺς
766 3785 1174 3852 στασιάζοντας,
1207 3785 1591 3856 προσαγομένη
1616 3785 1672 3837 δὲ
1705 3784 1878 3856 εὐμη-

287 3885 492 3952 χάνως,
534 3880 628 3932 καὶ
668 3878 1086 3943 τιθασσεύουσα,
1125 3879 1220 3931 καὶ
1262 3877 1508 3948 πρόϐατα
1541 3877 1724 3946 ἥμερα
1758 3876 1874 3928 ἀντὶ

288 3971 499 4043 θηρίων
531 3969 836 4024 δακνόντων
863 3968 1228 4041 ἐργαζομένη.
1277 3969 1406 4023 Ἐπὶ
1433 3966 1660 4028 τούτοις,
1688 3967 1740 4019 τί
1770 3983 1875 4035 φη-

291 4079 378 4116 σιν
417 4065 452 4133 ἡ
491 4061 716 4132 Γραφή;
773 4063 855 4116 ὅτι
923 4060 1284 4129 Προσελθὼν
1313 4059 1392 4124 τῷ
1433 4058 1708 4129 ἀρχιερεῖ,
1739 4059 1878 4127 ᾐτή-

289 4172 446 4210 σατο
480 4156 618 4223 παρ’
659 4152 846 4208 αὐτοῦ
881 4153 1208 4219 ἐπιστολὰς
1242 4155 1330 4219 είς
1372 4152 1691 4222 Δαμασκὸν
1727 4151 1877 4219 πρὸς

287 4246 402 4312 τὰς
450 4245 828 4315 συναγωγὰς,
866 4245 1027 4312 ὅπως
1061 4245 1205 4312 τοὺς
1251 4245 1644 4314 Χριστιανοὺς
1685 4246 1874 4316 ἀγάγῃ

288 4337 363 4390 ἐν
400 4337 714 4405 Ἰερουσαλ
726 4336 824 4405 rip.

369 4430 436 4481 Ὢ
473 4428 620 4499 μάχη
673 4430 767 4480 καὶ
803 4427 1033 4499 διαφορὰ
1074 4427 1390 4491 ἐπιστολῶν,
1430 4427 1537 4481 τῶν
1573 4429 1693 4483 τότε
1728 4430 1876 4501 παρὰ

1979 3256 2071 3307 hat
2109 3271 2120 3305 :
2161 3255 2332 3305 bonus
2367 3250 2580 3303 demum
2623 3246 2798 3300 factus
2844 3253 2925 3299 est
2976 3252 3190 3309 pastor,
3226 3237 3552 3307 altjectoqnc

1983 3349 2125 3416 qttod
2160 3355 2273 3398 erat
2305 3340 2690 3412 persecutoris,
2717 3337 3014 3408 apostolum
3043 3334 3247 3398 induit;
3284 3328 3553 3384 universis

1978 3454 2106 3493 vero
2151 3448 2594 3506 tanquamescas
2646 3433 2816 3500 legem
2858 3425 3170 3488 distribuit,
3217 3433 3378 3491 atque
3414 3421 3552 3473 hanc

1979 3531 2133 3585 nobis
2163 3544 2375 3583 sacram
2409 3540 2655 3581 mensam
2682 3521 2879 3593 posuit.
2908 3519 3056 3574 Talis
3085 3515 3282 3586 quippe
3307 3515 3376 3567 ~ac
3407 3519 3552 3564 tanta

1981 3624 2195 3679 exsistit
2227 3623 2315 3676 Dei
2351 3622 2541 3684 virtus,
2573 3628 2630 3671 ttt
2665 3618 2742 3670 ira
2775 3615 3065 3684 impiisque
3097 3607 3427 3679 eogitatibus
3453 3618 3550 3658 ceu

1980 3714 2150 3767 armis
2189 3710 2477 3766 seditiosos
2508 3706 2701 3769 nudet,
2731 3703 2992 3771 facileque
3021 3699 3250 3753 adducat
3284 3707 3444 3762 atque
3477 3693 3553 3744 ci-

1980 3815 2156 3867 cnret,
2187 3819 2248 3856 ac
2279 3810 2588 3855 mansuetas
2616 3810 2744 3851 oves
2765 3834 2780 3858 ,
2809 3778 3122 3862 pro-bestiis
3153 3801 3331 3840 morsu
3365 3783 3538 3836 luden-

1985 3895 2148 3958 tibus,
2177 3892 2385 3945 reddat.
2410 3888 2545 3954 Quid
2579 3885 2641 3938 ad
2677 3885 2789 3936 haec
2816 3877 3132 3947 Scriptura?
3163 3873 3447 3936 Accedens,
3472 3871 3552 3924 iu-

1981 3986 2116 4054 quit,
2153 3985 2219 4035 ad
2256 3981 2539 4050 principem
2565 3976 2928 4037 sacerdotum,
2950 3971 3091 4038 petiit
3125 3967 3188 4019 ab
3220 3982 3278 4018 eo
3305 3961 3550 4031 epistolas

1977 4079 2029 4130 in
2067 4076 2385 4130 Damascum
2415 4071 2482 4125 ad
2511 4083 2836 4141 synagogas,
2880 4072 2935 4116 ut
2970 4061 3297 4115 Christianos
3341 4057 3548 4108 duceret

1977 4169 2030 4219 in
2077 4163 2430 4217 Hierusalem.

2050 4433 2092 4494 Ο
2127 4446 2300 4502 pugna
2335 4439 2495 4497 atque
2521 4423 2831 4498 tliscritnen,
2863 4433 3070 4483 earum,
3094 4429 3227 4484 quas
3257 4423 3382 4465 tunc
3417 4407 3548 4462 Pan-

291 4521 513 4576 Παύλου
531 4518 898 4594 ζητουμένων,
915 4518 1128 4572 καὶτῶν
1145 4518 1211 4584 ἃς
1230 4519 1319 4573 τὸν
1333 4521 1375 4572 Χ
1387 4519 1565 4590 ριστὸν
1581 4520 1877 4596 καταγγέλ-
1910 4522 1950 4574 D

1910 4522 1950 4574 ί)
1983 4525 2063 4578 lus
2110 4522 2369 4593 epistolas
2422 4516 2770 4586 requirebat,
2814 4523 3142 4578 earumque,
3181 4520 3314 4581 quas
3367 4512 3549 4572 postea

290 4613 402 4667 λων
431 4611 659 4682 ὕστερον
682 4609 952 4681 ἔγραψενί
983 4611 1048 4663 Al
1076 4611 1172 4681 μὲν
1207 4611 1468 4683 ἐδέσμουν
1491 4612 1874 4681 Χριστιανοὺς,

293 4703 352 4756 al
379 4701 438 4754 δὲ
467 4699 568 4762 τὰς
598 4697 819 4762 ἁλύσεις
849 4700 947 4764 τὰς
994 4701 1135 4773 ὑπὲρ
1164 4700 1401 4774 Χριστοῦ
1435 4701 1768 4774 περιέθηκαν
1800 4704 1878 4774 τῷ

291 4793 503 4868 διώκτῃ
538 4792 761 4857 πολλὰς,
795 4794 887 4847 καὶ
918 4787 1164 4864 βαρείας,
1205 4796 1296 4849 καὶ
1325 4794 1567 4865 χαλεπάς
1600 4797 1841 4863 ἐνεγκεῖν
1863 4813 1874 4825 ·

293 4886 462 4938 κάκεῖ
507 4884 607 4955 μὲν
651 4884 988 4956 ἐγέγραπτο·
1031 4884 1244 4950 Παῦλος
1293 4885 1561 4958 Ἐϐραῖος,
1592 4886 1686 4939 τοῦ
1715 4889 1876 4957 νόμου

294 4976 637 5048 προστάτης,
674 4974 867 5046 ἐχθρὸς
896 4976 989 5029 τοῦ
1022 4976 1278 5048 σταυροῦ,
1313 4977 1406 5030 τοῦ
1434 4978 1879 5046 Εὑαγγελίουιπο-

292 5066 520 5136 λέμιοςο
568 5069 627 5118 ἐν
675 5067 732 5119 δέ
789 5069 910 5131 ταῖς
955 5069 1445 5139 μεταγενεστέραις
1505 5061 1909 5134 Ἐπιστολαῖς(

1979 4592 2250 4670 Christum
2281 4608 2606 4663 annuntians
2627 4645 2640 4670 ,
2678 4601 2928 4672 scripsit!
2958 4599 3064 4655 Illa:
3100 4597 3314 4667 quidem
3352 4592 3550 4646 vincie-

1981 4688 2110 4761 bant
2156 4705 2531 4765 Christianus;
2589 4702 2669 4754 ha:
2715 4707 2914 4759 autem,
2956 4693 3175 4757 multas,
3229 4701 3549 4758 gravesque,

1979 4810 2142 4867 atque
2188 4797 2446 4852 molestas
2469 4803 2692 4849 catenas
2714 4787 2916 4846 Christi
2948 4800 3107 4840 causa
3131 4781 3402 4844 ferendas,
3431 4792 3554 4848 pen

1977 4889 2213 4944 secutori
2266 4888 2596 4958 iniecerunt;
2645 4893 2808 4952 atque
2852 4883 2904 4935 in
2955 4879 3056 4935 illis
3103 4876 3360 4944 scriptum
3410 4879 3550 4932 erat,

1979 4981 2178 5036 Paulus
2225 4980 2482 5058 Hebraeus
2539 4977 2674 5046 legis
2718 4967 3007 5035 defettsor,
3053 4969 3302 5058 inimicus
3349 4963 3549 5058 crucis,

1976 5071 2252 5142 Evangelii
2295 5054 2495 5136 hostis;
2531 5071 2581 5123 in
2632 5063 3025 5142 posterioribus
3056 5073 3233 5115 autem
3262 5054 3547 5124 Epistolis:

293 5156 545 5222 Παῦλος
561 5155 782 5223 δοῦλος
806 5157 996 5226 Ἰησοῦ
1008 5159 1284 5226 Χριστοῦ.
1305 5159 1463 5213 Ποίου
1481 5177 1494 5225 ;
1511 5161 1768 5230 Πρόσχες’
1786 5158 1875 5214 τοῦ

1976 5162 2364 5217 Paulusservus
2388 5162 2512 5215 Jesu
2530 5159 2783 5216 Christi“.
2809 5153 3129 5223 Cujusnam?
3158 5167 3306 5219 rogo.
3334 5147 3549 5216 Utique.

295 5247 737 5319 ἐσταυρωμένον.
767 5250 831 5302 Ὢ
857 5251 951 5304 τοῦ
981 5250 1284 5323 θαύματοςί
1315 5253 1380 5304 Ὃ
1408 5252 1514 5324 πρὸ
1535 5253 1714 5320 ὀλίγου
1738 5251 1874 5305 ὄνει-

293 5341 406 5405 δος,
454 5339 549 5394 νῦν
591 5339 785 5409 γέγονε
816 5343 1129 5426 καύχημα·
1174 5344 1356 5398 καὶτὸ
1411 5343 1872 5415 ἐξουθενούμενον,

291 5439 376 5504 ὡς
410 5439 539 5507 δόξα
568 5441 808 5511 σήμερον
854 5443 1271 5514 μνημονεύεται.
1305 5443 1493 5506 Οὐδεὶς
1528 5442 1634 5514 γὰρ
1662 5442 1868 5508 δοξοκό-

295 5543 402 5591 100;
468 5527 562 5581 καὶ
599 5527 842 5599 γαυριῶν
886 5530 1137 5601 βασιλεὺς
1190 5532 1362 5596 οὕτως
1400 5533 1770 5602 ἐνεπὸμπευσε
1807 5536 1873 5604 τῇ

295 5618 630 5689 περιφανείᾳ
664 5620 764 5690 τῆς
797 5619 989 5692 ἀρχῆς,
1023 5621 1100 5686 ὡς
1146 5623 1358 5688 Παῦλος
1400 5624 1478 5696 τῷ
1521 5625 1739 5697 σταυρῴ
1783 5626 1875 5679 καὶ

370 5798 393 5831 ⁵
430 5785 550 5851 Act.
588 5813 668 5858 ιι,
701 5799 752 5853 4.
834 5799 852 5826 ⁸
893 5798 1020 5853 ibid.
1059 5800 1075 5852 1
1113 5813 1230 5863 sqq.
1310 5802 1329 5831 '
1367 5800 1497 5856 Cen.
1542 5817 1688 5864 thx,
1721 5803 1813 5856 27.

1985 5252 2250 5305 ernciﬁsi.
2278 5251 2322 5306 Ο
2353 5251 2705 5305 miraculum!
2735 5248 2886 5314 Quod
2930 5245 3089 5316 paulo
3121 5254 3244 5296 ante
3291 5241 3550 5308 probrum

1984 5343 2108 5409 fuit,
2138 5359 2279 5398 nunc
2308 5343 2447 5398 facta
2477 5353 2559 5399 est
2583 5341 2863 5412 gloriatio;
2900 5338 3147 5408 quodque
3172 5331 3550 5404 spernebatur,

1985 5437 2169 5507 gloria:
2201 5436 2360 5490 hodie
2395 5436 2546 5491 titulo
2592 5435 2945 5488 metueretur.
2977 5429 3160 5484 Nullus
3199 5426 3339 5482 enim
3369 5422 3553 5494 gloria:

1985 5529 2175 5583 avidus
2206 5543 2269 5583 ac
2295 5528 2557 5599 superbus
2599 5541 2692 5580 rex
2713 5565 2728 5590 ,
2759 5523 2970 5593 imperii
3004 5523 3139 5576 adeo
3166 5534 3223 5574 se
3251 5514 3555 5586 splendori-

1986 5618 2084 5674 hus
2116 5619 2346 5690 iactavit
2377 5635 2439 5674 ac
2476 5618 2686 5683 extulit,
2730 5623 2891 5686 atque
2920 5613 3120 5667 Paulus
3150 5622 3309 5666 cruce
3354 5617 3409 5660 et
3445 5603 3554 5659 cla-

1893 5806 1912 5832 “
1955 5805 2108 5859 llum.
2148 5819 2183 5866 I,
2220 5803 2274 5857 1.
