4212 6318
270 425 377 482 239

1149 427 1427 484 IIOMILIA
1470 429 1602 486 VIII.
1639 429 1706 485 IN
1747 429 1846 485 SS.
1885 427 2166 484 PETRUM
2207 429 2291 484 ET
2331 427 2639 484 PAULUM.
3418 433 3522 489 ‘290

270 542 409 614 αἷμα
440 545 468 596 6
498 546 576 615 τῷ
624 545 815 614 αἵματι
859 544 1127 612 Στεφάνου
1173 544 1582 615 μεμολυσμένος
1614 544 1711 608 τὰς
1745 549 1841 613 χεῖε

1914 562 1927 609 ι
1959 544 2200 607 cebatur,
2238 545 2617 614 discipulorum
2663 556 2940 616 tyrannus;
2977 549 3268 602 ducebatur
3299 550 3521 604 alterius

271 652 395 708 ρας.
448 635 573 689 Ἐπὶ
605 640 758 707 τρεῖς
793 636 849 689 δὲ
885 635 1092 706 ἡμέρας
1129 635 1426 688 διετέλεσεν
1461 636 1518 687 ἐν
1556 635 1848 705 τυφλότητι

271 727 402 792 ζῶν.
441 729 553 782 Καὶ
586 729 730 799 μάλα
761 728 1002 790 είκότως.
1046 729 1105 780 '0
1130 727 1236 797 γὰρ
1270 728 1349 790 είς
1373 728 1471 799 τὴν
1511 727 1715 797 Τριάδα
1745 728 1852 778 δια-

274 820 525 890 μαρτὼν,
560 822 787 902 δικαίως
819 819 1105 891 ἰσάριθμον
1150 819 1512 890 κατεδικάσθη
1546 820 1642 890 τὴν
1676 837 1849 890 τιμω-

271 912 420 980 ρίαν.

342 1001 507 1055 Οὕτω
547 1003 644 1073 μὲν
684 998 777 1055 οῦν
810 1006 836 1056 6
871 1003 1169 1067 θεσπέσιος·
1215 1004 1650 1074 ἐμυσταγωγήθη
1714 1005 1850 1076 πρὸς

266 1089 370 1160 τὴν
417 1091 722 1144 εὐσέὸειαν.
774 1092 990 1162 Ἐπειδὴ
1033 1093 1089 1145 δέ
1129 1093 1230 1163 τῆς
1270 1094 1523 1165 ἀληθείας
1565 1093 1848 1162 ἐγεύσατο,

269 1181 370 1234 καὶ
410 1181 501 1234 διά
535 1183 635 1252 τῆς,
669 1184 859 1255 πείρας
894 1185 1120 1254 ἔμαθεν,
1158 1188 1240 1240 ὅτι
1270 1184 1335 1258 ζῇ
1373 1190 1402 1240 6
1447 1188 1712 1258 Χριστὸς,
1757 1190 1851 1242 καὶ

267 1272 439 1338 ἐστιν,
472 1275 566 1326 καὶ
598 1275 870 1344 βασιλεύει
900 1276 1007 1328 τῶν
1031 1277 1187 1342 ὅλων,
1217 1278 1339 1330 οὔτε
1369 1278 1425 1331 δὲ
1452 1279 1663 1351 ἐφθάρη
1700 1280 1850 1351 παρά

265 1363 366 1416 τοῦ
408 1364 662 1431 θανάτου,
696 1365 818 1418 οὗτε
851 1367 1059 1438 ἐκλάπη
1092 1369 1243 1440 παρὰ
1273 1369 1382 1422 τῶν
1431 1370 1686 1440 μαθητῶν
1707 1387 1720 1400 ·
1750 1388 1846 1424 τα-

267 1455 410 1524 χέως
437 1458 502 1510 ἐκ
540 1455 635 1509 τοῦ
668 1458 831 1528 νόμου
872 1459 1313 1530 μεταταξάμενος
1343 1460 1478 1530 πρὸς
1508 1461 1569 1514 τὸ
1609 1462 1849 1530 Εὐαγγέ-

267 1545 402 1611 λιον,
428 1551 570 1600 πᾶσι
603 1550 936 1619 κατήγγελλε
971 1551 1100 1603 Θεὸν
1128 1553 1216 1603 τὸν
1247 1552 1500 1624 Χριστὸν,
1528 1553 1585 1606 ὃν
1608 1553 1848 1623 χθὲςοιαὶ

267 1639 462 1709 πρώην
500 1641 760 1711 ἐλοιδόρει
799 1647 916 1706 ταῖς
953 1643 1341 1713 βλασφημίαις,
1382 1645 1474 1698 καὶ
1505 1646 1744 1708 τοιοῦτος
1781 1642 1848 1717 ἦν

270 1731 585 1802 σύμμαχος,
609 1728 718 1796 οἷος
739 1737 830 1787 καὶ
853 1735 1109 1805 πολέμιος
1131 1751 1143 1762 ⁸
1171 1739 1290 1806 ισχυ
1302 1737 1390 1807 ρὸς
1414 1737 1520 1807 γὰρ
1539 1738 1842 1809 ἀμφότερα.

277 1822 501 1894 ’Δθρόον
528 1824 586 1876 δὲ
613 1826 703 1877 καὶ
727 1826 1003 1895 ἀδοκήτως
1033 1825 1285 1878 εἰσελθὼν
1307 1830 1384 1889 είς
1404 1828 1501 1889 τάς
1529 1830 1847 1897 συναγωγὰς

1958 634 2181 689 bibitum
2215 638 2554 705 sanguinem,
2587 639 2674 706 qui
2709 637 2968 707 Stephani
3021 641 3283 708 sanguine
3334 658 3521 696 manus

1955 727 2254 793 polluisset.
2293 728 2490 781 Mansit
2523 737 2699 782 autem
2735 731 2800 782 ad
2844 741 2949 785 tres
2980 732 3094 786 dies
3129 747 3323 785 cacus.
3357 731 3522 785 Plane

1955 818 2144 871 merito
2180 838 2193 872 :
2233 821 2321 887 qui
2356 821 2496 872 enim
2546 818 2599 872 in
2635 819 2956 874 Trinitatem
3005 833 3319 891 peccasset.
3358 825 3519 876 trium

1949 905 2071 974 jure
2101 908 2305 962 dierum
2337 910 2524 963 debuit
2557 922 2712 977 paena
2749 910 2924 977 plecti.

2028 998 2176 1053 llnnc
2217 1015 2348 1054 sane
2390 1001 2602 1054 modum
2655 1000 2986 1054 admirabilis
3035 1001 3121 1056 ille
3155 1003 3217 1057 ad
3266 1005 3517 1072 pietatem

1952 1092 2197 1144 eruditus
2243 1099 2347 1144 est.
2395 1090 2496 1144 Ubi
2526 1103 2704 1145 autem
2737 1095 3013 1147 veritatem
3047 1102 3341 1160 gustasset,
3381 1094 3521 1148 didi-

1952 1183 2218 1250 cissetque
2281 1182 2611 1252 experientia
2672 1184 2948 1238 Christum
3017 1185 3233 1250 vivere,
3295 1191 3535 1254 esseque

1954 1289 2016 1328 ac
2050 1274 2422 1329 universorum
2459 1275 2759 1340 dominari;
2799 1291 2896 1330 nec
2926 1291 2954 1328 a
2991 1286 3163 1330 morte
3200 1276 3367 1330 fuisse
3402 1292 3522 1330 coro

1954 1377 2207 1435 raptum;
2241 1378 2400 1422 autve
2430 1367 2723 1430 discipulos
2761 1381 2880 1421 eum
2917 1367 3121 1421 furatos
3155 1382 3296 1431 esse,
3335 1368 3517 1421 statim

1955 1473 1983 1509 a
2023 1457 2138 1528 lege
2165 1461 2230 1512 ad
2256 1459 2599 1529 Evangelium
2633 1461 3043 1528 transmigrans,
3075 1459 3521 1513 univcrsisChri-

1950 1557 2114 1614 stum,
2146 1564 2303 1618 quem
2335 1566 2502 1619 nuper
2523 1551 2899 1618 blasphemans
2925 1551 3173 1604 convitiis
3211 1552 3519 1619 impetebat,

1954 1640 2118 1695 Deum
2157 1640 2508 1694 annuntiabat
2552 1659 2566 1693 :
2606 1650 2852 1709 eratque,
2902 1641 3072 1709 qualis
3120 1641 3306 1696 fuisset
3329 1642 3517 1705 hostis,

1949 1732 2072 1786 talis
2107 1733 2283 1785 socius
2320 1746 2384 1784 ac
2418 1732 2725 1785 auxiliator.
2772 1730 3013 1800 Utroque
3050 1732 3300 1785 nimirum
3332 1743 3521 1802 potens

1952 1832 2112 1890 atque
2158 1823 2445 1876 robustior.
2483 1821 2751 1876 Continuo
2798 1830 2974 1875 autem
3016 1835 3077 1874 ac
3121 1822 3392 1890 inopinato
3439 1822 3520 1873 in-

267 1915 588 1984 Δαμασκοῦ,
612 1916 706 1967 τοῦ
733 1917 898 1986 νόμου
928 1917 1020 1970 καὶ
1050 1918 1158 1972 τῶν
1186 1918 1482 1989 προφητῶν
1515 1920 1841 1990 ἐδημηγόρει

1914 1926 1920 1970 ς
1951 1927 2168 1982 gressus
2197 1914 2247 1966 in
2279 1929 2581 1984 synagogas
2609 1913 2889 1976 Damasci,
2940 1913 3067 1981 legis
3104 1912 3267 1967 libros
3299 1928 3360 1967 ac
3392 1927 3519 1980 pro-

264 2005 393 2066 τοὺς
419 2003 636 2072 λόγους,
655 2007 714 2058 ού
742 2007 908 2077 νόμου
933 2007 1235 2077 κρατύνων,
1260 2009 1375 2060 ἀλλ’
1404 2010 1496 2060 ἀπ’
1525 2011 1732 2063 ἐκείνου
1756 2011 1847 2063 τὸν

264 2096 503 2167 Χριστὸν
541 2098 880 2168 συγκροτῶν,
920 2100 1010 2152 καὶ
1058 2100 1364 2170 συγκρίνων
1398 2102 1510 2163 τοῖς
1544 2101 1846 2171 γινομένοις

263 2188 558 2257 πράγμασι
593 2188 692 2252 τὰς
715 2190 1175 2260 προσαγορεύσεις
1201 2190 1308 2242 τῶν
1337 2191 1613 2262 μαθητῶν,
1646 2193 1738 2244 καὶ
1761 2194 1846 2246 διὰ

261 2281 426 2351 νόμου
462 2285 628 2351 νόμον
658 2282 954 2335 ἐκῦἁλλων.
995 2284 1206 2353 Ὥσπερ
1246 2279 1337 2336 οὖν
1370 2285 1461 2336 καὶ
1499 2285 1625 2356 περὶ
1652 2284 1842 2336 ἑαυτοῦ

262 2389 450 2441 φησιν,
487 2374 821 2426 ἐπιστέλλων
855 2375 1175 2444 Ῥωμαίοις·
1213 2375 1359 2444 Ἐγὼ
1384 2374 1494 2443 γὰρ
1517 2375 1614 2428 διὰ
1635 2377 1840 2444 νόμου,

259 2465 424 2533 νόμῳ
485 2465 817 2520 ἀπέθανον-³
863 2467 1173 2530 τουτέστιν,
1223 2467 1355 2517 Ἀπὸ
1390 2467 1496 2518 τῶν
1538 2467 1845 2519 Μωσαῖκῶν

258 2558 611 2628 γραμμάτων
653 2558 958 2628 ὁδηγηθεὶς,
975 2557 1242 2626 οέπέγνων
1271 2559 1368 2627 τὴν
1395 2558 1486 2610 τοῦ
1511 2559 1842 2626 Εὐαγγελίου

259 2648 570 2701 εὐσέϐειαν.
621 2649 924 2718 Ἐκπληξις
973 2646 1067 2703 οὖν
1118 2646 1229 2718 εἶχε
1268 2650 1367 2718 τὴν
1407 2650 1716 2720 Δαμασκὸν,
1751 2651 1844 2702 καὶ

258 2740 464 2800 πάντες
497 2739 633 2808 πρὸς
671 2738 895 2800 ἑαυτοὺς
933 2737 1242 2804 ἐξεθείαζον
1265 2753 1276 2766 ·
1314 2738 1497 2805 Δεῦτε,
1524 2740 1715 2793 θεᾶσθε
1753 2740 1842 2791 τὸν

257 2829 484 2900 Ταρσέα
527 2829 798 2900 Ἐσραίον,
820 2830 916 2881 τὸν
944 2828 1035 2881 τοῦ
1062 2829 1315 2899 πατρῴου
1340 2829 1502 2899 νόμου
1523 2830 1710 2894 ζέοντα
1736 2847 1841 2900 μα-

258 2917 453 2989 θητὴν,
481 2919 712 2990 σφοδρὸν
731 2919 825 2972 τοῦ
866 2920 1038 2990 Ἰησοῦ
1064 2922 1380 2991 συνήγορον,
1409 2921 1501 2973 καὶ
1527 2920 1658 2974 Θεὸν
1682 2921 1840 2974 αὐτὸν

259 3011 660 3072 ἀνακαλοῦντα,
681 3011 778 3064 καὶ
805 3012 869 3063 ἐκ
896 3010 1004 3065 τῶν
1028 3013 1313 3083 ἡμετέρων
1335 3011 1676 3082 γραμμάτων
1703 3013 1840 3064 ἀπο-

256 3103 572 3167 δεικνύντα,
597 3105 678 3156 ὅτι
708 3098 859 3166 οὗτός
887 3106 1031 3156 ἐστιν
1058 3107 1084 3156 ὁ
1109 3107 1228 3157 κατ’
1262 3105 1594 3172 ἐπαγγελίαν
1625 3106 1836 3176 Σωτήρ.

259 3193 393 3267 Δέος
441 3188 533 3246 οῦν
582 3193 655 3262 μὴ
693 3194 872 3245 πᾶσαν
924 3193 1226 3264 μεταπείσῃ
1277 3195 1375 3262 τὴν
1409 3192 1591 3265 πόλιν,
1632 3191 1705 3261 μὴ
1746 3194 1839 3244 καὶ

257 3285 384 3337 ὅλον
419 3283 511 3336 τὸν
539 3283 710 3353 δῆμον
755 3285 1026 3353 ἐπάγηται
1064 3285 1158 3336 καὶ
1195 3285 1477 3354 ἀποστήσῃ
1515 3283 1610 3336 τοῦ
1648 3285 1833 3353 νόμου.

259 3373 374 3426 Καὶ
419 3375 529 3443 γάρ
566 3377 680 3425 ἐστι
726 3375 825 3443 τῆς
873 3374 1093 3444 Γράφῆς
1138 3374 1401 3444 ἀσκητὴς,
1446 3376 1539 3427 καὶ
1581 3374 1670 3426 τὸν
1715 3374 1840 3427 νοῦν

257 3465 411 3528 ὀξὺς,
437 3465 531 3517 καὶ
560 3465 757 3534 γοργὸς
785 3464 874 3516 τὸν
912 3463 1087 3531 λόγον,
1125 3463 1219 3516 καὶ
1248 3464 1338 3516 τὸν
1366 3465 1562 3535 τρόπον
1594 3465 1837 3534 εὐμήχα-

255 3572 371 3619 νος,
429 3555 524 3607 καὶ
570 3555 704 3606 πολὺ
748 3554 1085 3624 κεκτημένος
1124 3553 1182 3605 τὸ
1235 3555 1576 3620 ἀξιόπιστον·
1624 3556 1717 3623 ἀφ’
1765 3550 1839 3606 ὧν

257 3645 507 3716 ἀκριϐῶς
533 3644 690 3707 εἰδὼς
718 3644 786 3698 τὰ
816 3645 1082 3714 ἡμέτερα,
1115 3646 1213 3697 οὑκ
1241 3647 1435 3716 ἀγνοίᾳ
1462 3646 1609 3698 δοκεῖ
1637 3646 1840 3700 πλανᾶ-

259 3735 409 3797 σθαι,
447 3736 582 3788 ἀλλά
625 3736 918 3806 δοκιμασίᾳ
953 3737 1047 3789 καὶ
1079 3735 1254 3806 κρίσει
1289 3737 1346 3788 τὸ
1384 3737 1582 3806 ἀληθὲς
1612 3739 1839 3808 εὑρηκέ-

255 3842 369 3878 ναι.
415 3826 508 3889 Εἰς
547 3826 750 3896 ταύτην
775 3825 873 3896 τὴν
904 3826 1212 3897 ἀμηχανίαν
1241 3826 1459 3879 ἐνέϐαλε
1488 3828 1636 3880 πόλιν
1673 3829 1838 3895 μεγά-

253 3916 388 3986 λην,
442 3917 613 3988 δῆμον
664 3917 1118 3985 πολυάνθρωπον,
1169 3918 1383 3987 πρῶτον
1429 3918 1521 3970 τοῦ
1587 3921 1836 3986 γενναίου

256 4007 609 4080 προσηλύτου
634 4010 898 4079 κήρυγμα
917 4025 929 4037 ο
955 4009 1048 4061 καὶ
1075 4008 1235 4082 πλέον
1251 4009 1373 4061 τότε
1393 4010 1694 4080 ιΔαμασκὸς
1714 4013 1838 4063 ἐτα-

255 4101 511 4171 ράττετο,
557 4101 589 4171 ἢ
635 4100 830 4171 πρώην
875 4103 921 4153 οἱ
970 4101 1026 4152 ἐν
1071 4100 1463 4171 Ἰεροσολύμοις
1498 4102 1834 4171 Χριστιανοὶ,

251 4193 424 4263 ἡνίκα
451 4195 719 4261 Στέφανον
745 4193 953 4255 Παῦλος
985 4192 1249 4256 ἐλίθαζεν.
1295 4195 1382 4256 Ὠς
1412 4194 1519 4265 γάρ
1547 4198 1594 4247 οἱ
1628 4193 1839 4265 θαυμα-

253 4282 375 4336 στοὶ
416 4282 524 4335 τῶν
574 4284 842 4352 ἀριστέων
884 4285 1016 4336 ὃπου
1057 4282 1102 4333 δ’
1141 4282 1205 4334 ἂν
1247 4283 1675 4353 μετατάξωνται,
1723 4287 1841 4336 ἐκεῖ

250 4374 355 4443 τὴν
383 4373 542 4443 νίκην
582 4376 928 4444 μετάγουσιν,
960 4372 1131 4435 οὕτως
1157 4376 1183 4427 ό
1211 4373 1494 4437 θεσπέσιος
1529 4375 1668 4445 ἀνὴρ
1693 4375 1838 4428 ὲκεί-

251 4483 382 4528 νους
422 4466 639 4528 πάντως
677 4467 846 4521 ἐποίει
873 4464 1159 4535 μεγάλους,
1202 4462 1282 4527 οἷς
1323 4466 1418 4536 τὴν
1460 4467 1652 4519 ἐαυτοῦ
1694 4485 1836 4539 παρ-

253 4559 370 4626 εῖχε
416 4558 610 4628 ῥοπήν.

331 4815 489 4868 Οὕτω
540 4816 714 4867 τοίνυν
765 4817 1126 4884 καταγγείλας
1166 4819 1223 4870 ἐν
1271 4821 1337 4890 τῇ
1387 4818 1600 4889 Φοινίκῃ
1646 4820 1705 4873 τὸ
1737 4821 1835 4872 Εύι

257 4905 536 4973 αγγέλιον,
578 4907 672 4958 καὶ
717 4905 783 4959 τὰ
833 4906 1021 4977 πρῶτα
1071 4908 1360 4978 σπέρματα
1397 4908 1498 4978 τῆς
1537 4911 1840 4980 ἀποστολῆς

255 5000 378 5051 ἐκεῖ
420 4997 878 5065 καταϐαλόμενος,
926 4997 1051 5050 ἔνθα
1094 4999 1187 5050 καὶ
1228 4999 1387 5062 αὐτὸς
1443 5000 1716 5070 ἐφωτίσθη
1771 5004 1834 5072 τῇ

253 5087 479 5157 γνώσει,
525 5082 689 5158 ἦλθεν
721 5088 798 5150 εἰς
827 5086 924 5158 τὴν
965 5087 1336 5160 Ἰερουσαλὴμ,
1387 5089 1534 5152 ξένον
1576 5093 1686 5152 τοῖς
1723 5092 1838 5143 ἐκεῖ

252 5179 354 5233 καὶ
383 5178 546 5231 καλὸν
582 5179 776 5249 θέαμα.
806 5180 867 5231 Οί
911 5179 1009 5249 μὲν
1041 5181 1149 5251 γάρ
1189 5181 1608 5251 προπέμψαντες
1653 5183 1832 5246 αὑτὸν,

256 5275 354 5327 καὶ
385 5272 566 5335 δόντες
607 5273 675 5326 τὰ
703 5276 759 5326 ὲν
789 5273 936 5342 μέσῳ
971 5273 1272 5342 συμϐάντα,
1323 5273 1644 5344 θεασάμενοι
1685 5275 1834 5345 πρῶ-

1950 2007 2232 2072 phetarum
2262 2022 2357 2073 pro
2415 2007 2674 2060 concione
2700 2005 3004 2073 exponebat
3025 2043 3037 2067 ,
3078 2019 3180 2058 non
3212 2005 3429 2073 quidem
3464 2015 3522 2057 ut

1949 2094 2113 2162 legem
2151 2098 2514 2161 conﬁrmaret,
2548 2099 2639 2150 sed
2672 2107 2784 2150 uta
2816 2098 2934 2166 lege
2961 2098 3231 2151 Christum
3261 2098 3519 2166 praedica-

1949 2197 2047 2248 ret,
2082 2203 2402 2255 comparans
2439 2204 2558 2242 cum
2606 2190 2671 2242 iis
2700 2205 2817 2254 quas
2842 2202 3181 2256 gererentur,
3214 2190 3511 2256 discipulo-

1948 2292 2064 2328 rum
2100 2291 2400 2340 sermones,
2426 2292 2488 2330 ac
2524 2278 2753 2347 denique
2783 2294 2874 2347 per
2901 2279 3088 2346 legem,
3120 2280 3287 2347 legem
3333 2280 3520 2345 exclu-

1947 2366 2099 2431 dens,
2141 2367 2214 2418 uti
2255 2366 2365 2436 ipse
2398 2367 2463 2419 de
2512 2368 2688 2435 seipso
2720 2370 2792 2422 ait
2822 2370 2887 2423 ad
2923 2369 3194 2424 Romanos
3227 2372 3466 2427 scribens
3501 2390 3515 2427 :

1948 2454 2058 2524 Ego
2101 2459 2236 2510 enim
2272 2474 2363 2526 per
2398 2458 2591 2526 legem,
2623 2459 2721 2526 legi
2762 2472 2996 2513 mortuus
3041 2479 3153 2514 sum
3183 2464 3246 2527 “,
3281 2465 3381 2518 hoc
3413 2475 3515 2526 est.

1945 2548 2268 2615 scriptorum
2304 2563 2396 2615 per
2433 2549 2644 2619 Moysen
2692 2553 2882 2618 ductu,
2925 2554 3283 2621 evangelicum
3327 2560 3519 2625 agnovi

1946 2639 2218 2708 pietatem.
2258 2638 2456 2707 Stupor
2499 2654 2627 2707 ergo
2659 2639 2985 2695 Damascum
3024 2644 3268 2710 tenebat,
3304 2648 3519 2702 univer-

1945 2728 2098 2797 sique
2132 2739 2378 2798 portento
2411 2731 2584 2784 simile
2617 2747 2678 2784 ac
2708 2733 2944 2786 divinum
2981 2736 3116 2802 quid
3163 2738 3299 2804 apud
3331 2753 3389 2790 se
3433 2753 3520 2792 ce-

1947 2818 2231 2873 lebrabant
2264 2839 2275 2873 :
2313 2821 2500 2875 Venite
2523 2860 2536 2886 ,
2572 2822 2745 2876 videte
2778 2821 3062 2879 Hebraeum
3100 2825 3246 2879 illum
3283 2829 3516 2883 Tarsen-

1944 2925 2092 2977 sem,
2131 2911 2436 2964 ferventem
2493 2912 2640 2964 illum
2695 2922 2934 2981 paterna
2986 2913 3119 2983 legis
3170 2917 3514 2984 discipulum,

1945 3017 2120 3055 acrem
2141 3001 2266 3056 Jesu
2301 3012 2604 3071 patronum,
2631 3018 2864 3072 eumque
2893 3003 3056 3059 Deum
3090 3009 3467 3075 praedicantem
3499 3029 3514 3065 :

1945 3105 2106 3162 atque
2138 3109 2166 3147 e
2202 3095 2499 3162 Scripturis
2544 3096 2777 3158 nostris,
2813 3095 3147 3151 Salvatorem
3181 3100 3350 3168 ipsum
3375 3141 3389 3165 ,
3424 3105 3514 3171 qui

1947 3186 2247 3252 promissus
2272 3197 2374 3249 est,
2412 3188 2750 3255 probantem.
2791 3185 2973 3255 Itaque
3001 3189 3293 3257 periculum
3318 3201 3420 3258 est,
3450 3208 3518 3247 ne

1945 3279 1996 3330 in
2028 3278 2355 3331 contrariam
2396 3279 2725 3332 sententiam
2765 3288 2929 3332 totam
2960 3281 3192 3334 abducat
3223 3284 3515 3350 civitatem,

1943 3382 2010 3421 ne
2041 3377 2093 3419 et
2116 3367 2367 3436 populum
2401 3370 2706 3421 universum
2740 3369 2959 3432 alliciat,
2987 3381 3147 3438 atque
3170 3385 3197 3423 a
3225 3370 3338 3441 lege
3358 3388 3517 3427 aver-

1941 3466 2036 3511 tat.
2068 3458 2277 3526 Quippe
2307 3460 2358 3512 in
2387 3460 2680 3529 Scripturis
2708 3471 2958 3515 versa-tus
2995 3473 3093 3524 est,
3118 3445 3307 3530 estque
3333 3466 3516 3520 subtili

1944 3549 2156 3618 ingenio
2181 3589 2197 3614 ,
2235 3551 2345 3603 acri
2380 3565 2626 3604 sermone
2649 3593 2663 3616 ,
2700 3552 2934 3605 moribus
2962 3552 3158 3619 facilis,
3193 3555 3515 3623 plurimum-

1941 3656 2046 3709 que
2072 3643 2138 3694 ad
2162 3641 2318 3694 [idem
2345 3651 2669 3694 momentum
2703 3643 2906 3697 habens
2935 3663 2953 3697 ει
2975 3652 3115 3713 quod
3148 3647 3400 3699 nimirum
3431 3665 3517 3704 res

1943 3743 2154 3786 nostras
2187 3735 2425 3801 apprime
2449 3735 2624 3787 sciens
2657 3749 2761 3788 non
2797 3737 3095 3802 ignorantia
3129 3739 3297 3808 decipi
3335 3741 3516 3793 videa.

1944 3835 2048 3887 tur,
2089 3826 2184 3879 sed
2224 3827 2538 3894 probatione
2581 3841 2642 3881 ac
2679 3827 2880 3892 judicio
2915 3830 3205 3893 invenisse,
3252 3834 3394 3900 quod
3440 3851 3513 3888 ret

1941 3927 2108 3979 esset,
2135 3933 2197 3972 ac
2228 3918 2545 3982 veritatem;
2576 3918 2624 3970 in
2660 3926 2864 3972 tantam
2888 3920 3070 3990 utique
3101 3924 3423 3976 anxietatem
3453 3941 3516 3980 ac

1943 4011 2238 4077 angustias,
2270 4025 2513 4079 magnam
2543 4012 2774 4077 conjecit
2803 4013 3107 4068 civitatem;
3140 4015 3387 4083 pupulum
3417 4033 3516 4070 nu-

1942 4113 2234 4160 merosum,
2259 4101 2431 4166 prima
2460 4101 2663 4152 strenui
2681 4101 2958 4172 proselytaa
2979 4105 3304 4171 praedicatio,
3323 4107 3517 4177 major-

1943 4207 2044 4257 que
2078 4201 2203 4244 tunc
2228 4191 2548 4246 Damascum
2588 4192 2817 4246 habebat
2848 4195 3080 4250 turbatio
3105 4235 3118 4260 ,
3153 4213 3313 4266 quam
3347 4216 3517 4270 nuper

1946 4281 2332 4351 Hierosolymis
2375 4283 2699 4337 constitutos
2745 4284 3120 4350 Christianos,
3163 4303 3283 4341 cum
3317 4288 3513 4343 Paulus

1943 4375 2275 4444 S:.ephanum
2303 4376 2582 4443 lapidaret.
2606 4375 3070 4442 Quemadmodum
3098 4382 3240 4433 enim
3274 4382 3372 4434 viri
3408 4385 3515 4435 ror-

1944 4467 2172 4519 titudine
2202 4467 2458 4533 praecipui
2484 4482 2544 4519 ac
2573 4466 2865 4530 mirabiles,
2898 4467 2979 4520 cui
3011 4481 3069 4520 se
3097 4469 3402 4522 addixerint
3425 4487 3512 4523 nr-

1876 4585 1915 4637 θ
1945 4557 2075 4618 diui,
2110 4571 2211 4609 una
2247 4555 2320 4609 illi
2351 4556 2628 4610 victoriam
2657 4557 2912 4609 addicum
2943 4575 2956 4623 ;
2987 4558 3067 4611 sic
3093 4567 3147 4610 et
3171 4559 3254 4610 vir
3278 4560 3514 4625 divinus,

1949 4662 2168 4716 magnos
2208 4647 2428 4701 omnino
2461 4661 2555 4700 eos
2607 4648 2924 4714 prmstabat,
2962 4649 3157 4717 quibus
3189 4665 3342 4704 suum
3395 4667 3512 4705 mo-

1949 4743 2185 4786 mentum
2221 4734 2557 4799 contulisset,
2588 4749 2648 4788 ac
2682 4737 2937 4790 auxilium
2967 4747 3270 4805 praestaret.

2014 4822 2107 4878 Sic
2146 4823 2325 4892 itaque
2357 4826 2645 4893 praedican
2673 4826 2722 4879 in
2753 4826 3028 4882 Phoenicia
3058 4829 3366 4899 Evangelio,
3402 4847 3513 4900 prt-

1946 4914 2151 4980 Inisque
2184 4914 2289 4970 illic
2322 4918 2651 4985 apostolatus
2670 4918 2830 4988 jactis
2853 4921 3168 4982 seminibus,
3198 4923 3281 4976 ubi
3316 4932 3371 4976 et
3401 4924 3513 4991 ipse

1942 5006 2181 5058 scientia:
2206 5005 2382 5060 lumen
2405 5009 2718 5078 accepisset,
2754 5011 3082 5064 Hierusalem
3117 5013 3286 5081 petiit,
3315 5029 3510 5068 novum

1941 5095 2329 5165 pulchrumque
2382 5101 2431 5151 in
2491 5115 2550 5152 ea
2603 5101 2911 5156 consritutis
2944 5105 3075 5157 urbe
3125 5106 3507 5172 spectaculum.

1940 5187 2038 5252 Qui
2064 5190 2209 5242 enim
2239 5191 2629 5256 praemiserant,
2667 5207 2728 5246 ac
2772 5194 3000 5256 vincula,
3033 5195 3226 5263 quibus
3254 5197 3516 5251 Christia-

1939 5293 2038 5331 nos
2089 5280 2348 5350 alligaret,
2405 5285 2662 5349 portanda
2724 5285 2997 5353 dederant,
3045 5301 3164 5339 cum
3220 5289 3511 5354 nescirent,

251 5381 372 5426 τον,
406 5363 577 5433 ἡδέως
610 5379 670 5414 τε
698 5360 854 5428 εἶδον,
883 5365 977 5416 καὶ
1006 5364 1247 5434 ἀπῄτουν
1269 5363 1366 5433 τὴν
1405 5363 1597 5434 θήραν,
1636 5364 1835 5433 πλῆθος

1936 5385 2054 5435 qum
2091 5373 2261 5426 media
2303 5374 2649 5438 accidissent,
2682 5376 2855 5443 primo
2884 5388 3122 5446 aspectu,
3169 5377 3402 5445 jucunde
3435 5383 3514 5433 vi-

247 5451 601 5524 Χριστιανῶν
641 5452 938 5521 δεσμωτῶν
978 5455 1293 5516 ἐλπίσαντες
1327 5454 1572 5522 ὄψεσθαι,
1606 5457 1699 5508 καὶ
1731 5456 1836 5508 τῶν

1937 5465 2151 5528 derunt,
2183 5465 2525 5533 praedamque
2580 5468 2878 5537 exigentes,
2912 5468 3142 5522 vinctam
3172 5470 3509 5526 Christiano-

253 5544 471 5599 πολλῶν
504 5544 846 5614 ὑποσχέσεων
877 5534 1160 5614 ζητοῦντες
1191 5545 1251 5597 τὸ
1279 5545 1457 5615 ἔργον.
1496 5547 1647 5599 Ἐπεὶ
1676 5547 1729 5600 δὲ
1758 5547 1838 5599 λό-

1943 5567 2059 5604 rum
2084 5552 2475 5608 multitudinem
2496 5571 2553 5610 se
2575 5558 2784 5623 visuros
2812 5561 3122 5631 sperabant,
3145 5576 3362 5631 remque
3383 5564 3512 5616 mul-

249 5653 354 5707 του
406 5636 789 5708 προσαίνοντος
841 5629 999 5707 εὗρον
1052 5637 1264 5691 Παῦλον
1308 5638 1396 5693 τὸν
1436 5638 1661 5704 Σαῦλον,
1712 5657 1834 5692 συν-

1945 5651 2116 5698 tarum
2166 5645 2372 5700 illarum
2401 5648 2850 5716 pollicitationum
2900 5629 3288 5721 reqttirebant;
3313 5651 3509 5709 Verum

339 5840 378 5869 “
418 5835 536 5892 Cal.
575 5855 630 5897 It,
671 5839 748 5892 19.
