4212 6318
687 427 784 480 291

1963 421 2018 475 S.
2063 424 2102 473 A
2115 422 2340 477 STERII
2381 420 2685 476 AMASEM

3844 420 3956 475 2'32

688 540 776 590 ubi
814 528 1063 604 processu
1095 534 1380 593 aerumnis,
1405 534 1646 597 Saulnm,
1671 533 1890 586 l’aulntn
1928 534 2267 597 invenerunt,

2375 531 2680 599 αμείψαντα
2714 533 2779 601 τῇ
2813 531 3002 600 κλήσει
3036 532 3133 602 τὴν
3162 533 3407 605 γνώμην,
3453 534 3545 587 καὶ
3587 534 3680 586 τοῦ
3716 532 3953 603 Χριστοῦ

688 640 778 693 ιιυι
809 640 911 677 una
951 638 1075 677 cum
1107 622 1461 692 appellatione
1490 622 1729 676 animum
1775 630 2058 685 mutasset,
2102 620 2266 675 Chri-

690 717 867 783 stique
897 713 1145 769 eﬂ‘ectum
1174 730 1409 782 servum,
1441 729 1506 769 ac
1549 713 1811 783 apostolis
1833 713 1952 766 aliis
1984 712 2268 766 ferventio-

691 820 805 859 rem
835 803 1177 875 discipulum,
1234 805 1464 874 primum
1500 804 1717 873 quidem
1742 802 1934 872 iocum
1961 816 2026 856 ac
2059 802 2267 855 irrisio-

693 913 814 953 nem
842 898 1086 953 arbitrati
1114 908 1240 953 sunt
1276 912 1394 966 quae
1430 898 1739 951 diceremur
1780 914 1793 950 :
1825 905 1880 949 at
1916 894 2002 949 ubi
2036 896 2268 964 proban-

691 998 771 1043 tes
789 979 1041 1053 mentem,
1064 989 1392 1044 invenissent
1409 990 1638 1043 sermoni
1664 998 2067 1061 congruentem,
2100 1000 2267 1041 unum

691 1078 795 1132 sibi
834 1081 955 1148 .hoc
987 1080 1197 1133 consilii
1263 1079 1532 1148 reliquum
1586 1087 1929 1148 putaverunt,
1976 1088 2033 1131 ut
2062 1078 2268 1133 ‘adole-

690 1180 928 1226 scentem
971 1171 1275 1238 perderent,
1310 1180 1562 1237 tanquam
1602 1169 1713 1223 fleri
1746 1185 1848 1223 non
1875 1179 2078 1237 posset,
2108 1179 2163 1221 ut
2197 1168 2268 1221 vi-

692 1273 848 1316 vente
904 1260 1069 1315 Paulo
1128 1272 1287 1330 atque
1343 1262 1628 1329 loquente,
1672 1261 2015 1316 Hebreomm
2082 1261 2267 1330 religio

691 1368 873 1422 sospes
900 1356 1054 1408 foret.
1086 1351 1250 1423 quue
1275 1354 1446 1422 palam
1473 1363 1641 1409 totum
1670 1364 1817 1409 retro
1840 1366 2048 1425 tempus
2068 1360 2267 1425 proba-

689 1444 786 1498 vit.

760 1537 894 1591 Cum
935 1538 1079 1590 enim
1152 1537 1302 1592 multi
1358 1537 1638 1602 hactenus,
1703 1540 1918 1593 tametsi
1972 1538 2267 1594 Christiani

689 1635 865 1691 erant,
922 1626 1062 1680 haud
1117 1636 1334 1694 possent
1388 1642 1521 1697 pure
1553 1642 1616 1682 ex
1650 1628 1925 1689 Evangelii
1971 1644 2159 1684 norma
2194 1632 2270 1683 vi-

691 1731 838 1780 vere,
872 1717 965 1771 sed
1005 1717 1267 1771 haberent
1295 1719 1347 1772 in
1377 1730 1660 1789 utramque
1688 1733 1915 1788 partem,
1943 1736 2006 1776 ac
2037 1722 2271 1791 quando~

2368 622 2573 686 δοῦλον,
2610 624 2706 676 καὶ
2738 624 2847 676 τῶν
2874 623 3047 677 ἄλλων
3075 625 3389 680 ἀποστόλων
3418 624 3667 697 μαθητὴν
3699 624 3958 697 θερμότε-

2371 729 2463 783 ρον
2483 729 2495 743 ·
2529 712 2597 766 τά
2624 713 2724 783 μὲν
2752 714 2967 785 πρῶτα,
2999 714 3219 770 παιδιὰν
3256 718 3349 770 καὶ
3389 717 3586 788 χλεύην
3614 718 3844 786 ἡγοῦντο
3880 713 3949 771 τὰ

2368 804 2656 874 λεγόμενα·
2690 806 2812 858 ἐπεὶ
2857 806 2913 860 δὲ
2957 799 3352 877 δοκιμάσαντες
3389 802 3544 882 εὗρον
3580 806 3948 877 ὁμολογοῦσαν

2367 897 2432 965 τῇ
2467 897 2617 965 φωνῇ
2659 895 2758 966 τὴν
2787 896 3032 967 γνώμην,
3068 896 3125 949 ἓν
3160 895 3546 950 ἐϐουλεύσαντο
3592 897 3770 967 μόνον,
3802 895 3957 959 ὅπως

2369 989 2419 1038 ό·
2459 986 2739 1049 νεανίσκος
2796 987 3084 1040 ἀπόλοιτοο
3146 987 3221 1052 ὡς
3280 988 3383 1041 οὐκ
3452 989 3570 1043 ἐνὸν
3646 983 3783 1041 εἷναι
3848 986 3955 1057 τὴν

2380 1077 2649 1149 Ἐϐραίων
2689 1076 2988 1149 θρησκείαν
3027 1080 3122 1134 καὶ
3163 1079 3538 1151 χρηματίζειν,
3571 1080 3770 1144 ζῶντος
3803 1077 3958 1132 Παύ-

2369 1169 2459 1222 λου
2490 1170 2585 1223 καὶ
2614 1169 3005 1241 φθεγγομένου.
3044 1171 3156 1225 Καὶ
3187 1157 3349 1225 τοῦτο
3378 1172 3562 1242 σαφῶς
3600 1172 3765 1237 ἔδειξε
3812 1170 3958 1241 σύμ-

2370 1278 2478 1327 πας
2500 1264 2528 1316 ό
2551 1262 2773 1333 ὕστερον
2799 1262 3013 1333 χρόνος.

2442 1526 2703 1597 Ἐτι’γὰρ
2728 1526 2836 1579 τῶν
2863 1522 3096 1585 πολλῶν,
3127 1527 3175 1577 εί
3218 1524 3311 1577 καὶ⁵
3343 1523 3587 1603 ὑπῆρχον
3617 1521 3957 1593 Χριστιανοὶ,

2369 1619 2470 1671 οὐκ
2519 1616 2833 1687 ἀρκούντων
2884 1613 3142 1685 καθαρῶς
3187 1613 3284 1685 ζῇν
3314 1614 3453 1667 κατὰ
3490 1614 3552 1666 τὸ
3600 1612 3958 1681 Εὑαγγὲλιον,

2371 1708 2484 1762 ἀλλ’
2548 1705 3046 1778 άμφοτεριζόντων,
3106 1705 3200 1758 καί
3256 1723 3357 1758 που
3419 1706 3513 1760 καὶ
3565 1707 3631 1775 τῇ
3684 1705 3958 1775 περιτομῇ

690 1825 793 1878 que
819 1811 980 1864 etiam
1008 1821 1293 1875 uterentur
1322 1814 1759 1878 circumcisione,
1793 1823 1851 1867 ut
1903 1816 2080 1884 aliqua
2113 1828 2268 1884 parte

2373 1798 2871 1871 προσχρωμένων,κ
2905 1796 2970 1853 ἶν’
3022 1799 3087 1851 ἐκ
3142 1798 3339 1869 μέρους
3408 1797 3778 1869 κεχαρισμένα
3842 1798 3959 1858 τοῖς

690 1916 809 1969 quae
843 1900 1042 1956 Judaais
1068 1912 1219 1971 grata
1269 1916 1452 1958 essent
1484 1915 1823 1973 praestantes,
1870 1908 2058 1976 eisque
2088 1907 2267 1961 indul-

2382 1890 2657 1961 Ἑϐραίοις
2685 1889 2983 1953 ποιοῦντες,
3004 1890 3096 1943 τὸν
3124 1888 3296 1959 θυμὸν
3321 1888 3497 1942 αὐτῶν
3520 1888 3955 1959 ἐκμειλίξωνται·

691 2002 894 2058 gentes,
929 2005 1114 2047 eorum
1139 1995 1425 2049 delinirent
1455 1997 1610 2051 iram.
1648 1995 1804 2052 Solus
1830 1999 1918 2052 hic
1949 2000 2266 2069 imperculsa

691 2093 891 2147 mente,
951 2084 1081 2138 nihil
1118 2086 1402 2140 remissum
1438 2103 1499 2141 ac
1549 2104 1658 2143 non
1688 2101 1999 2144 accuratum
2048 2092 2266 2157 docuit;

691 2179 783 2227 sed
810 2174 953 2227 clara
1010 2190 1141 2229 voce
1172 2186 1333 2244 atque
1367 2180 1568 2233 diserte
1606 2196 1634 2232 a
1668 2182 1932 2250 principio
1961 2198 2266 2237 sermonem

690 2260 1021 2327 praadicavit.
1076 2261 1261 2332 quue
1314 2268 1561 2333 provexit
1618 2268 1881 2323 libertatis
1942 2285 2153 2337 sensus,
2214 2285 2272 2328 ut

688 2365 812 2432 cum
842 2349 1128 2416 aliquando
1174 2353 1397 2417 Galatas,
1452 2372 1569 2409 cum
1630 2361 1840 2426 pmpria
1897 2361 1995 2429 ipsi
2032 2362 2265 2429 levitate,

691 2450 803 2494 tum
831 2443 1212 2509 magistrorum
1247 2448 1589 2516 negligentia,
1622 2452 1685 2501 ad
1713 2452 1844 2520 legis
1868 2455 2267 2510 observantiam

690 2531 889 2585 reversi
921 2542 1127 2597 essent,
1163 2534 1395 2589 mirabili
1426 2540 1491 2590 ad
1522 2552 1615 2593 eos
1645 2540 1843 2609 scripta
1881 2538 2129 2611 epistola,
2165 2562 2269 2614 qua

691 2624 741 2676 in
775 2624 1013 2679 novitate
1038 2616 1360 2680 Christianae
1390 2628 1514 2681 vita:
1556 2629 1807 2698 pietatem
1836 2634 2034 2688 sectari
2062 2652 2123 2692 ac
2150 2638 2272 2691 reli-

688 2715 900 2785 gionem
924 2717 1102 2772 colere
1129 2718 1381 2787 doceret;
1411 2734 1532 2773 cum
1568 2722 1683 2791 ipso
1717 2726 2085 2795 apostolorum
2118 2730 2266 2798 prin-

689 2810 807 2879 cipe
855 2812 1044 2864 horum
1104 2812 1392 2867 occasione
1426 2828 1750 2881 congressus
1802 2817 1873 2871 sit
1914 2838 1928 2873 :
1977 2834 2040 2873 ac
2074 2822 2270 2890 ubique

690 2900 921 2983 Petrum
940 2903 1386 2971 reprehendebat,
1415 2919 1653 2976 cumque
1690 2922 1755 2962 eo
1793 2910 2133 2983 velitabatur,
2171 2929 2268 2966 ceu

690 3007 776 3056 eo,
816 2979 921 3061 qui.
937 3006 1178 3047 veterum
1210 3010 1329 3059 usu,
1374 3010 1439 3054 ac
1466 3012 1650 3051 eorum
1684 3014 1803 3067 qua:
1837 3002 2032 3055 abolita
2067 3015 2267 3071 essent,

694 3098 887 3136 novam
913 3084 1341 3139 Christianorum
1398 3091 1641 3143 turbaret
1677 3089 2089 3159 institutionem,
2136 3095 2271 3150 n.bil

2375 1983 2534 2052 μόνος
2561 1978 2714 2046 οὗτος
2740 1981 3145 2053 άκαταπλήκτῳ
3179 1980 3505 2052 φρονήματι,
3534 1981 3684 2034 οὐδὲν
3713 1979 3959 2050 ὑφειμέ-

2372 2094 2462 2130 νον
2494 2076 2765 2151 ὲδίδαξενοι
2794 2075 2931 2128 ἀλλὰ
2969 2074 3187 2146 καθαρᾷ
3214 2076 3279 2145 τῇ
3315 2076 3466 2144 φωνῇ
3502 2073 3706 2127 ἄνωθεν
3750 2073 3841 2125 τὸν
3867 2072 3959 2126 λό-

2370 2185 2465 2236 γον
2498 2168 2823 2239 ὲκήρυσσεν,
2857 2167 2949 2219 καὶ
2976 2168 3058 2229 εἰς
3084 2164 3338 2218 τοσοῦτόν
3365 2181 3428 2233 γε
3450 2163 3661 2235 προύϐη
3686 2163 3777 2216 τοῦ
3804 2164 3958 2216 ἐλευ-

2372 2260 2551 2331 θερίου
2592 2261 2966 2341 φρονήματος,
3004 2258 3144 2311 ὥστε
3174 2258 3309 2311 ποτὲ
3344 2256 3442 2328 μὲν
3469 2257 3743 2320 Γαλατῶν,
3777 2255 3963 2330 οἰκείᾳ

2372 2352 2667 2421 κουφότητι
2689 2352 2782 2405 καὶ
2804 2351 3068 2424 ὀλιγωρίᾳ
3097 2350 3205 2403 τῶν
3225 2350 3605 2415 διδασκόντων,
3631 2352 3710 2413 είς
3732 2350 3828 2421 τὴν
3854 2367 3959 2403 κα-

2371 2442 2439 2496 τὰ
2470 2441 2632 2511 νόμον
2660 2440 3171 2511 παλινδρομούντων
3197 2439 3360 2511 ζωὴν,
3393 2441 3491 2510 τὴν
3517 2438 3831 2510 θαυμαστὴν
3864 2440 3956 2491 αὺο

2372 2535 2482 2596 τοῖς
2516 2533 2741 2604 γράφων
2762 2530 3050 2601 ἐπιστολὴν
3078 2529 3166 2600 (δι’
3195 2526 3262 2601 ἧς
3290 2533 3345 2583 ἐν
3374 2531 3648 2600 καινότητι
3683 2531 3779 2601 τῆς
3811 2531 3971 2583 κατὰ

2379 2623 2605 2694 Χριστὸν
2648 2622 2924 2688 πολιτείας
2974 2620 3215 2676 εὐσεϐεῖν
3257 2623 3454 2686 αὐτοὺς
3504 2623 3598 2675 καὶ
3631 2622 3961 2693 θρησκεύειν

2373 2716 2599 2782 ἐδίδαξε,
2639 2718 2836 2786 μηκέτι
2868 2715 3201 2787 προσχόντας
3222 2717 3336 2779 τοῖς
3356 2716 3677 2786 γράμμασιν
3704 2718 3815 2778 τοῖς
3846 2716 3963 2767 ἀπὸ

2373 2805 2479 2859 τῶν
2503 2806 2719 2860 λιθίνων
2750 2806 3018 2877 πλακῶν),
3056 2808 3365 2877 συνεπλάκη
3405 2808 3492 2861 διά
3513 2807 3622 2861 τῶν
3647 2805 3963 2876 λεγομένων

2373 2896 2521 2967 αὑτῷ
2569 2896 2647 2967 τῷ
2689 2898 2971 2969 κορυφαίῳ
3003 2896 3116 2951 τῶν
3152 2898 3485 2962 ἀποστόλων,
3536 2899 3629 2952 καὶ
3676 2898 3962 2968 πανταχοῦ

2374 2988 2785 3059 καθαπτόμενος
2822 2989 3089 3043 διετέλεσε
3116 2992 3212 3044 καὶ
3247 2990 3537 3061 ἁψιμαχῶν
3566 2991 3700 3062 πρὸς
3729 2990 3817 3044 τὸν
3848 2992 3963 3045 Πέ-

2372 3096 2521 3150 τρον,
2552 3079 2633 3143 ὡς
2661 3079 2758 3151 τὴν
2800 3080 2929 3134 νέαν
2970 3078 3324 3135 ἑπιθολοῦντα
3360 3081 3655 3145 πολιτείαν,
3680 3083 3745 3151 τῇ
3788 3098 3962 3151 προσ-

693 3176 957 3230 reveritus
1007 3176 1155 3232 senis
1182 3193 1367 3243 canos,
1404 3191 1561 3235 autve
1591 3182 1921 3250 apostolatus
1956 3188 2265 3257 prmrogati-

2374 3172 2565 3242 χρήσει
2590 3170 2699 3225 τῶν
2728 3171 2972 3225 παλαιῶν
3004 3170 3098 3225 καὶ
3130 3171 3827 3242 πεπαυμένωνδογμάτων,⁸
3860 3176 3964 3225 καὶ

692 3280 836 3329 vam,
872 3266 959 3319 ubi
1010 3267 1183 3321 creari
1234 3269 1528 3336 periculum
1559 3268 1768 3326 veritati
1831 3275 2053 3329 vidisset
2088 3294 2101 3329 :
2136 3278 2265 3345 quin

691 3355 894 3411 Galatis
922 3357 1135 3425 quidem
1171 3361 1434 3414 acerrime
1460 3362 1693 3430 restitit;
1730 3363 1946 3417 Petrum
1978 3380 2104 3419 vero
2148 3382 2268 3421 cre-

694 3447 789 3501 bro
821 3447 1017 3515 arguit,
1055 3463 1213 3517 quam
1245 3449 1442 3505 licebat
1464 3455 1716 3520 maxime,
1749 3454 2051 3510 libertatem
2074 3457 2285 3513 decore

690 3554 752 3592 ac
770 3539 1026 3597 modestia
1047 3551 1371 3610 temperans.
1392 3544 1469 3600 Ac
1498 3546 1696 3615 ubique
1725 3547 1941 3616 quidem
1968 3549 2267 3617 pradican—

692 3632 758 3683 do
789 3644 853 3684 ac
870 3632 1143 3685 suadendo
1159 3648 1377 3703 operam
1401 3639 1630 3704 ponebat
1651 3655 1661 3690 :
1678 3638 1823 3708 quod
1841 3640 1885 3693 si
1906 3653 2031 3693 vero
2056 3642 2269 3709 quando

690 3723 851 3777 etiam
893 3724 945 3776 in
987 3726 1210 3791 perditis
1248 3728 1490 3783 moribus
1522 3744 1820 3799 pravosqne
1851 3732 2097 3787 homines
2132 3733 2266 3788 inci-

693 3815 845 3887 dens,
867 3831 1029 3884 grave
1060 3816 1261 3887 aliquid
1278 3834 1467 3888 passus
1486 3832 1647 3885 esset,
1672 3822 1753 3874 vel
1784 3820 2055 3889 conjeclus
2074 3825 2125 3875 itt
2149 3838 2270 3878 car-

692 3919 896 3967 cerem,
920 3905 1003 3959 vel
1032 3907 1347 3961 verberibus
1368 3906 1627 3973 affecms,
1663 3912 1745 3963 vel
1783 3913 2271 3982 appetitus‘lapidi-

692 3994 792 4048 bus
818 3995 1251 4066 ,haudquaquatn
1276 4014 1425 4051 suam
1455 3998 1597 4052 illam
1621 3999 1951 4053 alacritatem
1978 4004 2047 4055 ob
2071 4002 2269 4056 malum

691 4099 875 4139 casum
908 4086 1087 4162 amisit
1118 4105 1131 4141 :
1160 4095 1287 4156 quin
1318 4090 1585 4144 modicum
1613 4090 1831 4153 cedens,
1868 4107 2057 4146 rursus
2087 4094 2272 4148 hostes

689 4176 902 4240 adibat;
934 4191 1261 4248 versarisque
1280 4195 1559 4236 sermones
1577 4196 1722 4244 suos,
1752 4180 1981 4251 felixque
2004 4185 2176 4239 modis
2199 4185 2273 4238 in-

688 4268 969 4323 venlendis
986 4271 1179 4338 quibus
1207 4272 1530 4353 adoriretur,
1558 4288 1619 4327 ac
1637 4288 1696 4327 se
1712 4274 1866 4329 facile
1887 4278 2175 4332 admodum
2196 4280 2272 4333 itt-

686 4359 992 4414 cidentibus
1013 4370 1194 4429 aptum
1220 4377 1559 4431 comparans,
1583 4378 1799 4434 prorsus
1820 4365 2019 4430 abibat,
2050 4368 2129 4422 vel
2157 4385 2273 4423 om-

688 4450 865 4517 nibus,
891 4453 991 4529 ,vel
1029 4452 1273 4519 pluribus
1301 4456 1352 4509 in
1398 4470 1553 4509 suam
1596 4458 1919 4512 sententiam
1961 4464 2266 4529 pertractis;

2371 3262 2494 3316 οὐδὲ
2534 3262 2631 3333 τὴν
2683 3262 2882 3338 πολιὰν
2923 3262 3121 3334 ᾐδέσθη
3152 3263 3247 3317 τοῦ
3281 3264 3552 3335 γέροντος,
3587 3263 3709 3316 οῦτε
3760 3263 3827 3316 τὰ
3854 3263 3963 3333 τῆς,

2372 3355 2675 3427 ἀποστολῆς
2698 3356 2979 3426 πρεσϐεῖα,
3011 3357 3099 3410 ὅτε
3123 3353 3230 3410 εἶδε
3256 3357 3672 3425 κινδυνεύουσαν
3701 3357 3797 3428 τὴν
3825 3356 3964 3427 ἀλή-

2373 3448 2543 3502 θειαν.
2597 3448 2758 3501 Ἀλλὰ
2811 3447 2931 3501 τῶν.
2959 3450 3069 3519 μὲν
3108 3447 3364 3502 Γαλατῶν
3407 3448 3770 3518 κατεξανέστη
3818 3465 3963 3517 σφο-

2371 3538 2532 3609 δρῶς,
2584 3539 2692 3593 τῶν
2747 3541 2789 3571 ³⁸
2836 3539 2893 3592 δὲ
2944 3539 3204 3604 πολλάκις
3254 3539 3505 3611 ἔπληξεν,
3537 3540 3613 3603 ὼς
3673 3540 3816 3610 ἐνῆν,
3851 3540 3966 3614 τὴν

2374 3631 2687 3705 παρρησίαν
2736 3631 3038 3703 εὐπρεπείᾳ
3087 3633 3344 3705 κεράσας.
3393 3630 3503 3685 Καὶ
3543 3629 3817 3701 πανταχοῦ
3856 3633 3961 3702 μὲν

2371 3723 2595 3777 διετέλει
2647 3722 2820 3792 λέγων
2860 3722 2954 3777 καὶ
2990 3722 3214 3777 πείθωνο
3262 3726 3311 3777 εί
3349 3724 3406 3778 δέ
3441 3741 3543 3777 που
3571 3724 3664 3776 καὶ
3696 3727 3963 3794 πονηροῖς

2372 3817 2559 3887 ήθεσιν
2597 3816 2833 3887 ἐντυχὼν
2869 3815 3071 3870 ἔπαθόν
3090 3836 3148 3870 τι
3173 3805 3361 3881 δεινὸν,
3402 3817 3433 3887 ἢ
3473 3816 3843 3886 δεσμωτήριον
3874 3817 3961 3869 oi-

2373 3909 2567 3979 κήσας,
2595 3908 2628 3979 ἢ
2675 3904 2944 3978 μάστιγας
2969 3907 3168 3973 λαϐὼν,
3195 3909 3228 3979 ἢ
3263 3907 3427 3972 λίθοις
3460 3907 3696 3978 βληθεὶς,
3727 3907 3787 3960 οὐ
3828 3923 3965 3960 κατ-

2374 4000 2561 4054 έλυσεν
2612 4001 2710 4070 τὴν
2757 3999 3066 4072 προθυμίαν
3114 3999 3245 4072 [διά]
3290 4000 3389 4071 τὴν
3420 4000 3716 4068 γενομένην
3753 3999 3964 4050 ἀποτυ-

2373 4092 2516 4160 χίαν·
2569 4089 2707 4145 ἀλλὰ
2770 4086 2963 4163 μικρὸν
3022 4090 3303 4153 διαλιπὼν,
3376 4090 3537 4143 πάλιν
3592 4088 3785 4159 ηγγιζε
3838 4091 3963 4152 τοῖς

2374 4178 2607 4250 ἐχθροῖς,
2660 4180 2755 4233 καὶ
2799 4181 2926 4241 τοὺς
2977 4179 3158 4232 αὐτῶν
3210 4180 3563 4249 ἀναστρέφων
3602 4178 3810 4246 λόγους,
3858 4178 3965 4231 xui.

2374 4268 2498 4331 τοὺς
2521 4269 2757 4339 τρόπους
2775 4270 2885 4323 τῶν
2914 4272 3307 4342 ἐπιχειρήσεων
3334 4269 3680 4339 ἐξευρίσκων,
3710 4268 3962 4337 εὐμηχά-

2375 4360 2479 4421 νως
2509 4358 2566 4411 δὲ
2594 4358 2712 4412 λίαν
2748 4360 2883 4430 πρὸς
2919 4360 3019 4422 τὰς
3041 4360 3416 4430 ἐμπιπτούσας
3451 4359 3639 4431 χρείας
3678 4358 3961 4428 μεθαρμοο

2377 4447 2623 4517 ςόμενος,
2674 4448 2891 4512 πάντως
2938 4451 3104 4521 ἀπῄει
3158 4451 3368 4515 πείσας,
3416 4450 3448 4521 ἢ
3495 4449 3720 4512 πάντας,
3760 4448 3962 4518 ἢτοὺς

689 4539 842 4611 Same
864 4526 1006 4597 enim
1030 4559 1152 4599 cum
1175 4547 1539 4602 acerbissimis
1569 4548 1735 4617 plagis
1764 4526 1999 4619 acceptis
2022 4552 2268 4608 inventus

2378 4537 2620 4601 πολλούς.
2657 4540 2921 4603 Πολλάκις
2945 4541 3050 4613 γὰρ
3078 4541 3319 4614 εὑρεθεὶς
3348 4541 3486 4611 μετὰ
3517 4540 3728 4610 πληγὰς
3760 4540 3961 4610 άνηκέ-

688 4643 830 4688 esset
858 4636 924 4699 ⁸³,
985 4635 1149 4705 inque
1184 4636 1333 4693 urbis
1364 4637 1508 4691 illius
1542 4638 1812 4694 suburbiis
1851 4640 2078 4709 ejectus,
2103 4658 2262 4711 quam

688 4724 969 4776 erudiebat
987 4728 1059 4777 ad
1092 4724 1347 4791 pietatem
1369 4768 1384 4791 ,
1413 4727 1540 4794 quin
1573 4736 1626 4782 et
1649 4742 1746 4796 pro
1778 4738 1989 4784 mortuo
2011 4746 2120 4800 pra:
2149 4749 2233 4805 ma

690 4818 859 4864 torum
892 4814 1159 4882 gravitate
1184 4816 1421 4880 habitus,
1448 4817 1706 4885 postridie
1747 4820 1921 4873 forum
1960 4832 2170 4891 petens.
2202 4840 2265 4876 ac

691 4902 967 4956 dexteram
997 4903 1347 4972 protendens,
1408 4920 1501 4960 eos
1554 4906 1745 4961 iterum
1785 4910 2035 4977 docebat,
2074 4913 2165 4981 qui
2196 4914 2261 4965 ad

691 4992 880 5045 mortis
912 4991 1054 5059 ipsas
1110 4992 1291 5047 fauces
1326 4993 1676 5048 adduxissent
1706 5011 1721 5048 :
1764 4996 1842 5050 sic
1874 4997 2009 5050 nihil
2034 5001 2263 5053 curabat

690 5095 907 5151 corpus,
939 5081 1171 5149 fortique
1209 5084 1390 5138 animo
1442 5087 1493 5138 in
1540 5101 1787 5155 supernae
1812 5090 2124 5143 vocationis
2140 5105 2263 5144 sco-

692 5190 815 5243 pum
848 5174 1148 5238 intendens,
1204 5177 1541 5241 decertabat,
1565 5180 1789 5233 subinde
1816 5181 2140 5253 provincias,
2172 5198 2264 5235 ur-

692 5270 786 5318 bes
817 5266 1044 5321 subinde
1096 5276 1327 5331 mutans,
1360 5278 1501 5322 terra
1554 5269 1820 5325 desudans
1856 5272 2065 5326 labores
2094 5286 2263 5341 atque

692 5356 1011 5422 certamina,
1060 5357 1336 5413 accinctus
1384 5359 1449 5412 ad
1487 5360 1653 5414 maris
1711 5364 1965 5429 pericula,
2017 5364 2162 5417 clare
2201 5378 2265 5417 ac

694 5450 894 5502 diserte
916 5466 1077 5505 orans
1107 5453 1174 5505 ad
1203 5451 1493 5507 frementes
1536 5448 1778 5523 populos,
1805 5454 2076 5521 judicibus
2106 5455 2259 5510 iratis

693 5540 1054 5607 satisfaciens,
1084 5541 1336 5599 Hebraeos
1363 5546 1426 5599 ad
1456 5546 1657 5600 Christi
1698 5547 2023 5616 agnitionem
2050 5550 2079 5599 a
2109 5544 2261 5601 Scri-

693 5631 868 5697 pturis
895 5632 1170 5698 inducens,
1199 5649 1335 5701 quas
1380 5635 1449 5687 illi
1483 5637 1533 5688 in
1580 5636 1749 5703 pretio
1789 5637 2047 5691 haberent
2073 5652 2087 5700 ;
2112 5634 2260 5690 Cra:-

770 5842 812 5877 ⁸²
835 5844 956 5897 Act.
991 5860 1101 5910 ινι,
1131 5844 1200 5899 2?.
1225 5862 1344 5915 sqq.
1428 5849 1467 5879 ”
1494 5848 1617 5920 Leg.
1654 5850 1763 5905 τόν.

2378 4621 2555 4695 στους,
2590 4632 2682 4684 καί
2727 4633 2903 4702 ριφεὶς
2945 4634 3003 4685 ὲν
3047 4634 3391 4713 προαστείοις
3420 4632 3530 4703 ,τῆς
3564 4632 3771 4694 πόλεως
3809 4630 3961 4684 ὲκεί-

2373 4741 2493 4794 νης,
2526 4725 2591 4794 ἣν
2622 4724 3001 4793 ἐμυσταγώγει
3034 4726 3169 4796 πρὸς
3200 4726 3297 4797 τὴν
3328 4726 3633 4788 εὐσέϐειαν,
3677 4722 3962 4795 νομισθεὶς

2356 4818 2426 4871 δὲ
2463 4819 2555 4871 καὶ
2577 4818 2829 4872 τεθνάναι
2866 4819 2953 4873 διὰ
2978 4820 3039 4872 τὸ
3075 4818 3303 4890 μέγεθος
3335 4806 3451 4872 τῶν
3471 4817 3680 4882 δεινῶν,
3703 4819 3767 4887 τῇ
3794 4816 3960 4870 ὑστε-

2373 4912 2503 4980 ραία
2526 4911 2625 4981 τὴν
2653 4910 2859 4983 ἀγορὰν
2890 4910 3233 4974 καταλαϐὼν,
3269 4910 3362 4963 καὶ
3395 4910 3493 4980 τὴν
3524 4904 3707 4974 δεξιὰν
3734 4907 3960 4977 προτεί-

2370 5018 2486 5064 νας.
2525 5002 2687 5055 πάλιν
2716 5000 2989 5057 ἐδίδασκεν
3012 4983 3133 5065 τοὺς
3166 5002 3332 5071 ἐγγὺς
3361 5002 3668 5069 ἀγαγόντας
3693 4998 3961 5051 θανάτουο

2368 5094 2541 5158 οὓτως
2573 5094 2724 5147 οὐδὲν
2750 5094 2897 5164 αὐτῷ
2930 5093 3023 5147 τοῦ
3060 5093 3311 5165 σώματος
3349 5090 3589 5163 ἔμελλεν·
3613 5091 3747 5161 πρὸς
3776 5085 3831 5141 δὲ
3852 5087 3963 5142 τὸν

2371 5185 2573 5238 σκοπὸν
2606 5184 2823 5253 βλέπων
2855 5184 2954 5254 τῆς
2987 5184 3099 5237 ἄνω
3139 5183 3406 5254 κλήσεως,
3451 5181 3714 5253 καρτερὸς
3746 5179 3963 5248 ἠγωνί-

2369 5276 2510 5339 ζετο,
2547 5274 2730 5345 χώραν
2780 5278 2841 5328 ὲκ
2889 5275 3071 5346 χώρας
3110 5274 3372 5344 ἀμείϐων,
3416 5273 3569 5325 πόλιν
3613 5271 3675 5325 ῑκ
3714 5269 3962 5336 πόλεως,

2368 5371 2481 5428 τοῖς
2510 5370 2651 5419 κατὰ
2696 5368 2800 5437 γῆν
2838 5368 3019 5430 πόνοις
3061 5365 3316 5429 ὲναθλῶν,
3346 5363 3482 5436 πρὸς
3513 5362 3639 5427 τοὺς
3673 5360 3964 5427 κινδύνους

2368 5461 2494 5521 τοὺς
2552 5460 2619 5510 ἐκ
2673 5458 2942 5530 θαλάττης
2995 5458 3491 5536 παρατειττόμενος,
3558 5454 3693 5527 πρὸς
3742 5452 3964 5523 δήμους

2370 5549 2740 5619 φρεμένοντας
2766 5556 2780 5570 ”
2810 5548 3117 5620 ρητυρεύων
3136 5546 3338 5615 σαφῶς,
3357 5547 3636 5608 δικασταῖς
3664 5542 3973 5615 ὀργιζομέ..

2368 5660 2475 5706 νοις
2509 5644 2963 5713 ἀπολογούμενος·
3005 5641 3294 5713 ’Ἑϐραίους
3330 5642 3537 5708 ὲνάγων
3574 5640 3652 5702 είς
3688 5636 3791 5705 τὴν
3821 5636 3961 5691 ἐπί-
