4212 6318
228 431 333 489 293

1104 430 1383 484 IIOMILIA
1425 430 1555 483 VIII.
1599 429 1667 481 IN
1704 426 1804 483 SS.
1850 426 2130 482 PETRUM
2174 426 2259 481 ΕΤ
2298 425 2613 482 PAULUM.

3390 426 3499 483 29-2

227 568 427 619 γνωσιν
449 550 547 603 τοῦ
572 552 835 621 Χριστοῦ,
863 553 949 606 διὰ
985 552 1089 606 τῶν
1120 554 1248 623 παρ’
1286 553 1467 614 αὐτοῖς
1489 548 1814 619 τιμωμένων

1919 564 2009 600 cos
2037 547 2273 601 externis
2306 561 2370 601 ac
2402 544 2640 615 profanis
2671 544 2928 599 doctrinis
2971 540 3275 603 inﬂectens,
3300 557 3361 593 ac
3395 558 3495 595 na-

229 642 577 713 γραμμάτων
600 661 614 675 ·
646 644 916 713 ’Έλληνας
948 649 1059 709 τοῖς
1088 645 1284 711 ἔξωθεν
1316 640 1811 708 δυσωπῶνλόγοις,

230 734 325 787 καὶ
354 737 466 797 τοῖς
500 734 777 805 ἀγράφοις
809 735 994 805 νόμοις
1033 737 1132 807 τῆς
1169 735 1412 803 φύσεως·
1458 732 1817 804 Χριστιανοὺς

230 824 488 896 βεϐαιῶν·
520 826 899 897 προσηλύτους
940 826 1257 897 οἰκοδομῶν,
1302 824 1396 879 καὶ
1443 824 1657 897 τρέφων
1703 824 1818 885 τοίς

229 920 570 989 προσφόροις
597 919 943 989 διδάγμασιν,
971 921 1045 983 ὡς
1075 920 1367 990 φυτουργοὶ
1412 918 1481 972 τὰ
1511 918 1682 989 νεαρά
1710 915 1818 970 τῶν

230 1011 438 1079 φυτῶν,
485 1015 551 1082 τῇ
598 1012 895 1083 συμμέτρῳ
948 1013 1042 1066 καὶ
1086 1005 1425 1083 πεφεισμὲνῃ
1458 1011 1564 1065 τῶν
1610 1010 1817 1063 ὑδάτων

228 1102 491 1172 ἐπιρροῇ.
531 1105 597 1153 Ὅ
625 1102 695 1155 ιδὲ
744 1104 975 1172 μάλιστα
1015 1102 1289 1156 δείκνυσιν
1330 1102 1494 1167 αὑτοῦ
1527 1102 1626 1173 τὴν
1656 1104 1714 1156 ὲν
1738 1101 1819 1154 λό-

226 1209 351 1260 γοις
384 1194 559 1263 ίσχὺν,
594 1192 1024 1262 καταμάθωμεν.

312 1282 563 1353 Ἀθῆναι,
599 1284 753 1347 πόλις
800 1285 947 1336 ἐστὶν
985 1283 1374 1355 προκαθημένη
1421 1284 1518 1354 τῆς
1575 1283 1813 1353 Ἀχαΐας,

226 1375 391 1429 ἑστία
435 1375 628 1444 λόγων,
680 1375 756 1437 ὡς
809 1376 1069 1446 προεῖπον
1114 1374 1281 1445 αὐτὴν
1330 1377 1378 1427 οἱ
1421 1373 1815 1443 εὐφημοῦντες,

231 1466 416 1535 σοφῶν
444 1465 654 1537 ἀνδρῶν
685 1465 777 1519 καὶ
802 1465 912 1519 τῶν
943 1468 998 1518 ὲν
1026 1466 1203 1535 λόγοις
1234 1465 1450 1529 ζώντων
1478 1464 1707 1517 παλαιὸν
1728 1467 1818 1536 ἐρ-

231 1558 554 1629 γαστήριον.
601 1558 751 1611 Ἐπεὶ
771 1559 948 1611 τοίνυν
970 1560 997 1611 ὁ
1024 1556 1229 1619 Παῦλος
1258 1556 1319 1608 τὸ
1357 1556 1647 1626 Ἰλλυρικὸν
1673 1555 1818 1609 ἅπαν

228 1651 568 1722 διαδραμὼν,
600 1652 693 1705 καὶ
723 1651 999 1721 πανταχοῦ
1034 1651 1193 1723 ῥίψας
1221 1651 1346 1714 τοὺς
1376 1650 1678 1721 σπινθῆρας
1719 1650 1818 1721 τῆς

230 1744 495 1807 πίστεως,
526 1743 622 1807 οὒς
660 1750 720 1796 τὸ
750 1743 975 1815 Πνεῦμα
1013 1741 1343 1813 παραλαϐὼν
1378 1742 1695 1815 ἀνερρίπιζε
1725 1744 1818 1796 καλ⁹

230 1833 545 1899 ἀσϐέστους
572 1837 775 1907 ἐτήρει,
796 1830 929 1906 ἦλθε
957 1835 1097 1889 κατὰ
1122 1836 1223 1905 τὴν
1251 1835 1439 1906 χρείαν
1454 1836 1551 1905 τῆς
1568 1834 1815 1907 περιόδου

226 1925 330 1977 καὶ
358 1926 492 1995 πρὸς
516 1926 644 1989 τοὺς
673 1927 866 1994 σοφοὺς
902 1926 1234 1995 Ἀθηναίου·.
1264 1928 1503 1998 Πρᾶγμα
1527 1922 1595 1998 ἦν
1616 1927 1819 1996 πολλῆς

237 2016 511 2085 μερίμνης
557 2016 726 2080 ἄξιον,
777 2016 894 2079 πῶς
933 2015 997 2070 ἂν
1040 2019 1069 2070 ὁ
1116 2019 1491 2089 σκηνοῤῥάιρος
1529 2020 1654 2082 τοὺς
1692 2022 1821 2089 περὶ

231 2106 372 2159 Θεοῦ
425 2107 615 2175 λόγους
672 2108 900 2170 ἐκείνοις
947 2108 1403 2180 δημηγορήσειεν,
1450 2112 1563 2173 τοῖς
1611 2110 1820 2177 ἀξιοῦσι

230 2196 382 2251 κατὰ
410 2198 660 2251 παιδείαν
689 2199 905 2252 πάντων
933 2198 1048 2268 ἅμα
1081 2196 1382 2268 βασιλεύειν
1407 2198 1728 2271 ἀνθρώπων.
1761 2201 1821 2253 '0

228 2288 293 2342 es
332 2289 557 2359 μεγέθει
600 2290 835 2359 φύσεως,
883 2290 977 2342 καὶ
1007 2289 1218 2359 πλούτῳ
1243 2289 1342 2360 τῆς
1374 2290 1578 2343 ἀνωθεν
1614 2288 1823 2361 δωρεᾶς

232 2379 626 2450 ἐπαιρόμενος,
653 2381 752 2449 οὐχ
789 2381 885 2432 ἕνα
922 2380 1029 2433 τῶν
1056 2382 1367 2449 ὑποστέγων
1393 2382 1569 2452 δόμων
1596 2381 1824 2435 κατέλα-

233 2469 353 2536 ϐεν,
408 2471 532 2523 οὐδὲ
585 2472 671 2540 ἐφ’
710 2472 827 2535 ἑνὸς
870 2464 1251 2543 ἐργαστηρίου
1283 2474 1530 2539 καθίσας,
1587 2474 1821 2538 διάλεξιν

233 2563 559 2635 ἐποιήσατο,
598 2564 675 2627 ώς
702 2564 961 2618 είώθεσαν
996 2564 1087 2617 κει.)⁵
1116 2567 1163 2617 oi
1194 2565 1398 2635 πρῶτοι
1424 2563 1530 2619 τῶν
1557 2566 1685 2637 παρ’
1725 2568 1823 2617 αὐ-

231 2658 349 2718 τοῖς
408 2655 714 2724 φιλοσόφων
772 2658 1008 2709 συνεῖναι
1054 2658 1167 2720 τοῖς
1211 2656 1636 2726 πλησιάζουσιν·
1689 2656 1824 2710 ἀλλὰ

234 2745 377 2815 πρὸς
418 2746 510 2797 τὸν
538 2746 758 2816 Ἀρειον
795 2745 968 2813 πάγον
1010 2744 1360 2816 ἀναδραμὼν,
1392 2745 1518 2799 ἔνθα
1560 2741 1627 2817 ἦν
1662 2744 1824 2817 βουλὴ

232 2835 453 2907 σκληρά
485 2835 580 2888 καὶ
616 2834 894 2905 ἐπίφοϐος,
925 2840 1043 2900 ταῖς
1072 2840 1316 2905 φονικαῖς
1350 2837 1526 2899 δίκαις
1574 2837 1825 2902 δικάζου-

233 2942 325 2979 σα·
362 2926 539 2997 εὑρὼν
577 2925 633 2978 δὲ
670 2926 871 2997 πλῆθος
898 2929 1015 2980 ἐκεῖ
1049 2928 1456 2997 συνειλεγμένον
1496 2927 1653 2988 πολὺ,
1694 2926 1823 2991 στὰς

232 3014 575 3084 ἐδημηγόρει
635 3015 774 3085 ὑπὲρ
822 3015 948 3075 τοὺς
990 3014 1184 3078 ἐθάδας
1231 3017 1484 3085 ῥήτορας,
1534 3015 1659 3078 τοὺς
1701 3014 1822 3068 καθ’

224 3107 455 3178 ἡμέραν
500 3107 630 3177 παρ’
667 3106 846 3170 αὐτοῖς
889 3106 1343 3177 ἀγωνιζομένους.
1380 3104 1574 3161 Λαϐὼν
1623 3106 1679 3158 δὲ
1725 3106 1824 3176 τὴν

235 3197 419 3267 ἀρχὴν
471 3194 531 3259 ἐξ
572 3196 1014 3266 ἐπιγράμματος,
1068 3196 1205 3266 ὅπερ
1237 3191 1304 3266 ἦν
1351 3195 1823 3267 ἑγκεκολαμμένον

238 3288 435 3359 βωμῷ,
496 3286 751 3341 κάκεῖθεν
807 3288 991 3348 αὐτοῖς
1054 3287 1381 3358 εὐαφόρμως
1428 3287 1518 3340 τὸν
1553 3288 1825 3355 ἄγνωστον

224 3378 615 3447 ⁵καταγγείλας
648 3377 800 3441 Θεὸν,
849 3379 942 3432 καὶ
977 3377 1266 3447 σύμπαντα
1318 3378 1413 3430 τὸν
1425 3377 1579 3445 λόγον
1629 3394 1829 3447 συμπε-

239 3470 584 3542 ρανάμενος,
621 3470 872 3523 τοσοῦτον
936 3469 1142 3539 ἀπέσχε
1200 3468 1294 3522 τοῦ
1358 3468 1433 3532 ὡς
1475 3467 1689 3539 ἰδιώτης
1727 3469 1826 3538 τῆς
1864 3528 1867 3529 ν

236 3558 442 3625 ἔξωθεν
477 3560 669 3628 σοφίας
704 3560 1025 3629 διαμαρτεῖν
1051 3575 1104 3610 τι
1129 3559 1257 3630 περὶ
1292 3560 1418 3621 τοὺς
1441 3556 1651 3625 λόγους,
1685 3556 1825 3609 ὥστε

236 3652 332 3705 τὸν
358 3655 657 3723 κορυφαῖον
687 3650 797 3704 τῶν
840 3650 1355 3721 Ἀρεοπαγιτῶνιτὸν
1383 3637 1677 3713 Διονύσιον,
1711 3647 1828 3718 ἅμα

240 3743 346 3813 μὲν
394 3745 460 3813 τῇ
500 3743 720 3810 γυναικὶ⁵
749 3740 941 3805 πείσας
975 3741 1293 3812 μετέστησε,
1322 3742 1415 3794 καὶ
1450 3740 1544 3793 τοῦ
1591 3738 1825 3811 Χριστοῦ

240 3834 541 3905 είργάσατο
573 3830 780 3895 δοῦλον,
823 3833 881 3900 ἐξ
924 3834 1039 3896 ἑνὸς
1084 3833 1292 3904 βωμοῦ,
1344 3834 1437 3886 καὶ
1477 3832 1679 3904 μικροῦ
1712 3833 1829 3885 ἐπι-

241 3929 596 3997 γράμματος,
636 3925 844 3977 πολλῶν
873 3927 1190 3995 ἀποστήσας
1225 3924 1443 3995 βωμῶν.

314 4186 604 4241 Κατελθών
666 4187 723 4239 δὲ
787 4186 1012 4257 νικητὴς
1082 4184 1329 4248 ἐκεῖθεν,
1402 4184 1529 4238 ἔνθα
1597 4185 1828 4255 μάλιστα

241 4282 429 4349 ἴσχυεν
451 4279 479 4330 ὁ
506 4278 802 4349 πολεμικὸς
834 4276 943 4328 τῶν
989 4276 1254 4349 Ἐλλήνων
1282 4275 1507 4346 δαίμων.
1538 4277 1746 4330 ἐκεῖθεν
1773 4276 1829 4329 δὲ

246 4370 489 4442 μεταϐὰς
518 4371 655 4440 πρὸς
677 4370 776 4439 τὴν
804 4369 1022 4442 γείτονα
1044 4370 1199 4422 πόλιν
1222 4369 1320 4438 τὴν
1347 4366 1632 4439 Κόρινθον,
1666 4364 1829 4421 οὖσαν

241 4463 346 4533 τῆς
386 4462 609 4531 Ἀχαΐας
636 4459 986 4531 μητρόπολιν,
1021 4461 1116 4514 καὶ
1166 4459 1406 4529 λαλήσας
1454 4461 1511 4512 ὲν
1555 4461 1675 4522 ταῖς
1704 4476 1833 4510 συνο

1922 647 2055 691 tura:
2085 636 2291 706 legibus
2324 650 2428 691 non
2467 635 2704 704 scriptis,
2758 635 3087 704 conﬁrmans
3138 631 3495 696 Christianos,

1919 728 2222 800 proselytas
2269 738 2323 784 et
2380 727 2471 798 qui
2533 728 2654 783 lldei
2711 726 3076 781 accessissent
3111 723 3404 786 aediﬁcans,
3434 737 3498 776 ac

1919 821 2173 890 congruis
2202 819 2463 875 doctrinis
2495 818 2665 883 alens,
2696 818 2772 870 uti
2830 824 3036 871 satores
3089 814 3325 870 novellas
3350 816 3498 883 plan-

1924 923 2026 979 tas,
2067 915 2343 967 moderato
2393 929 2453 967 ac
2490 913 2755 981 castigato
2788 923 3047 978 aquarum
3084 908 3283 962 inlluxu
3317 908 3502 961 fovent

1920 1021 1983 1059 ac
2002 1014 2273 1059 recreant.
2327 1005 2477 1072 Quod
2521 1019 2647 1058 vero
2703 1002 2817 1068 ejus
2873 1001 3104 1055 maxime
3126 1000 3236 1054 vim
3284 996 3498 1055 dicendi

1918 1095 2183 1159 ostendit,
2212 1094 2265 1148 id
2298 1109 2424 1149 vero
2447 1094 2836 1163 perdiscamus.

1993 1274 2236 1340 Athenae,
2263 1274 2393 1329 urbs
2437 1282 2521 1329 est
2547 1268 2765 1327 Achaia:
2795 1272 3077 1342 primaria,
3128 1271 3496 1327 doctrinarum

1922 1369 2093 1431 sedes,
2135 1367 2208 1420 uti
2264 1367 2392 1421 olim
2445 1366 2780 1421 laudatorum
2834 1379 2931 1420 ore
2958 1364 3170 1420 meruit
3217 1363 3499 1427 celebrari,

1927 1474 2162 1512 Virorum
2189 1459 2513 1526 sapientum,
2547 1473 2610 1512 ac
2635 1457 2937 1511 litterarum
2990 1457 3277 1511 colentium
3302 1456 3496 1514 studia.

1921 1553 2140 1621 antiqua
2166 1551 2400 1605 ofﬁcina.
2438 1550 2573 1616 Quia
2619 1565 2747 1621 ergo
2779 1549 2978 1604 Paulus
3016 1560 3182 1603 totum
3228 1548 3497 1619 Illyricum

1920 1644 2271 1710 percurrens",
2323 1655 2386 1693 ac
2448 1639 2649 1708 ubique
2704 1653 2965 1708 spargens
3023 1638 3293 1693 scintillas
3353 1639 3497 1703 ﬁdei,

1921 1748 2058 1802 quas
2099 1748 2298 1802 auspex
2332 1730 2564 1801 Spiritus
2604 1732 2879 1785 excitabat
2910 1730 2987 1796 “,-
3009 1731 3261 1800 vivasque
3290 1740 3502 1799 semper

1923 1826 2213 1890 servabat,
2268 1824 2577 1879 necessario
2610 1823 2837 1877 circuitu
2889 1821 3259 1891 ad'sapientes
3286 1835 3503 1889 quoque

1854 1898 1896 1956 Β
1925 1917 2283 1971 Athenienses
2316 1926 2571 1971 venerat:
2604 1931 2688 1971 res
2716 1914 3023 1970 eratmulta
3059 1916 3214 1985 digna
3245 1914 3509 1971 sollicitu-‘

1927 2010 2048 2063 diue
2085 2026 2099 2064 :
2138 2023 2241 2077 qua
2268 2023 2395 2062 vero
2426 2009 2631 2061 ratione
2663 2010 2923 2062 c0riarius
2947 2010 3125 2073 homo,
3158 2022 3257 2077 pro
3282 2008 3501 2063 concio-

1927 2114 1993 2152 ne
2038 2099 2102 2152 «ιθ
2158 2101 2267 2153 Ι)εο
2322 2100 2461 2167 apud
2500 2113 2594 2152 eos
2630 2109 2881 2152 oraturus
2919 2108 3081 2162 esset,
3130 2100 3219 2166 qui
3248 2098 3503 2153 universo

1927 2191 2084 2244 simul
2120 2191 2355 2244 humano
2385 2192 2591 2259 generi,
2625 2200 2682 2245 ut
2718 2186 3100 2247 eruditionem
3132 2200 3362 2259 spectes,
3409 2190 3505 2244 do-

1927 2284 2120 2336 minari
2157 2282 2359 2337 vellent
2387 2283 2411 2335 ?
2436 2283 2523 2336 Ille
2576 2283 2921 2337 nihilominus
2947 2282 3109 2336 animi
3140 2297 3202 2335 ac
3223 2281 3363 2350 genii
3392 2295 3505 2335 ma-

1925 2374 2224 2444 gnitudine,
2257 2375 2585 2444 supernique
2604 2375 2728 2429 doni
2756 2374 2928 2429 fretus
2955 2374 3181 2440 divitiis,
3207 2386 3310 2435 non
3340 2384 3500 2426 unam

1927 2467 2162 2535 aliquam
2225 2468 2384 2535 petiit
2425 2467 2865 2536 subtegulaneam
2924 2468 3165 2527 dommn,
3226 2474 3383 2517 autve
3447 2463 3505 2519 in

1926 2561 2157 2627 quadam
2190 2557 2398 2613 oilicina
2438 2558 2651 2623 sedens,
2702 2559 2974 2626 disputare
3023 2557 3205 2624 cmpit,
3236 2555 3504 2623 quomodo

1929 2650 2093 2706 etiam
2131 2652 2287 2721 primi
2324 2666 2386 2704 ac
2435 2649 2686 2719 praecipui
2737 2653 2873 2718 apud
2897 2663 2989 2703 eos
3016 2647 3343 2717 philosophi,
3382 2661 3503 2701 cum

1930 2745 2015 2807 iis,
2059 2743 2147 2812 qui
2178 2743 2462 2813 propiores
2523 2742 2761 2806 adibant,
2803 2754 3166 2794 consuescere
3226 2737 3503 2804 solebant;

1927 2836 2020 2890 sed
2043 2837 2106 2889 ad
2143 2836 2316 2904 ipsum
2376 2835 2714 2908 AreOpagum
2770 2847 3085 2895 excurrens,
3139 2830 3227 2884 ubi
3286 2845 3506 2885 severus

1927 2928 2145 2994 quidam
2176 2942 2238 2980 ac
2264 2926 2619 2981 formidabilis
2649 2935 2886 2987 senatus,
2914 2922 3169 2993 capitales
3203 2936 3393 2976 causas
3421 2921 3503 2992 ju-

1929 3019 2139 3087 dicans,
2165 3019 2407 3081 sedebat,
2460 3020 2785 3086 inventaque
2817 3016 2947 3085 ,illic
3006 3008 3231 3067 collecta
3287 3012 3504 3082 copiOsa

1929 3110 2271 3164 multitudine
2302 3119 2477 3172 stans,
2512 3107 2726 3177 publica
2772 3104 3035 3159 concione
3069 3112 3354 3158 consuetos
3383 3114 3501 3156 ora-

1932 3212 2073 3256 tores
2109 3201 2379 3265 vincebat,
2401 3214 2629 3271 quorum
2660 3199 2803 3267 apud
2855 3212 2948 3251 eos
2978 3196 3297 3264 eloquentia:
3328 3202 3503 3248 certa.

1918 3293 2076 3346 mina
2129 3291 2367 3361 quotidie
2419 3299 2594 3345 erant.
2657 3288 2827 3343 Ducto
2859 3297 3036 3341 autem
3072 3284 3296 3340 exordio
3326 3285 3392 3337 ab
3423 3284 3504 3336 in-

1929 3383 2248 3455 scriptione,
2279 3396 2396 3451 qua:
2424 3382 2577 3435 altari
2615 3381 2880 3448 insculpta
2914 3388 3053 3443 erat,
3089 3377 3313 3446 ejusque
3346 3389 3506 3430 occa-

1929 3478 2082 3530 sione
2116 3477 2356 3545 ignotum
2389 3475 2468 3527 eis
2503 3474 2666 3526 Deum
2713 3482 3010 3540 opportune
3066 3469 3417 3530 annuntians,
3444 3480 3505 3520 ao

1929 3571 2144 3620 demum
2184 3576 2292 3619 tota
2356 3564 2599 3618 absoluta
2657 3563 2921 3626 oratione,
2978 3570 3183 3612 tantum
3242 3558 3394 3611 abest
3450 3566 3505 3610 at

1930 3661 2091 3711 idiota
2125 3648 2211 3712 iIle
2240 3672 2303 3711 ac
2336 3659 2500 3718 rudis,
2539 3657 2681 3724 quod
2735 3655 2801 3707 ad
2851 3660 3129 3708 externam
3184 3651 3504 3719 sapientiam

1929 3760 2153 3818 spectat,
2179 3748 2377 3818 aliquid
2447 3747 2675 3801 ditendo
2724 3745 3051 3811 peccaverit,
3088 3742 3326 3796 utetiam
3354 3749 3515 3795 sena:

1932 3854 2015 3894 lus
2046 3841 2306 3910 ejusmodi
2331 3838 2627 3908 principem
2680 3836 3014 3904 Dionysium,
3055 3849 3162 3887 una
3195 3848 3317 3887 cum
3341 3844 3509 3887 uxore

1936 3932 2099 3986 uictis
2126 3932 2559 4000 acquiescentem
2596 3927 2948 3989 converterit,
2979 3942 3042 3980 ac
3059 3925 3263 3980 Christi
3289 3923 3506 3980 servum

1929 4020 2182 4085 eﬂecerit,
2208 4023 2274 4075 ab
2295 4034 2405 4074 uno
2421 4020 2576 4074 altari
2604 4033 2667 4073 ac
2690 4033 2850 4087 parva
2874 4018 3107 4087 quadam
3137 4016 3505 4085 inscriptione,

1933 4132 1960 4167 a
1998 4113 2294 4168 multorum
2325 4112 2587 4180 religione
2611 4109 2864 4163 altarium
2889 4118 3159 4162 avertens.

2000 4205 2127 4258 lude
2159 4219 2287 4257 vero
2324 4203 2496 4257 victor
2549 4202 2782 4265 rediens,
2832 4199 2921 4255 ubi
2955 4198 3185 4252 maxime
3215 4197 3368 4252 fortis
3391 4205 3508 4252 erat

1930 4296 2157 4350 bellicus
2211 4293 2492 4365 gentilium
2558 4295 2789 4353 daemon,
2818 4306 2880 4345 ac
2910 4290 3032 4345 inde
3059 4291 3124 4343 ad
3154 4290 3384 4344 vicinam
3417 4305 3507 4341 ur-

1932 4390 2052 4441 bem
2077 4386 2394 4441 Corinthum
2455 4385 2745 4446 transiens,
2778 4382 2994 4436 Achaiae
3032 4381 3387 4449 metropolim.
3430 4380 3507 4431 lo-

1932 4493 2208 4548 quensque
2244 4479 2297 4532 in
2351 4476 2643 4548 synagogis
2684 4476 2985 4529 doctrinam
3030 4472 3344 4537 salutarem,
3376 4470 3522 4524 abiit

240 4553 492 4620 αγωγαῖς
518 4550 580 4603 τὸ
611 4551 876 4621 σωτήριον
898 4549 1152 4621 δίδαγμα,
1177 4548 1348 4619 ᾤχετο
1377 4549 1525 4617 ἄγων
1556 4550 1824 4620 προσήλυ-

1934 4570 2184 4639 adjuncto
2226 4569 2366 4635 ﬁdei,
2430 4582 2532 4623 non
2576 4583 2680 4623 uno
2715 4566 2895 4635 aliquo
2937 4578 2966 4618 e
3001 4564 3202 4629 multis,
3239 4572 3333 4617 Seu
3365 4563 3504 4633 Vulgi

240 4659 357 4704 τον,
390 4642 488 4711 οὐχ
514 4641 613 4694 ἕνα
644 4641 753 4693 τῶν
786 4641 1015 4705 πολλῶν,
1041 4642 1161 4695 οὐδὲ
1194 4642 1302 4695 τῶν
1326 4642 1709 4712 ἐπιτυχόντων,
1736 4644 1830 4697 ἀλ-

240 4733 315 4785 λὰ
345 4733 508 4785 αὐτὸν
533 4732 623 4784 τὸν
655 4733 1121 4804 ἀρχισυνάγωγον,
1154 4734 1289 4805 μετᾶ
1319 4734 1414 4788 τοῦ
1448 4735 1649 4800 παντὸς
1679 4736 1828 4808 πλή-

243 4825 375 4889 θους
394 4825 495 4895 τῆς
516 4824 715 4889 οἰκίας
743 4825 838 4879 καὶ
866 4828 1096 4895 νικήσας
1130 4826 1238 4880 ἀπὸ
1260 4828 1503 4898 κορυφῆς
1525 4827 1613 4880 τὸν
1640 4828 1824 4898 νόμον,

242 4916 345 4969 καὶ
376 4916 685 4985 μεγαλύνας
709 4915 800 4969 τὸν
828 4917 1079 4989 σταυρὸν,
1113 4917 1190 4982 ὡς
1220 4918 1421 4988 ὑψηλὸν
1440 4919 1716 4989 τρόπαιον,
1744 4920 1826 4972 οὖ-

240 5025 326 5060 τω
363 5009 625 5078 κάκείνην
658 5007 838 5078 ἀφῆκε
866 5009 965 5080 τὴν
994 5010 1168 5074 πόλιν,
1200 5011 1279 5081 τῷ
1302 5010 1522 5081 Χριστῷ
1548 5011 1827 5081 ὑποκύψα-

244 5117 370 5152 σαν.
400 5100 507 5152 Τοῦ
535 5101 590 5153 δὲ
617 5102 809 5172 χρόνου
838 5103 1137 5173 προϊόντος,
1169 5105 1263 5155 καὶ
1290 5103 1385 5157 τοῦ
1419 5103 1578 5171 λόγου
1606 5104 1705 5174 τῆς
1730 5106 1836 5156 εὑ-

246 5176 474 5255 σεϐείας
494 5194 951 5263 προσκόπτοντος,
982 5194 1173 5264 ὣσπερ
1204 5212 1289 5258 τις
1321 5196 1623 5266 στρατηγὸς
1662 5196 1831 5248 διετέ-

242 5286 350 5337 λει·
385 5282 809 5353 προσκτώμενος
844 5284 922 5353 τῷ
975 5285 1185 5354 βασιλεῖ
1220 5286 1342 5339 καθ’
1372 5268 1586 5357 ἡμέραν
1628 5288 1829 5354 πόλεις,

246 5375 468 5445 κώμας,
496 5374 719 5443 ἀγροὺς,
763 5375 1083 5432 ὑποκόπτων
1121 5377 1190 5430 τὰ
1224 5376 1390 5448 νεῦρα
1439 5379 1532 5431 τοῦ
1562 5380 1833 5452 πρότερον

245 5466 580 5539 κρατοῦντος
607 5467 893 5536 τυράννου.

318 5556 602 5629 Μετῆλθεν
635 5554 727 5611 οὖν
761 5560 826 5611 ἐκ
854 5560 1119 5631 Κορίνθου
1155 5562 1289 5632 πρὸς
1316 5561 1414 5633 τὴν
1459 5561 1566 5616 τῶν
1600 5563 1832 5616 Πισίδων

243 5646 459 5719 χώραν,
493 5644 612 5701 εἶτα
636 5649 737 5718 τὴν
761 5648 1063 5704 Λυκαονίαν
1092 5651 1183 5704 καὶ
1206 5651 1307 5714 τὰς
1333 5652 1431 5722 τῆς
1463 5653 1700 5722 Φρυγίας
1729 5655 1827 5707 πό-

326 5844 512 5901 υνΔεῑ.
540 5862 671 5913 xvn,
705 5848 771 5901 16
796 5863 947 5920 seqq.
1027 5849 1212 5905 "Act.
1247 5864 1396 5915 svnt,
1430 5849 1481 5903 8.

1936 4662 2183 4726 homine,
2217 4676 2405 4714 verum
2458 4660 2696 4729 principe
2758 4658 2872 4728 ipso
2902 4655 3198 4727 Synagogte
3241 4669 3362 4709 cum
3397 4665 3504 4707 tota

1935 4754 2093 4807 domo
2126 4752 2190 4815 ι’,
2249 4764 2410 4814 atque
2468 4766 2496 4802 a
2536 4750 2739 4803 vertice
2792 4748 2919 4814 legis
2976 4746 3167 4808 victor,
3238 4758 3508 4812 crutequo

1933 4840 2168 4904 sublimi,
2211 4840 2382 4893 instar
2425 4838 2606 4905 tropaei
2652 4837 2937 4907 magniﬁce
2986 4834 3147 4896 elata,
3184 4833 3509 4901 sic‘quoque

1934 4932 2075 4985 illam
2107 4931 2322 5000 reliquit
2346 4926 2614 4984 civitatem
2641 4927 2853 4983 Christo
2876 4942 2934 4981 se
2958 4925 3322 4980 inclinantem.
3349 4923 3508 4976 Tem-

1935 5024 2081 5092 poris
2119 5035 2296 5077 antem
2349 5037 2627 5092 processu,
2664 5036 2728 5075 ac
2751 5021 2968 5090 pietatis
3012 5032 3261 5073 sermone
3292 5022 3503 5086 pronio-

1940 5128 2118 5180 vente,
2157 5117 2297 5170 velut
2333 5117 2436 5168 dux
2480 5114 2703 5183 quidam
2738 5110 2961 5169 effectus
2990 5120 3092 5170 est,
3144 5107 3255 5177 regi
3286 5107 3339 5160 in
3370 5103 3504 5169 dies.

1938 5212 2120 5275 urbes,
2151 5209 2365 5277 oppida,
2413 5220 2571 5277 agros
2625 5207 2937 5277 acquirens;
3006 5217 3198 5258 nervos
3248 5217 3310 5256 ac
3347 5199 3508 5255 robur

1936 5301 2085 5370 prius
2119 5294 2444 5354 dominantis
2470 5299 2684 5370 tyranni
2724 5296 3025 5352 succld'ens.

2003 5562 2137 5614 Tum
2187 5575 2314 5615 vero
2358 5560 2628 5616 Corintho‘
2674 5561 2891 5616 transiit
2945 5558 3239 5623 Pisidiam,
3279 5558 3506 5625 deinqne

1930 5652 2253 5723 Lycaoniam
2288 5667 2350 5707 ac
2390 5652 2635 5724 Phrygia:
2675 5653 2834 5707 nrbes
2865 5661 3077 5721 petens,
3114 5664 3176 5703 ac
3205 5648 3326 5702 inde
3367 5647 3506 5701 invi-
