4212 6318
704 415 813 472 295

1980 406 2037 461 S.
2080 408 2117 459 Α
2128 405 2352 460 STERII
2396 407 2699 461 AMASENI

3875 414 3985 470 296

705 545 832 584 setis
864 529 1078 590 Asiam,
1111 526 1562 596 postutodttmquc
1613 522 2002 584 Macedmﬁam,
2052 538 2291 575 commu-

2414 540 2509 585 ιεις
2554 522 2896 588 καταλαϐὼν,
2945 525 3197 577 κάκεῖθεν
3233 526 3328 596 τὴν
3378 526 3560 579 Ἀσίαν
3608 529 3987 599 ἐπισκεψάμε-

711 625 793 677 nis
837 629 957 677 erat
978 620 1123 674 orbis
1169 629 1435 673 terrarum
1472 620 1660 671 doctor
1691 631 1706 669 :
1740 631 1921 671 coram
1957 613 2173 683 quidem
2198 628 2293 682 po-

707 716 839 767 sitos
870 727 1120 767 sermone
1151 710 1369 778 iuvans,
1407 711 1660 765 absentes
1686 722 1813 763 vero
1840 716 2165 763 convertens
2199 722 2295 777 per

708 802 997 865 Epistolas.
1034 801 1192 857 Solus
1217 802 1306 856 ille
1338 812 1445 864 est,
1478 800 1633 870 cujus
1660 814 1933 870 nunquam
1965 814 2141 867 genua
2170 813 2292 851 cum

708 911 919 961 semper
961 895 1061 947 iter
1101 902 1282 961 ageret
1320 902 1447 947 sunt
1476 892 1707 956 lassata;
1743 905 1804 945 ac
1835 904 1933 944 nec
1970 891 2148 959 lingua
2186 898 2296 942 tor-

710 986 842 1051 pnit.
899 983 1042 1037 nulla
1088 984 1274 1053 requie
1316 986 1382 1037 ad
1432 984 1613 1037 hostes
1657 997 1721 1035 ac
1770 983 1975 1035 amicos
2022 978 2297 1049 Evangelii

709 1075 964 1143 mysteria
994 1089 1279 1128 enarratis.
1312 1073 1390 1128 Ac
1442 1075 1658 1142 quidem
1719 1073 1841 1126 talis
1888 1071 2090 1125 Paulus
2154 1070 2297 1139 quod

714 1177 920 1237 spectat
952 1168 1018 1221 ad
1048 1167 1385 1233 doctrinam;
1422 1166 1561 1235 quod
1592 1175 1772 1219 autem
1816 1168 1883 1217 ad
1922 1164 2182 1233 reliquam
2221 1164 2299 1217 vi-

710 1268 778 1312 ta:
819 1259 1233 1327 philosophiam,
1273 1258 1450 1325 qualis
1499 1257 1673 1326 rogo?
1707 1258 1799 1325 qui
1842 1271 2055 1326 semper
2081 1255 2301 1325 iugiter-

708 1365 815 1422 quc
857 1351 1116 1405 doctrina:
1155 1352 1425 1415 assiduus,
1474 1364 1537 1403 ac
1582 1348 1876 1419 Evangelio
1920 1348 2185 1412 serviens,
2234 1362 2300 1401 ne

710 1458 903 1511 panem
954 1443 1169 1511 quidem
1225 1443 1313 1497 abl
1348 1442 1525 1510 aliquo
1582 1442 1752 1510 gratis
1807 1440 2128 1505 referebat;
2169 1439 2297 1509 quin

713 1536 944 1589 interdiu
990 1537 1207 1604 quidem
1254 1537 1511 1590 adversus
1551 1542 1841 1588 sexcentos
1886 1535 2067 1587 hostes
2116 1542 2295 1587 certa-

712 1643 832 1681 men
864 1628 1113 1692 habebat,
1152 1637 1310 1681 noctu
1350 1642 1497 1693 vero,
1545 1625 1885 1695 scalpellum,
1922 1624 2215 1693 pellcsque,
2238 1639 2300 1677 ac

712 1720 846 1772 artis
900 1724 1152 1774 versabat
1208 1735 1366 1788 opus,
1417 1728 1475 1771 ut
1530 1732 1803 1771 annonam
1862 1715 1985 1769 inde
2057 1730 2121 1769 ac
2176 1715 2299 1768 vita:

712 1818 1073 1861 commeatum
1127 1818 1363 1877 pararet,
1417 1816 1473 1861 ut
1520 1806 1652 1861 nihil
1686 1820 1745 1860 se
1787 1819 2005 1875 gravem
2036 1804 2300 1874 praaberet

2398 630 2507 676 νος,
2536 609 2655 667 εἶτα
2684 616 2781 685 τὴν
2814 614 3176 677 Μακεδονίαν,
3207 618 3387 680 κοινὸς
3413 614 3480 688 ἦν
3511 619 3614 689 τῆς
3658 621 3987 690 οἰκουμένης

2397 704 2734 767 διδάσκαλος,
2778 705 2905 767 τοὺς
2948 705 3044 775 μὲν
3077 706 3387 777 ὁρωμένους
3416 710 3523 761 ἀπὸ
3555 708 3803 779 γλώττης
3841 710 3990 778 ὠφε-

2397 793 2526 859 λῶν,
2560 797 2685 857 τοὺς
2725 794 2778 847 δὲ
2822 795 3058 859 ἀπόντας
3095 796 3183 849 διά
3217 797 3327 849 τῶν
3368 800 3667 853 ἐπιστολῶν
3727 799 3987 872 ἐπιστρέ-

2401 903 2531 954 φων’
2585 886 2747 955 μόνου
2783 886 2839 938 δὲ
2882 887 3113 951 ἐκείνου,
3146 888 3207 941 οὐ
3238 890 3366 956 γόνυ
3393 891 3630 961 ἔκαμνεν
3664 892 3848 945 ὁδεῦον
3875 894 3986 953 ἀεὶ,

2399 980 2459 1031 ού
2494 979 2709 1047 γλῶττα
2741 981 2964 1050 ὲνάρκα.
3004 982 3140 1054 πρὸς
3171 982 3400 1053 ἐχθροὺς
3433 985 3525 1037 καὶ
3550 986 3735 1054 φίλους
3767 985 3991 1038 ἀνελλι-

2401 1071 2517 1134 πῶς
2550 1071 2823 1136 διεξιοῦσα
2862 1072 2956 1125 τοῦ
2990 1074 3323 1142 Εὑαγγελίου
3354 1079 3647 1153 μυστήρια.
3702 1079 3860 1132 Ἀλλά
3888 1080 3989 1151 τὴν

2404 1166 2501 1234 μὲν
2534 1164 2881 1218 διδασκαλίαν
2922 1166 3183 1231 τοιοῦτος·
3216 1168 3315 1239 τὴν
3343 1168 3398 1221 δὲ
3427 1169 3591 1239 ἀλλην
3616 1170 3710 1223 τοῦ
3747 1171 3862 1238 βίου
3895 1189 3989 1238 φι·

2400 1256 2677 1325 λοσοφίαν,
2706 1253 2819 1319 οἷος
2845 1256 3164 1328 ἀνθρωπος;
3208 1260 3321 1312 Ἀεὶ
3346 1261 3441 1313 καὶ
3472 1264 3712 1331 συνεχῶς
3745 1263 3821 1332 τῷ
3845 1263 3993 1332 λόγῳ

2402 1348 2849 1419 προσκαρτερῶν,
2906 1349 3001 1401 καὶ
3047 1350 3125 1419 τῷ
3174 1352 3493 1423 Εὐαγγελίῳ
3537 1354 3824 1417 δουλεύων,
3868 1354 3995 1407 οὐδὲ

2400 1440 2567 1506 ἄρτου
2596 1439 2805 1509 δωρεὰν
2841 1442 2990 1512 παρά
3016 1458 3160 1505 τινος
3184 1444 3489 1512 ἐκομίζετο’
3525 1445 3639 1497 ἀλλ’
3672 1447 3855 1516 ἡμέρα
3890 1447 3996 1515 μὲν

2401 1526 2513 1599 εἶχε
2564 1531 2655 1582 τὸν
2700 1532 2887 1599 ἀγῶνα
2926 1532 3017 1584 τὸν
3068 1534 3201 1604 πρὸς
3242 1535 3469 1604 μυρίους
3518 1537 3761 1608 ἐχθροὺς,
3796 1540 3893 1603 νὺξ
3935 1540 3997 1594 δὲ

2400 1624 2497 1693 τὴν
2527 1623 2745 1694 σμίλην,
2800 1626 2891 1677 καὶ
2930 1625 2997 1677 τὰ
3031 1628 3227 1696 σκύτη,
3270 1628 3363 1681 καὶ
3404 1628 3501 1697 τὴν
3535 1630 3644 1682 ἀπὸ
3672 1631 3767 1700 τῆς
3793 1631 3997 1701 τέχνης

2402 1715 2689 1784 ἐργασίαν⁶
2734 1715 2800 1767 ἶν’
2825 1717 3033 1769 ἐκεῖθεν
3072 1716 3171 1788 ἔχῃ
3206 1718 3296 1771 τὸν
3330 1720 3694 1788 ἐπισιτισμὸν,
3732 1722 3997 1791 φαίνηται

2402 1804 2457 1856 δὲ
2480 1806 2649 1858 πᾶσιν
2682 1805 2993 1877 ἀνεπαχθὴς
3020 1808 3336 1875 ἀπόστολος,
3370 1809 3644 1873 ἀδάπανος
3674 1810 3873 1881 κῆρυξ,
3901 1813 4001 1864 καὶ

713 1899 1040 1967 apostolum,
1073 1911 1129 1951 ut
1157 1900 1564 1969 praedicatorem
1596 1897 1799 1963 absque
1836 1906 2073 1965 sumptu,
2110 1896 2201 1964 qui
2230 1894 2293 1948 ad

2414 1894 2592 1966 λέχρις
2619 1895 2783 1965 ἄρτου
2811 1895 2920 1947 τῶν
2946 1896 3261 1962 ξενιζόντων
3287 1898 3628 1968 φειδόμενος.

715 2005 881 2060 usque
912 2005 1101 2058 panem
1146 1991 1447 2060 hospitibus
1494 1999 1761 2059 parceret.

795 2082 946 2134 llunc
987 2098 1084 2136 nos
1128 2097 1458 2147 sermonem,
1501 2079 1833 2143 sacerdotes,
1867 2079 2173 2143 audiamus,
2209 2080 2298 2147 qui

716 2179 911 2233 nedum
946 2175 1364 2243 comparticipes
1386 2187 1571 2227 sumus
1604 2171 1886 2236 altaribus,
1914 2186 2100 2225 verum
2136 2171 2299 2224 etiam

717 2272 784 2323 ab
814 2269 919 2321 illis
954 2268 1147 2320 divites
1176 2279 1384 2327 sumus,
1411 2279 1474 2317 ac
1498 2263 1551 2317 in
1581 2263 1791 2317 deliciis
1819 2262 2059 2330 agimus;
2088 2277 2301 2316 sacras-

716 2374 821 2427 que
848 2357 1156 2420 facultates,
1189 2364 1427 2409 nostram
1463 2354 1701 2423 ipsorum
1742 2354 2141 2423 possessionem
2169 2352 2303 2406 faci-

717 2467 871 2517 mus;
900 2452 1125 2518 quique,
1157 2446 1361 2500 Christi
1394 2459 1555 2497 causa
1592 2445 1869 2511 subjectis,
1901 2452 2155 2513 tauquam
2187 2457 2303 2497 ser-

717 2544 799 2596 vis
829 2540 1066 2612 graviter
1107 2540 1475 2605 imperamus,
1526 2534 1669 2588 haud
1718 2535 1876 2604 plane
1916 2533 2301 2595 sacerdotium,

717 2632 1015 2688 dominatio
1047 2639 1162 2696 est;
1192 2628 1321 2697 quin
1352 2629 1549 2697 potius,
1584 2635 1642 2679 ut
1664 2624 1786 2695 quis
1816 2624 2101 2693 intelligat,
2133 2625 2303 2678 servi-

721 2734 827 2779 tus.
858 2722 971 2775 Non
1004 2720 1357 2789 magistratus
1394 2718 1718 2771 auctoritate
1748 2716 2093 2771 decernentis
2128 2716 2307 2785 digni-

722 2826 840 2879 tas,
894 2814 986 2867 sed
1024 2813 1282 2866 modestm
1321 2826 1385 2863 ac
1419 2810 1695 2877 castigata:
1732 2808 2155 2877 dispensationis
2201 2809 2302 2862 mi-

722 2908 993 2962 nistratio.
1019 2904 1208 2958 Nonne
1236 2905 1557 2973 potestatem
1582 2899 1817 2955 habebat
1840 2900 2055 2954 divinus
2084 2901 2303 2967 Paulus,

723 3010 782 3055 ut
811 3015 873 3055 ex
912 3000 1087 3053 sacris
1136 2998 1489 3050 manducaret
1543 2995 1858 3061 biberetque
1909 2994 1985 3059 “;
2031 3008 2095 3047 ac
2136 2995 2310 3045 minii-

723 3107 845 3148 cum
901 3092 1031 3160 quid
1085 3088 1337 3159 stipendii
1401 3086 1665 3149 laborum,
1726 3086 1791 3138 ad
1859 3085 2122 3154 corporis,
2165 3084 2307 3153 quod

724 3184 966 3253 qu0tidie
1012 3182 1341 3243 cmdebatur,
1392 3179 1691 3234 fomentum
1733 3193 1796 3232 ac
1842 3193 2049 3241 curaui,
2097 3176 2311 3245 accipe-

2473 2074 2675 2127 Τοῦτον
2704 2076 2793 2128 τὸν
2826 2076 3003 2143 λόγον,
3038 2080 3221 2147 ἱερεῖς,
3266 2080 3614 2150 ἀκούσωμεν,
3661 2083 3708 2134 οί
3746 2084 3820 2153 μὴ
3858 2100 4001 2153 συμ-

2408 2167 2752 2237 μεριζόμενοι
2809 2171 2922 2232 τοῖς
2984 2168 3388 2241 θυσιαστηρίοις
3444 2172 3641 2242 μόνον,
3707 2175 3845 2228 ἀλλά
3900 2176 4004 2229 καὶ

2406 2258 2764 2322 πλουτοῦντες
2792 2260 2888 2313 ἀπ’
2914 2259 3137 2314 ἐκείνων
3165 2262 3259 2314 καὶ
3288 2262 3624 2333 τρυφῶντες,
3656 2266 3750 2318 καὶ
3784 2266 3881 2336 τὴν
3916 2268 3999 2319 ia-

2409 2351 2509 2422 ράν
2542 2352 2860 2422 περιουσίαν
2886 2351 3016 2404 ἴδιον
3043 2353 3228 2423 κτῆμα
3253 2356 3584 2425 ποιούμενοι,
3622 2359 3717 2411 καὶ
3751 2362 3862 2421 τοῖς
3893 2359 4004 2412 ὑπ-

2403 2447 2590 2513 ηκόοις
2612 2444 2699 2496 διὰ
2729 2443 2821 2496 τὸν
2850 2445 3087 2512 Χριστὸν
3114 2440 3201 2499 οἷα
3230 2446 3437 2511 δούλοις
3468 2452 3740 2520 φορτικῶς
3773 2453 4006 2504 ἐπιτάτο

2406 2553 2609 2598 τοντες.
2643 2537 2757 2588 Ούκ
2796 2535 2943 2589 ἐστιν
2982 2538 3233 2608 ίεροσύνη
3265 2538 3574 2605 δεσποτεία,
3620 2542 3758 2594 ἀλλά
3797 2543 4007 2612 μᾶλλον

2406 2627 2485 2696 τῷ
2518 2625 2752 2679 συνιέντι
2778 2626 3012 2679 δουλεία·
3044 2629 3145 2680 οὐκ
3171 2630 3498 2701 ἀρχοντικῆς
3524 2632 3810 2695 αὐθαδείας
3842 2632 4007 2697 ἀξίω-

2412 2735 2509 2789 μα,
2567 2717 2682 2794 ἀλλ’
2747 2717 3009 2781 εύλαϐοῦς
3064 2720 3379 2790 οἰκονομίας
3430 2722 3694 2777 διακονία.
3750 2723 3840 2794 Μὴ
3900 2724 4007 2778 οὐκ

2411 2810 2567 2880 ἔσχεν
2594 2792 2842 2874 ἐξουσίαν
2884 2813 2912 2863 ό
2959 2810 3245 2876 θεσπέσιος
3293 2813 3506 2877 Παῦλος
3554 2814 3754 2868 ἐσθίειν
3788 2818 3881 2868 καὶ
3911 2816 4008 2868 πί-

2410 2919 2524 2954 νειν
2555 2903 2663 2955 ἀπὸ
2691 2902 2797 2953 τῶν
2833 2902 3013 2972 ἱερῶν,
3040 2904 3132 2956 καὶ
3164 2905 3359 2976 μικρὸν
3388 2904 3519 2973 γοῦν
3557 2906 3856 2976 λαμϋάνειν
3891 2908 4006 2959 ’.ὦν

2415 2992 2621 3062 μυρίων
2650 2993 2825 3045 πόνων
2852 2992 3044 3063 γέρας,
3080 2996 3159 3058 είς
3186 2994 3485 3066 θεραπείαν
3524 2998 3862 3067 τυπτομένου
3901 2998 4005 3051 τοῦ

2415 3083 2665 3155 σώματος
2718 3085 2837 3137 καθ’
2870 3086 3122 3157 ήμέραν;
3172 3088 3311 3141 Ἀλλ’
3344 3089 3444 3141 οὐκ
3491 3090 3764 3160 ἐχρήσατο
3814 3094 3879 3161 τῇ
3911 3091 4007 3156 ἐξ·

2413 3177 2591 3247 ουσία,
2633 3176 2721 3229 ἵνα
2747 3177 2914 3247 μηδὲν
2952 3178 3045 3231 ἐπὶ
3074 3180 3177 3249 γῆς
3219 3179 3418 3246 λαϐὼν,
3455 3180 3632 3234 πάντα
3672 3183 3729 3235 ὲν
3756 3186 3870 3246 τοῖς
3905 3174 4006 3237 δε-

726 3252 852 3329 ret?
882 3271 1233 3340 Nequaquam
1281 3280 1459 3323 tamen
1506 3283 1635 3322 usus
1662 3278 1748 3322 est
1774 3276 2059 3336 potestate,
2092 3278 2151 3321 ut
2173 3267 2306 3320 nihil

2416 3269 2594 3337 ρανοίς
2637 3266 2910 3339 ἀποθήσῃ.
2947 3270 3039 3321 Διὸ
3078 3272 3173 3321 καὶ
3209 3268 3318 3322 τῶν
3347 3271 3486 3343 ὑπὲρ
3519 3271 3804 3342 ἄνθρωπον
3836 3273 4012 3342 ἠξιώ-

728 3368 780 3419 in
815 3376 957 3417 terra
989 3361 1289 3429 accipiens,
1325 3360 1507 3414 omnia
1550 3360 1602 3412 in
1639 3360 1796 3414 cmlis
1828 3370 2134 3428 reponeret.
2172 3360 2315 3425 Qua-

727 3466 949 3527 propter
984 3456 1173 3517 etiam,
1207 3468 1330 3507 eum
1360 3454 1538 3506 adhuc
1564 3453 1716 3505 carni
1757 3452 2095 3521 corruptibili
2128 3453 2309 3521 alliga-

732 3558 817 3601 tus
845 3554 1007 3604 esset.
1042 3544 1335 3610 majoribus
1376 3556 1535 3610 quam
1568 3557 1665 3610 pro
1696 3541 1927 3593 humana
1980 3544 2189 3594 ratione
2218 3545 2315 3595 do-

730 3642 814 3695 nis
842 3649 1030 3692 auctus
1065 3645 1181 3698 est,
1230 3643 1393 3703 atque
1431 3643 1486 3686 ut
1534 3634 1796 3687 honorum
1842 3632 2169 3696 futurorum,
2218 3636 2313 3686 lm-

728 3743 1035 3798 norumque
1074 3741 1188 3782 aevo
1216 3726 1306 3779 illo
1340 3726 1700 3795 repositorum
1739 3726 1961 3778 arrham
2010 3725 2310 3794 pignusque

729 3830 1098 3882 convertetur,
1125 3820 1426 3872 assttmitur
1454 3830 1624 3885 usque
1654 3814 1721 3871 ad
1765 3816 1981 3869 tertium
2010 3815 2203 3869 coelum
2230 3817 2269 3846 ί⁷
2298 3835 2310 3869 :

733 3916 1079 3982 visionesque
1105 3924 1343 3965 nostram
1364 3910 1665 3963 mortalium
1695 3919 1895 3962 sortem
1929 3918 2317 3977 exsuperantes

732 4008 912 4073 videt,
938 4021 999 4059 ac
1030 4003 1193 4059 verba
1224 4017 1424 4057 arcana
1448 4002 1618 4063 audit,
1653 4009 1711 4053 ut
1732 4000 1808 4054 ait
1836 4000 1971 4069 ipse,
2004 4014 2315 4067 quanquam

735 4097 787 4150 id
825 4097 1070 4148 modeste
1120 4108 1307 4162 agens,
1363 4108 1428 4147 ac
1479 4092 1803 4146 necessitate
1843 4090 2176 4160 compulsus,
2227 4105 2317 4144 ea-

733 4203 975 4258 seusque
1002 4186 1201 4255 ubique
1224 4185 1469 4256 gloriari,
1505 4198 1681 4253 exque
1705 4182 2136 4251 praacelleutibus
2163 4183 2317 4236 donis

734 4280 845 4333 suis
874 4293 992 4333 sese
1022 4277 1234 4333 eﬂ‘erre.
1268 4275 1339 4329 Ut
1390 4285 1571 4329 tamen
1614 4289 1801 4329 eorum
1848 4287 2041 4327 sensus
2083 4274 2317 4339 compri-

737 4380 869 4433 mat,
906 4378 1305 4436 componatque
1346 4366 1411 4420 ad
1463 4366 1810 4428 modestiam,
1861 4363 1951 4432 qui
1984 4378 2078 4432 pro
2108 4365 2317 4432 exiguis

2414 3356 2503 3425 θη,
2544 3356 2623 3409 ἔτι
2651 3360 2716 3426 τῇ
2752 3358 2966 3430 φθαρτῇ
2998 3358 3382 3430 συνδεδεμένος
3417 3362 3603 3432 σαρκί.
3642 3363 3750 3414 Καὶ
3783 3364 3870 3415 ἵνα
3894 3362 4014 3417 τῶν

2419 3447 2719 3517 μελλόντων
2753 3448 2993 3517 ἀγαθῶν,
3042 3448 3138 3502 καὶ
3177 3449 3286 3502 τῶν
3338 3450 3453 3503 ἐκεῖ
3496 3452 3669 3522 τιμῶν
3707 3454 4015 3524 ἀρραϐῶνα

2417 3537 2671 3609 θεάσητε,
2722 3538 3163 3609 ἀναλαμϐάνεται
3221 3541 3318 3612 μὲν
3363 3542 3492 3614 ἄχρι
3533 3544 3716 3613 τρίτου
3747 3546 4012 3615 ούρανοῦ,

2419 3628 2605 3699 βλέπει
2660 3631 2718 3683 δὲ
2751 3631 3019 3694 ὀπτασίας
3061 3632 3497 3703 ὑπερδαινούσας
3535 3635 3627 3687 τὸν
3658 3635 3847 3689 ἐνθάδε
3883 3638 4015 3707 κλῆ-

2422 3740 2532 3793 ρον,
2562 3724 2749 3777 ἀκούει
2793 3724 2847 3776 δὲ
2882 3725 3143 3795 ῥημάτων
3185 3727 3463 3797 ἀρρήτων,
3496 3726 3571 3790 ὡς
3620 3729 3781 3791 αὑτός
3822 3748 4017 3799 φησιν,

2425 3817 2519 3869 καὶ
2546 3815 2718 3869 ταῦτα
2746 3818 3071 3889 μετριάζων,
3099 3819 3190 3871 καὶ
3217 3818 3276 3882 ἐξ
3299 3819 3566 3888 ἀνάγκης,
3598 3821 4019 3894 ἀποδιδράσκων

2425 3907 2703 3979 πανταχοῦ
2748 3909 2809 3961 τὸ
2852 3910 3311 3980 μεγαλαυχεῖσθαι
3342 3913 3434 3963 καὶ
3465 3913 3849 3982 ἐμπομπεύειν
3904 3917 4019 3979 τοῖς

2430 4000 2579 4063 ἰδίοις
2612 4000 3095 4073 πλεονεκτήμασιν.
3134 4004 3252 4057 Ἵνα
3276 4004 3331 4056 δὲ
3373 4005 3697 4075 φρονήματα
3726 4007 4017 4059 καταστείο

2426 4094 2491 4165 λῃ
2548 4094 2656 4147 τῶν
2718 4096 2811 4147 ἐπὶ
2869 4100 3083 4167 μικροῖς
3137 4098 3473 4167 φυσωμένων
3536 4099 3894 4169 χαρίσμασιν,
3960 4101 4019 4165 ἐξ

2425 4184 2672 4255 ἀνάγκης
2709 4185 2865 4253 ὀλίγα
2906 4185 3015 4239 τῶν
3058 4188 3272 4240 οἰκείων
3319 4192 3683 4259 παραγυμνοῖ,
3719 4191 4019 4247 καὶταῦτα

2425 4275 2599 4345 ἑτέρῳ
2630 4274 2911 4347 προσώπῳ
2934 4277 3199 4347 περιθεὶς,
3234 4277 3327 4330 καὶ
3353 4278 3543 4349 πόρρω
3569 4280 3668 4349 τῆς
3692 4282 3820 4352 περὶ
3848 4282 4021 4339 αὐτὸν

2426 4367 2681 4431 ὑπονοίας
2716 4368 3041 4437 ἀπαγαγών.

734 4463 895 4518 donis
923 4460 1200 4523 inﬂantur,
1232 4473 1397 4527 pauca
1426 4474 1490 4511 ex
1528 4457 1639 4511 suis
1677 4456 1823 4510 velut
1888 4464 2113 4510 coactus
2178 4458 2393 4526 operit:
2438 4474 2536 4511 ttcc
2576 4459 2625 4512 id
2672 4458 2830 4513 aliter
2868 4475 3031 4529 quam
3080 4470 3357 4531 assumpta
3396 4462 3485 4516 illa
3542 4479 3794 4534 persona,
3849 4477 4024 4536 atque

736 4570 952 4610 omnem
982 4556 1048 4606 de
1077 4552 1272 4620 seipse
1301 4550 1661 4618 suspicionem
1693 4546 1976 4601 amoliens.

810 4646 955 4701 Sane
984 4644 1200 4713 quidem
1252 4641 1393 4695 Elias
1448 4640 1539 4693 ille
1581 4636 1892 4703 Tliesbites,
1940 4652 2004 4691 eo
2056 4636 2203 4705 quod
2260 4637 2312 4690 in
2350 4642 2393 4695 D

738 4741 918 4809 specie
947 4735 1090 4807 ignei
1121 4748 1312 4788 currus
1351 4732 1403 4785 in
1450 4731 1616 4783 altqu
1664 4730 1957 4783 subvectus
1986 4729 2077 4789 sit,
2122 4727 2320 4795 ubique

738 4833 1080 4891 decantatur,
1127 4840 1193 4878 ac
1248 4824 1470 4877 multam
1523 4822 1718 4875 szeculo
1752 4819 2163 4873 admirationem
2199 4818 2323 4872 reli-

739 4922 877 4991 quit.
932 4918 1225 4985 Quousque
1274 4925 1449 4967 autem
1515 4912 1858 4982 pervenerit,
1917 4925 2097 4965 sermo
2146 4910 2323 4964 nullus

740 5012 1011 5082 exposuit.
1056 5006 1193 5061 Fors
1218 5008 1361 5059 enim
1416 5004 1579 5058 etiam
1636 5003 1904 5057 modicum
1956 5018 1984 5055 a
2026 5011 2169 5055 terra
2223 5001 2326 5055 ela-

743 5117 831 5161 tus
868 5118 897 5156 a
930 5102 1130 5154 virtute
1176 5104 1371 5165 agente
1414 5094 1612 5164 ipsmn,
1645 5093 1719 5145 illi
1758 5093 1875 5146 loco
1926 5091 2169 5146 redditus
2217 5101 2322 5154 est,

742 5214 849 5271 quo
876 5205 994 5251 erat
1017 5191 1347 5247 domicilium
1408 5190 1715 5243 habiturus.
1750 5189 1820 5242 At
1854 5186 2005 5242 Pauli
2038 5187 2323 5241 translatio

745 5295 902 5361 longe
925 5285 1187 5341 illustrior
1219 5282 1322 5337 fuit
1356 5290 1519 5350 atque
1552 5280 1839 5343 celebrior,
1877 5282 2131 5348 adjuncto
2157 5282 2320 5333 etiam

744 5382 922 5439 medio
961 5380 1026 5434 ad
1056 5377 1196 5448 quod
1250 5391 1417 5445 usque
1459 5374 1704 5430 sublatus
1741 5375 1841 5427 fuit
1874 5392 1886 5427 :
1924 5389 2045 5427 nam
2079 5388 2200 5427 cum
2236 5388 2321 5426 se-

744 5484 887 5544 ptem
919 5471 1264 5526 celebrentur
1286 5468 1428 5532 οωιί,
1470 5481 1657 5534 parum
1704 5465 1859 5521 abest
1887 5475 1947 5519 ut
1986 5480 2052 5519 ne
2084 5464 2317 5518 medium

744 5572 1023 5621 assecutus
1058 5562 1150 5615 sit.
1184 5558 1301 5613 Jam
1337 5559 1466 5611 mihi
1501 5557 1707 5613 Hebraei
1739 5572 1957 5613 sensum
1992 5557 2319 5627 deprimant,

745 5670 997 5724 magnum
1035 5650 1165 5720 qui‘d
1196 5650 1259 5705 de
1294 5649 1473 5718 Moyse
1514 5651 1830 5716 gloriantes,
1864 5649 2005 5717 quod
2046 5648 2192 5703 solus
2228 5664 2321 5703 us-

820 5850 862 5886 "
893 5848 1054 5905 lCor.
1094 5865 1167 5910 tr,
1194 5848 1245 5902 4.

2502 4634 2689 4697 Ἠλίας
2722 4634 2821 4705 μὲν
2860 4631 2953 4689 οὗν
2992 4637 3019 4688 ό
3049 4635 3335 4706 Θεσδίτης,
3362 4637 3550 4708 ἐπειδὴ
3580 4641 3637 4691 ἐν
3673 4640 3787 4711 ἰδέᾳ
3828 4644 4026 4715 ἅρμα-

2426 4745 2519 4790 τος
2558 4728 2783 4799 πυρίνου
2824 4730 2906 4791 είς
2944 4728 3005 4781 τὸ
3040 4728 3173 4797 ὕψος
3216 4728 3446 4799 ἀνήχθη,
3479 4729 3662 4801 ᾅδεται
3709 4736 4025 4805 πανταχοῦ,

2431 4821 2526 4872 καὶ
2565 4820 2699 4873 πολὺ
2740 4819 2832 4873 τοῦ
2872 4818 3148 4889 θαύματος
3195 4818 3271 4889 τῷ
3306 4819 3406 4891 βίῳ
3445 4822 3727 4876 κατέλιπε·
3759 4828 3929 4897 μέχρι
3958 4830 4027 4885 δὲ

2434 4912 2600 4965 πόσου
2628 4912 2894 4982 ἔφθασεν,
2925 4912 3101 4975 οὐδεὶς
3138 4913 3449 4984 ἡρμήνευσε
3480 4912 3658 4981 λόγος.
3697 4916 3872 4987 Τυχόν
3905 4920 4027 4994 γὰρ

2433 5006 2528 5058 καὶ
2555 5005 2733 5072 ὀλίγον
2776 5006 2877 5075 τῆς
2908 5004 3012 5074 γῆς
3046 5004 3304 5075 ἐπαρθεὶς
3332 5004 3483 5075 παρά
3518 5006 3618 5075 τῆς
3649 5008 3889 5079 ἀγούσης
3918 5013 4026 5065 δυ-

2430 5096 2666 5165 νάμεως,
2694 5095 2929 5165 ἀπεδόθη
2952 5095 3029 5165 τῷ
3046 5094 3216 5163 τόπῳ,
3245 5093 3303 5146 δν
3334 5093 3521 5165 ἔλαχεν
3547 5101 3836 5153 κατοικεῖν.
3869 5101 4026 5155 Παύ-

2430 5187 2523 5239 λου
2554 5186 2669 5256 δὲὴ
2704 5186 3016 5255 μετάθεσις,
3066 5189 3157 5241 ἐπὶ
3204 5189 3363 5244 πλέον
3406 5193 3621 5260 ἐγένετο
3658 5192 4027 5264 λαμπροτέρα

2430 5281 2525 5332 καὶ
2554 5279 2804 5350 εὐκλεὴς,
2840 5280 3240 5351 προσκειμένου
3270 5283 3362 5335 καὶ
3400 5282 3494 5336 τοῦ
3526 5284 3747 5355 μέτρου,
3775 5285 3857 5351 ἐφ’
3890 5286 4028 5339 ὅσον

2430 5370 2659 5441 ἀνήχθη.
2693 5370 2864 5425 Ἐπτά
2899 5372 3007 5444 γάρ
3038 5373 3284 5443 οὐρανῶν
3310 5374 3601 5445 ᾀδομένων,
3629 5376 3827 5446 μικροῦ
3870 5375 4022 5428 δέον-

2425 5481 2517 5525 τος
2572 5464 2799 5533 ἀφίκετο
2845 5466 2939 5518 τοῦ
2975 5467 3221 5535 ἡμίσεος.
3263 5468 3371 5521 Καί
3409 5485 3498 5539 μοι
3542 5467 3727 5521 λοιπὸν
3774 5466 4022 5537 Ἑϐραῖοι

2429 5554 2883 5609 καταϐαλὲτωσαν
2948 5557 3040 5611 τοῦ
3100 5561 3465 5629 φρονήματος,
3510 5562 3603 5613 ἐπὶ
3663 5560 3740 5628 τῷ
3798 5560 4019 5633 Μωῦσῇ

2434 5647 2573 5717 μέγα
2597 5648 2935 5718 φρονοῦντες,
2975 5649 3054 5701 ὅτι
3084 5649 3241 5719 μόνος
3275 5650 3377 5714 ἕως
3399 5652 3497 5721 τῆς
3531 5649 3775 5722 κορυφῆς
3808 5648 4018 5720 ἔφθασε
