4212 6318
175 402 257 457 297
1048 402 1328 457 llOJllLlA
1373 403 1501 460 Vill.
1546 404 1612 458 ΙΝ
1658 406 1757 460 SS.
1799 406 2083 461 I’E‘I'RUM
2126 408 2213 463 ΕΤ
2257 407 2565 464 PACLUM.

3309 408 3414 466 2'33

174 522 250 576 τοῦ
281 522 423 586 ma.
455 523 551 577 καὶ
590 526 744 589 ἐντὸς
788 525 1000 594 ἐγένετο
1044 524 1137 578 τοῦ
1173 526 1373 594 γνόφου
1402 526 1495 579 καὶ
1520 527 1628 581 τῶν
1656 544 1737 579 νε-

1852 544 1945 599 que
1976 530 2042 585 ad
2074 531 2333 585 verticem
2389 531 2515 584 Sina
2566 531 2904 599 pervenerit,
2940 529 3187 599 intraque
3232 530 3415 599 caligi-

176 614 290 681 φῶν.
319 614 534 680 Παῦλος
568 620 667 687 μὲι
694 620 722 669 ό
756 617 907 688 ἐμὸς,
935 618 1055 673 ιῆιντ)ι
1081 618 1180 688 μὲν
1207 619 1383 699 ὄρους,
1412 620 1548 688 πρὸς
1578 621 1738 690 ούρα-

174 708 249 759 νὸν
278 707 523 774 ἀνῆλθεν·
558 710 681 762 ἀντὶ
705 710 760 761 δὲ
793 709 1041 778 νεφέλης,
1079 709 1333 762 ἐπέκεινα
1358 710 1452 764 τοῦ
1485 711 1625 779 ὑπὲρ
1652 712 1739 764 νέ-

175 815 289 866 φους
334 798 493 868 ἀέρος
550 799 769 868 ἤλασεν.
828 800 937 852 Καὶ
984 799 1127 868 μάλα
1158 800 1401 864 εἰκότως.
1444 802 1591 855 Ἔδει
1631 803 1739 875 γὰρ

173 889 250 941 τὸν
308 889 449 941 κατά
522 890 755 959 Χριστὸν
824 889 1135 961 ἄνθρωπον,
1204 891 1462 945 τοσοῦτον
1519 893 1739 963 νικῆσαι

170 982 410 1049 Μωῡσέα,
464 982 587 1035 ὅσον
642 982 703 1036 τὸ
749 981 1460 1053 Εὑαγγέλιον’ὑπερ6αίνει
1516 984 1607 1038 τὸν
1654 985 1739 1037 v6-

172 1089 275 1141 μον.

242 1164 323 1217 Ἐν
346 1164 402 1218 δὲ
427 1168 548 1229 ταῖς
574 1164 920 1234 θεοφανείαις
948 1168 1043 1220 καὶ
1070 1171 1184 1234 τοῖς
1211 1168 1360 1241 παρὰ
1383 1166 1518 1222 Θεοῦ
1552 1167 1742 1220 λαλου-

171 1256 358 1325 μένοις,
407 1258 503 1309 καὶ
551 1257 697 1321 ὅπως
749 1256 1033 1327 δεδεμένος
1086 1260 1297 1320 ἐλύετο,
1360 1261 1455 1313 καὶ
1516 1258 1741 1330 ἀθυμῶν

168 1348 553 1419 ἐπρῤὡννυτο,
584 1347 735 1420 ῦπαρ
758 1351 851 1403 καὶ
884 1351 1018 1421 ὄναρ
1045 1351 1193 1419 αὐτῷ
1224 1350 1318 1403 τοῦ
1348 1349 1484 1403 Θεοῦ
1527 1366 1743 1422 χρημα-

171 1437 411 1500 τίζοντος,
446 1439 499 1491 τί
531 1438 612 1490 δεῖ
635 1439 730 1491 καὶ
742 1438 941 1507 λέγειν,
967 1441 1128 1493 ὁπότε
1156 1441 1277 1494 οὐδὲ
1302 1440 1463 1505 αὐτὸς
1491 1442 1590 1512 τὴν
1620 1443 1743 1494 ἐαυ-

170 1522 250 1578 τοῦ
273 1526 429 1597 χάριν
462 1526 805 1597 ἀπέκρυψεν,
842 1528 979 1581 ἀλλά
1016 1535 1183 1584 πᾶσιν
1213 1531 1350 1601 ὁμοῦ
1410 1531 1598 1600 σαφῶς
1634 1532 1743 1584 ἀπ-

168 1616 444 1685 εκάλυψεν,
474 1617 645 1671 εἰπών
666 1633 679 1646 ·
714 1620 786 1672 El
826 1619 1084 1689 δοκιμὴν
1117 1621 1339 1689 ζητεῖτε
1383 1621 1489 1676 τοῦ
1502 1623 1575 1675 ἐν
1607 1622 1738 1691 ἐμοὶ

170 1710 201 1760 λ
222 1707 492 1774 ελοῦντος
503 1708 856 1776 Χριστοῦ;οἰ
880 1710 979 1781 μὲν
994 1711 1103 1783 γὰρ
1119 1712 1267 1765 ἄλλοι
1280 1712 1523 1775 τῶν,εἰ’τε
1540 1729 1746 1784 προφη-

168 1798 282 1861 τῶν,
297 1799 405 1851 εἴτε
425 1799 742 1855 ἀποστόλων
776 1801 1197 1873 ἐμπροθέσμους
1217 1802 1360 1873 εἶχον
1383 1803 1744 1875 καὶχρονικὰς

1842 636 1962 675 nem
2000 638 2063 677 ac
2095 624 2263 678 nubes
2284 625 2597 692 penetrarit.
2629 623 2775 678 Mens
2803 637 2933 678 sane
2958 620 3179 688 Paulus,
3215 625 3415 676 montis

1841 712 2052 780 quidem
2092 714 2227 777 loco,
2264 714 2329 766 ad
2378 714 2571 767 etelum
2607 712 2879 767 ascendit:
2934 712 3053 768 loco
3105 723 3283 767 autem
3322 730 3417 765 nc-

1843 800 1997 868 bnlac,
2042 819 2201 871 supra
2249 820 2430 858 aerem
2482 803 2717 858 nubibus
2763 805 3043 859 celsiorem
3094 803 3288 857 evasit.
3342 807 3415 855 Ac

1842 891 2001 960 plane
2045 894 2261 947 merito.
2297 893 2530 948 Docebat
2560 895 2701 947 enim
2737 893 2938 948 Christi
2988 895 3260 948 hominem
3298 904 3415 945 tan-

1846 995 1956 1036 tum
2004 982 2220 1055 Moysen
2257 999 2536 1055 superare,
2568 995 2771 1056 quanto
2814 982 3153 1055 Evangelium
3193 999 3410 1055 praecer-

1844 1074 1907 1128 lit
1941 1074 2135 1146 legem.

1920 1161 1978 1219 In
2009 1165 2205 1220 divinis
2235 1177 2412 1221 autem
2455 1165 2880 1236 apparitionibus
2904 1207 2917 1229 ,
2955 1164 3154 1235 Deique
3193 1166 3257 1218 ad
3291 1181 3413 1222 eum
3495 1155 3498 1158 ’

1844 1255 2208 1323 sermonibus,
2235 1268 2396 1326 utque
2436 1258 2647 1312 vinetus
2681 1258 3000 1324 solveretur,
3033 1273 3096 1312 ac
3127 1258 3295 1313 tristis
3326 1261 3417 1314 de-

1846 1348 2093 1417 fectoque
2152 1349 2333 1403 animo
2376 1354 2819 1405 eorrohoraretnr
2848 1390 2862 1413 ,
2916 1352 3273 1418 respondente
3311 1351 3418 1405 Deo

1846 1454 1969 1497 cum
1995 1441 2046 1495 in
2083 1441 2285 1510 vigilia,
2314 1452 2423 1495 tum
2462 1441 2515 1496 in
2545 1445 2772 1507 somnis,
2801 1446 2925 1511 quid
2950 1445 3229 1498 enimvero
3254 1444 3417 1498 etiam

1846 1548 1978 1603 opus
2017 1532 2215 1599 dicere,
2242 1548 2361 1589 cum
2396 1549 2492 1587 nec
2525 1535 2613 1589 ille
2657 1535 2768 1602 ipse
2813 1538 3036 1605 gratiam
3083 1537 3229 1590 illam
3266 1550 3419 1589 suam

1846 1625 2060 1680 silentio
2097 1625 2375 1695 presserit,
2406 1626 2500 1680 sed
2533 1625 2691 1680 simul
2714 1627 2965 1681 omnibus
2991 1628 3189 1698 liquido
3214 1628 3420 1681 revela-

1844 1717 2005 1777 verit,
2056 1716 2277 1770 dicens:
2322 1714 2405 1768 An
2461 1716 2867 1781 experimentum
2918 1717 3155 1785 quwritis
3180 1716 3293 1783 ejus
3328 1716 3419 1785 qui

1846 1804 2079 1875 loquitur
2117 1806 2169 1858 in
2193 1821 2273 1858 me
2311 1805 2554 1860 Christus
2592 1805 2673 1860 “il
2719 1807 2821 1860 Alii
2873 1808 3086 1877 quidem
3143 1822 3264 1861 cum
3298 1822 3419 1875 pro.

167 1888 476 1951 τάςάνωθεν
506 1890 825 1960 ἐνεργείας·
880 1891 978 1944 καὶ
1031 1891 1163 1944 ποτὲ
1197 1892 1297 1963 μὲν
1330 1895 1513 1958 αὐτοῖς
1566 1894 1731 1964 συνῆν

1852 1896 2035 1965 phetae,
2071 1905 2179 1949 tum
2230 1896 2480 1961 apostoli,
2532 1895 2694 1950 certis
2724 1897 3039 1964 quibusdam
3091 1898 3421 1966 temporibus

169 1980 227 2032 τὸ
242 1981 413 2045 Θεῖον,
440 1981 573 2034 ποτέ
596 1981 654 2035 δὲ
685 1982 780 2037 καὶ
795 1983 853 2035 οὐ
876 1984 1080 2055 παρῆν.
1109 1984 1166 2037 '0
1188 1983 1244 2037 δὲ
1260 1986 1547 2048 θεσπέσιος
1563 1979 1737 2050 οὗτος,

170 2072 349 2142 ῶσπερ
370 2069 521 2136 ἅπαξ
550 2070 677 2135 ναὸς
705 2070 782 2125 ὣν
814 2071 1093 2143 ἐξαίρετος
1123 2072 1220 2126 τοῦ
1255 2073 1389 2127 Θεοῦ
1419 2074 1743 2145 ἀποκληρω-

168 2163 271 2226 θεὶς
306 2162 459 2233 αὐτῷ
506 2163 644 2235 πρὸς
682 2163 979 2236 ἐνοίκησιν,
1033 2164 1207 2229 οὕτως
1253 2167 1340 2219 ἀεὶ
1388 2165 1479 2218 τὸν
1511 2166 1743 2235 Χριστὸν

167 2251 293 2326 εἶχε,
318 2256 415 2309 καὶ
443 2256 639 2328 βουλῆς
662 2258 917 2329 εὑρετὴν,
949 2260 1045 2311 καὶ
1069 2257 1241 2325 λόγων
1279 2256 1615 2322 διδάσκαλον,
1652 2258 1746 2311 καὶ

168 2346 416 2419 συνεργὸν
460 2348 569 2400 τῶν
613 2348 981 2419 πραγμάτων.
1023 2347 1136 2402 Καὶ
1176 2349 1423 2417 Ἰωάννης
1455 2348 1553 2418 μὲν
1591 2350 1620 2402 6
1650 2346 1743 2400 τοῦ

166 2439 442 2494 Ζεϐεδαίου
486 2438 659 2511 μέγας
709 2439 907 2505 ἔδοξεν,
950 2440 1032 2494 ὅτι
1081 2440 1233 2511 παρὰ
1261 2440 1387 2503 τοὺς
1420 2438 1611 2502 ἄλλους
1643 2456 1747 2509 μα-

166 2529 328 2603 θητὰς
357 2530 580 2602 θαρῤῶν
606 2530 686 2601 τῷ
705 2532 918 2602 Κυρίῳ,
944 2531 1037 2584 ἐπὶ
1084 2530 1177 2585 τοῦ
1206 2530 1437 2601 στήθους
1464 2529 1628 2583 αὐτοῦ
1656 2531 1749 2583 ἀνα

166 2623 435 2676 επαύετο·
476 2622 569 2675 καὶ
614 2622 703 2676 διὰ
739 2623 899 2676 τοῦτο
937 2621 1173 2693 μάλιστα
1205 2620 1360 2693 ποιρά
1384 2623 1549 2676 πᾶσίν
1596 2624 1744 2676 ἐστιν

164 2713 425 2784 ἀοίδιμος.
454 2705 625 2777 Οὗτος
649 2714 728 2778 δὲ,
766 2713 886 2777 πῶς
916 2714 1017 2767 οὐκ
1051 2712 1118 2767 ἂν
1146 2715 1240 2767 καὶ
1280 2712 1421 2785 ὑπὲρ
1463 2711 1747 2785 ἄνθρωπον

162 2801 441 2875 νομισθείη
473 2803 723 2870 δικαίως,
756 2803 813 2867 ὃς
838 2821 924 2873 γε,
950 2804 1011 2857 οὺ
1039 2805 1131 2858 τὸν
1164 2807 1223 2856 ἐν
1252 2802 1466 2874 σώματι
1510 2801 1744 2874 Ἰησοῦν,

164 2896 294 2947 ἀλλὰ
319 2895 416 2948 τὸν
441 2895 648 2967 γυμνὸν
670 2897 772 2968 τῆς
804 2895 1008 2967 σαρκὸς
1068 2896 1241 2964 Λόγον
1268 2893 1391 2949 καθ’
1416 2893 1631 2967 ἡμέραν
1654 2895 1750 2948 ἀνο

164 2988 386 3053 ίῖαυεν,
406 2987 601 3052 σκεῦος
627 2986 925 3059 εὔχρηστον
953 2989 1047 3042 καὶ
1067 2987 1306 3059 καθαρὸν
1328 2987 1519 3041 ἐαυτὸν
1542 2986 1620 3059 τῷ
1644 2990 1751 3059 Δηο

168 3078 414 3149 ςιιοςιργῷ
454 3080 845 3150 καταστήσας;
879 3080 1061 3150 Ἔχων
1104 3081 1160 3134 δὲ
1195 3078 1369 3134 πολλά
1414 3079 1509 3133 καὶ.
1555 3096 1754 3133 παντο-

163 3170 303 3223 Bari
339 3172 541 3237 λέγειν,
591 3171 689 3224 ὅσα
720 3172 748 3222 ὁ
786 3170 1076 3234 θεσπέσιος
1124 3165 1277 3233 οὗτος
1330 3172 1509 3224 πάντα
1540 3171 1635 3223 τὸν
1662 3170 1753 3223 κό-

167 3280 296 3331 σμον
324 3261 600 3315 παιδεύων
633 3257 751 3313 εἶπε
784 3261 879 3314 καὶ
911 3261 1163 3332 ἔπραξεν,
1194 3261 1287 3313 ἐπὶ
1306 3261 1410 3329 γῆς
1439 3261 1531 3313 καὶ
1554 3258 1750 3313 θαλάσ-

169 3371 282 3423 σης,
341 3357 401 3407 ἐν
463 3354 853 3423 δικαστηρίοις,
904 3355 962 3405 ἐν
1016 3353 1264 3422 ἀγοραῖς,
1320 3355 1378 3404 ἐν
1422 3352 1636 3422 δήμοις,
1692 3354 1747 3402 ἐν

164 3441 474 3511 αγορεῦσιν,
505 3443 561 3494 ἐν
582 3441 775 3505 αὐλαῖς
798 3442 1081 3511 βασιλέων,
1111 3441 1250 3495 ἑκὼν
1286 3441 1598 3513 ὑπερϐαίνω
1615 3440 1749 3510 πρὸς

164 3533 221 3585 τὸ
251 3532 476 3602 πλῆθος.
510 3533 647 3587 Οὒτε
676 3535 785 3604 γὰρ
810 3534 1133 3605 συγγραφὴν
1160 3531 1476 3605 προύθέμην
1525 3530 1758 3601 πονῆσαι

164 3625 267 3676 τῶν
306 3626 507 3694 ἐκείνῳ
559 3624 1034 3695 κατωρθωμένων,
1076 3626 1165 3679 ἵνα
1204 3624 1365 3695 λείπῃ
1408 3622 1594 3694 μηδεν,
1641 3620 1756 3673 ἀλλ’

164 3715 444 3786 εὐφημίαν
472 3716 896 3788 ἁνεργάσασθαι,
954 3718 1049 3768 καὶ
1076 3716 1297 3787 ταύτην,
1331 3714 1415 3783 ἐφ’
1446 3714 1568 3766 ὅσον
1593 3714 1625 3782 η
1650 3712 1757 3781 ἐμὴ

164 3805 395 3876 δύναμις
434 3807 748 3873 ἐξικνεῖται.
793 3807 941 3869 Ἐνὸς
988 3806 1045 3859 δὲ
1086 3808 1247 3876 μόνου
1292 3805 1387 3859 τοῦ
1442 3804 1753 3858 τελευταίου

167 3901 452 3971 μνησθεὶς,
486 3898 825 3952 καταπαύσω
856 3898 946 3951 τὸν
979 3898 1158 3967 λόγον.

1844 2002 1908 2042 ac
1941 1988 2226 2043 momentis
2280 1987 2529 2042 dellnitas
2557 1990 2824 2043 habebant
2851 2003 3112 2058 supernas
3148 1989 3421 2058 Operatio-

1845 2090 1962 2142 nes,
1996 2091 2060 2130 ac
2092 2076 2247 2130 modo
2308 2076 2412 2130 illis
2470 2076 2708 2130 divinum
2757 2078 2943 2131 aderat
2981 2076 3209 2140 Numen,
3263 2080 3422 2134 Inodo

1844 2166 2007 2222 etiam
2042 2166 2247 2220 aberat.
2295 2166 2393 2221 llic
2426 2178 2603 2220 autem
2637 2169 2714 2220 vir
2761 2168 3115 2232 admirabilis,
3168 2179 3418 2237 tanquam

1848 2257 2012 2313 semel
2058 2256 2149 2311 Dei
2181 2257 2453 2324 peculiare
2482 2257 2734 2325 templum
2767 2257 2865 2325 ipsi
2910 2259 2972 2309 ad
3014 2258 3418 2311 inliabitamtum

1847 2347 2112 2402 delectum
2146 2348 2599 2417 destinatumque,
2630 2350 2709 2402 sic
2739 2364 2951 2417 semper
2989 2351 3217 2403 habebat
3265 2350 3422 2404 Chri-

1847 2448 2011 2504 stum,
2050 2454 2171 2494 cnm
2199 2440 2406 2495 consilii
2440 2440 2795 2504 inventorem,
2824 2454 2933 2495 tum
2966 2457 3271 2495 sermonum
3308 2458 3422 2495 ma-

1848 2528 2111 2597 gistrum,
2163 2539 2272 2583 tum
2309 2530 2541 2599 denique
2583 2546 2802 2600 operum
2844 2533 3160 2601 adjutorem.
3196 2534 3271 2586 Ac
3299 2538 3420 2602 qni-

1850 2621 1972 2673 dem
1994 2617 2231 2675 Joannes
2260 2621 2502 2675 Zebedaei
2534 2622 2673 2676 (ilius
2705 2637 2928 2691 magnus
2972 2624 3118 2679 visus
3148 2634 3250 2687 est,
3281 2626 3424 2693 quod

1850 2707 2040 2776 majori
2100 2724 2212 2779 pra!
2268 2710 2546 2779 discipulis
2607 2712 2725 2767 aliis
2765 2714 2830 2767 ad
2873 2713 3150 2769 Dominmn
3210 2716 3423 2779 ﬁducia,

1850 2813 2016 2869 supra
2043 2800 2160 2871 ejus
2188 2812 2372 2871 pectus
2407 2802 2712 2857 recnbuerit
2743 2803 2784 2839 ⁸³
2811 2819 2825 2858 :
2865 2803 3213 2871 quamobrem
3249 2806 3422 2858 niaxi—

1853 2910 1940 2953 me
1970 2895 2111 2961 apud
2141 2907 2329 2948 omnes
2363 2894 2538 2949 clarus
2569 2895 2795 2948 habetur
2841 2906 3002 2965 atque
3032 2894 3278 2951 celebris.
3327 2896 3424 2950 liic

1854 2996 2058 3049 autem,
2095 2985 2185 3053 qui
2212 2999 2323 3037 non
2352 2983 2474 3051 jure
2505 2983 2735 3038 humana
2774 2985 2945 3054 major
2971 2987 3278 3042 conditione
3324 2989 3423 3042 lia—

1854 3077 2065 3138 beatur,
2110 3076 2199 3145 qui
2230 3077 2480 3129 nimirum
2516 3092 2621 3130 non
2675 3077 2853 3131 Jesum
2906 3078 2957 3131 in
3012 3092 3269 3147 corpore,
3330 3082 3425 3134 sed

1856 3168 2057 3223 nudum
2081 3182 2242 3221 carne
2273 3167 2501 3222 Verbum
2532 3168 2770 3237 quotidie
2796 3167 3062 3233 reticeret,
3088 3184 3183 3224 vas
3211 3185 3268 3224 se
3296 3169 3426 3223 utile

1857 3275 1919 3313 ac
1944 3259 2197 3313 mundum
2224 3269 2482 3329 prtestans
2506 3258 2814 3314 Conditori?
2840 3259 3102 3315 Caeterum
3133 3275 3251 3314 eum
3276 3263 3425 3329 plura

1857 3364 1919 3403 ac
1956 3349 2134 3403 omnis
2162 3352 2376 3419 generis
2406 3348 2552 3402 varia
2578 3349 2707 3403 mihi
2766 3350 2991 3405 dicenda
3029 3354 3223 3413 forent,
3283 3364 3428 3418 quae-

1855 3453 2067 3507 cunque
2098 3439 2352 3491 nimirum
2376 3440 2455 3492 vir
2480 3440 2567 3493 hic
2590 3440 2801 3495 divinus
2832 3442 3085 3496 mundum
3118 3443 3427 3497 universum

1860 3530 2079 3593 docens,
2108 3530 2243 3582 dixit
2271 3528 2521 3596 fecitque,
2554 3540 2692 3585 terra
2718 3532 2918 3599 pariter
2940 3546 3004 3585 ac
3057 3534 3221 3594 mari;
3258 3533 3308 3585 in
3340 3533 3429 3601 juc

1862 3618 2014 3671 diciis
2045 3630 2108 3671 ac
2134 3616 2508 3677 tribunalibus,
2556 3617 2609 3669 in
2638 3616 2791 3681 foris,
2835 3618 2886 3671 in
2918 3619 3147 3688 populis,
3187 3621 3236 3672 in
3294 3636 3424 3673 cou-

1859 3709 2123 3771 cionibus,
2166 3707 2217 3761 in
2250 3722 2431 3775 regum
2458 3708 2617 3770 aulis,
2653 3718 2841 3776 sponte
2867 3719 3128 3777 prtetereo
3170 3725 3279 3777 pra:
3312 3711 3430 3764 iliu-

1858 3815 1977 3853 rum
2007 3806 2153 3851 tanta
2176 3796 2535 3849 multitudine.
2560 3794 2668 3850 Nec
2689 3798 2829 3851 enim
2860 3800 3207 3853 constitutum
3233 3799 3427 3865 habet),

1860 3896 1919 3940 ut
1952 3900 2131 3939 rerum
2166 3883 2233 3937 ab
2255 3899 2319 3937 eo
2342 3883 2597 3952 prmclare
2652 3896 2923 3954 gestarum
2978 3890 3427 3941 commentarium

162 3992 508 4056 elucubrem,
559 3993 714 4045 itaut
744 3992 877 4044 nihil
916 3989 1193 4053 desit,sed
1226 3997 1283 4045 ut
1307 3998 1594 4045 contexam
1642 3981 2040 4042 laudationem;
2099 3989 2349 4042 eamque,
2384 3987 2481 4042 pro
2537 3974 2675 4028 virili
2729 3982 2935 4029 tantum
2995 3991 3110 4031 mea
3150 3977 3424 4035 facultate,

163 4080 435 4147 Quociica
464 4081 551 4135 ubi
577 4096 740 4134 unum
772 4083 1033 4134 dumtaxat
1055 4090 1384 4147 postremum
1403 4090 1745 4148 suggessero,
1789 4072 1981 4126 faciam
2005 4065 2214 4121 dicendi
2246 4064 2426 4120 ﬁnem.

244 4171 473 4240 Ἐπειδὴ
508 4170 619 4240 γὰρ
650 4172 829 4223 πᾶσαν
865 4167 1230 4240 ἐκπεριελθὼν
1260 4169 1357 4237 τὴν
1408 4164 1754 4235 οἰκουμένην,

164 4265 253 4316 καί
281 4263 403 4325 θεὶς
434 4261 530 4315 ἐπὶ
558 4261 658 4331 τῆς
682 4261 901 4331 λυχνίας
928 4260 1019 4313 τδν
1047 4260 1223 4328 λόγον,
1264 4258 1438 4329 μέγαν
1462 4257 1633 4325 ἀνῆψε
1655 4254 1755 4323 τῆς

164 4353 537 4423 εὐαγγελικῆς
588 4352 843 4419 γνώσεως
895 4351 987 4405 τὸν
1040 4349 1266 4420 πυρσὸν,
1336 4349 1562 4418 ἀφίκετο
1619 4345 1756 4417 πρὸς

1927 4157 2212 4223 Postquam
2238 4154 2379 4208 enim
2411 4154 2716 4207 universum
2743 4156 3161 4224 circumquaque
3192 4155 3429 4211 lustrans

1852 4250 2061 4308 orbem,
2086 4261 2149 4299 ac
2176 4259 2479 4299 sermonem
2510 4260 2671 4312 super
2700 4246 3075 4299 candelabrum
3102 4262 3327 4314 ponens,
3359 4251 3431 4300 in-

1852 4348 2067 4410 gentem
2090 4335 2408 4405 evangelicae
2426 4334 2742 4397 cognitionis
2766 4349 2827 4388 ac
2838 4334 3075 4387 scientiae
3097 4338 3433 4392 accendisset

175 4441 510 4512 Ῥωμαίους,
538 4440 614 4503 ὡς
634 4440 1023 4509 βασιλεύουσαν
1049 4440 1220 4503 πόλιν,
1247 4438 1334 4492 ἵνα
1354 4439 1479 4500 τοὺς
1502 4434 1755 4507 κρατοῦν-

1860 4430 2057 4499 ignem,
2093 4426 2341 4490 Romam,
2364 4425 2565 4494 regiam
2589 4426 2775 4478 urbem
2802 4426 2956 4491 petit,
2975 4432 3029 4478 ut
3051 4440 3427 4481 universorum

165 4548 262 4595 τας
327 4532 443 4585 τῶν
516 4531 733 4583 πάντων
801 4530 1100 4602 ἀνθρώπων
1162 4528 1600 4600 μυσταγωγήσας
1664 4527 1759 4578 καὶ

169 4625 388 4687 πείσας,
438 4623 531 4675 καὶ
570 4622 913 4692 κτησάμενος
954 4622 1222 4691 μαθητὰς,
1262 4620 1325 4673 ἐκ
1362 4618 1453 4684 τοῦ
1482 4617 1761 4688 περιόντος

167 4721 280 4778 τοῖς
301 4717 487 4776 ἄλλοις
515 4712 821 4783 ἀνθρώποις
852 4713 1230 4784 προσομιλοίη.
1253 4709 1442 4781 Εύρὼν
1469 4707 1525 4761 δὲ
1556 4709 1647 4760 καὶ
1672 4707 1761 4758 τὸν

173 4806 382 4876 Πέτρον
411 4806 546 4866 ἐκεῖ,
579 4802 677 4872 τῆς
709 4804 878 4873 αὐτῆς
909 4803 1148 4872 ἐργάτην
1181 4800 1436 4869 σπουδῆς,
1475 4798 1570 4851 καὶ
1613 4797 1762 4866 ἱεράν

170 4912 294 4948 τινα
316 4898 416 4949 καὶ
449 4896 630 4948 ἔνθεον
672 4894 936 4965 ξυνωρίδα
973 4893 1323 4963 ζευξάμενος,
1349 4892 1404 4943 ἐν
1422 4892 1762 4955 συναγωγαῖς

173 4988 301 5049 τοὺς
330 4988 443 5041 ὑπὸ
468 4988 632 5057 νόμον
653 4986 985 5048 ἐπαίδευσεν,
1018 4984 1078 5038 ἐν
1112 4984 1340 5054 ἀγοραῖς
1363 4982 1488 5042 τοὺς
1518 4979 1763 5041 ἐθνικοὺς

175 5079 525 5147 προσεκτᾶτο
542 5093 555 5105 ·
587 5078 676 5129 21‘
707 5075 946 5138 ποικίλος
973 5072 1040 5145 ἦν
1061 5074 1169 5125 τῶν
1193 5072 1411 5139 ἀγαθῶν
1428 5070 1762 5131 διδάσκαλος,

173 5164 318 5219 Θεοῦ
341 5166 547 5233 γνῶσιν
580 5164 893 5235 ἐμφανίζων
915 5167 1013 5235 τὴν
1039 5162 1285 5233 καθαρὰν
1321 5159 1415 5213 καὶ
1453 5156 1763 5227 ἀκίϐδηλον,

172 5256 379 5327 ἠθικῆς
421 5256 625 5327 ἀρετῆς
668 5256 895 5319 κανόνας
949 5253 1290 5323 θεσμοθετῶν
1335 5249 1619 5323 ἀκριϐεῖς,
1662 5250 1767 5301 ἀπ-

177 5348 427 5404 ελαύνων
476 5349 667 5418 πόρρω
698 5347 805 5400 τῶν
838 5344 1137 5416 ἀνθρώπων
1175 5342 1392 5414 χορείας
1420 5341 1514 5393 καὶ
1550 5339 1718 5409 μέθην
1742 5378 1758 5401 ,

176 5443 272 5495 καὶ
299 5443 483 5494 πᾶσαν
508 5454 607 5507 την
632 5438 930 5491 ἀκόλαστον
958 5436 1308 5508 ἡδυπάθειαν,
1406 5432 1638 5501 μάλιστα
1668 5430 1762 5482 καὶ

170 5532 235 5584 τὸ
262 5531 473 5602 πλῆθος
508 5529 673 5591 ἅπαν,
708 5530 803 5580 καὶ
835 5530 863 5579 6
893 5528 1011 5581 τότε
1044 5526 1294 5596 βασιλεὺς
1328 5523 1582 5591 ἐνείχετο.
1608 5519 1759 5573 Καθ-

171 5620 361 5691 ﬁt};an
385 5623 495 5692 γὰρ
521 5618 766 5690 σφοδρῶς
807 5617 902 5671 τοῦ
938 5617 1189 5688 Νέρωνος
1223 5620 1255 5686 ἠ
1291 5616 1385 5685 τῆς
1417 5612 1642 5684 ἀρίστης
1667 5609 1763 5664 καὶ

250 5820 300 5854 ⁸⁸
336 5818 373 5873 ll
410 5819 538 5874 Cor.
577 5832 694 5880 xm,
725 5818 777 5870 ὅ.
858 5815 898 5847 ¹⁹
928 5812 1081 5867 Joan.
1116 5826 1234 5875 xm,
1268 5810 1357 5864 25.

438 5912 714 5971 Ρηιιοι..
750 5908 867 5968 Gtt.
920 5904 1042 5969 XL.

1860 4518 2104 4572 dominos
2141 4518 2373 4579 docens,
2425 4528 2488 4568 ac
2540 4515 2592 4567 in
2625 4515 2943 4568 sententiam
2997 4529 3217 4581 cogens,
3270 4516 3432 4586 inque

1862 4606 2153 4675 discipulos
2201 4607 2468 4668 obtinens,
2523 4618 2587 4658 ex
2637 4603 2928 4658 abundanti
2971 4604 3277 4659 hominibus
3308 4607 3430 4660 reii-

1862 4700 1985 4767 quis
2016 4697 2457 4763 congrederetur.
2484 4696 2614 4749 Cum
2642 4702 2819 4746 autem
2858 4693 2969 4748 illic
3014 4710 3227 4763 quoque
3278 4712 3431 4765 repe-

1865 4792 2023 4845 risset
2070 4787 2312 4853 Petrum,
2357 4788 2405 4839 in
2458 4787 2599 4839 idem
2632 4786 2808 4840 studio
2848 4786 3242 4841 incumbentem
3273 4802 3431 4856 Opus.

1865 4894 2186 4947 sacramque
2234 4879 2521 4948 quamdam
2575 4893 2637 4931 ac
2669 4878 2903 4931 divinam
2934 4878 3107 4946 bigam
3149 4878 3431 4944 copulatis,

1864 4987 1957 5025 eos
1986 4970 2079 5039 qui
2120 4980 2275 5022 erant
2311 4971 2409 5022 sub
2450 4972 2587 5037 lege,
2617 4969 2668 5021 in
2709 4970 2993 5038 synagogis
3022 4969 3267 5033 docebat,
3298 4986 3431 5038 geu-

1868 5064 1986 5119 tiles
2022 5064 2073 5116 in
2105 5062 2235 5116 foris
2263 5062 2591 5124 lucrabatur,
2616 5075 2681 5114 ac
2711 5061 2893 5115 varius
2923 5063 3138 5130 quidam
3169 5062 3431 5116 bonorum

1866 5156 2057 5209 doctor
2083 5164 2219 5219 erat,
2254 5167 2440 5224 puram
2478 5152 2569 5206 Dei
2600 5154 2975 5220 sinceramque
3020 5152 3302 5207 scientiam
3343 5153 3436 5206 de-

1867 5246 2101 5309 clarans,
2132 5244 2349 5298 moralis
2372 5244 2587 5298 virtutis
2612 5254 2894 5298 accuratas
2917 5243 3126 5312 regulas
3158 5245 3433 5306 sanciens.

1869 5337 2097 5389 choreas
2131 5348 2194 5387 ac
2221 5334 2561 5397 ebrietatem,
2589 5349 2910 5403 omnemque
2934 5334 3198 5388 luxuriam
3230 5349 3294 5388 ac
3322 5343 3434 5388 tur-

1869 5440 1987 5493 pem
2032 5424 2375 5493 voluptatem,
2407 5427 2493 5477 cui
2530 5424 2780 5485 maxime,
2822 5440 2942 5477 cum
2986 5424 3136 5491 plebs
3160 5427 3429 5489 universa,

1871 5525 1979 5566 tum
2016 5516 2059 5567 is
2095 5514 2185 5583 qui
2217 5528 2394 5567 rerum
2426 5514 2751 5582 potiebatur,
2784 5514 2945 5567 dediti
2980 5525 3156 5577 erant,
3205 5516 3272 5569 ab
3330 5517 3435 5569 hn-

1870 5622 2023 5660 mana
2048 5605 2232 5675 procul
2256 5603 2645 5660 consuetudine
2664 5605 2948 5663 devellens.
2970 5602 3211 5660 Graviter
3241 5606 3434 5679 quippe

3080 5898 3151 5956 ιυ
