4212 6318
760 379 865 433 993

2040 341 2098 435 s.
2141 382 2415 439 Αετειιιι
2452 385 2755 441 AMASENI

3918 392 4025 453 500

754 498 1029 554 Neronem
1076 499 1392 569 perstrinxit
1440 501 1656 571 optimae
1692 510 1961 569 castaeque
1992 503 2079 557 illa
2112 519 2339 560 conver-

2447 506 2722 579 σώφρονος
2769 507 3038 572 πολιτείας
3087 510 3363 581 εἰσαγωγή
3386 528 3399 541 ·
3452 512 3544 565 καὶ
3588 512 3748 566 πλέον
3780 514 4025 587 ἀλγήσας

761 590 1328 656 aationislnsinuatio,
1379 590 1573 659 majori
1606 607 1636 645 a
1694 590 2014 646 labefactata
2069 592 2343 662 voluptate

766 680 1019 735 affectum
1044 680 1251 745 dolore,
1282 697 1445 747 quam
1480 683 1523 737 si
1554 682 1780 753 imperio
1811 682 1924 749 ipso
1957 682 2143 751 pulsus
2168 692 2335 737 esset.

759 773 971 826 Etenim
1030 782 1157 826 erat.
1207 782 1263 825 ut
1295 774 1432 829 alius
1476 773 1599 842 quis
1639 772 1849 827 subtilis
1902 771 2229 840 voluptatum
2261 771 2342 825 iii-

765 874 948 919 venter
971 874 1130 933 atque
1159 864 1380 931 artifex,
1412 865 1616 920 deliciis
1643 873 1855 932 captus,
1891 877 1956 917 ac
1979 864 2230 918 tibiarum
2281 876 2340 916 se

759 964 918 1008 cantu
953 970 1244 1011 recreans:
1276 957 1498 1027 ignavus
1546 954 1829 1023 mollisque
1859 968 1921 1008 ac
1955 952 2335 1020 cﬂeininatus;

758 1054 1060 1098 scortorum
1092 1060 1313 1115 praises,
1355 1062 1460 1101 non
1513 1060 1605 1099 rex
1632 1046 1894 1099 virorum.
1933 1042 2046 1111 Qua
2080 1044 2223 1097 enim
2253 1059 2333 1097 ra-

759 1134 1171 1189 tionealiorum
1207 1135 1596 1197 dominaretur,
1629 1134 1721 1203 qui
1747 1149 1811 1188 ne
1848 1134 1947 1187 sibi
1980 1134 2197 1201 quidem
2235 1135 2337 1187 im-

756 1240 946 1293 perare
969 1226 1176 1280 sciret?
1205 1226 1264 1279 id
1293 1241 1457 1280 unum
1486 1227 1711 1281 curabat
1736 1240 1797 1279 ac
1829 1224 2089 1279 sollicitus
2114 1225 2328 1295 agebat,

755 1325 815 1368 ut
845 1316 1058 1384 pietatis
1085 1330 1148 1370 ac
1182 1316 1451 1371 castitatis
1509 1318 1781 1372 doctorem
1825 1330 1890 1368 ex
1925 1315 2058 1368 urbe
2114 1316 2334 1370 exscin-

756 1407 924 1460 ileret.
956 1407 1035 1461 Ac
1057 1422 1183 1483 vero
1208 1407 1435 1462 Herodis
1459 1407 1740 1464 aemulatus
1769 1408 2031 1469 animum,
2061 1408 2335 1475 apostolos

752 1497 807 1551 in
835 1484 1109 1553 carcerem
1144 1498 1324 1565 tradit,
1346 1499 1423 1552 uti
1461 1499 1548 1553 ille
1570 1497 1859 1558 Joannem,
1893 1499 2205 1567 habensque
2248 1500 2332 1553 al-

754 1588 923 1641 terius
944 1589 1113 1642 instar
1142 1588 1480 1654 llerodiadis,
1510 1590 1833 1659 impudicam
1877 1603 1940 1642 ac
1967 1591 2150 1643 veneri
2179 1605 2331 1644 man-

751 1679 984 1748 cipatam
1033 1682 1384 1747 voluntatem,
1415 1680 1555 1735 Petri
1598 1696 1663 1735 ac
1694 1679 1846 1735 Pauli
1879 1690 2209 1747 qumrentcm
2242 1697 2333 1737 ca-

753 1778 871 1839 put,
922 1772 1183 1842 martyrio
1238 1773 1428 1828 ambos
1465 1772 1781 1835 coronavit;
1828 1771 2054 1826 alterum
2116 1775 2329 1843 quidem

2442 599 2543 669 τῆς
2577 598 2771 669 ἡδονῆς
2803 594 3224 669 καταλυόμενος,
3252 601 3284 670 ἦ
3320 602 3373 652 εῐ
3405 619 3490 665 τις
3539 602 3813 672 βασιλείας
3852 606 4024 675 αὐτῆς

2444 688 2784 755 ὲξεόἀλλετο.
2842 691 2952 743 Καὶ
2984 690 3092 762 γὰρ
3115 688 3205 762 ἦν,
3235 690 3393 762 εἴπερ
3429 712 3515 757 τις
3543 694 3730 758 ἄλλος,
3764 697 4023 768 σοφιστὴς

2449 777 2667 855 ἡδονῶν,
2696 777 2917 849 τρυφῶν
2949 778 3042 835 καὶ
3070 779 3525 851 καταυλούμενος,
3572 782 3703 852 βλὰξ
3745 785 3839 837 καὶ
3867 784 4020 855 θηλυ·

2442 868 2614 939 δρίας,
2640 870 2852 941 πορνῶν
2882 869 3197 940 ἐπιστάτης,
3244 872 3303 924 οὐ
3331 870 3579 949 βασιλεὺς
3622 873 3852 943 ἀνδρῶν.
3897 874 4025 937 Πῶς

2439 960 2549 1030 γὰρ
2574 960 2639 1013 ἂν
2669 961 2873 1030 ἑτέρων
2904 961 3206 1031 ἐκράτησεν
3249 964 3277 1017 ὁ
3304 964 3480 1034 ἀρχὴν
3503 963 3667 1016 αὑτοῦ
3694 964 3768 1035 μὴ
3792 949 3980 1035 μαθών
4005 982 4021 1029 ;

2438 1051 2584 1104 Μίαν
2603 1050 2751 1103 ἔθετο
2780 1051 3053 1121 φροντίδα,
3084 1052 3229 1114 ὃπω,
3263 1053 3330 1105 ἂν
3356 1052 3583 1121 ἐκκόψαι
3604 1054 3665 1104 ἐκ
3692 1053 3790 1123 τῆς
3814 1055 4023 1118 πόλεως

2442 1141 2531 1193 τὸν
2558 1140 2657 1211 τῆς
2682 1141 2963 1203 εὐσεϐείας
3006 1142 3097 1193 καὶ
3146 1141 3500 1212 σωφροσύνης
3532 1142 3869 1196 διδάσκαλον.
3910 1144 4024 1197 Καὶ

2438 1230 2686 1300 ζηλώσας
2736 1231 2829 1284 τὸν
2868 1229 3113 1303 Ἡρώδην
3161 1232 3261 1303 τῆς
3320 1230 3567 1302 γνώμης,
3631 1233 3835 1301 ἀπάγει
3892 1238 4023 1298 τοὺς

2437 1324 2769 1386 ἀποστόλους
2793 1325 2872 1387 εἰς
2887 1324 3279 1395 δεσμωτήριον,
3302 1325 3377 1388 ὼς
3398 1324 3487 1377 τὸν
3513 1324 3767 1396 Ἰωάννην
3785 1328 4015 1392 ἐκεῖνος,

2435 1412 2572 1482 ἔχων
2600 1413 2658 1465 δὲ
2688 1412 2811 1467 καθ’
2836 1412 3131 1484 ὁμοιότητα
3160 1413 3327 1483 ἀλλην
3376 1411 3711 1481 Ἡρωδιάδα,
3754 1412 3852 1482 τὴν
3888 1413 4023 1465 dum

2433 1506 2627 1560 λαστον
2658 1506 2751 1559 mi.
2781 1506 3067 1577 φιλήδονον
3095 1505 3343 1576 γνώμην,
3375 1504 3475 1575 τὴν
3510 1504 3779 1575 ζητοῦσαν
3807 1504 4021 1576 Πέτρου

2434 1598 2529 1649 καὶ
2576 1597 2785 1651 Παύλου
2825 1599 2924 1669 τὴν
2969 1596 3244 1668 κεφαλὴν,
3291 1596 3632 1666 ἀμφοτέρους
3676 1595 4020 1675 ἀνέδησε,τῷ

2436 1690 2684 1761 στεφάνῳ
2725 1690 2817 1743 τοῦ
2857 1692 3191 1763 μαρτυρίου,
3234 1689 3329 1742 τὸν
3379 1689 3476 1758 μὲν
3534 1688 3614 1758 τῷ
3658 1685 3798 1758 ξύλῳ
3851 1702 4019 1757 προσ-

2437 1781 2678 1851 ηλώσας,
2707 1780 2801 1836 τοῦ
2840 1782 2896 1834 δὲ
2919 1781 3133 1836 Παύλου
3171 1780 3269 1852 τὴν
3320 1779 3559 1851 κεφαλὴν
3595 1776 3859 1849 ἐκτεμὼν,
3885 1779 4019 1847 ήμῖν

753 1862 971 1932 aﬂigens
1006 1863 1150 1931 ligno
1174 1903 1189 1923 .
1220 1863 1371 1918 Pauli
1398 1879 1525 1919 vero
1553 1865 1821 1919 cervicem
1852 1864 2194 1928 abscindens,
2229 1881 2327 1919 no-

2433 1872 2525 1951 καὶ
2551 1872 2629 1942 τῷ
2662 1873 2851 1943 κόσμῳ
2877 1870 3193 1925 καταλιπὼν
3219 1870 3278 1923 τὸ
3311 1869 3421 1923 τῶν
3465 1868 3635 1938 ἁγίων
3658 1869 3849 1934 πάθος,
3880 1884 4020 1920 παν-

750 1953 943 2023 bisque
972 1969 1033 2009 ac
1056 1956 1307 2009 universo
1340 1956 1559 2018 mundo,
1592 1954 1780 2009 festam
1809 1953 1985 2007 lucem
2015 1966 2179 2023 atque
2203 1972 2332 2010 con-

749 2050 993 2105 ventum,
1032 2057 1095 2096 ac
1132 2050 1293 2098 tanta;
1318 2052 1695 2111 argumentum
1755 2041 2141 2110 solemnitatis,
2198 2061 2327 2100 san-

750 2142 961 2187 ctorum
998 2133 1301 2200 passionem
1330 2134 1664 2204 relinquens.

819 2219 945 2276 Haec
974 2221 1149 2285 nobis,
1185 2229 1267 2277 ter
1294 2238 1387 2279 vos
1410 2226 1576 2291 beati,
1602 2242 1779 2281 annua
1811 2226 1896 2281 lex
1932 2240 2217 2289 recurrens
2241 2234 2332 2280 at-

748 2311 895 2375 tulit,
924 2325 1018 2365 vos
1041 2311 1259 2380 quidem
1284 2313 1481 2383 ubique
1514 2330 1611 2369 ceu
1638 2317 1785 2370 orbis
1808 2331 2128 2374 communes.
2151 2316 2327 2370 athla-

749 2414 832 2458 tas
852 2403 1151 2472 praedicans
1182 2419 1194 2456 :
1240 2414 1526 2475 vestroque
1547 2407 1775 2473 honore,
1806 2408 2084 2463 hominum
2120 2418 2330 2463 mentes

748 2494 815 2546 ad
865 2492 1084 2548 meliora
1112 2506 1464 2562 componens.
1503 2493 1730 2551 Virtutis
1772 2498 1969 2566 quippe
2002 2498 2172 2551 honor
2216 2496 2331 2564 plu-

746 2588 884 2640 rium
932 2597 1189 2657 provocat
1236 2588 1634 2644 aamulationem
1672 2605 1685 2642 :
1732 2591 1783 2644 in
1811 2590 2026 2645 Christo
2065 2589 2189 2645 Jesu
2224 2591 2324 2645 Do-

747 2675 893 2730 mino
936 2685 1147 2742 nostro,
1197 2677 1281 2731 cui
1348 2675 1519 2743 gloria
1568 2690 1632 2730 ac
1688 2676 1969 2738 imperium
2005 2675 2058 2730 in
2100 2673 2317 2731 saecula.

743 2770 934 2822 Amen.

1489 2856 1582 2913 IX.

958 2945 1025 2999 In
1061 2956 1298 3000 sanctum
1342 2956 1627 3016 martyrem
1651 2944 1881 3000 Phocum
1923 2945 2059 3017 (42).

814 3107 1044 3163 Pulchra
1071 3117 1154 3161 est
1200 3122 1262 3163 ac
1307 3107 1458 3163 utilis
1490 3107 1713 3163 honesta
1758 3105 2058 3161 colentibus
2107 3116 2322 3161 sancto-

2434 1963 2650 2033 ήγυριν,
2687 1964 2781 2018 καὶ
2824 1963 3094 2027 τοσαύτης
3126 1963 3318 2033 ἑορτῆς
3360 1964 3638 2033 ἀφορμήν.

2500 2223 2687 2279 Ταῦτα
2713 2226 2869 2295 ἡμῖν,
2907 2217 2952 2276 ὧ
2991 2222 3403 2295 τρισμακάριοι,
3444 2223 3672 2291 ἤνεγκεν
3720 2221 3750 2274 ὁ
3799 2220 4021 2291 ἑτήσιος

2433 2316 2614 2386 νόμος,
2645 2317 2791 2385 ὑμᾶς
2820 2314 2919 2384 μὲν
2958 2314 3352 2386 ἀνακηρύττων
3380 2311 3656 2383 πανταχοῦ
3681 2311 3758 2375 ὡς
3799 2310 4019 2372 κοινοὺς

2430 2406 2529 2476 τῆς
2561 2406 2885 2475 οἰκουμένης
2905 2397 3164 2475 ἀθλήτάς,
3204 2402 3429 2472 βελτιῶν
3462 2402 3522 2454 δὲ
3544 2402 3642 2465 τὰς
3670 2400 3779 2454 τῶν
3800 2399 4019 2472 ἀνθρώ·

2432 2514 2548 2549 πων
2592 2495 2816 2566 γνώμας
2852 2495 2941 2549 διὰ
2974 2496 3074 2567 τῆς
3121 2493 3394 2565 ὑμετέρας
3436 2493 3623 2563 τιμῆς.
3674 2492 3871 2563 Ἀρετὴ
3906 2491 4023 2561 γὰρ

2430 2586 2740 2656 τιμωμένη,
2774 2585 3000 2646 πολλοὺς
3048 2584 3251 2655 ἐγείρει
3291 2583 3426 2655 πρὸς
3468 2580 3663 2653 ζῆλονο
3704 2583 3762 2633 ὲν
3790 2581 4019 2651 Χριστῷ

2442 2671 2615 2743 Ἰησοῦ
2649 2672 2726 2743 τῷ
2751 2672 2941 2743 Κυρίῳ
2972 2670 3127 2742 ἡμῶν
3146 2712 3159 2735 ,
3265 2672 3299 2741 ἡ
3325 2670 3472 2737 δόξα,
3504 2671 3596 2723 καὶ
3619 2670 3680 2722 τὸ
3708 2669 3912 2740 κράτος
3937 2671 4020 2732 εἰς

2431 2764 2554 2826 τοὺς
2595 2762 2813 2825 αἰῶνας.
2864 2764 2921 2814 Ἀ
2929 2764 3055 2833 μήν.

3185 2856 3261 2908 Θ.

2582 2944 2894 3015 Eram-utor
2921 2950 3007 3011 εἰς
3024 2946 3193 3017 ἅγιον
3220 2948 3611 3015 ἱερομάρτιιοα
3633 2944 3865 3000 Φωκᾶιε.

2494 3103 2648 3174 Καλὴ
2681 3104 2775 3156 καὶ
2808 3104 3166 3174 συμφέρουσα
3202 3104 3314 3166 τοῖς
3340 3104 3701 3174 ἀσκουμένοις
3739 3105 3808 3157 τὰ
3837 3122 4016 3158 σπου-

745 3215 861 3253 rnm
890 3198 1166 3254 memoria.
1199 3195 1406 3252 Nedum
1438 3199 1583 3252 enim
1615 3211 1729 3261 eos,
1755 3196 1844 3266 qui
1873 3195 2087 3250 virtutis
2113 3210 2177 3249 ac
2209 3194 2339 3266 pie--

2425 3194 2568 3261 δαΐα,
2612 3194 2719 3248 τῶν
2759 3195 2929 3263 ἁγίων
2965 3197 2995 3267 ἡ
3038 3197 3247 3267 μνήμη.
3296 3196 3371 3248 Ού
3420 3196 3529 3268 γὰρ
3578 3196 3723 3267 λόγῳ
3761 3196 4021 3252 παιδεύει

814 3378 925 3449 (42)
958 3379 1032 3432 Ειι
1096 3378 1231 3449 Reg.
1281 3381 1399 3433 cod.
1428 3378 1643 3433 emend.
1675 3391 1741 3432 ex
1774 3378 1829 3431 P.
1861 3375 2025 3432 Sirm.
2060 3384 2313 3449 autogra-

741 3446 871 3518 plio.
901 3446 972 3519 {—-
995 3449 1141 3502 Duos
1172 3447 1401 3510 Phocas,
1436 3452 1639 3519 ambos
1657 3457 1710 3500 et
1742 3458 2031 3519 martyres,
2060 3446 2315 3519 et_Sino-

743 3516 810 3588 pe
857 3518 1138 3583 oriundos,
1192 3519 1420 3572 alterum
1468 3517 1846 3588 hortulanum.
1888 3516 2058 3588 'cnjus
2117 3516 2315 3570 festum

742 3585 881 3655 apud
914 3588 1132 3642 Latinos
1179 3597 1371 3657 agatur
1419 3601 1475 3641 ιιι
1504 3585 1958 3657 Nonasblartias,
1990 3586 2218 3657 alterum
2252 3601 2318 3641 ex

744 3653 1016 3725 piscatore
1053 3653 1382 3726 episcopum,
1445 3655 1595 3726 cujus
1626 3656 1796 3726 pridie
1848 3655 1969 3709 ldus
2012 3653 2221 3726 Iulias;
2252 3669 2315 3710 ac

744 3723 835 3795 qui
891 3726 1049 3781 ambo
1089 3723 1237 3792 apud
1292 3726 1508 3779 Graecos
1561 3723 1638 3778 22'
1688 3723 1991 3795 Septembr.
2042 3725 2312 3795 colantur,

744 3793 987 3863 pluribus
1019 3798 1177 3849 tradit
1213 3795 1475 3849 Baronius
1507 3795 1557 3847 in
1587 3803 1699 3847 not.
1744 3796 1809 3845 ad
1839 3794 2113 3862 Martyrol.
2145 3793 2305 3849 Rom.

747 3866 814 3920 14
835 3865 980 3920 Julii.
1020 3865 1215 3933 Sicque
1259 3865 1415 3933 plane
1464 3865 1692 3917 diversis
1717 3864 1906 3918 diebus
1930 3864 2067 3930 apud
2090 3863 2311 3933 Latinos

745 3936 1040 4004 coiisignnti
1093 3932 1378 4004 habentur,
1419 3948 1483 3987 ac
1514 3933 2067 4004 distinguunt_Gr:£ci
2118 3932 2190 4004 22
2220 3933 2308 4004 illa

744 3996 1097 4073 Septembris,
1136 4003 1439 4073 pecularius
1483 3996 1819 4073 celebra'ntes
1852 4002 2051 4073 Phoete
2072 4003 2309 4071 episcopi

749 4070 1093 4143 ac'martyris
1142 4072 1354 4132 festum,
1394 4072 1448 4124 in
1494 4071 1647 4138 cujus
1680 4072 1940 4143 honorem
1970 4070 2203 4126 cilicium
2230 4070 2312 4126 to-

749 4154 857 4197 tum
887 4141 1242 4212 compositum
1281 4150 1383 4212 est,
1421 4142 1687 4212 simulque
1721 4141 2035 4194 memoriam
2084 4150 2309 4209 agentes

745 4213 938 4267 Pliocze
968 4211 1187 4265 alterius
1219 4227 1284 4263 ex
1322 4211 1604 4263 hortulano
1635 4212 1911 4279 martyris,
1942 4226 2170 4270 quorum
2195 4226 2308 4264 am-

746 4283 936 4336 borum
966 4297 1051 4335 res
1074 4282 1127 4334 in
1161 4281 1465 4349 Syriaxario
1503 4279 1727 4333 seorsim
1758 4279 2219 4349 complectuntur;
2245 4294 2307 4334 ac

746 4352 1000 4419 pleraque
1041 4351 1129 4405 hic
1175 4348 1242 4404 ab
1275 4350 1486 4403 Asterio
1531 4351 1763 4416 ascripta
1798 4348 1990 4419 Phocea
2022 4349 2308 4419 liortulano

747 4417 1030 4486 miracula,
1068 4419 1309 4472 tribuunt
1346 4418 1425 4489 illi
1457 4419 1729 4487 episcopo,
1765 4432 1922 4489 quem
1948 4418 2068 4473 ideo
2099 4417 2311 4489 θαυμα-

743 4490 974 4559 τουργόν
1003 4498 1231 4559 vocant,
1268 4503 1372 4542 non
1409 4488 1641 4542 Phocam
1673 4486 2038 4559 hortulanum,
2072 4498 2126 4541 ut
2153 4486 2311 4555 plane

744 4554 968 4615 necesse
997 4561 1067 4614 sit
1095 4554 1262 4612 fuisse
1306 4559 1580 4612 Asterium
1624 4557 1853 4610 nominis
1890 4554 2318 4625 aequivocatione
2352 4554 2394 4608 D

746 4631 1051 4694 deceptum,
1087 4642 1150 4681 ac
1182 4629 1231 4681 ei
1266 4627 1546 4691 accidisse,
1572 4626 1712 4695 quod
1751 4626 2011 4692 Gregorio
2041 4627 2237 4679 accidit
2263 4629 2313 4679 in

746 4698 1039 4767 Cypriano,
1080 4697 1328 4751 eumdem
1374 4696 1589 4751 facienti
1642 4696 1965 4767 Cyprianum
2011 4711 2225 4767 magum
2264 4706 2318 4748 et

747 4765 1072 4837 Cyprianum
1121 4767 1452 4835 episcopum,
1489 4780 1624 4835 quos
1665 4765 1843 4820 vetera
1890 4780 1980 4837 ac__
2005 4765 2316 4837 fidelissima

747 4834 1093 4891 monumenta
1134 4834 1373 4890 diversos
1431 4834 1549 4889 esse
1592 4844 1876 4889 testantur.
1940 4834 2115 4903 thue
2168 4835 2238 4888 ita
2288 4852 2316 4887 ιι

747 4906 881 4960 viris
912 4908 1098 4970 tantis,
1139 4920 1239 4960 nec
1281 4907 1414 4959 adeo
1455 4906 1676 4967 dissitis,
1716 4904 1819 4957 ista
1867 4915 2080 4973 peccata
2123 4904 2233 4957 sint
2264 4919 2316 4956 in

749 4987 1058 5031 sanctorum
1095 4974 1339 5037 historia,
1376 4975 1501 5042 quid
1538 4975 1731 5029 mirum
1776 4973 1925 5038 plura
1963 4973 2216 5041 deinceps
2245 4974 2317 5026 si-

750 5045 863 5097 mili
886 5060 1071 5100 errore
1095 5046 1149 5098 'tn
1175 5043 1319 5105 aliis,
1340 5059 1402 5096 ac
1421 5044 1488 5095 ab
1517 5044 1636 5098 aliis
1662 5043 2036 5096 remutioribus
2060 5042 2318 5110 peccati?

750 5115 852 5181 Qui
901 5115 1153 5182 ascripsit
1199 5114 1410 5166 titulum
1445 5111 1611 5182 Regio
1653 5114 1772 5166 eod.
1810 5127 1877 5167 ex
1906 5126 2013 5178 quo
2040 5112 2317 5182 peculiare

748 5181 1056 5246 exordium,
1083 5183 1319 5250 illudque
1364 5181 1826 5251 plane’oruatum,
1864 5182 2096 5251 edimus,
2132 5181 2320 5248 appel-

749 5253 912 5308 lando
940 5249 1333 5325 ξερομάρτυρα,
1365 5249 1545 5325 videri
1578 5249 2148 5325 episcopuni_Phocai_n
2177 5251 2322 5325 indi-

750 5324 909 5376 cavit.
939 5320 1116 5375 Pottiit
1139 5320 1349 5375 Phacas
1373 5322 1687 5374 hortulanus
1710 5320 1905 5373 Asterii
1926 5329 2083 5372 astate
2108 5321 2179 5373 ita
2204 5320 2320 5373 cla-

752 5408 895 5455 rere,
929 5407 992 5444 ac
1038 5391 1233 5444 celebri
1261 5392 1393 5443 adeo
1432 5390 1686 5442 memoria
1718 5389 1767 5440 in
1803 5388 1969 5442 Ponto
1998 5389 2219 5453 habere,
2264 5398 2322 5442 ut

750 5463 1057 5530 episcopum
1091 5460 1480 5530 Pliocani:ipuit
1508 5459 1687 5528 plures
1711 5458 1999 5530 Asiaticos,
2034 5460 2320 5530 ipsumque

752 5527 886 5583 adeo
932 5531 1225 5592 ASterium,
1258 5527 1533 5581 otiuscarit
1565 5528 1741 5595 :quod
1788 5528 1838 5579 in
1892 5527 2009 5580 aliis
2052 5527 2321 5581 accidisse

751 5601 974 5660 scimus,
1007 5610 1062 5651 ut
1103 5602 1154 5651 in
1184 5598 1242 5651 S.
1278 5597 1335 5650 P.
1366 5596 1427 5652 N.
1462 5596 1759 5658 Dominico,
1789 5597 2007 5663 ejusque
2034 5599 2319 5663 cognomi-

754 5686 818 5721 ne
852 5669 1128 5721 Dominico
1157 5682 1183 5719 a
1210 5668 1319 5721 Silo
1353 5681 1415 5719 eo
1445 5666 1755 5732 antiquiori,
1800 5666 1849 5716 in
1884 5667 2201 5732 quibusdam
2239 5665 2321 5718 ἔοι

750 5739 828 5789 cis
861 5738 1147 5804 ilispaniie.
1178 5737 1329 5801 Quod
1364 5737 1434 5788 ait
1464 5735 1742 5797 Baronius,
1778 5750 1991 5801 passum
2023 5751 2141 5788 esse
2185 5734 2322 5787 Pho-

750 5821 868 5860 cam
900 5808 1240 5862 hortulanum
1271 5805 1586 5869 Antiochiae,
1638 5818 1741 5859 non
1786 5804 2018 5870 Sinope;
2061 5815 2321 5860 titttrtlttue

2416 3377 2690 3446 accepisse
2735 3390 2799 3429 ex
2853 3374 3009 3446 R_om.
3051 3375 3429 3446 Martyrologio
3467 3392 3526 3430 ιιι
3570 3375 3752 3431 Nonas
3802 3375 4017 3444 Martii,

2418 3444 2566 3502 nullo
2604 3447 2763 3499 modo
2794 3446 2845 3498 in
2883 3444 3112 3497 Phocam
3158 3444 3523 3509 hortulanum,
3551 3462 3617 3500 ac
3642 3461 3801 3513 quem
3847 3448 4014 3506 Aste-

2421 3517 2534 3571 rius
2584 3516 2843 3579 celebrat,
2893 3516 3177 3567 autetiam
3220 3514 3393 3584 Grarei
3431 3516 3614 3570 colunt
3640 3514 3712 3569 22
3754 3516 4016 3584 Septem.

2422 3585 2672 3655 quadrat.
2703 3588 2781 3638 Ac
2808 3584 2970 3655 plane
3000 3584 3165 3655 alius
3185 3588 3257 3639 sit
3298 3583 3466 3655 Syrus
3484 3585 3593 3655 jlle
3626 3583 4018 3655 martyr’Phoo

2422 3653 2515 3709 eas
2547 3654 2773 3725 Romani
2804 3653 3170 3725 Martyrologii
3192 3669 3266 3725 Aac
3291 3653 3449 3725 Greg.
3481 3653 3783 3719 Turonen.,
3820 3670 3870 3710 c.
3908 3657 4017 3723 99,

2422 3741 2450 3777 a
2495 3724 2703 3779 duobus
2738 3723 2979 3777 Ponticis
3015 3738 3078 3776 ac
3112 3723 3383 3785 Asiaticis,
3408 3723 3552 3793 quos
3595 3732 3803 3777 tantum
3843 3725 4018 3783 (iraa-

2420 3794 2523 3859 cia,
2550 3804 2608 3847 ut
2637 3794 2979 3861 peculiariter
3011 3808 3159 3863 suos,
3189 3808 3252 3847 ac
3284 3794 3335 3846 in
3374 3794 3595 3863 dimeesi
3636 3793 4017 3863 Constinopo-

2421 3864 2583 3917 litana
2618 3878 2824 3930 passos.
2848 3863 2947 3931 sibi
2973 3862 3228 3916 colendos
3258 3865 3545 3929 acceperit.
3589 3862 3823 3931 Excepto
3850 3862 4017 3921 enim

2423 3935 2662 3997 nomine,
2700 3932 2829 3986 nihil
2862 3930 3149 3985 Phocazilli
3180 3948 3299 3985 cum
3327 3933 3524 4000 duplici
3555 3930 3777 3987 Pontico
3808 3949 3873 3987 ac
3911 3932 4013 3989 Si-

2419 4003 2667 4070 nopensi,
2718 4004 2950 4055 maxime
2984 4015 3104 4055 cum
3142 4002 3424 4055 hortulano
3468 4013 3670 4065 nostro,
3708 4018 4019 4062 commune

2421 4071 2688 4135 invenias,
2718 4086 2816 4125 nec
2847 4073 3042 4133 locum,
3073 4085 3171 4125 nec
3194 4071 3409 4124 modum
3438 4074 3725 4140 passionis,
3747 4087 3846 4126 nec
3878 4075 4018 4130 vita

2420 4140 2753 4203 institutum,
2784 4157 2881 4195 nec
2921 4140 3201 4195 miracula.
3251 4140 3421 4193 Verba
3451 4141 3814 4210 Martyrologii
3846 4155 4011 4210 sunt,

2418 4224 2479 4280 ac
2513 4210 2957 4280 Gregoriicitati,
2985 4225 3110 4280 cap.
3133 4210 3225 4263 illo
3253 4210 3320 4264 99
3351 4210 3426 4263 De
3449 4212 3617 4278 gloria
3655 4220 3957 4279 martyrum
3988 4229 4014 4269 :

2415 4277 2706 4332 Antiochia
2749 4277 2958 4332 Natalis
2985 4277 3270 4349 SCPhocaz
3304 4277 3572 4349 martyris,
3596 4284 3686 4349 qui
3710 4277 3820 4345 post
3853 4283 4013 4335 mul-

2419 4358 2519 4412 tas,
2547 4366 2674 4415 quos
2698 4365 2789 4412 pro
2817 4351 3021 4402 nomine
3046 4348 3400 4414 Redemptoris
3432 4348 3617 4415 passus
3644 4358 3718 4402 est
3743 4350 4013 4419 injurias,

2416 4420 2643 4487 qualiter
2671 4422 2733 4471 de
2762 4419 2980 4487 antiquo
3013 4419 3102 4471 illo
3132 4427 3366 4485 serpente
3393 4420 3808 4487 triumphaverit,
3840 4420 4015 4476 hodie

2417 4504 2621 4556 quoque
2650 4487 2855 4557 populi:
2880 4504 2939 4540 eo
2965 4487 3220 4558 miraculo
3241 4487 3562 4558 declaratur,
3592 4489 3731 4557 quod
3772 4490 3823 4542 si
3850 4492 4019 4558 quis-

2419 4555 2560 4623 piam
2598 4555 2909 4624 «serpente
2962 4572 3167 4610 morsus
3194 4555 3371 4623 fuerit,
3408 4569 3461 4610 ut
3489 4555 3712 4625 janunm
3755 4555 4013 4614 basilice

2417 4628 2668 4695 martyris
2700 4626 3191 4695 credens_attiget'it,
3220 4627 3487 4693 confestim
3522 4636 3771 4680 evacuata
3800 4629 4013 4684 virtute

2419 4692 2599 4747 uenerii
2640 4706 2880 4749 sanatur.
2916 4692 3062 4746 Nihil
3109 4694 3298 4748 horum
3328 4696 3409 4749 vel
3438 4698 3705 4759 Asterius,
3740 4697 3821 4750 vel
3855 4698 4019 4763 alius

2420 4765 2729 4885 quisquam,
2763 4773 2985 4832 excepto
3028 4763 3257 4818 Baronio
3297 4764 3591 4827 divinante,
3627 4782 3687 4819 ac
3720 4766 3885 4820 Surio
3932 4778 4016 4823 ει

2422 4834 2512 4885 ilo
2554 4832 2911 4885 exscribente.
2958 4832 3011 4885 in
3061 4833 3378 4885 alterutrum
3424 4835 3653 4885 Phocam
3704 4834 4016 4885 Ponticum

2422 4832 2512 4885 illo
2554 4832 2911 4898 exscribente,
2958 4832 3011 4885 in
3061 4833 3378 4885 alterutrum
3424 4835 3653 4887 Phocam
3704 4834 4017 4892 Ponticum

2421 4902 2570 4965 dicit,
2629 4917 2860 4967 cumque
2904 4902 3055 4969 plura
3114 4902 3371 4955 miracula
3418 4903 3677 4965 referant,
3717 4910 4015 4971 quomodo

2420 4986 2515 5024 eos
2552 4980 2695 5024 tanta
2752 4972 2839 5043 illa
2892 4971 3334 5043 virtus_pellem_li
3376 4986 3597 5035 venena,
3646 4974 3755 5028 sola
3805 4975 4011 5043 latuit,

2420 5056 2579 5114 quam
2606 5057 2763 5114 unam
2800 5041 2851 5094 in
2893 5039 3028 5114 Syro
3066 5038 3244 5114 Phoca
3276 5039 3584 5114 Grecorius,
3621 5058 3684 5097 ac
3715 5038 4014 5114 Μαι-ιβ·οᾴ

2423 5111 2619 5180 logium
2655 5112 2877 5180 Βοιιιδιι.
2910 5110 2990 5180 ἰιιι
3014 5109 3363 5177 praedicavit?
3406 5110 3526 5163 Mihi
3564 5125 3693 5180 ergo
3732 5109 3874 5167 alius
3914 5130 4019 5171 est

2425 5178 2632 5233 Phoeas
2661 5180 2747 5233 ille
2778 5194 2805 5231 a
2844 5178 3100 5243 Ponticis,
3139 5194 3237 5233 nec
3268 5181 3311 5232 si
3345 5181 3470 5246 quid
3509 5178 3757 5235 Asterius
3792 5182 4019 5238 confu-

2423 5250 2519 5311 dit,
2559 5250 2611 5302 in
2659 5264 2723 5303 eo
2777 5249 3045 5318 putandus
3070 5259 3152 5302 est
3184 5247 3512 5315 confudisse,
3542 5252 3637 5304 sed
3672 5251 3723 5303 in
3754 5250 3870 5318 suis
3905 5253 4022 5307 Si-

2424 5316 3058 5386 nopensibus—Episcopi
3117 5319 3371 5380 reliquias
3403 5321 3562 5373 tradit
3589 5319 3707 5373 Ado
3734 5320 3786 5373 i-n
3817 5317 4023 5375 Clzro-

2422 5387 2538 5439 nico
2572 5403 2660 5439 an.
2693 5388 2813 5451 tOl,
2850 5385 3111 5441 Viennam
3160 5388 3328 5442 fuisse
3367 5390 3672 5450 translatas,
3702 5404 3765 5443 ac
3800 5389 3854 5441 iu
3890 5394 4021 5449 SS.

2422 5456 2795 5523 Apostolorum
2836 5456 3053 5509 basilica
3106 5458 3396 5511 collocatas
3425 5474 3439 5509 :
3465 5475 3567 5511 non
3598 5468 3776 5510 tamen
3806 5474 4027 5519 narrat

2424 5540 2529 5593 quo
2573 5526 2621 5577 id
2664 5537 2897 5593 tempore
2936 5537 3142 5594 gestum
3171 5528 3263 5589 sit,
3294 5529 3386 5580 sed
3428 5536 3630 5579 tantum
3674 5526 3837 5579 refert
3870 5544 4025 5595 pas-

2424 5610 2540 5647 sum
2578 5596 2771 5648 illustri
2814 5598 3069 5663 martyrio
3106 5598 3434 5664 temporibus
3474 5596 3711 5663 'l'rajaui.
3737 5596 3895 5660 Quod
3936 5606 4020 5658 de

2422 5677 2537 5717 arte
2576 5666 2691 5732 ejus
2734 5666 3108 5731 gubernatoria
3160 5680 3257 5736 seu
3291 5666 3501 5718 nautica
3548 5677 3680 5736 ante
3705 5668 4029 5736 episcopa-
4109 5692 4115 5705 ι

2427 5744 2533 5786 ιιιιιι
2592 5736 2791 5787 habent
2842 5735 3007 5802 ipsius
3069 5744 3186 5787 acta
3238 5734 3424 5787 Latina
3472 5737 3607 5801 apud
3654 5732 3924 5801 Petrum;
3960 5754 4031 5796 et

2427 5804 2579 5870 alios,
2627 5807 2695 5857 sit
2730 5804 2866 5857 forte
2902 5804 3155 5872 alliciunt,
3184 5819 3247 5857 ex
3285 5804 3449 5858 multa
3495 5804 3581 5858 illa
3623 5814 3928 5862 nautarum
3961 5815 4028 5868 ι..
