4212 6318
115 425 183 484 301
1246 421 1524 480 HOMILIA
1560 421 1649 475 IX.
1686 419 1751 475 IN
1788 420 1845 477 S.
1880 421 2186 478 PHOCAM.

3206 422 3314 479 502

114 540 239 611 μόνον
272 540 397 601 τοὺς
432 536 839 608 ἐπιθυμοῦντας
868 538 1067 609 ἀρετῆς
1094 538 1185 591 καὶ
1206 540 1508 604 εὐσεϐείας,
1528 538 1661 593 ἀλλὰ
1688 552 1734 605 Α
1764 549 1777 593 t

1649 558 1661 593 t
1688 552 1734 605 Α
1764 541 1889 595 tatis
1929 538 2197 593 desiderio
2252 546 2500 593 tenentur
2527 581 2541 603 ,
2584 552 2831 592 sermone
2888 537 3085 600 erudit,
3128 553 3312 593 verum

113 629 291 693 καὶτὰς
320 630 548 700 πράξεις
577 628 687 681 τῶν
717 628 1053 699 βεϐιωκότων
1085 629 1259 701 ὀρθῶς
1294 632 1543 702 ἐναργεῖς
1572 630 1652 684 δι-

112 719 379 781 δασκάλους
402 717 710 789 προτίθησι.
729 718 828 773 ,Διὸ
850 720 943 772 καὶ
964 720 991 770 ό
1014 718 1215 790 Κύριος
1238 720 1412 791 ἡμῶν,
1434 720 1532 783 τὰς
1549 720 1656 773 τῶν
1696 762 1706 768 .

113 814 315 882 ἀρίστων
366 810 808 882 κατορθωμάτων
869 812 1145 881 ὑποθήκας
1188 812 1404 875 διδοὺς,
1457 811 1651 883 φησιν’

115 908 195 969 ’ος
214 902 266 955 δ’
302 902 379 954 ἂν
414 901 638 970 ποιήσῃ
674 902 774 957 καὶ
808 901 1018 970 διδάξῃ
1040 943 1053 964 ,
1086 898 1263 967 οὗτος
1302 901 1489 972 μέγας
1520 904 1661 967 κλη-

114 997 359 1059 θήσεται·
410 995 505 1047 καὶ
542 993 811 1063 ἀλλαχοῦ’
849 978 1147 1061 Anyti-3nd
1198 994 1261 1046 τὸ
1316 993 1442 1061 φῶς
1493 992 1659 1061 ὑμῶν

111 1090 427 1155 ἔμπροσθεν
463 1086 583 1138 τῶν
616 1084 969 1152 ἀνθρώπων,
1005 1082 1163 1148 ὅπως
1193 1083 1364 1136 ἴδωσι
1391 1082 1463 1136 τὰ
1505 1083 1674 1138 καλὰ

114 1181 243 1248 ἔργα,
269 1181 368 1233 καί
398 1178 704 1243 δοξάσωσι
723 1177 833 1229 τὸν
859 1174 1091 1242 Πατέρα
1116 1173 1283 1244 ὑμῶν
1312 1174 1419 1228 τὸν
1445 1175 1515 1229 ἐν
1538 1178 1661 1241 τοῖς

112 1264 382 1332 οἱφανοῖς.
435 1265 501 1317 Ἠ
534 1264 640 1335 γὰρ
671 1262 862 1333 λογικὴ
896 1262 1195 1326 παίδευσις,
1227 1263 1327 1329 τῆς
1356 1263 1663 1334 πρακτικῆς

115 1358 364 1426 ἐνεργείας
413 1358 589 1426 ἥττων
616 1358 709 1409 καὶ
758 1355 1121 1427 ἀσθενεστέρα
1173 1354 1519 1419 διδάσκαλος·
1572 1355 1664 1408 καὶ

116 1450 199 1517 ὅσῳ
219 1448 317 1516 τῆς
352 1447 525 1515 ἀκοῆς
558 1447 656 1516 τὴν
698 1446 818 1515 ὄψιν
852 1444 1251 1515 ἀκριϐεστέραν
1281 1440 1417 1499 εἶναί
1452 1463 1627 1516 φαμεν
1647 1484 1663 1509 ,

114 1535 324 1605 τοσούτῳ
366 1535 765 1605 διωμολόγηται
808 1534 901 1587 τοῦ
950 1533 1108 1602 λόγου
1161 1533 1257 1604 τὴν
1302 1533 1498 1603 πρᾶξιν
1532 1551 1667 1605 κρα-

115 1631 219 1681 τεῖν.
264 1627 427 1680 Οὕτω
464 1627 562 1690 τὰς
609 1628 921 1697 ἐπιστήμας
976 1624 1347 1695 μανθάνομεν·
1382 1623 1525 1677 οὕτω
1568 1623 1667 1687 τὰς

116 1721 280 1790 τέχνας
317 1718 773 1789 ὲκπαιδευόμεθα,
807 1718 949 1787 λόγῳ
979 1717 1242 1788 πρότερον
1269 1716 1403 1785 πρὸς
1439 1715 1537 1785 τὴν
1568 1716 1670 1785 μά-

117 1810 245 1882 θησιν
292 1810 612 1879 ὲναγόμενοι
637 1851 650 1874 ,
692 1804 809 1862 εἶτα
853 1808 997 1878 χειρὶ
1040 1808 1134 1859 καὶ
1177 1806 1341 1877 πείρᾳ
1375 1806 1474 1875 τὴν
1515 1807 1670 1874 ἀμοι-

115 1880 222 1971 δρὰν
248 1902 295 1931 ’⁸
345 1899 724 1972 κρατύνοντες.
776 1900 887 1952 Καὶ
924 1897 1092 1950 πολλὰ
1142 1897 1238 1967 μὲν
1281 1898 1309 1950 6
1353 1895 1673 1967 γεωμέτρης
1705 1880 1746 1934 Β

117 1993 223 2062 περὶ
245 1993 346 2062 τὴν
383 1990 564 2061 βίϐλον
595 1989 809 2061 καμὼν,
846 1992 940 2043 καὶ
972 1988 1281 2059 πληρωθεὶς
1307 1988 1455 2057 παρὰ
1484 1987 1574 2041 τοῦ
1598 1988 1673 2039 δι-

115 2082 363 2135 δασκάλου
409 2082 507 2153 τὴν
541 2083 742 2153 ἀκοὴν,
781 2081 880 2133 οὐκ
922 2079 1097 2143 ἄλλως
1142 2078 1511 2149 καταλήψεται
1564 2078 1673 2129 τῶν

119 2175 357 2228 ποικίλων
405 2175 699 2245 σχημάτων
745 2172 843 2243 τὴν
877 2173 1104 2241 δύναμιν
1126 2210 1140 2233 ,
1177 2170 1241 2223 ἂν
1276 2170 1347 2240 μὴ
1383 2168 1673 2239 καταμάθῃ

119 2266 173 2317 τὰ
198 2267 416 2337 κέντρα,
447 2266 542 2318 καὶ
568 2265 668 2327 τὰς
695 2263 961 2334 γραμμὰς
984 2303 997 2323 ,
1033 2261 1127 2314 καὶ
1157 2260 1283 2323 τοὺς
1316 2259 1548 2323 κύκλους
1582 2261 1675 2313 ἐπὶ

120 2358 196 2409 τοῦ
240 2358 487 2421 πίνακος.
527 2357 601 2408 Οὐ
651 2355 830 2426 μέντοι
870 2354 990 2407 οὐδὲ
1035 2353 1126 2405 τὸν
1160 2350 1521 2421 ἀστρονομίας
1558 2351 1677 2402 ἐπι-

121 2446 420 2517 Θυμήσαντα
445 2490 461 2512 ,
495 2450 524 2500 6
559 2447 717 2515 λόγος
748 2446 907 2515 μόνον
941 2443 1185 2498 παιδεύει
1215 2443 1275 2497 τὸ
1307 2442 1678 2511 σπουδαζόμε-

121 2554 220 2601 νον,
250 2537 314 2591 ἂν
353 2538 428 2607 μὴ
469 2536 566 2607 τὴν
608 2538 845 2605 σφαῖραν
882 2534 1030 2603 αὐτῷ
1071 2534 1422 2603 περιδινήσας
1454 2533 1680 2607 ἐπιστη-

126 2627 279 2695 μόνως
303 2630 334 2679 6
355 2603 673 2694 παιδευτὴς,
693 2603 806 2685 τοῖς
822 2622 1119 2693 ὀφθαλμοῖς
1147 2620 1369 2692 παραδῷ
1399 2603 1489 2673 τοῦ
1515 2620 1677 2673 πόλου

121 2716 202 2785 τὴν
228 2716 464 2785 κίνησιν.
505 2714 617 2768 Καὶ
640 2717 669 2767 6
698 2713 881 2785 ἰατρὸς
914 2712 991 2776 δὲ,
1020 2711 1191 2764 πολλὰ
1222 2711 1300 2783 τῷ
1331 2712 1679 2781 Ἱπποκράτει

124 2808 293 2876 καμὼν
346 2805 441 2859 καὶ
480 2808 593 2869 τοῖς
643 2803 822 2866 ἄλλοις
869 2801 1240 2872 καθηγηταῖς,
1294 2801 1680 2869 ἀνεπιστήμων

122 2899 223 2949 ἐστὶ
250 2897 616 2966 θεοαπευτὴς,
643 2896 771 2965 πρὶν
794 2894 861 2948 ἂν
894 2893 1030 2964 πρὸς
1051 2894 1179 2956 τοὺς
1206 2891 1432 2953 πολλοὺς
1462 2890 1683 2961 βαδίσας

125 2984 440 3058 ἀρρώστους,
479 2986 605 3056 παρ’
643 2983 823 3037 αὐτῶν
860 2983 1005 3053 μάθῃ
1030 2981 1140 3035 τῶν
1174 2980 1472 3034 νοσούντων
1509 2980 1569 3033 τὸ
1595 2979 1684 3031 θε-

125 3078 385 3150 ραπεύειν.
414 3077 572 3131 Οὕτω
596 3076 662 3146 δὴ
692 3075 786 3129 καὶ
817 3076 980 3146 ἡμεῖς
1006 3076 1055 3127 οί
1084 3072 1320 3145 μαθηταὶ
1337 3071 1445 3125 τῶν
1478 3070 1683 3143 μαρτύ-

126 3187 237 3239 ρων,
269 3172 370 3234 τὰς
408 3169 639 3241 πράξεις
670 3167 780 3221 τῶν
827 3165 1112 3239 καρτερῶν
1158 3164 1399 3236 ἀνδρῶν.
1438 3164 1543 3234 πρὸ
1583 3162 1684 3233 τῆς

123 3260 396 3330 ὁμολογίας
425 3258 777 3320 διδασκάλους
814 3255 1146 3326 ποιούμενοι,
1180 3254 1517 3325 μανθάνομεν
1555 3252 1682 3323 ἄχρι

124 3351 217 3405 τῶν
248 3353 495 3423 ἐσχάτων
532 3348 793 3403 κινδύνων
826 3346 1113 3417 φυλάττειν
1148 3344 1426 3398 εὐσέϐειαν
1452 3382 1467 3406 ,
1512 3342 1684 3406 αὐτὰς

121 3443 205 3503 τὰς
234 3442 383 3511 ἱερὰς
413 3440 587 3511 θήκας
610 3437 790 3491 αὐτῶν
818 3436 1067 3506 καθάπερ
1096 3435 1295 3505 στήλας
1322 3431 1686 3504 προσϐλέπον-

124 3550 221 3597 τες,
243 3536 537 3606 γράμμασι
564 3529 1005 3601 κεχαραγμένας,
1034 3528 1128 3581 καὶ
1155 3524 1419 3597 δηλούσας
1443 3521 1684 3593 ἀκριϐῶς

123 3624 204 3677 τοῦ
235 3625 538 3695 μαρτυρίου
564 3622 662 3694 τὴν
690 3622 949 3690 ἀγωνίαν.

184 3719 390 3788 Ὠσπερ
424 3717 482 3771 δὲ
512 3717 561 3768 οί
594 3712 982 3785 πλησιάζοντες
1008 3714 1074 3782 τῇ
1107 3710 1227 3783 δρυῒ
1256 3712 1318 3780 τῇ
1344 3706 1616 3779 Μαμϐρῆ,
1649 3705 1682 3775 ἢ

124 3807 191 3877 τῷ
218 3809 466 3877 σπηλαίῳ
492 3806 571 3876 τῷ
600 3803 811 3875 ὠνητῷ,
843 3806 980 3875 ὅπερ
1023 3801 1262 3873 Ἐφραίμ
1286 3801 1330 3831 ’ί
1371 3802 1400 3853 6
1428 3798 1685 3859 Χετταῖος

126 3901 194 3961 εἰς
229 3901 409 3971 ταφὴν
452 3900 551 3970 τῆς
588 3898 805 3969 Σάρρας
835 3894 1085 3957 ἀπέδοτο,
1125 3893 1252 3946 ἔνθα
1282 3890 1347 3961 δὴ
1395 3890 1489 3943 καὶ
1527 3888 1686 3949 αὐτὸς

130 3993 215 4044 σὺν
233 3994 351 4054 τοῖς
368 3992 557 4044 παισὶν
577 3991 606 4042 6
629 3988 973 4059 πατριάρχης
993 3986 1299 4047 ἀπόκειται,
1326 3982 1526 4045 εὐθέως
1553 3979 1689 4049 μετὰ

128 4080 213 4147 τῆς
242 4080 372 4143 θέας
402 4079 514 4132 τῶν
547 4078 749 4142 τόπων,
793 4079 851 4129 ἐν
882 4078 993 4139 τοῖς
1019 4074 1302 4144 λογισμοῖς
1341 4073 1501 4125 ἀνανε
1522 4071 1691 4125 ὧνται

128 4169 214 4240 τὴν
247 4171 551 4240 φαντασίαν
571 4209 585 4231 ,
626 4169 718 4221 καὶ
759 4166 1015 4236 βλέπουσι
1053 4168 1117 4236 τῇ
1147 4163 1353 4231 διανοίᾳ
1385 4162 1474 4214 τὸν
1502 4160 1691 4213 πιστὸν

131 4261 503 4333 πατριάρχην,
546 4260 646 4329 τὴν
700 4258 953 4327 ἀπαρχὴν
996 4256 1097 4324 τῆς
1142 4253 1454 4316 εὐσεϐείας,
1488 4252 1587 4320 τὴν
1634 4251 1691 4301 ὲν

129 4353 312 4422 ἐκείνῳ
342 4351 649 4422 περιτομήν
674 4366 689 4380 ο
712 4347 1016 4418 λογίζονται
1053 4346 1109 4398 δὲ
1143 4346 1238 4398 καὶ
1272 4344 1395 4406 τοὺς
1428 4343 1527 4413 τῆς
1553 4342 1690 4394 ὲκεί-

193 4466 399 4535 "Leg.
464 4462 735 4535 αμυδράν.
809 4459 1003 4531 “Leg.
1048 4456 1280 4529 Ἐφρών.

131 4552 273 4599 nui,
298 4536 335 4588 2
367 4550 490 4603 sqq.

1372 4456 1418 4487 “
1445 4455 1635 4508 Matth.
1699 4468 1752 4519 v,

1758 631 1918 684 etiam
1942 644 2127 684 eorum
2164 628 2255 697 qui
2286 637 2428 683 recte
2461 629 2707 682 vixerunt
2734 627 2991 693 actiones,
3025 627 3319 697 locupletes

1760 722 2044 792 magistros
2084 721 2351 791 producit.
2390 720 2594 774 Idcirco
2633 720 2797 773 etiam
2851 721 3107 776 Dominus
3140 732 3317 776 noster

1760 813 2093 882 egregiorum
2113 827 2332 882 operum
2360 813 2678 869 documenta
2718 812 2972 867 tradens:
3015 812 3122 877 Qui
3146 824 3318 867 autem

1761 900 1960 970 fecerit,
1986 901 2178 970 inquit,
2215 912 2262 955 et
2281 902 2539 963 docuerit,
2569 900 2652 953 hic
2678 916 2894 968 magnus
2921 903 3191 956 vocabitur
3222 904 3267 933 “
3304 922 3316 955 :

1762 1004 1817 1047 ct
1858 994 1982 1048 alibi
2019 1010 2033 1045 :
2068 992 2264 1047 Luceat
2296 993 2389 1046 lux
2409 1005 2573 1046 vestra
2603 1010 2776 1046 coram
2797 994 3115 1060 hominibus,
3164 1006 3219 1049 ut
3251 1002 3327 1049 vi-

1763 1085 1922 1139 deant
1948 1101 2103 1153 Opera
2133 1094 2300 1139 vestra
2338 1085 2469 1137 bona
2495 1123 2510 1142 .
2558 1094 2604 1137 et
2649 1084 2936 1154 gloriﬁcent
2982 1084 3196 1141 Patrem
3243 1104 3329 1141 ue-

1764 1185 1929 1229 strum
1951 1176 2041 1245 qui
2067 1175 2121 1229 in
2145 1176 2283 1229 caelis
2304 1184 2377 1229 est
2398 1174 2462 1228 “.
2496 1174 2745 1228 Doctrina
2771 1177 2914 1229 enim
2943 1190 3059 1245 quae
3080 1191 3328 1231 sermone

1766 1265 2030 1330 consistit,
2067 1264 2287 1318 inferior
2320 1263 2741 1332 imbecilliorque
2785 1266 2914 1318 reali
2970 1265 3150 1333 operis
3175 1267 3329 1320 exhi-

1768 1354 1988 1419 bitione,
2019 1354 2268 1423 magistra
2294 1354 2534 1420 exsistit;
2599 1369 2664 1407 ac
2708 1366 2907 1423 quanto
2946 1358 3118 1411 visum
3146 1357 3328 1410 auditu

1769 1444 2055 1499 certiorem
2089 1445 2337 1507 dicimus,
2378 1451 2527 1497 tanto
2570 1444 2735 1513 liquet
2776 1446 3038 1501 actionem
3076 1460 3333 1518 sermone

1771 1536 2031 1604 potiorem
2058 1539 2066 1546 ’
2092 1550 2236 1591 esse.
2275 1536 2328 1590 in
2373 1537 2512 1591 hunc
2545 1536 2759 1591 modum
2799 1538 3051 1593 scientias
3102 1538 3336 1592 addisci-

1771 1644 1913 1694 mus,
1938 1629 1989 1682 in
2022 1629 2163 1684 hunc
2192 1630 2406 1683 modqu
2456 1631 2746 1685 edocemur
2781 1629 2925 1684 artes
2945 1670 2960 1693 ,
2991 1641 3049 1685 ut
3079 1631 3333 1684 nimirum

1773 1719 1920 1785 prius
1949 1733 2200 1773 sermone
2234 1720 2298 1772 ad
2323 1719 2661 1789 disciplinam
2705 1720 3085 1789 provehamur,
3119 1730 3338 1789 tumque

1776 1823 1934 1860 manu
1968 1823 2029 1861 ac
2058 1810 2410 1877 experientia,
2447 1811 2732 1865 obscuram
2769 1826 2887 1865 eam
2933 1812 3228 1866 ﬁrmemus.
3258 1811 3339 1866 Ac

1774 1907 2044 1967 geometra
2095 1899 2332 1966 quidem,
2378 1901 2539 1953 multa
2586 1900 2638 1953 in
2695 1899 2829 1954 libro
2861 1902 3031 1967 posita
3064 1916 3249 1969 opera,
3276 1916 3341 1957 ac

1775 2005 1933 2045 aures
1984 2006 2235 2045 sermone
2272 1990 2516 2060 magistri
2546 1989 2729 2058 plenas
2757 1992 2979 2057 habens,
3013 1992 3153 2047 haud
3185 1993 3342 2047 aliter

1776 2083 2041 2135 variarum
2084 2082 2371 2149 ﬁgurarum
2408 2083 2518 2135 vim
2553 2091 2906 2150 percepturus
2937 2082 3027 2147 sit,
3054 2098 3215 2151 quam
3250 2085 3340 2141 ubi

1776 2182 1970 2239 puncta
2029 2187 2093 2226 ac
2134 2173 2323 2236 lineas,
2372 2171 2708 2241 circulosquc
2757 2174 2812 2227 in
2842 2174 3033 2229 tabella
3065 2176 3336 2231 didicerit.

1775 2262 1842 2317 At
1869 2278 2037 2332 neque
2064 2265 2410 2319 astronomia:
2452 2265 2776 2319 desiderium
2828 2267 3138 2334 habentem,
3172 2269 3344 2324 nudus

1776 2367 1954 2408 sermo
2016 2354 2348 2421 disciplinam
2401 2353 2679 2418 docuerit;
2753 2368 2817 2409 ac
2894 2354 2995 2409 nisi
3043 2356 3340 2423 erudiens,

1777 2445 1963 2499 scienti
1998 2454 2111 2498 arte
2141 2443 2352 2512 globum
2374 2459 2555 2499 coram
2593 2460 2834 2509 versans,
2881 2446 3008 2514 ipsis
3036 2447 3207 2502 oculis
3241 2449 3346 2517 poli

1779 2546 1981 2589 motum
2014 2534 2339 2589 exhibuerit.
2390 2533 2625 2589 Medicus
2663 2536 2914 2605 denique,
2951 2538 3161 2591 tametsi
3196 2539 3346 2594 labo-

1781 2625 1855 2680 ris
1891 2624 2178 2694 plurimum
2211 2625 2261 2677 in
2290 2623 2629 2693 Hippocrate,
2651 2639 2715 2678 ac
2740 2625 2960 2694 reliquis
2978 2626 3196 2683 medicae
3218 2627 3349 2685 artis

1781 2718 2090 2771 doctoribus
2120 2718 2321 2786 posuit,
2364 2718 2512 2769 rudis
2564 2725 2648 2769 est
2696 2716 2828 2771 artis
2866 2717 3130 2783 curandi,
3180 2721 3351 2775 donec

1782 2805 1961 2875 plures
1996 2806 2237 2861 inﬁrmos
2279 2806 2533 2870 invisens,
2573 2807 2640 2861 ab
2667 2806 2885 2876 aegrotis
2942 2808 3071 2875 ipsis
3124 2809 3350 2863 sanandi

1783 2898 1998 2951 modum
2021 2896 2290 2952 didicerit.
2337 2895 2428 2951 Sic
2457 2913 2554 2951 nos
2586 2912 2819 2971 quoque,
2861 2897 3103 2967 discipuli
3150 2906 3351 2970 marty-

1784 3004 1924 3053 rum,
1956 2989 2175 3043 fortium
2209 2989 2448 3049 virorum
2479 2989 2745 3055 actiones,
2798 2990 3179 3059 magistrorum
3232 2989 3352 3045 loco

1787 3078 1941 3133 nobis
1992 3087 2117 3132 ante
2145 3077 2501 3133 confessionis
2536 3093 2762 3148 agonem
2795 3089 3113 3145 statuentes,
3165 3081 3231 3134 ad
3261 3095 3349 3136 ex-

1790 3177 1957 3220 trema
1985 3180 2152 3236 usque
2189 3167 2443 3237 pericula,
2483 3168 2731 3235 pietatem
2757 3184 2975 3224 servare
3016 3171 3351 3225 edocemur:

1790 3257 1879 3325 qui
1908 3257 2160 3311 nimirum
2183 3272 2369 3312 sacros
2389 3272 2573 3313 eorum
2607 3258 2809 3314 loculos
2830 3274 2893 3315 ac
2916 3260 3182 3330 sepulcra,
3211 3260 3355 3315 velut

1790 3349 2073 3403 columnas
2122 3348 2317 3404 litteris
2351 3349 2667 3419 insculptas,
2700 3367 2763 3405 ac
2811 3351 3052 3405 martvrii
3085 3362 3355 3406 certamen

1793 3449 2044 3497 accurate
2072 3441 2381 3511 prodentes,
2405 3452 2761 3510 aspectemus.

1864 3702 2323 3769 Quemadmodum
2363 3712 2543 3756 autem
2579 3702 2669 3772 qui
2696 3700 2964 3757 accedunt
3002 3704 3067 3756 ad
3100 3718 3357 3770 quercum

1791 3794 2031 3849 Mambre
2058 3794 2129 3859 “,
2154 3794 2237 3847 vel
2262 3793 2328 3847 ad
2351 3804 2650 3863 coemptam
2680 3809 2920 3862 specum,
2952 3808 3109 3863 quam
3141 3792 3359 3862 Ephron

1793 3887 2064 3940 Chettzcus
2084 3884 2393 3940 vendiditin
2434 3882 2581 3957 Sane
2623 3886 2950 3954 sepulturam
2992 3885 3067 3946 ",
3095 3898 3200 3952 quo
3242 3884 3360 3940 loco

1797 3978 1909 4045 ipse
1935 3992 2055 4030 cum
2089 3975 2213 4030 ﬁliis
2238 3976 2540 4044 patriarcha
2561 3974 2725 4044 jacet,
2751 3975 2931 4031 statim
2962 3989 3084 4055 cum
3114 3974 3357 4029 locorum

1795 4076 2035 4137 aspectu,
2064 4069 2262 4121 animis
2290 4067 2575 4137 imaginem
2610 4076 2891 4131 renovant,
2918 4080 2983 4120 ac
3026 4074 3205 4119 mente
3231 4080 3362 4121 con-

1795 4134 2013 4213 tuentur
2031 4158 2243 4212 ﬁdelem
2272 4134 2631 4227 patriarcham
2658 4174 2672 4221 ;
2704 4156 2970 4226 primitias
2998 4156 3115 4210 illas
3141 4156 3360 4226 religio-

1797 4251 1909 4313 nis;
1938 4249 2167 4316 primam
2193 4248 2245 4301 in
2285 4263 2350 4304 eo
2377 4248 2873 4313 circumcisionem;
2906 4248 2999 4301 sed
3040 4257 3095 4300 et
3119 4261 3233 4311 eos,
3267 4247 3361 4315 qui

1795 4339 1863 4392 ab
1888 4338 1972 4392 illa
1997 4341 2175 4394 radice
2195 4341 2583 4410 germinarunt,
2612 4338 2857 4394 surculos
2874 4339 3145 4408 cogitant;
3170 4323 3363 4408 nempe

1819 4451 1903 4506 l9.
1980 4453 2027 4487 "
2054 4442 2182 4507 ibid.
2219 4451 2307 4506 l6.
2412 4452 2458 4484 “
2503 4451 2638 4509 Gen.
2670 4465 2830 4514 xvtu,
2879 4451 2905 4504 l
2939 4466 3059 4521 sqq.
3139 4452 3187 4481 "
3220 4448 3357 4503 Gen.

130 4630 296 4692 ipsum
333 4601 643 4685 devotione,
673 4617 1019 4692 creberrimis
1057 4621 1111 4672 in
1162 4631 1254 4692 eos
1294 4614 1574 4692 miraculis
1598 4629 1693 4667 au-
1718 4616 1770 4675 D
1798 4612 2039 4666 culorum
2077 4608 2225 4690 eius,
2257 4607 2535 4692 uti‘soljet,
2570 4605 2737 4692 maris
2758 4601 3361 4692 discriminibusinvo-

133 4684 205 4748 c'm
232 4715 248 4762 ;
287 4710 412 4763 qua
450 4684 888 4763 reier-tjAsterius
912 4691 966 4744 in
996 4703 1149 4763 suum
1184 4687 1441 4763 Phocam,
1474 4700 1536 4736 ac
1563 4684 1689 4763 hor-

136 4754 392 4825 tulanum,
423 4777 522 4816 nec
552 4762 633 4815 vel
671 4762 714 4814 si
743 4760 951 4813 Phocas
981 4761 1261 4825 episcopus
1290 4758 1464 4824 reipsa
1496 4754 1693 4825 gubero

137 4847 280 4888 nalor
310 4824 442 4895 fuit,
472 4833 640 4897 liquet
671 4831 722 4882 in
760 4845 882 4883 eum
914 4824 1086 4898 potius
1122 4824 1422 4898 referenda,
1452 4824 1687 4898 quamin

136 4893 502 4972 cognomitmm
534 4893 1165 4972 Phocamhort'ulanqm.
1220 4893 1693 4972 Scimus-devotis-

133 4960 288 5027 simos
318 4980 520 5025 nautas
542 4967 1032 5040 NicolaoMyreusi,
1062 4960 1695 5040 PetroGonzales,__a_lias

135 5042 331 5105 Telmo,
375 5041 546 5095 nostri
601 5030 1013 5109 l‘raadica'torum
1056 5034 1282 5095 ordinis,
1331 5046 1393 5109 ac
1429 5030 1696 5109 similibus

135 5126 249 5165 vere
296 5101 1003 5175 θαλασσοθαυματουργοῖς,
1042 5101 1581 5175 θεῄντιοεειιι-ἰεείιηὶε
1641 5101 1692 5150 in

136 5184 289 5234 maris
338 5181 599 5246 periculis
645 5171 983 5249 tutelaribus,
1032 5173 1226 5249 quibus
1280 5171 1410 5249 nihil
1457 5182 1692 5249 unquam

136 5267 245 5305 cum
288 5236 513 5303 nautica
557 5258 844 5302 commune
887 5236 1211 5304 intercessit,
1246 5239 1343 5291 nisi
1396 5236 1694 5308 spiritalem

138 5322 352 5374 velimus
395 5333 459 5371 ac
484 5321 809 5368 animorum.
834 5311 1003 5367 Graeci
1035 5309 1472 5385 etiam‘episcOpo
1492 5308 1697 5385 'l’hocat

140 5392 376 5443 tribuunt
416 5385 672 5440 miracula
706 5398 833 5451 erga
891 5375 1368 5451 nautasnexhiberi
1394 5375 1581 5451 _solita
1645 5376 1696 5427 in

138 5458 239 5522 ejus
269 5459 397 5510 [esti
439 5452 635 5518 omcio,
661 5446 855 5520 quibus
896 5449 1226 5522 junioribus,
1263 5461 1325 5500 ac
1358 5446 1507 5522 plura
1538 5446 1698 5522 inter.

138 5514 251 5579 dum
300 5528 357 5581 in
402 5514 785 5579 ecclesiasticis
826 5514 938 5574 suis
974 5520 1127 5574 libris
1158 5514 1697 5571 contra'historicam

141 5600 284 5647 [idem
332 5593 707 5665 peccantibus,
751 5590 891 5665 haud
940 5588 1128 5665 lubens
1167 5588 1421 5665 majorem
1448 5584 1700 5665 adhibue-

144 5680 229 5715 nm
270 5651 459 5727 tiu-em,
484 5676 645 5731 quam
678 5661 910 5720 Asterio,
937 5658 1190 5731 tribuenti
1233 5651 1425 5731 Phocais
1453 5651 1696 5731 hortula-

144 5746 221 5785 no.
250 5724 453 5786 Putem
494 5724 763 5798 simplices
805 5738 996 5799 nautas
1048 5727 1188 5778 haud
1237 5725 1309 5777 ita
1357 5724 1693 5799 distinxisse,

143 5818 195 5855 at:
220 5802 459 5856 Phocam
504 5794 793 5869 martyrem
831 5796 1207 5863 Sinopensem,
1238 5808 1303 5847 cx
1352 5794 1490 5845 fama
1532 5794 1694 5844 mira-

1798 4697 1922 4735 care
1950 4672 2217 4751 coepisse,
2233 4685 2390 4751 aucta
2436 4674 2630 4751 deinde
2656 4689 2722 4727 ex
2757 4672 3028 4751 miraculis
3055 4686 3248 4751 eorum
3277 4689 3363 4726 re—

1799 4752 2017 4821 ligione,
2039 4742 2162 4821 "sive
2193 4749 2330 4821 Dens
2359 4746 2443 4808 iis,
2476 4744 2708 4821 Phocam
2736 4743 3067 4821 cpiscoiium,
3101 4743 3212 4821 sive
3235 4742 3363 4795 hor-

1801 4810 2061 4882 tulanum,
2096 4816 2425 4870 clarissimos
2471 4815 2658 4865 ambos
2687 4822 2973 4882 martyres,
3014 4810 3362 4879 ejusdemque

1796 4889 2030 4943 civitatis
2056 4892 2199 4941 velut
2226 4894 2503 4954 patronos,
2534 4882 2763 4935 voluerit
2784 4881 3061 4954 honorare
3088 4896 3100 4931 :
3136 4896 3198 4934 ac
3224 4881 3362 4954 forte

1794 4961 1933 5013 idem
1966 4956 2185 5025 Sinope.
2226 4950 2395 5025 atque
2430 4956 2711 5025 Caesareae,
2738 4951 2920 5025 vicina
2953 4950 3172 5025 civitate
3223 4950 3364 5025 acci-

1795 5030 1955 5093 derit,
1989 5036 2047 5081 ut
2068 5018 2207 5080 sicut
2240 5018 2349 5076 illic
2380 5032 2499 5090 post
2525 5020 2885 5093 Eupsychium
2913 5018 3180 5093 seniorem
3214 5019 3361 5093 cele-

1796 5086 1952 5151 breui
1975 5105 2288 5161 martyrem,
2323 5086 2459 5146 alter
2494 5086 2881 5161 celeberrimus
2916 5086 3357 5161 Eupsychius_ul-

1798 5168 1925 5219 tima
1954 5155 2349 5235 persecutione,
2374 5176 2439 5213 ac
2473 5159 2571 5213 sub
2608 5156 2820 5235 Iuliano
2863 5155 3121 5224 martyrio
3158 5155 3362 5235 delun-

1795 5226 2217 5297 ctusfenituit;
2248 5232 2326 5285 sic
2377 5244 2593 5298 quoque
2644 5228 2864 5298 Sinope,
2901 5235 3021 5295 post
3062 5226 3360 5298 antiquum

1797 5295 2035 5361 Phoéam
2068 5295 2409 5370 episcopum,
2434 5299 2643 5370 Phocas
2674 5296 2814 5370 alter
2853 5295 3183 5370 martyrium
3214 5296 3359 5349 fece-

1797 5377 1889 5437 rit,
1913 5389 2071 5442 quem
2104 5364 2267 5431 Deus,
2297 5368 2736 5442 tametsilaicum
2759 5364 3359 5442 simplicetnachortq-

1796 5432 1999 5507 ianum,
2029 5458 2125 5510 pro
2158 5442 2283 5510 vita;
2304 5453 2368 5493 ac
2392 5438 2659 5510 passionis
2692 5435 2908 5510 merito,
2937 5432 3231 5510 tantisillis
3263 5432 3362 5486 mi-

1799 5503 1995 5567 raculis
2021 5503 2323 5573 i'llustrarit,
2357 5503 2557 5575 quanta
2600 5507 2649 5559 ei
2676 5504 2921 5575 Asterius
2962 5503 3179 5556 ascribit
3208 5514 3366 5575 {quin

1796 5592 1980 5651 postea
2020 5572 2479 5651 jttiiiores_Grze_ci
2538 5575 2733 5651 Phocte
2790 5574 3055 5651 episcopo
3092 5572 3368 5651 ascribere

1803 5639 2124 5714 maluerint;
2161 5647 2446 5720 celebriori
2471 5645 2747 5701 veteribus
2790 5639 3095 5708 hortulano,
3128 5649 3187 5694 ut
3230 5639 3371 5693 indi-

1803 5733 1929 5776 caut
1956 5724 2053 5774 ista
2090 5718 2308 5773 Asterii.
