4212 6318
793 392 894 442 ῐυό

2064 388 2123 443 S.
2167 386 2443 445 ASTERH
2479 387 2783 443 AMASENl

3950 388 4058 445 505a

797 515 962 572 Isaac,
995 507 1197 573 Jacoh;
1235 522 1297 560 ac
1326 520 1447 560 cum
1484 505 1719 579 virorum
1779 505 2174 571 recordatione,
2212 507 2374 561 totius

2487 523 2567 558 νου
2593 503 2753 576 ῥίζης
2776 504 3295 575 ἀποὸλαστήσαντας
3314 547 3325 569 ,
3351 506 3439 558 τὸν
3474 504 3677 570 Ἰσαὰκ,
3706 506 3796 558 τὸν
3838 504 4057 566 Ἰακὼὸ,

793 614 981 653 eorum
1010 599 1249 653 historia:
1281 605 1611 666 spectatores
1663 596 1795 649 fiunt
1825 612 1840 651 :
1874 596 1951 647 sic
1980 604 2034 650 et
2063 610 2162 664 ego
2191 595 2371 659 hodie,

798 705 877 745 ιρι-
901 691 1037 746 beati
1073 689 1263 743 Pbocae
1288 688 1593 742 venerabile
1628 687 1905 741 delubrum
1933 684 2147 751 adiens,
2175 700 2238 740 ex
2272 685 2371 739 loci

795 778 997 845 θροεῖς,
1026 775 1265 829 omnium
1296 774 1453 828 simul
1503 790 1622 844 quae
1649 774 1714 829 de
1745 774 1834 827 illo
1880 782 2029 842 gesta
2061 782 2371 840 narrantur,

798 868 1056 921 memoria
1112 865 1338 934 repleor.
1397 864 1566 919 Video
1602 864 1935 934 professione
1998 864 2368 927 hortulanum,

798 958 981 1010 animo
1039 954 1361 1024 simplicem,
1398 954 1715 1022 hospitalem
1744 995 1759 1021 ,
1816 955 2105 1009 maritimae.
2140 955 2374 1023 regionis

795 1041 1053 1096 eximium
1085 1042 1266 1102 decus.
1303 1041 1354 1093 in
1406 1041 1852 1095 mediterraneam
1893 1041 2214 1105 beneficum,
2247 1058 2371 1096 san-

796 1142 941 1188 ctum
1002 1133 1153 1187 illum
1191 1143 1536 1197 sanctorum;
1596 1148 1659 1187 ac
1694 1133 1780 1196 iis,
1815 1134 1906 1202 qui
1960 1132 2161 1189 Christi
2213 1150 2373 1189 causa

796 1226 1071 1281 consecuti
1100 1235 1229 1279 sunt
1258 1225 1504 1291 gloriam,
1539 1226 1707 1295 gloria
1748 1226 1937 1294 potiori
1972 1234 2209 1279 auctum.

869 1404 982 1477 (45)
1020 1403 1188 1458 Sacer
1227 1403 1440 1473 quidem
1471 1413 1556 1459 est
1578 1419 1639 1457 ac
1660 1404 1874 1458 divinus
1902 1405 2181 1459 universus
2216 1418 2377 1472 gene-

799 1510 1046 1551 rosorum
1088 1509 1151 1548 ac
1176 1495 1393 1548 fortium
1443 1503 1739 1564 martyrum
1776 1494 2071 1565 catalogus,
2104 1494 2373 1564 passione,

796 1586 1033 1642 debitam
1062 1600 1159 1654 pro
1183 1584 1433 1653 passione
1460 1584 1695 1638 referens
1718 1585 1965 1654 gratiam,
2006 1601 2068 1639 ac
2092 1585 2374 1654 sanguine,

798 1693 896 1747 pro
924 1676 1186 1747 sanguine
1222 1676 1454 1729 debitam
1486 1676 1726 1729 omnium
1759 1675 2023 1729 Salvatori
2048 1676 2263 1729 solvens
2292 1689 2374 1728 re-

799 1769 1253 1822 munerationem.
1309 1765 1506 1820 Verum
1575 1767 1625 1819 in
1683 1767 1768 1821 his
1829 1767 1979 1837 ipsis,
2016 1782 2121 1821 non
2164 1782 2265 1819 una
2297 1777 2379 1821 est

2474 598 2567 651 καὶ
2596 596 2733 667 μετὰ
2758 600 2855 666 τῆς
2894 598 3112 667 μνήμης
3141 595 3248 650 τῶν
3273 597 3501 667 ἀνδρῶν,
3542 598 3669 667 ὅλης
3706 597 3807 665 τῆς
3838 597 3924 648 ἐπ’
3960 596 4061 648 αὒ-

2473 690 2599 751 τοὺς
2631 688 2872 760 ἱστορίας
2905 687 3143 753 γίνονται
3178 688 3399 740 θεαταί·
3432 687 3573 739 οὕτω
3607 685 3761 755 κάγὼ
3793 687 4059 756 σήμερον,

2475 779 2565 833 τὸν
2586 779 2766 848 τίμιον
2795 779 2958 849 σηκὸν
2982 778 3074 831 τοῦ
3098 778 3495 849 τρισμακαρίου
3521 780 3682 830 Φωκᾶ
3708 776 4059 835 καταλαϐὼν,

2476 873 2541 924 ἐκ
2571 869 2665 923 τοῦ
2695 869 2861 922 τόπου
2894 868 3209 939 πληροῦμαι
3246 871 3346 939 τῆς
3396 870 3616 939 μνήμης
3660 870 3881 923 πάντων
3920 868 4063 938 ὁμοῦ

2476 960 2584 1013 τῶν
2633 962 2720 1013 ἐπ’
2760 960 2908 1029 αὐτῷ
2960 961 3267 1030 λεγομένων
3313 950 3701 1030 διηγημάτωτλο
3743 959 3927 1028 βλέπω
3969 958 4068 1011 τὸν

2477 1052 2756 1122 κηπουρὸν
2784 1052 2844 1103 τὸ
2886 1052 3243 1123 ἐπιτήδευμα,
3275 1051 3367 1104 τὸν
3413 1052 3688 1104 ἄπλαστον
3724 1051 3822 1120 τὴν
3854 1050 4064 1119 ψυχὴν,

2477 1140 2569 1193 τὸν
2609 1140 2883 1208 φιλόξενον
2905 1180 2919 1203 ,
2948 1139 3039 1192 τὸν
3069 1139 3168 1207 τῆς
3199 1138 3473 1209 παραλίας
3505 1140 3804 1210 ἐξαίρετον,
3838 1138 3930 1191 τὸν
3961 1138 4067 1206 τῆς

2482 1228 2764 1299 μεσογείου
2794 1227 3109 1298 εὐεργέτην,
3138 1227 3245 1280 τῶν
3280 1228 3451 1296 ἀγίων
3480 1229 3571 1281 τὸν
3608 1230 3760 1296 ἅγιον
3779 1269 3795 1293 ,
3824 1228 3922 1281 καὶ
3954 1226 4070 1279 τῶν

2478 1317 2882 1387 δεδοξασμένων
2920 1315 3009 1369 διὰ
3041 1315 3274 1385 Χριστὸν
3304 1315 3664 1385 ἐνδοξότερον.

2561 1410 2726 1482 Ἰερδς
2779 1410 2876 1480 μὲν
2914 1408 3021 1479 γὰρ
3064 1410 3158 1462 καὶ
3204 1408 3489 1471 Θεσπέσιος
3540 1410 3755 1469 ἄπας-ό
3795 1408 3903 1457 τῶν
3941 1422 4065 1482 γενέ

2479 1481 2643 1558 ναίων
2677 1500 2969 1573 μαρτύρων
3001 1501 3299 1568 κατάλογος
3318 1540 3332 1561 ,
3366 1500 3527 1553 πάθει
3560 1500 3657 1568 τὴν
3682 1498 3822 1568 ὑπὲρ
3854 1481 4070 1558 πάθους

2479 1593 2713 1655 ἀποδοὺς
2746 1591 2927 1662 χάριν,
2963 1590 3155 1660 αἵματι
3189 1590 3246 1644 δὲ
3275 1590 3370 1661 τὴν
3402 1590 3540 1661 ὑπὲρ
3571 1589 3799 1659 αἵματος
3832 1587 3905 1657 τῷ
3948 1588 4071 1640 Σιω-

2479 1684 2604 1755 τῆρι
2634 1683 2741 1735 τῶν
2766 1682 2901 1735 ὅλων
2928 1681 3161 1753 ἀμοιϐὴν
3194 1681 3575 1753 ἐκπληρώσας,
3607 1682 3754 1753 Πλὴν
3789 1684 3848 1735 ὲν
3871 1682 4071 1741 αὐτοῖς

2480 1775 2719 1839 τούτοις,
2755 1775 2815 1826 οὐ
2855 1774 2953 1842 μία
2993 1773 3101 1826 τῶν
3149 1775 3368 1829 πάντων
3401 1775 3434 1843 ὴ
3469 1773 3619 1837 δόξα,
3672 1772 3794 1825 οὐδὲ
3841 1772 3980 1841 πρὸς
4012 1771 4072 1820 ἓν

798 1861 1041 1913 omnium
1080 1859 1272 1927 gloria,
1329 1872 1429 1912 nec
1470 1874 1574 1911 una
1622 1874 1873 1912 mensura
1907 1861 2114 1914 cunctis
2152 1860 2378 1928 aequalia

2487 1864 2681 1935 μέτρον
2714 1864 2804 1917 ἴσα
2830 1863 2898 1917 τά
2932 1863 3071 1933 γέρα
3099 1867 3211 1927 τοῖς
3235 1864 3377 1927 ὅλοις
3406 1863 3891 1934 ἀποκεκλήρωται·
3930 1861 4073 1913 ἀλλὰ

798 1951 1055 2005 attributa
1088 1960 1215 2005 sunt
1242 1951 1459 2020 praemia
1492 1968 1505 2005 :
1536 1951 1664 2019 quin
1703 1952 1935 2021 primunt
1972 1964 2026 2007 ct
2062 1951 2379 2013 secundum,

798 2056 868 2097 ne
889 2050 1196 2097 sanctorum
1226 2041 1441 2111 quidem
1470 2040 1654 2112 effugit
1682 2044 1977 2113 catalogus.
2012 2043 2180 2110 Hujus
2204 2036 2379 2096 anteiit

798 2134 904 2198 rei,
928 2141 987 2187 ut
1010 2132 1267 2197 arbitror,
1300 2146 1460 2185 causa
1488 2142 1592 2196 est,
1616 2134 1760 2202 quod
1793 2134 1863 2186 sit
1885 2133 2046 2203 jndex
2072 2144 2377 2197 accuratus,

798 2241 901 2281 nec
928 2224 1221 2295 quidquam
1251 2224 1303 2278 in
1342 2233 1548 2293 partem
1585 2224 1809 2278 alteram
1845 2224 2040 2279 inflecti
2076 2233 2257 2292 queat.
2301 2223 2385 2276 ln-

801 2328 985 2371 tnetur
1016 2315 1158 2372 enim
1191 2324 1241 2369 et
1275 2314 1660 2384 suppliciorum
1690 2315 2135 2384 magnitudinem,
2172 2322 2227 2367 et
2252 2313 2383 2366 tole-

802 2408 993 2463 rantia
1022 2408 1384 2462 constantiam
1412 2421 1427 2470 ;
1471 2406 1899 2473 examinansque
1934 2405 2251 2469 certamina,
2285 2418 2382 2471 pro

799 2499 1116 2554 meritorum
1141 2498 1353 2552 ratione
1388 2495 1606 2551 athletis
1634 2496 1907 2551 distribuit
1935 2496 2173 2565 prmmia.
2198 2494 2381 2562 Neque

798 2605 931 2645 vero
957 2590 1262 2643 mirandum
1311 2598 1416 2652 est,
1455 2588 1525 2643 ita
1574 2604 1600 2639 a
1655 2588 1762 2642 Deo
1799 2587 2054 2641 honorari
2100 2586 2368 2656 justitiam

801 2698 922 2737 cum
961 2698 1025 2736 ne
1069 2680 1120 2735 in
1152 2680 1405 2736 humanis
1435 2680 1650 2748 quidem
1693 2679 2049 2747 imperatores
2075 2692 2137 2730 ac
2181 2690 2383 2747 agonu-

804 2776 987 2836 thctaa.
1028 2773 1173 2827 viros
1206 2769 1397 2835 fortes,
1443 2779 1535 2824 aut
1573 2770 1801 2841 pugiles,
1844 2769 2130 2838 aequaliter
2166 2769 2384 2823 univer-

800 2880 891 2919 sos
924 2863 1194 2928 habeant;
1242 2862 1337 2917 sed
1379 2862 1596 2929 cuique,
1656 2875 1755 2931 pro
1810 2861 1886 2915 rei
1931 2861 2191 2930 praeclare
2222 2870 2385 2930 gestae

801 2954 984 3015 modo,
1020 2954 1159 3007 dona
1192 2967 1431 3021 congrua
1465 2954 1779 3007 decernant.

877 3044 999 3099 Hinc
1054 3053 1238 3097 autem
1296 3042 1570 3107 disserui,
1623 3058 1734 3113 quo
1763 3042 1957 3107 virum,
2012 3043 2105 3113 qui
2140 3042 2383 3098 hodierni

804 3144 1105 3187 mni-cutus
1135 3132 1289 3187 nobis
1319 3132 1548 3202 praebuit
1579 3146 1823 3195 causam,
1855 3131 2041 3197 sociis,
2092 3146 2159 3186 ac
2193 3132 2385 3202 pugili-

806 3228 925 3292 hus,
969 3226 1057 3295 qui
1100 3224 1315 3281 eosdem
1372 3223 1705 3278 desudarunt
1759 3238 1989 3293 agones,
2040 3191 2384 3279 illustriorem
2413 3191 2459 3254 ϐ

810 3319 1119 3383 ostendam;
1171 3330 1296 3371 nam
1355 3314 1445 3369 alii
1512 3313 1751 3384 quidem,
1786 3329 1961 3386 neque
2014 3328 2204 3369 omnes
2251 3314 2387 3384 apud

811 3425 993 3465 omnes
1028 3418 1153 3463 sunt
1186 3408 1317 3476 nou',
1344 3423 1517 3479 neque
1540 3408 1818 3463 hominum
1849 3421 2102 3461 sermone
2132 3408 2386 3460 virtutem

809 3502 1133 3556 celebratam
1167 3500 1368 3556 habent
1402 3516 1414 3551 :
1454 3500 1695 3555 Phocam
1748 3508 1929 3552 autem
1984 3512 2141 3552 nemo
2176 3506 2259 3552 est
2296 3496 2387 3567 qui

808 3596 1061 3669 ignoret:
1107 3592 1198 3645 sed
1247 3593 1517 3662 quomodo
1573 3590 1703 3645 solis
1761 3590 1945 3643 radius
2009 3588 2385 3644 universorum

806 3686 977 3740 octtlis
1024 3684 1322 3753 erplicatus
1380 3692 1507 3738 est:
1573 3683 1647 3737 ita
1706 3682 1868 3736 etiam
1926 3679 2083 3751 hujus
2134 3682 2389 3751 martyris

809 3779 950 3830 fama
1009 3776 1249 3830 omnium
1279 3789 1438 3829 aures
1468 3774 1891 3841 circumsonuit;
1923 3784 2082 3843 atque
2108 3783 2161 3829 ut
2202 3775 2389 3844 paucis

808 3869 1008 3933 dicam,
1028 3876 1289 3936 quotquot
1318 3866 1597 3921 Dominum
1621 3866 1895 3920 Christum
1915 3877 2197 3933 noverunt,
2229 3866 2390 3921 iidem

807 3975 1023 4034 quoque
1052 3961 1166 4026 ejus
1195 3968 1460 4013 noverunt
1485 3959 1695 4013 fidelem
1723 3974 1963 4014 servum.
1990 3957 2187 4014 Verum
2220 3960 2391 4013 enim-

811 4069 941 4110 vero
974 4054 1196 4119 relictis,
1238 4053 1284 4106 si
1316 4053 1543 4116 videtur,
1575 4067 1691 4121 quae
1720 4052 1807 4106 ille
1840 4068 1959 4108 cum
1982 4052 2104 4106 aliis
2142 4053 2390 4107 encomia

810 4146 975 4201 habet
1002 4144 1329 4208 communia,
1364 4144 1593 4199 eximias
1626 4145 1882 4215 martyris
1935 4144 2155 4209 laudes,
2190 4155 2392 4217 marty-

811 4253 929 4293 rum
965 4238 1273 4291 amantibus
1308 4236 1458 4289 vobis
1485 4234 1799 4289 recensebo.

886 4330 1031 4384 Tulit
1063 4330 1243 4399 itaque
1273 4337 1521 4382 sanctum
1561 4327 1701 4381 hunc
1746 4328 1941 4393 virum,
2005 4341 2277 4395 magnum,
2308 4342 2390 4379 tu-

813 4438 1004 4493 quam,
1039 4422 1168 4474 illud
1219 4419 1656 4473 Christianorum
1692 4419 2057 4483 commodum,
2081 4418 2259 4473 vicina
2307 4415 2391 4471 Si-

2482 1950 2543 2003 τὸ
2564 1950 2780 2022 πρῶτον
2823 1951 2917 2004 καὶ
2944 1951 3213 2021 δεύτερον,
3243 1952 3363 2005 οὐδὲ
3398 1955 3425 2005 ὁ
3453 1951 3561 2005 τῶν
3599 1953 3766 2020 ἁγίων
3804 1950 4073 2019 ἐκφεύγει

2483 2044 2802 2111 κατάλογος.
2836 2044 3015 2096 Αἴτιον
3042 2044 3097 2096 δὲ
3130 2038 3281 2115 οἶμαι
3326 2044 3542 2108 τούτου,
3574 2045 3634 2098 τὸ
3663 2044 3782 2097 λίαν
3818 2045 4073 2115 ἀπηκρι-

2484 2132 2726 2203 ϐωμένον
2748 2131 2841 2185 τοῦ
2864 2131 3049 2203 κριτοῦ
3075 2133 3169 2187 καὶ
3190 2134 3574 2205 ἀπρόσκλιτον.
3614 2133 3817 2204 Ἐφορᾷ
3835 2134 3947 2204 γὰρ
3979 2137 4078 2186 καὶ

2482 2223 2763 2295 τιμωριῶν
2794 2224 3019 2295 μεγέθη,
3057 2226 3153 2279 καὶ
3190 2226 3485 2297 καρτερίας
3515 2205 3813 2291 ἐνστάσεις,
3842 2229 3939 2278 καὶ
3972 2226 4072 2295 βα-

2488 2312 2718 2377 σανίζων
2765 2315 2834 2367 τὰ
2877 2314 3274 2384 ἀγωνίσματα,
3322 2314 3419 2379 τὰς
3457 2314 3593 2385 πρὸς
3640 2312 3798 2382 ἀξίαν
3831 2315 4078 2384 ἀμοιϐὰς

2483 2404 2729 2474 διανέμει
2756 2405 2871 2467 τοῖς
2900 2403 3179 2474 ἀθληταῖς.
3215 2405 3326 2459 Καὶ
3370 2403 3670 2476 παράδοξον
3701 2405 3980 2475 οὐδαμῶς,
4028 2406 4079 2457 εί

2486 2496 2637 2567 παρὰ
2673 2494 2809 2547 Θεοῦ
2841 2496 2984 2550 οὕτω
3005 2498 3229 2567 τιμᾶται
3257 2496 3317 2550 τὸ
3344 2496 3574 2558 δίκαιον,
3599 2497 3759 2550 ὁπότε
3802 2500 3901 2550 καὶ
3940 2497 4081 2565 παρ’

2484 2589 2618 2656 ἡμῖν
2666 2588 2964 2658 στρατηγοὶ
2996 2590 3091 2640 καὶ
3135 2587 3470 2657 ἀγωνοθέται
3518 2588 3615 2641 οὐκ
3674 2587 3777 2641 ἴσοι
3827 2588 4079 2655 γίνονται

2484 2680 2596 2741 τοῖς
2633 2677 2968 2749 ἀριστεῦσιν,
3000 2679 3032 2749 ἦ
3064 2682 3177 2742 τοῖς
3204 2681 3533 2748 ἀγωνισταῖς
3552 2698 3563 2709 ·
3598 2680 3734 2734 ἀλλὰ
3758 2681 3823 2751 δὴ
3852 2682 4081 2752 ἑκάστῳ

2484 2768 2627 2824 κατὰ
2650 2769 2711 2823 τὸ
2736 2768 2939 2843 μέτρον
2961 2771 3056 2824 τοῦ
3086 2771 3533 2844 κατορθώματος,
3570 2771 3667 2835 τὰς
3700 2771 3912 2842 δωρεὰς
3944 2772 4081 2825 ἀνα·

2485 2860 2747 2930 λογούτας
2773 2860 3181 2933 ἐπιψηφίζουσι.

2559 3034 2744 3091 Ταῦτα
2775 3035 2833 3089 δὲ
2873 3035 3106 3107 διῆλθον,
3137 3037 3225 3090 ἵνα
3259 3035 3439 3101 δείξω,
3490 3036 3567 3099 ώς
3609 3038 3637 3089 ὁ
3665 3038 3908 3107 σήμερον
3944 3039 4086 3108 ἡμῖν

2489 3127 2785 3200 παρασχὼν
2822 3127 2914 3181 τοῦ
2946 3127 3206 3198 συλλόγου
3242 3132 3340 3200 τὴν
3382 3129 3658 3199 ἀφορμὴν,
3702 3129 3807 3181 τῶν
3842 3129 4089 3201 ἑταίρων

2490 3221 2585 3274 καὶ⁹
2623 3219 3037 3288 συναγωνιστῶν
3064 3230 3179 3273 εστι
3208 3220 3683 3291 περιφανέστερος.
3721 3220 3782 3273 Οἱ
3830 3220 3933 3291 μὲν
3970 3220 4088 3293 γὰρ

2491 3310 2661 3375 ἄλλοι,
2690 3312 2748 3364 οὐ
2789 3312 2988 3375 πάντες
3023 3310 3173 3380 παρά
3206 3313 3343 3365 πᾶσι
3383 3311 3767 3383 γνωρίζονται,
3811 3312 3938 3364 οὐδὲ
3998 3311 4091 3381 Be-

2492 3402 2590 3473 6οη
2598 3403 2765 3473 μένην
2779 3402 2958 3475 έχουσι
2982 3403 3079 3473 τὴν
3096 3401 3466 3474 ἀνδραγαθίαν
3492 3419 3504 3434 ·
3524 3404 3719 3457 Φωκᾶν
3733 3405 3778 3435 ³⁸
3804 3404 3908 3456 οὐκ
3934 3403 4091 3457 ἔστιν

2490 3494 2549 3559 ὃς
2576 3496 2779 3563 ἀγνοεῖ·
2801 3494 2914 3547 ἀλλ’
2937 3494 3125 3564 ὥσπερ
3152 3495 3310 3559 ἀκτὶς
3334 3497 3368 3566 ἡ
3389 3493 3482 3548 τοῦ
3507 3495 3655 3566 ἡλίου
3682 3497 3848 3549 πᾶσιν
3873 3494 4093 3564 ὀφθαλ-

2494 3588 2614 3659 μοῖς
2647 3587 2999 3658 ὲφήπλωται,
3043 3586 3184 3641 οὕτω
3223 3586 3319 3641 καὶ
3353 3589 3386 3657 ἡ
3426 3585 3519 3639 τοῦ
3559 3586 3835 3658 μάρτυρος
3882 3587 4089 3640 τούτου

2492 3680 2651 3749 φήμη
2716 3680 2897 3731 πᾶσαν
2951 3679 3123 3749 ἀκοὴν
3179 3679 3517 3750 περιήχησε·
3562 3679 3653 3731 καὶ
3692 3679 3781 3731 ἴνα
3840 3678 4094 3733 συνελὼν

2494 3769 2634 3823 εἴπω
2656 3811 2669 3831 ,
2700 3771 2814 3823 ὅσοι
2837 3774 2928 3823 τὸν
2972 3771 3249 3840 Δεσπότην
3290 3768 3595 3841 ἐγνώρισαν
3625 3768 3863 3840 Χριστὸν
3885 3810 3901 3834 ,
3934 3764 4093 3824 οὗτοι

2492 3862 2587 3914 καὶ
2619 3861 2709 3913 τὸν
2742 3862 2933 3914 πιστὸν
2963 3860 3149 3915 δοῦλον
3180 3859 3485 3930 ἐγνώρισαν
3509 3878 3521 3892 ·
3568 3859 3767 3930 μᾶλλον
3800 3860 3880 3924 δὲ,
3915 3862 3965 3914 εί
4000 3863 4093 3914 δο-

2493 3956 2599 4018 κεῖ,
2631 3954 2738 4006 τῶν
2768 3953 2962 4006 κοινῶν
3002 3955 3139 4024 πρὸς
3176 3954 3300 4016 τοὺς
3334 3952 3522 4014 ἄλλους
3555 3952 3844 4022 ἐγκωμίων
3871 3955 3983 4023 ἀφέ
3993 3974 4095 4025 με-

2493 4062 2603 4111 νος,
2628 4043 2697 4096 τά
2716 4042 2969 4115 ἐξαίρετα
2994 4042 3087 4097 τοῦ
3122 4044 3397 4115 μάρτυρος
3447 4041 3761 4114 διηγήματα
3806 4044 3941 4113 ὑμῖν
3973 4048 4093 4107 τοῖς

2494 4134 2855 4205 φιλομάρτυσι
2888 4134 3241 4205 διηγήσομαι.

2570 4330 2806 4398 Ἤνεγκε
2842 4347 3018 4382 τοινυί
3063 4344 3153 4383 τον
3189 4346 3343 4397 αγιυν
3386 4334 3555 4401 ἀνδρα
3586 4329 3806 4394 τοῦτον,
3844 4332 3903 4384 τὸ
3943 4337 4095 4403 μέγα

2498 4422 2839 4494 Χριστιανῶν
2875 4422 3088 4489 ὄφελος,
3119 4425 3151 4493 ἡ
3182 4423 3377 4489 γείτων
3402 4422 3640 4492 Σινώπη,
3686 4422 3839 4486 πόλις
3875 4427 4093 4495 ἀρχαία

812 4529 975 4582 nepe,
1026 4513 1246 4581 antiqua
1277 4512 1466 4565 civitas
1492 4525 1556 4563 ac
1588 4518 1729 4574 nota,
1786 4508 2004 4563 fortium
2055 4511 2295 4564 virorum
2327 4524 2389 4563 ac

2498 4515 2591 4568 καὶ
2628 4513 2938 4585 γνώριμος,
2983 4513 3213 4585 εϋπορος
3251 4514 3534 4585 καρτερῶν
3560 4517 3600 4546 ³⁷
3647 4518 3737 4567 καὶ
3768 4517 4093 4586 φιλοσόφων

814 4605 1255 4674 pltilosOphorum
1290 4601 1463 4655 ferax.
1524 4600 1601 4655 Ne
1649 4600 1770 4669 quis
1798 4602 1940 4655 ettim
1988 4600 2119 4655 mihi
2162 4601 2213 4654 in
2254 4616 2395 4671 prae-

814 4699 1111 4752 sentiarum
1143 4694 1415 4749 diversam
1442 4692 1754 4760 religionem
1786 4702 2032 4762 reputet;
2066 4694 2158 4748 sed
2195 4693 2245 4747 id
2280 4703 2394 4747 tan-

817 4801 951 4851 tum,
988 4802 1111 4840 num
1152 4787 1373 4840 omnino
1402 4786 1766 4839 studiosorum
1802 4786 2039 4838 virorum
2071 4785 2251 4839 nutrix
2280 4784 2394 4839 fue-

823 4883 885 4936 rit
915 4896 977 4934 ac
1009 4893 1222 4949 parens.
1259 4876 1392 4935 Vitae
1415 4885 1592 4931 autem
1617 4876 1852 4929 studium
1896 4877 1943 4929 ei
1968 4885 2083 4930 erat
2113 4876 2251 4930 horti
2282 4877 2395 4930 cul-

826 4986 957 5037 tura,
996 4985 1153 5040 quem
1187 4969 1257 5023 ibi
1291 4978 1417 5022 ante
1450 4978 1661 5036 portam
1694 4965 1931 5019 civitatis
1966 4966 2017 5019 in
2045 4966 2229 5020 lsthmi
2253 4968 2390 5021 osdo

824 5065 1118 5134 possidens,
1141 5060 1429 5131 diligenter
1456 5059 1689 5122 colebat,
1725 5068 1781 5109 ut
1805 5057 1910 5111 sibi
1936 5072 2000 5111 ac
2029 5056 2392 5125 indigentibus

818 5162 960 5209 esset
984 5152 1107 5207 vita:
1135 5151 1405 5205 solatium.
1438 5147 1546 5203 Sed
1572 5159 1626 5201 et
1658 5146 1984 5213 hospitibus,
2040 5154 2288 5214 prompto
2330 5159 2392 5196 ac.

818 5244 983 5297 alacri
1009 5245 1208 5307 animo,
1242 5256 1459 5309 parvam
1487 5254 1549 5293 ac
1582 5250 1867 5308 pauperem
1893 5236 2115 5290 domum
2150 5244 2390 5303 apertam

817 5334 1053 5389 volebat.
1082 5333 1217 5386 Cum
1242 5342 1422 5385 autem
1455 5332 1728 5385 habitaret
1770 5331 1823 5385 in
1853 5331 1935 5381 via
1986 5328 2218 5396 publica,
2268 5342 2389 5397 qua:

821 5423 1196 5491 suppetebant,
1248 5420 1660 5475 adventantibus
1716 5419 2021 5474 communia
2063 5418 2383 5487 promebat;

823 5532 885 5571 ac
912 5515 1006 5570 Lot
1050 5516 1264 5584 quidam
1295 5513 1525 5579 medius,
1556 5529 1659 5567 non
1682 5512 2081 5566 Sodomitarum
2113 5512 2206 5566 sed
2231 5510 2385 5564 Sino-

895 5656 938 5688 "
983 5656 1135 5709 Deest
1170 5662 1347 5723 negat.
1381 5655 1432 5706 in
1477 5651 1635 5706 Sinn.
1686 5652 1887 5705 codice.

1971 5653 2013 5683 ³⁷
2052 5651 2213 5707 Sirm.
2250 5654 2503 5715 γεναίων.

2497 4606 2725 4677 ἀνδρῶν.
2762 4606 2855 4677 Μὴ
2887 4606 2995 4675 γάρ
3032 4606 3124 4676 μοί
3163 4623 3247 4669 τις
3280 4606 3577 4675 λογιζέσθω
3604 4605 3699 4659 νῦν
3724 4608 3785 4659 τὸ
3810 4606 3915 4675 τῆς
3952 4609 4095 4680 θρη-

2495 4697 2680 4759 σκείας
2705 4696 2980 4767 διάφορον,
3006 4696 3121 4749 ἀλλ’
3147 4700 3195 4749 εἰ
3229 4698 3532 4750 σπουδαίων
3554 4698 3687 4760 ὅλως
3715 4698 3933 4768 ἀνδρῶν
3966 4718 4093 4771 τρο-

2496 4786 2591 4854 φὸς
2615 4788 2708 4841 καὶ
2734 4789 2917 4857 μήτηρ
2936 4786 3169 4857 ἐδείχθη.
3207 4786 3573 4859 Ἐπιτήδευμα
3586 4788 3642 4840 δὲ
3661 4788 3809 4856 αὐτῷ
3824 4789 3924 4841 τοῦ
3946 4791 4093 4859 βίου,

2496 4881 2673 4949 κήπου
2703 4879 2943 4949 γεωργία
2976 4880 3069 4932 καὶ
3101 4879 3389 4948 ἐπιμέλεια
3408 4919 3421 4941 ,
3446 4880 3614 4949 ὅνπερ
3634 4879 3798 4933 αὑτοῦ
3830 4897 3942 4934 που
3986 4886 4095 4955 πρὸ

2494 4969 2594 5038 τῆς
2630 4970 2805 5039 πύλης
2836 4969 2929 5022 τοῦ
2960 4969 3151 5032 ἄστεος
3192 4971 3285 5022 ἐπι
3307 4969 3399 5023 τοῦ
3432 4971 3699 5041 στόματος
3723 4970 3815 5023 τοῦ
3856 4972 4090 5043 ’ἰσθμοῦ

2491 5078 2657 5131 κεκτη
2668 5062 2843 5131 μένος,
2861 5064 3018 5133 ἧσκει
3038 5060 3338 5130 φιλοπόνως
3348 5106 3359 5121 ,
3376 5062 3552 5127 ἑαυτῷ
3567 5061 3783 5123 καὶτοῖς
3798 5061 4095 5132 δεομένοις

2492 5152 2843 5223 παραμυθίαν
2868 5153 2961 5205 τοῦ
2989 5152 3125 5221 βίου.
3151 5151 3371 5219 Ἤνοιγε
3396 5152 3451 5203 δὲ
3476 5153 3570 5203 καὶ
3599 5154 3708 5214 τοῖς
3735 5150 3921 5217 ξένοις
3946 5154 4097 5223 μάλα

2494 5243 2788 5313 προθύμως
2836 5244 2933 5313 τὴν
2981 5241 3181 5311 μικρὰν
3217 5242 3312 5294 καὶ
3342 5240 3643 5311 πενομένην
3687 5241 3896 5295 ἑστίαν.
3961 5245 4098 5297 Ἐπ-

2493 5332 2655 5386 οικῶν
2684 5333 2737 5385 δὲ
2770 5336 2832 5402 τῇ
2866 5331 3143 5402 λεωφόρῳ,
3181 5330 3337 5383 κοινά
3364 5332 3477 5392 τοῖς
3499 5329 3821 5400 ἐπιδημοῦσι
3857 5332 4099 5399 προετί-

2499 5424 2579 5478 θει
2613 5427 2681 5479 τά
2718 5426 2845 5477 ὄντα
2868 5442 2879 5454 ”
2934 5425 3028 5477 καὶ
3060 5424 3223 5493 μέσος
3261 5423 3303 5453 ’⁸
3356 5417 3422 5492 ἦν
3458 5420 3593 5474 Λὼτ
3651 5423 3705 5473 of.
3749 5421 4096 5491 Σοδομιτῶν,

2497 5512 2631 5565 ἀλλά
2666 5511 2975 5566 Σινωπέων.
3011 5512 3116 5563 Τοῦ
3150 5512 3205 5564 δὲ
3236 5511 3428 5582 χρόνου
3458 5510 3829 5582 προελθόντος,
3864 5512 3971 5582 τὴν
4002 5514 4094 5571 ὲν-

2580 5652 2623 5683 ²⁸
2650 5650 2814 5704 Sit'm.
2839 5647 2976 5709 νέος.

898 5792 1007 5861 (45)
1054 5792 1447 5847 Desuntoumia
1474 5789 1755 5855 superiora
1801 5789 1852 5841 in
1883 5788 2213 5857 autographo
2241 5787 2303 5841 [ἰ.
2332 5785 2392 5839 Ρ.
2424 5788 2714 5849 Sirnnnnli,
2761 5797 2806 5840 et
2846 5784 2981 5851 apud
3027 5782 3266 5835 Snrium.
