4212 6318
144 402 232 456 305
1274 410 1549 467 HOMILIA
1594 413 1681 468 IX.
1718 412 1780 466 IN
1814 410 1868 465 S.
1909 408 2203 464 PilUCAM.

3272 406 3376 463 5‘66

142 516 286 586 τολὴν
329 508 487 588 εὗρεν
516 520 615 573 οὐκ
651 520 907 590 ἄμισθονθ
943 522 1050 575 ἀπὸ
1086 522 1193 593 γὰρ
1228 524 1527 592 φιλοξενίας
1558 526 1711 593 ἐκέρ-
1744 536 1786 587 Λ

1744 536 1786 587 Α
1815 526 2056 595 pensium
2099 534 2233 580 erat.
2281 524 2447 580 Porro
2487 526 2742 594 temporis
2790 538 3067 593 processu,
3095 526 3235 579 haud
3270 540 3379 579 va—

142 608 249 660 Ξανε
294 608 386 661 τοῦ
428 610 693 673 ζωοποιοῦ
742 611 969 665 Θανάτου
1008 613 1107 683 τὴν
1136 614 1406 684 πρόφασιν
1479 615 1598 668 ὅθεν
1654 616 1709 668 δὲ

143 700 222 751 καὶ
252 702 426 764 ὅπως,
474 702 671 772 μικρὸν
718 704 1077 768 ἀναλαϐόντος
1109 705 1397 760 ἀκούσατε.

202 954 310 1006 Τοῦ
335 956 496 1023 λόγου
520 958 618 1029 τῆς
640 958 921 1023 εὐσεϐείας
943 958 1096 1030 ήμῶν
1116 958 1597 1027 καταγγελθέντος,
1620 962 1711 1015 καὶ

143 1045 221 1099 τοῦ
256 1045 549 1102 θεσπεσίου
577 1052 930 1120 κηρύγματος
963 1050 1099 1120 πρὸς
1132 1051 1310 1103 πᾶσαν
1354 1049 1521 1119 ἀκοὴν
1561 1048 1708 1115 ὲξελο

142 1135 335 1199 ὂόντος,
379 1138 739 1207 γνωρίζοντος
772 1139 828 1191 δὲ
863 1138 1097 1206 Χριστὸν
1138 1139 1231 1191 καὶ
1261 1138 1330 1191 τὰ
1372 1138 1579 1189 ἐκείνου
1616 1156 1710 1207 μυ·

145 1228 328 1297 στήρια
354 1271 370 1289 ,
418 1229 726 1297 ἐφρύαξαν
765 1230 936 1299 ἔθνη,
966 1228 1110 1283 κατά
1135 1230 1226 1283 τὸν
1249 1229 1572 1300 Ψαλμῳδὸν,
1610 1231 1705 1283 καὶ

141 1324 184 1373 oi
203 1320 492 1387 ,ϐασιλεῖς
516 1323 613 1374 καὶ
634 1322 917 1392 ἄρχοντες
945 1323 1286 1392 συνήγοντο
1316 1322 1411 1375 ἐπὶ
1440 1322 1506 1375 τὸ
1540 1322 1703 1375 αὐτό·

143 1409 219 1460 καὶ
244 1410 295 1460 oi
330 1410 433 1479 τῆς
458 1410 667 1482 πλάνης
705 1412 821 1465 λαοὶ
866 1412 1180 1483 ὠργίζοντο,
1216 1413 1308 1465 τοῦ
1354 1411 1529 1481 Ἰησοῦ
1558 1412 1709 1481 βασι-

141 1499 397 1563 λεύοντος.
457 1500 733 1571 Ἐζητεῖτο
766 1500 822 1554 δὲ
851 1502 957 1563 πᾶς
988 1500 1329 1570 Χριστιανὸς,
1363 1501 1438 1564 ὡς
1473 1500 1707 1569 κακούρ-

141 1608 241 1657 γος,
269 1593 364 1645 καὶ
396 1594 426 1645 6
455 1592 619 1659 ἐγγὺς
639 1592 944 1657 ἐκολάζετο,
973 1591 1067 1644 καὶ
1086 1593 1115 1643 6
1138 1592 1353 1661 μακρὰν
1376 1591 1703 1661 ἀνιχνεύετο.

142 1684 218 1735 Διὸ
241 1685 459 1744 Φωκᾶν,
494 1684 616 1735 οὔτε
647 1686 679 1755 ἡ
712 1684 963 1737 εὐτέλεια·
986 1684 1079 1736 τοῦ
1112 1684 1541 1754 ἐπιτηδεύματος
1563 1725 1575 1746 ,
1612 1684 1706 1736 καὶ

140 1772 457 1841 όκηπουρὸς
509 1772 775 1841 ἔκρυψεν·
821 1773 955 1825 ἀλλὰ
1002 1773 1096 1825 καὶ
1145 1768 1325 1837 οὗτος,
1370 1773 1445 1835 ὡς
1485 1774 1704 1842 γνήσιος

1816 630 1971 671 Ouum
2024 617 2269 673 mercede
2301 617 2607 671 mandatum
2669 618 2890 671 invenlt;
2953 616 3189 672 Viviiica:
3233 619 3375 672 enim

1817 708 2004 761 mortis
2021 708 2257 771 occasio,
2288 721 2349 761 ex
2386 708 2743 777 hospitalitate
2774 708 2921 761 lucro
2956 708 3201 761 accessit.
3229 706 3378 761 Unde

1815 812 1965 862 vero,
2008 814 2071 853 ac
2137 814 2367 867 quonam
2418 798 2595 863 modo,
2637 798 2791 867 pauio
2843 799 3001 854 altius
3048 809 3375 856 repetentem

1813 888 2013 943 audite.

1880 981 2014 1035 Cum
2076 979 2395 1036 Cln-isdanae
2459 981 2675 1051 pietatis
2731 994 2979 1035 sermone
3042 981 3378 1042 annuntiato,

1812 1070 1989 1125 divina
2045 1072 2355 1140 praedicatio
2410 1074 2475 1126 ad
2525 1088 2737 1127 omnem
2774 1086 2957 1125 aurem
2987 1072 3158 1124 exiret
3181 1111 3194 1133 ,
3226 1070 3379 1125 Chri-

1810 1170 2060 1230 stumque
2086 1177 2149 1216 ac
2169 1163 2284 1230 ejus
2312 1163 2559 1232 mysteria
2591 1171 2713 1215 nota
2762 1162 3029 1226 redderet,
3061 1161 3381 1229 fremuerunt

1810 1262 2001 1321 gentes,
2029 1263 2086 1307 ut
2147 1255 2220 1309 ait
2264 1254 2568 1317 Psalmista,
2630 1270 2865 1323 regesque
2911 1269 2972 1305 ac
3020 1254 3275 1319 principe:
3328 1253 3381 1303 in

1812 1360 1967 1396 unum
1994 1356 2331 1397 convenerunt
2354 1348 2429 1409 ·³¹;
2460 1360 2521 1399 ac
2556 1345 2769 1399 Christo
2816 1354 3093 1413 regnante,
3135 1352 3379 1396 errantes

1812 1436 1989 1501 populi
2042 1434 2433 1489 irascebantur.
2496 1437 2846 1503 Quaerebatur
2904 1447 3082 1488 autem
3159 1436 3381 1501 ιιυὶιίὺιι

1809 1522 2170 1587 Christianus,
2199 1535 2450 1593 tanquam
2484 1526 2761 1579 maleficus
2796 1541 2807 1576 :
2838 1541 2900 1579 ac
2926 1525 3013 1591 qui
3043 1540 3207 1594 prope
3240 1534 3376 1582 erat,

1811 1612 2158 1680 puniebatur;
2198 1614 2285 1680 qui
2331 1629 2456 1667 vero
2502 1613 2687 1681 procul
2739 1624 2879 1676 erat,
2936 1613 3375 1680 investigahatur.

1808 1700 2163 1768 Quamobrem
2202 1703 2429 1758 Phocam
2476 1720 2707 1773 quoque,
2755 1719 2820 1757 ne
2860 1704 3074 1771 quidem
3124 1702 3227 1756 vile
3265 1712 3379 1755 stn-

1810 1794 1974 1857 dium,
2000 1794 2376 1859 hortulanique
2410 1797 2646 1850 conditio
2673 1796 2863 1849 celavit
2894 1813 2907 1856 ;
2946 1796 3035 1847 sed
3074 1797 3117 1848 is
3145 1810 3376 1863 quoque.

142 1862 359 1930 μάλιστα
398 1862 492 1915 τοῦ
537 1863 773 1933 Χριστοῦ
810 1863 1046 1933 μύστης,
1079 1864 1340 1933 ἐμηνύθη.
1376 1864 1482 1915 Καὶ
1519 1863 1580 1934 δὴ
1614 1863 1706 1915 καὶ
1738 1873 1779 1927 Β

1738 1873 1779 1927 Β
1811 1892 1865 1936 ut
1897 1898 2053 1939 verus
2109 1884 2306 1938 Christi
2343 1886 2672 1954 discipulus,
2734 1886 3083 1939 denuntiatus
3145 1895 3244 1940 est.
3304 1885 3381 1938 Ac.

139 1951 286 2023 ἦλθον
340 1958 428 2007 ἐπ’
484 1957 645 2009 αὐτὸν
702 1957 752 2008 οἱ
796 1954 888 2008 τοῦ
950 1956 1210 2025 δυστήνου
1250 1954 1398 2007 τοῦδε
1446 1955 1560 2024 βίου
1615 1954 1705 2006 καὶ

143 2046 341 2117 ῥέοντος
383 2046 767 2108 κελευσθέντες
805 2048 1110 2114 ἀπαγαγεῖν
1144 2046 1305 2099 αὑτὸν
1335 2045 1574 2116 ἄκριτον,
1608 2046 1703 2097 ἀνθ

142 2134 487 2204 απολόγητον.
515 2136 623 2187 Καὶ
652 2134 759 2203 γὰρ
774 2130 840 2204 ἦν
861 2134 919 2187 τὸ
948 2134 1197 2205 ἔγκλημα
1230 2135 1490 2199 τοιοῦτον,
1514 2136 1541 2187 ὃ
1568 2135 1707 2205 λαμ-

144 2225 243 2295 πρᾷ
268 2227 331 2294 τῇ
362 2227 515 2294 φωνῇ
563 2225 591 2277 6
620 2225 880 2291 γεννάδας
910 2225 1282 2294 καθωμολόγει
1303 2240 1316 2252 ⁸
1351 2226 1443 2277 καὶ
1481 2225 1706 2295 μηδενὸς

140 2316 463 2385 ὶρωτῶντος,
493 2317 675 2387 ἔργοις
706 2320 749 2349 ²⁹
781 2318 1038 2372 ἐδείκνυε·
1075 2316 1473 2387 πυνθανομένου
1501 2318 1578 2382 δὲ,
1612 2326 1705 2369 πἐ-

145 2406 370 2476 ριχαρῶς
407 2404 618 2470 ἐξεϐόα.

214 2585 484 2649 Ἐλθόντες
528 2586 658 2653 γοῦν
705 2587 752 2639 οἱ
791 2589 889 2656 τῆς
932 2586 1140 2639 ἐκείνου
1182 2585 1451 2656 τιμωρίας
1495 2586 1701 2655 δήμιοι,

138 2678 221 2729 καὶ
252 2677 351 2746 τῆς
375 2678 651 2748 ἡμετέρας
698 2678 890 2747 ἑορτῆς
923 2677 1084 2732 αἴτιοι
1104 2717 1119 2740 ,
1164 2677 1293 2748 παρ’
1324 2676 1470 2746 αὐτῷ
1495 2676 1572 2745 τῷ
1605 2677 1702 2746 ζη-

138 2767 367 2837 τουμένῳ
399 2767 705 2821 κατέλυσαν
726 2807 740 2831 ,
772 2767 893 2821 οὔτε
926 2766 1304 2835 γινώσκοντες,
1336 2765 1459 2819 οὔτε
1497 2767 1600 2839 μὴν
1628 2784 1705 2837 γι·

138 2858 479 2927 νωσκὸμενοι.
521 2860 610 2912 Ἐν
636 2860 933 2930 ἀπορρήτῳ
962 2859 1018 2911 δὲ
1042 2858 1179 2921 τέως
1210 2854 1355 2929 εἶχον
1386 2858 1486 2928 τῆς
1518 2859 1704 2929 ἐπιδη-

140 2947 255 3015 μίας
282 2948 381 3019 τὴν
408 2951 699 3019 πρόφασιν,
730 2951 814 3003 ἵνα
836 2951 1097 3021 πρότερον
1123 2951 1525 3023 ὲκδιδαχθέντες
1553 2952 1703 3023 παρὰ

136 3041 234 3093 τῶν
265 3040 373 3109 ἔξω
405 3042 506 3111 τῆς
538 3042 766 3107 πόλεως,
801 3042 886 3106 τίς
906 3045 934 3096 6
960 3045 1177 3107 Φωκᾶς,
1208 3045 1299 3096 καὶ
1328 3044 1449 3096 ὅποι
1477 3044 1700 3111 διάγων,

135 3131 317 3201 ἀθρόον
344 3132 661 3195 ἐπιστάντες
682 3131 1041 3200 συλλάϐωσιν,
1064 3133 1138 3197 ὡς
1163 3135 1213 3187 οἱ
1246 3133 1483 3205 Ἐϐραῖοί
1507 3135 1549 3165 ³ο
1572 3151 1701 3187 ποτε

1807 1988 1937 2027 sane
1964 1975 2030 2028 ad
2055 1990 2179 2029 eum
2210 1984 2493 2040 venerunt,
2526 1978 2615 2043 qui
2648 1977 2989 2045 nullajudicii
3018 1978 3208 2039 forma,
3236 1974 3378 2027 nulla

1807 2064 2137 2131 defensione,
2169 2082 2197 2120 a
2228 2067 2419 2120 misera
2454 2066 2553 2121 hac
2592 2066 2841 2135 ﬂuxoque
2898 2068 2997 2118 vita
3045 2066 3181 2135 jussi
3231 2076 3380 2119 erant

1809 2155 2095 2210 abducere.
2136 2156 2266 2209 Nam
2296 2166 2413 2209 erat
2438 2156 2539 2210 tale
2566 2158 2771 2211 crimen
2801 2156 2933 2227 (ιιι),
2965 2156 3105 2225 quod
3136 2156 3215 2208 vir
3244 2165 3381 2209 stre-

1810 2262 1943 2298 nuus
1968 2246 2112 2301 clara
2144 2261 2275 2301 voce
2304 2247 2651 2301 coniltcrctur
2678 2247 2973 2316 ;-nnlloque
2994 2248 3379 2317 interrogante,

1806 2338 2057 2406 operibus
2110 2338 2392 2405 proderet;
2428 2339 2795 2407 interrogante
2829 2348 3006 2393 autem
3042 2338 3243 2408 aliquo,
3277 2340 3377 2392 im.

1808 2428 2025 2493 pensius
2051 2428 2290 2499 gaudens
2329 2428 2565 2485 clamore
2590 2428 2832 2483 efferret.

1877 2588 2165 2645 Venientes
2191 2604 2319 2661 ergo
2346 2590 2487 2644 illius
2545 2590 2757 2644 lictores
2801 2589 3073 2660 supplicii.
3103 2590 3384 2657 nostrique

1808 2680 1925 2735 {esti
1962 2692 2234 2746 auctores,
2292 2682 2430 2751 apud
2457 2696 2583 2735 eum
2632 2683 2833 2752 ipsum,
2883 2682 2974 2751 qui
3016 2684 3379 2752 quaerebatur.

1806 2772 2055 2827 tliversati
2084 2780 2229 2836 sunt,
2254 2782 2308 2825 ut
2332 2788 2503 2839 neque
2565 2774 2598 2825 ii
2628 2782 3011 2839 cognoscerent
3037 2812 3051 2837 ,
3106 2787 3276 2841 neque
3315 2774 3383 2826 ah

1805 2863 1893 2918 illo
1918 2874 2391 2933 cognoscerentnr.
2434 2863 2649 2917 Interim
2684 2878 2807 2917 vero
2866 2864 3129 2919 adventus
3164 2879 3377 2918 causam

1804 2955 2068 3019 celabant,
2104 2962 2160 3008 ut
2186 2969 2307 3009 cum
2343 2956 2492 3023 prius
2524 2954 2880 3021 accepissent,
2904 2969 2968 3007 ex
3001 2954 3064 3008 iis
3099 2954 3188 3022 qui
3228 2953 3376 3006 hahi-

1809 3048 1990 3101 labant
2024 3055 2175 3100 extra
2210 3046 2510 3107 civitatem,
2570 3045 2818 3112 quisnam
2862 3054 3004 3099 esset
3050 3043 3278 3106 Phocas,
3328 3053 3379 3096 et

1807 3136 1892 3191 ubi
1923 3136 2160 3207 degeret,
2198 3146 2419 3200 repente
2460 3136 2796 3199 invadentes,
2832 3144 2889 3187 ut
2914 3136 3179 3204 quondam
3212 3133 3379 3189 ,ιιιὰπὶ

134 3198 286 3292 ὲν-τῴ
310 3224 475 3293 κήπῳ
501 3223 642 3295 μετά
680 3223 849 3278 Ἰούδα
874 3224 965 3279 τὸν
994 3198 1218 3295 Κύριον.
1263 3198 1617 3297 Ἐλελήθεσαν
1642 3226 1701 3279 δὲ
1730 3198 1775 3259 c

1730 3198 1938 3281 cluda
1992 3228 2126 3282 duce
2186 3226 2466 3281 Dominum
2522 3228 2574 3279 in
2636 3227 2814 3286 horto.
2846 3225 3380 3295 comprehenderent.

134 3314 252 3363 είσω
266 3312 500 3365 δικτύων
528 3313 625 3384 τὴν
648 3313 819 3385 Θήραν
844 3312 1079 3384 ἔχοντες,
1101 3316 1149 3369 οἱ
1174 3314 1333 3380 κύνες
1354 3314 1444 3369 τὸν
1466 3315 1701 3387 ἀρνειὸν,

138 3404 175 3452 εἰ
196 3402 349 3456 λύκοι
375 3403 469 3456 τὸν
491 3402 682 3474 ἀμνὸν,
706 3404 803 3475 τὴν
830 3403 1155 3477 περιστερὰν
1183 3407 1229 3458 oi
1254 3405 1583 3477 ἀρπακτικοὶ
1608 3405 1703 3459 καὶ

136 3495 519 3565 γαμψώνυχες·
572 3496 753 3560 καθὼς
787 3497 844 3551 δὲ
874 3499 903 3551 6
942 3500 1224 3569 προφήτης
1264 3499 1491 3562 Ἡσαΐας
1534 3497 1699 3568 φησί’

136 3585 533 3642 Συνανεπαύετο
557 3592 676 3652 ταῖς
703 3589 1033 3662 παρδάλεσιν
1065 3592 1092 3642 ὁ
1120 3589 1327 3661 ἔριφος,
1358 3591 1452 3643 καὶ
1479 3594 1590 3655 τοῖς
1612 3589 1705 3642 λύ-

135 3694 239 3740 κοις
270 3681 299 3732 6
333 3680 549 3749 ἀρνειὸς
578 3680 619 3712 ³⁸
654 3681 1029 3748 συνεϐόσκετο,
1049 3683 1143 3734 καὶ
1170 3683 1218 3733 οἱ
1249 3682 1460 3745 λέοντες
1487 3681 1603 3751 ἅμα
1628 3682 1704 3753 τῷ

136 3771 313 3841 μόσχῳ
347 3772 533 3843 κοινὴν
568 3767 711 3842 εἶχον
738 3772 835 3845 τὴν
866 3773 1093 3827 δίαιταν.
1144 3772 1360 3844 Ἐπειδὴ
1386 3774 1465 3839 δὲ,
1494 3768 1583 3827 οἷα
1616 3791 1704 3842 φι-

134 3860 207 3913 λεῖ
234 3863 480 3930 γίνεσθαι
506 3904 519 3927 ,
550 3863 798 3934 τράπεζα
829 3865 922 3917 καὶ
962 3864 1221 3935 συνήθεια
1252 3864 1312 3917 τὸ
1358 3865 1580 3936 θαρρεῖν
1613 3864 1704 3917 ἀλ-

134 3953 305 4023 ληλοις
332 3956 629 4026 παρέσχον,
651 3954 1033 4010 διεπυνθάνετο
1054 3959 1181 4027 παρ’
1209 3956 1387 4010 αὐτῶν
1416 3959 1443 4010 6
1474 3958 1701 4029 μάρτυς,

138 4046 265 4108 τίνες
298 4043 409 4099 εἶεν
430 4089 443 4110 ,
477 4048 569 4100 καὶ
596 4047 737 4111 τίνος
762 4045 921 4118 χάριν
949 4049 1047 4117 τὴν
1090 4048 1253 4101 αὑτοῦ
1288 4048 1440 4100 πόλιν
1480 4048 1705 4102 κατέλα-

134 4133 236 4186 ὗον.
270 4138 334 4188 υἱ
368 4137 423 4189 δὲ
457 4137 556 4206 τὴν
580 4136 859 4208 πρόθυμον
884 4137 1128 4204 δεξίωσιν
1155 4140 1249 4192 καὶ
1278 4138 1580 4208 φιλοξενίαν
1609 4138 1703 4193 τοῦ

134 4227 314 4297 ἀνδρὸς
374 4228 734 4293 αίδεσθέντες,
778 4228 964 4299 μηδενί
1007 4247 1067 4281 τε
1091 4229 1150 4281 τὸ
1184 4229 1576 4301 λεχθησόμενον
1620 4231 1707 4294 ἐξ·

136 4322 295 4370 ειπεῖν
334 4319 824 4389 παραγγείλαντες,
859 4318 1158 4389 ἐγνώρισαν
1187 4320 1440 4374 αὐτῶντὸ
1456 4322 1703 4393 ἀπόρρη-

134 4428 233 4471 τον,
270 4412 367 4464 καὶ
402 4413 459 4463 τὸ
506 4411 608 4479 τῆς
640 4410 929 4480 ἐπιϐουλῆς
956 4410 1341 4480 ἐξαγορεύουσι
1365 4411 1569 4482 δρᾶμα,
1622 4414 1703 4465 ὅτι

130 4500 312 4552 Φωκᾶν
370 4502 462 4551 ἐπὶ
501 4500 741 4571 τιμωρίᾳ
774 4499 992 4570 ζητοῦσι
1034 4500 1215 4552 λαϐεῖν
1240 4518 1251 4529 ·
1285 4500 1406 4553 ὅθεν
1451 4501 1588 4571 πρὸς
1632 4504 1696 4571 τῇ

132 4590 418 4663 φιλοξενίᾳ,
447 4593 540 4644 καὶ
573 4590 775 4660 ταύτην
794 4588 973 4659 ἠξίουν
998 4591 1093 4660 τὴν
1106 4592 1422 4658 εὐεργεσίαν
1449 4591 1703 4660 προσθεῖ-

130 4701 226 4747 ναι,
255 4683 565 4752 συγκαμεῖν
591 4681 773 4743 αὐτοῖς
797 4683 875 4744 εἰς
908 4683 1003 4751 τὴν
1031 4682 1199 4753 θήραν
1229 4681 1322 4734 τοῦ
1349 4681 1700 4751 ζητουμένου.

196 4778 467 4829 Ἤκουσεν
505 4777 533 4827 6
557 4773 649 4826 τοῦ
676 4774 879 4845 Κυρίου
909 4774 1181 4844 θεράπων,
1219 4776 1313 4826 καὶ
1348 4774 1607 4845 ἀτρέπτῳ
1634 4778 1700 4845 τῇ

129 4869 261 4940 ψυχῇ
309 4870 406 4923 τὸν
437 4868 594 4936 λόγον
623 4866 930 4937 δεξάμενος,
960 4869 1021 4919 ού
1055 4868 1303 4920 ταπεινόν
1331 4885 1381 4918 τι
1418 4868 1511 4919 καὶ
1541 4869 1703 4935 ἀγεν-

130 4959 208 5021 νὲς
260 4957 497 5020 ἔπαθεν,
560 4959 592 5027 ἢ
648 4956 984 5026 ἐφθέγξατο·
1017 4956 1137 5009 οὐδὲ
1185 4956 1565 5019 ἀποδειλιάσας
1616 4957 1705 5009 τὸν

132 5050 389 5112 κίνδυνον,
435 5052 629 5119 φυγεῖν
674 5047 1060 5101 ἐϐουλεύσατοο
1108 5048 1203 5101 καὶ
1248 5047 1443 5110 ταῦτα,
1500 5048 1703 5117 πολλὴν

131 5142 255 5211 ἔχων
303 5145 402 5196 καὶ
452 5144 641 5196 ἄνετον
692 5140 1104 5210 ἀποδιδράσκειν
1143 5140 1241 5204 τὴν
1286 5139 1569 5203 ἐξουσίαν·
1622 5141 1702 5192 ὃτι

1805 3320 2313 3388 Ignorabantautem
2332 3333 2389 3373 se
2412 3320 2643 3386 praedam
2660 3317 2855 3371 habere
2873 3319 3010 3371 inter
3024 3319 3176 3384 retia;
3195 3333 3383 3385 canes,

1804 3410 2191 3479 ovem;lopos,
2224 3424 2448 3480 agnum;
2483 3425 2703 3479 rapaces
2761 3424 2889 3463 aves
2940 3424 3002 3463 ac
3048 3423 3385 3479 uncungues,

1804 3498 2129 3554 columbam.
2161 3496 2230 3555 Ut
2258 3490 2435 3555 autem
2470 3498 2639 3554 Isaias
2671 3498 2928 3567 pr0phela
2958 3502 3033 3553 ait
3068 3499 3156 3553 ”:
3191 3499 3387 3554 Medus

1804 3603 1923 3643 cum
1960 3591 2125 3657 pardo
2158 3590 2470 3655 accubabat,
2508 3605 2782 3659 agnusque
2806 3606 2925 3642 ctnn
2960 3590 3094 3657 lupis
3123 3592 3384 3659 pasceba-

1806 3689 1913 3743 tur,
1944 3696 2006 3735 ac
2040 3681 2222 3735 leones
2263 3682 2421 3735 simul
2469 3697 2589 3736 cum
2632 3681 2798 3734 vitulo
2864 3694 3149 3735 commune
3198 3684 3387 3736 convi-

1805 3773 1948 3824 vium
1979 3772 2204 3826 inibant.
2242 3772 2377 3825 Cum
2411 3781 2613 3836 autem,
2642 3772 2715 3823 uti
2751 3773 2914 3826 moris
2949 3782 3051 3837 est,
3084 3786 3281 3826 mensa:
3301 3787 3388 3825 so-

1806 3860 1973 3914 cietas
2029 3875 2092 3914 ac
2122 3860 2453 3915 consuetudo
2486 3862 2731 3914 ﬁduciam
2766 3861 2992 3915 invicem
3012 3872 3385 3929 generassent,

1807 3953 2014 4021 rogavit
2053 3968 2118 4005 ex
2158 3953 2234 4007 eis
2289 3962 2521 4022 martyr,
2554 3952 2773 4020 quinam
2832 3962 3033 4015 essent,
3068 3968 3131 4006 ac
3168 3968 3271 4021 qua
3323 3955 3388 4007 de

1807 4060 1967 4099 causa
1986 4046 2051 4098 ad
2077 4043 2192 4112 ejus
2227 4045 2501 4099 venissent
2528 4046 2822 4099 civitatem.
2878 4044 2957 4097 illi
2996 4059 3123 4098 vero
3155 4046 3385 4098 alacrem

1807 4135 1906 4188 viri
1934 4136 2329 4203 susceptionem
2372 4151 2432 4189 ac
2488 4136 2907 4203 hospitalitatem
2965 4137 3220 4200 reveriti,
3265 4151 3387 4191 cum

1808 4227 2214 4295 prmcepissent,
2238 4244 2301 4282 ne
2333 4229 2474 4296 quod
2498 4230 2779 4281 auditurus
2806 4237 2921 4282 erat
2947 4230 3196 4297 cuiquam
3219 4244 3389 4283 enun-

1810 4318 1985 4383 tiaret,
2012 4318 2056 4371 ei
2091 4333 2352 4371 arcanum
2387 4317 2658 4387 aperiunt,
2690 4333 2751 4371 ac
2774 4318 3089 4372 insidiarum
3114 4331 3389 4388 exponunt

1812 4408 2042 4461 tabulam
2071 4448 2084 4471 ,
2120 4417 2176 4460 ut
2232 4408 2479 4461 nimirum
2529 4418 2772 4474 quierant
2828 4422 3020 4476 capere
3057 4409 3385 4477 puniendum

1815 4498 2067 4552 Phocam.
2096 4498 2357 4564 Quocirca
2379 4500 2762 4568 hospitalitatis
2784 4500 3023 4564 cumulo,
3054 4501 3153 4554 hoc
3176 4516 3391 4571 quoque

1816 4587 2076 4641 henelieio
2107 4588 2174 4640 ab
2220 4603 2282 4641 eo
2318 4586 2452 4640 allici
2488 4590 2767 4657 rogabant,
2823 4597 2879 4641 ut
2914 4590 3179 4656 captanda
3230 4607 3388 4659 quem

1814 4680 2143 4746 (parebant,
2177 4695 2281 4732 una
2305 4680 2419 4747 ipse
2458 4692 2673 4747 operam
2704 4678 2975 4731 conferret
3002 4694 3176 4733 suam.

1880 4786 2097 4841 Audivit
2150 4787 2241 4841 Dei
2296 4802 2503 4851 servus,
2565 4788 2893 4857 immotoque
2932 4788 3115 4843 animo
3146 4788 3389 4841 auditum

1808 4890 2109 4931 sermonem
2140 4878 2462 4946 suscipiens,
2500 4877 2630 4930 nihil
2659 4880 2954 4946 abiectum,
2992 4893 3055 4932 ac
3097 4879 3239 4947 quod
3292 4894 3391 4946 pn-

1810 4965 1987 5019 sillum
2024 4968 2257 5021 animum
2298 4968 2581 5031 indicaret,
2644 4983 2831 5035 passus
2884 4977 2973 5022 aut
3026 4968 3234 5023 locutus
3262 4979 3386 5031 est;

1814 5073 1985 5124 neque
2020 5060 2253 5129 periculo
2283 5062 2573 5114 exterritus
2625 5062 2889 5128 spectavit
2949 5059 3127 5131 fugam
3156 5079 3169 5125 ;
3204 5061 3385 5127 idque,

1810 5149 1925 5216 ejus
1962 5151 2203 5206 ineundae
2247 5167 2492 5220 magnam
2532 5167 2592 5206 ac
2639 5153 2860 5207 liberam
2906 5153 3109 5207 habens
3157 5152 3387 5206 faculta-

184 5335 225 5402 ’ξ
259 5328 430 5402 Sirmi.
465 5326 1049 5402 Os_oa£6eta_§x:_¢?tqpat,_
1069 5326 1097 5379 ὃ
1130 5327 1449 5402 λαμπρᾷλτῇ
1472 5332 1636 5402 Δφωνῇ
1660 5332 1688 5383 6
1708 5329 2175 5402 δράσαςκαθωμ.,
2197 5329 2291 5382 καὶ
2325 5329 2548 5402 μηδενδς
2575 5328 2674 5398 μὲν
2696 5331 3027 5399 ἐρωτῶντος,
3049 5330 3161 5390 τοῖς
3177 5328 3379 5398 ἔργοις.

134 5398 169 5429 ⁸³
196 5400 268 5453 Si:
286 5416 361 5453 In.
409 5400 671 5451 Ἰουδαῖοι.

750 5396 791 5427 ³⁸
833 5396 996 5451 Sirin.
1028 5396 1216 5466 ἀμνός.

197 5544 308 5611 (Η)
355 5542 498 5595 Nam
531 5552 644 5596 erat
675 5542 783 5595 tale
808 5543 1023 5604 crimen,
1052 5542 1160 5595 Kal
1186 5540 1295 5610 γὰρ
1316 5538 1393 5610 ἦν
1418 5541 1481 5594 τὸ
1502 5543 1712 5610 ἔγκλη-

141 5631 205 5681 μα
236 5614 533 5669 τοιοῦτον.
568 5612 732 5681 Paulo
767 5612 927 5681 aliter
964 5612 1241 5681 Romanus
1284 5615 1453 5681 codex
1493 5627 1555 5665 ac
1596 5612 1713 5665 Sir-

394 5681 497 5735 Και,
521 5682 631 5753 γὰρ
655 5677 1019 5753 ἦνᾷθεοσὲϐεια
1051 5680 1318 5753 minem
1346 5681 1373 5731 δ
1395 5680 1621 5753 “imp?
1647 5685 1713 5752 τῇ

142 5756 275 5817 ςίυνῆ
312 5758 341 5805 ὁ
390 5749 613 5823 δράσας’
640 5749 1048 5823 καθωμολόγει]
1079 5749 1289 5823 Religio
1337 5749 1534 5803 crimen
1557 5749 1712 5823 erat,

256 5826 263 5872 ἰ
294 5819 482 5876 ..εδιτιον
506 5823 650 5877 clara
682 5819 1171 5885 voce'cmtlitebatur,
1196 5820 1379 5875 eadem
1400 5828 1479 5873 est
1501 5820 1715 5875 omnino

142 5685 309 5734 tuendi
342 5703 354 5737 :

1291 5397 1333 5426 ³³
1364 5395 1509 5451 Paul;
1544 5395 1650 5465 Ilii
1702 5395 1819 5469 δήτι.

1896 5400 1939 5431 ³³
1964 5402 2086 5453 lsai.
2123 5414 2194 5462 χι,
2227 5402 2294 5459 6;
2326 5414 2447 5457 ων,
2472 5400 2560 5451 ‘25.

1819 5540 2120 5603 sententia;
2169 5539 2308 5592 haud
2347 5539 2471 5591 item
2521 5553 2680 5607 quam
2717 5536 2861 5591 Snrii
2900 5537 3167 5607 interpres
3212 5537 3394 5603 expri-

1822 5614 1937 5676 mit,
1967 5625 2084 5679 qnaz
2116 5626 2210 5664 nec
2239 5610 2349 5675 ipsa
2388 5608 2521 5662 satis
2542 5606 2843 5679 commoda
2875 5618 2955 5660 est
2986 5624 2999 5659 :
3033 5606 3243 5679 Crimen
3278 5612 3392 5679 erat

1820 5674 2003 5747 pietas,
2039 5681 2175 5747 quod
2218 5679 2360 5729 clara
2397 5694 2514 5732 voce
2557 5677 2920 5744 conﬁtebatur,
2954 5692 3068 5727 cum
3101 5677 3188 5743 qui
3216 5674 3393 5747 omnia

1822 5742 1962 5815 fecit.
1996 5742 2085 5803 Sic
2116 5749 2219 5802 alia
2261 5750 2457 5817 passim
2488 5742 2785 5817 occurrunt
2810 5747 2985 5800 minus
3021 5742 3388 5807 accurata,,in

1825 5821 2016 5887 quibus
2050 5830 2222 5874 tamen
2255 5816 2413 5873 nolim
2444 5831 2558 5873 esse
2593 5816 2879 5871 morosior.
