4212 6318
796 358 899 414 307

2063 355 2120 431 s.
2164 352 2439 411 asrsau
2477 352 2727 409 AMASE.

3932 351 4047 409 508

793 484 920 535 tem,
954 485 1074 525 cum
1102 468 1137 523 ll
1168 467 1395 523 necdum
1445 469 1670 534 scirent,
1704 483 1826 525 eum
1865 484 1986 525 esse
2024 484 2184 538 quem
2217 483 2364 538 quae-
2386 502 2401 531 ε

2496 470 2605 539 ιήτε
2634 471 2792 541 δῆλος
2818 464 2887 539 ἦν
2925 467 3002 521 ἔτι
3040 467 3199 529 αὐτὸς
3242 467 3338 530 ὢν,
3368 468 3397 519 6
3436 468 3564 536 παρ’
3601 465 3820 519 ἐκείνων
3850 464 4047 537 ἐπιζη-

791 571 973 618 rerent
1003 577 1018 616 :
1046 569 1234 616 contra
1272 574 1402 615 vero
1449 561 1669 621 omnino
1710 561 1876 627 fecit;
1928 576 1986 616 se
2011 561 2224 617 fortiter
2270 574 2363 630 ge-

790 667 931 716 rere,
968 666 1069 704 non
1097 649 1282 720 fugere
1330 659 1595 707 statuens.
1631 651 1827 707 Eorum
1887 652 2074 722 itaque
2114 652 2361 721 precibus

788 745 997 809 annuit,
1043 750 1116 805 et,
1169 742 1304 813 Ego,
1354 742 1549 813 inquit,
1582 745 1633 798 in
1666 744 1916 814 praesenti
1966 744 2179 815 negotio
2208 744 2364 798 vobis

788 832 1005 900 adjutor
1042 846 1170 897 ero;
1209 831 1332 885 novi
1359 832 1503 887 enim
1547 833 1740 899 virum,
1771 841 1826 888 et
1878 834 2037 888 facile
2077 835 2361 902 quaesitum

788 922 1074 976 inveniam.
1105 921 1214 977 Nec
1258 932 1417 978 erunt
1447 923 1714 995 longiores
1768 940 1953 991 morae,
1996 926 2089 980 sed
2126 926 2209 979 die
2240 940 2361 980 cra-

787 1015 925 1068 stina
954 1014 1105 1069 vobis
1126 1029 1247 1068 eum
1278 1015 1579 1070 ostendam.
1629 1014 1731 1070 Vos
1781 1025 1985 1069 tantum
2027 1017 2078 1071 in
2104 1016 2205 1071 hoc
2242 1031 2362 1071 meo

790 1118 1023 1173 paupere
1074 1102 1374 1159 diversorio
1414 1104 1759 1174 requiescite.
1818 1104 1917 1161 Ubi
1964 1107 2043 1159 sic
2081 1106 2161 1161 eis
2214 1117 2363 1160 certo

790 1192 1149 1262 promisisset,
1179 1192 1387 1250 duabus
1414 1208 1471 1249 se
1496 1195 1657 1250 rebus
1678 1195 1956 1266 dispertit;
1995 1210 2184 1264 nempe
2218 1197 2361 1250 exci-

790 1284 999 1354 piendis
1066 1293 1174 1339 tota
1213 1285 1548 1340 humanitate
1600 1287 1971 1351 occisoribus,
2016 1302 2079 1343 ac
2125 1289 2365 1358 parando

789 1376 1057 1445 sepulcro.
1109 1375 1243 1431 Cum
1277 1387 1453 1430 autem
1496 1387 1737 1448 parasset
1796 1379 2016 1445 fossam,
2049 1390 2101 1435 et
2137 1396 2255 1449 quae
2301 1384 2366 1435 ad

792 1467 1123 1537 sepulturam
1155 1476 1308 1522 erant
1334 1471 1661 1536 necessaria,
1683 1471 1749 1525 ad
1793 1486 1886 1527 eos
1926 1473 2181 1549 postridie
2213 1488 2368 1527 acce-

793 1559 956 1613 dens:
1001 1558 1314 1627 Diligenter,
1369 1560 1573 1631 inquit,
1633 1562 1788 1617 vobis
1835 1562 2056 1631 quaesivi
2112 1562 2363 1624 Phocam.

794 1656 980 1716 estque
998 1646 1109 1713 jam
1141 1658 1327 1717 parata
1362 1650 1541 1717 praeda
1565 1691 1579 1715 ,
1606 1665 1668 1705 ac
1697 1652 1741 1706 si
1788 1651 1972 1720 lubet,
2011 1655 2367 1724 comprehcn-

794 1738 971 1793 datur.
1000 1736 1111 1795 lllis
1147 1748 1325 1794 autem
1360 1755 1470 1811 pra:
1498 1743 1691 1809 gaudio
1726 1743 2112 1811 quaerentibus,
2152 1743 2368 1798 ubinam

2463 559 2725 629 τούμενος
2746 575 2761 590 ο
2802 557 2937 611 ἀλλὰ
2977 558 3082 609 πᾶν
3115 555 3424 608 τούναντίον
3459 555 3633 607 ἐποίει
3655 593 3669 617 ,
3698 554 4046 624 ἀνδρίζεσθαι

2469 651 2687 722 μᾶλλον,
2711 652 2805 704 καὶ
2834 650 2954 720 οὐχὶ
2979 648 3200 717 φεύγειν
3230 662 3442 719 προῃρη
3453 646 3629 716 μένος.
3667 645 3883 715 Ἀμέλει
3908 646 4050 716 πρὸς

2464 742 2561 813 τὴν
2592 742 2814 807 ἀξίωσιν
2838 739 3073 793 ἐπινεύει
3095 758 3107 769 ·
3138 737 3330 804 Κάγὼ,
3362 738 3545 809 φησὶν,
3571 739 3698 806 ὑμῖν
3721 739 3799 798 εἰς
3826 736 3885 788 τὸ
3912 752 4048 804 προ-

2466 832 2714 901 κείμενον
2756 831 3117 902 συλλήψομαι.
3154 828 3412 882 Γινώσκω
3450 826 3559 897 γὰρ
3590 828 3679 879 τὸν
3718 826 3886 896 ἄνδρα
3908 866 3921 885 ,
3955 826 4052 876 καὶ

2469 923 2668 994 ῥᾳδίως
2703 921 3051 993 ἀναζητήσας
3089 922 3323 993 εὑρήσω·
3367 920 3467 972 οὐκ
3497 920 3577 979 είς
3606 915 3820 987 μακρὰν
3845 915 3902 967 δὲ
3930 914 4051 966 τοῦ·

2466 1030 2578 1077 τον,
2608 1013 2744 1067 ἀλλὰ
2770 1015 2849 1077 εἰς
2878 1013 2978 1084 τὴν
3007 1013 3265 1066 ἐπιοῦσαν
3295 1012 3390 1065 καὶ
3418 1012 3598 1072 αὐτοῖς
3622 1010 3748 1078 ὑμῖν
3771 1006 4049 1069 ἐπιδείξω·

2472 1104 2631 1174 μόνον
2678 1105 2837 1175 ὑμεῖς
2877 1105 2970 1157 ἐπὶ
3010 1105 3109 1174 τῆς
3151 1103 3415 1173 πενιχρᾶς
3456 1100 3661 1169 ταύτης
3716 1096 4051 1165 καταγωγῆς

2469 1195 2880 1250 ἀναπαύσασθε.
2932 1194 3089 1249 Οὕτω
3129 1193 3352 1264 βεϐαίαν
3407 1192 3590 1253 αὐτοῖς
3636 1188 4055 1257 ἐγγυησάμενος

2468 1288 2565 1358 τὴν
2593 1288 2904 1357 ὑπόσχεσιν,
2944 1286 3265 1358 πράγμασιν
3300 1284 3490 1338 ἑαυτὸν
3529 1278 3883 1351 καταμερίξει
3905 1278 4053 1338 δυσὶ,

2470 1382 2534 1449 τῇ
2562 1395 2621 1432 τε
2650 1377 2892 1443 δεξιώσει
2917 1378 3028 1431 τῶν
3057 1375 3250 1430 ἑαυτοῦ
3283 1376 3506 1445 φονέων,
3539 1373 3632 1425 καὶ
3663 1375 3727 1442 τῇ
3761 1367 4061 1439 ἑτοιμασίᾳ

2469 1471 2564 1525 τοῦ
2587 1472 2782 1540 τάφου.
2808 1472 3150 1544 Εὐτρεπίσας
3182 1470 3236 1523 δὲ
3260 1469 3321 1522 τό
3344 1486 3403 1521 τε
3436 1468 3652 1540 ὄρυγμα
3680 1465 3775 1517 καὶ
3819 1463 3889 1515 τὰ
3922 1459 4062 1530 περὶ

2470 1565 2643 1635 ταφὴν
2695 1566 3005 1632 ἀναγκαῖα,
3061 1558 3374 1632 προσελθὼν
3425 1560 3607 1619 αὐτοῖς
3644 1559 3707 1627 τῇ
3764 1552 4058 1623 ὑστεραίᾳ,

2484 1655 2789 1727 Ἐπιμελῶς
2836 1657 2986 1726 ὑμῖν,
3042 1654 3177 1725 ἔφη,
3218 1652 3310 1705 τὸν
3351 1652 3541 1703 Φωκᾶν
3577 1646 3916 1718 άνεζήτησα,
3958 1644 4063 1697 κσιί⁸

2472 1745 2687 1816 ἕτοιμον
2727 1745 2827 1816 ’ήδη
2859 1744 2917 1797 τὸ
2944 1744 3169 1815 θήραμα
3194 1760 3206 1772 ·
3244 1742 3337 1795 καὶ
3364 1742 3412 1793 εἰ
3455 1740 3632 1803 δοκεῖ,
3673 1734 4059 1805 συλληφθήτω.

795 1829 879 1883 vir
909 1829 995 1883 ille
1012 1840 1155 1885 esset
1182 1848 1196 1883 :
1229 1830 1341 1886 Non
1371 1834 1578 1903 procul,
1608 1834 1803 1904 inquit,
1834 1837 1929 1891 sed
1957 1836 2231 1892 vobiscum
2257 1850 2366 1900 esu

2496 1815 2599 1893 Γῶν
2629 1840 2685 1892 δὲ
2718 1840 2978 1892 εἰπόντων
3012 1841 3075 1891 ὲκ
3115 1836 3503 1907 περιχαρείας·
3534 1832 3644 1888 Καὶ
3690 1830 3793 1883 ποῦ
3820 1831 3848 1881 6
3876 1829 4062 1897 ἀνήρ;

796 1936 920 1975 nam
951 1930 1005 1975 et
1032 1936 1131 1991 ego
1162 1921 1250 1978 ille
1279 1923 1394 1993 ipse
1424 1940 1567 1979 sum.
1601 1925 1732 1980 Rem
1776 1926 1960 1997 itaque
1988 1929 2369 1998 exsequimini,

792 2014 1044 2083 longique
1067 2014 1278 2070 itineris
1306 2030 1369 2069 ac
1396 2016 1601 2073 laboris
1642 2033 1863 2088 scopum
1904 2019 2141 2089 implete.
2176 2020 2372 2076 Obstu-

799 2112 1029 2171 puerunt
1045 2105 1240 2159 animis
1274 2107 1543 2173 homines,
1587 2123 1761 2178 eoque
1783 2112 1986 2181 audito,
2014 2110 2370 2183 diriguerunt,

796 2192 963 2248 salem
994 2210 1058 2248 ac
1088 2209 1326 2250 mensam
1356 2199 1595 2264 reveriti,
1618 2198 2037 2272 muniﬁcumque
2061 2202 2115 2257 in
2146 2218 2373 2272 pauper-

803 2294 915 2340 tale
946 2286 1253 2340 convivam.
1282 2287 1361 2341 Ad
1407 2289 1521 2344 hac
1551 2304 1697 2356 vero,
1733 2292 1945 2347 animos
1977 2302 2035 2347 ut
2058 2308 2116 2349 se
2172 2294 2374 2348 interli-

802 2386 986 2432 cerent
1020 2380 1399 2435 exhortatione
1433 2382 1696 2447 addebat;
1735 2382 2066 2454 jubebatque
2098 2401 2165 2440 ne
2220 2387 2375 2455 quid—

800 2484 965 2539 quam
996 2469 1340 2537 dubitarent;
1370 2471 1579 2538 dicens,
1640 2488 1705 2528 ne
1740 2474 1854 2529 fore
1894 2476 2107 2545 quidem
2159 2478 2374 2532 illorum

807 2577 996 2618 manus
1028 2563 1247 2627 caedem,
1296 2565 1389 2619 sed
1419 2579 1604 2619 eorum
1662 2566 1893 2633 facinus,
1955 2570 2044 2637 qui
2094 2557 2378 2638 praecepis-

803 2663 945 2709 sent.
989 2654 1151 2719 Dixit,
1177 2657 1469 2725 persuasit,
1497 2672 1690 2727 passus
1722 2667 1825 2725 est,
1855 2674 1921 2714 ac
1958 2661 2132 2729 capite
2169 2670 2380 2715 trunca-

807 2755 913 2814 tus,
944 2757 1093 2816 grata
1119 2745 1230 2803 Deo
1264 2748 1438 2804 hostia
1471 2749 1686 2805 oblatus
1718 2763 1820 2804 eat.

880 3010 963 3064 Ab
1005 3009 1071 3065 eo
1116 3019 1359 3080 tempore
1392 3010 1784 3084 hactenusque,
1828 3012 2137 3069 columnam
2166 3031 2290 3072 eum
2321 3034 2383 3072 ac

807 3102 1235 3159 sustentaculum
1269 3100 1383 3173 (45)
1438 3103 1742 3159 divinarum
1775 3121 1870 3175 per
1900 3107 2085 3162 orbem
2117 3108 2383 3165 Ecclesia—

819 3212 956 3260 rum,
980 3210 1013 3250 ο
1035 3195 1158 3258 viri,
1187 3196 1478 3261 habemus;
1510 3204 1700 3266 estque
1742 3197 1832 3252 ille
1866 3208 2162 3270 martyrum
2195 3200 2386 3257 claris-

815 3288 1005 3355 simus,
1048 3286 1254 3342 habens
1286 3288 1401 3357 ipse
1432 3288 1635 3355 primas
1669 3300 1851 3358 partes
1877 3291 2019 3344 inter
2044 3293 2301 3360 optimos.
2341 3294 2388 3348 Is

816 3394 1003 3437 omnes
1031 3376 1273 3433 conferto
1300 3379 1515 3447 agmine
1536 3379 1601 3433 ad
1634 3394 1787 3434 suum
1824 3383 1992 3436 trahit
2020 3382 2351 3438 domicilium
2373 3424 2388 3447 ,

816 3477 1049 3537 suntque
1084 3470 1251 3537 plenae
1285 3468 1383 3522 via:
1415 3470 1642 3537 publicae
1683 3470 1747 3525 iis
1798 3472 1890 3539 qui
1946 3488 2012 3526 ex
2067 3488 2393 3543 unaquaque

821 3560 1039 3629 regione
1082 3559 1147 3612 ad
1204 3559 1380 3615 locum
1416 3560 1681 3614 orationis
1723 3564 2075 3617 contendunt.
2111 3566 2286 3633 Atque
2311 3576 2395 3619 est

818 3653 1033 3721 quidem
1073 3652 1419 3719 magnificum
1468 3653 1600 3706 illud
1650 3654 1928 3723 templum,
1973 3656 2058 3710 cui
2091 3657 2303 3725 obtigit,
2338 3665 2395 3710 ut

820 3754 1223 3799 sacrosanctum
1254 3746 1479 3799 haberet
1510 3747 1764 3817 martyris
1819 3762 2034 3817 corpus,
2087 3763 2273 3802 eorum
2304 3751 2394 3819 qui

829 3835 1162 3904 afﬂiguntur,
1194 3836 1490 3902 relaxatio;
1525 3853 1711 3891 eorum
1743 3838 1832 3906 qui
1872 3839 2073 3893 morbis
2124 3840 2395 3907 laborant,

821 3926 1032 3983 olllcina
1067 3928 1270 3983 medica
1302 3944 1315 3982 :
1347 3943 1533 3983 eorum
1561 3930 1650 3997 qui
1686 3932 1952 3995 esuriunt,
1988 3945 2197 3998 mensa;
2230 3931 2395 3985 abun-

822 4020 1042 4075 dantius
1076 4020 1219 4073 enim
1256 4034 1399 4072 nunc
1447 4018 1543 4072 alit
1611 4017 1820 4073 Pbbcas
1878 4020 2185 4088 defunctus,
2235 4008 2396 4092 quam

826 4113 974 4181 prius
1001 4110 1198 4180 Josepb
1231 4111 1283 4163 in
1306 4108 1541 4181 Egypto
1558 4110 1733 4165 vivus.
1766 4110 1897 4164 Nam
1920 4112 2008 4165 ille
2038 4113 2250 4181 quidem
2285 4114 2399 4167 fru-

830 4214 1068 4257 mentum
1098 4203 1441 4270 permutabat
1470 4203 1731 4271 pecunia;
1757 4203 1846 4256 hic
1869 4213 2070 4268 autem,
2109 4205 2276 4274 gratis
2303 4204 2404 4257 lur-

828 4297 970 4365 gitur
1008 4295 1309 4363 egentibus.
1342 4295 1433 4350 Sic
1457 4294 1827 4349 mendicorum
1859 4309 1921 4349 ac
1949 4309 2203 4349 erronum
2236 4300 2404 4349 turba:

834 4388 898 4441 ad
930 4386 1162 4456 Sinopes
1194 4387 1478 4450 isthmum,
1510 4402 1609 4441 ceu
1642 4387 1707 4440 ad
1752 4401 2039 4440 commune
2067 4386 2282 4455 aliquod
2309 4401 2402 4455 pe-

2479 1933 2553 1985 Ού
2596 1932 2805 2003 πόρρω,
2849 1932 3033 2000 φησὶν,
3080 1929 3216 1982 ἀλλὰ
3254 1927 3371 1999 μεθ’
3414 1926 3568 1997 ὑμῶν
3592 1939 3606 1953 ’
3636 1923 3799 1984 αὐτὸς
3833 1921 3890 1974 δὲ
3927 1920 4065 1987 ὑμῖν

2478 2017 2630 2087 οὗτος
2663 2021 2773 2090 ἐγώ
2798 2039 2810 2052 ·
2845 2024 2937 2074 καὶ
2968 2019 3243 2091 χρήσασθε
3276 2018 3353 2088 τῷ
3423 2018 3731 2089 πράγματι,
3788 2011 3883 2063 καὶ
3930 2010 4069 2074 πλη-

2484 2115 2690 2187 ρώσατε
2716 2114 2803 2167 τὸν
2872 2113 2970 2183 τῆς
3022 2110 3325 2181 ὁδοιπορίας
3375 2109 3469 2161 καὶ
3488 2105 3580 2160 τοῦ
3612 2106 3773 2157 πόνου
3833 2099 4066 2153 σκοπόν.

2493 2208 2841 2277 Ἐπλὰγησαν
2873 2205 2970 2268 τὰς
3011 2203 3189 2273 ψυχὰς
3235 2204 3283 2255 οἱ
3315 2201 3623 2270 ἄνθρωποι,
3658 2195 3751 2249 καί
3786 2193 3924 2264 πρὸς
3962 2190 4069 2261 τὴν

2483 2301 2650 2370 ἀκοὴν
2674 2298 3059 2367 άπεπάγησαν,
3084 2296 3209 2357 τοὺς
3240 2293 3373 2355 ἃλας
3403 2294 3496 2346 καὶ
3529 2292 3628 2362 τὴν
3670 2287 3954 2360 τράπεζαν
3986 2284 4072 2336 αἰ-

2481 2390 2776 2452 δεσθέντες,
2804 2388 2898 2441 καὶ
2928 2387 3017 2439 τὸν
3055 2388 3111 2438 ὲν
3150 2384 3310 2454 πενίᾳ.
3338 2383 3615 2452 φιλότιμον
3655 2380 3966 2447 ἑστιάτορα.
4010 2373 4073 2424 ’0

2482 2486 2537 2537 δὲ
2590 2483 2683 2536 καὶ
2728 2480 2805 2533 ἔτι
2840 2478 3139 2549 παρεκάλει
3180 2476 3315 2546 πρὸς
3348 2475 3446 2545 τὴν
3474 2474 3679 2543 τόλμαν
3713 2472 3812 2539 τῆς
3852 2466 4075 2537 ἀναιρέ-

2487 2592 2643 2637 σεως,
2681 2573 2774 2626 καὶ
2805 2570 2940 2641 μηδὲ
2979 2568 3114 2639 πρὸς
3152 2567 3329 2635 ὀλίγον
3366 2566 3636 2629 διστάζειν
3684 2560 4075 2620 ὲπεκελεύετο,

2485 2668 2686 2734 λέγων,
2727 2663 2800 2726 ὡς
2832 2660 2942 2714 οὒτ’
2993 2660 3217 2712 ἐκείνων
3253 2657 3434 2728 χειρὸς
3477 2658 3505 2708 6
3535 2656 3727 2723 φόνος,
3770 2650 3909 2706 ἀλλὰ
3956 2649 4076 2703 τῶν

2486 2753 2903 2827 προσταξάντων
2931 2753 2965 2822 ’ή
3003 2749 3362 2821 ἐπιχείρησις.
3391 2743 3577 2807 Εἶπεν,
3610 2746 3849 2805 ἔπεισεν,
3872 2741 4075 2804 ἔπαθε,

2489 2848 2580 2901 καὶ
2616 2843 2712 2915 τὴν
2742 2842 2984 2913 κεφαλὴν
3013 2840 3353 2911 ἀποτμηθεὶς
3372 2881 3385 2903 ,
3414 2839 3606 2908 ἱερεῖον
3642 2835 3715 2904 τῷ
3743 2834 3861 2903 Θεῷ
3907 2850 4076 2901 κεχα-

2493 2937 2742 3007 ρισμένον
2775 2936 3079 3008 προσήχθη.

2563 3025 2762 3090 Στύλος
2794 3026 2839 3057 ⁸⁸
2887 3026 2981 3078 καὶ
3010 3025 3243 3095 ἔρεισμα
3280 3022 3387 3075 τῶν
3415 3020 3575 3073 θείων
3622 3018 3719 3088 τῆς
3745 3016 4083 3087 οἰκουμένης

2503 3118 2858 3188 Ἐκκλησιῶν,
2891 3114 2949 3183 ἐξ
2969 3116 3177 3170 ἐκείνου
3218 3113 3378 3186 μέχρι
3402 3111 3496 3165 τοῦ
3524 3110 3617 3163 νῦν
3638 3109 3824 3162 τοῦτον
3852 3108 4084 3177 ἔχομεν,

2492 3208 2770 3281 ἄνθρωποι
2794 3226 2807 3240 ·
2839 3209 2933 3264 καὶ
2967 3206 3261 3279 μαρτύρων
3308 3202 3454 3258 ἐστὶν
3487 3196 3641 3265 οὗτος
3676 3198 4091 3269 περιφανέστα-

2492 3318 2603 3365 τος,
2637 3303 2694 3352 ὲν
2715 3301 2828 3363 τοῖς
2855 3297 3101 3367 ἀρίστοις
3134 3296 3268 3375 ἔχων
3299 3294 3459 3356 αὐτὸς
3491 3293 3552 3344 τὸ
3584 3293 3871 3360 πρωτεῖον.
3906 3284 4090 3349 Οὗτος

2492 3392 2779 3462 ἐφέλκεται
2804 3388 3077 3459 πανδημεὶ
3103 3387 3309 3447 πάντας
3341 3384 3477 3455 πρὸς
3506 3383 3567 3435 τὸ
3590 3379 3779 3434 ἑαυτοῦ
3818 3377 4091 3445 καταγώ-

2494 3501 2647 3552 γιον,
2694 3483 2788 3535 καὶ
2846 3480 3073 3550 πλήρεις
3132 3479 3187 3531 αἱ
3232 3476 3496 3545 λεωφόροι
3543 3473 3650 3525 τῶν
3699 3471 3789 3539 ἀφ’
3837 3469 4093 3536 ἑκάστης

2496 3574 2679 3646 χώρας
2709 3572 2843 3644 πρὸς
2875 3570 2963 3624 τὸν
2996 3571 3157 3623 τόπον
3200 3565 3567 3635 ἐπειγομένων
3611 3564 3709 3631 τῆς
3743 3560 4095 3631 προσευχῆς.

2500 3664 2655 3716 Ἐστι
2700 3662 2797 3732 μὲν
2839 3657 2931 3713 οὖν
2960 3664 2988 3713 6
3019 3656 3441 3730 μεγαλοπρεπὴς
3472 3656 3675 3715 ἐκεῖνος
3716 3652 3866 3711 ναὸς,
3895 3650 3959 3712 ὃς
3994 3652 4095 3702 καὶ

2496 3758 2557 3810 τὸ
2588 3754 2731 3826 ἱερὸν
2764 3753 2908 3823 ἔχειν
2936 3751 3027 3805 τοῦ
3059 3752 3333 3821 μάρτυρος
3365 3743 3649 3815 ἐκληρώθη
3692 3740 3874 3811 σῶμα,
3900 3739 4095 3792 θλιϐο-

2504 3845 2682 3917 μένων
2734 3843 2935 3904 ἄνεσις,
2984 3838 3341 3908 κακουμένων
3377 3829 3644 3905 ίατρεῖον,
3700 3830 4101 3900 λιμωττόντων

2501 3938 2768 4007 τράπεζα.
2812 3932 3207 4002 Δαψιλέστερον
3240 3927 3346 3998 γὰρ
3380 3925 3567 3995 τρέφει
3614 3922 3805 3983 Φωκᾶς
3861 3920 3962 3973 νῦν
4007 3937 4102 3973 τε-

2503 4028 2792 4097 λευτήσας,
2824 4024 2966 4094 ἥπερ
3009 4025 3065 4073 ἐν
3108 4019 3367 4087 Αἰγύπτῳ
3400 4019 3427 4068 ὁ
3468 4015 3664 4083 Ἰωσὴφ
3702 4012 3759 4063 τὸ
3793 4012 4099 4082 πρότερον.

2517 4121 2753 4179 Ἐκεῖνος
2792 4117 2888 4186 μὲν
2922 4115 3032 4183 γὰρ
3064 4111 3324 4183 ἀργυρίου
3356 4109 3445 4161 τὸν
3472 4110 3612 4159 σῖτον
3637 4104 3893 4173 διένειμε·
3936 4098 4100 4166 οὗτος

2504 4212 2560 4264 δὲ
2616 4213 2817 4281 προῖκα
2855 4210 2966 4268 τοῖς
3004 4204 3280 4272 δεομένοις
3324 4198 3625 4269 χαρίζεται.
3664 4194 3818 4248 Οὕτω
3853 4194 4102 4261 πτωχῶν

2509 4305 2602 4356 καὶ
2636 4300 3005 4372 άλητευόντων
3041 4296 3179 4363 φῦλα
3222 4292 3545 4364 προστρέχει
3588 4288 3665 4359 τῷ
3697 4288 3793 4357 τῆς
3834 4285 4103 4354 Σινώπης

2514 4393 2717 4463 ἰσθμῷ,
2756 4390 3003 4459 καθάπερ
3049 4388 3154 4438 τινὶ
3186 4384 3346 4453 κοινῷ
3374 4383 3623 4453 ταμιείῳ.
3671 4379 3806 4431 Ἀλλ’
3842 4382 3965 4430 ἐκεῖ
4000 4378 4103 4447 μὲν

838 4482 1049 4533 narium
1088 4488 1401 4534 accurrunt.
1440 4476 1546 4532 Sed
1579 4477 1687 4531 illic
1725 4478 1940 4546 quidem
1991 4478 2091 4531 sic.
2127 4477 2182 4530 Si
2227 4488 2401 4533 autem

2514 4481 2707 4543 οὕτως.
2744 4482 2803 4532 Εἰ
2838 4479 2897 4532 δέ
2924 4494 3024 4531 που
3063 4475 3156 4529 καὶ
3184 4472 3415 4542 ἀλλαχοῦ
3449 4471 3533 4524 διὰ
3562 4469 3769 4541 μικρῶν
3795 4468 4102 4535 λειψάνων,

847 4569 996 4623 ctiam
1023 4569 1152 4623 alibi
1182 4582 1473 4638 paucarum
1505 4566 1852 4636 reliquiarum
1890 4566 2251 4633 impertitione
2273 4569 2406 4639 (46),

937 4702 982 4733 ”
1020 4702 1147 4772 Leg.
1175 4699 1383 4753 στύλον.

914 4843 1024 4913 (ιὸ)
1067 4840 1471 4913 Columnamac
1502 4844 1935 4904 sustentaculum,
1968 4850 2073 4897 etc.
2107 4842 2198 4896 Sic
2244 4846 2409 4898 etiam

851 4910 1169 4968 Sirmundus
1231 4910 1457 4982 margini
1514 4913 1859 4981 ascripserat.
1911 4914 2030 4982 leg.
2073 4914 2300 4967 στύλονο
2357 4924 2416 4969 ut

849 4999 950 5038 non
984 4980 1340 5052 praecedentia
1372 4979 1599 5046 referat,
1629 4979 1771 5052 quod
1813 4979 1985 5036 reddit
2015 4981 2295 5051 Lipomani
2330 4984 2415 5036 in-

845 5051 1071 5121 terpres.
1107 5051 1344 5104 retinens
1369 5065 1555 5105 vocem
1581 5051 1786 5115 στύλος,
1818 5055 1911 5106 sed
1943 5054 2241 5121 sequentia,
2274 5053 2416 5121 quod

844 5124 1002 5193 plane
1033 5131 1142 5193 tota
1170 5121 1332 5189 exigit
1356 5121 1499 5193 ratio,
1526 5130 1828 5193 contextus.

914 5190 1029 5258 (46)
1078 5187 1375 5260 Paucarum
1408 5190 1748 5259 reliquiarum
1792 5191 2163 5257 impertitione,
2198 5191 2296 5245 διὰ
2320 5208 2417 5260 μισ

847 5260 1005 5329 κρᾶγν
1032 5258 1361 5327 λειψάνων.
1386 5258 1521 5313 Sunt
1544 5262 1657 5315 haec
1685 5260 2067 5328 pulcherrima,
2096 5276 2157 5315 ac
2178 5258 2419 5314 veterum

848 5328 901 5384 in
946 5344 1134 5400 sacras
1183 5328 1435 5400 reliquias
1479 5330 1757 5400 religionis
1785 5330 2041 5399 praeclara
2085 5341 2423 5400 argumenta,

850 5414 975 5453 cum
1005 5399 1086 5453 sic
1118 5398 1475 5470 celebriorum
1518 5398 1811 5470 martyrum
1834 5414 1926 5470 ac
1952 5398 2259 5454 sanctorum
2296 5414 2430 5470 esu-

852 5470 977 5535 viis,
1009 5482 1073 5522 ex
1103 5467 1483 5539 unaEcclesia
1531 5467 1762 5523 (litarent
1793 5469 2071 5539 plurimas,
2118 5482 2225 5539 nec?
2268 5469 2429 5539 quid—

853 5553 1015 5606 quam
1063 5536 1260 5604 prioris
1312 5537 1589 5592 auferrent
1627 5536 2136 5591 autve'minuerent
2178 5538 2427 5602 divitias;

855 5622 1017 5675 quam
1058 5607 1321 5661 hactenus
1353 5608 1403 5659 in
1441 5608 1639 5661 nostris
1667 5608 1931 5675 vigentem
1964 5608 2108 5660 subit
2148 5606 2426 5675 gratulari,

856 5676 1020 5747 idque
1075 5680 1308 5747 maxime
1351 5678 1552 5731 recenti
1604 5679 1891 5731 admodum
1939 5676 2304 5747 acAhesterno
2354 5676 2431 5747 rei

860 5744 1144 5816 ejusmodi,
1205 5759 1375 5815 eoque
1426 5747 1753 5814 domestico,
1812 5756 1930 5813 post
1988 5744 2091 5798 alia
2147 5745 2287 5799 haud
2358 5745 2429 5797 ita

2521 4570 2630 4627 οἷον
2686 4571 2941 4625 ἀποικίαν
2984 4567 3106 4620 τινά
3150 4563 3531 4636 μητροπόλεως
3584 4563 3612 4613 6
3665 4560 3872 4630 μάρτυς
3916 4558 4105 4627 ἐαυτῷ

2520 4856 2723 4907 vetera,
2777 4847 3092 4909 occurrente
3144 4832 3759 4909 exemploinimirum,
3835 4828 4108 4909 illationis

2519 4897 2865 4981 reliquiarum
2897 4911 2954 4964 S.
2991 4897 3385 4981 R_aym_i_mdi'de
3412 4899 3723 4981 Penniafort
3757 4897 4107 4981 confessoris

2518 4969 2685 5038 nostri
2733 4980 2947 5037 Ordinis
3018 4969 3476 5034 Praedicatorum,
3536 4970 3591 5023 in
3656 4978 3898 5038 nostram
3964 4969 4111 5024 hanc

2518 5037 2575 5107 S.
2603 5052 2784 5106 Mariae
2810 5048 3152 5103 Annuntiata:
3174 5042 3497 5097 Parisiensis
3529 5052 3735 5093 sacram
3767 5037 3971 5100 :edem,
4007 5043 4109 5091 sub

2518 5121 2829 5192 praesentia,
2860 5133 2923 5171 ac
2955 5122 3385 5192 recognoscente.
3418 5109 3791 5192 illustrissimo
3813 5122 3903 5192 ac
3954 5121 4113 5192 refe-

2524 5177 2841 5245 rendissimo
2886 5177 3138 5255 episcopo
3186 5180 3533 5255 Massiliensi,
3558 5178 3953 5255 cominittente_
3982 5177 4108 5255 illa.-

2526 5242 2791 5316 strissimo
2842 5242 3405 5310 ac'reve'rendissimo
3474 5242 3764 5301 Parisiensi
3834 5245 4113 5316 archiepi-

2527 5314 2710 5398 scopo,
2758 5326 3325 5398 turbaqueinnumera
3361 5319 3640 5398 utriusque
3669 5328 3832 5398 sexus
3861 5314 4113 5398 fidelium

2527 5382 2745 5463 ovante,
2778 5412 2862 5461 ac,
2902 5382 3043 5463 q'uod
3080 5394 3155 5446 ait
3188 5400 3387 5467 noster_
3408 5382 3671 5445 Asterius,
3701 5382 3905 5467 factum
3921 5383 4113 5467 locum

2528 5452 2769 5521 nostrum
2803 5452 3017 5519 a'novo
3055 5472 3203 5533 tanto
3240 5460 3483 5533 hospite,
3529 5452 3874 5533 καταγώγιον
3916 5452 4117 5533 eoma-

2528 5536 2751 5599 ζόντων,
2783 5535 3105 5604 epulantium
3132 5529 3494 5588 diversorium,
3518 5530 3851 5604 agnoscente
3883 5537 3898 5571 :
3934 5529 4119 5604 iisque

2529 5590 2649 5659 cum
2681 5590 2889 5673 prim'is,
2928 5603 3023 5673 qui
3047 5608 3259 5669 ereptas
3300 5613 3337 5673 e_
3374 5590 4116 5673 mortis'faucibus_prole_s,

2529 5658 2958 5743 piésémissnho'
2979 5670 3094 5743 ejus
3137 5658 3439 5743 patrocinii,
3462 5663 3766 5743 _haustique
3794 5658 4118 5743 pulvisculi,

2532 5734 2754 5814 perenni
2796 5734 3053 5799 miraculo
3075 5754 3103 5795 e
3129 5734 3299 5793 sancti
3328 5734 3573 5805 sepulcro
3601 5734 3897 5795 nascentis,
3936 5743 4123 5785 reme-
