4212 6318
179 379 273 435 513

180 485 321 554 οὗτος
354 493 380 544 ό

178 583 296 636 δωσι
332 586 659 659 καθημέραν
698 591 794 660 τῆς
837 595 1051 665 μερίδος
1096 596 1185 648 τὸν
1221 597 1455 671 ὠνητήν.
1497 604 1741 658 Ἐπειδὰν

174 674 226 727 δὲ
248 676 416 745 ὅρμος
444 678 643 753 αὐτοὺς
671 680 1019 755 ύποδέξηται,
1048 688 1143 739 καὶ
1168 689 1247 751 είς
1280 691 1383 760 γῆν
1414 693 1738 761 ἀφίκωνται,

178 763 451 857 μερίζεται
478 767 540 821 τὸ
577 770 842 843 ἀργύριον
878 779 987 838 τοῖς
1022 779 1277 833 πεινῶσι·
1328 781 1540 853 τοῦτοή
1586 785 1741 857 μερὶς

172 854 258 908 τοῦ
278 858 463 922 Φωκᾶ,
491 864 743 932 πενήτων
770 866 1080 937 εὐεργεσία.
1098 922 1109 935 ,

238 945 521 1018 Τεθήπασι
552 953 741 1007 τοῦτον
766 958 857 1009 καὶ
887 958 1127 1027 βασιλεῖς
1151 962 1241 1015 τὸν
1270 964 1740 1034 καρτερικώτατον

172 1038 256 1093 καὶ
286 1041 556 1109 φιλόθεον,
575 1047 668 1099 καὶ
696 1048 997 1119 φιλοτίμως
1016 1055 1314 1124 κειμηλίοις
1335 1058 1739 1129 κατακοσμοῦσι

168 1130 253 1183 τοῦ
285 1135 654 1203 περιϐλὲπτου
698 1142 930 1211 πένητος
958 1143 1048 1195 τὸν
1085 1146 1232 1199 ναόν.
1276 1147 1642 1202 Φιλονεικοῦσι
1680 1150 1738 1203 δὲ

166 1222 210 1273 οι
266 1224 636 1298 ὲπιγινόμενοι
671 1233 800 1293 τοὺς
855 1234 1260 1307 πρεσϐυτέρους
1315 1238 1733 1311 ὑπερϐαλέσθαι.

167 1315 269 1368 Καὶ
320 1317 479 1371 οὔπω
528 1321 861 1393 θαυμαστὸν,
908 1330 955 1379 εί
998 1328 1099 1397 τῆς
1136 1330 1420 1400 Ῥωμαίων
1446 1334 1738 1404 ἡγεμονίας

166 1407 349 1480 ἄνδρες
390 1412 755 1479 φιλευσεὸεῖς,
797 1417 1019 1489 θεσμοῖς
1057 1424 1152 1474 καὶ
1198 1423 1382 1493 νόμοις
1426 1424 1732 1495 σύντροφοι,

165 1499 329 1564 οὕτως
360 1501 608 1568 εὐλαϐῶς
633 1507 812 1578 ἔχουσι
845 1512 973 1581 περὶ
1004 1513 1093 1566 τὸν
1124 1512 1428 1586 θεράποντα
1472 1514 1567 1569 τοῦ
1599 1518 1734 1587 Χρι-

167 1592 304 1660 στοῦ,
336 1596 503 1649 ὁπότε
545 1600 643 1650 καὶ
683 1602 765 1663 εἰς
802 1600 1111 1673 βαρϐάρους
1139 1605 1277 1677 ἔφθη
1306 1607 1366 1660 τὸ
1400 1606 1614 1676 θαῦμα’
1642 1608 1735 1660 καὶ

164 1686 357 1750 πάντες
385 1691 435 1741 οἱ
463 1690 791 1760 ἀγριώτατοι
818 1694 1042 1759 Σκύθαι,
1082 1696 1195 1749 ὅσοι
1218 1696 1280 1768 δὴ
1308 1698 1407 1769 τὴν
1435 1698 1734 1769 ἀντιπέρας

163 1776 247 1831 τοῦ
294 1778 551 1843 Εὐξείνου
587 1781 787 1835 Πόντου
830 1785 1059 1854 ἥπειρον
1092 1786 1381 1857 νέμονται,
1430 1787 1733 1849 Μαιώτιδος

1239 392 1519 450 ιιυλιιωλ
1560 401 1624 453 Χ.
1672 400 1732 455 lN
1778 402 1875 458 SS.
1919 406 2098 461 MM”
2122 408 2313 462 YRl-LS.

413 492 614 565 κλῆρος
652 502 750 570 τῆς
773 498 1067 571 ἀγορασίας
1100 506 1327 575 περιϊὼν
1366 511 1633 574 ἅπαντας,
1668 514 1740 565 δίο
1770 522 1813 575 Α
1843 520 2073 586 cmption

1729 544 1740 553 -
1770 522 1813 575 Α
1843 519 2126 586 emptionis
2160 524 2436 577 universos
2466 525 2671 587 obiens,
2694 524 2860 594 partis
2900 537 3190 593 emptorem
3218 529 3392 595 quoti-

3293 418 3391 472 διι

1844 608 1928 663 die
1959 613 2217 682 suggerit.
2254 612 2542 683 Postquam
2569 626 2742 670 autem
2776 632 2867 671 eos
2893 628 3079 686 portus
3101 620 3396 689 exceperit,

1844 701 2181 758 disnibuitur
2221 704 2480 761 famelicis
2514 707 2734 761 collecta
2775 712 2994 778 pecunia
3036 727 3047 762 :
3085 710 3242 779 idque
3279 725 3405 780 pars

1842 794 2033 851 Phoca:
2083 807 2183 863 est,
2224 813 2517 868 pauperum
2545 801 2917 856 beneficentia.

1916 970 2047 1024 Eum
2083 987 2295 1042 quoque
2346 988 2497 1043 reges
2544 976 2902 1039 admirantur,
2942 977 3031 1044 qui
3081 977 3404 1033 fortissimus

1842 1060 2228 1131 religiosusque
2288 1064 2597 1130 exstiterit,
2691 1066 3124 1134 suspiciendique
3158 1068 3404 1137 pauperis

1839 1153 2004 1206 aedem
2028 1167 2259 1220 sacram,
2296 1155 2565 1223 prmclaris
2591 1170 2653 1212 ac
2683 1156 2985 1226 magniﬁcis
3013 1169 3276 1212 exornant
3306 1158 3403 1213 do-
3474 1184 3478 1188 Α

1841 1241 2024 1295 uariis.
2062 1241 2425 1306 Contendant,
2453 1244 2799 1314 quijuniores
2822 1247 3105 1311 accedunt,
3138 1263 3397 1315 superare

1839 1342 2065 1387 veteres.
2106 1332 2213 1388 Nec
2237 1335 2347 1400 jam
2374 1337 2586 1401 mirum,
2616 1347 2675 1391 ut
2705 1337 2927 1391 Romani
2985 1339 3194 1408 imperii
3231 1332 3406 1393 homiv'

1840 1438 1935 1479 nes
1975 1425 2065 1494 pii,
2097 1440 2323 1494 quorum
2379 1428 2490 1480 vita
2551 1429 2755 1498 regitur
2786 1429 3024 1484 moribus
3066 1441 3226 1500 atque
3276 1432 3404 1500 legi-

1837 1515 1957 1578 bus.
1985 1530 2153 1584 usque
2181 1517 2313 1571 adeo
2341 1516 2544 1572 Christi
2591 1517 2847 1572 famulum
2894 1530 3243 1585 venerentur,
3278 1537 3401 1575 cum

1838 1606 1904 1661 ad
1946 1621 2113 1677 usque
2146 1608 2402 1663 barbaros
2426 1611 2731 1680 pervenerit
2763 1610 3086 1675 admiratio;
3116 1609 3398 1665 ferissimi-

1836 1712 1939 1765 que
1968 1713 2157 1752 onmes
2212 1697 2447 1770 Scythae,
2506 1710 2787 1768 quotquot,
2854 1702 3108 1769 inquam,
3160 1703 3405 1757 habitant

1838 1787 2197 1841 continentem
2229 1802 2290 1842 ex
2315 1789 2541 1841 adverso
2571 1787 2755 1841 Pontis
2776 1789 2967 1842 Euxini
2992 1807 3007 1855 ;
3036 1792 3231 1844 accolae
3256 1790 3407 1846 lacus

164 1867 371 1939 λίμνης,
401 1872 498 1923 καὶ
529 1873 776 1942 ποταμοῦ
800 1875 1061 1938 Τανάϊδος
1089 1878 1390 1947 πρόσοικοι,
1424 1878 1537 1929 ὅσοι
1566 1893 1623 1929 τε
1646 1876 1735 1930 τὸν
1769 1860 1811 1914 Β

1769 1860 1811 1914 Β
1842 1874 2121 1941 Maeotidis,
2152 1892 2214 1931 ac
2243 1876 2385 1931 ﬂuvii
2418 1877 2693 1942 Tanaidis,
2734 1894 2796 1933 ac
2837 1881 3142 1949 quicunque
3167 1880 3406 1936 incolunt

168 1960 433 2034 Βόσπορον
462 1963 694 2029 οίκοῦσι,
730 1967 825 2020 καί⁸
862 1968 988 2039 ἄχρι
1020 1969 1244 2032 Φάσιδος
1278 1970 1524 2041 ποταμοῦ
1557 1987 1738 2042 παρα-

165 2053 444 2117 τείνονται,
472 2055 674 2119 πάντες
722 2052 865 2111 οὗτοι
912 2058 1267 2130 δορυφοροῦσι
1317 2062 1392 2131 τῷ
1438 2060 1733 2130 κηπουρῷ⁶

165 2145 270 2205 τοῖς
328 2144 388 2196 δὲ
439 2146 608 2198 πᾶσιν
661 2146 809 2203 ἔθεσι
858 2149 953 2201 καὶ
1002 2149 1399 2219 ἐπιτηδεύμασι
1452 2149 1737 2211 διεστῶτες

167 2234 331 2303 ἡμῶν,
381 2238 464 2298 είς
508 2235 667 2289 τοῦτο
707 2238 866 2307 μόνον
907 2222 1290 2309 ὁμογνώμονες
1330 2240 1590 2309 γίνονται,
1639 2241 1737 2310 τὴν

166 2326 461 2397 ἀγριότητα
485 2328 595 2381 τῶν
620 2329 839 2400 τρόπων
863 2330 967 2383 ὑπὸ
997 2331 1098 2401 τῆς
1137 2331 1394 2402 ἀληθείας
1441 2332 1533 2401 ὲςη
1544 2347 1608 2399 με
1618 2332 1740 2401 ρού-

170 2434 324 2484 μενοι.
381 2413 480 2482 Εἷς
546 2418 676 2487 γοῦν
708 2419 891 2491 ἄρχων
942 2419 1038 2474 καὶ
1100 2421 1352 2491 βασιλεὺς
1403 2423 1608 2475 ἐκεῖθεν
1646 2422 1736 2475 τὸν

169 2508 421 2576 στέφανον
453 2510 557 2580 τῆς
610 2512 853 2582 κεφαλῆς
881 2512 1237 2583 ἀποθέμενος.
1275 2513 1460 2584 χρυσῷ
1498 2502 1591 2567 καί
1644 2514 1738 2568 ἀν-

169 2599 274 2653 em
300 2600 469 2653 λίθων
503 2603 1006 2674 περιλαμπόμενον,
1032 2604 1127 2658 καὶ
1154 2605 1246 2659 τὸν
1275 2604 1496 2678 θώρακα
1528 2605 1618 2659 τὸν
1643 2623 1740 2659 ποι

167 2688 379 2759 λεμικὸν
410 2692 639 2756 ἀποδὺς,
715 2692 846 2756 ῦλας
893 2694 1087 2765 ἔχοντα
1143 2694 1373 2748 πλούτου
1426 2693 1739 2766 (ἀλαζονικὴ

165 2784 263 2853 γὰρ
302 2785 399 2837 καὶ
452 2782 800 2857 θρυπτομένη
848 2786 956 2838 τῶν
1017 2785 1307 2857 βαρϐάρων
1356 2788 1388 2854 ἡ
1420 2786 1735 2856 πανοπλία)·

166 2874 400 2946 επεμψεν
443 2876 730 2947 ἀμφότερα
772 2876 1129 2947 ἀναθήματα,
1177 2875 1267 2930 διὰ
1313 2876 1412 2930 τοῦ
1463 2876 1743 2950 μάρτυρος

168 2966 234 3036 τῷ
261 2966 379 3038 Θεῷ
410 2968 507 3020 καὶ
531 2967 812 3036 δυνάμεως
830 2968 922 3020 καὶ
941 2966 1248 3039 ἀξιώματος
1270 2965 1613 3040 καθιερώσας
1639 2967 1742 3033 τὰς

166 3060 428 3130 ἀφορμάς.
468 3058 741 3130 Πρόδηλον
779 3059 908 3130 γὰρ,
953 3058 1029 3123 ὡς
1064 3061 1093 3113 ό
1147 3058 1243 3130 μὲν
1312 3059 1579 3129 στέφανος
1630 3061 1735 3132 τῆς

171 3150 436 3218 βασιλείας
466 3146 536 3222 ἦν
592 3152 976 3222 χαριστήριονο
1019 3151 1049 3205 ὁ
1094 3150 1149 3204 δὲ
1184 3148 1387 3221 θώραξ,
1442 3150 1546 3222 τῆς
1596 3151 1739 3206 κατά

171 3242 430 3314 πολέμους
461 3243 665 3313 ἰσχύος.

232 3336 339 3398 Τάς
386 3335 447 3388 δὲ
500 3334 744 3405 συνεχῶς
776 3334 868 3389 ἐπὶ
905 3332 1119 3399 τούτοις
1149 3332 1550 3406 συμϐαινούσας
1584 3331 1738 3405 edep-

170 3426 345 3490 γεσίας
372 3424 465 3477 διὰ
490 3424 599 3477 τῶν
628 3425 685 3477 ἐν
718 3425 992 3496 ὀνείρασιν
1020 3424 1216 3495 ὄψεων,
1260 3426 1355 3479 καὶ
1394 3424 1482 3479 διὰ
1507 3423 1617 3477 τῶν
1653 3425 1741 3477 θε-

172 3515 423 3585 ραπειῶν,
461 3510 536 3569 ὧν
567 3517 617 3569 οίη
652 3515 951 3587 κάμνοντες
1004 3514 1357 3581 ἀπολαύουσι,
1386 3515 1505 3580 πῶς
1546 3516 1613 3570 ἀν
1656 3533 1740 3580 τις

171 3608 254 3660 καὶ
281 3606 625 3678 διηγήσαιτο,
656 3608 918 3660 ἀδυνάτου
950 3607 1298 3673 καθεστῶτος
1334 3613 1454 3673 ταῖς
1499 3608 1740 3663 καθέκα-

173 3716 286 3751 στον
314 3701 622 3770 ἐνεργείαις
657 3702 948 3769 ἐπαφεῖναι
987 3699 1077 3753 τὸν
1105 3699 1295 3769 λόγον;
1344 3700 1533 3772 Ἡμεῖς
1561 3700 1739 3755 τοίνυν

170 3791 394 3845 ἐνταῦθα
427 3791 713 3861 λήξαντες,
749 3790 903 3855 δόξαν
930 3791 1008 3862 τῷ
1052 3790 1265 3863 Σωτῆρι
1324 3790 1739 3863 προσοίσωμεν,

170 3877 225 3935 οὗ
255 3883 428 3937 δοῦλοι
454 3884 637 3936 πιστοὶ
666 3884 933 3955 τοσαύτης
961 3883 1271 3954 ἠξιώθησαν
1301 3884 1521 3954 χάριτος
1543 3924 1557 3948 ,
1601 3882 1741 3936 ὥστε

174 3978 301 4045 πρὸς
332 3979 513 4029 πᾶσαν
543 3977 731 4047 χρείαν
761 3979 855 4031 καὶ
886 3979 1208 4049 περίστασιν
1230 4015 1243 4039 ,
1284 3974 1427 4029 κατὰ
1460 3976 1557 4046 τὴν
1577 3975 1744 4029 δοθεῖ-

174 4083 266 4120 σαν
296 4070 482 4129 αὐτοῖς
506 4067 735 4139 δωρεὰν,
772 4070 899 4133 τοὺς
922 4068 1247 4139 ὁμοδούλους
1283 4068 1587 4138 εὐεργετεῖν
1610 4084 1623 4097 θ
1650 4067 1743 4119 καὶ

174 4160 338 4215 ταῦτα
378 4161 517 4231 μετά
541 4160 639 4231 τὴν
666 4161 875 4215 ὲνθὲνδε
902 4160 1108 4230 ἄφιξιν,
1142 4160 1344 4215 καὶτὸν
1368 4160 1460 4213 τοῦ
1495 4159 1745 4230 σώματος

176 4253 445 4324 χωρισμόν
464 4270 478 4284 ·
519 4246 592 4305 ὧν
620 4256 654 4323 ἡ
688 4254 874 4323 μνήμη
912 4251 1049 4323 μετά
1075 4250 1169 4305 τοῦ
1203 4251 1365 4321 ἔργου
1390 4249 1507 4303 καθ’
1533 4249 1745 4320 ἡμέραν

174 4344 436 4415 διατρὲχει
470 4344 650 4407 πόλεις
676 4345 769 4397 καὶ
796 4343 1007 4413 κώμας.
1038 4340 1314 4411 πανταχοῦ
1334 4341 1425 4394 τὸν
1456 4340 1745 4412 εὐεργέτην

176 4435 520 4506 κηρύσσουσα
555 4434 785 4507 Κύριον·
844 4427 885 4502 ᾧ
936 4434 1135 4504 πρέπει
1168 4435 1319 4486 πᾶσα
1364 4428 1549 4501 [δόξα,
1605 4429 1742 4501 καὶ]

1842 1964 2199 2039 Bosphorum,
2234 1974 2288 2021 et
2336 1966 2401 2019 ad
2432 1964 2714 2020 Phasidem
2747 1981 2917 2037 usque
2954 1966 3172 2023 ﬂuvium
3219 1980 3406 2043 exteris

1840 2058 2081 2121 duntur;
2143 2072 2348 2123 omnes,
2406 2058 2643 2125 inquam,
2707 2058 2784 2122 hi,
2838 2061 3154 2129 obsequium
3224 2062 3403 2116 olitori

1838 2158 2095 2215 prmstent
2127 2165 2140 2202 :
2178 2164 2407 2219 cumque
2464 2149 2704 2203 moribus
2752 2152 3003 2205 omnibus
3043 2167 3104 2205 ac
3150 2154 3345 2208 studiis
3376 2170 3403 2207 a

1841 2240 1993 2292 nobis
2023 2238 2295 2303 differant,
2324 2238 2425 2293 hac
2468 2255 2570 2293 una
2612 2255 2671 2295 re
2703 2242 2814 2295 sola
2863 2241 3014 2296 nobis
3041 2245 3404 2307 consentiunt,

1839 2340 1893 2383 ut
1925 2344 2109 2384 eorum
2168 2329 2353 2384 feritas
2408 2345 2617 2384 morum
2672 2346 2701 2383 a
2755 2332 2981 2386 veritate
3035 2347 3391 2389 mansuescat.

1840 2421 1991 2476 Unus
2016 2430 2163 2475 certe
2196 2422 2342 2474 illinc
2367 2422 2615 2491 princeps
2669 2437 2889 2490 rexque,
2916 2439 3168 2478 coronam
3217 2406 3405 2494 capitis

1840 2512 2135 2579 deponens,
2192 2526 2325 2565 auro
2372 2526 2435 2564 ac
2481 2528 2812 2580 gemmarum
2849 2512 3068 2569 ﬂoribus
3123 2518 3407 2585 magniﬁce

1838 2600 2223 2667 splendentem,
2249 2614 2563 2668 exuensque
2590 2602 2841 2670 pretiosae
2867 2605 3105 2657 materiae
3163 2606 3404 2662 bellicam

1837 2686 2057 2742 loricam
2082 2688 2299 2759 (quippe
2314 2688 2541 2759 superba
2574 2700 2657 2744 est
2678 2705 2738 2744 ac
2756 2689 3029 2747 luxuriosa
3056 2692 3403 2749 barbarorum

1839 2781 2160 2850 armatura),
2193 2788 2416 2849 utraque
2442 2780 2842 2846 misitdonaria,
2871 2785 2973 2837 Dco
2999 2798 3092 2850 per
3119 2797 3406 2855 martyrem

1840 2870 2090 2940 potentia
2121 2886 2185 2927 ac
2213 2871 2492 2941 dignitatis
2527 2886 2850 2927 consecratis
2883 2887 3221 2943 argumenta.
3280 2876 3405 2932 Cla—

1840 2978 1957 3016 rum
1983 2964 2124 3017 enim
2150 2974 2253 3029 est,
2286 2964 2495 3020 misisse
2527 2980 2807 3031 coronam,
2860 2976 2918 3019 ut
2968 2981 3064 3035 pro
3094 2982 3254 3036 regno
3284 2983 3410 3036 gra-

1842 3053 1945 3107 tias
1966 3062 2192 3123 ageret:
2231 3053 2451 3109 loricam
2484 3070 2633 3120 vero,
2666 3062 2722 3109 ut
2744 3070 2839 3125 pro
2866 3054 3060 3112 virtute
3090 3056 3299 3110 bellica.

1913 3342 2041 3409 Quae
2068 3348 2246 3394 autem
2273 3346 2488 3409 prapter
2510 3338 2620 3394 haec
2654 3337 2907 3395 continue
2939 3336 3189 3393 eveniunt
3240 3338 3399 3393 bene-

1844 3432 1961 3487 ficia
1996 3446 2090 3500 per
2129 3430 2366 3485 visiones
2400 3430 2466 3494 in
2521 3428 2749 3493 somnis,
2804 3444 2868 3483 ac
2916 3431 3245 3493 curationes,
3276 3444 3409 3497 quas

1841 3520 2029 3591 aegroti
2060 3529 2484 3590 consequuntur,
2518 3534 2625 3590 quo
2680 3520 2802 3588 quis
2862 3520 3020 3573 modo
3074 3520 3409 3585 narraverit,

1842 3629 1962 3669 cum
1994 3626 2173 3667 sermo
2201 3611 2267 3665 ad
2321 3611 2524 3680 singula
2582 3612 2841 3665 accedere
2887 3627 2992 3665 non
3046 3610 3256 3680 possit!
3307 3610 3412 3664 Nos

1842 3720 1970 3773 ergo
2019 3704 2105 3759 hic
2135 3703 2477 3765 desinentes,
2510 3701 2775 3758 Salvatori
2830 3702 3051 3770 gloriam
3087 3700 3410 3766 oﬂeretnus,

1844 3796 1995 3864 cujus
2018 3794 2157 3850 servi
2191 3794 2373 3850 ﬁdeles
2398 3802 2603 3848 tantam
2630 3790 2853 3864 gratiam
2880 3799 3006 3846 sunt
3028 3792 3324 3855 consecuti,
3357 3803 3413 3845 ut

1846 3886 1897 3941 in
1926 3885 2070 3939 omni
2107 3885 2427 3939 necessitate
2456 3898 2517 3937 ac
2545 3900 2693 3947 casu,
2722 3896 2819 3948 pro
2868 3896 3127 3936 concesso
3169 3881 3247 3949 eis
3274 3882 3414 3934 dono

1845 3979 2118 4034 conservis
2154 3977 2265 4032 suis
2281 3975 2619 4030 benefaciaut
2652 3988 2666 4023 :
2708 3973 2866 4041 idque
2886 3980 3163 4040 postquam
3198 3971 3264 4023 ab
3316 3971 3413 4024 hu-

1846 4072 2017 4125 manis
2061 4068 2420 4133 excesserint,
2459 4065 2770 4135 fuerintque
2823 4065 3053 4132 separati
3090 4081 3117 4117 a
3162 4077 3410 4133 corpore.

1846 4165 2083 4231 Quorum
2120 4159 2379 4215 memoria
2405 4157 2617 4223 ellicax,
2670 4157 2912 4226 quotidie
2958 4156 3257 4224 pervadens
3284 4155 3415 4208 civi-

1849 4264 1984 4309 tates
2035 4269 2100 4309 ac
2153 4252 2344 4313 vicos,
2409 4250 2607 4319 ubique
2668 4246 3067 4302 benefactorein
3130 4244 3412 4300 Dominum

1848 4346 2138 4417 praedicat:
2172 4357 2327 4414 quem
2355 4342 2508 4397 decet
2540 4340 2717 4394 onmis
2756 4340 2947 4407 gloria,
2987 4338 3177 4401 honor,
3221 4345 3273 4389 et
3316 4351 3413 4403 po-

1851 4447 2040 4500 testas,
2072 4450 2134 4489 ac
2166 4426 2579 4505 magniﬁcentia,
2610 4444 2751 4484 nunc
2779 4440 2834 4483 et
2888 4429 2938 4483 iu
2970 4427 3161 4483 sarcula
3193 4427 3415 4482 saccum-

176 4529 322 4599 τιμὴ,
362 4528 456 4581 καὶ
485 4528 705 4597 κράτος.
745 4528 838 4580 καὶ
882 4526 1342 4598 μεγαλοπρέπεια,
1390 4522 1484 4576 νῦν
1537 4524 1631 4575 καὶ
1665 4524 1743 4585 εἰς
1778 4541 1819 4597 D
1852 4545 1988 4586 mm,
2021 4529 2213 4585 Amen,

178 4623 296 4684 τοὺς
325 4621 528 4684 αἰῶνας
553 4619 658 4672 τῶν
690 4618 922 4673 αἰώνων.
968 4620 1163 4689 Ἀμήν.

935 4731 989 4783 l'.

377 4844 700 4915 Ἐγκώμιον
730 4847 817 4910 εἰς
844 4844 983 4909 τοὺς
1008 4844 1215 4913 ἁγίους
1231 4841 1558 4910 μάρτυρας.

248 4936 453 5002 Ἔστιν,
486 4937 560 4999 ὡς
586 4936 778 4998 ἔοικεν,
806 4937 899 4988 καὶ
933 4934 1083 5007 παρά
1116 4935 1224 4987 τῶν
1244 4933 1445 5004 σφόδρα
1472 4931 1749 5003 δυσμενῶν

246 5167 357 5237 (49)
400 5168 473 5221 Ex
537 5166 779 5220 biblioth.
844 5164 1134 5237 cardinal.“
1169 5162 1505 5237 C_nlu_mum_,'
1551 5179 1604 5215 ιι.
1658 5162 1741 5237 l2,

183 5231 519 5292 exscribentc
549 5254 611 5289 ac
647 5237 1078 5291 communicante
1107 5235 1169 5287 ιι.
1197 5235 1257 5285 Ρ.
1288 5231 1399 5285 Jac.
1432 5231 1739 5285 Sirmundo.

188 5338 241 5348 -
264 5309 577 5378 Opportune
612 5307 823 5378 tandem
864 5305 1152 5378 detectam.
1176 5319 1266 5378 nae
1308 5302 1743 5378 humanissimej

185 5370 492 5433 doctissimo
552 5375 793 5441 perinde,
852 5389 914 5428 ac
973 5372 1362 5427 humanissimo
1410 5372 1523 5424 viro
1574 5372 1636 5423 lt.
1686 5370 1742 5424 Ρ.

183 5445 383 5503 Iacobo
414 5443 706 5499 Sirmundu
739 5458 1074 5497 communem
1116 5442 1329 5503 factam,
1376 5456 1493 5494 cum
1525 5442 1609 5494 vix
1640 5456 1742 5493 non

188 5520 402 5587 praelum
438 5515 642 5587 Asterii
667 5511 869 5587 reliqua
896 5514 1222 5587 excudisset,
1251 5525 1355 5579 quo
1389 5510 1600 5587 tandem
1631 5510 1748 5563 loco

190 5580 419 5641 maxime
450 5580 847 5645 desiderabam,
893 5597 955 5636 ac
988 5593 1107 5648 post
1146 5580 1336 5651 Phoea:
1371 5581 1620 5651 martyris
1658 5596 1752 5651 eu—

188 5660 441 5718 comintu,
476 5668 677 5720 ponere
723 5652 889 5705 licuit.
946 5652 1156 5705 Titulus
1200 5650 1411 5720 quidem
1456 5649 1757 5703 communis

189 5738 295 5789 est;
332 5718 487 5779 velut
512 5724 653 5776 dicta
695 5722 764 5776 sit
808 5720 860 5775 in
906 5731 1171 5789 martyres
1209 5718 1449 5772 absolute
1476 5758 1489 5780 ,
1526 5733 1753 5789 quorum

193 5787 361 5853 (ἓτπεί
394 5803 511 5864 post
546 5791 916 5849 Pentecostem
960 5787 1096 5846 diem
1130 5790 1399 5847 celebrem
1435 5790 1653 5849 habent,
1682 5787 1755 5843 uti

2609 4722 2665 4777 Χ.

2116 4841 2417 4894 lfucomium
2455 4839 2506 4889 in
2541 4838 2745 4889 sanctos
2769 4843 3021 4906 martyres
3054 4834 3186 4905 (49).

1926 4933 2094 4995 Licet,
2125 4945 2181 4985 ut
2215 4933 2445 4995 videtur,
2479 4933 2637 4984 etiam
2678 4944 2705 4981 a
2748 4931 3092 4983 vehementer
3122 4928 3340 4982 infensis
3367 4938 3414 4981 ct

1855 5164 1965 5217 fere
1994 5176 2089 5215 nos
2114 5175 2163 5213 tu
2196 5160 2369 5225 capite
2393 5157 2753 5213 Kalendarum
2788 5155 3187 5217 Novembrium,
3226 5156 3417 5207 festum

1854 5232 2102 5289 Omnium
2160 5229 2479 5283 Sanctorum
2519 5247 2530 5281 :
2568 5244 2623 5282 re
2664 5238 2839 5282 tamen
2890 5228 3013 5279 vera
3058 5225 3198 5277 dicta
3229 5235 3331 5285 est,
3368 5225 3418 5276 in

1855 5310 2029 5355 certos
2065 5300 2323 5368 quosdam
2367 5307 2655 5365 martyres,
2692 5314 2755 5351 ac
2794 5297 2936 5349 velut
2964 5294 3111 5368 urbis
3147 5292 3419 5368 tutelares,

1857 5371 1907 5423 iu
1951 5386 2052 5439 qua
2085 5363 2225 5422 'tunc
2259 5363 2524 5439 Asterius
2547 5378 2725 5435 egeret
2756 5384 2769 5421 :
2804 5381 2937 5434 quos
2985 5363 3075 5419 ille
3124 5364 3421 5439 prfecipnos

1855 5432 1997 5494 inter
2032 5450 2292 5507 inartyres
2326 5436 2548 5498 indicat,
2584 5432 2937 5507 Eumeni-um
2965 5432 3424 5507 xepucpaiouqetal.

1856 5502 2186 5582 προστάτας,
2215 5509 2329 5576 ipso
2352 5505 2783 5582 Statimexordio
2814 5515 2989 5557 vocat.
3014 5502 3176 5581 Forte
3205 5502 3421 5553 excide-

1855 5577 1980 5632 runt
2014 5582 2227 5631 nomina
2269 5577 2483 5644 propria
2522 5577 2729 5629 illorum
2762 5585 3081 5644 martyrum,
3115 5577 3164 5644 in
3194 5584 3420 5637 quorum

1857 5650 1969 5702 haec
2018 5641 2308 5721 Νιιιιιιὶιίἰεῖ⁸
2349 5646 2590 5699 Asterius
2620 5641 2915 5721 oraverat,
2950 5641 3030 5721 vel
3074 5641 3231 5694 etiam
3280 5647 3421 5721 metu

1858 5728 1982 5773 sunt
2009 5718 2074 5772 ab
2105 5733 2190 5783 eo,
2221 5716 2309 5783 qui
2348 5725 2633 5769 tractatum
2674 5716 2773 5768 sibi
2812 5712 3049 5780 reposuit
3078 5724 3289 5783 ac_su:e
3318 5708 3419 5761 Ec-

1858 5788 2055 5852 clesiae,
2091 5779 2186 5858 pro
2221 5779 2306 5842 die
2335 5784 2469 5841 festo
2496 5785 2734 5841 omnium
2783 5779 3104 5851 martyrum.
3138 5779 3423 5835 Commen-
