4212 6318
709 349 815 409 M5

1990 350 2049 403 S.
2091 348 2365 405 ASTERll
2406 347 2719 404 AMASENI

3870 343 3983 399 3M

709 465 1144 536 implacabilibus
1193 466 1453 532 inimicis,
1488 467 1700 524 lucrum
1736 466 1952 536 aliquod
2002 465 2086 519 vel
2118 470 2289 519 maxi—

2426 468 2490 520 ιαὶ
2520 462 2891 519 ἀδιαλλάκτω-ι
2920 463 3129 536 ἐχθρῶν
3159 462 3507 534 ὠφεληθῆναι
3523 462 3589 513 τὰ
3615 458 3862 528 μίγιστω
3886 464 3983 513 καὶ

717 572 864 612 mum
896 572 1089 629 capere
1120 576 1133 613 :
1162 573 1227 612 ac
1248 572 1369 612 cum
1404 558 1609 627 reliqua
1644 559 1765 611 vita:
1801 555 2140 625 experientia
2172 571 2299 624 pro-

717 648 830 713 bat,
862 658 975 702 tum
1001 663 1119 717 quae
1145 650 1305 703 modo
1332 660 1456 704 sunt
1480 651 1769 705 celebrata.
1800 646 1911 701 Nisi
1942 647 2083 700 enim
2119 646 2302 699 diabo-

717 732 802 786 lus
828 733 1165 788 Christianos
1191 746 1508 804 persecutus
1536 746 1704 798 esset,
1734 750 1796 789 ac
1822 735 2084 790 adversus
2117 734 2304 789 Eccle-

718 820 853 873 siam
909 822 1105 875 bellum
1142 825 1492 893 suscepisset,
1532 823 1704 877 nullos
1733 823 2057 879 haberemus
2094 834 2305 893 marty-

720 910 949 973 resziis
1006 921 1185 966 autem
1223 928 1326 966 non
1388 914 1748 979 exSIantibus,
1808 924 1999 968 mmsta
2057 928 2121 966 ac
2175 912 2304 966 nihil

722 995 909 1053 hilaris
979 999 1225 1069 festaque
1276 1002 1385 1056 vita
1434 1002 1588 1055 nobis
1638 1010 1906 1071 ageretur.
1966 1000 2107 1067 Quid
2160 1001 2302 1055 enim

722 1087 1055 1146 solemnibus
1098 1094 1247 1149 hisce
1305 1093 1662 1148 conventibus
1720 1092 2025 1161 comparari
2092 1092 2307 1160 queat?

723 1179 929 1246 Quidve
982 1184 1117 1237 adeo
1164 1184 1473 1243 venerabile
1522 1198 1584 1238 ac
1644 1184 1987 1250 praeclarum,
2027 1199 2190 1252 quam
2249 1196 2308 1237 ut

724 1273 910 1325 urbem
933 1284 1100 1327 totam
1134 1275 1404 1330 moenibus
1438 1275 1639 1330 effundi
1671 1276 1878 1339 videas,
1916 1285 2082 1347 atque
2120 1276 2185 1327 ad
2209 1289 2301 1327 sa-

727 1377 881 1415 crum
946 1364 1121 1418 locum
1187 1365 1519 1433 procedere,
1575 1382 1706 1435 pura
1765 1366 1877 1420 illic
1930 1365 2309 1420 sincerissime

722 1452 939 1519 pietatis
966 1457 1221 1523 mysteria
1256 1458 1691 1512 celebraturaml
1749 1457 1921 1512 Porro
1975 1473 2098 1511 vera
2138 1459 2309 1526 pietas

725 1552 831 1611 est,
861 1556 918 1599 ut
951 1562 1045 1601 eos
1074 1550 1427 1605 veneratione
1455 1563 1519 1604 ac
1551 1550 1850 1604 honoribus
1881 1564 2301 1619 prosequamur,

725 1636 816 1702 qui
879 1636 1003 1691 forti
1042 1654 1138 1710 pro
1171 1640 1398 1695 Domino
1454 1642 1634 1700 animo
1674 1652 1945 1696 tormenta
1976 1640 2117 1709 passi
2164 1648 2308 1700 sunt,

726 1740 791 1780 ac
834 1729 1119 1784 adversum
1155 1732 1347 1787 mortis
1400 1748 1711 1802 supremum
1750 1732 2040 1787 discrimen
2071 1730 2313 1785 decerta-

2403 557 2561 609 τοῦτο
2608 556 2895 617 δείκνυσιν,
2924 555 2958 624 ἥ
2990 570 3049 606 τε
3075 554 3207 625 άλλη
3242 553 3337 607 τοῦ
3372 552 3485 622 βίου
3534 554 3727 620 πείρα,
3772 549 3865 601 καὶ
3915 550 3991 601 τὰ

2406 648 2610 719 ἀρτίως
2637 644 2955 716 τελούμενα.
2984 645 3047 697 El
3073 643 3147 714 μὴ
3182 644 3290 716 γὰρ
3320 644 3537 709 ἐδίωξεν
3570 640 3929 709 Χριστιανοὺς
3959 638 3988 689 ὁ

2404 737 2673 796 διάϐολος.
2712 735 2807 789 κα)⁵
2835 736 2926 787 τὸν
2954 733 3095 788 κατὰ
3119 734 3218 804 τῆς
3259 732 3582 804 Ἐκκλησίας
3606 731 3777 801 ἦρα-σο
3828 729 3993 781 πόλε-

2410 846 2529 899 μον,
2588 826 2690 881 οὐκ
2734 828 2799 881 ἂν
2834 828 3053 898 εἴχομεν
3113 826 3396 896 μάρτυρας
3422 842 3436 856 ·
3490 823 3782 895 μαρτύρων
3823 820 3881 872 δὲ
3912 819 3991 889 μὴ

2406 922 2594 983 ὄντων,
2632 919 2954 990 σκυθρωπὸς
2980 918 3140 989 ἡμῶν
3165 921 3193 971 ό
3216 918 3330 987 βίος
3360 917 3569 985 ἐγίνετο
3585 914 3680 967 καὶ
3713 912 3989 983 ἀνέορτος.

2408 1013 2471 1064 Τί
2495 1012 2604 1081 γὰρ
2638 1010 2890 1074 ἀντάξιον
2918 1010 3122 1063 τούτων
3154 1010 3261 1062 τῶν
3292 1007 3689 1078 πανηγύρεων;
3736 1007 3791 1057 τί
3820 1004 3877 1056 δξ.
3898 1001 3992 1056 οὕ·-

2405 1119 2513 1165 τως
2554 1100 2755 1170 σεμνὸν
2795 1101 2887 1153 καὶ
2920 1100 3200 1168 πάγκαλον
3221 1139 3235 1162 ,
3279 1099 3355 1161 ὡς
3390 1097 3453 1151 τὸ
3485 1097 3640 1150 πόλιν
3666 1096 3796 1166 ὃλην
3838 1094 3993 1156 ἰδεῖν,

2414 1191 2665 1259 παγγενῆ
2702 1189 3042 1259 ὲκφοιτῶσαν
3064 1189 3157 1243 τοῦ
3186 1191 3400 1252 ἄστεος,
3430 1187 3575 1256 ἱερὸν
3602 1186 3656 1238 δὲ
3693 1186 3858 1238 τόπον
3888 1202 3995 1236 κα·-

2411 1280 2883 1351 ταλαμϐἀνουσαν,
2917 1279 3201 1342 εὐσεϐείας
3250 1278 3627 1349 ἀληθεστάτης
3668 1277 3841 1329 τελεῖν
3896 1294 4000 1328 κα-

2411 1370 2555 1442 θαρά
2579 1372 2856 1441 μυστήρια
2884 1389 2897 1431 ;
2933 1369 3200 1423 Εὐσέϐεια
3226 1368 3282 1422 δὲ
3316 1367 3542 1439 ἀληθὴς,
3572 1366 3633 1418 τὸ
3660 1367 3999 1437 προσκυνεῖν

2410 1478 2471 1515 τε
2494 1463 2591 1515 καὶ
2614 1464 2780 1533 τιμᾷν
2804 1463 2928 1525 τοὺς
2946 1461 3013 1514 δι’
3032 1462 3252 1515 ἐκεῖνον
3269 1460 3415 1531 πάθη
3443 1457 3728 1529 καρτερῶς
3752 1456 4002 1524 ἐνεγκόν-

2411 1569 2531 1615 τας,
2581 1553 2677 1604 καὶ
2723 1551 3239 1622 παρατεταγμένους
3290 1550 3429 1621 πρὸς
3462 1550 3553 1602 τὸν
3610 1548 3838 1617 ἔσχατον
3900 1544 3999 1597 τοῦ

2416 1640 2655 1695 Θανάτου
2684 1642 2954 1695 κίνδυνον·
2982 1636 3057 1696 ὧν
3083 1645 3367 1713 κορυφαῖοι
3409 1642 3499 1695 καὶ
3541 1640 3837 1711 προστάται
3869 1654 3994 1704 τυγο

2416 1732 2668 1803 χάνουσιν
2721 1734 2771 1785 οἱ
2808 1734 2874 1802 σή
2885 1750 2949 1803 με
2958 1751 3047 1805 ρον
3070 1735 3217 1804 ἡμᾶς
3248 1733 3310 1805 δη
3320 1733 3550 1804 μαγωγή
3559 1748 3714 1785 σαντε
3725 1748 3767 1793 ς·
3804 1731 4002 1801 ἄνδρες

728 1830 953 1884 verunt;
1011 1836 1240 1889 quorum
1285 1823 1558 1891 principes
1586 1832 1732 1885 sunt,
1776 1837 1839 1876 ac
1866 1822 2053 1886 duces,
2088 1820 2178 1888 qui
2213 1836 2308 1873 nos

2426 1824 2503 1879 διὰ
2534 1824 2699 1877 καλὸν
2746 1824 2994 1886 θάνατον,
3048 1824 3304 1879 ἀθάνατοι
3324 1841 3337 1853 ·
3371 1824 3459 1876 διὰ
3500 1822 3560 1874 τὸ
3588 1820 4003 1890 καταφρονῆσαι

727 1903 886 1957 hndie
918 1907 968 1959 in
1002 1910 1317 1962 concionem
1350 1920 1653 1972 vocarunt;
1709 1909 1809 1963 viri
1844 1908 2118 1974 nimirum,
2172 1925 2309 1977 prae-

2426 1917 2577 1989 ζωῆς,
2606 1917 2805 1981 ζῶντες
2824 1918 2939 1970 ἀεί·
2971 1918 3063 1970 τοῦ
3086 1918 3325 1987 αἵματος
3346 1916 3441 1987 τὴν
3464 1914 3739 1984 βασιλείαν
3769 1911 4009 1974 ἀλλαξά-

728 1997 888 2050 clarze
946 2000 1133 2053 mortis
1188 2001 1346 2059 titulo
1395 2002 1764 2065 immortales;
1815 2002 1938 2054 vitae
1972 2010 2306 2067 contemptu,

2426 2023 2589 2075 μενοι,
2615 2007 2709 2060 καὶ
2727 2008 2825 2077 τὴν
2850 2006 3131 2059 ἐπίϐουλον
3156 2006 3333 2076 σάρκα
3364 2004 3658 2073 εὐεργέτην
3688 2002 3789 2070 τῆς
3825 2001 4011 2071 ψυχῆς

730 2098 992 2155 perpetuo
1023 2090 1295 2155 viventes;
1335 2092 1539 2161 quique
1586 2108 1811 2163 regnum
1865 2092 2129 2161 sanguine
2156 2106 2308 2146 com-

2426 2098 2809 2167 Ξιποφὴναντες.
2842 2096 3027 2160 Οὕτως
3060 2098 3377 2167 προαίρεσις
3406 2095 3604 2164 ἀγαθὴ.
3624 2096 3752 2147 δταν
3785 2092 4009 2162 ἡνιόχου

731 2180 1011 2243 mutarint,
1074 2195 1140 2235 ac
1192 2185 1375 2237 carnis
1431 2184 1656 2239 insidias
1688 2184 1741 2237 in
1774 2182 2093 2237 beneficium
2128 2192 2309 2236 verte-

2426 2186 2573 2256 Βίκην
2601 2184 2885 2254 ὲφεστῶσα
2962 2187 3039 2257 τῷ
3054 2186 3324 2258 ἀνθρώπῳ
3343 2205 3354 2218 ·
3389 2185 3659 2255 ὑποζεύξῃ
3680 2185 3737 2237 δὲ
3752 2184 3889 2254 αὐτῇ
3908 2182 4013 2247 τὰς

731 2267 861 2322 rint.
897 2268 990 2324 Sic
1046 2272 1221 2340 plane,
1258 2290 1378 2328 cum
1408 2275 1545 2330 bona
1588 2276 1837 2329 voluntas
1893 2270 2109 2344 aurigze
2142 2274 2316 2328 instar

2426 2274 2596 2343 ὁρμὰς
2614 2276 2792 2337 πάσας
2816 2276 2909 2328 καὶ
2931 2277 2998 2329 τὰ
3032 2277 3342 2347 κινήματα,
3383 2279 3477 2330 καὶ¹
3524 2275 3901 2346 προσεχόντως
3932 2273 4012 2335 ὡς

733 2362 1044 2425 praesederit
1067 2362 1270 2417 homini
1296 2380 1311 2430 ;
1343 2365 1555 2434 sibique
1584 2363 1702 2433 ejus
1732 2363 2000 2434 appetitus
2036 2376 2224 2417 omnes
2251 2377 2315 2416 ac

2426 2366 2576 2435 ἡνίας
2608 2366 2847 2437 διατείνῃ
2877 2368 3003 2430 τοὺς
3033 2367 3347 2437 λογισμοὺς,
3376 2369 3572 2438 ἀργίαν
3598 2366 3884 2427 νύττουσα,
3918 2364 4017 2417 καὶ

733 2450 1055 2516 agitationes
1106 2453 1493 2524 subjugaverit,
1534 2471 1597 2509 ae
1646 2454 1791 2510 velut
1846 2454 2111 2515 habenas,
2148 2452 2314 2506 animi

2426 2456 2657 2527 ὀξύτητα
2682 2458 2918 2530 ἄμετρον
2932 2460 3352 2513 ἀναστέλλουσα·
3384 2460 3482 2529 οὐχ
3514 2454 3623 2511 οἶόν
3648 2474 3705 2509 τε
3725 2457 3962 2509 ἄτακτον
3979 2454 4014 2523 ἢ

733 2540 1004 2609 cogitatus
1067 2552 1277 2598 attente
1345 2545 1635 2615 sobrieque
1674 2544 2026 2614 pertenderit,
2055 2542 2320 2597 exstimu-

2432 2542 2769 2603 ἐπικίνδυνον
2797 2552 3056 2619 γενέσθαι
3078 2552 3174 2605 τοῦ
3204 2551 3315 2620 βίου
3351 2550 3440 2604 τὸν
3467 2550 3684 2621 δρόμον.

736 2628 899 2683 laudo
936 2632 1225 2700 ignaviam,
1256 2649 1317 2689 ac
1343 2635 1562 2688 nimiam
1593 2635 1962 2689 incitationem
1992 2633 2318 2698 cohibenda,
2360 2639 2545 2707 nequit
2576 2640 2691 2696 fieri
2723 2652 2781 2696 ut
2832 2645 2959 2697 vita:
3011 2659 3203 2698 cursus
3253 2642 3663 2710 incompositus,
3689 2638 4021 2709 ae-periculu

735 2720 1052 2789 conjunctus
1072 2726 1321 2780 exsistat.

806 2813 996 2881 Itaque
1028 2810 1289 2867 habemus
1331 2825 1619 2885 martyres,
1651 2817 1739 2884 qui
1777 2816 1971 2870 nedum
2008 2823 2128 2871 vita:
2158 2818 2325 2886 probe

739 2904 1080 2959 instituendas
1142 2906 1385 2976 magistri
1443 2907 1573 2973 sint,
1626 2908 1718 2961 sed
1772 2908 1863 2976 qui
1903 2908 2067 2961 etiam
2117 2907 2322 2976 peccati

2512 2816 2749 2887 Ἔχομεν
2797 2816 2976 2869 τοίνυν
3024 2818 3149 2879 τοὺς
3199 2817 3503 2886 μάρτυρας,
3550 2816 3611 2868 οὐ
3656 2814 4020 2868 διδασκάλους

2436 2904 2593 2975 μόνον
2641 2905 2852 2975 ἀγαθῆς
2887 2904 3180 2968 πολιτείας,
3230 2904 3365 2956 ἀλλὰ
3405 2903 3499 2955 καὶ
3541 2901 3888 2971 κατηγόρους
3915 2901 4021 2969 τῆς

741 2998 1106 3050 accusatores.
1168 2995 1281 3062 Qua
1332 3007 1507 3050 autem
1558 3004 1766 3066 martyr
1804 2997 2011 3051 ratione
2073 3007 2318 3063 accuset,

2434 2998 2726 3068 ἁμαρτίας.
2782 2997 2907 3059 Πῶς
2956 2997 3001 3050 δ’
3055 2995 3120 3049 ἂν
3175 2995 3385 3064 γένοιτο
3430 2993 3638 3063 μάρτυς
3688 2993 4021 3060 κατήγορος,

742 3099 806 3138 ac
833 3094 987 3139 vocet
1010 3085 1061 3137 in
1085 3086 1311 3151 crimen,
1342 3086 1413 3139 ita
1438 3087 1649 3155 accipe:
1673 3085 1808 3139 Cum
1833 3087 1922 3140 ille
1945 3102 2041 3153 per
2067 3098 2325 3143 constan-

744 3173 874 3227 tiam
905 3171 1134 3228 flammaa
1162 3176 1301 3244 ignis
1334 3176 1505 3229 victor
1535 3177 1826 3243 exstiterit,
1849 3179 2034 3248 quidni
2083 3189 2135 3233 ιιι
2172 3180 2327 3233 luxu-

745 3265 882 3319 riam
914 3265 1165 3320 castitate
1208 3266 1431 3321 domas?
1453 3268 1588 3321 Cum
1630 3278 1839 3339 martyr
1891 3269 2094 3323 nullam
2122 3271 2329 3324 divitia—

744 3372 864 3414 runt
891 3372 956 3413 ac
983 3357 1360 3427 pecuniarum,
1412 3373 1547 3426 quas
1576 3359 1903 3424 dimittebat,
1937 3360 2201 3417 rationem
2232 3363 2328 3415 ha-

744 3448 955 3513 buerit,
1006 3448 1191 3517 quidni
1246 3459 1299 3501 tu
1344 3448 1571 3516 justitizr
1627 3465 1791 3505 causa
1847 3466 2050 3520 paucos
2082 3466 2330 3507 nummos

745 3540 1087 3595 contemnis?
1107 3538 1240 3593 Cum
1272 3550 1474 3612 martyr
1504 3540 1923 3610 nolueritgenus
1954 3556 2020 3596 ac
2071 3541 2328 3595 familiam

747 3632 1032 3699 praelatum
1076 3633 1211 3697 Deo,
1249 3632 1341 3686 sed
1372 3633 1437 3686 ab
1484 3648 1674 3698 uxore,
1725 3633 1933 3699 liberis,
1975 3634 2331 3689 charissimus

747 3724 1036 3792 abiunctus
1071 3723 1177 3787 sit;
1220 3723 1404 3791 quidni
1440 3733 1492 3776 tu
1524 3724 1905 3792 impensiorem
1944 3725 2175 3795 castigas
2204 3723 2332 3788 alle-

750 3828 898 3871 ctum
931 3835 945 3870 :
976 3817 1241 3885 quinimo,
1274 3830 1494 3886 propter
1531 3818 1705 3888 aliqua
1736 3816 1827 3872 tibi
1862 3817 2001 3871 forte
2031 3816 2333 3872 necessitu-

750 3911 878 3966 dine
907 3910 1227 3979 conjunctas
1273 3924 1551 3979 personas,
1588 3909 1851 3977 justitiam
1895 3909 2206 3971 conculcas,
2238 3922 2337 3961 nec

754 4002 847 4056 Dei
890 4003 1135 4055 timorem
1180 4002 1439 4070 reputas?
1489 4001 1623 4056 Cum
1658 4010 1867 4070 martyr
1893 3998 2137 4053 Numinis
2166 4014 2333 4052 causa

755 4096 929 4161 ipsum
960 4092 1170 4147 exuerit
1204 4108 1432 4161 corpus,
1469 4092 1653 4161 quidni
1691 4103 1743 4146 ιιι
1774 4092 1856 4149 vel
1900 4091 2161 4144 modicam
2200 4090 2338 4143 tuni-

757 4200 898 4254 cam,
929 4199 1036 4253 qua
1094 4184 1295 4237 nudum
1360 4193 1529 4253 tegas,
1589 4184 1929 4238 contemnis?
1961 4183 2084 4237 Haec
2116 4183 2214 4236 sibi
2270 4196 2335 4235 ex

759 4276 988 4329 adverso
1013 4274 1333 4343 composita,
1376 4284 1616 4327 nostram
1650 4283 1883 4344 arguunt
1913 4289 2124 4327 morum
2161 4272 2339 4341 pravi-

2434 3088 2665 3144 ἄκουσον
2686 3104 2697 3117 ⁸
2731 3090 2793 3141 El
2832 3091 3037 3151 ἐκεῖνος
3072 3087 3291 3157 ἐνίκησε
3323 3086 3494 3156 φλόγα
3518 3084 3785 3155 πυρὸςτῇ
3819 3100 4028 3154 καρτε-

2439 3181 2550 3251 ρίᾳ,
2586 3181 2649 3233 σὺ
2695 3179 2813 3242 πῶς
2855 3179 3112 3249 πορνείαν
3143 3178 3203 3229 οὐ
3244 3174 3508 3246 δαμάζεις
3554 3175 3619 3243 τῇ
3656 3172 4024 3243 σωφροσύνῃ;

2435 3272 2546 3325 Είό
2577 3270 2787 3341 μάρτυς
2810 3268 2907 3322 οὐκ
2939 3268 3127 3337 ἐλέησε
3178 3266 3406 3320 πλοῦτον
3440 3265 3498 3317 ὃν
3543 3263 3692 3334 ἠφίει
3732 3264 3825 3315 καὶ
3878 3264 4029 3333 χρή-

2441 3378 2604 3432 ματα,
2631 3361 2717 3414 διὰ
2736 3361 2788 3413 τί
2816 3362 2879 3414 σὺ
2904 3360 3088 3429 ὀλίγου
3110 3361 3167 3413 οὐ
3192 3360 3552 3428 καταφρονεῖς
3577 3358 3841 3429 ἀργυρίου
3878 3357 4032 3429 ὑπὲρ

2437 3452 2814 3523 δικαιοσύνης;
2840 3452 2901 3504 El
2926 3454 2954 3503 ὁ
2982 3451 3191 3522 μάρτυς
3211 3450 3365 3518 γένος
3389 3447 3523 3501 Θεοῦ
3544 3450 3603 3502 οὐ
3632 3448 4033 3520 προετίμησεν,

2439 3544 2552 3598 ἀλλ’
2597 3542 2902 3613 ἀπεξεύχθη
2944 3542 3223 3611 γυναικὸς,
3267 3541 3498 3605 παίδων,
3542 3540 3846 3609 φιλτάτων’
3905 3540 4037 3603 πῶς

2443 3636 2507 3688 σὺ
2538 3635 2595 3689 οὐ
2627 3633 2874 3699 κολάζεις
2910 3634 3010 3705 τὴν
3038 3632 3411 3704 προσπάθειαν
3437 3673 3450 3694 ,
3485 3633 3573 3685 διὰ
3620 3632 3676 3685 δὲ
3726 3632 4034 3702 πρόσωπα,

2442 3723 2603 3792 τυχὸν
2634 3723 2817 3792 σχέσιν
2848 3704 2983 3793 πρὸς
3012 3724 3071 3775 σὲ
3099 3723 3428 3793 οἰκειότητος
3452 3704 3667 3791 ἔχοντα,
3699 3721 4035 3793 ὑπερπηδᾷς

2443 3815 2503 3865 τὸ
2541 3813 2767 3879 δίκαιον,
2803 3814 2895 3868 καὶ
2922 3814 3014 3867 τοῦ
3062 3813 3199 3866 Θεοῦ
3227 3814 3321 3867 τὸν
3345 3812 3511 3882 φόϐον
3550 3812 3931 3885 παραλογίζῃ;
3968 3811 4036 3865 El

2442 3904 2472 3954 ό
2508 3904 2717 3974 μάρτυς
2748 3904 2809 3957 τὸ
2840 3904 2997 3974 σῶμα
3043 3904 3130 3957 διὰ
3176 3903 3309 3955 Θεὸν
3340 3902 3647 3968 ὲξεδύσατο,
3701 3901 3816 3965 πῶς
3863 3900 4040 3963 αὐτὸς

2444 3996 2561 4059 ἑνὸς
2593 3995 2652 4049 οὐ
2686 3998 3053 4066 καταφρονεῖς
3081 3996 3404 4065 χιτωνίσκου
3432 3995 3511 4058 είς
3545 3994 3757 4059 σκέπην
3773 3989 4034 4061 γυμνοῦς

2445 4084 2631 4139 Ταῦτα
2655 4086 2904 4156 ἀλλήλοις
2934 4083 3406 4156 ἀντεξεταζόμενα
3444 4085 3541 4154 τὴν
3585 4082 3863 4155 ἡμετέραν
3899 4080 4039 4134 δυσ-

2444 4178 2672 4248 τροπίαν
2724 4178 2951 4246 ἐλέγχει.
2998 4178 3068 4229 Ἦ
3114 4176 3292 4229 τοίνυν
3344 4179 3418 4241 ὥς
3476 4173 3834 4235 διδασκάλους
3905 4170 4041 4234 τοὺς

2449 4270 2640 4337 ἁγίους
2673 4268 3031 4339 αίδεσθῶμεν,
3083 4270 3116 4339 ἥ
3161 4270 3235 4332 ώς
3269 4269 3608 4339 κατηγόρους
3655 4262 3993 4334 φοϐηθῶμεν
4023 4278 4038 4292 ’

763 4377 953 4422 tatem.
990 4366 1083 4420 Vel
1115 4381 1243 4435 ergo
1263 4375 1503 4431 sanctos,
1530 4376 1589 4419 ut
1616 4366 1907 4434 magistros
1940 4378 2286 4419 revereamur
2316 4379 2320 4413 Ἰ

2448 4346 2711 4431 δείξωμεν
2740 4361 2795 4413 δὲ
2821 4361 2913 4414 τὸν
2954 4360 3162 4415 ἑαυτῶν
3210 4360 3326 4429 βίον
3370 4360 3480 4421 τοῖς
3531 4357 3861 4427 τιμωμένοις
3902 4354 4044 4407 ἀκόο

761 4458 846 4511 vel
886 4466 941 4511 ιιι
973 4466 1320 4511 accusatores
1354 4460 1669 4523 timeamus;
1709 4457 1884 4525 iisque
1917 4455 2019 4525 ipsi
2056 4465 2316 4511 consenta

2450 4448 2639 4501 λουθον
2662 4466 2675 4477 ·
2714 4448 3028 4520 πεισθῶμεν
3072 4450 3129 4502 δὲ
3178 4450 3272 4502 καὶ
3315 4450 3477 4518 ἡμεῖς
3504 4446 3675 4509 οὕτως
3708 4444 3848 4514 Θεῷ,
3879 4443 3959 4506 ὡς
3994 4444 4045 4497 oi

764 4563 923 4604 neam
980 4548 1332 4603 exhibeamus
1365 4548 1572 4601 vivendi
1620 4548 1908 4611 rationem,
1961 4560 2099 4615 quos
2142 4546 2320 4599 honora

2448 4541 2592 4608 ἆγιοι
2614 4543 2732 4602 ταῖς
2754 4541 2993 4606 ἐντολαῖς
3010 4541 3439 4612 ὲπειθάρχησαν,
3465 4540 3558 4593 καί
3583 4538 3681 4602 τὰς
3699 4536 4043 4605 ἐπαγγελίας

765 4638 1145 4708 prosequimur
1172 4654 1185 4690 :
1221 4647 1381 4706 atque
1413 4637 1463 4689 in
1501 4650 1623 4689 eum
1648 4636 1808 4689 etiam
1833 4634 2055 4688 modum
2084 4635 2191 4688 Deo
2215 4634 2316 4687 obe

2452 4632 2680 4701 βεϐαίως
2714 4634 2967 4704 ἤλπισαν.

767 4732 999 4795 (Hamas,
1026 4730 1077 4783 in
1104 4743 1262 4797 quem
1298 4728 1371 4781 illi
1408 4728 1924 4795 obtemperaverunt
1963 4726 2256 4788 mandatis,
2284 4740 2347 4778 ac

770 4822 1031 4891 promissa
1063 4821 1291 4875 firmiter
1330 4827 1705 4886 speraverunt.

840 4912 976 4981 Spes
1025 4925 1260 4981 namque
1311 4884 1637 4979 spiritalium
1665 4909 1953 4972 bonorum,
1975 4909 2143 4976 proba
2171 4907 2320 4961 adnuo

2536 4894 2736 4965 Ἀγαθὴ
2770 4894 2878 4964 γὰρ
2908 4892 3113 4963 σφόδρα
3144 4887 3464 4952 διδάσκαλος
3496 4886 3747 4959 ἀνδρείας
3780 4884 3874 4937 καὶ
3908 4900 4053 4953 καρ-

770 5004 895 5057 dum
920 5002 1260 5056 fortitudinis
1290 5014 1354 5055 ac
1390 5000 1691 5054 tolerantiae
1718 4974 2201 5063 exsistit'doctrix;
2236 5014 2320 5068 qu:

2451 4989 2635 5060 τερίας
2664 4990 2696 5058 ὴ
2728 4986 2836 5039 τῶν
2887 4984 3107 5054 ἀγαθῶν
3164 4982 3272 5035 τῶν
3324 4978 3530 5051 νοητῶν
3562 4978 3748 5038 ὲλπίς’
3805 4976 3930 5045 ἥτις
3976 4974 4055 5038 ὡς

771 5095 1049 5159 nimirum,
1086 5093 1234 5147 velut
1265 5093 1516 5148 idoneum
1568 5092 1785 5159 pignus,
1826 5101 2085 5159 certaque
2111 5090 2320 5143 arrhab<

2456 5082 2707 5151 ἐνέχυρον
2734 5078 3041 5143 ἀξιόπιστον
3063 5075 3155 5127 καὶ
3181 5070 3437 5143 άρραϐὼν
3468 5068 3714 5138 ἀσφαλὴς
3747 5065 4056 5135 ἐγκειμένη

772 5186 969 5240 animis
1029 5186 1304 5251 insidens,
1379 5185 1675 5252 periculum
1738 5196 1901 5236 omne
1999 5180 2320 5250 imperculso

2460 5177 2573 5237 τοῖς
2606 5172 2904 5240 λογισμοῖς,
2946 5167 3123 5220 πάντα
3151 5165 3432 5219 κελεύεται
3471 5162 3713 5215 κίνδυνον
3749 5160 3883 5230 όρᾷν
3905 5159 4058 5211 ἀκα-

770 5276 927 5347 jubet
952 5244 1225 5345 aspicere,
1249 5244 1313 5332 ac
1342 5244 1519 5343 t'eipsa
1569 5274 1713 5327 ferre
1766 5281 2005 5347 strenue.
2056 5244 2238 5339 :itque
2272 5271 2320 5326 id

2461 5267 2805 5337 ταπλήκτως,
2847 5264 2940 5314 καῖ
2991 5260 3175 5329 φέρειν
3208 5274 3266 5310 εν
3294 5259 3359 5326 τῇ
3410 5255 3576 5324 πείρα
3620 5250 3887 5319 γενναίως
3911 5262 3925 5274 ·
3957 5244 4057 5299 καὶ

774 5377 1141 5423 consentanea
1182 5367 1413 5420 maxime
1442 5365 1668 5419 ratione.
1731 5346 1824 5418 Sic
1857 5363 2000 5417 enim
2036 5361 2147 5415 fere
2175 5364 2320 5416 homi

2462 5359 2621 5412 τοῦτο
2650 5355 2957 5419 ἀκολούθως
2992 5352 3297 5423 συμϐαίνει.
3336 5348 3499 5400 Φύσει
3533 5344 3641 5438 γάρ
3693 5359 3810 5403 πως
3850 5339 4055 5438 ἐλαγο-

777 5458 937 5513 nlbus
961 5467 1153 5513 natura
1179 5466 1556 5528 comparatum
1593 5466 1695 5523 est,
1725 5465 1779 5510 ut
1806 5454 1869 5509 iis
1909 5454 2207 5517 laboribus,
2244 5469 2312 5523 qu

2470 5466 2567 5521 μεν
2649 5447 2923 5517 ἄνθρωποι
2998 5439 3389 5513 μαλακίζεσθαι
3440 5438 3507 5491 ἂν
3556 5434 3649 5489 καὶ
3714 5426 4060 5503 χαυνοῦσθαι

782 5680 876 5731 dat
911 5676 1132 5737 Vossius
1166 5680 1306 5733 hanc
1348 5680 1495 5735 hom.
1531 5678 1583 5731 in
1615 5686 1726 5731 not.
1765 5677 1830 5729 ad
1855 5692 1891 5729 ιι
1932 5674 1990 5728 S.
2033 5672 2276 5741 Ephrzem
2308 5674 2361 5726 in
2473 5688 2535 5725 ex
2565 5685 2670 5738 qua
2708 5667 3011 5741 sihiPater
3044 5661 3370 5741 Sirmundns
3410 5657 3797 5727 exscripscttal.
3851 5650 4057 5722 quibus

788 5748 1069 5820 Martyres,
1096 5733 1150 5803 in
1186 5749 1300 5818 ipsa
1328 5733 1595 5821 repertam
1633 5746 1957 5803 bibliotheca
1992 5733 2362 5807 Golumnensi,
2475 5733 2681 5811 primus
2711 5739 2866 5796 annis
2907 5739 3089 5793 Romae
3121 5733 3329 5803 agebat.
