4212 6318
223 363 323 418 51⁸1

1302 363 1583 419 HOMILIA
1624 362 1689 419 Χ.
1735 362 1800 417 ΙΝ
1834 365 1934 421 SS.
1972 363 2360 420 MARTYRES.

3354 365 3455 419 318

229 480 362 550 πρὸς
390 480 525 543 τοὺς
559 480 898 551 ἀγεράστους
947 481 1054 532 τῶν
1110 480 1320 533 πόνων·
1384 482 1708 551 ἐρρωμένως
1756 481 1805 533 δὲ

1922 482 2021 535 bus
2055 480 2187 535 nihil
2212 481 2417 550 prmmii
2447 480 2775 549 propositum
2805 481 2895 546 sit,
2936 480 3121 535 molles
3144 496 3205 536 ac
3242 485 3457 537 resoluti

228 570 541 623 τούναντίον
582 570 805 623 ἐκείνων
856 570 1372 641 ἀντιλαμϐάνεσθαι,
1418 566 1493 624 ὧν
1544 568 1680 624 ἆθλα
1719 573 1810 624 καὶ

235 662 387 731 τιμαὶ
416 662 573 725 τέλος
612 662 769 716 είσίν.
811 660 899 713 Διὸ
926 661 1124 723 πάντες
1162 661 1435 731 μάρτυρες
1470 661 1546 731 τῷ
1578 663 1809 729 εὐαγγε-

234 752 373 823 λικῷ
399 753 692 824 γράμματι
738 751 1095 823 προσέχοντες
1120 752 1211 805 τὸν
1243 751 1389 817 νοῦν,
1427 754 1482 806 ἐν
1506 746 1549 820 ᾧ
1576 752 1807 824 προτρέ-

229 861 342 898 πων
394 847 525 908 τοὺς
578 844 755 915 ἱεροὺς
800 842 1034 913 ἀθλητὰς
1070 843 1166 895 καὶ
1221 842 1497 911 φιλοθέους
1528 846 1573 895 -ὁ
1608 843 1809 913 Κύριος

226 934 395 1002 λέγει·
434 935 572 988 Ἐάν
592 953 679 1002 τις
703 930 1060 1003 ὁμολογήσει
1084 950 1160 1002 με
1174 934 1524 1002 ἔμπροσθεν
1551 933 1669 986 τῶν
1701 934 1806 987 άν-

226 1024 495 1092 θρώπων,
520 1025 875 1094 ὁμολογήσω
896 1026 1083 1079 αὐτὸν
1100 1025 1437 1093 ἔμπροσθεν
1454 1025 1561 1078 τοῦ
1580 1027 1808 1092 Πατρός

221 1133 360 1185 μου.
391 1116 571 1187 ’Υπὲρ
610 1116 815 1187 ταύτης
840 1116 938 1185 τῆς
967 1114 1252 1185 ὁμολογίας
1269 1116 1503 1185 ἤνεγκαν
1521 1116 1807 1185 ἀτρέπτοις

224 1209 337 1269 τοῖς
371 1206 655 1276 λογισμοῖς
703 1207 919 1277 σίδηρον
979 1206 1322 1276 τεθηγμένον,
1387 1208 1481 1259 καὶ
1528 1208 1804 1277 πυρκαϊᾶς

225 1297 525 1369 ἐπέϐησαν,
581 1298 674 1351 καὶ
723 1296 926 1368 θηρίων
975 1298 1234 1367 στόμασιν
1282 1297 1496 1350 ἔκδοτον
1539 1299 1599 1351 τὸ
1647 1298 1805 1368 σῶμα

226 1388 529 1458 παρέσχον,
559 1386 796 1451 καὶτοὺς
815 1387 989 1450 νῶτας
1009 1388 1235 1449 ἕκαστος
1262 1386 1544 1455 ὑπέθηκαν
1566 1386 1801 1456 μάστιξι,

225 1480 317 1531 καὶ
348 1482 470 1542 ταῖς
499 1480 705 1548 ἀκμαῖς
732 1478 838 1531 τῶν
871 1478 1079 1547 ὀνύχων
1108 1478 1205 1540 τὰς
1232 1477 1468 1549 πλευρὰς
1492 1477 1803 1547 ἐταράχθη-

226 1586 322 1622 σαν
351 1569 421 1633 ³”¹,
458 1569 673 1640 δεσμῶν
722 1568 829 1621 τῶν
882 1567 972 1621 διὰ
1016 1568 1235 1638 σιδήρου
1259 1569 1563 1638 ἠνέσχοντο,
1597 1570 1689 1620 καὶ⁵
1721 1568 1803 1620 δε-

228 1659 558 1729 σμωτηρίων
588 1660 824 1728 ἤνεγκαν
846 1659 1094 1712 σκοτεινὰ
1112 1657 1448 1727 καταγώγια·
1476 1658 1801 1727 ἐπιέσθησαν

224 1749 277 1802 δὲ
303 1749 470 1820 λιμῷ,
519 1751 613 1804 καὶ
646 1751 788 1819 δίψει
842 1751 1327 1823 κατεξηράνθησαν
1352 1769 1366 1781 ⁸
1392 1752 1707 1823 παρέθηκαν
1744 1754 1802 1804 δὲ

224 1834 256 1914 ᾗ
285 1841 327 1873 ³⁸
354 1840 544 1904 λίθους
596 1841 664 1894 τά
718 1842 988 1912 πρόσωπα
1014 1845 1127 1904 τοῖς
1172 1841 1490 1912 ῥαπίζουσιν
1514 1860 1526 1873 '
1565 1844 1800 1913 ηκουσαν

222 1932 327 1985 τῶν
352 1932 567 2003 ῦϐρεων
605 1933 679 1995 ὡς
701 1935 876 2001 κωφοί
897 1951 910 1963 θ
944 1932 1258 2003 ἐσιώπησαν
1293 1933 1426 2004 πρὸς
1456 1935 1583 1997 τοὺς
1613 1934 1801 1986 ὀνειδί-

223 2022 414 2088 ζοντας
448 2024 546 2077 καὶ
590 2023 1036 2093 λοιδορουμένους
1089 2024 1164 2087 ὼς
1189 2022 1407 2077 ἄλαλον
1467 2024 1655 2095 δήμοις
1708 2027 1802 2078 καὶ

224 2111 473 2184 θεάτροις
504 2114 992 2185 ἐνεπομπεύθησαν
1017 2127 1031 2141 ⁸
1083 2113 1455 2185 περιήχθησαν
1487 2116 1661 2186 ἀγορᾷ
1709 2116 1801 2169 καὶ

222 2206 487 2275 ἀμφόδοις
532 2208 591 2258 ἐν
627 2204 947 2276 ὁλογύμνοις
986 2209 1099 2269 τοῖς
1146 2205 1426 2275 σώμασιν·
1464 2207 1563 2259 οὐκ
1612 2207 1802 2277 ἄνδρες

228 2297 404 2365 μόνον,
436 2297 573 2350 ἀλλά
603 2298 697 2349 καὶ
742 2300 1038 2365 γυναῖκες,
1075 2298 1136 2351 τὸ
1172 2297 1575 2368 σχετλιώτατον.
1622 2300 1802 2353 ’Ἄλλοι

225 2390 357 2458 πυρὶ
387 2389 839 2459 κατεφλέχθησαν
860 2408 874 2420 '
904 2391 988 2443 ἒτε
999 2408 1077 2461 ροι
1098 2390 1185 2443 διά
1210 2391 1474 2460 χειμῶνος
1494 2391 1797 2461 ἐπάγησαψ

226 2478 492 2543 ποικίλοις
523 2481 745 2551 τρόποις
773 2482 871 2544 τὰς
890 2482 1168 2552 ἀριστείας
1187 2484 1321 2551 ἡμῖν
1354 2480 1799 2551 κατεμερίσαντο,

226 2568 307 2620 ῐνα
346 2570 607 2633 πεσόντες
642 2570 954 2639 νικήσωσιν.

292 2657 391 2709 Διά
448 2657 606 2710 τοῦτο
647 2658 716 2710 τὰ
759 2657 955 2728 εὐσεϐῆ
1008 2657 1233 2728 σώματα
1267 2658 1477 2729 σεμνῶς
1530 2662 1803 2730 περιστεί-

224 2747 442 2813 λαντες,
478 2748 549 2801 τά
595 2748 766 2820 σκεύη
815 2750 913 2820 τῆς
948 2750 1207 2819 ἐκλογῆς,
1244 2750 1311 2803 τὰ
1362 2751 1467 2803 τῶν
1518 2752 1802 2823 μακαρίων

223 2839 407 2910 ψυχῶν
442 2839 681 2913 δργανα,
729 2839 828 2904 τὰς
861 2841 1036 2903 οἰκίας
1068 2840 1176 2893 τῶν
1222 2841 1524 2910 φιλοσόφων
1557 2842 1798 2906 ἐνοίκων,

226 2931 299 2993 ὡς
329 2932 592 3002 κειμήλια
625 2931 963 3001 πολυτίμητα
994 2931 1072 3001 τῷ
1103 2934 1262 2983 παντὶ
1308 2930 1408 3001 βίῳ
1437 2931 1799 3002 φυλάσσομεν,

230 3021 575 3093 φρουροῦμεν
596 3022 653 3075 δέ
677 3022 859 3085 αὐτοῖς
887 3022 961 3085 ὡς
992 3022 1277 3093 ἡμετέροις
1310 3023 1797 3093 πλεονεκτήμασιν,

1911 574 2225 637 emciamur,
2239 587 2437 640 eosque
2456 571 2685 624 vicissim
2703 572 2865 641 vegeti
2885 586 2951 626 ac
2975 571 3177 626 alacres
3191 573 3464 636 adeamus,

1912 665 2003 734 qui
2035 664 2250 733 praemia
2282 676 2343 716 ac
2377 663 2606 717 honores
2630 662 2786 717 linem
2838 662 3059 717 habent.
3109 662 3465 729 Quamobrem

1911 756 2142 809 universi
2170 764 2460 822 martyres,
2476 753 2794 822 evangelica:
2832 753 2905 806 illi
2928 752 3218 820 Scriptura:
3231 755 3466 807 animum

1909 843 2244 906 adhibentes,
2283 856 2385 910 qua
2443 841 2697 896 Dominus
2760 857 2943 895 sacros
2998 842 3201 912 pugiles
3253 859 3317 897 ac
3377 843 3468 897 Dei

1909 946 2149 989 amantes
2181 936 2448 995 hortatur,
2480 935 2698 988 dicens:
2743 933 2948 1003 Siquis
3001 936 3335 1001 conﬁtebitur
3391 952 3471 988 me

1909 1042 2081 1080 coram
2109 1027 2423 1091 hominibus,
2446 1026 2731 1093 conﬁtebor
2758 1043 2872 1079 eum
2890 1042 3065 1079 coram
3090 1026 3248 1081 Patre
3266 1042 3377 1081 meo
3403 1027 3468 1091 δ’,

1907 1133 2005 1188 pro
2027 1133 2087 1171 ea
2115 1118 2472 1184 confessione,
2513 1120 2750 1172 immotis
2776 1119 2972 1172 animis
3023 1129 3237 1173 acutum
3269 1120 3467 1172 ferrum

1909 1209 2222 1276 tolerarunt,
2253 1224 2317 1263 ac
2346 1224 2500 1278 rogos
2527 1209 2973 1275 conscenderunt,
3007 1225 3309 1286 corpusque
3333 1211 3469 1265 fera-
3500 1194 3503 1196 ’

1907 1320 2024 1357 rum
2078 1304 2326 1358 faucibus
2383 1305 2687 1358 vorandum
2738 1304 3108 1374 praebuerunt,
3144 1320 3209 1359 ac
3268 1305 3467 1373 quique

1906 1394 2061 1450 dorsa
2087 1396 2253 1465 virgis
2283 1395 2648 1465 subiecerunt,
2673 1395 2950 1464 lateraque
2986 1399 3308 1469 ungularum
3336 1412 3469 1451 acu-

1905 1485 2002 1540 leis
2051 1486 2232 1542 laniati
2284 1488 2536 1556 fuerunt;
2608 1486 2784 1542 ferrea
2838 1488 3049 1542 vincula
3111 1489 3468 1558 pertulerunt,

1904 1578 2376 1648 tenebricososque
2446 1594 2693 1634 carceres
2738 1579 3061 1635 domicilium
3117 1580 3467 1644 habuerunt;

1914 1669 2071 1725 famis
2126 1672 2452 1727 necessitate
2516 1671 2759 1740 oppressi
2831 1680 2992 1735 sunt,
3055 1670 3263 1725 ac-siti
3319 1680 3469 1724 exta-

1907 1761 2175 1825 huerunt;
2218 1762 2386 1815 instar
2430 1761 2684 1829 lapidum.
2745 1760 2910 1815 facies
2941 1760 3271 1815 caedentibus
3303 1775 3470 1828 expo-

1906 1860 2163 1916 suerunt;
2199 1850 2443 1918 injurias,
2485 1860 2543 1903 ut
2576 1849 2722 1905 surdi
2758 1851 3061 1917 audierunt;
3112 1850 3258 1905 velut
3312 1852 3468 1913 muti,

1903 1940 1969 1993 ad
2005 1954 2098 1994 eos
2130 1940 2220 2009 qui
2250 1938 2459 2008 probris
2484 1955 2546 1995 ac
2566 1940 2751 1993 sannis
2782 1939 3112 2008 exciperent,
3158 1939 3423 1993 siluerunt
3450 1955 3465 2002 ;

1902 2031 2092 2085 mediis
2116 2030 2325 2101 populis
2352 2047 2415 2085 ac
2440 2031 2665 2085 theatris
2700 2032 2988 2100 ignominia
3016 2032 3257 2097 producti
3296 2043 3425 2087 sunt
3451 2051 3467 2097 ;

1908 2128 2018 2173 toto
2048 2122 2247 2175 nudato
2290 2137 2520 2190 corpore
2571 2137 2664 2190 per
2708 2121 2885 2174 forum
2925 2136 2989 2176 ac
3028 2122 3229 2191 plateas
3254 2122 3470 2177 fuerunt

1904 2212 2296 2279 circumducti;
2354 2227 2454 2266 nec
2497 2213 2597 2264 viri
2624 2222 2851 2277 tantum,
2886 2214 2979 2265 sed
3035 2212 3197 2266 etiam
3234 2210 3469 2277 feminae,

1904 2302 2044 2371 quod
2088 2302 2366 2356 miseriam
2401 2316 2614 2354 omnem
2648 2302 2862 2355 vincere
2900 2300 3165 2354 videatur.
3198 2301 3297 2356 Alii
3349 2303 3469 2371 igne

1904 2396 2120 2447 fuerunt
2148 2392 2435 2455 combusti,
2463 2392 2551 2444 alii
2578 2392 2773 2446 hiemis
2819 2391 2937 2461 gelu
2962 2392 3338 2461 ohriguernnt,
3372 2409 3468 2446 va-

1906 2486 2000 2539 riis
2032 2485 2204 2538 modis
2230 2484 2485 2553 praeclara
2516 2483 2668 2537 nobis
2692 2482 2925 2536 facinora
2969 2484 3151 2551 partiti
3187 2494 3328 2548 sunt,
3364 2500 3479 2553 quo

1906 2577 2180 2640 cadentes,
2215 2591 2278 2628 ac
2306 2583 2499 2639 morte,
2531 2574 2759 2628 victores
2785 2572 3150 2628 edicerentur.

1974 2666 2179 2721 Idcirco
2205 2667 2290 2735 pia
2334 2680 2560 2733 corpora
2607 2664 2814 2718 decenti
2843 2676 3033 2720 ornatu
3056 2676 3433 2734 componentes
3452 2702 3472 2731 ,

1904 2757 2293 2813 benedictionis
2316 2772 2439 2810 vasa
2471 2755 2577 2819 illa,
2600 2756 2876 2809 beatorum
2898 2757 3200 2810 animorum
3227 2771 3426 2823 organa
3451 2795 3466 2818 ,

1902 2849 2340 2917 philosophorum
2384 2847 2649 2915 hospitum
2684 2846 2900 2911 domos,
2942 2862 3040 2900 ceu
3074 2847 3466 2915 pretiosissima

1905 2939 2125 3008 pignora
2179 2938 2230 2990 in
2286 2951 2444 2991 omne
2492 2936 2745 2990 saeculum
2786 2951 3206 3003 conservanius,
3260 2939 3464 3007 iisque,

1906 3038 2158 3098 tauquam
2194 3028 2477 3098 praecipuis
2509 3028 2662 3082 donis
2700 3027 2900 3081 nostris
2927 3028 3199 3081 munimur
3220 3068 3236 3092 ,
3272 3043 3334 3083 ac
3367 3028 3462 3083 Ec-

230 3112 318 3164 καὶ
352 3114 469 3174 τοῖς
499 3111 766 3182 μάρτυσιν
789 3114 823 3182 ἠ
860 3111 1153 3181 Ἐκκλησία
1183 3113 1509 3184 τετείχισται
1539 3116 1613 3178 ὡς
1652 3116 1801 3179 πόλις

1909 3119 2089 3184 clesia,
2122 3127 2417 3189 martyrum
2463 3117 2736 3183 satellitio,
2776 3119 2920 3173 haud
2951 3134 3107 3173 secus
3142 3130 3301 3189 atque
3334 3121 3468 3175 civi-

230 3200 470 3263 ὀπλίταις
494 3201 784 3269 γενναίοις,
815 3202 907 3254 καὶ
938 3201 1205 3273 πάνδημοι
1241 3206 1577 3275 πανηγύρεις
1620 3207 1803 3277 ἀθροί-

231 3288 429 3353 ζονται,
466 3292 561 3342 καὶ
601 3292 698 3360 τῆς
729 3291 1022 3361 θυμηδείας
1051 3292 1157 3345 τῶν
1192 3293 1394 3363 ἑορτῶν
1434 3296 1796 3367 ἀπολαύομεν.

230 3382 287 3432 Ui
318 3383 371 3433 δὲ
403 3383 527 3445 ταῖς
571 3382 941 3453 ἀνθρωπικαῖς
982 3385 1363 3455 περιστάσεσιν
1410 3386 1442 3457 ἦ
1496 3393 1801 3459 συμφοραῖς

230 3474 562 3545 πιεζόμενοι,
598 3476 671 3538 ὡς
705 3477 797 3529 ἐπί
836 3494 889 3529 τι
923 3478 1303 3548 κρησφύγετον
1334 3478 1433 3541 τὰς
1466 3479 1801 3542 ἀναπαύσεις

226 3563 330 3615 τῶν
394 3565 815 3635 τρισμακαρίων
888 3564 1227 3619 σπεύδουσιν.
1302 3565 1649 3637 Πρεσϐευτάς
1702 3564 1799 3617 αὑ-

227 3655 345 3713 τοὺς
399 3654 512 3706 τῶν
557 3654 731 3724 εὐχῶν
757 3654 851 3708 καὶ
873 3656 1209 3725 αἰτημάτων,
1247 3655 1336 3707 διὰ
1378 3655 1437 3707 τὸ
1469 3654 1801 3737 ὑπερϐάλλον

228 3740 334 3810 τῆς·
356 3742 689 3812 παρρησίας,
719 3742 995 3814 ποιοῦμεν.
1039 3745 1317 3797 Ἐντεῦθεν
1349 3743 1527 3797 πενίαι
1557 3739 1796 3807 λύονται,

229 3834 319 3885 καὶ⁵
356 3832 698 3904 ἰατρεύονται
730 3833 896 3895 νόσοι,
935 3835 1026 3887 καὶ
1059 3836 1333 3907 ἀρχόντων
1372 3833 1593 3887 ἀπειλαὶ
1625 3834 1800 3903 κοιμί-

230 3922 402 3987 ζονται
429 3941 441 3954 ·
477 3924 664 3977 πασῶν
705 3926 761 3977 δὲ
809 3926 915 3977 τῶν
958 3925 1209 3996 ταραχῶν
1257 3928 1348 3978 καὶ
1396 3924 1675 3995 χειμώνων
1707 3925 1799 3979 τοῦ

230 4014 339 4085 βίου
382 4015 600 4085 λιμένες
651 4018 786 4069 είσ¹ιν
837 4016 1038 4079 εὔδιοι,
1086 4019 1135 4069 οἰ
1178 4018 1310 4074 ἱεροὶ
1355 4015 1465 4067 τῶν
1512 4016 1799 4089 μαρτύρων

227 4108 400 4177 σηκοί.

293 4286 481 4350 Οὕτως
514 4289 736 4357 πατὴρ,
789 4288 820 4357 ἦ
878 4290 1059 4359 μήτηρ
1105 4290 1355 4360 ἀραμένη
1402 4290 1490 4341 τὸν
1520 4291 1798 4361 ἄρρωστον

230 4378 405 4441 παῖδα,
449 4379 544 4430 καὶ
576 4377 964 4446 περιστείλασα
993 4383 1113 4443 ταῖς
1142 4380 1427 4448 ἀγκάλαις,
1462 4381 1793 4451 παρατρέχει

1905 3220 1985 3267 tas
2013 3220 2340 3266 armatorum
2372 3225 2526 3263 manu
2550 3251 2564 3277 ,
2598 3210 2930 3280 protegitur,
2978 3223 3348 3279 cogunturque
3381 3226 3470 3266 ce-

1902 3303 2080 3358 lebres
2132 3303 2309 3371 pepuli
2365 3301 2526 3356 totius
2576 3311 2901 3365 conventus,
2955 3314 3019 3356 ac
3069 3301 3471 3356 solemnitatum

1896 3392 2278 3463 iucunditatem
2330 3391 2693 3460 percipimus,
2743 3406 2806 3447 ac
2873 3392 2938 3446 iis
2987 3406 3314 3447 recreanmr.
3367 3392 3466 3459 Qui

1901 3482 2149 3537 humanae
2208 3482 2332 3537 vitae
2398 3482 2637 3536 adversis
2708 3481 2922 3536 casibus
2967 3497 3030 3536 ac
3076 3481 3469 3537 calamitatibus

1901 3584 2182 3639 vexantur,
2220 3574 2363 3629 velut
2400 3575 2466 3627 ad
2502 3573 2708 3643 asylum
2742 3572 3011 3642 quoddam
3048 3588 3112 3629 ac
3141 3573 3463 3644 perfugium,

1900 3668 1966 3720 ad
2001 3674 2083 3720 ter
2119 3667 2394 3719 beatorum
2436 3667 2674 3735 requiem
2716 3681 2779 3720 ac
2818 3666 3040 3729 solatia,
3078 3665 3271 3722 festiue
3308 3680 3465 3721 acce-

1900 3758 2055 3810 dunt.
2096 3754 2320 3809 Precum
2357 3755 2474 3809 illos
2514 3770 2579 3811 ac
2606 3757 2911 3809 orationum
2954 3757 3337 3810 intercessores
3366 3758 3464 3809 ad-

1902 3850 2182 3910 hibemus,
2221 3855 2439 3914 prepter
2480 3847 2851 3911 excellentem,
2904 3862 3007 3916 qua
3059 3848 3291 3916 pollent,
3327 3846 3465 3900 fidu-

1901 3940 2059 3993 ciam.
2086 3938 2156 3991 lis
2188 3938 2451 4006 praesidiis
2476 3937 2725 3992 levantur
2751 3938 3081 4007 paupertatis
3106 3938 3463 4003 incommoda,

1898 4038 2157 4085 curantur
2206 4028 2412 4093 morbi,
2468 4043 2531 4082 ac
2598 4029 2899 4098 principum
2959 4030 3119 4083 minae
3176 4028 3466 4090 sedantur,

1900 4122 2254 4189 omniumque
2281 4118 2458 4173 saeculi
2496 4120 2765 4173 turbinum
2807 4135 2868 4174 ac
2920 4129 3294 4187 tempestatum
3330 4129 3466 4172 trau-

1899 4210 2051 4281 quilli
2093 4220 2299 4279 portus,
2325 4224 2479 4263 sacra
2521 4218 2818 4279 martyrum
2854 4208 3072 4263 delubra
3104 4211 3390 4264 exsistunt.

1975 4300 2032 4354 In
2065 4301 2208 4355 hunc
2239 4301 2459 4353 modum
2486 4310 2656 4367 pater,
2688 4314 2781 4353 seu
2819 4314 3012 4367 parens
3052 4300 3219 4353 altera
3241 4340 3257 4366 ,
3312 4300 3465 4353 inlir-

1911 4406 2052 4445 mam
2089 4390 2288 4459 prolem
2323 4390 2538 4457 tollens,
2562 4400 2722 4459 atque
2747 4391 2797 4444 in
2824 4390 2976 4445 ulnas
3006 4391 3301 4459 suscipiens
3325 4406 3465 4444 com.

229 4469 322 4538 μὲν
347 4471 559 4539 ἰατρεῖα
592 4472 684 4521 καὶ
724 4471 961 4540 ἰατροὺς,
1000 4470 1091 4523 ἐπὶ
1122 4471 1177 4524 δὲ
1215 4472 1435 4541 ἄτεχνον
1464 4472 1797 4540 καταφεύγει

1909 4481 2249 4550 plecteusque
2269 4520 2283 4542 ,
2324 4482 2558 4535 medicas
2592 4482 2807 4549 quidem
2838 4480 3099 4548 olIicinas,
3138 4497 3202 4537 ac
3231 4484 3469 4538 medicos

228 4560 477 4631 βοήθειαν
498 4578 511 4590 ⁸
544 4562 638 4613 καὶ
688 4562 823 4629 πρὸς
853 4562 948 4614 ἕνα
976 4562 1084 4614 τῶν
1114 4563 1405 4633 μαρτύρων
1438 4562 1665 4616 ἐλθοῦσα
1685 4604 1698 4627 ,
1732 4564 1798 4615 δι’

226 4652 429 4703 ἐκείνου
456 4651 536 4720 τῷ
562 4652 806 4724 Δεσπότῃ
838 4653 1103 4723 προσάγει
1130 4652 1226 4722 τὴν
1256 4655 1493 4724 αἴτησιν,
1525 4654 1799 4719 τοιαύταις

226 4741 539 4813 κεχρημένη
582 4742 718 4811 πρὸς
752 4742 843 4795 τὸν
878 4743 1105 4813 μεσίτην
1158 4747 1393 4811 φωναῖς
1435 4763 1451 4794 t
1491 4744 1686 4799 Παθὼν
1712 4746 1799 4798 διὰ

224 4833 473 4904 Χριστὸν,
508 4833 841 4902 πρέσϐευσον
875 4835 1013 4904 ὑπὲρ
1047 4836 1252 4898 πάθους
1282 4837 1375 4888 καὶ
1407 4836 1585 4889 νόσου.
1621 4838 1797 4906 Ἔχων

223 4924 557 4993 παρρησίαν,
588 4924 790 4993 χρῆσον
824 4924 981 4993 λόγον
1004 4927 1116 4987 τοῖς
1141 4926 1467 4995 ὁμοδούλοις.
1500 4928 1562 4981 Εἰ
1593 4929 1797 4982 καὶτὸν

223 5013 488 5082 ἡμέτερον
521 5012 634 5083 βίον
670 5014 931 5077 ἀπέλιπες
953 5054 965 5077 ,
1015 5015 1149 5068 ἀλλὰ
1193 5015 1322 5083 γοῦν
1367 5013 1511 5081 οἶδας
1542 5017 1609 5069 τά
1649 5018 1792 5091 πάθη

222 5103 317 5173 τῆς
346 5104 765 5174 ἀνθρωπότητος
789 5120 802 5133 ·
855 5107 1235 5175 παρεκάλεσας
1266 5110 1358 5161 καὶ
1385 5107 1447 5160 σύ
1494 5126 1621 5160 ποτε
1655 5111 1795 5181 μάρ-

220 5210 389 5264 τυρας
435 5196 564 5265 πρὶν
587 5196 837 5263 γενέσθαι
865 5199 1092 5269 μάρτυς.
1121 5201 1251 5253 Τότε
1277 5200 1453 5271 ζητῶν
1474 5202 1791 5271 ἐλάμϐανες,

220 5281 313 5335 νῦν
344 5283 484 5352 ἔχων
512 5284 754 5351 χάρισαι.
792 5285 884 5348 Είς
926 5286 988 5339 τὸ
1021 5290 1186 5360 γέρας
1218 5290 1276 5341 τὸ
1324 5290 1434 5353 σὸν,
1482 5291 1703 5363 αἴτησον
1734 5296 1793 5346 τὸ

222 5373 411 5445 κέρδος
442 5376 595 5445 ἡμῖν.
642 5376 835 5448 Ἰαθείη
847 5396 943 5447 μεν
968 5380 1044 5450 τῷ
1090 5380 1165 5449 σῷ
1210 5380 1433 5451 μώλωπι
1453 5424 1466 5445 .
1495 5383 1570 5446 ὡς
1598 5386 1676 5454 τῷ
1700 5385 1790 5437 τοῦ

222 5464 458 5537 Χριστοῦ
504 5467 531 5518 ὁ
579 5465 799 5536 κόσμος.
854 5488 871 5519 ι
937 5470 1129 5534 Ἀλλος
1178 5473 1268 5525 ἐπὶ
1310 5472 1486 5542 γάμον
1530 5474 1790 5539 σπεύδων,

221 5554 510 5625 προοίμιον
539 5560 775 5610 ποιεῖται
810 5559 915 5611 τῶν
953 5560 1209 5623 θαλάμων
1248 5562 1346 5624 τὴν
1375 5567 1432 5617 ἐν
1479 5568 1795 5637 μαρτυρίοις

309 5748 353 5779 ³⁷
381 5749 505 5822 ch.
555 5754 855 5825 ὲσπαράχθ.
934 5756 975 5787 ³⁵
1014 5757 1087 5813 ἴσ.
1143 5759 1236 5821 ώς.
1321 5761 1361 5792 ³⁹
1403 5761 1587 5817 Matth.
1630 5779 1682 5831 ι,
1712 5763 1799 5817 3'2.

1904 4574 2243 4637 transcurrit,
2275 4573 2339 4626 ad
2366 4574 2621 4627 auxilium
2653 4589 2783 4628 vero
2818 4576 2953 4628 artis
2982 4590 3176 4641 expers
3204 4574 3467 4645 confugit,

1893 4655 2060 4734 atque
2090 4664 2157 4718 ad
2195 4680 2357 4717 unum
2396 4664 2625 4732 aliquem
2669 4674 2961 4735 martyrum
2993 4666 3198 4731 adiens,
3228 4679 3319 4732 per
3343 4680 3466 4718 eum

1900 4756 2127 4810 Domino
2168 4757 2465 4809 orationem
2512 4754 2687 4817 offert,
2743 4755 2917 4809 verbis
2952 4754 3277 4823 ejusccmodi
3321 4770 3466 4808 com-

1898 4848 2102 4915 pellans
2130 4860 2273 4911 eum,
2297 4861 2451 4915 quem
2487 4848 2839 4901 mediatorem
2871 4847 3083 4901 asciscit
3113 4864 3127 4899 :
3159 4865 3177 4897 ι
3214 4847 3315 4914 Qui
3347 4864 3465 4918 pro-

1900 4946 2021 5007 pter
2073 4936 2345 4992 Christum
2377 4951 2435 4991 es
2482 4952 2707 5005 passus,
2755 4937 3029 4991 intercede
3074 4951 3171 5005 pro
3218 4941 3466 5007 passione

1904 5028 2217 5096 morboque.
2253 5029 2353 5092 Qui
2386 5028 2581 5081 fiducia
2624 5028 2797 5099 polles
2826 5067 2841 5093 ,
2876 5028 3149 5083 conservis
3186 5018 3465 5084 commoda

1900 5134 2223 5173 sermonem.
2265 5118 2501 5172 Tametsi
2555 5119 2759 5172 desiisti
2814 5120 2863 5173 iu
2910 5120 3155 5173 humanis
3206 5136 3356 5188 esse,
3413 5134 3468 5176 at

1903 5210 2039 5263 nosti
2072 5224 2191 5276 qua:
2234 5210 2343 5263 sint
2367 5209 2649 5277 passiones
2692 5224 2754 5261 ac
2788 5208 2957 5262 morbi
2988 5210 3202 5263 humani
3231 5212 3465 5281 generis.

1902 5300 1979 5353 Tu
2007 5314 2217 5369 quoque
2238 5300 2506 5367 quondam
2528 5310 2789 5369 martyres
2807 5300 3122 5363 obsecrasti,
3153 5304 3464 5371 priusquam

1902 5391 2011 5460 ipse
2032 5401 2235 5459 martyr
2254 5390 2557 5444 exsisteres.
2575 5390 2837 5458 Accepisti
2863 5402 2986 5444 tunc
3008 5406 3283 5461 quaerens;
3310 5395 3467 5448 modo

1903 5499 2021 5537 cum
2060 5483 2260 5538 habeas
2286 5523 2299 5547 ,
2340 5482 2555 5553 largire.
2594 5481 2691 5535 Tui
2738 5482 2941 5552 prmmii
2976 5483 3190 5537 cumulo
3220 5484 3465 5553 postula,

1904 5573 2043 5639 quod
2079 5584 2262 5629 nostro
2293 5574 2447 5631 cedat
2501 5573 2803 5630 commodo.
2844 5567 2957 5628 Tuo
2990 5589 3243 5631 sanemur
3276 5574 3463 5642 livore,
