4212 6318
700 366 805 425 δεῖ)

1989 371 2045 427 S.
2090 370 2360 429 ASTERH
2407 370 2709 430 AMASENl

3872 364 3984 435 sso'

706 486 781 540 ttti
818 483 1045 538 nmndm
1074 484 1243 537 livore
1286 482 1510 539 Christi.
1551 505 1568 539 ι
1614 488 1762 543 Alius
1806 488 1869 541 ad
1908 487 2123 557 nuptias
2164 504 2280 558 per-

2405 492 2583 562 ιύχήν·
2626 492 2718 544 καί
2756 508 2837 554 τις
2868 492 2946 553 είς
2992 490 3155 544 πλουν
3188 492 3567 562 ἐπειγόμενος,
3599 499 3658 545 οὐ
3708 492 3978 564 πρότερον

704 591 855 645 gens,
883 574 1101 628 thalami
1125 574 1405 629 exordium
1433 574 1580 639 facit,
1600 593 1730 647 quas
1746 579 1796 632 in
1819 579 2091 650 martyriis
2105 594 2291 648 preces

709 667 899 721 fundit.
918 664 1052 733 Quis
1078 666 1203 719 item
1227 666 1279 719 in
1299 667 1579 735 procinctu
1604 670 1992 739 navigatimtis,
2018 686 2124 724 non
2142 672 2288 738 prius

707 761 858 813 navis
896 761 1155 814 rudentes
1184 757 1384 821 solvit,
1427 775 1587 829 quam
1646 762 1813 813 maris
1854 762 2138 815 Dominum
2194 779 2290 831 per

705 860 974 921 martyres
1002 849 1355 915 invocaverit;
1384 850 1751 903 memlicormu
1793 867 1955 920 porro
1982 854 2161 921 pupuli
2181 895 2195 918 ,
2226 869 2290 909 ac

708 956 1001 1010 pauperum
1028 952 1240 1005 lurmre,
1265 953 1563 1011 martyrum
1584 942 1824 1010 requiem
1853 959 1917 997 ae
1942 943 2287 997 refectionem

708 1035 851 1089 lares
876 1049 1187 1089 communes
1215 1037 1434 1089 habent.
1466 1031 1676 1100 Ubique
1705 1044 1881 1089 autem
1922 1046 2187 1089 terrarum
2220 1051 2283 1089 ac

711 1125 875 1178 maris
898 1126 1253 1180 decantantur
1282 1134 1568 1197 martyres.
1595 1123 1649 1178 Id
1684 1124 1842 1193 plane
1865 1139 2101 1193 congrue
2130 1135 2290 1192 atque

708 1216 905 1271 merito
968 1234 983 1272 :
1040 1231 1144 1270 non
1198 1216 1338 1269 enim
1400 1215 1675 1271 communi
1740 1217 1948 1271 ratione
2006 1228 2290 1286 gesserunt

704 1307 996 1377 justitiam,
1030 1311 1124 1365 sed
1159 1310 1277 1379 ipso
1309 1325 1537 1380 corpore
1568 1308 1867 1376 bajularunt
1896 1326 2147 1375 crucem;
2182 1326 2289 1365 non

710 1401 1087 1471 disperserunt
1143 1404 1421 1472 pecunias,
1457 1402 1551 1457 sed
1591 1402 1905 1471 sanguinem
1945 1402 2286 1468 eﬂ‘utlerunt;

712 1510 819 1548 non
850 1496 1088 1549 miserati
1127 1506 1255 1550 sunt
1287 1510 1577 1567 pauperem
1606 1536 1621 1561 ,
1656 1499 1750 1549 sed
1799 1510 1897 1551 nec
1928 1497 2011 1551 sui
2049 1497 2288 1567 ipsorum

710 1598 835 1643 sunt
872 1590 1110 1655 miserti;
1156 1606 1261 1645 non
1316 1591 1617 1644 inviserunt
1658 1588 1911 1643 amictum
1947 1590 1997 1644 iu
2030 1604 2248 1644 carcere
2272 1630 2286 1654 ,

711 1681 804 1735 sed
866 1682 967 1749 ipsi
1022 1691 1242 1737 catenas
1309 1690 1678 1750 portaverunt.
1744 1682 2104 1747 Quamobrem
2168 1695 2286 1735 eam

710 1776 938 1844 gloriam
973 1791 1033 1830 ac
1060 1777 1318 1831 honorem
1352 1775 1625 1830 consecuti
1657 1782 1802 1840 sunt,
1831 1791 1951 1844 qua:
1971 1776 2139 1841 requis
2171 1790 2284 1829 mo-

710 1869 795 1921 dis
830 1867 1103 1935 patientiae
1134 1867 1397 1937 ejusmodi
1432 1884 1493 1921 ac
1522 1868 1675 1922 malis
1707 1869 2079 1936 responderet.

784 1956 838 2010 lu
877 1958 1020 2011 hunc
1052 1958 1233 2027 itaque
1275 1959 1489 2011 modum
1536 1970 1845 2027 martyres:
1890 1957 2059 2023 auulsi
2104 1970 2293 2011 eorum

712 2049 922 2104 tvranni
973 2064 1037 2102 ac
1077 2053 1383 2114 ocrisnres,
1442 2048 1530 2116 qui
1579 2050 1685 2102 alta
1726 2048 2043 2117 sapiebaut,
2097 2062 2159 2101 ac
2205 2063 2295 2102 su-

713 2141 877 2205 perba
916 2140 1414 2205 conuninabantur;
1452 2140 1541 2207 qui
1589 2155 1751 2210 super
1786 2139 2029 2194 excelsos
2068 2142 2295 2193 thronos

713 2234 989 2297 sederunt,
1024 2247 1122 2286 nec
1152 2247 1304 2286 suum
1341 2232 1638 2300 principem
1677 2229 2059 2300 agnoverunt?
2093 2228 2294 2299 Rugie-

715 2336 842 2379 runt
880 2325 1088 2380 leonum
1133 2326 1345 2379 instar:
1390 2324 1574 2394 pardis
1627 2322 1863 2376 velocius
1898 2329 2293 2389 cucurrerunt,

715 2417 857 2468 ursis
888 2416 1115 2469 ferocius
1154 2414 1606 2483 discerpserunt,
1652 2413 1797 2465 velut
1830 2412 1936 2481 lupi
1982 2413 2295 2484 sanguinem

712 2504 1040 2570 et‘l‘uderunt,
1074 2516 1329 2574 tanquam
1368 2505 1556 2573 vulpes
1586 2503 1768 2558 dolum
1806 2503 2069 2560 fecerunt.
2106 2505 2140 2559 Ii
2172 2520 2299 2560 vero

716 2596 849 2649 tales
898 2594 1082 2662 iacent
1131 2597 1263 2664 ipsis
1309 2597 1538 2649 mortuis
1585 2595 2079 2649 abominabiliores.
2122 2595 2296 2650 Vitam

714 2702 865 2740 suam
894 2686 1167 2741 oblivione
1196 2687 1551 2748 obteret-unt,
1587 2686 1857 2740 infernum
1893 2686 2091 2741 habent
2110 2687 2297 2757 sepul-

708 2794 865 2835 crum
890 2820 906 2845 ,
939 2780 1261 2851 titulumque
1299 2781 1631 2850 impietatem
1657 2822 1672 2846 ,
1733 2795 1797 2834 ac
1856 2779 2171 2833 memoriam
2211 2780 2295 2833 in-

717 2870 972 2937 iamiam;
1009 2873 1285 2927 incassum
1338 2886 1431 2927 eos
1478 2873 1750 2940 poenitet,
1796 2869 1995 2925 frustra
2046 2879 2289 2939 gemunt.

716 2962 823 3017 Eoo
868 2974 1083 3027 autem,
1138 2979 1273 3033 quos
1320 2963 1391 3017 illi
1442 2963 1911 3023 dehonestarunt,
1966 2960 2295 3029 sempiterna

714 3054 929 3119 excepit
985 3057 1243 3109 memoria
1270 3096 1287 3119 ,
1346 3070 1409 3110 ac
1456 3055 1573 3109 laus
1611 3052 1749 3109 senii
1794 3066 2012 3121 expers.
2050 3050 2296 3117 Quandiu

720 3148 860 3200 enim
900 3162 1080 3201 rerum
1120 3156 1397 3216 gestarum
1440 3145 1813 3200 narrationem
1846 3153 2008 3214 atque
2042 3142 2296 3209 honores,
2326 3184 2369 3242 ϐ

714 3247 874 3293 aetate
894 3236 1138 3305 iuniores
1162 3254 1190 3291 a
1227 3236 1533 3293 senioribus
1560 3236 1882 3306 suscipiunt,
1935 3248 2175 3304 avusque
2206 3248 2302 3289 ue-

716 3330 851 3397 poti,
892 3330 1005 3383 sive
1038 3331 1201 3384 etiam
1241 3338 1395 3396 pater
1422 3330 1552 3394 lilio,
1588 3345 1777 3384 eorum
1819 3329 2038 3382 tradunt
2067 3325 2295 3394 cultum,

716 3417 1077 3473 immortalem
1118 3418 1327 3472 laudem
1356 3417 1639 3471 elliciuut:
1678 3432 1741 3472 ac
1782 3432 1880 3471 ceu
1921 3413 2289 3470 inviolabilem

716 3508 1008 3579 quamdam
1066 3508 1471 3573 haereditatem,
1506 3507 1670 3561 hasce
1719 3510 1917 3560 saeculo
1952 3503 2302 3559 celebritates

721 3616 815 3666 per
865 3600 1237 3653 successiones
1284 3607 1631 3652 conservatas
1679 3596 2055 3651 transmittunt
2104 3612 2119 3649 :
2171 3594 2301 3663 quin

718 3709 833 3749 rem
862 3705 1078 3762 quoque
1104 3690 1290 3747 multis
1324 3690 1641 3745 haereditate
1668 3689 1998 3744 chariorem.
2027 3685 2163 3742 Nam
2199 3688 2303 3741 bae-

722 3782 967 3840 reditatis
992 3782 1153 3849 bona,
1184 3782 1267 3836 vel
1299 3782 1385 3837 l'ur
1425 3780 1728 3846 abstulerit,
1760 3779 1841 3833 vel
1870 3778 2042 3833 hostis
2080 3792 2306 3846 accepe-

720 3877 790 3930 rit
816 3875 969 3945 spolii
998 3876 1149 3939 loco,
1179 3874 1262 3928 Vel
1303 3887 1485 3929 rerum
1515 3874 1781 3926 adversus
1809 3884 1973 3925 casus
1998 3882 2304 3924 evacuave--

722 3969 825 4021 rit:
873 3967 1112 4020 virorum
1164 3974 1343 4019 autem
1396 3976 1707 4019 sanctorum
1761 3963 2042 4017 memoriae
2098 3960 2292 4017 festam

722 4061 915 4124 lucem,
946 4057 1121 4111 nullus
1150 4058 1413 4113 exciderit
1435 4072 1631 4122 annus,
1690 4056 1933 4125 quandiu
1963 4054 2091 4109 anni
2119 4063 2303 4123 erunt,

723 4165 785 4203 ne
808 4158 989 4203 curret
1012 4156 1253 4217 tempus,
1289 4147 1595 4217 cmlumque
1624 4144 1840 4200 habebit
1859 4144 2051 4207 solem,
2074 4159 2137 4198 ac
2161 4154 2305 4198 terra

724 4249 905 4309 pascet
952 4254 1079 4295 suas
1124 4240 1466 4302 animantes,
1516 4250 1777 4306 mareque
1831 4235 1956 4288 item
2009 4233 2301 4304 proprias:

723 4332 963 4403 quinimo
986 4371 1001 4398 ,
1034 4341 1090 4385 ut
1121 4331 1305 4386 verius
1343 4330 1543 4395 dicam,
1589 4330 1673 4383 bis
1707 4342 1924 4397 Quoque
1956 4326 2300 4381 cessantibus

723 4424 1033 4487 elementis,
1066 4423 1279 4476 tametsi
1332 4428 1523 4491 putent
1560 4419 1724 4486 aliqui
1752 4459 1765 4483 ,
1808 4432 2084 4487 nunquam
2125 4427 2305 4473 tamen

2390 585 2489 653 τῆς
2521 583 2655 647 νεὼς
2684 583 2799 637 λύει
2830 583 2899 636 τὰ
2932 582 3228 653 πείσματα,
3265 587 3391 654 πρὶν
3422 582 3487 637 ἂν
3528 583 3616 637 τὸν
3647 584 3743 653 τῆς
3770 582 3976 638 θαλάσ-

2394 691 2493 743 σης
2550 673 2826 743 Δεσπότην
2883 672 2970 725 διὰ
3024 672 3132 725 τῶν
3197 672 3488 745 μαρτύρων
3538 672 3968 742 ὲπικαλέσηται’

2395 764 2625 832 πτωχῶν
2653 764 2709 818 δὲ
2749 764 2912 834 φυλαὶ
2942 765 3033 817 καὶ
3068 768 3314 833 πενήτων
3345 766 3503 834 ἑσμοὶ
3559 766 3754 836 κοινὴν
3788 766 3973 818 ἑστίαν

2394 856 2682 925 κέκτηνται
2729 857 2827 925 τὴν
2872 855 2982 907 τῶν
3030 854 3322 925 μαρτύρων
3362 856 3667 910 ἀνάπαυσιν
3695 872 3709 885 ο
3757 856 3977 927 ᾅδονται

2390 944 2447 997 δὲ
2477 944 2751 1014 πανταχοῦ
2777 945 2882 1014 γῆς
2904 945 2999 997 καί⁵
3020 943 3291 1015 θαλάττης
3313 947 3360 997 οἱ
3389 946 3681 1016 μάρτυρες.
3709 945 3975 1008 Είκότως.

2393 1037 2487 1088 καὶ
2516 1038 2652 1107 πρὸς
2681 1036 2858 1102 ἀξίαν.
2897 1037 2973 1089 Οὐ
3006 1036 3134 1107 γὰρ,
3166 1036 3240 1101 ὼς
3263 1035 3466 1101 πολλοὶ,
3496 1036 3595 1106 τὴν
3628 1036 3979 1107 δικαιοσύνην

2396 1126 2761 1195 κατώρθωσαν
2780 1142 2793 1156 ·
2833 1125 2981 1195 αὑτῷ
3014 1126 3069 1178 δὲ
3101 1125 3178 1195 τῷ
3215 1127 3429 1195 σώματι
3459 1125 3549 1178 τὸν
3581 1124 3815 1196 σταυρὸν
3844 1127 3977 1182 ὲϐά-

2397 1234 2636 1270 στασαν·
2685 1218 2743 1270 οὑ
2779 1219 3040 1288 χρήματα
3092 1218 3470 1289 ὲσκόρπισαν,
3532 1217 3647 1271 ἀλλ’
3699 1215 3841 1291 αἷμα
3890 1219 3970 1286 ἑξ-

2402 1311 2585 1379 ἐχεονσ
2621 1311 2681 1363 οὗ
2721 1311 2928 1382 πένητα
2952 1309 3243 1382 οἴκτειραν,
3280 1310 3393 1364 ἀλλ’
3426 1311 3652 1373 ἑαυτοὺς
3683 1312 3783 1364 οὐκ
3814 1310 3978 1383 ἠλέη-

2395 1413 2523 1452 σαν⁶
2568 1400 2666 1452 οὐκ
2695 1400 2753 1452 ἐν
2785 1399 3143 1471 δεσμωτηρίῳ
3184 1400 3275 1453 τὸν
3346 1399 3731 1470 κεκακωμένον
3777 1400 3977 1453 ἐπεσκ-

2393 1491 2613 1560 έῲαντο,
2650 1491 2762 1545 ἀλλ’
2786 1492 2940 1545 αὐτοὶ
2980 1491 3078 1555 τὰς
3108 1490 3325 1554 ἁλύσεις
3356 1489 3642 1562 ὲφὸρεσαν.
3678 1489 3776 1543 Διὰ
3819 1490 3981 1544 τοῦτο

2391 1587 2489 1654 τῆς
2522 1585 2801 1655 ὑπομονῆς
2834 1584 2930 1638 καὶ
2962 1583 3061 1653 τῆς
3083 1582 3379 1647 κακώσεως
3413 1584 3739 1655 ἀντίρροπον
3766 1583 3865 1655 τὴν
3892 1581 3954 1636 δό

2392 1676 2490 1741 ξαν
2526 1677 2619 1729 καὶ
2642 1676 2739 1747 τὴν
2766 1674 2930 1747 τιμὴν
2958 1675 3372 1747 ἐκαρπώσαντο.

2468 1954 2530 2007 υἱ
2563 1954 2660 2024 μὲν
2686 1947 2778 2007 οὖν
2813 1953 3087 2025 μάρτυρες
3113 1955 3256 2008 nimo
3281 1972 3293 1985 θ
3328 1956 3376 2009 οἱ
3404 1956 3461 2008 δὲ
3487 1956 3691 2009 τούτων
3716 1956 3977 2029 τύραννοι

2398 2048 2489 2099 καὶ
2530 2048 2711 2112 φονεῖς
2758 2044 2882 2110 ποῦ,
2922 2047 2971 2098 οἱ
3017 2046 3084 2100 τὰ
3119 2046 3299 2118 ὑψηλὰ
3352 2051 3753 2118 φρονήσαντες,
3786 2048 3987 2102 καὶτὰ

2398 2138 2723 2209 ὑπερήφανα
2750 2136 3176 2209 ἀπειλήσαντες,
3225 2139 3273 2191 οἱ
3312 2140 3403 2191 ἐπὶ
3452 2139 3655 2209 θρόνων
3688 2140 3986 2212 μετεώρων

2397 2224 2716 2294 καθήμενοι,
2747 2225 2841 2278 καὶ
2861 2225 2954 2278 τὸν
2982 2226 3189 2279 ἑαυτῶν
3214 2228 3449 2297 ἄρχοντα
3476 2229 3550 2298 μὴ
3576 2228 3985 2299 γνωρίσαντεςς

2410 2315 2810 2388 Ἐϐρυχήσαντο
2849 2318 2990 2385 ὑπὲρ
3015 2319 3143 2382 τοὺς
3178 2318 3418 2383 λέοντας,
3452 2320 3685 2392 ἔδραμον
3714 2321 3856 2393 ὑπὲρ
3885 2321 3988 2386 τὰς

2399 2408 2725 2479 παρδάλεις,
2771 2408 3087 2480 ὲσπάραξαν
3130 2410 3271 2479 ὑπὲρ
3318 2411 3416 2474 τὰς
3458 2412 3731 2482 ἄρκτους,
3762 2412 3988 2481 ἐξέχεαν

2399 2500 2605 2569 αἵματα
2635 2500 2773 2553 κατὰ
2798 2500 2927 2560 τοὺς
2956 2500 3173 2566 λύκους,
3206 2502 3624 2571 ἐκακούργησαν
3655 2502 3732 2565 ὡς
3758 2506 3814 2556 αἱ
3843 2503 3988 2556 ἁλώ-

2400 2607 2589 2654 πεκες.
2645 2592 2864 2644 Κείνται
2926 2592 3034 2645 τῶν
3087 2592 3254 2645 ὄντων
3304 2593 3513 2663 νεκρῶν
3570 2592 3991 2664 μυσαρὼτεροι,

2399 2682 2539 2755 λήθῃ
2568 2683 2844 2751 ἐκάλυψαν
2870 2683 2970 2751 τὴν
2990 2682 3133 2752 ζωὴν
3162 2683 3341 2737 αὐτῶν
3363 2700 3375 2715 ·
3400 2686 3582 2753 ἔχουσι
3614 2684 3673 2738 δέ
3696 2686 3869 2753 τάφον
3895 2685 3991 2738 τὸν

2400 2775 2557 2846 ᾅδην,
2591 2776 2685 2827 καὶ
2708 2773 2909 2846 στήλην
2935 2775 3035 2847 τὴν
3060 2775 3338 2842 ἀσέϐειαν,
3364 2780 3458 2830 καὶ
3489 2777 3711 2848 μνήμην
3737 2778 3837 2848 τὴν
3869 2779 3993 2832 ἀτι-

2404 2866 2560 2937 μίαν·
2620 2866 2972 2937 μετανοοῦσιν
3024 2868 3301 2940 ἀνόνητα.
3360 2868 3636 2921 στένουσιν
3699 2867 3991 2939 ἄπρακτα.

2400 2959 2538 3021 Τοὺς
2571 2958 2627 3011 δὲ
2658 2957 2808 3029 παρᾶ
2846 2958 3050 3012 τούτων
3080 2958 3426 3021 αἰκισθέντας
3470 2959 3743 3023 διεδέξατο
3795 2963 3992 3031 μνήμη

2400 3049 2667 3120 ἄληκτος,
2712 3051 2940 3120 ἀγήρως
2980 3050 3219 3113 ἔπαινος.
3253 3050 3333 3104 Τὰ
3363 3050 3473 3123 γὰρ
3520 3051 3838 3125 διηγήματα
3891 3056 3995 3107 καὶ

2400 3142 2499 3205 τὰς
2530 3140 2694 3213 τιμὰς
2714 3143 2763 3195 οἱ
2796 3142 3241 3213 μεθηλικέστεροι
3271 3148 3423 3215 παρὰ
3446 3143 3557 3198 τῶν
3595 3145 3999 3218 πρεσϐυτέριον

2404 3234 2811 3306 ὑποδεχόμενοι,
2847 3236 2941 3291 καὶ
2986 3238 3207 3302 πάππος
3255 3238 3499 3309 ὲγγόνῳ,
3532 3239 3565 3310 ἢ
3616 3240 3799 3310 πατὴρ
3832 3240 3999 3297 παιδὶ

2406 3326 2793 3399 παραδιδόντες
2836 3328 2936 3397 τὴν
2982 3329 3062 3391 είς
3105 3328 3303 3393 αὐτοὺς
3351 3328 3674 3400 θεραπείαν,
3719 3330 3999 3385 ἀθάνατον

2406 3417 2618 3471 ποιοῦσι
2670 3417 2761 3470 τὸν
2803 3418 3042 3472 ἔπαινον
3095 3418 3189 3472 καὶ
3228 3419 3419 3489 ὥσπερ
3464 3419 3590 3474 τινὰ
3621 3419 3996 3493 κληρονομίαν

2404 3510 2601 3565 ἄσυλον
2646 3508 2746 3573 τὰς
2770 3509 2964 3581 ἑορτὰς
2984 3510 3185 3574 ταύτας
3210 3511 3267 3564 ὲν
3300 3510 3575 3581 διαδοχαῖς
3606 3510 3768 3577 σώζει
3797 3514 3826 3565 ὁ
3857 3511 3996 3581 βίος,

2405 3603 2438 3674 ἢ
2501 3602 2699 3673 μᾶλλον
2750 3602 2845 3654 καὶ
2899 3602 3263 3673 κληρονομίας
3312 3602 3642 3674 τιμιώτατον
3675 3602 3719 3634 ⁸ο
3776 3603 3999 3674 χρῆμα.

2405 3693 2793 3766 κληρονομίας
2827 3693 2926 3765 μὲν
2952 3694 3062 3764 γὰρ
3094 3692 3163 3747 τὰ
3217 3693 3376 3757 καλὰ,
3412 3694 3445 3763 ἦ
3476 3692 3679 3765 λῃστὴς
3714 3693 4001 3762 ἀφείλετο,

2406 3786 2439 3855 ἢ
2474 3786 2727 3857 πολέμιος
2765 3785 3007 3856 λάφυρον
3038 3783 3228 3839 ἐλαϐεν
3250 3824 3265 3848 ,
3300 3787 3332 3855 ἢ
3371 3784 3699 3854 περίστασις
3732 3785 4003 3855 πραγμά-

2406 3892 2513 3929 των
2551 3874 2819 3929 ἐκένωσεν
2838 3892 2851 3906 ·
2890 3876 3060 3944 ἁγίων
3086 3875 3143 3928 δὲ
3168 3874 3377 3945 ἀνδρῶν
3404 3875 3604 3946 ἑορτὴν
3632 3874 3807 3938 οὐδεὶς
3835 3876 4003 3929 ἐκκό-

2406 3965 2495 4034 ψει
2523 3964 2803 4027 ἐνιαυτὸς,
2851 3965 3044 4036 μέχρις
3086 3964 3149 4017 ἂν
3182 3960 3315 4017 ὦσιν
3367 3963 3638 4025 ἐνιαυτοὶ,
3675 3963 3767 4016 καὶ
3804 3964 4003 4033 χρόνος

2407 4057 2625 4127 τρέχει,
2653 4056 2882 4127 οὐρανὸς
2915 4058 3014 4128 ἔχῃ
3043 4057 3131 4110 τὸν
3150 4056 3320 4127 ἦλιον,
3355 4055 3450 4109 καὶ
3478 4056 3549 4125 γῆ
3577 4054 3760 4125 βόσκει
3785 4056 3856 4108 τὰ
3882 4056 3999 4109 ἴδια

2409 4147 2543 4212 ζῶα,
2582 4149 2676 4201 καὶ
2704 4148 2948 4201 θάλασσα
2977 4146 3048 4200 τὰ
3078 4147 3351 4218 ἐξαίρετα.
3389 4146 3462 4200 Τὸ
3489 4146 3545 4199 δὲ
3572 4146 3769 4217 ἀληθὲς
3799 4149 4002 4209 εἰπεῖν,

2410 4240 2501 4292 καὶ
2544 4239 2655 4293 τῶν
2697 4238 2979 4310 στοιχείων
3032 4239 3404 4308 παυσαμένων
3458 4238 3684 4303 τούτων,
3739 4238 3840 4293 κᾶν
3891 4258 4002 4293 τισι

2410 4330 2574 4393 δοκεῖ,
2608 4331 2903 4402 μαρτύρων
2960 4330 3055 4383 καὶ
3102 4330 3323 4383 δικαίων
3356 4331 3416 4383 οὐ
3453 4329 3813 4400 σϐεσθήσεται
3844 4331 4003 4396 δόξα,

2412 4420 2533 4473 οὐδὲ
2562 4420 2954 4493 συναποθνήξει
2988 4422 3052 4491 τῇ
3087 4419 3419 4489 δημιουργία
3459 4420 3528 4472 τὰ
3565 4421 3685 4472 κατ’
3714 4419 3967 4482 ἐκείνους
3989 4436 4003 4451 ο

727 4526 1021 4586 martyrum
1074 4528 1136 4569 ac
1178 4515 1451 4583 justorum
1507 4510 1678 4579 gloria
1745 4511 2143 4576 exstinguetur,
2212 4524 2301 4563 nec

2413 4512 2548 4566 ἀλλὰ
2574 4512 2693 4565 τότε
2733 4513 2828 4565 καὶ
2864 4512 3065 4582 μᾶλλον
3097 4510 3448 4582 ἀνθήσουσιν,
3481 4512 3617 4581 πρὸς
3654 4510 3749 4581 τὴν
3787 4508 4006 4583 ἄφθαρ-

726 4626 847 4662 ιἠηὶ
896 4617 1077 4663 creato
1114 4608 1315 4661 mundo
1356 4606 1553 4660 visibili
1588 4606 1907 4671 morientur,
1951 4619 2073 4674 qua:
2116 4618 2304 4658 eorum

2412 4620 2502 4655 τον
2536 4602 2681 4673 ζωὴν
2717 4601 3226 4673 μετακοσμηθείσης
3255 4602 3352 4671 τῆς
3381 4600 3819 4672 ἀνθρωπότητος.

728 4704 957 4758 celebris
990 4705 1265 4757 memoria:
1286 4708 1450 4767 sunt;
1487 4700 1616 4771 quin
1645 4710 1697 4755 et
1725 4700 1913 4770 majori
1957 4710 2089 4755 tunc
2147 4699 2341 4754 decore
2391 4696 2693 4763 ﬂorebunt,
2751 4709 3107 4754 transmutata
3155 4698 3207 4751 in
3266 4697 3431 4751 vitam
3486 4699 3849 4765 incorruptam
3907 4699 4012 4753 hu-

730 4813 889 4853 mana
920 4806 1132 4851 natura.

802 4892 951 4946 Licet
985 4900 1162 4945 autem
1196 4890 1528 4953 incredulis,
1569 4904 1633 4944 ac
1680 4890 1745 4945 iis
1772 4890 1862 4960 qui
1895 4891 1961 4945 de
1990 4891 2172 4945 l‘utura
2212 4903 2311 4959 spe

731 4993 914 5041 nostra
944 4982 1245 5051 ambigunt,
1272 4996 1337 5035 ex
1370 4982 1436 5035 iis
1461 4996 1579 5050 qua:
1601 4995 1715 5036 aevo
1746 4982 1848 5036 hoc
1877 4992 2131 5053 aguntur,
2161 4990 2311 5035 certa

732 5080 883 5129 bona;
923 5084 1117 5128 nostra:
1160 5072 1576 5141 exspectationis
1610 5072 1858 5142 accipere
1882 5075 2128 5143 pignora.
2165 5074 2307 5127 Ecce

729 5166 873 5219 enim
924 5178 1019 5233 per
1064 5166 1377 5218 universum
1435 5164 1621 5218 orbem
1676 5164 1930 5233 impletus
1972 5175 2056 5219 est
2106 5164 2311 5219 Christi

730 5258 1056 5313 athletarum
1089 5257 1363 5323 circulus,
1415 5272 1515 5311 nec
1560 5265 1644 5311 est
1687 5258 1836 5311 locus
1872 5258 2032 5324 ullus,
2069 5272 2176 5327 quo
2209 5272 2319 5310 non

731 5365 918 5403 eorum
948 5350 1204 5404 memoria
1231 5351 1531 5411 habeatur;
1562 5349 1798 5417 annique
1826 5361 2069 5418 tempora
2100 5348 2315 5413 omnia,

733 5453 896 5495 terra:
920 5440 1077 5494 donis
1106 5456 1171 5495 ac
1220 5441 1462 5509 frugibus
1510 5445 1719 5513 potiora
1757 5440 1995 5512 pugilum
2028 5449 2199 5508 gesta,
2230 5452 2319 5492 ce-

738 5532 1025 5587 lebraturis
1063 5546 1125 5584 ac
1179 5531 1311 5585 festa
1363 5535 1653 5601 agentibus
1686 5534 1991 5589 conferunt.
2049 5532 2314 5598 Quocirca

739 5633 799 5675 ut
850 5623 1042 5689 aliquis
1084 5623 1303 5677 sedulus
1357 5635 1499 5679 esset
1551 5638 1845 5696 martyrum
1880 5640 2105 5688 amans,
2161 5633 2320 5693 atque

840 5804 855 5815 ἢ
896 5804 913 5813 σ-

840 5804 855 5815 ,
896 5804 913 5813 -

810 5804 855 5835 ⁸ο
894 5816 961 5855 to,
998 5822 1111 5875 rapx.
1142 5804 1343 5875 ’τέρψῃ

2501 4888 2747 4952 Ἔξεστιν
2768 4883 2824 4935 δὲ
2850 4884 2961 4943 τοῖς
2992 4879 3259 4945 ἀπίστοις,
3295 4876 3390 4929 καὶ
3422 4877 3548 4948 περὶ
3577 4876 3678 4945 τῆς
3702 4878 4011 4946 μελλούσης

2420 4977 2633 5038 ἐλπίδος
2674 4973 2829 5045 ήμῶν
2861 4968 3316 5042 άμφιϐάλλουσιν,
3364 4968 3474 5021 ἀπὸ
3506 4967 3616 5019 τῶν
3651 4967 3707 5018 ὲν
3741 4965 3881 5037 τῷδε
3934 4966 4014 5035 τῷ

2424 5070 2522 5140 βίῳ
2569 5065 2981 5139 πραττομένων,
3027 5061 3125 5132 τῆς
3185 5060 3399 5129 ἀγαθῆς
3459 5057 3788 5131 προσδοκίας
3844 5058 4014 5127 ήμῶι

2424 5160 2613 5214 λαϐεῖν
2659 5157 2851 5228 βέϐαια
2895 5154 2963 5207 τὰ
2993 5152 3247 5224 ἐνέχυρα.
3313 5152 3442 5205 Ἰδοὺ
3491 5150 3599 5221 γὰρ
3648 5148 4014 5220 πεπλήρωται

2419 5250 2571 5322 παρὰ
2600 5251 2700 5319 τῆς
2734 5246 3055 5317 οἰκουμένης
3083 5245 3283 5307 κύκλος
3306 5244 3413 5296 τῶν
3461 5241 3708 5310 ἀθλητῶν
3734 5239 3826 5292 τοῦ
3865 5241 4011 5311 Χρι-

2418 5342 2571 5407 στοῦ,
2610 5343 2706 5396 καὶ
2734 5341 2841 5402 πᾶς
2878 5339 3045 5401 τόπος
3087 5338 3198 5407 ἕχει
3245 5335 3352 5388 τῶν
3393 5334 3563 5402 ἁγίων
3592 5334 3691 5400 τήν
3744 5332 3973 5403 μνήμην
3998 5348 4011 5361 α

2423 5437 2624 5497 πάντες
2653 5432 2709 5485 δὲ
2746 5429 2925 5500 καιροὶ
2957 5428 3241 5499 κρείττονα
3264 5425 3371 5478 τῶν
3403 5424 3512 5477 ἀπὸ
3548 5422 3650 5492 γῆς
3680 5421 3872 5492 δώρων
3918 5421 4012 5475 καὶ

2422 5524 2839 5598 βλαστημάτων,
2891 5520 2961 5571 τὰ
2997 5519 3105 5573 τῶν
3152 5516 3469 5585 ἀγωνιστῶν
3516 5517 3629 5578 τοῖς
3682 5512 4008 5583 ἑορτάζουσι

2420 5621 2736 5693 χαρίζονται
2777 5614 3111 5686 διηγήματα.
3158 5610 3242 5672 Ὣς
3281 5609 3331 5661 εί
3358 5625 3445 5669 τις
3475 5602 3540 5676 ἦν
3572 5604 3860 5666 σπουδαῖος
3892 5602 4004 5658 τῶν
