4212 6318
183 413 265 470 39.1
1246 405 1528 464 llOMlLlA
1562 404 1626 460 Χ.
1656 404 1717 459 IN
1749 403 1859 459 SS.
1898 402 2304 458 MARTYRES.

3336 401 3435 455 5‘22

186 522 467 595 μαρτύρων
508 519 698 590 φίλος,
753 519 904 572 ἔθετο
928 520 984 572 δὲ
1023 518 1281 592 φροντίδα
1318 519 1430 581 τοῖς
1470 516 1579 569 τῶν
1619 516 1755 568 ὅλων

1876 513 2098 567 nnninm
2134 509 2494 582 passionibns,
2538 506 2658 562 festi
2692 507 2849 563 vellet
2890 506 3207 562 celebritate
3242 509 3393 565 iitarc
3418 552 3437 579 ,

185 611 574 685 πανηγυρίζειν
611 610 859 664 πάθεσιν.
897 610 997 662 οὐκ
1028 609 1095 661 ἂν
1123 607 1334 679 ἡμέραν
1358 605 1631 677 παρῆλθεν
1662 603 1755 656 τοῦ

183 704 421 760 ἐνιαυτοῦ
450 703 729 775 ἀνέορτον.
779 702 956 755 Πᾶσαι
983 700 1089 771 γάρ
1136 701 1317 771 ἔχουσι
1352 698 1637 771 κρείττονα
1662 695 1756 750 τοῦ

183 795 402 869 ἡλιακοῦ
444 795 647 849 κύκλου
689 794 911 864 κόσμον,
943 795 1009 848 τὰ
1048 792 1156 846 τῶν
1192 791 1454 859 γενναίων
1484 790 1758 860 ἀνδραγα-

183 888 417 959 θήματα.
464 885 688 955 Ἐπειδὴ
718 885 825 956 γὰρ
850 888 877 939 ὁ
908 889 1019 947 τοῖς
1044 884 1229 946 καλοῖς
1281 880 1754 951 ἀντιτεταγμένος,

182 974 410 1046 σφοδρδν
452 974 589 1044 πρὸς
620 973 681 1025 τὸ
720 974 1015 1044 μυστήριον
1046 970 1390 1043 Χριστιανῶν
1434 969 1755 1040 ἐπηρίσατο,

184 1069 391 1130 πάντας
432 1066 495 1119 δὲ
543 1066 767 1119 πάσσων
810 1067 874 1135 τῇ
912 1065 1081 1127 κόνει,
1117 1065 1227 1125 τοῖς
1276 1060 1423 1123 ἰδίοις
1453 1061 1760 1130 φρονήμασι

182 1156 443 1231 χωννύειν
502 1156 854 1220 ἐσπούδαζεν,
916 1157 1011 1209 καὶ
1066 1154 1243 1225 μάτην
1297 1150 1603 1221 ἐνασχολεῖν
1649 1154 1760 1215 τοῖς

180 1248 578 1320 ἐπιτηδεύμασι
613 1246 706 1299 τοῦ
752 1245 924 1316 πηλοῦ
947 1262 960 1274 ·
999 1245 1240 1317 ἀρίστων
1264 1240 1471 1312 ἀνδρῶν
1504 1240 1707 1312 πλῆθος
1736 1243 1763 1294 ὁ

182 1341 310 1405 Θεὸς
338 1339 569 1408 ἀλείψας
603 1341 710 1400 τοῖς
741 1336 1188 1410 παραγγέλμασι,
1217 1335 1311 1386 καὶ
1338 1334 1762 1406 παιδοτριϐήσας

184 1433 315 1503 πρὸς
349 1430 651 1501 καρτερίαν
693 1430 787 1483 καὶ
818 1429 1067 1499 δύναμιν,
1100 1426 1426 1495 ἀντέστησεν
1453 1424 1531 1495 τῷ
1558 1426 1765 1479 ἀναιδεῖ

184 1524 276 1579 καὶ
323 1522 599 1593 ἐπιϐούλῳ
648 1521 747 1591 τῆς
790 1520 1224 1591 ἀνθρωπότητος,
1282 1511 1440 1571 Οὗτοι
1480 1514 1536 1569 δὲ
1581 1516 1762 1570 καινὸν

187 1612 544 1682 ἠγωνίσαντο,
576 1611 669 1665 καὶ
707 1612 766 1662 οὐ
811 1610 902 1663 τὸν
933 1608 1135 1681 συνήθη
1171 1607 1376 1676 ἀγῶνα.
1418 1606 1492 1660 Οὐ
1532 1606 1637 1678 γὰρ
1672 1607 1762 1661 τύ..

190 1720 411 1767 πτοντες
457 1705 490 1773 ἢ
534 1702 830 1774 ρηγνύντες
875 1702 1185 1774 ἐκράτησαν
1281 1698 1417 1754 ἀλλά
1464 1698 1765 1769 πάσχοντες

190 1796 521 1864 ⁴ἦρίσενευιῑιιν
554 1795 651 1847 καὶ
686 1794 1036 1865 σφαζόμενοι.

259 1969 371 2024 Καὶ
406 1970 582 2031 ποῖον,
616 1970 763 2041 ἐρεῖς
784 2008 798 2034 ,
842 1968 871 2021 ὁ
904 1968 1211 2039 ἀκροατὴς,
1250 1968 1451 2040 κράτος
1495 1967 1726 2037 πολέμου
1754 1981 1767 2029 ;

191 2062 270 2126 τίς
306 2061 365 2114 δὲ
397 2060 748 2130 εὐδοκίμησις
774 2058 911 2130 αὐτη
938 2099 953 2122 ,
1002 2060 1063 2113 τὸ
1106 2058 1509 2131 στρεϐλωθῆναι
1540 2059 1635 2111 καὶ
1665 2076 1769 2127 μα-

195 2151 499 2224 σηχθῆναι,
530 2151 623 2205 καὶ
657 2150 791 2222 πρός
822 2167 886 2220 γε
920 2150 1008 2204 διὰ
1058 2151 1229 2222 πυρὸς
1250 2195 1261 2213 ,
1299 2150 1330 2222 ἢ
1369 2150 1574 2219 ξίφους,
1608 2150 1771 2217 ἦκα-

195 2240 413 2305 κώσεως
453 2239 847 2312 δεσμωτηρίων
891 2238 1201 2293 καταλῦσαι
1252 2240 1341 2292 τὸν
1397 2238 1550 2308 pinv;
1613 2239 1771 2291 Ἀλλά

196 2335 328 2405 μάθε
353 2374 369 2397 ,
420 2333 500 2396 ὡς
546 2334 597 2386 οἱ
641 2332 781 2403 ὑπὲρ
824 2330 1104 2393 εὐσεϐείας
1154 2330 1404 2400 πόλεμοι,
1446 2328 1771 2384 ἀπεναντίου

196 2420 584 2495 κατορθοῦνται
615 2420 725 2475 τῶν
754 2419 948 2474 ἄλλων.
981 2422 1042 2472 0i
1072 2419 1169 2489 μέν
1195 2419 1305 2489 γὰρ
1332 2420 1388 2471 ἐν
1418 2416 1495 2486 τῷ
1516 2417 1772 2487 φονεῦσαι

195 2509 288 2579 τὴν
317 2506 601 2579 ἀριστείαν
636 2506 817 2577 ἔχουσι
843 2523 855 2535 ·
891 2507 940 2558 οἱ
970 2506 1046 2570 δὲ,
1083 2506 1171 2560 διὰ
1206 2506 1301 2559 τοῦ
1336 2506 1526 2559 παθεῖν
1552 2507 1645 2559 καὶ
1678 2524 1774 2559 πε·-

199 2600 304 2651 σεῖν
334 2597 687 2667 ἐνεργοῦνται
736 2596 840 2667 τὴν
887 2595 1065 2667 νίκην.
1119 2595 1409 2667 Παρρησία
1454 2595 1511 2648 δὲ
1551 2595 1775 2649 δικαίων

197 2689 399 2743 ἐκτελεϊ
432 2690 533 2753 τὰς
557 2689 697 2759 ὑπὲρ
725 2686 818 2740 τοῦ
851 2687 1058 2756 κόσμου
1094 2686 1391 2757 πρεσϐείας
1415 2703 1428 2718 ο
1457 2685 1552 2740 καὶ
1587 2687 1775 2741 ἔλαθεν

196 2781 223 2831 ὁ
269 2778 469 2851 ἐχθρὸς
528 2779 643 2841 τοῖς
702 2776 965 2839 ἐναντίοις
1030 2775 1361 2846 περιπεσὼν,
1414 2774 1446 2845 ἢ
1502 2775 1772 2829 ἐϐούλετο.

201 2872 391 2934 Ὀσους
424 2868 535 2940 γὰρ
566 2866 797 2937 ἔσφαξεν
835 2867 1290 2938 μαρτυρήσαντας
1314 2905 1327 2927 ,
1358 2864 1648 2929 τοσούτους
1683 2867 1777 2919 ἀν-

200 2961 430 3035 θρώπων
473 2958 703 3032 βοηθοὺς
749 2956 1183 3029 παρεσκεύασεν.
1233 2956 1345 3010 Καὶ
1381 2956 1478 3009 ἐπὶ
1512 2956 1693 3027 πάσης
1720 2955 1775 3008 δέ

201 3051 448 3123 πράξεως
473 3051 635 3104 τοῦτο
662 3049 887 3120 πάσχων
926 3048 1237 3121 εὑρίσκεται
1260 3067 1273 3079 ο
1308 3049 1430 3102 ὅθεν
1465 3049 1777 3119 ἐμποδίζειν

202 3143 361 3196 οίιται
410 3142 512 3212 τὴν
564 3138 867 3205 εὐσέϐειαν,
917 3136 1318 3202 κατασκευάζει
1359 3137 1457 3208 τῆς
1495 3137 1773 3201 εὐσεϐείας

1872 621 1939 659 ne
1972 604 2113 659 diem
2165 602 2380 669 quidem
2430 601 2481 654 in
2532 615 2673 653 anno
2717 614 2821 653 non
2878 600 3071 653 festum
3115 602 3437 670 μυριετῆ-ει.

1877 695 2122 753 Universi
2154 695 2353 749 etenim
2385 692 2543 747 solari
2579 693 2692 761 ipso
2716 691 2871 761 globo
2902 692 3249 745 illustriorem
3282 711 3441 746 "Hill-

1871 788 2040 849 dum,
2073 785 2330 855 praclara
2379 792 2727 836 strenuornm
2778 782 3015 835 vit-orum
3059 782 3296 835 facinora
3348 786 3445 837 lia--

1868 877 2015 930 bent.
2041 876 2176 941 Quia
2198 878 2339 929 enim
2374 875 2439 935 is,
2466 873 2554 943 qni
2589 873 2741 927 bonis
2764 876 3101 940 adversatur,
3127 876 3177 928 vi
3210 877 3444 929 maxima

1870 966 2297 1022 Christianorum
2352 966 2675 1019 moliebatur
2718 966 3049 1034 possitndare
3101 968 3447 1035 mySIeriutn,

1871 1058 2262 1126 universosque
2307 1056 2603 1111 furfuribus
2651 1070 2945 1126 aspergens
2970 1094 2987 1119 ,
3020 1058 3190 1110 sensis
3224 1059 3336 1113 suis
3385 1074 3447 1112 ac

1871 1148 2155 1205 aﬂ‘ectibus
2205 1149 2435 1203 obruere
2465 1150 2753 1211 nitebatur,
2809 1164 2873 1202 ac
2916 1164 3071 1203 casso
3110 1148 3308 1217 labore,
3345 1150 3475 1205 luti-

1870 1240 2122 1309 operibus
2154 1254 2456 1310 occupare;
2500 1249 2841 1293 strenuortnn
2892 1239 3037 1294 Deus
3072 1240 3309 1294 virorum
3355 1257 3449 1295 co-

1872 1328 2013 1395 piam
2067 1328 2285 1381 monitis
2337 1328 2649 1392 instruens,
2686 1336 2846 1396 atque
2880 1330 2945 1383 ad
2994 1330 3328 1383 tolerandum
3385 1348 3452 1386 ac

1874 1417 2095 1471 virtutis
2117 1418 2380 1473 edendum
2400 1420 2706 1488 specimen,
2738 1419 2989 1473 erudiens
3017 1419 3444 1488 informansque,

1874 1508 2167 1579 impudenti
2188 1510 2284 1574 illi,
2310 1525 2373 1564 ac
2402 1510 2610 1565 insidiis
2635 1513 2922 1565 humanum
2958 1513 3229 1581 appetenti
3258 1526 3447 1580 genus,

1874 1600 2093 1670 objecit.
2157 1598 2221 1654 Hi
2255 1615 2382 1657 vero
2434 1616 2629 1656 novum
2667 1603 3029 1665 desudarunt,
3068 1617 3130 1659 ac
3161 1606 3293 1657 nihil
3324 1620 3451 1658 con-

1875 1701 2089 1745 suetum
2154 1703 2451 1747 certamen.
2484 1690 2593 1745 Nec
2625 1692 2767 1745 enim
2792 1691 3049 1746 caedendo
3074 1707 3137 1746 ac
3164 1694 3305 1747 acies
3338 1710 3448 1763 per-

1875 1779 2157 1850 fringendo
2189 1783 2421 1835 victores
2463 1783 2833 1849 exstiterunt,
2872 1784 2965 1839 sed
3002 1785 3251 1852 patiendo
3290 1793 3452 1854 atque

1798 1878 1841 1934 Β
1871 1870 2037 1925 occisi
2072 1880 2291 1925 strenue
2324 1873 2648 1927 habuerunt.

1944 1961 2126 2028 Qualis
2150 1978 2298 2026 vero,
2332 1964 2560 2032 inquies,
2597 1963 2823 2027 auditor,
2858 1964 3257 2019 bellivictoria?
3283 1965 3453 2031 Quod

1874 2068 2000 2107 nam
2029 2062 2205 2108 autem
2258 2067 2426 2123 genus
2459 2055 2584 2109 illud
2636 2056 2910 2119 facinoris,
2940 2046 3305 2113 nt'tormentis
3333 2058 3454 2125 quis

1874 2157 1939 2195 ac
1966 2141 2279 2195 verberibus
2326 2142 2677 2210 subjiciatur;
2717 2146 2782 2196 ad
2832 2144 2945 2197 hac
2979 2151 3183 2205 autem,
3216 2151 3273 2195 ut
3306 2143 3448 2211 igni,

1874 2231 1957 2283 vel
1985 2229 2183 2300 gladio,
2217 2241 2310 2285 aut
2373 2232 2609 2287 carceris
2653 2236 3011 2287 maceratione
3054 2234 3202 2287 finiat
3237 2236 3445 2289 vitam?

1875 2318 2071 2374 Verum
2096 2322 2337 2385 noveris,
2375 2336 2495 2391 quae
2525 2323 2662 2377 bella
2703 2324 3026 2393 suscipimus
3050 2325 3263 2393 pictatis
3289 2342 3437 2396 ergo,

1874 2427 2033 2467 secus
2071 2415 2181 2482 geri
2216 2423 2378 2481 atque
2431 2414 2553 2467 alia.
2590 2412 2721 2467 Nam
2774 2415 2876 2468 alia
2913 2414 3127 2482 quidem
3174 2415 3307 2469 bella
3335 2458 3347 2480 ,
3392 2420 3443 2472 3;:

1874 2506 2111 2558 caedibus
2160 2520 2222 2557 ac
2271 2514 2450 2573 strage
2488 2506 2715 2558 hostium
2742 2543 2756 2567 ,
2802 2504 3128 2560 fortitudinis
3170 2509 3448 2576 specimen

1878 2596 2117 2659 habent;
2151 2595 2270 2649 haec
2298 2605 2478 2648 autem
2550 2596 2874 2650 certantium
2908 2598 3156 2665 passione
3190 2614 3252 2651 ac
3286 2612 3455 2653 lttOt‘ie

1877 2686 2155 2739 victoriam
2186 2685 2421 2754 pariunt.
2457 2684 2623 2739 Porro
2655 2685 2825 2739 sancti
2852 2726 2865 2747 .
2896 2702 2993 2754 pro
3025 2702 3085 2741 ea
3113 2703 3215 2755 qua
3250 2690 3450 2756 pollent

1883 2778 2101 2844 fiducia,
2140 2778 2320 2833 mundi
2360 2779 2745 2832 intercessores
2776 2778 3067 2843 exsistunt,
3100 2780 3455 2849 nesciensque

1880 2869 2052 2925 hostis
2079 2910 2093 2933 ,
2128 2870 2177 2921 in
2211 2883 2397 2923 eorum
2426 2883 2545 2938 quae
2586 2868 2816 2922 habebat
2846 2872 3138 2940 proposita,
3173 2873 3450 2926 contraria

1879 2958 2084 3012 incidit.
2119 2958 2260 3025 Quot
2293 2959 2434 3012 enim
2468 2958 2730 3029 martyrio
2757 2959 3072 3020 perfunctos
3110 2960 3306 3016 occidit
3329 3003 3346 3025 ,
3379 2970 3457 3014 tot

1880 3051 2155 3104 hominum
2212 3049 2487 3117 adjutores
2532 3048 2679 3104 fecit.
2735 3046 3054 3119 Videasque,
3099 3050 3148 3101 iu
3182 3051 3451 3103 omnibus

1880 3157 1998 3211 qua:
2026 3140 2362 3210 designavit,
2396 3140 2495 3194 hoc
2528 3140 2702 3210 ipsum
2741 3154 2957 3209 passum
3000 3156 3136 3195 esse.
3177 3140 3328 3196 Unde
3357 3156 3453 3207 pu-

200 3232 291 3297 τὴν
322 3230 577 3302 αὔξησιν.
614 3230 704 3302 Τῷ
739 3230 848 3301 γὰρ
884 3228 1054 3300 μωρῷ
1080 3229 1177 3283 καὶ
1205 3228 1420 3300 ἄφρονι,
1451 3229 1529 3291 είς
1555 3229 1776 3281 τούναν-

1881 3242 1958 3284 tat
2007 3231 2189 3299 pietati
2234 3243 2292 3284 se
2330 3228 2767 3297 impedimentum
2795 3228 3122 3290 allaturum;
3194 3232 3317 3283 inde
3365 3246 3460 3284 att-

201 3323 306 3377 τίον
350 3326 381 3378 δ
429 3322 595 3392 σοφὸς
640 3322 771 3385 Θεὸς
815 3322 1125 3394 περιίστησι
1170 3321 1239 3375 τὰ
1271 3321 1631 3392 βουλεύματα.
1667 3322 1777 3373 Καὶ

200 3410 349 3467 τοῦτο
394 3416 510 3475 τοῖς
562 3411 881 3484 πράγμασιν
910 3410 1142 3465 ἑκάστου
1189 3410 1385 3482 καιροῦ
1426 3410 1771 3482 παρακολου-

204 3504 414 3569 θοῦντες
448 3505 796 3575 εὑρίσκομεν,
837 3504 935 3575 τὴν
964 3502 1177 3556 ἱκθεσιν
1204 3502 1299 3555 τοῦ
1338 3503 1637 3567 Μωῦσέως,
1677 3504 1776 3574 τὴν

204 3596 400 3665 πράσιν
424 3596 521 3650 τοῦ
560 3597 778 3667 Ἰωσήφ.
825 3595 1001 3659 Εὐθὺς
1025 3594 1082 3648 ἐν
1113 3595 1253 3666 ἀρχῇ
1283 3594 1372 3648 τὸν
1402 3594 1653 3664 δεύτερον
1680 3595 1774 3649 ἅν·-

202 3686 415 3760 θρωπον
472 3686 565 3739 τὸν
643 3685 809 3739 Ἀϐελ
860 3686 1170 3754 ἐφόνευσεν,
1228 3686 1319 3739 ἵνα
1374 3685 1484 3739 τῶν
1540 3684 1776 3739 εὐσεϐῶν

203 3774 404 3845 ἐκκόψῃ
439 3773 502 3827 τὸ
525 3774 767 3844 σπέρμα,
805 3775 897 3827 καὶ
921 3773 1231 3846 τοΰμπαλιν
1270 3773 1507 3843 ἐγένετο.
1550 3775 1776 3829 Ἔκτοτε

202 3865 309 3937 γὰρ
330 3865 644 3937 ἀνδροφόνοι
671 3864 951 3935 μισοῦνται
986 3865 1253 3937 σφοδρῶς,
1284 3864 1343 3929 ἐξ
1372 3858 1434 3919 οὗ
1456 3865 1598 3920 Κάϊν
1628 3866 1777 3939 παρά

202 3955 294 4008 τοῦ
323 3954 460 4008 Θεοῦ
487 3954 794 4025 κατηρόώη.
828 3953 904 4007 To
935 3952 1029 4005 τοῦ
1064 3950 1325 4025 Χριστοῦ,
1352 3953 1435 4005 ὅτι
1473 3954 1777 4025 ἐνήργησεν

207 4049 286 4110 εἰς
326 4045 616 4110 Ἰουδαίους
666 4048 693 4098 ό
731 4046 1007 4111 Σατανᾶς,
1044 4046 1131 4097 ἵνα
1164 4043 1548 4115 σταυρώσωσιν
1593 4046 1775 4099 αὐτόν.

202 4138 275 4192 Τὸ
302 4139 433 4192 αὐτὸ
475 4138 539 4209 δὴ
568 4138 662 4191 καὶ
704 4137 796 4190 ἐπὶ
833 4141 947 4200 τοῖς
978 4137 1212 4208 μάρτυσι
1249 4135 1538 4200 πέπονθεν,
1572 4128 1646 4188 ὧν
1681 4154 1778 4189 κα-

204 4229 532 4301 ταφρονοῦσι
562 4230 743 4283 πολλοὶ
765 4228 1022 4293 ὐπουδίας
1047 4229 1228 4291 ἀνείας
1256 4230 1320 4293 ⁸⁸,
1353 4227 1774 4292 ἐξευτελίζοντες

203 4320 382 4373 αὐτῶν
418 4319 482 4373 τὸ
519 4319 756 4389 ἀξίωμα.
812 4319 925 4372 Οὐκ
972 4317 1257 4390 ἅνθρωπός
1300 4321 1475 4383 ἐστιν;
1509 4320 1608 4371 οὐκ
1656 4318 1777 4370 s63:-

203 4412 417 4483 πανήθη
447 4411 507 4464 τὸ
534 4411 729 4481 causa;
762 4412 862 4464 οὐκ
890 4413 949 4465 ἐν
976 4412 1179 4481 ὀλίγοις
1209 4412 1501 4481 λειψάνοις,
1532 4410 1624 4464 καὶ
1657 4410 1779 4463 τού-

1880 3335 2152 3394 gmentutn
2208 3324 2393 3391 pietati
2470 3323 2709 3378 useiscit.
2760 3324 2850 3379 Dei
2908 3338 3136 3391 namque
3165 3323 3459 3391 sapientia,

1880 3416 2043 3471 stulto
2075 3414 2147 3469 illi
2191 3431 2255 3469 ac
2299 3416 2488 3470 insano
2532 3416 2753 3471 consilia
2799 3416 2849 3469 in
2886 3416 3215 3470 contrarium
3251 3417 3455 3477 vertit,

1881 3509 2040 3578 idque
2068 3509 2160 3571 ita,
2202 3491 2463 3577 cujusque
2498 3508 2753 3576 temporis
2794 3522 2879 3561 res
2917 3516 3096 3577 gestas
3122 3505 3449 3567 recolentes,

1880 3600 2076 3653 habere
2132 3599 2475 3664 invenimus;
2538 3607 2711 3668 pnta,
2774 3597 2975 3667 Moysis
3036 3597 3459 3664 eitpositioncm,

1880 3690 2238 3744 venditionem
2268 3687 2510 3758 Josephi.
2545 3688 2741 3743 Statim
2775 3688 2827 3740 in
2861 3688 3126 3756 principio
3159 3688 3455 3741 secundum

1881 3780 2151 3833 hominem
2201 3778 2422 3831 Ahelem
2455 3778 2688 3840 occidit,
2718 3793 2823 3847 quo
2857 3780 3067 3845 piorutn
3114 3776 3459 3830 exscinderet

1880 3884 2101 3935 semen;
2132 3882 2287 3923 secus
2320 3876 2497 3922 autem
2544 3868 2743 3922 evenit.
2777 3867 2856 3920 Ab
2896 3884 2958 3921 eo
3004 3867 3143 3921 enim
3188 3874 3450 3936 tempore,

1880 3972 1987 4027 quo
2037 3957 2176 4009 Deus
2246 3955 2522 4009 maledixit
2579 3953 2750 4020 Cain,
2801 3957 2947 4024 gravi
3006 3954 3284 4007 llOl’lllCltliL‘
3338 3958 3459 4007 othn

1882 4049 2165 4104 habentur.
2199 4047 2286 4100 Sic
2320 4049 2370 4099 in
2426 4045 2664 4111 Christo,
2706 4061 2863 4115 quem
2907 4045 3134 4099 Satanas
3165 4048 3308 4098 cruci
3344 4046 3460 4099 alli-

1882 4142 2106 4210 gendutn
2145 4140 2194 4192 in
2237 4137 2543 4192 Iudaeorum
2573 4140 2783 4192 animos
2833 4136 3074 4191 immisit.
3121 4138 3233 4191 Hoc
3277 4138 3461 4207 utique

1883 4230 2053 4299 ipsum
2105 4229 2177 4283 illi
2230 4228 2282 4281 in
2335 4228 2659 4297 martyribus
2713 4227 2925 4293 accidit,
2983 4241 3210 4295 quorum
3277 4226 3459 4298 plures

1883 4324 2265 4375 subterraneas
2302 4320 2591 4374 memorias
2644 4328 2937 4387 spernunt,
2972 4333 3155 4372 eorum
3188 4319 3462 4373 eievantes

1884 4430 1947 4467 ac
1986 4414 2073 4466 vili
2105 4415 2397 4481 pendentes
2430 4411 2763 4480 dignitatem.
2814 4410 3005 4464 Nonne
3030 4450 3044 4475 ,
3077 4411 3347 4477 inquiunt,
3376 4411 3462 4464 ille

200 4521 315 4567 τοις
356 4504 810 4575 ἐγκεχωσμένοις,
859 4502 1092 4574 αὐτῶνὴ
1149 4505 1375 4575 μνήμη;
1432 4503 1682 4556 Μάλιστα
1716 4501 1776 4571 δὴ

1887 4507 2046 4559 homo
2095 4504 2217 4558 est?
2275 4518 2455 4558 nonne
2496 4515 2691 4571 corpus
2734 4500 3075 4569 absumptum
3116 4502 3240 4555 est?
3287 4516 3463 4555 nonne

200 4594 374 4647 ταῦτα
406 4593 670 4666 ’Έλληνες
716 4595 811 4647 καὶ
844 4594 1165 4665 Εὐνομιανοί
1210 4613 1373 4664 φασιν
1394 4613 1407 4624 ⁸
1452 4595 1693 4665 εἴπωμεν
1722 4593 1778 4645 δὲ

203 4687 339 4757 πρὸς
369 4686 734 4758 ἀμφοτέρους.

282 4866 480 4935 Ἡμεῖς
514 4864 795 4935 μάρτυρας
840 4865 899 4916 οὐ
950 4863 1382 4935 προσκυνοῦμεν,
1422 4860 1557 4915 ἀλλά
1603 4861 1778 4929 τιμῶ-

205 4973 325 5026 μεν,
371 4957 445 5017 ὡς
487 4956 744 5025 γνησίους
798 4956 1183 5026 προσκυνητάς
1215 4953 1382 5007 Θεοῦ·
1434 4954 1495 5006 οὐ
1548 4952 1780 5023 σέϐομεν

202 5045 525 5116 ἀνθρώπους
550 5084 565 5108 ,
604 5044 954 5115 θαυμάζομεν
1000 5047 1056 5098 δὲ
1111 5048 1235 5107 τοὺς
1270 5047 1329 5097 ἐν
1370 5043 1547 5115 καιρῷ
1580 5060 1782 5111 πειρα-

204 5138 360 5207 σμῶν
376 5136 556 5199 καλῶς
582 5135 941 5197 σεϐασθέντας
972 5136 1107 5205 Θεῷ.
1136 5136 1224 5189 Ἑν
1255 5135 1452 5206 θήκαις
1475 5135 1784 5205 φιλοκάλοις

202 5225 597 5296 ἁποτιθέμεθα,
630 5227 722 5280 καὶ
746 5227 927 5289 οἴκους
961 5226 1060 5296 τῆς
1084 5226 1439 5290 ἀναπαύσεως
1476 5226 1783 5298 ἐγείρομεν,

202 5321 320 5379 ταῖς
371 5320 746 5380 κατασκευαῖς
790 5318 1260 5389 μεγαλοπρεπεῖς,
1322 5318 1407 5371 ἵνα
1450 5318 1787 5389 ζηλὼσωμεν

211 5409 299 5471 ιάς
341 5409 453 5461 τῶν
485 5406 669 5470 καλῶς
706 5408 1146 5480 τελευτησάντων
1187 5408 1352 5479 τιμάς
1376 5426 1390 5442 ο
1418 5410 1519 5462 οὐκ
1552 5410 1787 5480 ἄμισθον

203 5498 256 5551 δὲ
289 5499 395 5569 τὴν
427 5500 507 5563 εἰς
537 5499 733 5561 αὐτοὺς
783 5500 1017 5571 σπουδὴν
1043 5500 1459 5570 ἐπιδεικνύμεθα
1481 5541 1495 5565 ,
1531 5500 1667 5555 ἀλλὰ
1688 5504 1786 5573 τῆς

210 5590 546 5653 προστασίας
618 5589 799 5643 αὐτῶν
847 5591 944 5652 τῆς
1018 5593 1154 5654 ποδς
1224 5593 1353 5646 Θεὸν
1412 5593 1785 5665 ἀπολαύομεν.

289 5812 330 5842 ⁵⁸
365 5812 669 5865 ὕπουδαίαε
708 5812 911 5871 μνείας.

1889 4612 2078 4651 eorum
2111 4596 2371 4651 memoria
2395 4595 2445 4649 in
2476 4593 2719 4663 pauculis
2746 4593 3009 4661 reliquiis,
3039 4592 3212 4660 iisque
3241 4593 3463 4659 sepultis

1892 4689 2060 4756 posita
2090 4689 2211 4742 est?
2258 4685 2383 4741 Haec
2411 4686 2566 4755 plane
2594 4684 2821 4753 gentiles
2854 4681 3145 4750 objiciunt,
3178 4698 3240 4737 ac
3284 4683 3462 4737 Eunoc

1891 4776 2057 4830 miani
2084 4792 2100 4841 ',
2142 4789 2238 4828 nos
2270 4788 2396 4828 vero
2426 4773 2492 4827 ad
2521 4783 2774 4840 utrosque
2803 4772 3063 4824 dicamus.

1962 4866 2071 4920 Nos
2123 4866 2344 4920 minime
2390 4864 2628 4935 gentium
2685 4863 2972 4916 adoramus
3018 4872 3313 4931 martyres,
3369 4866 3463 4917 sed

1892 4967 2145 5027 tanquam
2180 4960 2323 5012 veris
2354 4957 2443 5010 Dei
2474 4956 2850 5010 adoratoribus
2895 4953 3151 5008 habemus
3177 4956 3462 5010 honorem.

1892 5048 2006 5102 Non
2057 5049 2284 5103 colimus
2331 5048 2611 5110 homines;
2673 5047 2765 5100 sed
2838 5059 2931 5100 eos
2976 5045 3327 5108 admiramur,
3373 5047 3463 5114 qui

1894 5151 2131 5208 tempore
2182 5139 2614 5209 persecutionum
2687 5136 2739 5190 in
2797 5135 2890 5189 Dei
2952 5135 3206 5204 praelate
3258 5137 3462 5191 cultum

1892 5230 2159 5298 absumpti
2190 5238 2335 5283 sunt.
2367 5228 2423 5281 in
2456 5226 2646 5280 loculis
2677 5241 2748 5279 ae
2782 5224 3041 5294 sepulcris
3078 5224 3300 5289 pulchre
3353 5226 3464 5279 ela-

1896 5323 2101 5377 boratis
2129 5321 2467 5389 deponimus,
2493 5317 2888 5386 structurisque
2935 5316 3246 5385 magniﬁcas
3274 5330 3464 5371 eorum

1892 5411 2241 5481 requietionis
2271 5411 2577 5465 excitamus
2612 5409 2796 5464 domos
2824 5446 2838 5473 ,
2873 5418 2926 5462 ut
2961 5422 3152 5462 eorum
3192 5409 3282 5475 qui
3330 5424 3467 5477 prae.

1887 5503 2034 5558 clare
2058 5503 2164 5557 vita
2194 5501 2361 5557 functi
2391 5512 2537 5565 sunt,
2573 5501 2809 5557 tonores
2832 5500 3167 5555 aemulemur.
3204 5499 3312 5553 Nec
3336 5515 3465 5552 vero

1884 5596 2133 5653 mercede
2177 5608 2404 5651 vacuum
2455 5594 2507 5649 in
2561 5607 2653 5649 eos
2698 5591 3019 5650 exhibemus
3068 5592 3321 5657 studium,
3371 5594 3461 5645 sm‘
