4212 6318
710 418 815 474 323

1986 407 2043 464 S.
2084 407 2360 464 ASTERII
2402 408 2705 464 AMASENI

3859 413 3968 469 321

708 549 895 588 eorum
942 529 1084 599 apud
1136 529 1305 583 Deum
1346 525 1648 596 patrocinio
1682 525 1929 580 fruimur.
1966 525 2101 592 Quia
2138 533 2283 580 enim

2411 526 2623 597 Ἐπειδὴ
2652 527 2758 597 γὰρ
2789 504 2901 580 ὀὐκ
2934 527 3094 598 ἀρκεί
3139 528 3172 597 ἡ
3208 526 3453 597 ἡμετέρα
3482 526 3613 596 εὐχὴ
3642 525 3971 595 δυσωπῆσαι

712 638 820 677 non
852 621 1029 677 valent
1062 627 1260 675 nostra:
1292 632 1482 687 preces
1528 617 1692 672 Deum
1740 616 2012 671 inﬂectere
2035 656 2051 682 ,
2086 631 2151 671 ac
2186 616 2288 669 im-

710 727 928 782 petrare
970 710 1312 766 necessitatis
1350 718 1623 779 tempore,
1664 723 1727 763 ac
1783 708 2010 762 molesta
2062 706 2288 761 calami-

710 817 820 859 tate
848 824 871 859 τι
896 805 1094 873 quippe
1120 818 1241 857 cum
1270 811 1451 856 nostra
1480 801 1656 856 oratio
1686 815 1792 855 non
1845 799 2148 853 obsecratio
2197 799 2283 862 sit,

712 899 803 952 Sed
831 896 1143 951 delictorum
1170 893 1613 949 commemoratio
1633 930 1648 957 ,
1676 891 1879 945 idcirco
1905 891 1970 944 ad
1998 903 2290 945 conservos

713 986 1052 1057 confugimus
1106 985 1336 1040 Domino
1398 983 1782 1051 charissimos,
1832 992 1889 1035 ut
1941 996 2037 1051 pro
2092 980 2292 1049 quibus

713 1078 927 1148 egregie
969 1092 1033 1131 ac
1077 1092 1140 1132 ex
1192 1077 1392 1131 virtute
1421 1083 1677 1146 egerunt,
1723 1074 1926 1128 nostris
1972 1072 2048 1127 illi
2083 1072 2291 1128 delictis

715 1167 1051 1223 medeantur.
1101 1166 1382 1233 Quodnam
1422 1180 1551 1233 ergo
1598 1165 1740 1218 istud
1782 1164 2005 1226 crimen,
2043 1172 2101 1215 ut
2145 1176 2289 1215 mar-

718 1250 921 1328 tyribus
945 1258 1205 1312 honorem
1239 1256 1519 1319 habentes,
1556 1256 1653 1324 ipsi
1684 1270 1899 1324 quoque
1930 1252 2146 1323 placere
2180 1252 2289 1305 Deo

716 1349 1066 1405 studeamus?
1091 1348 1234 1417 quod
1258 1385 1273 1410 ,
1323 1349 1561 1417 inquam,
1596 1346 1823 1407 crimen.
1859 1352 1916 1398 ut
1945 1345 2010 1398 ad
2034 1353 2294 1413 patronos

717 1437 1131 1509 confugiamus?
1163 1438 1267 1492 Sed
1289 1448 1345 1491 et
1377 1446 1463 1491 tua
1489 1438 1742 1506 deinceps
1764 1437 2132 1505 exquiramus,
2164 1451 2292 1489 nttm

716 1533 805 1600 qui
832 1546 1075 1593 accusas,
1112 1530 1226 1599 ipse
1253 1530 1329 1583 sis
1366 1529 1435 1583 ab
1460 1528 1606 1582 omni
1639 1529 1867 1582 mundus
1894 1527 2143 1581 crimine.
2175 1526 2291 1593 Qua

718 1623 769 1677 id
800 1638 924 1678 vero
952 1623 1197 1685 ratione,
1230 1636 1352 1675 cum
1389 1630 1676 1676 sexcentos
1713 1631 1955 1673 mortuos
2005 1620 2251 1673 homines
2277 1660 2292 1679 ,

717 1730 823 1768 non
849 1714 1053 1767 honore
1082 1712 1451 1782 prosequaris,
1485 1712 1578 1765 sed
1610 1718 1661 1763 ut
1696 1711 1824 1763 deos
1852 1709 2083 1764 adores?

794 1802 987 1856 Nonne
1042 1810 1097 1855 tu
1154 1800 1406 1857 Cererem
1457 1815 1521 1854 ac
1576 1799 1999 1868 Proserpinam,
2055 1814 2154 1869 pro
2207 1808 2295 1852 tua

2390 616 2519 669 Θεὸν
2555 619 2612 671 ὲν
2646 616 2820 687 καιρῷ
2849 617 3092 687 ἀνάγκης
3120 619 3214 671 καὶ
3244 619 3531 689 συμφορᾶς
3586 618 3653 687 (ἡ
3701 615 3811 687 γὰρ
3840 617 3972 685 δέη-

2394 726 2477 772 σις
2498 709 2654 779 ἡμῶν
2724 712 2783 769 οὑ
2820 710 3164 781 παράκλησίς
3206 712 3373 773 ἐστιν,
3396 710 3529 765 ἀλλὰ
3555 710 3971 780 ἁμαρτημάτων

2393 799 2729 869 ὑπόμνησις)
2757 840 2770 864 ,
2810 800 2896 852 διὰ
2930 799 3089 853 τοῦτο
3114 804 3225 864 τοῖς
3258 800 3642 870 ἀγαπωμένοις
3677 799 3827 871 παρὰ
3868 798 3969 853 τοῦ

2391 889 2661 941 Δεσπότου
2685 889 2993 959 ὁμοδούλοις
3014 891 3449 961 προσφεύγομεν,
3470 891 3556 943 ἵνα
3572 891 3766 943 ἐκεῖνοι
3779 890 3836 940 ὲν
3855 891 3973 951 τοῖς

2396 980 2545 1043 ἰδίοις
2593 980 2982 1052 κατορθώμασι
3008 980 3077 1033 τὰ
3104 982 3348 1051 ἡμέτερα
3377 980 3755 1051 θεραπεύσωσι
3788 978 3976 1048 πλημ-

2397 1071 2531 1141 μελή
2542 1089 2702 1141 ματα.
2722 1072 2880 1125 Ποῖον
2902 1068 2995 1125 οὖν
3018 1071 3185 1142 ἐγκλη
3194 1089 3290 1142 μα,
3306 1072 3386 1124 ὅτι
3404 1072 3668 1142 τιμῶντες
3690 1070 3974 1141 μάρτυρας

2394 1162 2487 1214 καὶ
2515 1162 2669 1214 αὐτοὶ
2694 1162 3064 1232 σπουδάζομεν
3091 1162 3347 1233 ἀρέσκειν
3373 1160 3490 1232 Θεῷ
3514 1180 3528 1225 ;
3552 1161 3631 1223 τίς
3661 1158 3973 1232 κατηγορία

2395 1253 2728 1321 προστάταις
2758 1252 3153 1325 προσφεύγειν;
3190 1252 3561 1322 Ἐξετάσωμεν
3588 1250 3771 1304 λοιπὸν
3790 1251 3887 1303 καὶ
3905 1251 3975 1304 τὰ

2399 1342 2487 1406 σὰ,
2523 1345 2570 1396 εί
2600 1343 2694 1397 τοῦ
2720 1344 3067 1416 ἐγκλήματος
3102 1346 3131 1396 ὁ
3154 1345 3461 1414 κατήγορος
3489 1341 3833 1412 καθαρεύεις.
3862 1342 3977 1394 Καὶ

2397 1434 2532 1499 πῶς,
2566 1436 2624 1499 ὃς
2647 1454 2709 1504 γε
2747 1436 2973 1507 μυρίους
2998 1435 3108 1489 τῶν
3131 1433 3437 1489 τεθνεώτων
3465 1432 3766 1497 ἀνθρώπων
3804 1433 3866 1484 οὑ
3889 1449 3979 1485 τι·

2401 1525 2525 1594 μᾷς,
2558 1524 2672 1576 ἀλλ’
2696 1526 2772 1589 ώς
2797 1524 2949 1588 θεοὺς
2980 1526 3332 1589 προσκυνεῖςς

2467 1792 2543 1846 Οὐ
2580 1792 2642 1844 σὺ
2675 1790 2969 1861 Δήμητραν
3010 1786 3103 1840 καὶ
3134 1786 3320 1858 Κόρην
3353 1785 3457 1839 ὑπὸ
3485 1786 3584 1856 τῆς
3624 1784 3809 1846 ἀνοίας
3845 1799 3981 1836 σαυ-

724 1895 985 1958 atnentia,
1022 1896 1249 1947 deorum
1286 1895 1490 1948 honore
1517 1893 1737 1957 auxisti,
1770 1892 1982 1959 duoque
2014 1890 2297 1945 muliebria

2411 1884 2493 1937 τοῦ
2538 1882 2805 1944 ὲθέωσας·
2853 1880 3053 1951 ὲδείμω
3101 1879 3157 1932 δὲ
3211 1878 3303 1932 δύο
3351 1877 3603 1945 γυναίους
3648 1876 3828 1939 ναοὺς,
3884 1873 3984 1926 καὶ

720 1983 916 2053 templa
971 1983 1314 2045 exstruxisti,
1369 1996 1433 2036 ac
1485 1983 1721 2037 honoras
1765 1982 2000 2036 victimis
2050 1983 2297 2044 feminas,

720 2075 978 2142 varioque
1024 2071 1174 2125 omni
1227 2071 1404 2126 cultus
1450 2080 1653 2139 genere
1703 2070 1945 2127 adoras?
1983 2070 2170 2125 Nonne
2198 2082 2299 2125 tua:

718 2163 995 2230 religionis
1024 2163 1168 2217 velut
1198 2172 1359 2231 caput
1388 2177 1450 2216 ac
1483 2178 1717 2226 summa,
1751 2163 2008 2231 mysteria
2054 2172 2182 2217 sunt
2210 2164 2298 2217 illa

718 2254 1013 2319 Eleusinia,
1069 2269 1130 2309 ac
1164 2253 1394 2324 populus
1436 2253 1647 2319 Atticae,
1694 2252 1984 2322 Hellasque
2023 2255 2296 2318 universa,

719 2345 1059 2400 celebranda:
1090 2359 1253 2397 causa
1284 2344 1538 2397 vanitatis
1570 2343 1772 2412 pariter
1804 2344 2118 2397 concurrit?
2150 2344 2298 2400 Non-

720 2452 788 2491 ne
822 2438 929 2491 illic
956 2437 1222 2491 obscurus
1251 2436 1337 2488 ille
1370 2435 1683 2499 descensus,
1721 2448 1785 2487 ac
1813 2434 2036 2489 honesta
2081 2435 2164 2489 illa
2213 2452 2300 2490 sa-

721 2530 958 2584 cerdotis
1005 2543 1068 2583 ac
1096 2527 1257 2591 vatis,
1307 2542 1429 2581 cum
1476 2527 1676 2580 femina
1705 2526 1982 2581 sacerdote
2010 2528 2297 2596 colloquia,

720 2622 888 2677 solius
928 2635 1051 2675 cutn
1075 2619 1186 2673 sola
1209 2619 1235 2672 ἲ
1261 2617 1449 2673 Nonne
1477 2617 1900 2688 exstinguuntur
1928 2616 2096 2681 faces,
2128 2620 2299 2688 pluri-

723 2728 954 2781 musque
1006 2726 1071 2765 ac
1121 2707 1532 2763 innumerabilis
1586 2708 1835 2778 populus,
1871 2724 2023 2763 suam
2060 2710 2299 2779 ipsorum

724 2804 957 2859 salutem
991 2801 1351 2864 arbitrantur,
1383 2814 1501 2867 quae
1546 2800 1624 2853 sic
1662 2800 1717 2853 in
1761 2800 1998 2854 tenebris
2024 2801 2092 2854 ab
2118 2801 2302 2854 ambo-

721 2896 823 2950 hus
853 2891 1026 2945 fiunt?
1063 2888 1251 2944 Nonne
1284 2900 1336 2942 tu
1370 2887 1684 2959 Dionysium
1709 2888 2022 2944 Thebanum
2051 2900 2108 2944 ut
2142 2890 2299 2944 deum

724 2984 917 3038 adoras
962 2981 1181 3052 (etenim
1217 2981 1447 3051 patriam
1480 2981 1622 3043 dico,
1683 2994 1789 3048 quo
1822 2982 2091 3034 hominem
2135 2996 2301 3035 nove-

726 3074 843 3127 ris.
879 3087 1072 3141 nempe
1120 3072 1404 3126 vinitorem
1456 3073 1670 3135 virum,
1736 3086 1799 3124 ac
1855 3071 1978 3124 vino
2029 3072 2300 3139 deditum,

726 3163 996 3216 ebriosum
1065 3172 1541 3225 comessatorem,
1603 3160 1694 3227 qui
1752 3160 2003 3230 populum
2074 3163 2305 3229 turpiter

736 3254 1105 3307 lascivientem
1157 3252 1371 3321 agmine
1416 3251 1678 3313 traheret,
1734 3265 1795 3303 ea
1851 3250 2133 3306 facientem
2186 3267 2307 3320 quae

735 3345 1041 3398 luxuriosos
1068 3357 1337 3412 ganeones
1363 3351 1569 3406 notent,
1597 3341 1787 3410 pocula
1825 3357 1950 3396 vero
1985 3344 2303 3396 miscentem

738 3452 861 3489 cum
908 3436 1094 3489 Sileno
1141 3450 1289 3501 sene,
1324 3451 1387 3489 ac
1412 3450 1535 3489 cum
1571 3435 1784 3506 Satyris
1824 3434 1875 3488 in
1910 3434 2139 3503 tripudia
2175 3434 2306 3488 ραυ-

729 3524 845 3595 sis),
877 3523 1051 3591 epulis
1095 3538 1159 3579 ac
1205 3540 1354 3579 mero
1404 3523 1764 3593 indulgentem
1795 3545 1806 3578 :
1836 3523 2009 3577 virum
2053 3524 2304 3594 denique,

729 3616 835 3668 vini
868 3632 932 3669 ae
961 3615 1191 3684 crapulm
1233 3616 1432 3669 mundo
1474 3614 1743 3668 fabulam?
1778 3612 1962 3668 Nonne
1993 3623 2045 3667 tu
2078 3612 2293 3669 Herculi

727 3706 1007 3759 exsistenti
1053 3707 1188 3771 viro,
1235 3716 1486 3775 tanquam
1550 3706 1683 3760 deus
1721 3714 1886 3772 esset,
1934 3706 2181 3759 victimas
2223 3707 2306 3760 of-

732 3800 863 3865 fers,
912 3801 1134 3854 rnbusto
1176 3800 1403 3862 homini,
1464 3808 1760 3869 potensque
1809 3812 1872 3851 ac
1922 3798 2061 3851 forte
2112 3800 2307 3868 adepto

732 3906 970 3959 corpus;
1016 3891 1319 3957 adorasque
1354 3890 1496 3958 quod
1537 3890 1731 3959 saepius
1762 3898 1979 3943 strenue
2016 3890 2208 3958 egerit,
2242 3904 2307 3943 ac

733 3981 969 4036 ferarum
1005 3982 1269 4036 edomitor
1301 3980 1494 4034 fuerit?
1523 3979 1663 4046 Quid
1701 3995 1830 4035 vero
1879 3996 2069 4036 rursus
2107 3980 2307 4034 Αἰδου-

732 4070 931 4139 lapium
985 4070 1157 4133 illum,
1210 4084 1458 4139 magnam
1517 4071 1665 4124 orbis
1711 4070 2003 4138 partemin
2040 4069 2207 4124 ferula
2241 4086 2304 4125 ac

739 4162 913 4231 ferrea
950 4159 1133 4229 pixide
1173 4170 1446 4229 vagatum,
1505 4175 1684 4212 nonne
1729 4159 1860 4212 colis
1892 4173 1955 4213 ac
1984 4159 2310 4214 admiraris?

738 4255 850 4311 Nec
876 4270 1026 4318 sane,
1064 4255 1166 4308 hoc
1194 4263 1245 4307 te
1279 4254 1478 4315 facere,
1514 4252 1730 4307 inficias
1762 4254 1909 4306 ieris.
1944 4253 2152 4322 Quippe
2178 4255 2309 4309 orbe

737 4356 848 4400 toto
879 4344 1153 4400 exstantia
1185 4344 1403 4413 templa,
1463 4340 1791 4412 Esculapio,
1824 4343 2064 4413 inquam.
2093 4343 2308 4400 Herculi

743 4451 804 4491 ac
852 4436 1105 4505 Dionysio
1152 4449 1331 4499 sacra,
1369 4444 1470 4489 ture
1516 4434 1655 4488 illius
1700 4435 1954 4489 vanitatis
1993 4449 2307 4506 argumenta

2400 1974 2611 2035 θυσίαις
2665 1971 2867 2035 ταύτας
2917 1971 3116 2040 τιμᾷς,
3174 1967 3267 2022 καὶ
3319 1966 3599 2027 παντοίαις
3654 1962 3985 2033 προσκυνεῖς

2400 2062 2761 2133 θεραπείαιςς
2798 2062 2873 2113 Οὐ
2914 2058 3209 2128 κεφάλαιον
3247 2056 3343 2126 τῆς
3377 2054 3477 2123 σῆς
3506 2052 3802 2123 θρησκείας
3828 2048 3895 2100 τὰ
3926 2050 3986 2099 ὲν

2412 2152 2672 2205 Ἐλευσῖνι
2701 2149 2995 2220 μυστήρια,
3019 2145 3111 2198 καὶ
3133 2144 3301 2214 δῆμος
3329 2139 3590 2205 Ἀττικὸς,
3610 2138 3703 2190 καὶ
3726 2139 3757 2207 ἡ
3792 2134 3989 2197 Ἑλλὰς

2401 2248 2551 2297 πᾶσα
2583 2243 2851 2312 συναίρει,
2889 2240 2975 2292 ἵνα
3008 2236 3203 2309 τελέσῃ
3235 2233 3603 2305 ματαιότητα;
3637 2230 3751 2283 Οὐκ
3784 2229 3902 2280 ἐκεῖ
3926 2226 3990 2277 τὸ

2401 2336 2729 2390 καταϐάσιον
2761 2332 2827 2385 τὸ
2860 2328 3149 2391 σκοτεινὸν,
3181 2329 3276 2380 καὶ
3300 2326 3355 2378 αἱ
3389 2322 3583 2393 σεμναὶ
3611 2320 3706 2373 τοῦ
3734 2318 3990 2391 ἱεροφάν-

2398 2445 2492 2480 του
2529 2425 2665 2498 πρὸς
2690 2424 2788 2495 τὴν
2820 2422 3024 2491 ἱέρειαν
3071 2417 3371 2486 συντυχίαι,
3413 2415 3574 2485 μόνου
3607 2412 3742 2482 πρὸς
3782 2411 3988 2479 μόνην;

2401 2520 2511 2588 Οὐχ
2546 2519 2601 2570 αἱ
2644 2514 2927 2586 λαμπάδες
2962 2510 3303 2575 σϐέννυνται,
3336 2508 3429 2560 καὶ
3464 2508 3492 2558 ὁ
3522 2505 3686 2567 πολὺς
3718 2504 3815 2556 καὶ
3890 2504 3992 2555 ἁν-

2401 2609 2697 2680 αρίθμητος
2714 2606 2882 2677 δῆμος
2927 2604 3027 2674 τὴν
3048 2600 3316 2670 σωτηρίαν
3345 2596 3522 2651 αὐτῶν
3551 2592 3684 2649 εἶναι
3707 2592 3994 2664 νομίζουσι

2402 2700 2470 2753 τὰ
2496 2703 2552 2753 ὲν
2578 2696 2656 2769 τῷ
2688 2697 2863 2766 σκότῳ
2900 2693 3048 2765 παρὰ
3089 2692 3194 2745 τῶν
3221 2690 3314 2743 δύο
3338 2687 3718 2761 πραττόμενα;
3752 2685 3826 2738 Οὐ
3865 2683 3928 2735 σὺ
3960 2683 3995 2735 ὁ

2402 2792 2492 2844 τὸν
2545 2787 2778 2859 Θηϐαῖον
2825 2785 3078 2838 Διόνυσον
3138 2783 3213 2845 ti);
3264 2780 3384 2835 θεὸν
3438 2776 3758 2848 προσκυνῶν
3813 2774 3997 2847 (λέγω

2403 2882 2510 2954 γὰρ
2539 2881 2638 2951 τὴν
2664 2879 2916 2950 πατρίδα,
2937 2876 3023 2929 ἵνα
3043 2874 3315 2947 γνωρίσῃς
3344 2873 3435 2926 τὸν
3467 2868 3795 2943 ἄνθρωπον),
3822 2867 3999 2938 ἄνδρα

2404 2973 2647 3045 γεωργὸν
2692 2970 2951 3042 ἀμπέλων
2997 2968 3092 3020 καὶ
3139 2966 3408 3033 φίλοινον,
3446 2962 3744 3034 κωμαστὴν
3791 2959 3999 3030 πάροιο

2405 3079 2516 3125 νον,
2576 3061 2744 3131 δῆμον
2793 3056 3188 3128 ὲπισυρόμενον
3237 3050 3650 3124 ἀσχημονοῦντα
3695 3051 3762 3120 τῇ
3819 3047 3999 3120 μέθη,

2411 3155 2593 3206 ἐκεῖνα
2633 3149 2910 3212 ποιοῦντα,
2956 3147 2992 3200 ἃ
3034 3148 3159 3210 τοὺς
3200 3144 3445 3206 ἀσώτους
3491 3140 3796 3213 στηλιτεύει
3861 3139 4004 3192 ἁκο-

2416 3241 2818 3302 λασταίνοντας,
2875 3237 3141 3307 μεθύοντα
3180 3236 3235 3289 δὲ
3294 3233 3431 3306 μετὰ
3458 3232 3553 3286 τοῦ
3598 3233 3852 3304 γέροντος
3899 3229 4004 3282 τοῦ

2418 3331 2663 3401 Σιληνοῦ,
2704 3332 2796 3384 καὶ
2834 3331 2944 3391 τοῖς
2987 3326 3430 3397 φιλοσκιρτηταῖς
3468 3322 3731 3392 Σατύροις
3760 3319 4005 3372 συνδιαι-

2415 3425 2677 3496 τώμενον,
2713 3424 2807 3475 καὶ
2846 3421 3086 3492 ἱστορίαν
3126 3418 3294 3489 μέθης
3326 3416 3455 3471 ὄντα
3484 3414 3562 3484 τῷ
3587 3413 3720 3483 βίῳ;
3755 3412 3831 3464 Οὐ
3864 3411 3933 3463 σὺ
3974 3412 4007 3465 6

2415 3517 2493 3587 τῷ
2527 3516 2681 3585 ἀνδρὶ
2724 3511 3005 3585 Ἠρακλεῖ,
3037 3510 3112 3575 ὼς
3158 3509 3294 3580 θεῷ,
3324 3507 3424 3571 τὰς
3456 3506 3647 3568 θυσίας
3680 3504 4005 3574 προσάγων,

2418 3604 2689 3678 ἀνθρώπῳ
2726 3602 3041 3675 ρωμαλαίῳ,
3080 3600 3242 3669 σῶμα
3266 3598 3482 3668 λαχόντι
3516 3596 3738 3650 δυνατὸν
3756 3593 3863 3647 ικαὶ
3897 3594 4007 3648 ἀν-

2417 3700 2611 3771 δρεῖον,
2638 3697 2729 3749 καὶ
2755 3694 2930 3757 σέϐεις
2955 3696 3184 3760 ἐκεῖνον,
3213 3691 3397 3760 ἐπειδὴ
3427 3691 3484 3742 ὲν
3507 3688 3721 3751 πολλοῖς
3748 3686 4013 3756 ἠρίστευ-

2420 3806 2528 3850 σεν,
2554 3789 2645 3840 καὶ
2666 3786 2869 3859 θηρίων
2890 3784 3261 3857 περιεγένετο;
3286 3783 3350 3835 Τί
3375 3782 3430 3836 δὲ
3457 3781 3617 3834 πάλιν
3641 3779 3729 3833 τὸν
3769 3777 4011 3848 Ἀσκλη-

2420 3884 2539 3937 πιὸν
2579 3882 2670 3935 τὸν
2706 3883 2763 3933 ὲν
2796 3879 2872 3951 τῷ
2920 3877 3150 3948 νάρθηκι
3193 3874 3364 3929 πολλὰ
3408 3873 3502 3926 καὶ
3544 3874 3610 3942 τῇ
3666 3870 4011 3941 σιδηροθήκῃ

2419 3971 2901 4042 περινοστήσαντα,
2941 3966 3000 4019 οὐ
3034 3964 3211 4025 σέϐεις
3237 3962 3329 4014 καὶ
3358 3958 3630 4029 τέθηπας;
3661 3956 3772 4009 Καὶ
3801 3954 3903 4006 οὐκ
3934 3954 4009 4007 ἂν

2418 4063 2731 4135 ἀρνηθείης,
2759 4061 2833 4124 ὡς
2865 4059 2924 4112 οὐ
2955 4057 3113 4110 τοῦτο
3138 4055 3330 4116 ποιεῖς.
3362 4052 3424 4104 Οί
3458 4050 3565 4119 γὰρ
3594 4046 3870 4117 πανταχοῦ
3901 4047 4010 4117 τῆς

2418 4155 2740 4227 οἰκουμένης
2767 4152 2905 4215 ναοὶ,
2938 4150 3007 4203 τὰ
3034 4145 3385 4216 Ἀσκληπιεῖα
3415 4142 3577 4209 λέγω,
3610 4138 3702 4192 καὶ
3730 4137 3799 4227 τά
3831 4136 4012 4205 Ἠρά-

2420 4250 2594 4314 κλεια,
2638 4247 2733 4313 καὶ
2760 4244 2829 4297 τὰ
2863 4240 3115 4296 Διονύσια
3142 4238 3350 4305 ἔλεγχοι
3380 4235 3597 4286 ἑστᾶσιν
3622 4229 3721 4297 τῆς
3756 4226 3855 4296 σῆς
3893 4241 4009 4295 μα-

2420 4342 2733 4410 ταιότητοςο
2770 4336 2864 4389 καὶ
2909 4334 3081 4395 οὕτως
3129 4328 3238 4397 ἐγὼ
3289 4327 3385 4398 μὲν
3414 4324 3588 4385 ἀθῶος
3627 4316 4008 4385 ἀπελεύσομαι

2420 4435 2511 4488 τοῦ
2557 4409 2898 4503 ἐγκλήματος
2923 4429 3005 4498 (οὺ
3048 4425 3156 4496 γὰρ
3206 4421 3495 4493 προσκυνῶ
3538 4417 3838 4487 μάρτυρας,
3880 4409 4011 4503 οὐδὲ

741 4527 1034 4591 exsistunt,
1091 4527 1274 4596 sicque
1321 4540 1420 4594 ego
1459 4526 1670 4593 quidem
1715 4540 1744 4578 a
1795 4526 2019 4580 crimine
2062 4502 2210 4581 liber
2246 4546 2299 4584 at

2420 4525 2625 4596 νομίζω
2646 4502 2841 4591 essan-
2868 4521 2931 4573 σὺ
2956 4518 3011 4570 δὲ
3045 4516 3294 4584 πέφηνας
3317 4513 3642 4608 ἐνεχόμενος
3660 4508 3769 4568 τοῖς
3798 4502 4011 4608 ζίγῇήί-

738 4612 1017 4675 absolutus
1060 4618 1219 4672 abibo
1270 4618 1400 4686 (non
1450 4619 1594 4670 enim
1649 4616 1814 4670 adoro
1865 4626 2160 4687 martyres,
2218 4636 2315 4674 nec

740 4710 871 4764 deos
908 4710 1158 4777 reputo);
1205 4715 1257 4761 te
1292 4720 1422 4760 vero
1457 4706 1624 4774 liquet
1660 4705 1827 4759 teneri
1862 4707 2201 4771 criminibus,
2230 4708 2313 4762 id-

740 4816 845 4870 que
885 4814 1009 4852 cum
1054 4812 1241 4852 eorum
1278 4795 1414 4851 alios
1447 4810 1566 4849 reos
1596 4809 1741 4863 agas,
1781 4792 1833 4846 in
1863 4807 2050 4846 eorum
2085 4810 2312 4858 morem,

740 4893 854 4962 qui,
883 4891 1021 4945 mala
1051 4899 1242 4960 agente
1266 4888 1614 4950 conscientia,
1644 4886 1849 4955 priores
1874 4885 1969 4954 ipsi
1992 4887 2237 4941 innoxios
2260 4887 2314 4940 itt

2428 4633 2613 4685 μασιν,
2660 4616 2752 4669 καὶ
2788 4611 2961 4665 ταῦτα
2995 4606 3313 4678 κατηγορῶν
3346 4604 3575 4675 ὲτέρωψ
3610 4598 3797 4667 ὥσπερ
3829 4596 3881 4646 οί
3913 4593 4011 4645 διὰ

2424 4708 2590 4761 κακὸν
2636 4704 2873 4768 συνειδὸς
2914 4694 3454 4773 προκατηγοροῦντες
3508 4691 3614 4744 τῶν
3667 4685 4004 4741 ἁνευθύνων.

2436 4797 2778 4868 Ἀνθρώπους
2810 4797 2938 4861 γὰρ,
2984 4793 3041 4846 οὐ
3080 4792 3235 4852 θεοὺς
3284 4781 3603 4858 προσκυνῶν
3640 4775 4005 4841 ἁποδέδέιξαι.

2425 4888 2608 4941 Ταῦτα
2640 4887 2773 4959 πρὸς
2802 4887 2891 4939 τὸν
2926 4883 3136 4940 ὲθνικὸν
3168 4883 3230 4934 ὲκ
3265 4876 3473 4931 πολλῶν
3504 4874 3677 4941 ὀλίγα.

739 4960 943 5036 crimen
984 4985 1202 5034 vocant.
1249 4976 1454 5045 Quippe
1485 4976 1772 5045 probatum
1820 4984 1920 5028 cst.
1976 4975 2223 5030 homines
2294 4984 2345 5030 te
2384 4979 2630 5041 adorare,
2704 4992 2806 5030 non
2847 4976 2995 5029 deos.
3047 4973 3223 5025 Pauca
3273 4970 3385 5022 haec
3430 4981 3461 5019 e
3507 4963 3686 5017 multis
3737 4960 4009 5013 adversus

744 5077 1015 5148 geutilem.

808 5166 973 5222 Nova:
1022 5176 1202 5220 autem
1257 5164 1507 5219 factionis
1558 5162 1753 5226 Judaei,
1812 5164 1939 5231 quid
1994 5165 2193 5219 mirum
2255 5175 2314 5220 ut

744 5270 1011 5329 martyres
1054 5258 1411 5319 inhonoretis,
1464 5258 1553 5326 qui
1600 5258 1872 5311 Christum
1920 5260 2176 5327 spernitis
2220 5275 2314 5313 ve—

741 5352 978 5419 strisque
1011 5350 1252 5419 ipsorum
1285 5350 1625 5404 sermonibus
1657 5350 1723 5402 ab
1752 5351 2061 5419 aequalitate
2092 5360 2314 5419 paterna

742 5443 1029 5512 separatis,
1085 5441 1282 5510 quique
1328 5441 1466 5505 loca,
1515 5442 1713 5510 quibus
1759 5441 2126 5509 requieverint
2162 5456 2315 5495 sacra

745 5546 1017 5600 corpora,
1086 5532 1231 5583 velut
1286 5530 1508 5598 profana
1575 5523 1981 5583 acfilimmunda
2037 5529 2317 5583 caveatis?

746 5623 1060 5685 Enimvero,
1110 5623 1198 5689 qui
1246 5636 1350 5675 non
1398 5621 1647 5688 cogitatis
1686 5619 1837 5689 quod
1874 5633 2049 5687 operae
2082 5619 2315 5688 pretium

747 5723 830 5767 est
891 5715 1072 5768 timete
1096 5713 1388 5767 Christiani
1436 5711 1876 5781 appellationem,
1908 5711 1997 5778 qui
2028 5725 2149 5763 cum
2185 5725 2315 5777 gen-

751 5805 931 5861 tilibus
974 5816 1236 5876 martyres
1278 5806 1401 5859 odio
1447 5800 1709 5857 habeatis.
1760 5803 1837 5852 An
1895 5800 2115 5855 nescitis
2161 5800 2317 5857 Chri-

2494 5166 2555 5217 Ui
2584 5162 2639 5217 δὲ
2669 5163 2769 5234 τῆς
2800 5163 2926 5226 νέας
2962 5160 3201 5223 στάσεως
3246 5167 3500 5229 Ἰουδαῖοι,
3534 5164 3584 5206 τι
3612 5157 3927 5222 θαυμαστὸν
3955 5152 4010 5200 εί

2428 5256 2706 5327 μάρτυρας
2747 5252 3064 5323 ἀτιμάζετε,
3095 5249 3328 5321 Χριστὸν
3377 5244 3717 5306 ἀθετοῦντες,
3763 5240 3857 5301 καὶ
3903 5239 4015 5311 τῆς

2424 5346 2739 5418 ὁμοιότητος
2764 5348 2861 5414 τῆς
2890 5343 3025 5413 πρὸς
3057 5342 3145 5393 τὸν
3177 5338 3396 5411 Πατέρα
3424 5340 3482 5390 ὲν
3504 5340 3615 5399 τοῖς
3649 5336 3799 5396 ἰδίοις
3819 5330 4011 5400 λόγοις

2426 5435 2769 5506 χωρίζοντες,
2796 5432 3187 5505 φυλαττόμενοι
3240 5429 3295 5481 δὲ
3321 5428 3449 5491 τοὺς
3476 5426 3696 5487 τόπους,
3723 5423 3797 5485 ὼς
3832 5421 4011 5492 βεϐή-

2426 5527 2568 5589 λους,
2604 5528 2659 5578 ἐν
2684 5519 2764 5586 οἷς
2794 5522 3018 5593 σώματα
3051 5522 3184 5588 ἆγια
3217 5517 3631 5579 ὰναπέπαυται;
3669 5513 3808 5566 Ἀλλ’
3842 5513 3893 5565 οἳ
3930 5513 4014 5586 μὴ

2429 5618 2505 5679 είς
2540 5616 2744 5669 ἔννοιαν
2770 5615 2948 5667 ἔλθετε
2976 5612 3070 5666 τοῦ
3108 5611 3411 5680 γινομένου,
3441 5606 3713 5677 φοϐήθητε
3742 5606 4017 5675 Χριστια-

2423 5708 2501 5759 νοὶ
2536 5707 2833 5776 λεγόμενοι,
2886 5707 3022 5776 μετὰ
3061 5704 3118 5757 δὲ
3165 5702 3429 5773 Ἑλλήνων
3470 5698 3753 5771 μισοῦντες
3796 5697 4015 5768 μάρτυ-

2426 5818 2543 5870 ρας.
2603 5801 2714 5852 Οὐκ
2770 5775 3032 5863 ἴστείώς
3086 5798 3429 5867 ἀρχιμάρτυς
3485 5792 3739 5865 Χριστὸς,
3787 5789 4015 5862 πρῶτος
