4212 6318
175 413 270 468 325

1267 413 1550 469 llOMlLlA
1585 415 1652 467 Χ.
1691 415 1752 467 IN
1796 414 1894 470 SS.
1940 414 2339 472 MARTYllES.

3329 423 3437 479 3‘26

174 530 370 594 παθὼν,
421 535 515 585 καὶ
543 536 659 596 τοῖς
695 531 903 595 δούλοις
933 533 1021 585 τὸν
1057 532 1214 602 ζῆλον
1249 535 1440 601 ἀφείς;
1475 528 1606 586 Εἶτα
1640 533 1755 602 μετ’

1866 541 2006 584 stum
2036 532 2337 599 principem
2377 545 2496 585 esse
2527 541 2848 603 martyrum,
2881 535 2972 603 qui
3004 535 3215 604 primus
3243 551 3437 607 passus

177 623 367 675 ἐκεῖνον
397 621 693 692 Στέφανος,
734 624 761 674 6
802 621 1138 694 φερωνύμως
1180 623 1282 692 τῆς
1311 624 1452 677 κατά
1493 623 1630 676 Θεὸν
1663 623 1754 675 εὑ-

170 715 334 780 δοξίας
367 718 712 786 ἀγωνιστής·
746 715 946 777 πάντες
971 715 1021 766 οἰ
1055 713 1180 784 ἐξῆς
1214 715 1453 785 μαθηταὶ
1485 715 1580 768 καὶ
1615 715 1754 768 ἀπό-

171 807 360 859 στολοι.
395 807 506 860 Καὶ
550 805 868 874 ἐπίσκεψαι,
904 806 991 859 διά
1029 807 1157 876 μιᾶς
1191 804 1402 877 ὕϐρεως
1437 808 1595 870 ὅσους
1635 807 1754 860 ἀτι-

169 897 356 964 μάζεις
379 916 392 927 ·
448 899 703 968 Ἰωάννην
734 897 825 950 τὸν
869 897 1199 968 Βαπτιστὴν,
1259 899 1512 954 Ἰάκωϐον
1542 899 1632 952 τὸν
1669 899 1755 953 λε-

168 989 392 1057 γόμενον
434 989 662 1056 ἀδελφὺν
701 989 794 1043 τοῦ
839 990 1078 1061 Κυρίου,
1109 989 1334 1061 Πέτρον,
1366 991 1597 1054 Παῦλον,
1634 991 1750 1044 Θω-

171 1083 268 1148 μᾶν
289 1080 540 1150 (τούτους
562 1080 636 1144 ὡς
659 1082 970 1152 προστάτας
993 1079 1243 1150 ὀνομάζω
1269 1081 1376 1134 τῶν
1410 1082 1748 1154 μαρτύρων)·

168 1172 351 1225 επειτα
395 1175 458 1226 τὸ
495 1173 722 1245 ἄπειρον
770 1173 972 1244 πλῆθος
1018 1172 1127 1225 τῶν
1180 1173 1561 1227 ἀποθανόντων
1609 1173 1751 1245 ὑπὲρ

167 1266 256 1335 τῆς
288 1266 458 1335 ζωῆς.
497 1265 589 1335 Μὴ
639 1265 832 1336 μικρόν
866 1283 948 1318 σοι
980 1265 1192 1330 τούτοις
1240 1265 1633 1338 προσκρούειν;
1673 1267 1747 1336 μὴ

167 1354 338 1421 ὀλίγος
385 1355 487 1424 τῆς
528 1353 727 1424 ἔχθρας
765 1357 792 1407 6
818 1355 1094 1419 κίνδυνος;
1138 1353 1353 1407 Τούτων
1387 1353 1616 1417 ἕκαστος
1659 1354 1751 1406 τὸν

168 1444 406 1497 διάϐολον
443 1446 583 1514 μετὰ
613 1446 712 1515 τῆς
748 1444 1019 1516 φρατρίας
1050 1445 1157 1497 τῶν
1183 1445 1453 1515 δαιμόνων
1480 1444 1749 1514 ἐνίκησεν,

169 1538 418 1605 ἀγγέλοις
448 1538 506 1591 δὲ
541 1539 838 1609 ἐνεγράφη,
893 1539 986 1591 καὶ
1041 1540 1294 1610 τηρεῖται.
1344 1539 1420 1600 ὼς
1472 1538 1752 1608 εὐδόκιμος

170 1629 399 1699 ἀθλητὴς
425 1631 490 1700 τῇ
519 1630 820 1699 ἀναῤῥήσει
849 1629 946 1699 τῆς
979 1629 1329 1692 ἀναστάσεως
1351 1645 1363 1658 ·
1401 1630 1751 1701 παραστήσε-

170 1737 251 1772 ται
283 1720 340 1772 δέ
383 1724 453 1791 τῇ
502 1721 794 1792 ἐπιφανείᾳ
827 1719 917 1773 τοῦ
960 1720 1094 1773 Θεοῦ
1133 1722 1229 1774 καὶ¹
1279 1721 1530 1791 Σωτῆρος
1569 1720 1749 1791 ἡμῶν,

172 1813 394 1879 ἀνοίγων
427 1814 485 1864 ἐν
520 1813 804 1882 παρρησία
836 1812 896 1864 τὸ
927 1813 1120 1882 στόμα,
1159 1813 1655 1884 ἐπευφραινόμενος
1685 1815 1748 1883 τῇ

1858 624 1947 685 sit,
1994 637 2057 675 ac
2111 623 2282 675 servis
2331 621 2732 678 aemulationem
2780 625 3085 680 dimiserit?
3139 627 3267 682 Post
3309 643 3434 683 eum

1858 713 2165 781 Stephanus
2199 729 2294 783 pro
2324 715 2560 769 nominis
2593 717 2680 770 ille
2725 718 2957 783 ratione,
3004 719 3111 774 Deo
3151 731 3436 775 consenta-

1857 820 1970 858 nea:
2015 820 2078 858 ac
2131 805 2396 874 religiosae
2454 806 2720 862 claritatis
2773 810 2937 888 pugil.
2994 809 3132 863 Tum
3180 811 3433 880 discipuli

1857 910 2044 948 omnes
2097 911 2159 949 ac
2207 897 2457 965 apostoli.
2513 897 2644 953 Vide
2677 909 2856 953 autem
2903 916 3005 955 una
3045 902 3242 973 injuria
3270 919 3433 974 quam

1858 988 2054 1041 multos
2098 989 2300 1056 probro
2353 990 2577 1055 aﬂicias,
2623 991 2885 1047 Joannem
2919 993 3240 1063 Baptistam,
3277 995 3437 1052 Jacoo

1857 1079 1980 1130 hum
2038 1077 2187 1131 illum
2245 1079 2457 1132 Domini
2517 1081 2738 1136 fratrem
2795 1083 3144 1152 appellatum,
3187 1087 3434 1154 Petrum,

1853 1166 2101 1234 Paulum,
2134 1167 2396 1224 Thomam
2426 1171 2548 1241 (hos
2581 1173 2805 1228 nomino
2837 1183 3093 1243 tanquam
3132 1187 3432 1248 martyrum

1853 1259 2069 1326 duces);
2122 1263 2188 1316 ad
2240 1263 2374 1326 haec,
2429 1264 2745 1318 immensam
2777 1280 2967 1321 eorum
3003 1267 3431 1334 multitudinem,

1853 1352 1943 1418 qui
1976 1351 2097 1405 vita:
2124 1366 2285 1406 causa
2324 1363 2496 1407 morte
2541 1353 2779 1409 defuncti
2822 1367 2964 1411 sunt.
3016 1356 3283 1411 Parumne
3337 1359 3432 1413 tibi

1854 1451 1914 1494 ut
1941 1442 2038 1496 hos
2071 1441 2349 1498 offendas?
2373 1443 2585 1499 Levene
2615 1446 2914 1513 perieulum
2956 1457 3013 1502 ut
3051 1464 3238 1503 eorum
3262 1449 3434 1504 hostis

1857 1533 2151 1588 habearis?
2213 1534 2412 1590 Horum
2469 1536 2697 1603 quilibet
2763 1539 3034 1594 diabolum
3095 1541 3251 1605 vicit,
3323 1556 3432 1594 una

1854 1635 1972 1674 cum
2024 1621 2326 1676 dmmonum
2387 1622 2528 1678 malo
2581 1623 2850 1689 sodalitio,
2903 1625 3109 1692 fuitque
3165 1626 3432 1696 ascriptus

1856 1711 2167 1778 angelorum
2215 1713 2486 1782 collegio,
2537 1727 2601 1767 ac
2657 1724 2912 1784 tanquam
2974 1717 3233 1784 probatus
3281 1717 3430 1787 pugil

1857 1804 2072 1871 publico
2113 1807 2383 1872 prteconio
2416 1805 2772 1862 celebrandus
2809 1808 2860 1861 in
2890 1812 3287 1865 resurrectione
3313 1825 3434 1865 ser-

172 1903 258 1973 θέᾳ
295 1903 403 1955 τῶν
434 1904 700 1970 ἀγγέλων,
736 1907 802 1973 τῇ
837 1904 962 1974 δόξῃ
986 1903 1079 1956 τοῦ
1108 1905 1242 1957 Θεοῦ
1287 1905 1603 1976 μακαρίζων
1626 1907 1754 1960 ἐαυ-

1860 1903 2033 1948 vatur.
2065 1894 2278 1950 Astabit
2323 1898 2464 1951 enim
2515 1907 2570 1951 et
2620 1899 2752 1968 ipse,
2799 1899 2906 1953 Deo
2936 1915 2998 1953 ac
3032 1901 3311 1954 Salvatore
3336 1916 3434 1955 no-

171 1995 270 2055 τὸν,
303 1996 414 2047 τῶν
454 1995 756 2065 μαστίγων,
797 1995 905 2048 τῶν
935 1995 1169 2065 δεσμῶν.
1207 1995 1314 2048 τῶν
1344 1995 1747 2067 στρεϐλώσεων,

172 2089 256 2157 τῆς
280 2088 601 2161 ἐπικερδοῦς
641 2087 894 2158 τελευτῆς
918 2105 932 2119 ο
969 2090 1050 2141 ὃτι
1084 2089 1181 2159 τῆς
1211 2089 1567 2157 ἀτελευτήτου
1604 2089 1749 2160 ζωῆς

171 2180 306 2250 αὐτῷ
333 2180 636 2249 γεγένηται
674 2179 953 2250 πρόξενος.

245 2357 377 2410 Ἀλλ’
412 2359 540 2410 ὅταν
574 2358 776 2410 τούτων
812 2355 1071 2429 ἀκούσῃς,
1114 2351 1230 2408 οἶδα
1284 2355 1319 2407 ἂ
1363 2356 1598 2426 φρονεῖς,
1658 2354 1750 2408 καὶ

172 2447 366 2514 λέγεις·
425 2448 682 2511 Δεκτικὸς
725 2446 879 2514 κάγὼ
911 2446 1017 2498 τῶν
1064 2445 1284 2515 ὁμοίων.
1323 2445 1419 2498 Ἂν
1452 2445 1601 2515 ζήσω
1630 2446 1749 2498 κατ’

173 2539 378 2609 ἀρετὴν,
416 2541 474 2591 ού
507 2539 725 2610 χείρων,
751 2539 858 2591 οὐδ’
879 2539 1197 2608 ἀτιμότερος
1219 2537 1326 2590 τῶν
1354 2537 1448 2590 νῦν
1479 2537 1751 2607 θαυμαζο-

178 2629 334 2696 μένων
386 2628 604 2697 ἔσομαι.
650 2627 900 2681 Μάλιστα
947 2627 1044 2695 μὲν
1096 2623 1210 2688 οῦν,
1266 2624 1522 2688 ἀλαζόνος
1579 2625 1750 2681 ταῦτα

173 2721 234 2773 τὰ
265 2723 506 2790 ῥήματα,
541 2717 878 2779 δικαιοῦντος
909 2717 1102 2772 ἑαυτὸν
1133 2717 1273 2770 κατά
1294 2719 1383 2769 τὸν
1410 2716 1750 2788 μεγάλαυχον

173 2814 472 2881 Φαρισαῖον,
508 2811 604 2862 καὶ
650 2810 830 2880 πάσης
863 2809 1251 2878 ταπεινότητος
1285 2807 1428 2872 ξένα.
1479 2811 1750 2882 Πρόδηλον

174 2903 238 2965 δὲ,
267 2903 339 2965 ὡς
365 2905 393 2954 ὁ
424 2903 497 2971 μὴ
527 2901 789 2971 πρότερον
815 2899 1189 2963 ταπεινωθεὶς,
1224 2902 1304 2962 εἰς
1339 2899 1471 2969 ὕψος
1503 2902 1602 2954 ούκ
1626 2901 1752 2955 ἀνα-

175 2993 363 3046 ϐαίνει·
405 2993 684 3061 ἀπόφασις
735 2991 842 3062 γάρ
883 2994 1003 3043 ἐστι
1049 2991 1373 3061 Δεσποτική.
1427 2991 1544 3044 Ἵνα
1575 2992 1633 3044 δέ
1665 2992 1749 3055 τίς

177 3100 247 3138 σοι
282 3083 593 3155 ἐνεχυρίζῃ,
639 3083 720 3135 ὅτι
756 3084 960 3154 γενήσῃ
992 3080 1257 3145 τοιοῦτος,
1306 3083 1366 3134 οὐ
1399 3081 1592 3146 θέλεις,
1629 3085 1748 3136 εἰπέ

179 3192 274 3244 μοι,
307 3174 616 3243 αἰδεσθῆναι
646 3174 770 3236 τοὺς
802 3172 898 3242 τὴν
919 3173 1037 3225 ὁδόν
1070 3187 1150 3223 σοι
1186 3173 1284 3242 τῆς
1311 3173 1588 3236 εὐσεϐείας
1614 3175 1746 3244 τέμ-

1855 1997 1968 2041 stro
1998 1996 2312 2056 apparente,
2349 1984 2517 2059 osque
2560 1991 2767 2058 aperiet
2788 1990 2839 2044 in
2872 1991 3086 2053 fiducia,
3120 1993 3430 2062 angelorum

1855 2078 2005 2131 laetus
2047 2079 2378 2146 spectaculo,
2434 2081 2525 2133 Dei
2566 2094 2624 2133 se
2670 2081 2836 2148 gloria
2873 2082 3083 2136 beatum
3134 2085 3433 2152 praedicans

1859 2185 1886 2222 a
1920 2169 2256 2234 verberibus,
2285 2170 2534 2236 vinculis,
2562 2173 2868 2239 tormentis,
2901 2184 3072 2229 morte
3099 2175 3213 2228 utili
3241 2194 3254 2230 :
3287 2179 3430 2246 quod

1855 2275 1914 2314 ea
1942 2261 2265 2315 immortalis
2299 2262 2348 2316 ei
2380 2261 2488 2317 vita
2523 2265 2835 2318 accesserit.

1929 2350 2127 2407 Verum
2160 2355 2273 2409 scio
2303 2355 2430 2423 quid
2462 2356 2575 2411 haec
2610 2356 2833 2410 audiens
2874 2357 3097 2423 sentias,
3132 2373 3195 2413 ac
3237 2360 3429 2414 dicas:

1856 2442 1982 2497 Sum
2014 2454 2065 2498 et
2107 2445 2220 2513 ipse
2269 2445 2452 2500 talium
2505 2461 2696 2515 capax.
2748 2446 2903 2501 Modo
2947 2448 3121 2502 vivam
3156 2463 3186 2502 e
3216 2449 3433 2505 virtutis

1855 2535 2081 2600 ratione,
2137 2535 2272 2589 nihil
2323 2537 2562 2592 deterior
2613 2547 2703 2592 aut
2745 2538 2940 2592 minori
2973 2539 3178 2592 honore
3219 2539 3433 2594 futurus

1853 2640 1991 2689 sum,
2041 2628 2108 2681 ab
2161 2629 2227 2682 iis
2276 2643 2413 2697 quos
2467 2645 2609 2684 nunc
2664 2629 3023 2683 admiramur.
3062 2629 3225 2684 Plane
3263 2645 3432 2686 vero:

1852 2728 1976 2771 sunt
2007 2719 2120 2772 hrec
2148 2720 2309 2773 animi
2348 2721 2651 2787 arrogantis
2684 2719 2873 2787 verba,
2919 2720 3032 2788 ejus
3069 2723 3158 2788 qui
3194 2722 3432 2790 seipsum

1849 2809 2109 2877 jnstifieat
2157 2811 2644 2878 morejactabundi
2691 2811 2832 2866 illius
2893 2811 3234 2877 Pharisaei“,
3271 2824 3431 2874 atque

1855 2901 1920 2952 ab
1945 2901 2087 2953 omni
2115 2901 2431 2956 humilitatis
2455 2915 2611 2956 sensu
2640 2902 2833 2956 aliena.
2864 2902 3047 2956 Palam
3078 2917 3204 2958 vero
3230 2903 3417 2972 liquet.

1854 2990 1955 3045 nisi
1996 2992 2117 3062 quis
2154 2993 2302 3060 prius
2333 3008 2393 3047 se
2421 2993 2534 3062 ipse
2563 2994 2949 3056 humiliaverit,
2985 3009 3089 3048 non
3124 2997 3430 3064 proveheno

1853 3082 1979 3134 dum
2028 3082 2095 3135 ad
2144 3083 2196 3134 id
2239 3084 2381 3151 quod
2431 3093 2515 3137 est
2555 3083 2721 3137 altum
2757 3099 2820 3138 ac
2851 3084 3117 3138 sublime:
3155 3086 3426 3141 Dominica

1855 3191 2092 3245 namque
2132 3177 2396 3230 sententia
2427 3185 2528 3230 est.
2565 3175 2702 3242 Quin
2741 3186 2797 3229 ut
2840 3177 3033 3245 aliquis
3075 3177 3232 3230 talem
3272 3187 3321 3232 te
3347 3178 3430 3232 fu-

175 3283 369 3329 νοντας,
402 3267 527 3329 τοὺς
576 3265 806 3335 ὁδηγοὺς
843 3265 949 3317 τῶν
999 3265 1201 3328 καλῶν,
1234 3266 1358 3328 τοὺς
1394 3266 1747 3329 διδασκάλους

1853 3277 2029 3321 turum
2087 3278 2235 3322 certo
2284 3268 2565 3338 spondeat,
2610 3285 2810 3338 ergone
2861 3271 3018 3334 nolis,
3073 3272 3299 3325 obsecro
3343 3279 3415 3334 te,

174 3356 263 3424 τῆς
311 3355 535 3426 ἀρετῆς,
581 3355 710 3418 τοὺς
769 3354 1168 3418 παιδεύσαντάς
1213 3372 1270 3407 σε
1315 3357 1610 3425 καρτερίαν
1653 3358 1748 3409 καὶ

175 3445 388 3499 θανάτου
419 3445 859 3516 καταφρόνησιν;
899 3445 1056 3515 Παρά
1085 3446 1190 3498 τῶν
1219 3445 1476 3515 μαθητῶν
1505 3447 1599 3498 τοῦ
1633 3446 1748 3516 βίου

173 3537 349 3606 τούτου
379 3535 803 3605 εὐγνωμοσύνην
833 3535 1130 3604 διδάχθητι,
1159 3536 1240 3588 ὅτι
1270 3537 1444 3604 ὅμοιοι
1473 3537 1748 3607 γινόμενοι

174 3627 269 3679 τῶν
297 3627 640 3692 διδαξάντων,
683 3627 778 3678 καὶ
815 3626 963 3678 οὐδὲν
1005 3625 1107 3694 τῆς
1151 3625 1348 3695 τέχνης
1387 3626 1744 3692 ἐλλείποντες,

173 3717 307 3787 ὅμως
340 3717 446 3770 τῶν
477 3717 836 3771 διδασκόντων
865 3715 1080 3785 φιλοῦσι
1116 3716 1182 3769 τά
1225 3717 1417 3788 στήθη,
1452 3718 1744 3782 αἰδοῦνται,

174 3807 484 3877 εὐφημοῦσι,
523 3805 630 3859 τῶν
662 3808 946 3878 πρωτείων
973 3809 1390 3879 παραχωροῦσι,
1421 3809 1749 3881 θεραπεύου-

176 3914 251 3950 σιν
275 3898 346 3960 ὡς
359 3899 620 3968 πατέρας.
639 3897 814 3950 Πολλά
831 3898 921 3949 καὶ
945 3896 1364 3966 τελευτήσαντες
1395 3898 1537 3966 ἅγιοι
1562 3900 1748 3955 δύναν-

173 4005 274 4051 ται,
311 3992 406 4042 καὶ
443 3988 772 4051 ἀπελθόντες
817 3987 909 4040 τοῦ
960 3987 1075 4058 βίου
1119 3989 1494 4060 εὐεργετοῦσιν
1535 3991 1744 4063 ἀνθρώ-

173 4097 322 4143 πους
358 4081 451 4134 καὶ
496 4081 706 4151 μάρτυς
739 4081 845 4132 τῶν
879 4081 1187 4151 λεγομένων
1219 4084 1246 4134 6
1287 4082 1604 4147 Ἐλισσαῖος,
1645 4086 1747 4137 πά-

173 4169 252 4222 λαι
283 4171 376 4241 μέν
420 4170 668 4224 ἀπελθὼν
711 4171 802 4223 τοῦ
849 4171 963 4240 βίου
1003 4171 1096 4224 καὶ
1132 4173 1438 4243 κοιμηθεὶς,
1482 4175 1745 4228 ἀθάνατον

173 4261 222 4313 δὲ
247 4268 334 4313 καὶ
360 4263 661 4332 ἀχώριστον
689 4261 785 4332 τὴν
819 4263 913 4314 τοῦ
947 4263 1082 4315 Θεοῦ
1115 4264 1274 4335 χάριν
1306 4264 1506 4328 λαϐὼν,
1535 4265 1613 4336 τῷ
1641 4265 1747 4336 χώ-

177 4370 294 4420 ματι
317 4353 755 4424 παρεδρεύουσαν
788 4353 880 4406 καὶ
920 4355 1033 4417 τοῖς
1063 4354 1291 4424 ἀψύχοις
1320 4357 1548 4419 ὀστέοις.
1585 4353 1746 4421 Οἶδας

173 4445 290 4512 γὰρ,
323 4447 349 4497 6
379 4445 664 4513 φιλόπονος
709 4443 816 4496 τῶν
865 4444 903 4495 Γ
911 4445 1095 4515 ραφῶν
1135 4444 1401 4515 μαθητὴς,
1439 4447 1520 4498 ὃτι
1553 4446 1744 4522 νεκρός

171 4547 246 4597 τις
284 4536 430 4606 παρά
458 4536 568 4588 τῶν
597 4535 812 4587 οἰκείων
842 4536 921 4598 εἰς
951 4535 1047 4605 τὴν
1089 4535 1330 4606 ἐκφορὰν
1360 4537 1737 4607 κομιζόμενος,
1775 4573 1816 4628 D

173 4625 367 4697 λῃστῶν
397 4619 592 4697 ἀθρόόν
625 4628 657 4698 ἢ
695 4626 964 4695 πολεμίων
1017 4627 1450 4689 καταλαϐόντων,
1483 4623 1569 4680 οἷα
1598 4629 1741 4698 φιλεῖ

174 4718 478 4786 συμϐαίνειν
517 4722 573 4772 ἐν
609 4721 807 4788 συνοχῇ
855 4719 949 4771 καὶ
983 4717 1216 4788 θορύϐῳ,
1269 4719 1613 4790 ἐπιρριφθεὶς
1663 4720 1738 4791 τῷ

172 4810 314 4879 τάφῳ
359 4811 452 4864 τοῦ
482 4809 880 4881 τρισμακαρίου
915 4813 1215 4882 προφήτου,
1243 4811 1436 4882 ἀθρόον
1460 4811 1735 4883 ἐψυχώθη,

172 4902 254 4951 καὶ
301 4903 433 4972 πρὸς
482 4904 608 4963 τοὺς
661 4902 869 4965 ζῶντας
921 4902 1195 4956 ἀνέλυσεν.
1251 4902 1314 4955 Τί
1372 4900 1464 4954 οὖν
1507 4903 1736 4973 ἐροῦμεν

171 4993 291 5060 πρὸς
323 4995 383 5045 τὸ
411 4995 732 5062 γενόμενονς
780 4994 872 5064 Μὴ
907 4993 1158 5065 αἴσθησιν
1193 4991 1305 5064 εἶχε
1349 4996 1456 5048 τῶν
1501 5013 1734 5066 πραττο-

171 5093 331 5156 μένων
357 5095 386 5144 ὁ
415 5093 649 5158 δίκαιος;
701 5094 774 5165 μὴ
803 5094 966 5164 εὐχὴν
1009 5091 1341 5163 ἀνέπεμψεν,
1372 5090 1444 5151 ὡς
1481 5089 1618 5156 ὑπὲρ
1643 5087 1735 5138 τοῦ

167 5185 439 5255 παιδαρίου
487 5187 586 5254 τῆς
636 5187 1085 5257 Sarapi-uox“;
1148 5184 1287 5237 Ἀλλ’
1321 5184 1472 5237 οὐδὲν
1496 5180 1735 5234 τοιοῦτον

165 5272 362 5327 είδωσιν
411 5278 544 5346 ἡμῖν
607 5279 807 5330 ἐννοεῖν
855 5281 889 5348 ἠ
941 5277 1048 5330 τῶν
1099 5275 1436 5346 πραγμάτων
1480 5272 1731 5344 ἀλήθεια.

173 5365 371 5419 Ἐκειτο
399 5366 504 5437 γὰρ
535 5367 640 5438 πρὸ
672 5367 878 5421 πολλῶν
909 5367 1014 5420 τῶν
1044 5368 1309 5438 χρόνωνό
1338 5366 1562 5428 δίκαιος,
1603 5366 1729 5418 ἀνα-

168 5454 399 5519 λυθέντος
426 5458 518 5510 τοῦ
549 5457 797 5526 σώματος
823 5460 956 5529 πρὸς
981 5461 1070 5512 τὸν
1093 5459 1326 5527 συγγενῆ
1353 5457 1480 5528 χοῦν
1508 5456 1601 5508 καὶ
1630 5455 1729 5525 τὴν

166 5542 413 5612 ὁμόφυλον
444 5551 612 5602 κόνιν.
644 5549 910 5618 Πρόδηλον
933 5551 984 5602 δὲ
1009 5550 1366 5620 καθέστηκεν,
1392 5549 1466 5611 ὡς
1487 5547 1724 5612 δοξάζων

167 5634 340 5695 όθεὸς
377 5640 460 5691 ἀεὶ
506 5641 601 5692 καὶ
635 5641 772 5709 μετά
813 5642 964 5704 τέλος
1008 5645 1132 5705 τοὺς
1179 5643 1340 5704 ἰδίους
1381 5640 1723 5710 ἀνθρώπους,

233 5818 271 5849 ⁵³
294 5818 452 5878 Vocat
489 5826 766 5893 Scriptura
801 5829 1122 5902 Σωμανῖτιν.

1209 5829 1250 5860 ⁵³
1280 5828 1411 5883 Luc.
1444 5843 1595 5894 xvm,
1627 5827 1682 5882 ll
1714 5841 1832 5894 sqq.

1850 3361 1919 3414 iis
1945 3359 2144 3415 habere
2176 3361 2554 3427 reverentiam,
2591 3361 2678 3428 qui
2716 3360 2808 3413 tibi
2835 3361 3046 3428 pietatis
3074 3361 3212 3414 viam
3246 3361 3427 3415 initia-

1849 3453 2081 3507 verunt?
2115 3454 2204 3521 qui
2257 3453 2528 3506 bonorum
2576 3452 2793 3507 fuerunt
2824 3453 3034 3508 du'ces?
3072 3454 3162 3522 qui
3216 3455 3429 3508 virtutis

1850 3543 2144 3598 doctores?
2205 3543 2296 3611 qui
2353 3545 2420 3597 ad
2483 3543 2870 3607 tolerantiam,
2933 3557 3001 3595 ac
3058 3544 3250 3596 mortis
3299 3557 3430 3597 con-

1854 3643 2112 3703 temptum
2173 3634 2533 3688 erudierunt?
2601 3634 2756 3686 Disce
2819 3648 2846 3684 a
2907 3631 3087 3686 δικαιιί
3153 3633 3308 3702 hujus
3364 3649 3431 3688 ac

1849 3726 2034 3779 mundi
2078 3724 2375 3794 discipulis,
2427 3725 2626 3793 probos
2661 3739 2724 3778 ac
2758 3732 2940 3793 gratos
2975 3738 3173 3788 mores,
3218 3733 3276 3776 ut
3304 3740 3427 3777 cum

1850 3817 2125 3885 magistris
2172 3817 2376 3871 similes
2415 3819 2683 3878 evadant,
2738 3829 2836 3868 nec
2886 3815 2966 3868 eis
3019 3816 3310 3884 quidquam
3359 3817 3429 3867 de

1850 3914 1981 3965 artis
2021 3911 2210 3979 peritia
2242 3909 2400 3973 desit,
2457 3910 2834 3978 magistrorum
2886 3916 3061 3961 tamen
3115 3907 3431 3962 osculentur

1857 4012 2096 4071 pectora,
2123 4009 2492 4066 revereantur,
2528 3999 2775 4052 laudibus
2805 3997 3101 4062 celebrent,
3132 3997 3209 4052 eis
3236 4012 3428 4052 conco-

1849 4095 1976 4147 dant
2014 4093 2238 4162 primas,
2269 4091 2448 4145 colant
2479 4101 2536 4144 ut
2568 4099 2767 4159 patres.
2801 4088 2966 4142 Multa
2999 4090 3171 4143 sancti
3209 4089 3415 4153 valent,

1850 4186 2065 4238 tametsi
2133 4185 2241 4238 vita
2313 4183 2527 4246 functi,
2599 4196 2827 4249 cumque
2892 4181 3171 4249 migrarint
3230 4196 3259 4233 a
3321 4196 3426 4235 ste-

1847 4277 1986 4340 culo,
2019 4275 2297 4329 beneflciis
2330 4285 2506 4328 tamen
2547 4273 2859 4342 impertiunt
2889 4271 3136 4326 homines
3164 4289 3177 4325 :
3207 4287 3270 4325 ac
3303 4271 3427 4339 qui-

1852 4369 1969 4422 dem
2003 4368 2210 4420 Eliseus
2245 4367 2404 4421 fidem
2439 4365 2647 4419 abunde
2677 4364 2836 4418 dictis
2866 4363 3066 4416 astruit
3096 4381 3108 4417 :
3139 4364 3228 4433 qui
3267 4363 3424 4416 nimi-

1847 4475 1986 4524 rum,
2035 4473 2156 4512 cum
2201 4458 2288 4512 diu
2333 4465 2456 4510 ante
2486 4471 2513 4509 a
2549 4455 2745 4509 saecnlo
2787 4457 3089 4527 migrasset,
3132 4471 3195 4509 ac
3234 4455 3425 4509 mortis

1846 4560 2092 4598 somnum
2145 4545 2461 4613 accepisset,
2497 4544 2855 4598 immortalem
2887 4555 3061 4599 tamen
3093 4560 3156 4600 ac
3186 4544 3418 4597 indivul-

1846 4652 1960 4691 sam
1995 4636 2085 4690 Dei
2116 4637 2344 4705 gratiam
2389 4636 2678 4704 acceperit,
2715 4637 2921 4690 tumulo
2961 4636 3314 4699 assidentem,
3349 4651 3416 4690 ac

1845 4728 2073 4782 mortuis
2104 4727 2320 4781 ossibus
2349 4727 2666 4781 haerentem.
2708 4726 2880 4790 Nosti,
2927 4728 3176 4796 quisquis
3199 4727 3419 4781 exsistis

1843 4821 2112 4874 studiosus
2159 4819 2560 4888 Scripturarum
2607 4819 2924 4886 discipulus,
2980 4829 3038 4872 ut
3083 4833 3206 4872 cum
3270 4833 3416 4871 mor-

1845 4920 1967 4964 tuus
2014 4909 2206 4977 aliquis
2249 4909 2678 4964 necessariorum
2721 4925 2848 4963 cura
2886 4909 3076 4963 funere
3104 4908 3415 4973 efferretur,

1842 5001 2349 5070 supervenientibus
2404 5012 2621 5072 repente
2661 5001 2977 5056 latrunculis
3001 5002 3114 5055 sive
3149 5001 3413 5065 hostibus,

1842 5094 1916 5146 uti
1952 5092 2108 5148 facile
2147 5092 2200 5145 in
2237 5093 2500 5161 angustiis
2532 5093 2794 5161 ejusmodi
2828 5107 2890 5146 ac
2923 5091 3229 5145 turbatione
3272 5091 3416 5144 acci-

1841 5183 1916 5237 dit
1969 5183 2110 5236 inter
2180 5181 2321 5236 beati
2374 5183 2648 5252 prephette
2716 5181 3018 5249 sepulcrum
3093 5181 3410 5248 proiectus,

1843 5273 2132 5326 confestim
2217 5274 2484 5342 receperit
2543 5274 2800 5336 animam,
2876 5282 3039 5340 atque
3110 5274 3178 5326 ad
3251 5273 3413 5325 vitam

1841 5364 2145 5417 redierit“.
2176 5363 2311 5428 Quid
2343 5378 2470 5433 ergo
2497 5363 2690 5418 dicturi
2719 5378 2906 5416 surnus
2930 5378 3026 5431 pro
3057 5376 3122 5415 eo
3148 5363 3289 5433 quod
3314 5360 3416 5416 fuit

1839 5455 2086 5523 gestum?
2134 5470 2331 5522 ergone
2378 5471 2596 5510 sensum
2652 5454 2840 5509 habuit
2877 5457 2960 5508 vir
3007 5452 3188 5522 justus
3218 5468 3412 5508 eorum

1836 5563 1954 5616 qua:
1996 5549 2350 5617 gererentur?
2395 5563 2659 5616 precesne
2704 5548 2907 5609 emisit,
2965 5547 3109 5600 velut
3157 5561 3253 5615 pro
3304 5544 3414 5599 filio

1835 5639 2186 5693 Sunamitidis
2216 5639 2302 5690 ‘°?
2337 5637 2530 5692 Verum
2561 5638 2690 5692 nihil
2722 5637 3007 5706 ejusmodi,
3042 5652 3219 5691 rerum
3255 5635 3410 5692 nobis

1921 5826 1964 5857 ⁸⁸
1997 5825 2062 5877 IV
2100 5823 2234 5894 Reg.
2284 5824 2519 5890 Xltl,21.
2604 5824 2651 5854 ⁸³
2684 5822 2747 5874 IV
2792 5821 2926 5890 Reg.
2963 5835 3037 5885 tv,
3067 5819 3155 5874 35.
