4212 6318
718 393 823 452 397

2001 397 2060 451 S.
2098 390 2376 449 ASTER"
2415 389 2716 448 AMASENI

3907 376 4020 433 3‘28

722 514 926 567 veritas
966 508 1319 579 cogitandum
1357 506 1575 577 ingerit.
1620 506 1755 561 Nam
1784 507 1869 561 vir
1896 507 2074 576 justus
2109 523 2136 561 a
2171 508 2309 563 mul-

2429 509 2542 578 περὶ
2581 507 2679 570 τὰς
2716 505 2889 578 θήκας
2934 502 3114 559 αὐτῶν
3162 503 3255 559 καὶ
3293 502 3393 566 τὰς
3422 499 3759 561 ἀναπαύσεις
3789 497 4015 567 θαυμα-

727 606 802 659 tis
824 604 934 672 jam
970 604 1128 655 annis
1177 599 1386 653 tumulo
1411 598 1647 667 iacebat,
1692 613 1997 669 corpusque
2032 600 2084 653 in
2119 614 2317 669 cogna-

726 706 840 744 tum
877 690 1181 759 pulverem,
1233 704 1299 742 ac
1331 688 1415 742 sui
1447 689 1663 757 generis
1687 690 1919 753 cineres,
1954 688 2129 743 fuerat
2160 705 2316 744 reso-

726 783 917 837 lutum.
969 779 1165 850 Liquet
1208 791 1411 846 autem,
1453 781 1639 846 Deum,
1676 780 1764 850 qui
1809 781 2053 835 addictos
2086 780 2184 850 ipsi
2222 782 2319 836 ho-

730 873 930 937 mines,
967 882 1087 941 post
1120 874 1283 925 etiam
1318 883 1543 926 mortem
1575 886 1789 939 semper
1820 869 2103 938 elariilcet,
2156 874 2321 926 mira—

731 966 855 1020 bilia
887 965 1001 1019 haec
1032 963 1101 1019 ad
1128 963 1375 1031 sepulcra
1403 977 1614 1027 eorum,
1657 977 1723 1016 ac.
1776 961 1899 1017 loca
1943 964 2137 1032 quibus
2171 964 2321 1031 quie-

732 1066 913 1121 scunt,
951 1057 1165 1125 operari
1197 1056 1476 1120 miracula,
1504 1070 1611 1123 quo
1641 1053 1844 1124 posteri
1877 1064 2138 1126 perpetua
2178 1058 2321 1110 serie

731 1149 925 1220 pignus
958 1148 1218 1203 habentes
1252 1148 1523 1217 prteclarae
1554 1147 2002 1210 conversationis,
2046 1146 2171 1201 vita:
2203 1163 2323 1202 cur-

729 1256 849 1295 sum
912 1254 1312 1297 consumment.
1382 1240 1584 1295 Eodem
1658 1240 1817 1294 modo
1888 1236 2035 1293 Elias
2093 1238 2323 1308 hujusce

726 1344 1027 1402 praeceptor
1089 1333 1401 1402 prophetas,
1472 1341 1594 1401 post
1656 1345 1825 1400 equos
1890 1330 2196 1387 ﬂammeos
2257 1348 2323 1387 ac

729 1422 945 1491 igneum
971 1437 1213 1485 currum,
1266 1423 1319 1475 in
1357 1421 1459 1475 alia
1494 1436 1661 1490 agens
1692 1421 1842 1484 vita;
1882 1435 1944 1474 ac
1981 1421 2047 1474 ab
2072 1422 2323 1477 humanis

728 1512 797 1566 ad
826 1513 1004 1566 locum
1054 1513 1317 1580 migrans,
1356 1526 1514 1580 quem
1542 1522 1627 1564 est
1648 1520 2005 1574 consecutus,
2042 1511 2319 1581 amplissi-

729 1605 925 1658 simum
981 1619 1095 1659 sua:
1148 1604 1362 1657 virtutis
1413 1602 1664 1656 melotem
1715 1602 1933 1673 reliquit
1997 1606 2321 1674 symbolum.

731 1694 977 1750 Tametsi
1009 1694 1197 1765 quanti
1260 1692 1350 1747 illa
1390 1694 1547 1762 pretii
1585 1691 1907 1747 ridebatur?
1946 1690 2090 1746 Nihil
2124 1694 2326 1763 quippe

731 1788 876 1842 aliud
919 1797 1039 1841 erat
1084 1800 1247 1855 quam
1296 1784 1450 1855 pellis
1502 1794 1737 1849 mortua,
1793 1800 1892 1839 usu
1932 1782 2043 1853 jam
2075 1800 2140 1842 ac
2172 1798 2324 1841 vetu—

2418 600 2637 668 τουργεῖ
2663 598 2733 650 τὰ
2762 597 3068 669 παράδοξα·
3100 596 3186 649 ἵνα
3222 595 3273 647 οἰ
3309 593 3509 657 ζῶντες
3534 592 3622 645 ἀεὶ
3652 590 3747 643 καὶ
3784 587 4019 658 μεθηλι-

2419 693 2689 762 κέστεροι,
2740 691 2991 761 ἐνέχυρον
3039 690 3253 759 ἔχοντες
3291 687 3392 755 τῆς
3438 683 3667 756 ἀρίστης
3703 682 4014 743 πολιτείας.

2421 781 2686 849 ὲξανύωσι
2719 783 2853 852 βίον.
2895 779 3168 843 Ὡσαύτως
3200 780 3296 833 καὶ
3323 777 3509 841 Ἦλίας
3540 779 3567 829 6
3598 773 3694 827 τοῦ
3724 772 4019 843 προφήτου

2420 874 2612 927 τούτου
2642 870 2995 943 καθηγεμὼν,
3037 868 3177 941 μετὰ
3204 868 3332 931 τοὺς
3360 861 3659 936 φλογώδεις
3684 864 3887 926 ἵππους
3919 861 4022 916 καὶ

2420 965 2481 1017 τὸ
2528 962 2753 1033 πύρινον
2788 963 2941 1032 διρμα
2985 962 3041 1013 ἐν
3074 958 3210 1031 ἄλλῃ
3244 957 3519 1027 βιωτεύων
3546 956 3679 1023 ζωῇ,
3720 951 3816 1005 καὶ
3853 948 4025 1003 ἁπελο

2424 1054 2533 1108 θὼν
2575 1052 2635 1119 ἐξ
2663 1052 2965 1125 ἀνθρώπων
3008 1052 3087 1115 εἰς
3124 1052 3214 1103 τὸν
3250 1048 3429 1120 χῶρον
3475 1048 3533 1099 ὃν
3578 1046 3792 1115 ἔλαχεν,
3826 1040 4024 1095 ἰκανὸν

2422 1147 2523 1217 τῆς
2582 1145 2776 1199 ἑαυτοῦ
2810 1146 3091 1216 δυνάμεως
3124 1141 3393 1214 σύμϐολον
3441 1138 3658 1208 ἀφῆκεν
3695 1135 3793 1205 τὴν
3839 1132 4024 1204 μηλω-

2422 1240 2541 1309 τήν.
2587 1236 2778 1293 Καίτοι
2824 1237 2989 1290 πόσου
3026 1234 3171 1299 τινὸς
3216 1233 3343 1298 ἀξία
3388 1232 3635 1301 ὑπῆρχεν
3666 1224 3886 1295 ἐκείνης
3940 1220 4023 1275 οὗ

2424 1333 2533 1403 γάρ
2560 1325 2627 1402 ἦν
2658 1330 2783 1384 ἄλλο
2812 1346 2889 1396 τι,
2938 1329 2971 1399 ἢ
3016 1327 3194 1399 δέρμα
3225 1325 3417 1396 νεκρὸν
3448 1324 3540 1376 καὶ
3575 1320 3779 1392 φαῦλον
3807 1321 3875 1371 ὲκ
3911 1333 4027 1370 πα-

2424 1423 2727 1494 λαιότητος.
2762 1422 2948 1493 Ὅμως
2981 1419 3038 1473 δὲ
3066 1421 3159 1473 καί⁸
3185 1420 3215 1470 ὁ
3254 1417 3525 1489 Ἰορδάνης
3555 1412 3727 1482 αὐτὴν
3754 1407 4029 1463 ὑπεστέλ-

2424 1512 2567 1579 λετο,
2604 1513 2699 1566 καὶ
2725 1511 2848 1582 δίχα
2878 1511 2939 1564 τὸ
2970 1510 3115 1583 ὔδωρ
3166 1508 3443 1580 ἐτέμνετο,
3471 1506 3568 1559 καὶ
3593 1500 4025 1572 διακεκριμένον

2426 1606 2690 1676 εἱστήκει,
2732 1604 2923 1675 ῶσπερ
2977 1604 3070 1657 ἐπὶ
3114 1601 3207 1655 τοῦ
3264 1597 3440 1669 Ἰησοῦ
3486 1599 3549 1652 τὸ
3583 1594 3831 1658 παλαιὸν,
3861 1592 3923 1655 ὃς
3951 1585 4026 1661 ἦν

2426 1695 2597 1762 τύπος
2624 1696 2717 1749 τοῦ
2752 1695 3057 1768 μέλλοντος.
3085 1694 3273 1765 Παρῆν
3293 1693 3351 1745 δὲ
3376 1691 3467 1745 καὶ
3494 1688 3649 1743 ἀπὼν
3671 1689 3699 1741 6
3723 1683 4027 1755 Θεσϐίτης,

2428 1788 2523 1841 καὶ
2546 1787 2608 1841 τό
2633 1788 2837 1859 ἔνδυμα
2874 1786 2967 1841 τοῦ
3010 1786 3299 1855 φιλοσόφου
3328 1783 3593 1848 ἐδεξιοῦτο
3617 1782 3709 1834 τὸν
3744 1775 4028 1849 μαθητὴν,

731 1889 875 1935 state
919 1877 1149 1933 inutilis.
1195 1875 1349 1931 Hane
1392 1877 1743 1931 nihilominus
1772 1876 1887 1945 ipse
1928 1876 2319 1933 reformidabat

2429 1879 2643 1951 ἀσφαλῆ
2668 1878 2763 1933 τοῦ
2796 1880 3044 1950 ποταμοῦ
3070 1876 3438 1950 χαριζομένης
3466 1876 3565 1947 τὴν
3592 1872 3893 1945 περαίωσιν
3917 1867 4031 1939 τῆς

729 1970 1004 2032 Jordanis,
1052 1969 1337 2037 mediaque
1383 1968 1733 2022 scindebatur
1773 1982 1934 2037 aqua,
1983 1983 2048 2023 ac
2080 1969 2317 2025 discreta

730 2067 932 2129 stabat,
965 2077 1069 2131 qua
1104 2061 1236 2117 olim
1266 2061 1476 2116 ratione
1511 2060 1612 2114 sub
1643 2059 1794 2126 Jesu,
1826 2060 1921 2130 qui
1954 2060 2117 2116 l‘uturi
2150 2062 2319 2133 figura

732 2153 856 2209 fuit.
913 2154 1119 2209 Aderat
1162 2161 1366 2217 autem,
1420 2167 1543 2206 cum
1589 2150 1752 2207 etiam
1794 2152 2010 2207 abesset
2038 2151 2323 2208 Thesbites

733 2244 840 2309 ille,
895 2259 959 2299 ac
1004 2242 1311 2314 philosOphi
1379 2241 1799 2310 indumentum,
1851 2241 2172 2312 discipulum
2224 2244 2321 2300 de-

731 2334 1024 2398 mulcebat,
1058 2344 1351 2403 praestante
1386 2334 1477 2388 Dei
1514 2332 1824 2399 clementia,
1874 2343 1934 2387 ut
1977 2335 2022 2389 is
2065 2343 2179 2389 tuto
2223 2334 2323 2389 llu-

738 2440 861 2479 men
896 2428 1185 2491 transiret,
1225 2435 1653 2495 sanctorumque
1689 2425 2019 2481 indumentis
2062 2426 2318 2481 honorem

736 2518 993 2583 habente,
1026 2528 1282 2588 tanquam
1313 2519 1551 2571 animata
1591 2528 1794 2572 essent.
1824 2518 2002 2587 Atque
2029 2528 2089 2571 ut
2114 2519 2321 2587 perspi-

731 2626 833 2666 cue
863 2612 1040 2680 palam
1083 2619 1253 2674 esset,
1298 2608 1618 2664 miraculum
1670 2609 1801 2663 illud
1835 2611 1887 2663 in
1922 2609 2163 2674 ﬂumine,
2212 2627 2317 2665 non

732 2702 1091 2772 percutientis
1121 2701 1318 2755 merito
1350 2708 1619 2769 patratum
1652 2714 1793 2761 esse,
1824 2701 1918 2754 sed
1947 2699 2064 2767 ejus
2098 2701 2319 2756 honoris

731 2808 917 2856 causa,
951 2793 1041 2862 qui
1066 2791 1414 2854 excessisset,
1449 2805 1514 2844 ae
1542 2789 1735 2844 luisset
1764 2800 2099 2859 assumptus,
2142 2790 2321 2847 Eliseo

730 2898 929 2952 aquam
974 2885 1327 2953 percutiente,
1381 2880 1583 2934 ﬂuebat
1634 2880 1723 2934 illa
1776 2880 2127 2935 nihilominus
2171 2895 2319 2936 more

2428 1972 2520 2025 τοῦ
2550 1971 2684 2025 Θεοῦ
2714 1970 3147 2041 φιλανθρωπίας,
3177 1967 3270 2022 καὶ
3300 1967 3368 2021 τὰ
3397 1964 3673 2035 ἐνδύματα
3703 1958 3812 2014 τῶν
3844 1958 4031 2027 ἁγίων

2427 2063 2695 2135 τιμώσης,
2736 2063 2811 2127 ὼς
2842 2062 3079 2132 ἔμψυχα.
3112 2060 3221 2113 Καὶ
3256 2060 3342 2112 ἵνα
3383 2056 3570 2127 δειχθῇ
3621 2050 3901 2123 καθαρῶς,
3939 2049 4032 2102 ὅτι

2428 2155 2489 2211 τὸ
2517 2158 2645 2227 περί
2689 2156 2780 2210 τὸν
2831 2154 3074 2225 ποταμὸν
3138 2149 3631 2221 θαυματούργημα,
3676 2146 3739 2197 οὺ
3777 2141 3870 2195 διὰ
3922 2138 4032 2212 τὴν

2429 2247 2608 2300 αἰτίαν
2656 2247 2873 2315 ἐγένετο
2920 2246 3015 2299 τοῦ
3066 2244 3397 2315 πλήττοντος
3442 2239 3504 2293 τὸ
3557 2236 3720 2306 ὕδωρ,
3757 2232 3897 2287 ἀλλὰ
3936 2231 4031 2285 διὰ

2429 2339 2526 2410 τὴν
2554 2339 2721 2409 τιμὴν
2764 2336 2858 2391 τοῦ
2903 2336 3185 2407 οἰχομένου
3226 2334 3321 2389 καὶ
3368 2330 3803 2402 ἀναληφθέντοςο
3842 2326 4032 2379 πατάο

2429 2430 2618 2494 ξαντος
2644 2430 2704 2483 τὸ
2730 2428 2875 2501 ⁴ὕδωρ
2906 2428 3001 2482 τοῦ
3045 2427 3373 2493 Ἐλισσαίου,
3401 2424 3553 2496 ἔρρει
3581 2422 3642 2474 τὸ
3710 2419 3857 2488 ὕδωρ
3894 2433 4033 2470 συν-

2427 2521 2595 2593 ήθως.
2636 2522 2791 2575 οὐδὲν
2827 2520 3094 2584 πεπονθὸς
3141 2518 3346 2574 καινόν.
3393 2514 3611 2584 Ἐπειδὴ
3653 2513 3710 2566 δὲ
3731 2509 4033 2579 ἀποτυχὼν

2428 2611 2749 2682 ἐπεϐόησεν,
2785 2611 2909 2667 Ποῦ
2932 2610 3007 2678 δή
3038 2611 3208 2664 ἐστιν
3239 2612 3273 2663 ό
3304 2606 3450 2673 Θεὸς
3497 2603 3727 2665 Ἡλίου,
3765 2601 3864 2653 καὶ
3897 2600 4035 2670 βοή.

2432 2718 2551 2765 σας,
2582 2703 2647 2754 ὲκ
2676 2700 2928 2772 δευτέρου
2959 2700 3239 2763 καθίκετο,
3267 2699 3426 2760 εὐθὺς
3456 2702 3485 2753 6
3512 2693 3753 2763 ποταμὸς
3782 2688 4034 2760 διασχὼν

2432 2790 2489 2844 τὸ
2524 2791 2756 2865 ῥεῖθρον,
2801 2791 3013 2865 γυμνὴν
3061 2791 3228 2859 ἔδειξε
3257 2792 3356 2863 τὴν
3387 2790 3578 2864 ξηρὰν,
3616 2788 3713 2842 καί⁸
3743 2783 4033 2848 πεζεύσας

2429 2887 2459 2938 6
2493 2885 2781 2957 προφήτης
2812 2888 2891 2950 εἰς
2917 2887 2979 2940 τὸ
3009 2887 3182 2959 πέραν
3207 2885 3454 2955 ἀφίκετο.

732 2973 914 3036 solito,
957 2988 1080 3027 cum
1124 2972 1260 3026 nihil
1290 2973 1338 3026 ei
1374 2971 1500 3025 novi
1527 2971 1835 3026 accidisset.
1869 2973 1938 3025 At
1964 2971 2053 3026 ubi
2124 2972 2213 3027 ille
2277 2974 2538 3033 frustrato
2599 2992 2792 3033 conatu
2858 2979 3189 3037 clamasset:
3229 2977 3327 3034 Ubi
3359 2992 3433 3034 est
3463 2979 3600 3035 Deus
3641 2979 3775 3034 Elia:
3800 2977 3887 3063 ⁸ξῖ
3913 2975 4035 3031 cla'

734 3082 997 3136 mansque
1052 3068 1245 3120 iterum
1285 3080 1457 3135 aquas
1490 3064 1782 3134 attigisset,
1826 3080 1951 3120 mox
2033 3066 2233 3123 [lumen
2273 3068 2452 3126 diviso
2521 3071 2746 3140 ﬂuento,

734 3161 899 3228 pedes
926 3160 994 3216 ad
1023 3161 1193 3228 ripam
1220 3157 1447 3214 alteram
1481 3160 1744 3229 pervenit.

810 3251 1011 3320 Ioseph
1036 3265 1241 3317 autem,
1282 3267 1387 3307 non
1439 3264 1545 3307 tam
1590 3252 1850 3323 peculiari
1881 3252 2072 3309 affectu
2108 3264 2316 3324 patrem
2346 3266 2389 3323 ο

734 3346 1049 3401 defunctum
1100 3361 1311 3411 amans,
1360 3360 1519 3416 quam
1571 3348 1748 3415 gentis
1797 3348 2207 3416 palriarcham,
2258 3366 2323 3405 ac

736 3438 951 3507 generis
996 3449 1160 3506 caput
1216 3441 1512 3503 honoraris,
1542 3440 1658 3507 ejus
1687 3452 1751 3493 ex
1794 3437 2033 3509 Egypto
2069 3440 2325 3508 reliquias

737 3529 942 3584 celebri
977 3530 1114 3583 adeo
1144 3529 1289 3582 cultu
1329 3530 1544 3582 reduxit
1578 3529 1646 3593 ⁸⁷,
1673 3539 1731 3582 ιιι
1756 3528 1967 3598 Moyses
1996 3545 2115 3583 cum
2142 3533 2324 3585 mundi

737 3622 909 3675 creati
946 3635 1010 3675 ac
1039 3620 1263 3675 historia
1316 3620 1545 3690 reliqua,
1592 3622 1732 3674 hanc
1779 3635 1995 3690 quoque
2054 3622 2325 3677 narratio-

744 3726 869 3766 nem
917 3710 1120 3766 mundo
1154 3712 1493 3776 tradendam,
1531 3727 1593 3766 ac
1622 3712 1924 3765 litterarum
1962 3714 2326 3767 monumentis

740 3806 1172 3873 eonsignandam
1202 3804 1497 3873 putaverit.
1530 3802 1764 3856 Rursum
1796 3818 1926 3856 vero
1951 3802 2187 3867 Pharao,
2211 3805 2323 3873 ipsa

740 3896 945 3964 vigilia,
998 3905 1055 3948 ut
1105 3896 1178 3947 ita
1238 3895 1359 3964 quis
1414 3895 1581 3958 dicat,
1633 3893 1903 3948 sublatum
1956 3895 2020 3947 ab
2064 3896 2235 3950 oculis
2261 3895 2328 3949 ab

742 3987 938 4041 lsraele
991 3986 1391 4052 pt‘oﬁciscenle,
1451 3984 1748 4054 Josephum
1807 3986 1989 4039 amisit
2033 3986 2097 4037 ⁸⁸.
2158 3985 2328 4040 Porro

744 4080 945 4147 ubique
1006 4094 1205 4145 corpus
1262 4091 1447 4132 comes
1499 4077 1696 4146 populo
1755 4077 1984 4141 aderat,
2052 4080 2329 4149 multaque

747 4186 879 4223 cura
906 4184 1001 4223 ceu
1024 4169 1154 4238 quid
1185 4170 1382 4222 bonum
1421 4182 1485 4223 ac
1520 4180 1785 4236 praestans
1811 4169 2130 4231 ducebatur,
2168 4181 2330 4239 atque

751 4272 810 4315 ut
837 4272 949 4315 tuta
993 4270 1373 4314 sexcentarum
1423 4263 1581 4313 trium
1629 4261 1857 4313 millium
1900 4277 1963 4315 ac
2002 4264 2328 4330 quingento-

751 4368 869 4405 rum
907 4351 1273 4405 multitudinis
1320 4350 1563 4403 virorum
1596 4350 1661 4414 ι’,
1706 4366 1734 4403 a
1782 4352 1938 4405 malis
1985 4353 2230 4409 defensio
2266 4368 2329 4409 ac

749 4444 937 4505 Initio;
970 4457 1141 4511 eaque
1172 4442 1473 4495 reverentia
1506 4442 1590 4494 avi
1625 4458 1813 4495 urnam
1842 4445 2327 4513 prosequebantur,

750 4550 855 4603 qua
885 4549 1098 4587 sacram
1134 4546 1318 4587 arcani
1350 4543 1660 4603 portantem
1706 4534 1801 4589 Dei
1837 4536 2029 4603 legem.
2068 4538 2325 4602 Quocirca

2823 3075 3019 3130 nudam
3070 3076 3278 3131 aridam
3319 3079 3574 3142 ostendit,
3645 3081 4033 3149 prepbetaque

2509 3262 2566 3315 '0
2594 3262 2649 3314 δὲ
2692 3262 2891 3333 Ἰωσὴφ
2935 3262 3027 3317 τὸν
3083 3262 3279 3318 Ἰακὼὸ
3326 3262 3747 3337 τελευτήσαντα,
3799 3269 3902 3335 οὐχ
3954 3266 4034 3329 ὡς

2431 3352 2644 3423 πατέρα
2670 3352 2926 3405 τοσοῦτον
2965 3353 3275 3419 ἰδιαζόντως
3304 3355 3672 3424 ἀγαπῶν,.....
3702 3356 3796 3410 τοῦ
3833 3358 4033 3421 ἔθνους

2430 3446 2777 3516 πατριάρχην
2814 3446 3006 3517 τιμῶν.
3054 3447 3194 3517 μετὰ
3233 3448 3331 3518 τῆς
3377 3446 3816 3518 πολυθρυλλητου
3866 3449 4035 3520 θερα-

2430 3535 2590 3599 πείας
2631 3537 2848 3607 ἐκείνης
2890 3538 3178 3608 ἀπήγαγεν
3217 3538 3275 3605 ἐξ
3321 3539 3599 3606 Αἰγύπτου
3636 3540 3695 3594 τὸ
3742 3540 4034 3609 λείψανον,

2430 3625 2570 3680 ὥστε
2605 3628 2694 3680 τὸν
2728 3630 2964 3682 Μωῦσέα
2994 3630 3131 3699 μετὰ
3157 3631 3255 3701 τῆς
3278 3631 3370 3685 τοῦ
3398 3632 3601 3701 κόσμου
3628 3632 3897 3700 γενέσεως
3935 3636 4035 3685 καὶ

2430 3720 2529 3787 τῆς
2556 3718 2748 3790 λοιπῆς
2767 3722 3024 3791 ἱστορίας,
3054 3721 3404 3793 ἀνάγραπτον
3432 3722 3616 3776 δοῦναι
3643 3724 3737 3777 καί
3764 3724 3929 3777 τοῦτο
3951 3727 4036 3795 τῷ

2433 3812 2533 3883 βίῳ
2547 3814 2811 3885 διήγημα.
2841 3814 3037 3884 Ἰωσὴφ
3060 3816 3117 3868 δὲ
3135 3816 3296 3869 πάλιν
3320 3816 3468 3888 ῦπαρ
3487 3817 3639 3888 παρὰ
3667 3817 3761 3871 τοῦ
3801 3821 4037 3891 Ἰσραὴλ

2431 3905 2708 3969 ὁδεύοντος
2735 3910 2798 3959 ἐκ
2826 3907 2932 3959 τῶν
2961 3906 3277 3978 ὀφθαλμῶν,
3309 3909 3385 3971 ὡς
3406 3908 3472 3961 ἂν
3498 3908 3642 3962 εἴποι
3667 3926 3769 3973 τις,
3800 3912 4032 3983 ὲκλάπη

2432 3998 2459 4049 6
2487 3996 2706 4067 Φαραώ·
2740 3996 3014 4067 πανταχοῦ
3048 3996 3105 4050 δὲ
3138 3998 3437 4069 συμπαρῆν
3482 3999 3559 4070 τῷ
3584 4000 3697 4071 λαῷ
3745 4001 3806 4053 τὸ
3833 4003 4032 4073 σῶμα,

2434 4089 2527 4141 καὶ
2568 4089 2730 4157 ἡγετο
2772 4090 2889 4158 μετ’
2918 4088 3257 4159 ἐπιμελείας,
3301 4090 3376 4153 ὡς
3406 4090 3608 4158 ἀγαθόν
3642 4108 3694 4144 τι
3728 4094 3820 4145 καὶ
3850 4093 4036 4161 ἀλεξί-

2433 4195 2599 4232 κακον
2631 4177 2997 4250 φυλακτήριον
3028 4180 3265 4247 ὰσφαλὲς
3294 4181 3401 4234 τῶν
3426 4182 3689 4253 ἑξήκοντα
3719 4186 4031 4256 μυριάδων.

2434 4267 2543 4320 Καὶ
2570 4267 2834 4338 τοσαύτην
2866 4264 3010 4339 εἶχον
3036 4268 3134 4339 τὴν
3180 4268 3313 4321 αἰδῶ
3346 4272 3473 4340 περὶ
3508 4271 3607 4342 τὴν
3637 4272 3886 4342 λάρνακα
3934 4278 4034 4331 τοῦ

2434 4357 2797 4427 προπάτορος,
2828 4358 2960 4427 ὅσην
2992 4359 3116 4427 περὶ
3141 4357 3237 4428 τὴν
3268 4356 3430 4425 ἁγίαν
3463 4361 3714 4426 meum»,
3743 4362 3775 4433 ἢ
3806 4364 3906 4417 τὸν
3933 4366 4033 4419 τοῦ

2434 4446 2569 4498 Θεοῦ
2618 4448 2781 4517 νόμον
2828 4446 3146 4512 ὲὸἀσταζεν.
3196 4449 3287 4501 Διὸ
3326 4452 3418 4504 καὶ
3470 4452 3638 4505 Δαϐὶδ
3681 4457 4036 4527 παρακαλῶν

2438 4552 2539 4587 που
2572 4534 2663 4587 τὸν
2703 4536 2857 4599 Θεὸν,
2900 4537 3059 4589 ἵλεων
3104 4534 3243 4591 εἶναι
3273 4541 3364 4592 καὶ
3395 4540 3598 4612 εὐμενῆ
3640 4544 3719 4615 τῷ
3749 4546 3895 4616 λαῷ,
3932 4553 4034 4602 καὶ

750 4632 913 4684 etiam
960 4628 1127 4682 David
1162 4629 1393 4696 quodam
1442 4629 1558 4683 loco
1607 4630 1771 4683 Deum
1816 4633 2107 4685 obsecrans
2152 4632 2324 4701 propi-

2438 4627 2656 4699 μυρίαις
2688 4629 2849 4683 αὐτὸν
2884 4633 3001 4693 ταῖς
3034 4632 3261 4695 ἱκεσίαις
3289 4632 3620 4705 ὲκλιπαρῶν,
3656 4636 3741 4689 ἵνα
3771 4637 3873 4709 τὴν
3904 4657 4035 4693 συν·

755 4722 884 4775 tium
916 4720 1027 4773 lore
1053 4722 1248 4788 populo
1279 4736 1341 4773 ac
1368 4721 1707 4789 placabilem,
1737 4721 2330 4791 inuumerabilihusque

752 4810 1240 4877 supplicationibus
1274 4814 1574 4869 obtestans,
1612 4820 1669 4862 ut
1697 4811 1850 4878 juges
1881 4822 2180 4880 mutuoque
2212 4826 2331 4867 suc-

752 4903 1019 4957 cedaneas
1058 4900 1425 4954 calamitatum
1481 4900 1664 4969 plagas
1711 4902 1929 4964 sistens,
1980 4901 2152 4954 fausta
2205 4918 2327 4956 rur-

753 5010 873 5049 sum
928 4994 1265 5063 providentia
1334 4991 1665 5047 ilierusalem
1704 4994 2061 5061 gubernaret,
2113 5009 2173 5048 ac
2223 5008 2325 5060 qua

757 5088 883 5139 olim
928 5086 1223 5155 gubernata
1276 5093 1442 5145 esset,
1480 5083 1547 5134 ita
1593 5084 1708 5135 ait:
1741 5082 1841 5146 Qui
1874 5084 2007 5151 regis
2038 5082 2225 5147 Israel,
2253 5087 2333 5135 in-

756 5178 907 5230 tende
931 5192 949 5229 :
977 5178 1066 5244 qui
1094 5175 1311 5227 deducis
1336 5174 1465 5226 relut
1500 5189 1642 5227 ovem
1675 5173 1865 5237 Joseplt
1894 5174 1959 5227 '°.
1988 5174 2156 5228 Deum
2186 5177 2329 5227 enim

756 5266 973 5320 ﬂectere
1031 5267 1247 5329 nititur,
1296 5266 1736 5320 charissimorum
1792 5282 1853 5319 ac
1882 5266 2177 5320 amicorum
2235 5280 2335 5319 no-

757 5358 905 5410 mina
954 5360 1005 5411 in
1064 5359 1297 5411 medium
1344 5358 1637 5419 adducens,
1675 5358 2008 5427 solertcrque
2043 5359 2331 5412 admodum

757 5448 1204 5517 supplicationem
1258 5450 1392 5515 obit,
1458 5450 1635 5517 impia:
1694 5451 1902 5503 scelera
1947 5449 2330 5515 multitudinis,

760 5548 1073 5591 sanctorum
1126 5536 1344 5592 Patrum
1388 5540 1837 5608 appellationibus
1874 5541 2018 5594 velut
2048 5542 2230 5594 celans
2269 5556 2330 5592 ac

759 5631 1035 5693 obtegens.

844 5805 967 5865 ⁴⁶ιν
998 5810 1127 5881 Reg.
1160 5830 1217 5878 lt,
1254 5814 1334 5866 ibi.

1416 5815 1455 5845 π
1489 5814 1623 5871 Gen.
1662 5815 1911 5877 MALQQ.
1974 5815 2017 5844 δ’
2041 5816 2209 5870 ΕλοἸ.
2248 5830 2365 5877 ΧΗΙ,
2396 5817 2480 5869 19.
2558 5814 2599 5845 δί’
2634 5814 2787 5866 fimi,
2828 5830 2860 5879 ι,

2438 4721 2535 4790 εχῆ
2584 4723 2674 4774 καὶ
2713 4722 3013 4793 ἐπάλληλον
3044 4723 3150 4778 τῶν
3185 4726 3479 4799 συμφορῶν
3520 4730 3725 4800 στήσας
3776 4730 4031 4805 πληγὴν,

2436 4812 2599 4864 πάλιν
2633 4814 2690 4866 ὲν
2716 4813 2893 4885 ἀγαθῇ
2928 4816 3156 4885 προνοίᾳ
3186 4815 3358 4887 διοικῇ
3391 4819 3490 4888 τὴν
3530 4818 3842 4891 Ὶερουσαλὴ
3853 4840 3919 4890 μ,
3952 4824 4035 4886 ὡς

2434 4907 2496 4959 τὸ
2524 4908 2806 4977 πρότερον,
2837 4907 2979 4961 οὕτω
3001 4908 3163 4978 φησί·
3189 4909 3242 4961 Ὀ
3270 4923 3599 4977 ποιμαίνων
3619 4914 3725 4963 τὸν
3752 4913 4031 4981 Ἰσραὴλ,

2438 5002 2762 5067 .τρόσσχες’
2782 5000 2816 5053 ὀ
2840 5000 3071 5068 ὁδηγῶν
3100 5000 3243 5055 ὡσεὶ
3285 5003 3583 5070 πρόϐατον
3618 5004 3726 5057 τὸν
3772 5004 4030 5077 Ἰωσήφ.

2439 5093 2688 5143 Δυσωπεῑ
2713 5094 2819 5161 γὰρ
2852 5092 2942 5143 τὸν
2970 5092 3102 5147 Θεὸν
3126 5097 3236 5156 τοῖς
3266 5094 3371 5147 τῶν
3402 5096 3700 5167 ἀγαπητῶν
3726 5096 3820 5149 καὶ
3850 5099 4034 5165 φίλων

2440 5182 2717 5252 ὀνόμασιν,
2753 5182 2846 5235 καὶ
2887 5184 3007 5236 λίαν
3040 5185 3363 5255 εὐμηχάνως
3400 5185 3496 5257 τὴν
3539 5186 3821 5258 ἱκετηρίαν
3864 5206 4036 5260 μετα-

2441 5269 2758 5341 χειρίζεται,
2784 5273 2877 5326 τοῦ
2898 5272 3327 5345 δυσσεϐήσαντος
3355 5276 3589 5348 πλήθους
3616 5277 3714 5341 τὰς
3738 5279 4033 5349 ἁμαρτίας

2441 5356 2550 5415 οἷον
2576 5363 2897 5433 ὲγκρύπτων
2924 5366 3017 5419 καὶ
3049 5368 3263 5421 σκέπων
3288 5370 3406 5432 ταῖς
3427 5367 3533 5423 τῶν
3560 5368 3732 5437 ἁγίων
3756 5370 4034 5437 Πατέρων

2444 5458 2845 5527 προσηγορίαις.

3099 5815 3142 5845 ⁵ο
3176 5812 3313 5866 Psal.
3348 5826 3531 5875 uxrx,
3561 5811 3615 5865 2.
