4212 6318
160 373 250 428 529

1194 372 1475 431 IIOMILIA
1519 377 1583 431 Χ.
1619 372 1686 430 ιδ
1739 373 1840 429 SS.
1884 375 1974 429 MA
1991 375 2281 432 BTYRES.

3274 379 3376 434 330

222 478 415 536 τοῦτον
469 483 604 554 ἡμῖν
649 483 980 555 ὑπαγορεύει
1013 485 1102 540 τδν
1143 487 1266 539 νοῦν
1296 488 1388 540 καὶ
1429 489 1458 542 6
1485 488 1611 559 rupi
1654 486 1724 540 τά
1754 496 1795 548 Α

1754 496 1795 548 Α
1899 487 2155 544 Ευιηιιοιη
2186 503 2399 558 quoque
2449 489 2600 545 nobis
2640 503 2859 544 sensum
2906 487 3158 556 suggerit,
3195 488 3287 555 qui
3321 490 3387 544 de

161 575 354 645 Σόδομα
404 573 714 644 σωζόμενος
757 577 931 645 λόγος.
998 577 1246 649 Ἀϐρααμ
1284 578 1390 650 γὰρ
1431 578 1724 650 Σοδομίτας

161 665 615 737 παραιτούμενος,
659 667 822 737 ἡνίκα
859 667 1227 738 δυσμεναίνων
1270 669 1452 733 αὐτοῖς
1513 672 1542 723 6
1592 667 1726 733 Θεὸς

163 759 287 830 μετὰ
333 759 697 830 προρρήσεως
733 760 1014 829 ἐπήγαγεν
1040 760 1142 830 τὴν
1171 760 1413 823 κόλασιν,
1443 763 1510 832 τῇ
1555 761 1726 830 φειδοῖ

159 849 256 901 τῶν
299 848 529 900 δικαίων
574 847 726 918 ἠξίου
774 849 1013 920 σωθῆναι
1058 850 1150 905 τὸν
1196 851 1485 922 σύμπαντα
1529 851 1722 922 δῆμον.

169 940 495 1010 Ἀρξάμενος
523 939 631 1010 γὰρ
661 936 769 993 ἀπὸ
801 940 909 996 τῶν
943 941 1295 1013 πεντήκοντα,
1339 945 1416 1006 εἰς
1443 943 1570 1007 τοὺς
1593 942 1728 996 δέκα

159 1029 477 1098 κατέληξεν·
526 1031 622 1085 καὶ
657 1032 792 1103 πρὸς
835 1033 936 1103 τὴν
974 1033 1180 1087 ἱκεσίαν
1217 1033 1419 1097 εὐθέως
1459 1033 1675 1087 ἔνευσεν
1697 1035 1728 1087 6

157 1120 298 1183 Θεος,
329 1119 526 1192 ῶσπερ
574 1122 666 1175 ἐπί
699 1139 841 1186 τινος
884 1122 1050 1189 ζυγοῦ
1098 1124 1192 1176 καὶ
1234 1123 1583 1191 πλαστίγγων
1609 1125 1728 1184 ταῖς

163 1211 380 1280 μυριάσι
415 1212 524 1265 τῶν
556 1213 918 1284 ἁμαρτωλῶν,
945 1214 1008 1267 τὸ
1032 1214 1140 1268 τῶν
1171 1215 1303 1268 δέκα
1331 1215 1553 1268 δικαίων
1576 1216 1727 1268 ἀντι-

158 1304 373 1371 στήσας.
411 1304 531 1358 Ἵνα
558 1305 614 1358 δὲ
645 1306 737 1358 ἐπὶ
768 1304 928 1358 πλέον
952 1306 1253 1374 ἐνδείξηται
1281 1308 1444 1359 πᾶσιν
1472 1308 1618 1376 ήμίν,
1647 1306 1728 1358 ὅτι

161 1394 242 1446 καὶ
274 1390 355 1458 εἷς
381 1395 589 1460 δίκαιος
619 1397 795 1462 τίμιον
820 1402 1050 1468 πρᾶγμα
1077 1399 1171 1450 καὶ
1197 1397 1316 1468 Θεῷ
1339 1398 1511 1466 φίλον,
1544 1396 1728 1467 ἐπειδὴ

161 1485 183 1534 ὀ
213 1485 307 1552 μὲν
347 1485 574 1552 δέκατος
602 1487 847 1552 ἐξέλιπεν
881 1488 1135 1559 ἀριθμὸς.
1174 1492 1268 1542 καὶ
1295 1488 1493 1561 εὑρέθη
1526 1489 1730 1558 ταύτης

161 1571 250 1640 τῆς
293 1575 606 1646 ὀλιγότητος
642 1577 750 1631 τῶν
793 1579 953 1632 ὁσίων
996 1580 1105 1632 τῶν
1129 1581 1465 1651 ἁμαρτωλῶν
1495 1582 1522 1634 6
1559 1580 1729 1651 δῆμος

164 1667 470 1736 πενόμενος,
512 1667 680 1739 ἐχρῆν
731 1663 788 1721 δὲ
839 1669 964 1734 τοὺς
1007 1671 1504 1740 παρανομήσαντας
1546 1670 1729 1725 δοῦναι

164 1755 495 1827 θρασύτητος
534 1758 713 1829 δίκην,
759 1758 1005 1830 σφοδρῶς
1047 1760 1326 1814 ἐλαύνεται
1374 1760 1483 1814 τῶν
1520 1761 1731 1814 καταδι-

1832 577 2082 634 Sodomis
2114 588 2298 636 exstat
2339 593 2537 634 sermo.
2578 581 2848 634 Abraham
2888 594 3122 648 namque
3159 593 3255 647 pro
3289 579 3392 634 So-

1830 669 2047 724 domitis
2090 671 2414 740 deprecans,
2447 685 2554 740 quo
2600 670 2738 724 Deus
2789 681 3026 739 tempore
3064 669 3172 724 illis
3216 669 3394 724 infen—

1829 772 1946 826 sus,
1998 774 2161 830 quam
2209 761 2548 831 prredixisset
2601 760 2782 814 intulit
2835 773 3067 830 poenam,
3123 758 3391 827 iustorum

1830 851 1939 906 illic
1989 852 2442 922 contemplatione
2502 853 2753 923 populum
2828 852 3130 905 universum
3185 850 3390 904 salvum

1832 941 1948 996 ﬁeri
2007 943 2252 1011 rogabat.
2310 942 2581 1013 Incipiens
2624 944 2769 997 enin:
2809 957 2839 994 a
2870 942 3275 1011 quinquaginta,
3338 940 3391 993 in

1829 1029 2016 1084 decem
2073 1031 2268 1097 desiit,
2320 1029 2430 1085 Deo
2489 1032 2668 1085 statim
2726 1037 2996 1083 annuente
3051 1025 3390 1097 supplicanti,

1834 1118 1980 1172 velut
2015 1130 2215 1214 s'tatera
2263 1121 2496 1189 quadam
2532 1134 2598 1173 ac
2621 1118 2821 1174 bilanci
2859 1118 2990 1172 libra
3020 1113 3393 1171 innumerabili

1831 1210 2176 1278 peccatorum
2207 1212 2396 1276 turbae,
2425 1211 2690 1281 justorum
2721 1210 2999 1264 denarium
3035 1217 3221 1263 contra
3260 1221 3396 1274 pen-

1831 1301 2000 1356 deret.
2050 1305 2228 1373 Atque
2280 1314 2338 1357 ut
2380 1304 2610 1374 amplior-
2655 1303 3047 1365 deciararetur,
3097 1299 3180 1355 rei
3228 1313 3394 1353 unum

1825 1387 2028 1456 justum
2076 1407 2187 1445 rem
2239 1407 2361 1447 esse
2390 1395 2676 1460 pretiosam
2726 1407 2790 1447 ac
2839 1391 2947 1446 Deo
2991 1391 3232 1453 charam,
3274 1404 3394 1443 cum

1833 1485 1968 1537 dena
1997 1484 2211 1552 quidem
2257 1485 2538 1539 multitudo
2581 1486 2882 1540 desiderata
2921 1493 3083 1543 esset,
3112 1486 3397 1550 lautusque

1834 1573 1920 1626 ille
1959 1584 2299 1642 peccatorqu
2345 1574 2590 1644 populus,
2643 1589 2708 1628 ne
2763 1586 2962 1643 paucos
3005 1571 3220 1642 quidem
3251 1571 3396 1639 ejus-

1837 1664 1977 1717 modi
2027 1662 2200 1730 justos
2253 1665 2452 1720 habere
2499 1667 2867 1733 deprehensus
2916 1662 3108 1718 luisset
3159 1679 3175 1720 :
3216 1669 3396 1716 essent

1834 1766 1963 1806 vero
2007 1753 2218 1807 scelesti
2266 1757 2500 1808 audacia:
2533 1755 2705 1809 daturi
2745 1767 2950 1822 pennas,
2981 1753 3084 1808 Lot
3115 1766 3251 1807 unus
3287 1753 3399 1806 vio-

165 1825 466 1902 κασθέντων
502 1825 680 1904 τόπων
708 1851 735 1903 6
772 1825 914 1914 Ᾰὼτ,
945 1852 1037 1904 καὶ
1081 1850 1307 1914 σώζεται
1342 1852 1626 1919 παγγενεὶ,
1652 1853 1732 1914 εἰς
1763 1825 1805 1879 Β

1763 1825 1805 1879 Β
1838 1843 2010 1898 leuter
2050 1844 2282 1898 trahitur
2312 1859 2341 1897 a
2375 1845 2506 1899 Iccis
2559 1847 2844 1900 maledicto
2894 1846 3140 1906 addictis,
3181 1861 3241 1898 ac
3273 1859 3397 1899 cum

165 1940 214 1992 τὸ
243 1940 415 2010 γέρας
447 1940 546 2010 τῆς
575 1940 919 2012 δικαιοσύνης
951 1943 1044 1996 καὶ
1071 1943 1195 2006 τοὺς
1231 1943 1457 2001 οἰκείους
1490 1943 1733 2005 ἅπαντας

165 2031 304 2100 παρά
328 2030 424 2083 τοῦ
449 2029 584 2084 Θεοῦ
615 2030 956 2101 προσλαϐών.

203 2120 381 2188 ,Μέγα
433 2119 527 2176 οὖν
568 2122 754 2193 κτῆμα
782 2122 1003 2186 δίκαιος·
1048 2123 1262 2196 πρῶτον
1303 2122 1491 2191 ὄφελος
1534 2120 1730 2191 ἐαυτῷ,

167 2210 343 2265 ἔπειτα
369 2215 485 2275 τοῖς
506 2213 598 2266 τοῦ
614 2213 804 2282 γένους
818 2213 944 2284 ἑξῆς
965 2214 1238 2285 θησαυρὸς
1249 2215 1498 2286 διαρκής·
1513 2212 1736 2282 ἀγνοού-

170 2317 317 2371 μενος
368 2305 438 2374 τῇ
479 2302 598 2374 θέᾳ,
646 2303 742 2358 καὶ
780 2305 868 2358 ἀεὶ
916 2304 1240 2377 συμπαρὼν,
1290 2307 1382 2358 καὶ
1462 2304 1733 2358 παιδεύων

169 2396 281 2453 τοὺς
303 2390 498 2458 ἄλλους
520 2395 829 2466 πράγμασι·
868 2396 1032 2450 πάλαι
1062 2396 1330 2466 κείμενος,
1355 2398 1448 2450 καὶ
1478 2395 1586 2460 ζῶν
1613 2399 1733 2460 ταῖς

169 2483 592 2555 εὲδοκιμήσεσιν.
647 2485 849 2558 Ἀγαθὴ
880 2486 988 2539 τῶν
1018 2487 1223 2540 παίδων
1259 2486 1615 2557 κληρονομία,
1642 2487 1734 2540 καὶ

169 2573 375 2636 ἄσυλος·
415 2575 484 2643 ἦν
513 2574 703 2645 χρόνος
729 2575 791 2629 οὐ
823 2575 1055 2646 δαπανᾷ,
1091 2575 1185 2629 καὶ
1213 2574 1414 2645 λῃστὴς
1439 2574 1540 2626 οὐκ
1569 2573 1733 2641 ἀφαι-

171 2667 351 2734 ρέῐται.
396 2665 713 2736 Ἀσώματος
767 2665 875 2738 γάρ
915 2669 1029 2720 ἐστι
1072 2667 1167 2720 καὶ
1199 2665 1381 2729 άῡλος,
1423 2665 1735 2735 ἀσωμάτοις

170 2753 624 2826 ἐμπολιτευομένη
648 2756 865 2827 ψυχαῖς.
903 2757 1086 2829 Ὁρᾷς,
1113 2756 1187 2821 ὡς
1220 2757 1312 2819 καὶ
1341 2758 1389 2810 oi
1416 2755 1615 2819 ἔνδοξοι
1642 2756 1736 2809 καὶ

172 2845 392 2914 ἀοίδιμοι
435 2847 782 2920 Ἰσραηλῖται.
813 2848 1029 2902 πάντων
1049 2842 1410 2920 ἀφῃρημένοι,
1439 2848 1532 2902 καὶ
1564 2848 1735 2918 αὐτῆς

172 2936 262 3005 τῆς
281 2938 384 3007 γῆς
418 2939 742 3003 ἐκπεσόντες
768 2939 866 3008 τῆς
893 2938 1179 3009 πατρικῆς,
1212 2938 1311 3007 τῆς
1344 2937 1549 3007 σεμνῆς
1573 2943 1737 3007 προσ-

172 3028 389 3097 ηγορίας
423 3029 521 3080 οὐκ
548 3027 923 3100 ἀφῃρέθησαν,
953 3029 1072 3081 οὐδὲ
1103 3026 1497 3097 ἐγυμνώθησαν
1521 3027 1613 3081 τοῦ
1644 3043 1737 3080 κα·

1837 1947 1943 1992 tota
1978 1938 2174 1993 laiuilia
2203 1939 2384 1992 salvus
2415 1936 2664 2002 edicitur,
2703 1935 2937 2003 acceptis
2965 1951 2990 1987 a
3025 1934 3131 1988 Deo
3154 1934 3206 1987 in
3236 1933 3399 2003 justi-

1836 2025 1920 2078 tia:
1945 2028 2217 2093 praemium
2245 2026 2508 2080 universis
2535 2025 2854 2078 domesticis.

1909 2119 2093 2186 Magna
2132 2133 2260 2186 ergo
2289 2134 2374 2172 res
2397 2157 2412 2181 ,
2447 2119 2528 2170 vir
2550 2118 2726 2186 justus
2753 2135 2766 2183 ;
2804 2116 2894 2184 qui
2930 2131 2988 2170 se
3021 2116 3131 2180 ipse
3158 2114 3394 2182 primum

1829 2206 1981 2276 juvet
2005 2223 2018 2273 ;
2050 2219 2159 2262 tum
2186 2195 2448 2262 universae
2476 2208 2723 2273 deinceps
2747 2208 2888 2276 genti
2918 2206 3141 2259 exsistat
3173 2204 3395 2271 amplis;

1835 2301 2004 2350 simus
2031 2297 2349 2360 thesaurus,
2385 2307 2606 2364 aspectu
2638 2296 2853 2365 quidem
2900 2296 3148 2364 ignoms,
3198 2295 3396 2361 quique

1837 2387 2181 2442 nihilominus
2237 2402 2448 2457 semper
2484 2388 2661 2452 adsit,
2705 2402 2768 2441 ac
2819 2386 2952 2440 alios
3008 2387 3134 2453 ipsis
3184 2387 3397 2439 erudiat

1837 2480 1996 2534 rebus
2049 2479 2222 2536 :olim
2265 2491 2507 2534 mortuus
2533 2521 2547 2544 ,
2609 2493 2893 2548 rerumque
2937 2478 3189 2547 przeclare
3220 2485 3401 2546 gesta-

1838 2585 1955 2624 rum
1983 2568 2294 2624 celebritate
2321 2571 2491 2624 vivus.
2532 2568 2788 2624 Filiorum
2821 2569 2958 2624 bona
2991 2569 3303 2630 haereditas,
3335 2581 3400 2621 ac

1836 2660 2203 2726 inviolabilis;
2236 2675 2395 2728 quam
2429 2676 2533 2715 non
2582 2660 2831 2716 absumat
2878 2669 3120 2728 tempus,
3171 2673 3268 2712 nec
3312 2658 3399 2712 l'ur

1836 2750 2052 2807 auferre
2113 2751 2327 2821 possit:
2379 2752 2575 2820 quippe
2617 2765 2736 2820 quae
2786 2751 3100 2818 incorporea
3148 2764 3212 2804 ac
3267 2749 3398 2803 nulli

1833 2851 2085 2898 concreta
2117 2842 2354 2896 materia:
2384 2843 2450 2896 sit
2471 2881 2486 2906 ,
2528 2843 2581 2895 in
2607 2841 2936 2911 incorporeis
2965 2843 3148 2909 vigens
3189 2844 3400 2894 animas

1783 3007 1786 3011 η
1837 2932 1956 2986 bus;
1982 2930 2145 2985 Vides
2174 2939 2233 2984 ut
2261 2939 2313 2984 et
2341 2930 2559 3000 gloriosi
2595 2929 2884 3000 inclytique
2907 2928 3160 2983 Israelita:
3179 2972 3193 2994 ,
3229 2945 3399 2999 quani

1835 3037 1995 3091 quam
2023 3023 2272 3076 omnibus
2293 3021 2502 3090 spoliati
2528 3063 2542 3086 ,
2573 3022 2793 3090 ipsoque
2820 3021 3017 3076 amisso
3043 3023 3155 3076 solo
3182 3023 3395 3092 patrio;

174 3117 364 3213 iubeat
381 3120 510 3213 61:6
533 3118 628 3213 τοῦ
659 3118 1289 3213 φιλοθέουπροπάτορος·
1317 3119 1451 3213 ἀλλὰ
1477 3118 1569 3172 καὶ
1600 3117 1734 3213 βαρ·
1762 3153 1804 3213 c

1762 3153 1804 3213 ο
1839 3113 1979 3167 haud
2039 3123 2214 3169 tamen
2271 3112 2476 3167 claram
2533 3111 2676 3166 illaut
2730 3127 2759 3166 a
2815 3111 2907 3166 Dei
2949 3123 3161 3167 amante
3191 3129 3289 3167 avo
3335 3128 3398 3169 ac

173 3206 350 3278 ϐάροις
376 3208 735 3273 δουλεύοντες,
757 3209 842 3262 διὰ
867 3209 963 3280 τὴν
987 3208 1326 3279 δικαιοσύνην
1350 3207 1458 3261 τῶν
1486 3209 1735 3278 πατέρων

173 3298 632 3371 ἠλευθερώθησαν·
688 3302 781 3354 καὶ
830 3302 887 3354 ἐν
928 3302 1118 3372 ἐρήμῳ
1156 3299 1462 3364 διαζῶντες,
1510 3299 1598 3351 διὰ
1639 3299 1736 3369 τήν

172 3389 510 3460 εὖδοκίμησιν
533 3390 640 3442 τῶν
672 3391 1049 3461 γεννησάντων
1075 3392 1406 3462 ἐτράφησαν·
1433 3390 1528 3444 καὶ
1554 3392 1735 3461 ἀμαρ-

173 3477 413 3540 τάνοντες
443 3476 706 3548 συνεχῶς,
739 3481 833 3532 καὶ
863 3478 1306 3549 βλασφημοῦντες
1335 3478 1613 3543 πολλάκις,
1641 3480 1736 3533 καὶ

173 3567 302 3632 αξιοι
347 3568 694 3638 νομισθέντες
730 3569 830 3638 τῆς
876 3568 1259 3640 όλοθρευούσης
1303 3570 1594 3634 κολάσεως,
1648 3569 1736 3623 διὰ

172 3659 255 3712 τον
295 3659 544 3730 Ἀϐραὰμ.
569 3659 783 3728 φειδοῦς
806 3661 1134 3732 ἠξιώθησαν,
1167 3662 1258 3715 καὶ
1277 3663 1365 3716 διὰ
1389 3663 1480 3715 τὸν
1521 3662 1734 3733 Ἰσραὴλ

173 3747 351 3817 ἔτυχον
391 3748 739 3819 συγγνώμης,
776 3749 1155 3821 θρασυκάρδιοι
1177 3751 1358 3813 παῖδες
1394 3752 1472 3813 είς
1499 3750 1567 3803 τά
1597 3750 1734 3821 γέρα

171 3837 272 3890 τῶν
293 3839 545 3908 πατέρων
577 3839 896 3907 σωζόμενοι.

238 4101 340 4153 Καὶ
365 4098 512 4164 οἶδάς
542 4119 626 4168 γε,
656 4105 685 4155 6
709 4103 1030 4178 φιλομαθὴς,
1065 4105 1139 4169 ὡς
1178 4107 1236 4159 ἐν
1260 4105 1496 4172 πρώτοις
1519 4111 1547 4162 6
1576 4107 1733 4172 Θεὸς,

173 4192 322 4259 ήνίκα
370 4195 435 4245 ἐκ
488 4193 590 4263 τῆς
633 4189 993 4263 ποιμαντικῆς
1039 4197 1130 4249 ἐπὶ
1165 4196 1259 4268 τὴν
1291 4199 1585 4268 ἠγεμονίαν
1627 4198 1734 4250 τῶν

172 4280 305 4333 λαῶν
333 4283 514 4336 ἐκάλει
539 4283 628 4335 τὸν
645 4285 905 4355 Μωῦσῆν,
931 4285 1091 4349 εὐθὺς
1104 4286 1277 4341 ταῦτα
1289 4286 1422 4358 πρὸς
1439 4289 1528 4340 τὸν
1552 4288 1734 4341 δοῦλόν

173 4389 345 4441 φησιν·
383 4374 530 4443 Ἐγώ
550 4379 665 4444 ειμι
690 4379 722 4430 ό
748 4377 888 4442 Θεὸς
916 4377 1020 4430 τοῦ
1050 4380 1270 4445 πατρός
1323 4394 1462 4441 σου,
1515 4382 1548 4433 ὸ
1592 4379 1734 4444 Θεὸς

1838 3203 2135 3271 patriarcha
2194 3203 2601 3272 appellationem
2658 3203 2998 3257 amiserint?
3050 3205 3178 3273 quin
3231 3205 3393 3258 etiam

1837 3295 2086 3349 barbaris
2136 3296 2460 3364 mancipati,
2510 3293 2738 3362 justitiae
2791 3303 3001 3363 patrum
3055 3296 3281 3362 merito,
3330 3295 3388 3350 li-

1837 3389 2095 3440 bertatem
2137 3385 2310 3454 adepti
2364 3396 2530 3451 sunt;
2590 3395 2751 3454 atque
2787 3386 2838 3438 iu
2886 3387 3097 3440 deserto
3139 3396 3394 3456 agentes,

1837 3477 1905 3531 ob
1935 3488 2216 3544 parentum
2249 3477 2394 3530 clara
2424 3475 2664 3531 facinora
2689 3515 2704 3538 ,
2741 3476 2877 3530 cibis
2908 3477 3084 3530 donati
3113 3496 3126 3530 :
3167 3482 3396 3544 eumque

1836 3568 2087 3620 continue
2136 3576 2453 3632 peccareut,
2491 3581 2553 3620 ac
2599 3566 2793 3634 saepius
2825 3566 2877 3618 in
2915 3565 3273 3634 blasphemiae
3303 3582 3396 3621 ora

1837 3655 2139 3719 solverent,
2185 3665 2479 3723 essentque
2510 3655 2652 3722 digni
2690 3654 2914 3722 iudicati
2949 3655 3042 3724 qui
3071 3655 3397 3710 exterminio

1835 3749 2174 3816 punirentur,
2244 3747 2474 3801 Abraha:
2538 3756 2716 3800 tamen
2784 3760 2950 3800 causa
3010 3745 3393 3816 indulgentiam

1838 3848 2183 3902 meruerunt,
2243 3852 2307 3891 ac
2364 3847 2581 3906 prepter
2637 3837 2884 3890 lsraelem
2936 3839 3210 3892 consecuti
3270 3849 3397 3893 sunt

1838 3929 2078 3997 veniam,
2121 3929 2254 3982 duro
2297 3929 2459 3982 corde
2501 3927 2629 3991 lilii,
2673 3938 2954 3995 parentum
2993 3929 3184 3982 merito
3226 3928 3398 3983 salute

1834 4020 2037 4073 donati;

1907 4108 2026 4163 Scis
2054 4122 2202 4172 vero,
2235 4107 2478 4178 quisquis
2500 4108 2768 4162 studiosus
2795 4123 2856 4162 es
2883 4123 2948 4163 ac
2977 4109 3214 4164 discendi
3246 4111 3398 4178 cupi-

1837 4201 1964 4263 dus,
2017 4209 2075 4252 ut
2121 4200 2175 4253 in
2227 4201 2417 4269 primis
2469 4215 2590 4254 cum
2634 4199 2773 4255 Deus
2814 4202 3027 4272 Moysen
3076 4216 3105 4254 a
3151 4203 3401 4270 gregibus

1833 4293 2013 4345 ovium
2052 4292 2116 4344 ad
2145 4291 2463 4359 populorum
2497 4301 2706 4345 vocaret
2738 4293 3106 4358 pnelecmram
3127 4325 3142 4354 ,
3177 4293 3288 4345 haec
3318 4293 3399 4345 dia

1837 4392 1923 4434 cat
1955 4383 2137 4437 slatim
2171 4382 2236 4434 ad
2254 4397 2477 4435 servum
2513 4398 2666 4436 suum
2703 4400 2716 4435 :
2759 4383 2868 4451 Ego
2899 4398 3015 4436 sum
3059 4384 3194 4438 Deus
3232 4389 3398 4452 patris

184 4464 438 4534 Ἀϐρααμ,
459 4468 556 4520 καὶ
577 4470 610 4520 ὸ
638 4467 781 4534 Θεὸς
797 4470 1022 4532 Ἰσαὰκ,
1046 4469 1192 4523 καὶὸ
1209 4470 1353 4536 Θεὸς
1381 4471 1590 4525 Ἰακώ6;
1620 4471 1729 4522 Καὶ
1759 4480 1805 4538 ι)
1833 4484 1847 4524 ι

1724 4480 1805 4538 ,υ
1833 4475 1939 4535 lui,
1996 4473 2134 4527 Deus
2189 4473 2493 4535 Abraham,
2544 4483 2593 4525 et
2631 4473 2769 4526 Deus
2806 4463 2993 4540 Isaac,
3026 4484 3075 4528 et
3111 4474 3249 4529 Deus
3286 4476 3387 4529 Jac

173 4557 356 4623 μικρὸν
375 4560 564 4629 πρόσω
575 4558 666 4611 τοῦ
684 4558 841 4627 λόγου
861 4561 1163 4629 γενόμενος,
1178 4561 1347 4614 ταῦτα
1359 4563 1728 4632 προστίθησιν·

172 4645 471 4714 Συνὰγατε
500 4645 615 4714 τὴν
645 4649 970 4716 γερουσίαν
1010 4647 1127 4701 τῶν
1154 4647 1299 4703 υἱῶν
1335 4649 1601 4716 Ἰσραὴλ,
1637 4650 1737 4701 καὶ

169 4733 314 4802 ἐρεῖς
325 4737 472 4805 πρὸς
488 4740 728 4803 αὐτούς·
747 4740 962 4806 Κύριος
981 4741 1123 4806 Θεὸς
1146 4739 1262 4793 τῶν
1279 4739 1547 4808 πατέριον
1568 4740 1735 4808 ὑμῶν

169 4820 349 4880 ὦπταί
360 4847 482 4897 μοι,
513 4832 548 4883 ὀ
574 4830 719 4896 Θεὸς
755 4831 1019 4901 Ἀϐραὰμ,
1054 4833 1151 4886 καὶ
1175 4834 1207 4884 ὀ
1227 4831 1371 4896 Θεὸς
1389 4831 1611 4894 Ἰσαὰκ,
1635 4831 1734 4884 καὶ

173 4919 200 4968 ὸ
239 4919 382 4983 Θεὸς
413 4919 636 4974 Ἰακώϐ.
668 4922 778 4974 Καὶ
807 4921 980 4985 οὕτως
1013 4924 1070 4974 ἐν
1099 4922 1402 4993 προοιμίοις
1429 4923 1458 4973 ὸ
1497 4921 1627 4985 Θεὸς
1656 4922 1733 4992 τῷ

170 5007 382 5076 ὀνόματι
431 5009 541 5060 τῶν
572 5011 792 5064 δικαίων
820 5011 1094 5080 πατέρων,
1133 5006 1241 5064 οἷον
1292 5014 1584 5083 σημάντρῳ
1627 5015 1731 5066 τινὶ

169 5099 286 5161 τοὺς
314 5100 612 5166 ἀπογόνους
643 5102 1018 5171 σφραγίζεται·
1067 5104 1230 5156 καλὸν
1261 5102 1417 5165 εἰδὼς
1459 5104 1552 5156 καὶ
1593 5121 1729 5172 συμ-

171 5189 325 5260 φέρον
353 5190 412 5241 τὸ
445 5192 540 5243 ἀπ’
578 5192 799 5246 ἐκείνων
819 5193 1194 5262 γνωρίζεσθαι.
1218 5196 1422 5263 Χρόνου
1448 5194 1505 5248 δὲ
1538 5196 1726 5265 προελ-

171 5280 364 5345 θόντος,
394 5282 583 5352 ἐπειδὴ
628 5285 706 5346 είς
753 5283 910 5355 ῦδριν
945 5283 1036 5337 τοῦ
1083 5285 1370 5356 εὐεργέτου
1417 5285 1673 5356 ὥρμησεν
1704 5287 1732 5339 6

172 5371 307 5438 λαὸς,
352 5374 443 5426 καὶ
485 5374 889 5444 καταφρόνησιν
935 5375 1028 5428 τοῦ
1066 5375 1334 5446 Σωτῆρος,
1385 5376 1725 5447 προσέχοιῖααν

171 5462 217 5516 δέ
253 5468 318 5536 τῇ
367 5464 763 5535 εἰδωλοποιήσει
801 5465 895 5518 τοῦ
950 5467 1170 5538 μόσχου,
1213 5468 1307 5520 καὶ
1355 5468 1722 5538 προσεκύνουν

174 5557 380 5619 κρανίον
429 5556 652 5626 ἄψυχον,
685 5555 782 5626 τήν
814 5556 1055 5628 ἔμψυχον
1095 5560 1186 5612 καὶ
1211 5557 1431 5627 λογικὴν
1468 5559 1724 5628 φρόνησιν

235 5727 276 5760 ⁸¹
316 5731 482 5786 Exod.
518 5748 611 5796 Ill,
643 5731 695 5785 6.
772 5736 817 5764 "
860 5733 989 5786 ibid.
1024 5734 1108 5786 l6.

473 5831 744 5888 Ριτιοι..
792 5829 906 5890 Gn.
958 5830 1085 5891 XL.

1836 4569 1925 4617 (οὺ
1963 4567 2007 4596 ⁵⁹
2038 4581 2052 4629 ;
2088 4580 2151 4618 ac
2201 4565 2355 4632 paulo
2406 4565 2635 4618 ulterius
2683 4567 2940 4632 producto
2995 4582 3242 4620 sermone
3294 4567 3394 4621 ista

1835 4659 2033 4709 addat:
2088 4655 2355 4724 Gougrega
2395 4657 2619 4709 seniores
2667 4658 2896 4724 ﬁliorum
2927 4657 3132 4721 Israel,
3173 4668 3232 4711 el
3260 4660 3397 4712 dices

1836 4748 1904 4799 ad
1931 4763 2051 4800 eos:
2085 4746 2338 4800 Dominus
2375 4747 2513 4801 Deus
2566 4763 2774 4816 patrum
2811 4759 3099 4803 uestrorum
3135 4751 3261 4803 mihi
3299 4767 3394 4816 ap-

1834 4839 2010 4906 paruit
2035 4855 2052 4899 ;
2083 4837 2222 4890 Deus
2254 4836 2520 4890 Abraham
2543 4877 2557 4895 .
2584 4847 2632 4892 et
2658 4838 2795 4891 Deus
2826 4837 2984 4892 Isaac
3003 4878 3018 4901 ,
3047 4850 3092 4892 et
3126 4839 3262 4892 Deus
3294 4841 3395 4894 Ja-

1834 4938 1927 4980 cob
1957 4928 2025 4982 ⁸³.
2062 4927 2257 4996 Sicque
2297 4929 2458 4992 Deus,
2486 4929 2599 4995 ipso
2631 4930 2809 4982 statim
2843 4930 3029 4991 initio.
3051 4942 3262 4998 patrum
3308 4929 3394 4996 jus

1836 5032 2038 5072 storum
2068 5020 2285 5073 nomine
2310 5020 2452 5074 velut
2482 5030 2607 5072 nota
2631 5022 2863 5089 quadam
2897 5030 3115 5089 nepotes
3143 5022 3396 5092 insignit,

1833 5109 1924 5177 qui
1957 5111 2152 5162 bonum
2185 5110 2320 5163 sciat
2355 5126 2419 5163 ac
2447 5109 2609 5173 utile,
2645 5122 2704 5164 ut
2736 5111 2802 5164 ab
2838 5109 2940 5164 illis
2969 5125 3032 5165 ac
3063 5126 3249 5166 eorum
3275 5127 3399 5180 spe-3

1838 5197 2038 5252 cimine
2060 5207 2472 5268 cognoscantur.
2489 5197 2684 5253 Verum
2705 5215 2954 5268 processu
2985 5201 3257 5270 temporis,
3274 5217 3395 5256 cum

1835 5289 2058 5355 populus
2110 5287 2161 5341 in
2197 5287 2449 5357 iniuriam
2494 5292 2859 5358 prorupisset,
2890 5291 3007 5360 ejus
3029 5330 3044 5356 ,
3077 5292 3169 5361 qui
3193 5292 3401 5345 beneﬂ-

1833 5376 1917 5427 cio
1951 5373 2257 5440 affecisset,
2291 5391 2353 5428 ac
2375 5375 2668 5430 Salvatoris
2697 5385 3057 5446 centemptum
3078 5417 3094 5441 ,
3142 5377 3401 5446 vitulique

1835 5469 2038 5522 fabrica
2064 5481 2128 5521 se
2153 5463 2462 5523 adoratione
2487 5468 2796 5525 oﬂ‘endisset
2817 5512 2831 5537 ,
2862 5486 2925 5525 ac
2947 5471 3262 5526 adorassent
3313 5473 3398 5526 in-

1833 5558 2012 5614 anime
2041 5557 2281 5614 cranium
2365 5560 2555 5616 animae
2593 5564 2768 5617 omnis
2812 5577 2874 5617 ac
2911 5563 3134 5618 rationis
3181 5575 3397 5618 sensum

2924 5822 2990 5891 li
