4212 6318
775 292 872 349 531

2046 298 2103 352 S.
2146 296 2419 352 ASTERII
2458 295 2758 354 AMASENI

3924 304 4038 361 339.

773 419 1122 474 amittentes.
1171 431 1291 470 eum
1331 417 1461 471 nihil
1512 418 1598 473 hic
1644 417 1811 490 Moysi
1860 430 2209 489 suppeteret,
2243 436 2350 489 quo

2453 418 2835 481 ἀπολέσαντες⁴
2867 419 2968 472 οὐκ
3016 419 3157 490 ἔχων
3201 421 3231 473 ὁ
3276 421 3515 492 Μωῦσῆς
3542 422 3844 493 τηνικαῦτα
3886 425 4039 488 ὅπως

772 508 1059 566 Dominum
1107 509 1382 579 discipulis
1427 510 1705 579 placaret,
1753 529 2088 566 a-rumnosus
2137 516 2350 566 tandem

775 604 1095 671 paedagogus
1125 602 1191 654 ad
1226 609 1440 671 patrum
1488 604 1803 657 memoriam
1852 603 2127 674 confugit,
2177 605 2352 671 iisque

775 697 875 749 sibi
902 694 1191 764 adjuuetis,
1219 694 1662 763 supplicationem
1691 697 1904 763 promit.
1931 697 2020 751 Sic
2046 698 2189 750 enim
2227 698 2303 749 ait
2334 714 2347 750 :

773 786 902 839 Esto
953 786 1227 854 placabilis
1286 804 1441 857 super
1495 789 1733 856 nequitia
1790 788 2016 856 populi:
2075 790 2351 842 recordare

773 880 1075 942 Abraham,
1133 878 1288 932 Isaac
1321 889 1367 933 et
1408 876 1577 931 Iacob
1625 895 1892 931 servorum
1932 890 2174 942 tuorum,
2230 880 2351 947 qui-

774 966 869 1019 bus
894 967 1091 1036 jurasti
1135 986 1225 1033 per
1250 968 1610 1036 temetipsum,
1661 968 2135 1037 multiplicatnrum
2181 980 2230 1022 te
2270 986 2351 1022 se-

773 1076 891 1112 men
945 1075 1124 1112 eorum
1165 1060 1294 1112 sicut
1344 1060 1520 1112 stellas
1554 1061 1668 1113 caeli
1702 1061 1771 1115 ".
1808 1061 1935 1113 Erat
1972 1062 2190 1127 grandis
2229 1065 2306 1113 ira
2331 1102 2347 1122 ,

773 1148 925 1202 furor
967 1149 1416 1218 indeprecabilis:
1468 1150 1554 1203 ubi
1616 1161 1789 1202 tamen
1836 1151 2051 1218 sapiens
2095 1167 2157 1204 ac
2187 1152 2342 1204 indu-

771 1242 936 1295 Sirius
986 1241 1240 1307 supplex,
1293 1252 1503 1307 patrum
1548 1256 1810 1308 personas
1857 1243 2227 1307 adhibuisset,
2280 1260 2341 1297 ac

769 1348 955 1386 senum
1026 1333 1220 1386 multas
1282 1333 1700 1386 intercessiones
1777 1347 1842 1385 ex
1907 1337 2163 1388 memoria
2230 1334 2343 1389 Deo

768 1423 1080 1491 objeeisset,
1112 1424 1338 1475 llamnue
1363 1422 1533 1476 instar
1562 1437 1773 1490 poenam
1807 1425 2099 1488 exstinxit,
2132 1434 2345 1493 patrum

767 1517 887 1569 oleo
918 1516 1299 1569 insanientium
1343 1515 1577 1569 filiorum
1609 1516 1826 1570 vulnera
1861 1532 2084 1572 curans.

839 1694 1050 1747 Relicto
1094 1691 1289 1762 Moysis
1337 1692 1508 1754 libro,
1558 1692 1623 1744 ad
1674 1690 1839 1746 libros
1873 1692 2075 1759 Regum
2138 1694 2333 1749 transi.

770 1786 980 1841 Etenim
1032 1784 1143 1837 illic
1197 1799 1410 1851 quoque
1466 1784 1632 1836 filium
1692 1785 1895 1837 videbis
1950 1785 2339 1853 indulgentiam
2382 1773 2420 1827 Β

768 1884 1150 1938 consecutum,
1184 1888 1248 1926 co
1277 1874 1420 1941 quod
1453 1873 1631 1941 proles
1662 1884 1745 1928 est
1781 1877 1949 1942 patris
1986 1874 2077 1928 Dei
2113 1880 2347 1930 amantis

770 1982 830 2019 ac
862 1966 953 2035 pii.
992 1966 1040 2019 ls
1087 1980 1248 2033 porro
1297 1965 1753 2019 celebratissimus
1800 1966 1886 2019 ille
1932 1964 2184 2019 Salomon
2238 1977 2340 2020 est.

769 2060 899 2111 Cum
935 2059 1076 2111 enim
1123 2057 1211 2109 ille
1245 2072 1498 2124 processu
1534 2057 1817 2125 temporis,
1855 2059 2047 2111 nedum
2083 2058 2347 2126 passioni-

766 2152 866 2205 bus
894 2149 1287 2211 dominaretur,
1314 2149 1404 2203 sed
1434 2160 1486 2201 et
1513 2149 1615 2202 illis
1636 2165 1825 2203 servus
1846 2148 2098 2213 eil‘ectus,
2129 2166 2191 2202 ac
2223 2149 2346 2202 vita:

769 2243 1015 2311 neglectu
1045 2241 1601 2295 incontinentissitm's
1630 2242 1843 2294 luxuria
1874 2245 2131 2301 evadens,
2160 2252 2342 2308 pater-

768 2350 890 2387 nam
918 2347 1129 2401 quoque
1158 2332 1409 2399 pietatem
1442 2347 1504 2384 ac
1537 2332 1850 2400 religionem
1880 2341 2140 2385 mutasset
2169 2371 2183 2394 ,
2215 2332 2346 2401 legis

764 2425 1126 2488 oli'ensiones,
1189 2423 1328 2475 idola
1381 2423 1690 2487 fabricatis,
1743 2424 1820 2474 ait
1868 2421 1932 2474 ad
1988 2436 2109 2473 eum
2164 2422 2339 2475 Deus:

768 2513 1025 2567 Scindem
1055 2512 1292 2564 scindant
1322 2527 1534 2579 regnum
1565 2521 1710 2562 tuum
1732 2549 1747 2571 ,
1784 2522 1830 2563 et
1860 2510 1996 2563 dabo
2032 2510 2164 2561 illud
2197 2526 2342 2562 servo

768 2616 856 2655 tuo
884 2619 902 2656 :
931 2612 1281 2655 rerumtamen
1338 2602 1392 2653 in
1457 2601 1637 2654 diebus
1671 2602 1775 2652 tuis
1810 2618 1912 2653 non
1954 2602 2149 2667 facium
2188 2602 2301 2652 lucc
2323 2638 2338 2664 ,

765 2707 976 2765 propter
1020 2695 1189 2747 David
1225 2702 1426 2760 patrem
1457 2708 1647 2746 .uum:
1681 2702 1745 2746 de
1786 2710 1942 2745 ntanu
1975 2695 2077 2759 [alii
2130 2694 2203 2744 tui
2253 2710 2342 2745 ac-

767 2788 958 2857 cipiant
1014 2786 1145 2839 illud
1192 2786 1261 2837 ".
1296 2784 1429 2838 Ilaec
1476 2801 1571 2837 nos
1624 2784 1848 2837 historia
1900 2784 2100 2847 docet;
2146 2783 2238 2835 sed
2288 2791 2343 2835 et

766 2876 1108 2929 Psalmorum
1140 2876 1408 2928 canticum
1445 2878 1632 2929 eodem
1664 2889 1823 2927 sensu
1857 2874 1968 2927 lucc
2000 2874 2160 2926 habet
2188 2892 2199 2925 :
2234 2872 2340 2925 Ju-

767 2968 886 3020 nior
926 2968 1044 3035 fui;
1092 2967 1281 3020 etenim
1320 2968 1508 3029 senui;
1558 2974 1606 3018 et
1644 2982 1745 3018 non
1780 2966 1883 3017 vidi
1909 2969 2113 3033 justum
2151 2964 2341 3017 dereli-

767 3068 905 3113 ctum
932 3100 945 3124 ,
977 3074 1069 3111 nec
1107 3074 1277 3111 semen
1314 3058 1425 3127 ejus
1457 3072 1696 3126 quwreus
1728 3073 1912 3125 panem
1952 3057 2019 3109 ⁵⁸.

840 3257 942 3322 At,
974 3265 1033 3309 ut
1067 3256 1296 3320 videtur,
1342 3257 1431 3309 ubi
1467 3254 1635 3309 semel
1681 3257 1859 3309 anima
1911 3265 2100 3310 contra
2144 3257 2345 3311 verita-

768 3358 874 3403 tem
906 3348 1103 3400 audere
1134 3346 1564 3413 przesumpserit,
1602 3359 1763 3413 atque
1789 3360 1852 3398 eo
1881 3354 2026 3399 statu
2059 3347 2222 3400 habet
2242 3386 2257 3410 ,
2286 3356 2345 3399 tit

767 3441 892 3491 vita:
928 3438 1074 3501 loco,
1120 3452 1318 3490 novum
1352 3438 1551 3506 aliquid
1584 3437 1757 3490 moliri
1794 3452 1991 3491 vesane
2027 3438 2343 3502 existimet,

769 3529 904 3582 nihil
928 3537 1044 3590 est,
1072 3528 1210 3595 quod
1242 3529 1305 3579 ad
1339 3538 1541 3579 rectam
1580 3542 1642 3579 ac
1674 3541 1739 3580 ex
1769 3528 1961 3579 ordine
1988 3527 2341 3596 compositam

768 3622 909 3671 viam
945 3627 1225 3672 convertat
1258 3638 1269 3672 :
1302 3618 1431 3686 quin
1468 3618 1673 3670 frenum
1711 3618 1965 3671 mordens
1989 3658 2004 3683 ,
2043 3633 2140 3672 ceu
2171 3620 2346 3685 pullus

767 3710 985 3778 quidam
1038 3719 1268 3761 tractatu
1311 3707 1575 3771 difﬁcilis,
1630 3709 1681 3761 in
1728 3709 2044 3761 barathrum
2091 3710 2341 3777 proruit;

770 3814 982 3854 sessore
1005 3800 1185 3852 animo
1214 3815 1276 3851 ac
1308 3809 1484 3852 mente
1503 3838 1519 3863 ,
1548 3799 1933 3877 vehementiori
1964 3802 2016 3852 in
2050 3801 2343 3869 nequitiam

768 3893 1057 3961 agitatione
1104 3902 1398 3957 superato:
1441 3893 1581 3957 quod
1629 3892 1813 3957 utique
1858 3892 1955 3945 hos
1985 3906 2201 3959 quoque
2240 3892 2346 3945 Eu-

776 3984 1061 4036 nomianos
1094 3983 1342 4035 factitare
1390 3982 1613 4040 videas:
1651 3983 1730 4034 sic
1769 3982 1910 4034 enim
1944 3982 2216 4035 lubentius
2253 3998 2347 4050 ap-

768 4075 1051 4142 pellantur,
1084 4089 1243 4142 quatn
1288 4074 1492 4126 Christi
1540 4074 1823 4137 homines;
1854 4075 1945 4140 qui
1990 4072 2156 4126 Deum
2198 4074 2345 4127 blas-

768 4168 1021 4235 phement
1043 4205 1057 4228 ,
1094 4166 1183 4218 llei
1218 4166 1461 4217 homines
1508 4167 1706 4231 probro
1747 4163 1985 4217 alliciant
2018 4207 2032 4228 ,
2067 4167 2346 4233 magisque

769 4256 883 4308 loca
919 4264 1259 4315 averseutnr,
1295 4254 1489 4319 quibus
1518 4254 1689 4305 saneti
1742 4254 2085 4320 requiescunt
2112 4294 2128 4317 ,
2182 4269 2343 4323 quam

768 4346 934 4400 sobrii
967 4345 1213 4398 homines
1259 4344 1480 4405 altaria,
1516 4343 1851 4411 profanaque
1897 4360 1959 4397 ac
2006 4346 2206 4412 polluta
2239 4345 2345 4398 dte-

2457 510 2597 579 ὑπὲρ
2628 510 2735 564 τῶν
2795 509 3052 581 μαθητῶν
3103 512 3457 582 ὲξιλεώσηται
3508 512 3602 567 τὸν
3654 515 3956 586 Δεσπότην,
4011 516 4042 569 ὁ

2458 601 2803 668 παιδαγωγὸς
2824 604 2851 653 ὁ
2872 602 3229 672 πολύμοχθος,
3259 605 3596 672 καταφεύγει
3627 606 3761 674 πρὸς
3786 606 3883 676 τὴν
3908 606 4035 676 μνή·

2459 708 2564 760 μην
2580 690 2688 743 τῶν
2710 692 2981 762 πατέρων,
3002 694 3094 745 καὶ
3115 696 3228 764 μετ’
3248 692 3471 747 ἐκείνων
3492 697 3590 765 τὴν
3615 694 3895 765 ἱκετηρίαν
3914 710 4041 765 προ-

2455 778 2726 834 ϐάλλεται·
2760 782 2923 852 φησὶν
2966 784 3021 835 δὲ
3051 784 3243 848 οὕτως’
3277 786 3473 851 Ἵλεως
3503 785 3680 854 γενοῦ
3715 785 3814 838 ἐπὶ
3842 783 3917 851 τῇ
3934 801 4043 837 κα-

2454 871 2557 935 κίᾳ
2595 871 2705 925 τοῦ
2728 872 2904 938 λαοῦ,
2928 875 3216 941 μνησθείς
3251 876 3515 944 Ἀϐραὰμ,
3536 876 3630 929 καὶ
3670 875 3897 938 Ἰσαὰκ,
3938 875 4039 929 καί

2466 959 2676 1014 Ἰακὼϐ
2689 960 2805 1013 τῶν
2819 962 2935 1015 σοῦ
2961 962 3205 1015 οἰκετῶν
3219 964 3285 1028 ⁵⁷,
3310 957 3399 1023 οἷς
3418 961 3659 1032 ὤμοσας
3680 964 3830 1017 κατὰ
3854 980 4042 1016 σεαυ-

2452 1053 2577 1116 τοῦ,
2613 1054 2914 1121 π.2ηοῦναι
2936 1054 3002 1107 τὸ
3028 1056 3266 1125 σπέρμα
3293 1056 3493 1111 αὐτῶν
3514 1057 3593 1122 ὡς
3616 1057 3687 1109 τὰ
3717 1057 3911 1124 ἄστρα
3930 1055 4041 1110 τοῦ

2452 1145 2731 1212 οίιρανοῦ.
2761 1147 2987 1215 Μεγάλη
3022 1148 3054 1215 ἡ
3080 1149 3238 1218 ὀργὴ,
3268 1148 3360 1201 καὶ
3381 1150 3413 1201 ὁ
3443 1147 3612 1218 θυμὸς
3636 1148 4039 1218 ἀπαραίτητος·

2453 1235 2566 1288 ἀλλ’
2608 1239 2636 1289 ὀ
2684 1238 2847 1307 σοφὸς
2895 1240 2988 1292 καὶ
3028 1240 3334 1310 εὐμήχανος
3377 1240 3582 1309 ἱκέτης,
3614 1239 3683 1291 τὰ
3714 1240 4035 1309 προσωπεῖα

2453 1326 2807 1397 περιθέμενος
2841 1330 2949 1383 τῶν
2992 1332 3181 1398 ἁγίων,
3214 1332 3306 1385 καὶ
3340 1331 3441 1391 τὰς
3476 1330 3675 1392 πολλὰς
3704 1330 3813 1381 τῶν
3840 1328 4041 1398 γερὸνς

2450 1435 2559 1471 των
2623 1419 2712 1471 διὰ
2766 1420 2865 1485 τῆς
2927 1422 3147 1490 μνήμης
3200 1420 3275 1490 τῷ
3320 1420 3439 1491 Θεῷ
3498 1419 3809 1489 ἀπορρίψας
3834 1418 4037 1473 ⁵⁸η..

2450 1508 2672 1562 ἔσϐεσεν
2695 1512 2770 1573 ὡς
2796 1511 2967 1579 φλόγα
2992 1512 3087 1582 τὴν
3116 1513 3402 1583 τιμωρίαν·
3434 1513 3686 1583 πατρικῷ
3735 1513 3899 1582 ἐλαίῳ
3927 1511 4040 1565 τῶν

2456 1602 2729 1669 μανέντων
2756 1604 2887 1655 υίῶν
2914 1604 3253 1674 θεραπεύσας
3281 1605 3349 1657 τά
3378 1606 3685 1676 τραύματα.

2523 1693 2853 1746 Καταλιπὼν
2881 1696 2979 1764 τὴν
2998 1696 3296 1767 Μωσαῖκὴν
3328 1696 3529 1766 βίϐλον,
3567 1697 3659 1750 ἐπὶ
3695 1696 3794 1760 τὰς
3818 1696 4040 1767 βίϐλους

2450 1782 2555 1834 τῶν
2590 1783 2860 1837 Βασιλέων
2893 1786 3178 1858 μετάϐηθι.
3215 1788 3374 1856 "odiet
3402 1789 3510 1859 γὰρ
3542 1789 3704 1841 κάκεῖ
3727 1789 3893 1842 παῖδα
3916 1805 4041 1859 φει-

2448 1874 2570 1936 δοῦς
2602 1876 2937 1945 ἀξιούμενον,
2972 1878 3103 1930 διότι
3132 1879 3377 1950 γέννημα
3413 1876 3481 1950 ἦν
3521 1880 3773 1949 φιλοθέου
3802 1883 4036 1951 πατρὸς.

2449 1960 2697 2036 Σολομὼν
2736 1969 2792 2021 δέ
2826 1970 2973 2022 ἐστιν
3012 1965 3168 2033 οὗτος
3197 1972 3225 2022 ὁ
3255 1972 3709 2043 πολυθρύλλητος
3738 1973 3798 2035 ὂς
3844 1972 4037 2042 ἐπειδὴ

2448 2059 2728 2128 προῖόντος
2782 2060 2874 2112 τοῦ
2922 2062 3115 2131 χρόνου
3164 2061 3263 2115 οὐκ
3307 2058 3375 2132 ἦν
3408 2063 3516 2116 τῶν
3548 2062 3735 2116 παθῶν
3764 2063 4042 2132 αὐτοκρά-

2447 2167 2581 2221 τωρ,
2634 2138 2819 2214 δοῦλος
2879 2151 3185 2221 δὲμᾶλλον,
3258 2154 3353 2206 καὶ
3415 2153 3815 2224 ἀκρατέστερος
3881 2170 4039 2222 σωμε-

2446 2240 2681 2310 εραστὴς
2713 2240 2801 2293 διὰ
2830 2240 2929 2311 τὴν
2959 2243 3288 2313 ἀπροσεξίαν
3303 2243 3397 2296 τοῦ
3437 2244 3572 2312 βίου,
3610 2244 3903 2315 μετέὸαλεν
3940 2248 4041 2298 καὶ

2445 2330 2542 2400 τὴν
2572 2332 2829 2402 πατρῴαν
2856 2333 3158 2395 εὐσέϐειαν,
3186 2335 3380 2388 εἴδωλα
3413 2334 3705 2406 μορφώσας
3736 2336 3806 2388 τὰ
3838 2334 3936 2388 τοῦ
3958 2335 4041 2389 v6-

2450 2437 2550 2489 μου
2586 2424 3006 2493 προσκόμματα·
3041 2428 3174 2496 φησὶ
3209 2428 3345 2498 πρὸς
3365 2429 3525 2481 αὑτὸν
3556 2432 3584 2483 ὁ
3612 2429 3763 2493 Θεός’
3792 2430 4043 2499 Δωρῤήο

2446 2529 2575 2566 mor
2600 2512 2893 2582 διαρῤήξω
2923 2517 3035 2585 τὴν
3062 2520 3392 2583 ,βασιλείαν
3421 2538 3559 2585 σου,
3592 2522 3691 2575 καί
3724 2521 3900 2575 δώσω
3924 2524 4040 2577 αὐ-

2445 2604 2560 2672 τὴν
2590 2604 2669 2669 τῷ
2702 2606 2899 2674 δούλῳ
2930 2625 3065 2663 σου⁹
3098 2611 3264 2677 πλὴν
3299 2613 3369 2665 ἐν
3396 2614 3523 2680 ταῖς
3553 2614 3796 2683 ἡμέραις
3824 2629 3944 2667 σου
3964 2615 4042 2669 οὐ

2450 2696 2679 2765 ποιήσω
2740 2698 2926 2752 ταῦτα
2978 2700 3074 2755 διὰ
3130 2702 3307 2756 Δαϐὶδ
3351 2705 3459 2757 τὸν
3510 2705 3736 2772 πατέρα
3778 2722 3919 2760 σου·
3967 2708 4040 2761 ἐκ

2449 2796 2651 2857 χειρὸς
2712 2792 2819 2845 τοῦ
2879 2793 3011 2846 υἱοῦ
3075 2810 3190 2847 σου
3251 2795 3524 2865 λήψομαι
3580 2797 3788 2862 αὐτήν.
3849 2799 4042 2853 Ταῦτα

2444 2879 2591 2948 ἡμᾶς
2632 2882 2664 2950 ἡ
2700 2881 2911 2947 ἱστορία
2959 2882 3221 2935 παιδεύει·
3259 2884 3499 2939 διδάσκει
3534 2886 3590 2940 δὲ
3634 2888 3725 2940 καὶ
3764 2888 3878 2958 ᾠδὴ
3926 2889 4041 2942 τῶν

2447 2970 2692 3040 Ψαλμῶν
2722 2970 2788 3023 τὰ
2817 2973 2978 3041 ὅμοια
3026 2973 3321 3041 Νεώτερος
3370 2976 3552 3045 ἤμην’
3606 2980 3703 3031 καὶ
3741 2980 3853 3049 γὰρ
3892 2980 4041 3050 ἐγή-

2373 3104 2414 3161 C
2440 3076 2623 3128 puc‘a'
2658 3063 2757 3116 καί
2791 3066 2901 3116 οὐκ
2928 3062 3091 3117 εἶδον
3124 3067 3367 3120 δίκαιον
3390 3069 4039 3140 ἐγκαταλελειμμένον,

2447 3152 2589 3204 οὐδὲ
2616 3153 2680 3205 τὸ
2714 3154 2951 3223 σπέρμα
2979 3156 3165 3209 αὐτοῦ
3195 3156 3409 3221 ζητοῦν
3439 3158 3676 3225 ἄρτους.

2529 3245 2690 3310 Ἀλλ’,
2807 3248 3002 3313 ἔοικεν,
3037 3250 3256 3301 ἐπειδὰν
3297 3250 3444 3316 ἆπαξ
3469 3252 3614 3321 ψυχὴ
3643 3253 3740 3327 τῆς
3771 3251 4041 3322 ἀληθείας

2447 3338 2944 3409 καταθρασύνηται,
3004 3343 3097 3393 καὶ
3152 3342 3245 3395 τοῦ
3317 3347 3657 3415 καινοτομεῖν
3706 3342 4041 3413 ἐκπλήκτως

2452 3431 2572 3482 ἀντὶ
2597 3430 2691 3482 τοῦ
2728 3431 2826 3502 ζῇν
2855 3434 2911 3484 ἐν
2933 3433 3081 3499 τάξει
3118 3434 3503 3504 προϐέϐληται,
3530 3435 3684 3487 οὐδὲν
3712 3435 3883 3504 αὐτὴν
3918 3438 4043 3488 ὲπι-

2449 3522 2702 3592 στρέφειν
2728 3524 2908 3577 ἱκανὸν
2935 3527 3013 3587 εἰς
3036 3525 3133 3596 τὴν
3168 3527 3381 3595 εὐθεῖαν
3414 3526 3506 3579 καὶ
3531 3527 3875 3596 τεταγμένην
3895 3526 4039 3579 ὁδόν⁶

2448 3611 2743 3664 ὲνδακοῦσα
2781 3612 2837 3664 δὲ
2865 3613 2955 3665 τὸν
2982 3613 3214 3683 χαλινὸν,
3244 3615 3430 3685 ὥσπερ
3463 3632 3547 3677 τις
3578 3614 3755 3677 πῶλος
3784 3614 4043 3686 δυσήνιος

2449 3703 2673 3771 φέρεται
2725 3704 2860 3775 πρὸς
2917 3705 2977 3757 τὸ
3030 3705 3320 3776 βάραθρον,
3372 3708 3580 3760 νικῶσα
3614 3706 3708 3758 τὸν
3751 3704 4041 3776 ἀναϐάτην

2448 3794 2571 3845 νοῦν
2602 3796 2667 3864 τῇ
2696 3795 2831 3863 πρὸς
2862 3796 2959 3865 τὴν
2994 3797 3194 3848 κακίαν
3224 3798 3388 3867 ὁρμῇ¹
3422 3796 3612 3859 ὥσπερ
3663 3794 3726 3865 δὴ
3775 3796 3874 3847 καὶ
3908 3795 4039 3858 τοὺς

2447 3884 2815 3954 Εὑνομιανοὺς
2855 3886 3076 3949 τούτους
3106 3887 3252 3939 ἐστιν
3288 3887 3433 3939 ἰδεῖν.
3461 3886 3645 3947 Οὕτως
3679 3885 3787 3954 γὰρ
3818 3884 4040 3953 φιλοῦσι

2448 3976 2728 4029 καλεῖσθαι
2779 3977 2998 4047 μᾶλλον,
3052 3979 3084 4049 ἢ
3139 3977 3233 4030 τοῦ
3286 3977 3520 4048 Χριστοῦ
3563 3976 3861 4046 ἄνθρωποι,
3903 3976 4039 4028 Θεὸν

2427 4068 2917 4139 εβλασφημοῠντες,
2952 4071 3076 4133 τοὺς
3110 4069 3424 4140 ἀνθρώπους
3449 4068 3541 4121 τοῦ
3569 4068 3702 4121 Θεοῦ
3733 4066 4038 4136 ἀτιμάζον-

2444 4178 2555 4225 τες,
2593 4161 2794 4230 μᾶλλον
2818 4162 2875 4214 δὲ
2904 4162 3289 4230 ἐντρεπόμενοι
3320 4162 3415 4224 τὰς
3441 4160 3549 4212 τῶν
3584 4162 3753 4228 ἁγίων
3783 4158 4039 4212 ἀναπαύ-

2449 4268 2581 4315 σεις,
2617 4253 2649 4320 ἢ
2678 4253 2725 4303 ot
2758 4252 3160 4323 σωφρονοῦντες
3202 4256 3327 4315 τοὺς
3353 4252 3587 4322 βωμοὺς,
3605 4253 3698 4304 καὶ
3722 4253 3849 4315 τοὺς
3876 4253 4039 4322 βεϐή-

2446 4340 2571 4406 λους
2599 4346 2694 4396 καὶ
2725 4346 2847 4407 τοὺς
2890 4345 3298 4414 μεμιασμένους
3343 4346 3452 4396 τῶν
3486 4345 3687 4397 τόπων.
3742 4345 3951 4415 Ἐχρῆν
3981 4345 4037 4397 δὲ

769 4450 986 4489 menum
1039 4434 1210 4487 sacris
1279 4436 1415 4486 loca.
1458 4433 1624 4486 Porro
1660 4449 1754 4500 par
1796 4444 1910 4486 erat
1950 4445 2044 4487 .ut
2073 4436 2161 4503 qui
2198 4437 2343 4504 ejus-

2449 4433 2571 4495 τοὺς
2630 4432 2724 4502 τῆς
2764 4434 3021 4495 ἀπονοίας
3068 4434 3303 4496 ἐκείνους
3344 4434 3610 4503 ἀσκητας,
3664 4436 3758 4491 καὶ
3794 4435 3859 4486 τὸ
3894 4434 4038 4487 κατά

771 4526 911 4579 modi
970 4526 1254 4579 dementia:
1305 4525 1557 4587 student,
1616 4526 1815 4592 quiQue
1872 4528 2229 4579 temeritatem
2286 4528 2337 4579 in

768 4630 957 4668 omnes
986 4616 1200 4667 virtutis
1234 4614 1351 4667 loco
1400 4616 1631 4677 habent,
1668 4615 1746 4666 vel
1793 4612 1984 4666 saltem
2031 4616 2336 4669 daemonum

772 4717 1147 4758 nevererentur
1168 4719 1325 4757 voces
1344 4744 1360 4767 ,
1387 4703 1529 4756 clara
1553 4706 1726 4771 palam
1753 4722 1884 4759 voce
1905 4707 2334 4761 contestantium

766 4797 1021 4849 virtutem
1078 4804 1424 4863 nurlyrum;
1483 4810 1545 4847 ac
1598 4810 1867 4864 quemque
1924 4797 2136 4849 illorum
2195 4796 2340 4848 velut

764 4898 1087 4956 praesentem
1110 4927 1127 4949 ,
1165 4896 1325 4954 atque
1357 4901 1450 4939 eos
1490 4885 1556 4937 ab
1587 4887 1825 4939 obsessis
1872 4887 2179 4941 hominibus
2222 4888 2340 4939 abi-

765 4988 980 5044 gentem
1010 4986 1171 5044 atque
1198 4975 1467 5044 fugantem
1488 5014 1501 5037 ,
1534 4978 1599 5028 ex
1627 4976 1843 5028 nomine
1876 4975 2337 5042 compellantiunt.

768 5072 895 5125 Sive
924 5079 1107 5122 autem
1150 5068 1270 5135 quis
1317 5082 1378 5118 ea
1412 5066 1541 5119 Velit
1576 5067 1835 5119 adversus
1880 5066 2186 5118 immundos
2231 5066 2341 5131 spi-

769 5161 903 5214 ritus
949 5170 1204 5229 pratstare
1260 5160 1474 5227 pietatis
1508 5159 1827 5211 athletarum
1877 5159 2188 5224 exercitus,
2229 5160 2343 5212 sive

768 5251 1025 5319 angelos,
1082 5250 1172 5316 qui
1227 5251 1292 5302 ad
1342 5265 1557 5311 eorum,
1587 5248 1687 5314 qui.
1729 5253 1913 5314 requie
1943 5247 2127 5299 donati
2180 5257 2338 5309 sunt,

769 5343 1027 5394 honorem
1089 5342 1257 5393 sacris
1306 5356 1492 5393 eorum
1536 5340 1772 5391 delubris
1838 5341 2142 5401 assideant,
2203 5340 2336 5391 nihil

769 5431 1013 5484 interest.
1043 5426 1174 5480 Natu
1207 5428 1461 5494 quidquid
1501 5426 1729 5486 dicatur,
1775 5427 1838 5477 ad
1873 5442 2057 5478 eorum
2104 5427 2329 5495 gloriam

766 5530 881 5583 est,
913 5520 1003 5588 qui
1034 5518 1238 5571 Christi
1268 5533 1427 5571 causa
1474 5528 1644 5571 morte
1689 5529 1811 5569 sunt
1853 5517 2111 5570 defuncti.
2164 5514 2336 5571 Porro

839 5631 885 5663 “
924 5631 1089 5683 Exml.
1124 5645 1306 5690 XXXII,
1340 5629 1542 5693 12,15.
1621 5632 1665 5662 ⁸⁸
1708 5630 1769 5682 ΙΙΙ
1803 5632 1931 5700 ιὶυε.
1969 5646 2051 5693 XI,
2089 5634 2171 5697 11,
2210 5634 2297 5688 12.

766 5702 1080 5774 πρεσῦείας,
1120 5714 1197 5753 \cl
1230 5703 1355 5769 quid
1387 5704 1580 5754 simile.

2373 5634 2420 5666 "
2458 5634 2599 5688 l’sal.
2641 5653 2801 5690 xxxvi
2829 5678 2843 5701 ,
2879 5640 2964 5692 9.5.

2451 4523 2665 4575 πὰντων
2687 4521 2886 4591 θράσος
2912 4523 3113 4593 ἀρετὴν
3137 4523 3477 4593 νομίζοντας,
3500 4524 3598 4586 τὰς
3623 4524 3751 4591 γοῦν
3781 4523 3895 4575 τῶν
3923 4524 4038 4577 δαι-

2453 4614 2627 4683 μόνων
2672 4613 2983 4683 αίδεσθῆναι
3030 4616 3234 4685 φωνὰς,
3293 4615 3603 4686 κραζόντων
3645 4617 3737 4667 καὶ
3784 4615 4039 4685 βοώντων

2449 4694 2715 4774 λαμπρῶς
2764 4704 2873 4757 τῶν
2920 4706 3213 4777 μαρτύρων
3245 4706 3342 4777 τὴν
3378 4707 3627 4777 δύναμιν,
3670 4710 3762 4760 καὶ
3800 4708 4038 4777 ὀνόμασι

2451 4794 2758 4847 καλούντων
2804 4796 3052 4860 ἕκαστον,
3080 4797 3156 4859 ὡς
3196 4796 3543 4868 παρεστῶτα.
3583 4797 3675 4850 καὶ
3703 4796 4036 4851 ἀπελαύνον-

2449 4902 2537 4947 τα,
2574 4888 2667 4937 καὶ
2693 4887 3063 4955 φυγαδεύοντα
3093 4888 3201 4942 τῶν
3230 4889 3675 4959 τυραννουμένων
3702 4888 4032 4956 ἀνθρώπων.

2447 4977 2570 5028 Εῐτε
2612 4977 2669 5029 δὲ
2705 4978 2773 5031 τὰ
2813 4979 3131 5048 συστήματα
3161 4980 3272 5033 τῶν
3314 4980 3565 5051 ἀθλητῶν
3610 4980 3711 5050 τῆς
3744 4979 4031 5040 εὐσεϐείας

2447 5066 2621 5120 ἐθέλοι
2655 5085 2737 5132 τις
2760 5072 3003 5139 ἐνεργεῖν
3026 5072 3165 5124 κατά
3191 5073 3298 5124 τῶν
3320 5072 3643 5142 ἀκαθάρτων
3678 5074 4033 5140 πνευμάτων,

2447 5158 2555 5209 εἴτε
2610 5160 2877 5227 ἀγγέλους
2928 5164 3007 5223 είς
3045 5162 3207 5232 τιμὴν
3234 5162 3341 5214 τῶν
3371 5164 3843 5232 ἀναπεπαυμένων
3893 5180 4035 5233 παρ-

2448 5248 2765 5319 εδρεύοντας
2796 5255 2905 5314 τοῖς
2939 5253 3111 5319 ἁγίοις
3138 5256 3343 5324 σηκοῖς,
3380 5256 3529 5307 οὐδὲν
3548 5254 3811 5324 διαφέρει’
3840 5255 4035 5306 ὁπότε-

2452 5356 2541 5409 ρον
2574 5339 2680 5409 γὰρ
2710 5340 2776 5392 ἂν
2799 5340 3043 5409 λέγηται,
3074 5342 3199 5405 δόξα
3228 5344 3335 5396 τῶν
3372 5345 3511 5411 ὑπὲρ
3544 5345 3644 5413 τῆς
3684 5346 3762 5406 εἰς
3793 5345 4033 5412 Χριστὸν

2448 5431 2668 5501 ἀγάπης
2708 5434 2823 5485 ἐστὶ
2854 5434 3149 5488 παθόντων.
3182 5435 3451 5505 Πρόδηλον
3486 5436 3543 5488 δὲ
3588 5436 3869 5503 φαίνονται
3901 5440 4034 5485 καθ-

2448 5524 2660 5593 ημέραν
2689 5526 2743 5577 αἱ
2777 5525 2883 5577 τῶν
2914 5528 3206 5597 μαρτύρων
3239 5527 3568 5599 εὐεργεσίαι,
3596 5527 3750 5578 ἄλλαι
3777 5543 3833 5578 τε
3873 5527 4031 5581 ἄλλαι

3072 5641 3113 5670 ’⁷
3161 5640 3297 5709 Lege
3328 5638 3542 5693 ἱκετῶν.
3656 5641 3703 5670 ⁸⁵
3736 5649 3827 5693 ισ.
3864 5645 4031 5699 λείπ.
