4212 6318
177 422 245 478 tu
700 428 703 433 ‘
1013 422 1296 478 llOMlLlA
1338 422 1457 477 XII.
1505 423 1570 477 IN
1618 423 1901 481 LAUDEM
1945 424 2003 480 S.
2059 425 2417 483 STEPHANI.

3262 425 3367 483 5.ίῖ
3420 428 3427 431 ’

180 535 332 600 ὕοντος,
366 542 456 593 καὶ
512 540 803 604 πονοῦντος
835 539 896 593 τὸ
934 543 1216 614 κήρυγμα,
1256 537 1411 609 οὗτος
1453 541 1706 597 εἰσελθὼν
1736 549 1781 603 Α
1810 561 1839 599 c

1736 549 1781 603 Α
1810 545 2060 615 ciamquo
2088 561 2151 601 ac
2182 547 2454 614 regionem
2502 563 2568 601 ex
2627 547 2841 616 regione
2867 561 2929 602 ac
2954 547 3227 615 provincia
3257 563 3371 600 mu-

181 630 301 692 είςτὺ
325 631 554 694 στάδιον,
590 632 684 684 καὶ
726 633 981 701 ἀρπάσας
1032 634 1141 687 τῶν
1174 637 1570 707 ἀγωνισμάτων
1610 639 1701 690 τὸν

182 726 411 787 οτὲφανον,
452 722 731 790 μετελθὼν
790 725 870 788 είς
901 725 993 778 τὸν
1025 725 1250 796 οὐρανὸν
1298 727 1576 797 ἐδοξάσθη·
1629 728 1707 781 ἔτι

178 812 248 859 σοῦ
276 811 387 880 περὶ.
422 812 529 880 γῆν
559 813 946 883 στρειρομένου·
967 816 1061 871 καὶ
1094 816 1153 869 τὸ
1188 817 1389 881 μεῖζον,
1423 818 1589 872 αὐτοῦ
1615 818 1708 871 τοῦ

179 898 344 969 [ἰατρὸς
377 901 473 953 καὶ
502 901 634 953 Υἱοῦ
655 903 941 967 καλοῦντος
962 905 1123 963 αὑτὸν
1150 906 1239 959 διὰ
1265 908 1364 976 τῆς
1394 906 1709 978 θαυμαστῆς

174 990 413 1055 ὀπτασίας.
458 994 647 1057 Οὕτως
701 995 798 1065 μὲν
832 997 923 1049 καὶ
966 1000 995 1050 6
1034 998 1258 1068 Πέτρος·
1296 1000 1388 1051 καὶ
1436 1000 1597 1071 ἀρκεῖ
1643 1001 1712 1055 τά

174 1084 415 1154 εἰρημένα.
436 1086 720 1157 Τολμηρδν
750 1088 857 1159 γὰρ
894 1090 1239 1144 ἐπιπλεῖστον
1267 1092 1393 1161 περ).
1432 1093 1714 1162 πρωτείων

173 1175 459 1243 ἁμιλλᾶσθαι
493 1177 788 1247 πατράσιν.
819 1179 1046 1250 Ἰδωμεν
1074 1180 1130 1233 δὲ
1159 1181 1252 1234 καὶ
1282 1180 1348 1233 τὰ
1385 1180 1472 1243 σὰ,
1490 1182 1714 1235 Ἰάκωῦε

175 1264 331 1333 ἁδελφὲ
360 1265 453 1318 τοῦ
502 1267 771 1320 Ἰωάννου.
804 1269 1207 1340 Εὑαγγελιστὴς
1231 1266 1282 1323 εἴ
1305 1269 1398 1323 τοῦ
1456 1271 1713 1342 Χριστοῦ,

173 1353 355 1423 θήραμα
378 1354 631 1425 δεύτερον
675 1357 814 1427 μετά
859 1358 1079 1429 Πέτρον.
1112 1360 1222 1412 Καὶ
1245 1361 1327 1422 τίς
1361 1362 1461 1414 οῦκ
1483 1361 1548 1415 ἂν
1580 1364 1717 1431 ἀγα-

176 1443 298 1513 σθείη
331 1460 418 1497 σου
449 1446 552 1513 τῆς
580 1446 852 1513 πίστεως;
884 1450 1061 1502 Μόνον
1084 1450 1193 1522 γάρ
1217 1451 1473 1522 ἐκλήθης,
1502 1454 1594 1507 καλ
1612 1472 1718 1525 μη-

173 1535 243 1587 δὲν
270 1535 534 1607 μελλήσας
562 1540 897 1610 ὑπήκουσας,
929 1541 1237 1605 Κατέλιπες
1265 1543 1402 1613 μετά
1454 1545 1718 1618 τῆςνπορ-

175 1626 328 1695 θμίδος
355 1630 448 1707 καὶ
484 1629 576 1681 τὸν
608 1631 819 1700 πατέρα
849 1632 939 1683 τὸν
956 1628 1257 1686 Ζεϐεδαῖον·
1277 1634 1718 1706 ὴκολούθησαςνδὲ

176 1721 249 1772 καὶ
276 1720 345 1790 τῷ
364 1722 585 1791 Χριστῷ
614 1723 690 1785 ὡς
717 1724 940 1795 γνήσιος
983 1725 1248 1796 μαθητής.
1297 1729 1536 1792 Ἐπαθες
1581 1730 1718 1801 ὑπὲρ

176 1815 255 1880 τῆς
280 1812 548 1876 εὐσεϐείας
582 1815 893 1885 προθύμως,
934 1816 1200 1887 ὁμολογῶ·
1245 1820 1486 1891 μαχαίρᾳ
1524 1822 1632 1891 γάρ
1662 1839 1720 1874 σε

1814 643 1979 699 tares,
2045 635 2382 704 instaresque
2432 635 2614 698 verbo,
2667 635 2941 705 ingressus
2997 633 3085 689 hic
3117 633 3370 697 stadium,

1812 727 2278 796 certaminumque
2338 727 2551 792 rapiens
2603 742 2879 792 coronam,
2931 736 2981 781 tc
3042 726 3254 779 interim
3318 726 3372 778 in

1815 825 1957 871 terra
1988 828 2258 882 versante,
2292 817 2488 870 coelum
2520 832 2827 883 capessens,
2869 818 3091 886 gloriam
3150 816 3373 884 adeptus

1812 914 1896 959 est
1926 924 1945 960 :
1979 909 2226 975 quodque
2254 906 2427 972 majus
2462 907 2730 969 videatur,
2767 922 2886 959 cum
2918 906 3088 975 ipsum
3120 905 3279 958 Pater
3312 919 3376 957 ac

1818 997 1984 1051 Filius
2044 998 2248 1052 visione
2298 998 2384 1050 illa
2444 997 2745 1052 admirabili
2802 1004 3073 1050 vocarent.
3128 995 3218 1049 Sic
3262 995 3376 1063 ipse

1820 1090 2033 1153 Petrus,
2072 1091 2242 1158 deque
2266 1104 2330 1144 eo
2362 1091 2500 1144 dicta
2530 1088 2814 1143 snﬂiciant.
2872 1086 3104 1142 Summa}
3144 1100 3378 1155 namque

1820 1181 2165 1247 impudentia:
2199 1192 2301 1247 est,
2333 1182 2726 1236 contentiosius
2757 1183 2820 1235 de
2869 1181 3101 1249 primatu
3130 1196 3247 1232 cum
3279 1193 3377 1248 pa-

1820 1272 1989 1326 tribus
2019 1283 2261 1339 certare,
2314 1275 2649 1343 honorisque
2684 1273 3086 1344 praerogativam
3136 1273 3214 1324 eis
3244 1271 3381 1344 invi:

1818 1363 1969 1417 dere.
1995 1364 2285 1420 Videamus
2319 1374 2499 1419 autem
2530 1375 2583 1420 et
2607 1371 2739 1431 ‘tua,
2790 1363 2989 1419 Jacobe
3031 1362 3249 1417 Joannis
3275 1362 3383 1413 fra-

1820 1463 1903 1507 ter
1935 1453 2002 1508 ⁷³.
2029 1453 2227 1508 Christi
2261 1455 2478 1510 exsiStis
2511 1471 2708 1523 praeco,
2764 1456 2990 1509 alterum
3038 1470 3066 1507 a
3101 1453 3258 1508 Petro
3293 1467 3385 1503 au-

1818 1542 2053 1611 Cttpium.
2082 1544 2214 1610 Quis
2245 1560 2373 1596 vero
2397 1560 2497 1597 non
2554 1554 2699 1598 tuam
2738 1546 3030 1598 admiretur
3067 1543 3263 1596 tidem?
3286 1540 3386 1595 Sn-

1822 1634 1928 1687 Inm
1970 1635 2112 1688 enim
2147 1643 2389 1700 vocatus,
2425 1635 2564 1688 nulla
2591 1636 2771 1690 statim
2803 1652 2947 1689 mora
2978 1636 3382 1702 obtemperasti.

1822 1722 1937 1778 Una
1969 1739 2088 1778 cum
2120 1725 2390 1787 navicula,
2431 1726 2592 1779 ctiam
2646 1726 2962 1779 Zehcdmum
3011 1735 3217 1793 patrem
3266 1723 3387 1775 reli-

1824 1816 2006 1881 quisti,
2041 1814 2314 1869 Christum
2368 1832 2622 1885 sequens,
2686 1817 2761 1869 uti
2808 1831 2967 1870 verus
2995 1828 3391 1884 germanusth

188 1903 397 1974 Ἡρώδης
437 1907 467 1958 6
505 1906 774 1974 τύραννος
811 1907 1153 1979 διεχρήσατο·
1194 1910 1327 1963 ἀλλὰ
1352 1913 1488 1982 μετὰ
1517 1912 1721 1980 Στέφα-
1757 1905 1851 1959 Βι]

1757 1905 1798 1959 Β
1826 1905 2136 1973 discipulus.
2172 1906 2349 1961 Alacri
2396 1909 2573 1962 animo
2625 1910 2813 1970 fateor,
2845 1924 2938 1976 pro
2974 1906 3231 1975 religione
3268 1921 3392 1975 pas—

178 2011 249 2048 vov
274 1996 477 2060 πολλοῖς
506 1996 734 2068 ὕστερον
769 1998 1001 2068 χρόνοις.
1023 2000 1134 2053 Καὶ
1162 2000 1214 2052 τί
1233 2005 1360 2063 τοὺς
1386 2003 1716 2057 καθέκαστον

176 2088 412 2158 ὀνομάζω,
463 2090 629 2142 ὁπότε
664 2091 803 2143 κατά
847 2091 1066 2145 πάντων
1111 2092 1245 2163 ὁμοῦ
1294 2094 1403 2146 τῶν
1438 2095 1628 2162 ἁγίων,
1658 2096 1720 2148 τὸ

175 2179 253 2234 τοῦ
299 2181 590 2251 μαρτυρίου
623 2181 873 2253 βραὸεῖον
890 2183 1149 2249 ἀνείλετο,
1180 2184 1391 2254 πρῶτος
1420 2185 1510 2239 τὸν
1543 2186 1724 2242 διάϐο-

176 2272 250 2326 λον
274 2274 737 2344 παραταξάμενος,
767 2277 863 2328 καὶ
902 2276 1117 2346 πρῶτος
1139 2279 1384 2347 νικήσας,
1415 2279 1724 2349 μιμησάμε-

176 2381 249 2427 νος
264 2364 343 2417 τὸν
370 2364 555 2426 Δαὸὶδ,
576 2367 625 2417 ει
647 2365 741 2417 καὶ
763 2366 829 2418 δι’
847 2366 1203 2437 ἀντιστρόφου
1234 2367 1327 2421 τοῦ
1365 2368 1720 2439 πράγματος;

178 2454 330 2517 Λίθοις
356 2457 383 2508 6
414 2455 580 2509 Δαὸὶδ
627 2455 717 2509 τὸν
745 2455 936 2509 Γολιάθ
971 2457 1217 2527 ἐνίκησε,
1264 2457 1431 2522 λίθοις
1470 2460 1564 2512 καὶ
1597 2460 1724 2512 Στέν

179 2563 318 2613 φανος
340 2546 428 2598 τὸν
454 2546 723 2599 διάϐολον·
758 2546 872 2599 ἀλλ’
910 2550 939 2600 6
967 2548 1085 2617 μὲν,
1111 2542 1196 2612 οἷς
1232 2548 1442 2603 ἔϐαλεν·
1478 2554 1505 2604 6
1542 2552 1618 2609 δὲ,
1650 2546 1731 2614 οἷς

178 2635 369 2705 ἐϐλήθη.
398 2637 591 2706 Ἡμεῖς
619 2637 699 2698 δὲ,
726 2638 755 2689 6
776 2637 1010 2708 Χριστοῦ
1038 2638 1185 2702 λαὸς,
1218 2640 1294 2703 ὡς
1320 2640 1594 2712 ἠστρατιὰ
1610 2642 1732 2694 τότε

178 2724 254 2777 τοῦ
287 2724 515 2797 Ἰσραὴλ,
552 2726 847 2796 κράζωμεν
880 2727 972 2779 καὶ
1004 2728 1357 2799 εὐφημῶμεν
1380 2730 1448 2783 τά
1469 2732 1729 2794 ἐπινίκια,

176 2816 239 2877 ὼς
256 2818 483 2887 παρόντα
511 2818 817 2887 βλέποντες,
847 2818 922 2881 ὡς
955 2818 1165 2873 ἑστῶτα
1196 2819 1584 2891 θαυμάζοντες.

1830 2013 1922 2052 sus
1948 2000 2250 2053 occubuisti
2280 2016 2293 2053 :
2328 2000 2529 2069 quippe
2552 2017 2709 2070 quem
2740 2000 2975 2053 llerotles
3023 2009 3282 2068 tyrannus
3304 2011 3401 2049 oc-x

1831 2090 2024 2144 fiderit
2050 2089 2225 2158 gladio
2250 2091 2301 2122 ⁷⁸
2330 2108 2345 2144 :
2383 2107 2563 2144 verum
2600 2091 2781 2143 multis
2812 2090 2862 2142 id
2889 2090 3042 2141 annis
3069 2103 3094 2139 a
3131 2083 3393 2153 Stephani

1832 2198 1985 2237 nece.
2018 2183 2080 2236 At
2115 2183 2241 2253 quid
2300 2182 2570 2252 sigillatim
2621 2195 2861 2251 quosque
2931 2179 3130 2242 refero,
3183 2175 3398 2244 quando

1830 2274 2098 2328 universis
2138 2274 2297 2328 etiam
2357 2273 2557 2328 sanctis
2610 2272 2769 2329 simul
2828 2272 3100 2339 prmripuit
3137 2268 3395 2337 palmam;

1834 2366 2036 2433 primus
2067 2364 2235 2419 aciem
2279 2368 2541 2419 adversus
2595 2365 2865 2417 diabolum
2914 2364 3209 2420 instruens,
3240 2366 3401 2425 atque

1834 2459 1900 2509 tle
1927 2457 2019 2510 illo
2042 2457 2319 2511 victoriam
2350 2473 2396 2510 rt
2410 2456 2608 2522 ferens,
2640 2456 2891 2509 Davidem
2916 2454 3173 2515 imitatus,
3210 2465 3400 2519 qnam-

1834 2548 1918 2601 vis
1946 2548 2021 2600 rei
2050 2547 2245 2601 ordine
2297 2548 2532 2601 inverso.
2585 2545 2725 2599 Vicit
2767 2544 2931 2599 David
2981 2539 3403 2606 Guliathlapidi-

1836 2637 1937 2691 bus
1960 2638 2029 2702 ",
2059 2637 2190 2692 vicit
2220 2645 2273 2690 et
2300 2636 2604 2706 Stephanus
2653 2636 2719 2690 iis
2771 2648 2985 2702 quoque
3030 2632 3299 2686 diabolmn
3331 2628 3400 2680 ⁷⁸.

1838 2728 1929 2783 [lle
1970 2729 2338 2789 nihilominus,
2362 2727 2554 2796 quibus
2588 2727 2888 2797 percussit;
2946 2726 3031 2778 hic
3068 2732 3267 2784 autem,
3293 2721 3406 2789 qui-

1839 2825 1937 2877 bus
1969 2836 2259 2892 percussns
2287 2832 2387 2875 est.
2436 2821 2543 2876 Nos
2578 2830 2755 2874 autem
2806 2818 3004 2872 Christi
3062 2816 3304 2886 populus,
3344 2823 3401 2864 ut

179 2910 282 2961 olim
315 2910 526 2965 lsraelis
577 2911 851 2963 exercitus
913 2911 1260 2964 sustollamus
1308 2927 1514 2975 vocem,
1560 2912 1860 2981 faustisque
1912 2913 1959 2967 ei
1990 2912 2471 2967 acclamationibus
2500 2925 2599 2978 pro
2650 2907 2874 2963 victoria
2928 2921 3223 2971 canamus,
3264 2906 3407 2959 velut

180 3013 470 3067 prmsentem
505 3002 863 3065 intueremur,
894 3019 956 3057 ac
1005 3018 1187 3056 coram
1225 3013 1454 3058 stantem
1482 3007 1895 3060 admirarentur.

237 3092 400 3155 Καλὸς
426 3093 524 3162 μὲν
552 3093 661 3163 γὰρ
678 3092 822 3156 ἄπας
866 3096 893 3146 6
924 3094 1023 3160 τῆς
1067 3094 1345 3158 εὐσεϐείας
1380 3094 1733 3171 ὑπερμαχῶν,
1762 3102 1805 3157 C

179 3182 265 3235 κᾶν
290 3183 552 3255 δεύτερος,
582 3184 889 3255 κᾶνοτρίτος
908 3188 1019 3247 τοῖς
1047 3186 1455 3255 προαθλήσασιν
1485 3188 1738 3259 ἐπιγένη-

178 3289 272 3327 ται·
289 3277 345 3328 οὐ
377 3277 481 3345 μὴν
497 3275 740 3328 τοιούτου
770 3274 1225 3344 θαύματοςᾶξιος,
1250 3271 1420 3344 οὗπερ
1446 3280 1474 3331 6
1502 3279 1732 3350 πρῶτος.

189 3362 240 3416 '0
282 3364 372 3433 μὲν
429 3364 702 3434 δεύτερος,
751 3364 897 3434 ζήλῳ
945 3364 1038 3418 τοῦ
1086 3365 1447 3435 προλαὸόντος
1491 3368 1737 3438 ὲναχθεὶς

180 3453 300 3523 πρὸς
316 3453 411 3523 τὴν
454 3454 709 3524 μίμησιν,
765 3453 937 3518 οὕτως
966 3451 1082 3508 εἶτα
1124 3456 1358 3527 ὲλκύσθη
1401 3458 1539 3528 πρὸς
1568 3476 1736 3511 απου-

177 3542 281 3612 δήν·
306 3547 333 3597 ό
351 3546 406 3598 δὲ
443 3546 630 3616 μηδενὶ
660 3545 996 3614 καθηγεμόνι
1025 3546 1391 3617 χρησάμενος,
1420 3549 1648 3618 εὑρετὴς
1682 3549 1739 3602 δὲ

178 3635 394 3701 γεγονὼς
418 3634 514 3687 τοῦ
557 3634 745 3699 καλοῦ,
778 3635 1002 3697 εἰκότως
1039 3636 1137 3707 τὴν
1172 3636 1264 3690 τοῦ
1297 3638 1563 3709 πρωτείου
1590 3640 1740 3709 δέχε-

177 3738 259 3776 ται
285 3724 476 3794 ψῆφον.
528 3723 755 3794 Μεγάλη
796 3721 887 3777 οὖν
916 3727 948 3796 ἡ
982 3725 1075 3777 τοῦ
1111 3726 1301 3797 ἀνδρὸς
1334 3729 1629 3799 προθυμία·
1660 3730 1738 3783 διὸ

180 3814 371 3885 μεγάλη
402 3816 493 3867 καὶ
527 3818 558 3883 ἠ
588 3816 741 3884 τιμή·
792 3815 1059 3877 ἀθάνατος
1104 3815 1157 3867 δὲ
1189 3819 1220 3885 ὴ
1257 3820 1464 3886 μνήμη,
1502 3819 1567 3888 ἣν
1618 3818 1737 3871 οὔτε

177 3901 301 3974 λήθη
333 3902 623 3972 ἐκάλυψεν,
652 3904 775 3957 οὔτε
810 3907 998 3975 χρόνος
1025 3906 1374 3975 ἠμαύρωσεν·
1413 3907 1549 3959 ἀλλὰ
1578 3908 1740 3975 γενεά

178 3992 237 4045 ὲκ
267 3998 447 4061 γενεᾶς
474 3994 823 4066 διαδεχομένη
848 3995 917 4047 τὰ
936 3996 1265 4066 διηγήματα.
1288 3996 1502 4067 Ταύτην
1528 3999 1742 4071 ἀπαρα-

181 4082 344 4146 6ἀτως
370 4085 467 4155 τὴν
519 4084 711 4154 ἑορτὴν
744 4085 1097 4154 ἐπιτελοῦμεν
1129 4088 1311 4157 ἱερεῖς,
1345 4086 1482 4151 λαοὶ,
1531 4088 1737 4151 παῖδες,

183 4174 377 4243 ἄνδρες,
427 4179 708 4242 γυναῖκες.
768 4177 1076 4247 Σκοπητέον
1114 4178 1171 4230 δὲ
1210 4180 1305 4231 καὶ
1355 4179 1452 4249 τὴν
1503 4180 1740 4250 ἱστορίαν

176 4262 354 4333 αὐτὴν,
384 4266 470 4318 ἵνα
499 4268 558 4321 ὲν
585 4266 701 4337 χρῷ
731 4266 839 4319 τῶν
875 4270 1212 4338 πραγμάτων
1263 4273 1562 4342 γενόμενοι,
1608 4274 1742 4344 μᾶλ-

176 4350 257 4405 λον
278 4354 335 4407 δὲ
376 4354 463 4407 τὸν
503 4357 674 4427 ἄνδρα
714 4356 1098 4430 θαυμάσωμεν.

1911 3094 2177 3148 Praeclara
2208 3109 2337 3147 sane
2364 3093 2522 3147 laude
2567 3094 2759 3163 dignus
2803 3099 3087 3145 censeatur
3119 3088 3295 3159 quivis
3323 3104 3407 3141 re-

1842 3185 2061 3255 ligionis
2092 3194 2479 3255 prepugnator,
2508 3184 2753 3250 quamvis
2801 3182 3090 3243 secundus,
3127 3180 3405 3240 tertiusve,

1842 3276 2159 3329 certaminis
2211 3276 2379 3328 aleam
2432 3275 2654 3338 subeat;
2719 3281 3025 3326 nontamen
3070 3286 3136 3324 ea
3169 3270 3407 3323 admira-

1840 3368 2008 3431 tione,
2035 3381 2204 3433 eaque
2233 3365 2411 3428 laude,
2471 3381 2571 3432 qua
2624 3364 2849 3433 prinms.
2910 3362 3190 3416 Secundus
3240 3360 3408 3419 enim,

1842 3457 2041 3524 prioris
2065 3455 2404 3509 aemulatione
2429 3455 2492 3507 ad
2520 3453 2835 3506 imitandmn
2868 3453 3126 3517 adactus;
3152 3460 3258 3504 tum
3287 3450 3410 3501 inde

1843 3548 1913 3601 ita
1948 3549 2205 3615 percitus,
2248 3548 2313 3599 ad
2367 3553 2637 3599 certamen
2679 3544 2885 3613 appulit
2926 3544 3163 3597 animum
3202 3557 3215 3605 ;
3272 3541 3410 3595 alter

1839 3655 1968 3693 vero
2002 3639 2151 3693 nullo
2186 3639 2384 3707 praevio
2418 3652 2547 3691 usus
2569 3637 2727 3699 duce,
2757 3637 2976 3704 ipseque
3001 3636 3267 3690 exsistens
3285 3634 3408 3686 boni

1843 3730 2109 3793 inventor,
2146 3729 2268 3797 jure
2303 3730 2494 3782 merito
2542 3715 2838 3797 principem
2901 3729 3077 3781 locum
3112 3734 3275 3780 tenet.
3302 3724 3412 3777 Ma-

1842 3832 1946 3887 gna
1977 3819 2154 3886 itaque
2182 3817 2280 3869 viri
2348 3817 2505 3886 hujus
2558 3817 2845 3881 alacritas;
2874 3828 3201 3883 magnusque
3249 3813 3409 3865 etiam

1845 3910 2046 3963 idcirco
2090 3920 2143 3961 et
2204 3910 2396 3972 honos,
2440 3908 2866 3975 immortalisque
2918 3907 3199 3967 memoria,
3249 3919 3411 3972 quant

1847 4016 2018 4069 neque
2041 4002 2239 4055 oblivio
2268 4001 2373 4055 ulla
2406 4001 2739 4065 obscuravit,
2780 4013 2953 4068 neque
3014 4007 3228 4064 tempus
3275 3996 3413 4071 obli-

1846 4093 2039 4145 teravit
2072 4111 2085 4146 :
2113 4093 2238 4159 quin
2272 4092 2380 4146 imo
2408 4095 2507 4147 alia
2536 4095 2748 4163 aliaque
2769 4109 2866 4163 per
2894 4091 3287 4147 successionem
3316 4104 3411 4157 ge-

1846 4184 2075 4247 neratio,
2100 4184 2353 4252 prmclara
2389 4186 2575 4239 merita
2598 4187 2899 4257 enarrando
2933 4183 3183 4251 suscepit.
3207 4181 3413 4235 Idcirco

1844 4275 1984 4328 diem
2024 4276 2165 4329 hunc
2199 4277 2393 4331 festum
2420 4278 2537 4345 jure
2554 4288 2829 4347 perpetuo,
2859 4277 3185 4339 sacerdotes,
3212 4272 3410 4343 populi,

1847 4369 2019 4435 pueri,
2058 4370 2155 4423 viri
2208 4386 2272 4424 ac
2311 4371 2582 4435 mulieres,
2613 4369 2967 4422 celebramus.
3006 4365 3201 4419 Verum
3240 4366 3411 4431 ipsam

177 4447 320 4511 prius
348 4458 598 4503 accurate
630 4452 982 4506 discutiamus
1018 4454 1322 4520 historiam,
1365 4468 1421 4510 ut
1460 4458 1526 4510 ad
1560 4473 1729 4525 usque
1770 4459 1845 4513 rei
1911 4470 2088 4515 cutem
2122 4463 2290 4520 ducti.
2357 4461 2543 4532 majori
2596 4463 2768 4515 virum
2828 4460 3186 4513 admiratione
3224 4470 3413 4525 prose-

178 4550 412 4604 quamur.

246 4631 466 4701 Πρῶτος
497 4626 567 4701 ἦν
598 4632 705 4685 τῶν
739 4634 875 4687 κατά
914 4635 1148 4708 Χριστὸν
1184 4640 1446 4693 διακόνων
1476 4643 1503 4693 6
1539 4641 1744 4711 Στέφα-
1775 4645 1818 4699 D

1775 4645 1818 4699 ι)
1920 4645 2049 4699 Erat
2079 4645 2379 4715 Stephanus
2411 4644 2614 4700 Christi
2666 4644 3014 4698 diaconorum
3052 4642 3257 4711 primus
3288 4652 3414 4692 san~

178 4736 277 4784 νος,
330 4724 658 4793 ήγιασμένος
699 4727 765 4795 τῇ
820 4727 1022 4796 χάριτι,
1070 4728 1261 4793 σκεῦος
1314 4732 1739 4801 πεπληρωμένον

173 4808 262 4861 τοῦ
293 4812 628 4882 Πνεύματος,
661 4815 783 4866 καθ’
816 4815 1028 4887 ἡμέραν
1066 4817 1295 4887 βεϐαιῶν
1324 4821 1450 4881 τοὺς
1487 4822 1737 4887 οίόιείους,

177 4903 265 4954 καὶ
295 4906 422 4967 τοὺς
448 4905 833 4975 πλανωμένους
849 4907 986 4977 πρὸς
1008 4908 1104 4977 τὴν
1136 4910 1350 4963 εὐθεῖαν
1385 4911 1741 4983 ὑποστρέφων

173 4992 306 5047 ὁδόν.
351 4996 567 5067 Ἐπειδὴ
592 4996 649 5048 δὲ
678 4997 1030 5068 σφοδρότερον
1056 4999 1231 5069 εἴχετο
1251 5001 1348 5071 τῆς
1373 5002 1737 5067 διδασκαλίας,

177 5084 373 5149 μᾶλλον
403 5090 551 5157 παρᾶ
577 5090 701 5151 τοὺς
723 5089 945 5152 λοιποὺς
977 5092 1323 5154 ἀποστόλους,
1351 5093 1475 5156 τοὺς
1516 5094 1741 5163 ἐχθροὺς

175 5172 380 5226 ἐλύπει·
415 5178 510 5229 καὶ
561 5178 666 5247 πρὸ
696 5179 940 5242 ἐκείνων,
974 5180 1065 5233 τὸν
1116 5180 1331 5249 πρῶτον
1377 5184 1613 5252 δυσμενῆ
1653 5184 1742 5235 τὸν

175 5261 438 5319 διάϐολον.
489 5268 765 5338 Πυρώδεις
823 5270 933 5341 γὰρ
988 5269 1195 5333 ἐκεῖνος
1246 5272 1373 5335 τοὺς
1436 5273 1744 5343 ὀφθαλμοὺς

173 5352 451 5425 ἐφίστησι,
499 5360 594 5411 καὶ
622 5360 813 5430 ἄγριον
842 5360 1155 5431 βλέποντας,
1188 5365 1299 5424 τοῖς
1328 5362 1526 5435 μᾶλλον
1554 5366 1619 5433 τῇ
1660 5365 1747 5415 εύ-

237 5540 284 5571 ⁷³
313 5542 509 5600 Matth.
546 5557 622 5606 tv,
646 5542 739 5595 ‘21.

233 5657 349 5720 (55)
382 5656 489 5721 Qui
507 5659 693 5725 pietati
721 5674 829 5711 sese
847 5661 1186 5722 addixerunt,
1226 5658 1297 5727 τῇ
1341 5661 1610 5724 εὐσεϐείᾳ
1634 5676 1775 5712 συν-

170 5727 555 5795 ισταμένοις·
589 5730 710 5795 piis,
745 5743 808 5778 ac
830 5729 919 5795 qui
963 5736 1177 5781 student
1214 5730 1416 5782 virtuti.
1458 5729 1772 5791 lticiardus,

172 5802 338 5848 lutum
407 5799 497 5851 hic
542 5797 612 5851 ab
655 5797 867 5851 Asterie
907 5799 955 5851 in
1002 5799 1266 5851 diabolum
1297 5801 1525 5862 dictum,
1566 5800 1655 5866 qui
1696 5798 1773 5851 sic

815 5544 859 5575 "
898 5545 1017 5598 Act.
1049 5560 1149 5601 xu.
1175 5545 1226 5609 l,
1262 5544 1316 5599 2.
1393 5546 1436 5577 ⁷⁸
1466 5547 1483 5599 l
1513 5547 1643 5613 Reg.
1683 5560 1824 5608 xvn,
1854 5543 1921 5597 49
1957 5558 2076 5611 sqq.

1850 4738 2113 4791 t‘tiﬁcatus
2147 4739 2340 4806 gratia,
2370 4752 2462 4789 vas
2518 4735 2719 4805 Spiritu
2749 4744 2934 4787 sancto
2968 4734 3205 4802 plenum,
3238 4732 3414 4797 quoti-

1849 4828 1934 4880 die
1968 4827 2295 4879 domesticos
2318 4824 2666 4887 conﬁrmans,
2718 4832 3071 4891 errantesque
3117 4822 3182 4874 ad
3213 4830 3411 4874 rectam

1848 4919 1988 4969 viam
2028 4918 2308 4971 reducens.
2350 4914 2483 4967 Cum
2539 4925 2717 4968 autem
2768 4914 2945 4967 acrius
3000 4912 3413 4965 doctrinaeinsi-

1848 5017 2035 5074 stcret,
2070 5007 2260 5076 majori
2313 5009 2517 5069 hostes,
2561 5021 2668 5074 prae
2730 5005 2987 5074 apostolis
3022 5004 3141 5056 aliis
3168 5002 3411 5056 molestia

1851 5101 2062 5155 affecit:
2095 5101 2541 5171 praequeiisdcm,
2596 5098 2886 5159 diabolum,
2945 5097 3035 5164 qui
3081 5096 3286 5166 primus
3318 5094 3414 5147 ho-

1851 5191 1948 5244 stis
1970 5191 2201 5243 exsistit.
2240 5189 2285 5243 Is
2320 5204 2550 5250 namque
2600 5188 2781 5256 igneos
2837 5201 2898 5239 ac
2937 5195 3143 5244 truces.
3190 5184 3255 5237 iis
3290 5198 3411 5236 cum

1857 5284 2043 5352 primis
2101 5283 2317 5335 adhibet
2372 5281 2573 5341 oculos,
2638 5278 2727 5346 qui
2782 5278 2963 5345 pietati
3019 5291 3136 5331 sese
3192 5274 3410 5329 addixe-

1855 5379 1977 5420 runt
2012 5367 2144 5437 (55).
2174 5369 2227 5420 In
2249 5382 2369 5421 cum
2419 5382 2567 5434 ergo,
2604 5365 2857 5433 stipatum
2899 5365 3165 5434 quoddam
3215 5363 3415 5418 excivit

2154 5543 2198 5573 ""
2229 5544 2348 5595 Act.
2376 5557 2471 5603 vn,
2509 5540 2598 5605 58,
2639 5538 2726 5594 59‘.

1874 5659 2063 5710 haheat
2100 5656 2162 5709 ad
2196 5657 2310 5723 pios
2344 5656 2618 5723 homines,
2654 5670 2715 5710 ac
2746 5655 2917 5721 qualis
2948 5662 3061 5709 erat
3090 5653 3411 5720 Stephanus,

1876 5729 2227 5779 ut=nimtrum.
2260 5727 2531 5776 llatnmcos
2554 5762 2568 5786 ,
2616 5740 2678 5777 ac
2732 5737 2908 5777 truces
2954 5726 3002 5776 in
3037 5739 3128 5776 eos
3163 5723 3417 5780 immittat

1875 5798 2077 5860 Oculos,
2110 5798 2158 5849 in
2197 5795 2365 5863 ipsum
2399 5793 2725 5864 Stephanum
2752 5809 3028 5864 perperam
3063 5794 3307 5847 assumit.
