4212 6318
239 375 346 436 315

1160 379 1440 436 HOMILIA
1487 353 1600 436 xu.
1642 379 1706 434 IN
1747 380 2030 435 LAUliEIl
2073 382 2131 434 s.
2185 381 2256 435 δ’]
2275 380 2514 437 unum

3383 377 3488 436 διο

241 491 428 558 ϐεξαῖιν
475 493 533 544 ἐν
581 491 659 564 τῷ
686 493 787 561 τῆς
816 492 1219 564 ἀνθρωπήσεως
1293 496 1547 565 σχήματι.
1593 496 1656 546 Ὢ
1713 492 1814 562 τῆς

1921 503 2145 548 stantem
2183 493 2234 547 ln
2260 493 2492 549 lmmana
2526 494 2695 550 forma
2733 492 2991 549 ostendit.
3023 491 3350 560 Oingentem
3390 494 3490 549 be-

239 583 682 654 φιλανθρωπίαςὲ
738 582 783 636 ὣ
839 585 935 655 τῆς
991 586 1358 656 ἀγαθοσύνηςε
1413 584 1685 654 Ἐπεφάνη
1735 583 1816 653 τῷ

235 675 446 746 ἀθλητῇ
499 676 640 746 ὑπὲρ
691 668 752 730 οὗ
800 676 1114 745 ἠγωνίζετο·
1156 678 1250 731 καὶ
1307 678 1586 750 μονονουχὶ
1635 679 1814 747 ἀφῆκε

235 766 499 837 τοιαύτην
527 766 708 838 φωνὴν
746 767 880 838 πρὸς
927 769 1090 822 αὐτὸν
1117 768 1145 820 ὀ
1189 768 1300 820 τῶν
1322 769 1457 822 ὅλων
1493 767 1645 831 Θεὸς·
1689 772 1815 834 Μη-

223 855 350 911 δὲν
381 857 635 927 ἀγεννὲς
685 857 903 926 πάθῃς,
948 853 995 912 ὦ
1051 858 1343 928 Στέερανε.Ι
1395 859 1624 914 Οὐδένα
1657 858 1816 926 έχεις

234 945 570 1015 ἀνθρώπων
599 948 937 1016 σύμμαχον·
962 948 1158 1014 οὐδείς
1189 965 1286 1003 σοι
1315 950 1655 1018 παρέστηκε
1698 947 1817 1002 τῶν

234 1037 434 1106 φίλων
455 1038 526 1089 ἐν
557 1035 738 1105 καιρῷ
776 1038 894 1090 τῶν
922 1039 1168 1092 δεινῶν·
1209 1040 1345 1094 ἀλλ’
1374 1040 1489 1109 ἐγὼ
1519 1038 1668 1109 μετὰ
1708 1038 1816 1093 τοῦ

249 1126 591 1193 Ἀταπητοῦ
644 1127 953 1182 ἐποπτεύω
1013 1129 1085 1183 τὰ
1140 1129 1426 1199 δρώμενα.
1490 1130 1726 1198 Ἑτοιμη
1754 1129 1814 1197 ’ἠ

234 1214 608 1284 ἀνάπαυσις,
658 1219 1144 1294 ἀναπεπταμέναι
1194 1220 1302 1275 τοῦ
1350 1219 1718 1289 παραδείσου
1757 1221 1815 1273 al

236 1308 449 1367 πύλαι.
508 1309 734 1377 Μικρὸν
776 1312 1153 1384 καρτερίσας,
1199 1310 1487 1364 κατάλιπε
1523 1308 1670 1373 βίον
1709 1306 1817 1361 τὸν

234 1399 632 1466 πρόσκαιρον,
667 1400 762 1453 καὶ
787 1401 1064 1458 σπεῦσον
1101 1402 1249 1468 πρὸς
1280 1398 1430 1467 ζωὴν
1461 1396 1575 1467 τὴν
1601 1397 1813 1460 ἀΐδιον.

235 1490 339 1543 καὶ
371 1490 719 1546 ἀτέλεστον.
763 1493 892 1545 Ἔτι
930 1491 1241 1562 τυγχάνων
1280 1489 1436 1558 ἐντῇ
1467 1491 1640 1558 σαρκὶ
1668 1488 1817 1553 ,βλέ-

233 1597 371 1645 πεις
398 1582 565 1645 Θεὸν,
597 1581 833 1652 πρᾶγμα
851 1581 1055 1648 πάσης
1073 1581 1397 1650 ἐμοσμίου
1430 1583 1667 1649 φύσεως
1691 1581 1816 1653 μεῖ-

234 1670 356 1734 ζον.
425 1673 962 1742 Ἐμιοστατωγήθης
1011 1672 1172 1739 παρὰ
1235 1669 1355 1725 τῶν
1403 1669 1817 1739 πρεσϐυτέρων

232 1762 620 1828 ἀποστόλων,
651 1763 740 1818 ὅτι
772 1768 804 1818 ό
834 1764 1035 1831 Πατὴρ
1073 1763 1196 1832 ἔχει
1224 1763 1356 1816 Υίὸν
1386 1761 1640 1831 γνήσιον
1673 1762 1816 1830 ἁγα-

1927 585 2273 655 niguitatem!
2307 584 2350 639 Ο
2383 585 2574 640 miram
2614 586 2944 640 bonitateml
2984 583 3149 654 Pngili
3182 597 3240 638 se
3271 586 3488 654 conspi-

1922 696 2081 737 cnum
2130 680 2358 750 praebuit
2419 681 2465 736 is
2517 695 2614 750 pro
2653 696 2758 750 quo
2793 681 2880 736 ille
2927 679 3192 742 certabat,
3221 675 3487 744 talemque

1921 770 2302 839 propemodum
2392 770 2765 825 universorum
2831 771 2976 825 Deus.
3021 772 3087 824 ad
3131 784 3254 823 eum
3297 781 3485 823 vocem
3529 750 3531 752 l

1922 857 2136 912 demisit
2159 875 2171 915 :
2203 857 2301 911 Eia
2323 857 2609 927 Stephone,
2628 873 2690 910 ne
2705 858 2829 926 quid
2853 858 3073 926 potiaris
3093 853 3356 924 degeneris
3371 853 3488 905 ani-

1921 948 2014 1001 mi.
2071 947 2384 1020 Quanquam
2446 950 2584 1002 enim
2625 948 2826 1001 nullum
2873 947 3131 1001 hominem
3179 945 3356 1004 habes,
3398 942 3489 1010 qui

1921 1040 2212 1094 auxiliatur
2231 1082 2246 1104 ,
2281 1037 2556 1102 nullusque
2583 1039 2782 1092 anticus
2810 1037 2904 1091 tibi
2929 1048 3115 1104 prwsto
3140 1037 3207 1091 sit
3234 1050 3489 1090 (erumna-

1922 1149 2036 1186 rum
2060 1141 2306 1199 tempore,
2360 1146 2452 1201 ego
2501 1128 2841 1184 nihilominus
2888 1144 2994 1183 una
3019 1143 3135 1181 cum
3163 1127 3382 1192 Dilecto,
3425 1140 3487 1178 ea
3546 1179 3548 1181 ,

1919 1240 2037 1288 quae
2065 1223 2198 1293 ﬁunt
2237 1223 2469 1285 observo.
2522 1219 2725 1275 Proeto
2773 1220 2972 1289 requies
3011 1230 3121 1284 est;
3152 1227 3324 1287 patent
3356 1231 3484 1271 rese-

1921 1324 2053 1370 rata:
2077 1313 2314 1384 paradisi
2340 1322 2526 1382 portat.
2581 1309 2878 1376 Parumper
2922 1311 3204 1374 sustinens,
3237 1319 3491 1376 tempora-

1923 1420 2070 1460 neant
2106 1404 2260 1457 istam
2297 1403 2452 1456 vitam
2498 1404 2696 1464 desere,
2740 1418 2804 1455 ac
2842 1403 2909 1454 ad
2926 1410 3200 1464 icternam,
3222 1399 3490 1453 immorta-

1921 1495 2120 1562 lemque
2140 1493 2412 1548 contende.
2433 1491 2620 1545 Adhuc
2650 1493 2838 1557 degens
2871 1492 2926 1544 in
2954 1506 3107 1544 carne
3135 1488 3299 1544 Deum
3317 1488 3485 1550 rides;

1920 1585 2058 1654 quod
2081 1584 2234 1656 plane
2259 1583 2540 1636 mundana:
2567 1582 2734 1634 omnis
2762 1589 2965 1635 nature
2992 1588 3198 1646 superat
3220 1581 3372 1632 uires.
3397 1575 3490 1632 So-

1921 1691 2068 1730 crum
2093 1675 2232 1728 istud
2259 1675 2494 1743 mysterii
2518 1672 2763 1736 accepisti
2793 1687 2826 1724 α
2872 1671 3160 1724 senioribus
3197 1667 3448 1737 apostolis
3466 1704 3485 1730 ,

1924 1765 2163 1828 Patrem,
2191 1779 2366 1817 rerum
2390 1762 2576 1816 habere
2602 1760 2802 1814 Filium
2831 1760 3074 1814 dilectum
3101 1780 3121 1824 ς
3153 1774 3291 1811 nunc
3314 1765 3488 1809 autent

233 1858 453 1920 πητόν.
495 1854 650 1910 Ἰδοὺ
701 1855 816 1924 ἐγὼ
847 1853 964 1923 μέν
991 1871 1088 1909 σοι
1128 1854 1346 1908 ἑαυτὸν
1377 1851 1689 1922 ὲμφανίζῐο,
1742 1852 1822 1916 ὡς

1925 1851 2016 1908 tibi
2054 1866 2171 1904 eum
2203 1850 2440 1912 ostendo,
2470 1858 2721 1914 quantum
2749 1864 2841 1914 per
2874 1846 3117 1900 mortalis
3137 1843 3488 1898 conditionem

233 1941 500 1998 δύνασαι
545 1943 769 2013 φέρειν.
818 1944 1168 2011 Παρέστηκε
1213 1942 1281 1996 δέ
1327 1961 1430 2012 μοι
1456 1943 1554 1995 καὶ
1595 1946 1628 1996 d
1690 1941 1821 2006 Υἱὸς

231 2034 307 2086 ἐκ
339 2032 575 2101 δεξιῶν,
604 2029 706 2089 ἵνα
735 2033 811 2103 τῇ
859 2033 1073 2104 σχέσει
1121 2033 1230 2088 τοῦ
1278 2033 1465 2087 τόπου
1507 2030 1664 2102 γνῷς
1707 2033 1821 2099 τὴν

231 2123 436 2192 τιμήν.
483 2123 912 2186 Ἐσκανδάλιζε
959 2127 1091 2179 τότε
1111 2124 1254 2190 τοὺς
1273 2123 1560 2189 πολλοὺς.
1592 2125 1642 2176 εί
1678 2121 1821 2188 Θεὸς

232 2211 309 2264 ἐν
334 2209 412 2281 τῇ
439 2209 635 2280 σάρκα
661 2212 1061 2280 περιεϐάλετο·
1092 2215 1227 2268 ἀλλ’
1273 2213 1380 2282 δρα
1402 2213 1520 2267 νῦν
1539 2212 1726 2270 αὐτὸν
1750 2213 1821 2267 ἐν

230 2301 320 2366 τῷ
347 2302 488 2370 ὕψει
517 2305 643 2372 μετ’
673 2303 820 2372 ἐμοῦ
843 2344 859 2368 ,
898 2303 1202 2372 οὐράνιον,
1261 2304 1359 2358 καὶ
1389 2302 1822 2372 ὐπερουράνιον

231 2390 497 2460 φέροντα
528 2393 636 2447 τοῦ
689 2393 1008 2463 ἀνθρώπου
1063 2394 1328 2463 μορφὴν,
1378 2397 1464 2461 εις
1491 2395 1820 2459 ,ϐεϐαίωσιν

230 2482 350 2550 τῆς
385 2485 775 2552 τελεσθείσης
799 2486 1157 2555 οἰκονομίας.
1199 2485 1377 2553 ’Υπὲρ
1401 2487 1616 2539 τούτου
1643 2500 1820 2537 κατα-

230 2572 611 2639 λιθούμενος,
651 2572 737 2641 μὴ
764 2572 1061 2642 όχλάσῃς,
1085 2572 1173 2642 μὴ
1213 2574 1541 2641 ἀτονήσῃς.
1570 2573 1820 2627 Βλέπων

231 2661 307 2714 δὲ
360 2663 468 2714 τὸν
514 2663 905 2732 ἀγωνοθέτην,
954 2663 1036 2731 μὴ
1097 2663 1365 2732 φοϐηθῇς
1421 2665 1528 2717 τὸν
1595 2663 1818 2730 ἀγῶνα.

237 2753 428 2819 ’Ἄφες
471 2752 538 2803 τὸ
567 2751 758 2820 σῶμα,
785 2753 1172 2822 καταφρονῶν
1215 2755 1292 2819 ὡς
1331 2754 1558 2824 δεσμὸν
1584 2754 1815 2823 γήϊνον,

231 2840 320 2906 ὡς
350 2838 519 2894 οἶκον
543 2843 786 2914 σαθρὸν,
804 2845 883 2908 ὡς
902 2847 1121 2910 σκεῦος
1154 2847 1449 2913 κεραμέως
1463 2847 1814 2914 εὔφθαρτοι·⁸

246 2931 579 3002 ’.ινὰδραμε
621 2934 771 3002 πρὸς
825 2934 940 3001 τὴν
994 2933 1206 2989 ἐνθάδε
1257 2935 1442 3004 ,λῆξιν
1479 2936 1814 3003 ἐλεύθερος·

233 3021 469 3087 ἕτοιμος
511 3023 622 3092 γάρ
659 3040 757 3078 σοι
803 3023 913 3092 τῆς
965 3025 1363 3100 ἀνδραγαθίας
1409 3030 1442 3079 d
1495 3026 1814 3096 στέφανος.

237 3112 582 3179 Μετάστηθι
624 3114 772 3181 πρὸς
818 3115 925 3168 τὸν
958 3117 1215 3184 οὐρανὸν
1243 3117 1310 3169 ἐκ
1335 3117 1444 3183 τῆς
1467 3117 1597 3186 γῆς.
1636 3118 1818 3185 ’Ἄφες

234 3203 305 3256 τὸ
339 3203 511 3271 σῶμα
548 3171 679 3269 τοῖς
692 3171 1055 3272 μιαιφόνοις,
1094 3207 1174 3271 ὡς
1200 3171 1595 3274 spondebat.
1629 3171 1817 3263 Κατὰζ
1845 3171 1886 3228 C

233 3293 379 3351 λιπε
400 3289 731 3344 λυσσῶντα
764 3291 980 3360 δῆμον,
1004 3294 1108 3346 καί
1148 3295 1289 3349 ἐλθὲ
1329 3295 1477 3363 πρὸς
1510 3294 1694 3363 χορὸν
1714 3295 1818 3355 ἀγ-

238 3378 451 3449 γέλων.

309 3473 466 3527 Μετά
507 3474 713 3545 ταύτης
758 3476 859 3540 τῆς
918 3477 1143 3548 γνώμης
1195 3479 1222 3530 ὁ
1266 3477 1397 3541 Θεὸς
1450 3478 1692 3552 ἐπεφάνη
1741 3478 1819 3556 τῷ

235 3565 514 3638 καρτερῷ,
560 3567 645 3619 ἵνα
697 3568 769 3637 μή
798 3585 850 3620 τι
904 3567 1052 3639 πάθῃ
1106 3569 1297 3634 δειλὸν,
1339 3571 1434 3622 καὶΙ
1473 3571 1571 3641 τὴν
1621 3569 1819 3649 πολλὴν

237 3655 444 3729 ἑκλύσῃ
484 3658 798 3728 προθυμίαν
830 3659 908 3730 τῷ
943 3661 1159 3730 μεγέθει
1202 3662 1294 3715 τοῦ
1334 3661 1524 3730 φόϐου.
1568 3662 1658 3714 Διὸ
1695 3661 1818 3715 οὔτε

236 3749 470 3818 ἄγγελον
499 3750 650 3821 αὐτῷ
676 3751 888 3822 ἔπεμψε
918 3752 1129 3822 βοηθὸν.
1154 3752 1229 3816 ὡς
1273 3757 1386 3818 τοῖς
1417 3755 1733 3818 ἀποστόλοις
1762 3755 1819 3816 ἐν

233 3840 316 3909 τῷ
341 3841 719 3913 δεσμωτηρίῳ·
743 3842 865 3895 οὕτε
903 3843 1022 3896 τινὰ
1053 3844 1281 3915 δύναμιν
1309 3845 1703 3916 λειτουργικὴν,
1726 3847 1820 3909 καὶ

235 3931 546 4001 ὁμόδουλον·
599 3933 715 3986 ἀλλ’
767 3935 928 3997 αὐτὸς
958 3936 1149 3988 ἑαυτὸν
1179 3937 1512 4005 ἐνεφάνισεν.
1574 3937 1818 4007 Ἀπαρχὴ

234 4024 347 4094 γὰρ
372 4023 590 4089 ἐγένετο
617 4025 739 4077 τότε
761 4023 858 4076 τοῦ
895 4026 1219 4097 μαρτυρίου,
1255 4028 1348 4080 καὶ
1375 4026 1480 4079 ἔδει
1511 4028 1572 4080 τὸ
1605 4027 1819 4098 πρῶτον

237 4117 401 4186 ἔργον
443 4114 819 4183 τελειωθῆναι·
875 4117 962 4170 ἵνα
1014 4119 1063 4169 οἱ
1119 4117 1247 4186 ἑξῆς
1309 4119 1818 4188 ἐποικοδομούμενοι

241 4203 544 4286 μάρτυρες.
566 4204 790 4274 ἰσχυρὰν
809 4204 1014 4265 λάϐωσι
1049 4206 1141 4259 τοῦ
1171 4207 1333 4281 ζήλου
1366 4207 1462 4278 τὴν
1485 4208 1816 4279 ὑποϐάθραν,

236 4295 339 4351 καὶ
369 4292 444 4363 μὴ
481 4293 685 4357 δειλίας
715 4295 980 4362 γένωνται
1021 4298 1277 4368 μιμηταί·
1319 4300 1456 4370 ὅπερ
1485 4299 1549 4370 δὴ
1602 4301 1696 4353 καὶ
1729 4303 1820 4353 ἐπὶ

239 4383 353 4436 τῶν
402 4381 598 4434 κοινῶν
637 4381 909 4453 πολέμων.
939 4384 1034 4447 Et;
1089 4384 1197 4455 γὰρ
1238 4385 1574 4456 στρατιώτης
1605 4386 1818 4455 πρόμα-

1921 1941 2057 2008 ferre
2086 1949 2250 2009 potes.
2283 1941 2432 1993 Astot
2465 1949 2634 1992 autem
2669 1940 2824 1991 etiam
2857 1937 2984 1990 mihi
3019 1934 3193 1991 Filius
3217 1933 3485 2009 adextris,

1919 2038 1979 2088 ut
2002 2045 2070 2083 ea:
2088 2008 2208 2100 ipso
2232 2029 2358 2088 situ.
2381 2029 2434 2080 in
2461 2044 2564 2097 quo
2615 2028 2678 2078 sit
2719 2029 2912 2081 honore
2958 2039 3259 2094 cognoscas.
3306 2008 3488 2075 Multis

1921 2123 2044 2177 olim
2068 2121 2318 2176 seandalo
2347 2123 2472 2190 fuit,
2505 2131 2556 2173 ut
2598 2119 2738 2173 Deus
2765 2133 2922 2171 carne
2954 2116 3168 2170 indutus
3194 2121 3491 2167 versaretur

1919 2216 1974 2268 in
2013 2215 2195 2277 terris;
2222 2229 2356 2267 nunc
2385 2223 2579 2276 autem,
2633 2212 2906 2266 sublimem
2940 2222 3137 2261 mecum
3167 2203 3488 2272 conspicare,

1920 2308 2170 2360 caelestem
2198 2320 2261 2357 ac
2288 2303 2431 2358 cretis
2470 2305 2735 2363 altiorem,
2763 2309 3049 2371 gestantem
3105 2295 3329 2350 hominis
3380 2292 3490 2357 Ior-

1920 2412 2078 2455 mam.
2109 2404 2164 2448 ut
2194 2397 2499 2462 perlectam,
2531 2393 2939 2459 completamque
2981 2387 3163 2442 carnis
3217 2387 3491 2453 dispensa-
3566 2415 3568 2418 ›

1920 2487 2111 2540 tionem
2140 2484 2336 2550 probet.
2371 2480 2504 2539 Eam
2534 2481 2598 2539 ob
2650 2498 2759 2536 rem
2797 2479 3058 2548 lapidibus
3113 2477 3398 2544 appetitus.
3428 2488 3490 2527 ue

1919 2573 2379 2638 succumbas,rseve
2406 2572 2666 2640 (aligeris,
2695 2581 2787 2624 aut
2825 2570 3156 2638 languescas.
3184 2565 3287 2631 Qui
3305 2580 3488 2619 cernas

1921 2661 2220 2716 certaminis
2258 2660 2555 2730 prtesidem,
2588 2676 2651 2714 ne
2705 2668 2963 2714 certamen
3001 2658 3354 2722 pertimescas.
3397 2652 3490 2706 Di-

1921 2754 2069 2806 mitte
2096 2769 2304 2819 corpus,
2339 2753 2511 2820 ipsum
2537 2751 2834 2818 despicatus
2856 2761 2911 2802 ut
2940 2757 3181 2802 terrestre
3203 2733 3486 2806 vinculum.

1920 2854 1975 2894 ut
2030 2845 2297 2896 ruinosam
2353 2858 2416 2894 ac
2469 2840 2806 2895 collabentem
2837 2839 3069 2896 domum,
3107 2844 3163 2887 ut
3195 2851 3282 2890 vas
3311 2832 3485 2902 ﬁguli,

1918 2936 2056 3004 quod
2087 2935 2242 3001 facile
2270 2933 2640 3002 confringitur.
2688 2932 2916 2988 Accurre
2965 2929 3094 2985 liber
3119 2927 3187 2980 ad
3211 2939 3489 2992 supernam

1917 3026 2053 3078 hanc
2075 3025 2397 3080 hereditatis
2422 3035 2634 3077 sortem.
2663 3020 2868 3076 Prtrsto
2895 3034 3116 3088 namque
3142 3018 3235 3070 tibi
3254 3025 3329 3069 est
3355 3029 3492 3083 prm-

1921 3117 2052 3169 clari
2084 3116 2242 3184 hujus
2275 3116 2574 3183 strenuique
2603 3113 2859 3181 facinoris
2919 3126 3130 3164 corona.
3182 3110 3223 3160 Α
3271 3117 3408 3159 terra
3435 3106 3490 3162 in

1921 3208 2105 3261 (telum
2139 3207 2447 3275 commigra.
2481 3206 2608 3259 Sine
2633 3220 2820 3272 corpus
2854 3198 3322 3262 homicidis,.haud
3343 3213 3490 3250 secus

1919 3314 1982 3350 ac
2004 3314 2176 3351 escam
2209 3296 2446 3350 canibus.
2480 3292 2764 3347 Furentem
2816 3293 3150 3358 rabidamque
3200 3285 3492 3341 multitudi-

1920 3404 2033 3441 nem
2063 3390 2259 3449 desere,
2289 3397 2442 3455 atque
2472 3385 2775 3454 angelorum
2805 3383 2975 3435 choris
3005 3383 3207 3434 accede.

2002 3478 2115 3540 lloc
2144 3492 2275 3532 sane
2301 3478 2599 3545 propesito,
2631 3473 2754 3527 furti
2791 3473 2931 3526 Dens
2972 3469 3346 3536 constantique
3372 3467 3492 3521 viro

1920 3567 2192 3639 apparuit,
2251 3579 2318 3618 ne
2365 3565 2412 3618 is
2465 3564 2657 3616 timore
2713 3561 3026 3630 perculsus,
3076 3557 3490 3617 succumberet.

1921 3673 2055 3713 neve
2087 3656 2466 3730 magnanimus
2492 3651 2852 3722 impendentis
2895 3650 3018 3702 mali
3057 3648 3364 3718 granditate
3405 3646 3488 3697 vi-

1920 3760 2062 3814 ctus,
2101 3749 2287 3802 animo
2316 3753 2778 3801 consternaretur.
2822 3741 3080 3807 Quocirca
3112 3753 3283 3808 neque
3330 3737 3486 3790 auxi-

1921 3842 2135 3896 liarium
2171 3840 2218 3894 ei
2256 3839 2505 3908 angelum
2551 3835 2719 3899 misit,
2788 3845 2844 3887 ut
2901 3843 3083 3901 postea
3141 3829 3396 3900 apostolis
3433 3827 3486 3881 itt

1921 3946 2141 3989 carcere
2168 3931 2254 3996 ";
2293 3943 2468 3998 neque
2500 3928 2730 3995 aliquam
2763 3942 2826 3978 ex
2873 3922 3206 3976 administris
3255 3936 3317 3974 ac
3358 3935 3493 3973 cono.

1921 4024 2093 4078 servis
2127 4022 2437 4082 virtutibus,
2472 4021 2564 4074 sed
2595 4020 2707 4088 ipse
2731 4016 3078 4082 semetipsum
3133 4013 3306 4081 palam
3329 4011 3486 4067 exlti-

1921 4116 2054 4169 buit.
2094 4100 2246 4167 Tunc
2273 4109 2539 4184 siquidem
2593 4108 2844 4177 primitiae
2871 4105 3172 4174 agebantur
3221 4102 3487 4172 martyrii,

1920 4217 2143 4274 eratque
2165 4217 2342 4270 opera:
2379 4199 2607 4271 pretium
2635 4207 2692 4251 ut
2719 4198 2948 4265 primttm
2977 4210 3110 4264 opus
3130 4209 3288 4262 quam
3321 4193 3491 4245 maxi-

1925 4311 2010 4350 me
2047 4294 2344 4348 absolutum
2368 4293 2540 4348 foret:
2573 4305 2681 4362 quo
2726 4288 2922 4343 futuris
2954 4288 3202 4354 deinceps
3238 4285 3490 4353 tempori-

1920 4388 2019 4441 bus
2069 4384 2543 4454 superexstruendi
2624 4393 2891 4451 martyres
2943 4380 3150 4436 firmam
3201 4377 3486 4430 atmulantli

239 4492 358 4546 χος,
407 4475 437 4526 ὁ
473 4473 568 4527 τοῦ
607 4473 768 4543 ἔργον
802 4475 1097 4546 παρασχὼν
1139 4476 1199 4530 τὸ
1245 4477 1542 4546 ἐνδόσιμον·
1589 4480 1816 4546 νικήσας

1921 4477 2250 4545 crepidinem
2299 4476 2578 4540 basimque
2637 4472 2965 4538 acciperent,
3018 4483 3115 4522 nec
3161 4468 3385 4536 ignavia-
3418 4480 3482 4519 ac

242 4567 348 4636 μὲν
397 4565 489 4617 καὶ
526 4565 935 4637 ἁνδρισὰμενος,
968 4569 1178 4630 πάντας
1213 4570 1338 4632 τοὺς
1373 4569 1532 4632 ίδίους
1561 4570 1816 4642 ἀπέρρω-

241 4673 326 4718 σε,
351 4656 446 4708 καὶ
488 4657 612 4720 τοὺς
642 4657 993 4719 ὑπεναντίους
1028 4658 1386 4728 κατέπληξεν·
1421 4659 1645 4723 ἀσθενὲς
1678 4652 1734 4713 δέ
1764 4678 1814 4713 τι

240 4746 457 4808 παθὼν,
504 4748 664 4812 εὐθὺς
702 4748 972 4820 κατακλᾷ,
1004 4749 1095 4801 καὶ
1128 4749 1329 4813 δειλίας
1359 4750 1555 4821 πληροῖ
1582 4750 1677 4812 τὰς
1706 4749 1813 4802 τῶν

239 4839 531 4909 ὁμοφύλων
570 4839 770 4910 ψυχὰς,
799 4841 893 4894 καὶ
939 4841 1116 4910 φυγῆς
1143 4843 1351 4908 γίνεται
1393 4841 1660 4912 σύνθημα.
1716 4842 1812 4902 Διὰ

238 4928 414 4982 ταῦτα
447 4929 545 4997 μὲν
572 4933 600 4982 ὁ
626 4929 757 4993 Θεὸς
778 4931 1065 5002 οὐρανόθεν
1096 4933 1290 5004 ἐφάνη.

1925 4568 2235 4623 timiditatis
2270 4565 2570 4620 imitatores
2617 4563 2932 4625 evaderent,
2967 4560 3043 4614 uti
3081 4574 3212 4612 sane
3244 4559 3293 4609 itt
3341 4571 3490 4608 com-

1925 4657 2177 4710 munibus
2205 4655 2380 4718 bellis,
2409 4670 2472 4707 ac
2503 4669 2622 4723 quae
2646 4656 2882 4706 humano
2906 4660 3163 4717 geruntur
3191 4664 3311 4713 usu,
3343 4648 3490 4702 acci-

1922 4749 2019 4803 dit.
2046 4746 2198 4801 Unus
2224 4747 2366 4803 enim
2406 4745 2528 4815 quis
2573 4746 2956 4812 antesignanus
2988 4741 3145 4808 miles
3175 4741 3300 4799 dato
3337 4740 3489 4807 signa

1916 4854 2050 4908 opus
2062 4839 2399 4908 aggreditur:
2422 4845 2583 4906 utque
2614 4834 2660 4889 si
2681 4836 2722 4889 is
2738 4833 2961 4887 viriliter
2977 4848 3139 4901 agens
3167 4832 3337 4885 victor
3359 4846 3486 4885 eva-

1917 4931 2069 4992 serit,
2106 4942 2334 4982 suorum
2391 4927 2632 4981 omnium
2684 4925 2844 4994 erigit
2904 4924 3134 4988 animos,
3167 4922 3484 4987 ﬁrmatque;

240 5019 833 5072 adversariorumvoro
861 5029 1193 5085 consternat,
1231 5036 1295 5074 ac
1342 5021 1560 5087 dejicit;
1614 5026 1699 5074 sin
1759 5031 1935 5079 autem
2000 5017 2231 5074 imbellis
2294 5017 2640 5091 ignavosque,
2714 5029 2901 5085 parum
2957 5013 3082 5081 quid
3119 5011 3484 5070 succubuerit,

239 5109 389 5163 illico
421 5106 800 5161 contribulium
833 5124 1051 5163 suorum
1102 5110 1302 5179 frangit
1349 5114 1580 5173 animos,
1615 5127 1814 5181 eosque
1855 5124 2049 5180 segnes
2079 5125 2303 5180 prorsus
2351 5123 2414 5162 ac
2478 5109 2701 5179 ignavos
2731 5107 2906 5162 reddit
2935 5144 2950 5170 ,
2985 5105 3229 5175 fugaque
3259 5105 3487 5159 ellicitur

239 5210 471 5252 tessera.
525 5197 639 5253 llac
688 5197 842 5267 plane
889 5202 956 5254 de
1012 5216 1173 5255 causa
1234 5202 1372 5254 Deus
1427 5218 1457 5256 e
1493 5205 1629 5257 caelo
1660 5203 1930 5272 apparuit.

325 5292 383 5345 '0
403 5291 457 5344 δὲ
481 5294 581 5361 τῆς
609 5292 847 5363 μεγάλης
867 5294 1127 5358 ὀπτασίας
1160 5293 1432 5361 ἀξιωθεὶς.
1459 5295 1577 5357 οἵας
1601 5295 1700 5348 οὐκ
1727 5295 1825 5350 ἆλ-

240 5379 358 5444 λος,
407 5380 467 5432 ού
516 5380 746 5449 κατέσχε
786 5384 987 5452 σιωπῇ,
1023 5382 1164 5452 ἆπερ
1213 5382 1338 5434 ἴδεν·
1369 5382 1496 5454 ,ἀλλ’
1522 5382 1682 5445 εὐθὺς
1732 5384 1821 5448 ἐξ-

235 5471 485 5537 εϐόησεν·
552 5470 706 5524 Ἰδοὺ
752 5471 943 5537 θεωρῶ
986 5472 1126 5538 τοὺς
1192 5473 1486 5539 οίιρανοὺς
1532 5472 1823 5542 ἀνεῳγμέ-

235 5578 409 5626 νους,
459 5561 560 5613 καὶ
618 5561 728 5615 τὸν
797 5559 933 5615 Υίὸν
986 5564 1089 5617 τοῦ
1141 5562 1449 5630 ἀνθρώπου
1494 5563 1562 5616 ἐκ
1609 5563 1822 5627 δεξιῶν

311 5763 361 5795 ι’
397 5763 515 5820 Act.
555 5780 604 5830 ν,
648 5766 740 5825 l9:
785 5781 880 5829 xu,
914 5767 945 5818 6
973 5782 1098 5834 sqq.L

1995 5295 2060 5347 At
2099 5292 2435 5361 Stephanus,
2476 5306 2662 5358 magna
2707 5303 2767 5344 ea
2826 5288 3033 5343 visione
3061 5287 3341 5354 dignatus,
3379 5299 3488 5351 qua

1920 5400 2018 5439 nec
2051 5384 2188 5437 alius
2246 5385 2559 5452 quisquam,
2589 5397 2691 5434 non
2720 5382 3018 5448 suppressit
3040 5378 3250 5430 silentio
3275 5392 3336 5428 ea
3367 5391 3491 5444 quas

1925 5476 2153 5539 viderat,
2185 5475 2278 5528 sed
2310 5475 2492 5528 statim
2527 5473 2853 5534 exclamans,
2887 5473 3006 5524 ait-:
3046 5469 3179 5522 Ecce
3211 5470 3355 5522 rideo
3393 5483 3489 5518 τινα

1917 5568 1992 5625 los
2020 5578 2245 5634 apertos,
2277 5575 2324 5618 ct
2352 5563 2547 5618 Filium
2579 5565 2802 5621 hominis
2829 5575 3046 5617 stantem
3077 5579 3106 5615 o
3136 5561 3331 5616 dextris
3365 5558 3486 5620 DeiL
