4212 6318
747 362 845 417 5-57

2024 382 2081 438 S.
2123 384 2398 440 ASTERII
2438 387 2740 442 AMASENI

3890 392 4000 449 548

748 480 991 538 Rebatnr
1037 485 1179 540 enim
1214 486 1396 540 statim
1445 504 1508 544 ac
1547 493 1804 549 visionem
1857 500 2230 565 enuntiasset,
2262 516 2321 557 se
2351 508 2396 564 Α

2351 508 2396 564 Α
2425 504 2654 557 ἑστῶτα
2680 505 2785 559 τοῦ
2812 504 2979 558 Θεοῦ.
3028 502 3275 573 Ἑνόμισε
3307 502 3416 574 γὰρ
3438 504 3554 575 ἅμα
3580 506 3669 561 τοῦ
3706 504 4001 576 ἐξαγορεῦ-

754 573 1057 631 incredulos
1102 584 1167 630 ad
1198 596 1477 636 assensum
1533 587 1907 652 pt-llectnrum.
1950 593 2021 647 At
2055 594 2150 658 illi,
2181 596 2320 649 dicta

750 674 1003 734 tanquam
1038 670 1129 723 ira:
1152 712 1166 735 ,
1210 674 1536 742 tnajotisque
1574 676 1770 732 furoris
1807 682 2142 737 irritamenta
2172 690 2321 738 exei—

748 755 955 820 pieutes
980 798 993 815 .
1030 775 1095 814 ac
1128 764 1282 829 quasi
1339 766 1404 817 ad
1435 768 1592 819 verba
1634 768 1977 836 blasphemia-
2017 786 2178 827 aures
2225 776 2320 829 ob-

746 854 1039 913 struentes,
1066 864 1126 903 se
1151 855 1393 918 protinus
1417 857 1482 908 ad
1506 858 1707 909 etedem
1733 860 2105 917 act-inserunt.
2129 863 2320 918 Extra-

744 931 938 989 henles
970 950 1095 989 vero
1121 950 1271 994 extra
1306 942 1576 998 civitatem
1611 944 1992 1002 Christil'erum
2020 953 2315 1015 hominem,

742 1023 836 1090 qui
867 1026 1181 1093 patientiam
1240 1043 1475 1100 gestaret
1533 1037 1605 1089 uti
1645 1035 1902 1093 Dominus
1934 1055 2171 1104 crucem,
2202 1058 2315 1095 ma-

744 1112 855 1167 lum
900 1119 1042 1173 malo
1071 1134 1298 1191 curant;
1337 1126 1589 1195 necisque
1619 1144 1751 1184 nece
1794 1131 2313 1201 depelluntcrimen,

741 1210 805 1257 ac
839 1209 984 1262 cruci
1017 1210 1221 1280 lapides
1256 1216 1476 1273 addunt.
1506 1217 1638 1272 Cum
1671 1233 1846 1274 autem
1878 1229 1963 1275 ter
1991 1223 2202 1278 beatum
2236 1226 2313 1280 vi-

744 1307 865 1348 rum
921 1299 972 1352 in
1013 1304 1243 1368 quadam
1280 1315 1436 1360 terra:
1476 1309 1699 1376 planitie
1733 1315 2085 1381 statuissent,
2121 1330 2313 1384 proce-

741 1398 886 1451 rum,
919 1388 1158 1458 inquam,
1193 1394 1318 1449 illud
1340 1411 1557 1466 corpus,
1584 1401 1854 1455 excelsum
1883 1418 1989 1473 que
2017 1419 2312 1478 martyrum

742 1485 1033 1547 tropaeum;
1077 1497 1311 1554 eumque
1341 1489 1576 1557 undique
1605 1491 1657 1544 in
1711 1492 1895 1547 orbem
1930 1496 2317 1554 conclusissem

742 1572 1130 1667 sanguinarius'
1174 1578 1262 1632 ille
1334 1590 1399 1634 ac
1443 1582 1733 1637 iracundus
1779 1587 2038 1655 populus;
2090 1605 2152 1644 ac
2195 1606 2311 1645 eam

740 1658 972 1725 imitati,
1010 1658 1173 1732 quam
1199 1670 1251 1723 in
1296 1670 1448 1725 bellis
1474 1673 1735 1744 ἀγηνίαν,
1765 1692 1827 1730 ac
1862 1692 2052 1746 pugna:
2088 1681 2313 1750 impres-

738 1750 945 1805 sionem
988 1768 1213 1822 vocant,
1261 1758 1526 1827 lapidibus
1565 1775 1822 1832 appetunt
1860 1772 2311 1836 summangularis

2428 614 2516 649 σαι
2548 597 2647 668 τὴν
2670 598 2955 660 ὀπτασίαν,
2983 597 3107 663 τοὺς
3130 596 3391 660 ἀπίστους
3425 597 3647 651 ἐλκῦσαι
3677 600 3758 662 είς
3786 615 3999 667 συγκα-

2423 686 2655 739 τάθεσιν.
2690 689 2751 739 Οἱ
2784 687 2861 749 δέ,
2897 687 2959 739 τὸ
3002 684 3189 755 λεχθὲν
3235 684 3478 749 πλείονος
3518 686 3687 755 ὀργῆς
3741 688 3837 740 καὶ
3886 704 3997 757 μα-

2422 776 2539 836 νίας
2587 777 2839 847 ἀφορμὴν
2887 777 3259 846 ποιησάμενοι,
3314 777 3745 847 ἐπιφραξάμενοί
3788 792 3849 829 τε
3891 775 3998 841 τὰς

2424 865 2603 929 ἀκοάς·
2621 867 2756 937 πρὸς
2783 867 2872 919 τὸν
2904 867 3079 935 λόγον,
3112 866 3187 930 ὡς
3214 864 3547 935 βλάσφημον,
3579 869 3783 937 εἴχοντο
3811 884 3998 938 παρα,

2421 956 2612 1026 χρῆμα
2645 956 2737 1010 τοῦ
2785 956 2963 1026 φόνου.
3013 957 3367 1018 Ἑλκύσαντες
3410 956 3467 1008 δὲ
3508 957 3613 1021 ἔξω
3645 957 3742 1025 τῆς
3782 956 3997 1020 πόλεως

2417 1049 2510 1103 τὸν
2546 1050 2916 1121 Χριστοφόρον
2945 1048 3246 1120 ἄνθρωπον,
3283 1048 3619 1119 βαστάζοντα
3660 1048 3757 1119 τὴν
3784 1048 3995 1117 ὑπομο-

2419 1140 2536 1209 νὴν,
2572 1141 2647 1202 ὡς
2680 1142 2708 1192 ὁ
2738 1143 2940 1212 Κύριος
2973 1145 3064 1197 τὸν
3107 1146 3360 1217 σταυρὸν,
3386 1145 3542 1217 κακῷ
3580 1147 3639 1200 τὸ
3672 1146 3838 1198 κακὸν
3868 1144 3996 1197 ίῶν-

2417 1247 2528 1291 ται,
2589 1233 2683 1284 καὶ
2768 1233 2912 1303 φόνῳ
2984 1236 3125 1307 ὑπὲρ
3177 1236 3269 1290 τοῦ
3337 1240 3505 1306 φόνου
3569 1235 3990 1303 ἀπολογοῦνται,

2418 1321 2509 1374 καὶ
2549 1321 2627 1391 τῷ
2664 1324 2880 1394 σταυρῷ
2920 1327 3045 1389 τοὺς
3088 1326 3267 1390 λίθους
3299 1328 3646 1381 συνάπτουσι.
3688 1327 3995 1397 Στήσαντες

2414 1411 2472 1465 δὲ
2512 1411 2603 1465 τὸν
2667 1415 3072 1489 τρισμακάριον
3128 1417 3221 1471 ἐπί
3266 1436 3412 1483 τινος
3456 1419 3698 1471 ἰσοπέδου
3764 1417 3992 1488 χωρίου,

2413 1502 2474 1556 τὺ
2541 1504 2750 1576 μακρὸν
2817 1508 2992 1561 ἐκεῖνο
3040 1509 3217 1580 σῶμα,
3286 1511 3378 1564 καὶ
3446 1511 3648 1581 ὑψηλὸν
3704 1509 3813 1562 τῶν
3851 1524 3996 1578 μαργ

2413 1593 2592 1667 τύρων
2628 1597 2906 1668 τρόπαιον·
2932 1601 3026 1653 καὶ
3050 1600 3233 1673 κύκλῳ
3264 1603 3613 1674 περισχόντες
3639 1601 3798 1654 αὑτὸν
3823 1602 3853 1653 ὁ
3877 1599 3994 1653 τῶν

2414 1684 2660 1756 αἱμάτων
2682 1689 2776 1741 καὶ
2797 1690 2895 1759 τῆς
2919 1690 3087 1762 ὀργῆς
3111 1694 3301 1764 δῆμος,
3327 1695 3420 1746 καὶ
3441 1693 3539 1763 τὴν
3570 1692 3907 1762 καλουμένην
3933 1692 3995 1745 ἐν

2412 1779 2525 1841 τοῖς
2545 1778 2801 1848 πολέμοις
2824 1783 3196 1852 μιμησάμενοι
3224 1784 3457 1855 ἀγηνίαν
3479 1785 3572 1847 ⁷⁹·,
3602 1783 3788 1836 ἔϐαλον
3819 1782 3993 1845 λίθοις

736 1838 884 1896 illius
912 1844 1104 1912 lapidis
1134 1850 1415 1905 diaconum
1448 1870 1788 1926 :acquazque
1814 1858 2029 1928 quidem
2057 1861 2311 1920 llebreeo-
2345 1855 2383 1908 Β

2345 1855 2383 1908 Β
2410 1838 2516 1921 τὸν
2533 1868 2627 1922 τοῦ
2660 1838 3055 1941 άκρογωνιαίού
3078 1874 3224 1928 λίθου
3257 1838 3522 1929 διάκονον·
3558 1838 3654 1927 καὶ
3681 1876 3833 1928 πᾶσα
3866 1838 3992 1943 χεὶρ

734 1945 855 1985 rum
890 1948 1077 1992 manus
1124 1955 1309 1994 necem
1351 1946 1720 2013 operabatur;
1760 1949 1868 2018 ipse
1924 1966 2059 2005 vero
2108 1965 2312 2023 martyr

736 2022 1093 2093 jaculantium
1131 2047 1324 2103 scopus
1362 2047 1511 2102 erat,
1543 2038 1597 2091 in
1642 2041 1817 2095 medio
1844 2052 1993 2098 stans
2015 2083 2029 2110 ,
2060 2022 2310 2102 velutsa-

734 2118 936 2187 gittarii
974 2122 1207 2189 signum.

813 2208 910 2264 Ubi
940 2225 1103 2280 porro
1130 2229 1327 2284 curpus
1360 2220 1506 2273 omni
1540 2231 1691 2289 parte
1717 2229 1999 2278 cuntusum
2038 2226 2310 2282 collisum-

734 2315 858 2369 que,
889 2316 952 2356 ac
979 2307 1239 2374 sanguine
1277 2320 1615 2364 cruentatum
1646 2353 1660 2376 ,
1690 2315 1801 2382 jam
1828 2316 2127 2383 l‘ttttSt.-eltat,
2157 2327 2212 2370 ut
2244 2333 2310 2372 ne

738 2400 941 2448 rectum
963 2396 1012 2446 in
1037 2397 1197 2461 pedes
1229 2406 1396 2452 staret
1428 2400 1586 2471 (57);
1618 2402 2131 2474 concutiebaturque
2168 2408 2311 2462 decl-

734 2483 932 2544 tluutn,
970 2500 1032 2539 ac
1087 2501 1271 2541 casmn
1314 2493 1642 2557 minabatur,
1691 2494 1829 2548 haud
1872 2511 2026 2550 secus
2073 2512 2135 2551 ac
2181 2514 2305 2565 pro-

734 2590 859 2628 cera
914 2579 1196 2644 platanus,
1240 2595 1401 2649 quam
1450 2584 1587 2636 l‘abri
1625 2585 1804 2653 plures
1836 2588 2082 2641 accidant
2121 2607 2134 2641 :
2176 2590 2307 2644 nihil

735 2678 933 2734 tamen,
956 2671 1185 2738 plurium
1220 2690 1386 2739 more,
1416 2677 1555 2745 turpi
1593 2677 1704 2742 ipse
1722 2694 1851 2732 casu
1878 2692 2177 2748 prostratus
2205 2692 2302 2737 est.

732 2755 920 2826 Neque
969 2762 1112 2815 enim
1179 2772 1289 2819 toto
1339 2768 1483 2819 humi
1540 2782 1763 2836 corpore
1799 2764 1998 2837 prorius
2044 2773 2307 2828 distentus

734 2861 850 2915 est,
882 2868 1056 2921 neque
1078 2856 1271 2909 decidit
1305 2856 1358 2909 in
1400 2858 1540 2911 latus
1565 2898 1581 2921 ,
1612 2875 1784 2928 neque
1814 2877 1872 2914 se
1902 2865 2184 2928 resupinus
2222 2867 2305 2919 itt-

733 2942 912 3010 ﬂexit;
946 2948 1039 2998 sed
1071 2948 1267 3001 decoro
1299 2953 1572 3017 precantis
1601 2952 1782 3006 habitu
1815 2969 2018 3023 ponens
2046 2972 2239 3025 genua,
2278 2976 2306 3013 e

731 3036 841 3089 vita
875 3040 1111 3092 excessit
1136 3056 1149 3101 ;
1178 3055 1371 3107 urgens
1397 3044 1662 3109 oratione,
1691 3045 2005 3115 iustansque
2039 3063 2199 3117 quam
2229 3051 2307 3103 ci-

2424 1958 2684 2032 Ἐσραῖκὴ
2748 1964 2838 2015 τὸν
2887 1964 3044 2032 φόνον
3100 1966 3339 2037 ἐνήργει’
3406 1966 3605 2029 σκοπὸς
3664 1965 3721 2018 δὲ
3767 1960 3838 2034 ἦν
3878 1962 3993 2030 τῷν

2412 2047 2678 2117 ἀφιέντων
2698 2052 2725 2103 ὁ
2746 2052 2976 2123 μάρτυς,
3008 2053 3177 2112 ἑστὼς
3202 2055 3344 2108 κατὰ
3368 2057 3529 2125 μέσον
3556 2056 3631 2119 ὡς
3659 2056 3884 2125 σημεῖον
3902 2068 3995 2104 το-

2413 2137 2582 2203 ξότου.

2494 2229 2579 2293 Ὠς
2600 2230 2655 2284 δέ
2678 2232 2941 2286 πάντοθεν
2966 2233 3024 2287 τὸ
3050 2234 3210 2305 σῶμα
3238 2235 3654 2306 περιθραυσθέν,
3679 2234 3773 2287 καὶ
3805 2233 3995 2286 λελου-

2414 2320 2572 2390 μένον
2625 2322 2701 2393 τῷ
2763 2324 2973 2393 αἵματι,
3044 2323 3259 2388 ὤκλαζε
3312 2327 3498 2379 λοιπὸν
3548 2327 3685 2397 πρὸς
3723 2326 3819 2396 τὴν
3874 2324 3997 2377 ὀλέ-

2411 2412 2561 2481 θριον
2608 2415 2655 2446 ”
2723 2416 2931 2468 στάσιν·
2996 2417 3307 2470 κατεσείετο
3352 2417 3411 2470 δέ
3473 2419 3566 2470 καὶ
3622 2417 3833 2485 ἠπείλει
3891 2415 3997 2494 ⁴χὴν

2411 2504 2639 2569 πτῶσιν,
2680 2506 2869 2578 ὥσπερ
2912 2524 2996 2569 τις
3033 2507 3208 2579 ὑψηλὴ
3252 2508 3540 2570 πλάτανος,
3577 2508 3727 2575 παρὰ
3779 2506 3998 2561 πολλῶν

2411 2597 2845 2667 κατεργασθεῖσα
2891 2599 3191 2652 τεκτόνων
3243 2600 3302 2653 οὐ
3335 2599 3390 2650 δὲ
3435 2599 3533 2666 τὴν
3567 2598 3774 2651 πτῶσιν
3815 2598 3995 2650 ἔπαθε

2409 2690 2548 2742 κατὰ
2576 2694 2701 2753 τοὺς
2734 2690 2960 2753 πολλοὺς
2990 2691 3270 2762 ἀπρεπῶς.
3309 2693 3383 2746 Οὐ
3416 2693 3524 2763 γὰρ
3558 2692 3767 2763 πρηνὴς
3792 2690 3990 2753 ἐξετά-

2410 2780 2499 2850 θη,
2530 2780 2650 2833 οὐδὲ
2684 2782 2777 2833 ἐπὶ
2806 2781 3036 2850 πλάγιον
3067 2782 3397 2853 κατηνέχθη,
3430 2784 3550 2835 οὐδὲ
3587 2786 3666 2847 εἰς
3692 2783 3752 2835 τὸ
3797 2782 3999 2835 ὕπτιον

2410 2869 2660 2941 ἀνεκλίθη
2700 2872 2907 2941 σχῆμα·
2945 2872 3083 2925 ἀλλὰ
3118 2873 3229 2936 θεὶς
3262 2876 3332 2926 τὰ
3364 2875 3567 2941 γόνατα
3597 2876 3654 2927 ἐν
3680 2874 3759 2943 τῷ
3787 2873 3996 2945 εὐπρε-

2410 2965 2504 3015 πεῖ
2533 2962 2624 3016 τοῦ
2660 2964 2953 3035 εὐχομένου
2995 2966 3256 3035 σχήματι,
3293 2967 3606 3030 κατέλυσεν,
3647 2968 3998 3035 ἐπιταχύνων

2407 3057 2472 3125 τῇ
2504 3055 2646 3126 ψυχῇ
2681 3056 2772 3108 διὰ
2810 3056 2907 3125 τῆς
2955 3059 3261 3129 προσευχῆς
3303 3060 3392 3111 τὸν
3451 3059 3550 3127 τῆς
3594 3058 3789 3130 σαρκὸς
3824 3076 3999 3130 χωρι-

732 3126 943 3179 tissime
991 3130 1222 3182 animam
1275 3146 1303 3184 a
1350 3148 1512 3186 carne
1543 3135 1814 3201 separari,
1856 3149 2015 3207 atque
2044 3138 2107 3192 ad
2144 3154 2264 3194 eum
2290 3180 2303 3203 ,
2334 3184 2376 3239 Ε

2334 3184 2376 3239 C
2411 3143 2565 3211 σμὺν,
2602 3144 2695 3197 καὶ
2728 3144 2945 3214 κράζων
2982 3126 3119 3214 πρὸς
3264 3126 3537 3217 ὁρώμενον
3563 3126 3783 3216 Κύρων
3814 3126 3997 3216 Ῐξύριε

734 3232 893 3283 quem
927 3221 1303 3282 contuebatur,
1336 3222 1577 3277 clamans
1613 3242 1627 3278 :
1666 3224 1883 3279 Domine
1919 3227 2045 3280 Jesu
2078 3228 2303 3295 Christe,

733 3310 939 3378 suscipe
989 3312 1229 3374 spiritum
1268 3329 1459 3365 imum.
1500 3314 1745 3369 Festinus
1780 3333 2010 3386 namque
2048 3321 2112 3373 ad
2144 3337 2304 3373 unam

731 3400 877 3453 velut
920 3402 1183 3456 coloniam
1214 3403 1293 3457 ire
1347 3406 1701 3474 pmpera’bat,
1743 3418 1801 3462 ιιι
1845 3424 1875 3462 e
1913 3413 2196 3481 peregrino
2240 3415 2307 3466 ad

732 3492 964 3558 patrium
997 3492 1203 3556 δυΙιΙιιι,
1252 3496 1316 3545 ad
1349 3494 1606 3549 illustrem
1651 3500 2069 3568 prmclaramque
2113 3503 2306 3555 civita-

735 3588 841 3632 tem
883 3594 913 3632 e
968 3591 1107 3632 terra
1139 3582 1353 3636 deserta
1382 3626 1395 3648 ,
1436 3596 1678 3655 aestuque
1728 3589 1896 3652 arida,
1949 3606 2012 3642 ac
2063 3590 2306 3646 horribili

738 3670 990 3736 squalore
1050 3670 1222 3725 obsita
1277 3676 1655 3729 contendebat.
1706 3677 2079 3732 Oltsecrationi
2128 3691 2305 3734 autem

732 3763 897 3814 etiam
929 3764 1228 3816 orationem
1266 3780 1361 3833 pro
1397 3768 1830 3832 persecutoribus
1864 3771 2091 3823 addidit.
2126 3773 2309 3837 Quart-

732 3868 891 3922 quam
938 3854 1079 3906 enim
1130 3854 1311 3918 inviti,
1354 3858 1579 3924 gratiam
1622 3860 1984 3925 prmstaban‘t;
2016 3861 2306 3929 lapidibus-

733 3964 844 4014 qtte
872 3948 1197 4014 obruet-tes,
1243 3949 1433 4003 salutis
1468 3962 1715 4007 auctores
1753 3964 1945 4021 erant;
1974 3970 2037 4011 ac
2099 3958 2457 4029 peritneutes,
2502 3968 2665 4018 vitam
2725 3966 3087 4019 conciliabant

736 4045 801 4095 ad
827 4057 1045 4111 regnum
1075 4045 1525 4100 transmittebant.

806 4134 955 4189 llanc
1000 4151 1217 4206 quoque
1260 4150 1389 4208 ergo
1428 4139 1690 4193 orationis
1732 4140 2018 4197 dictionem
2072 4156 2307 4202 comem-

732 4225 961 4295 plemnr,
988 4226 1041 4279 in
1064 4242 1222 4294 quem
1250 4230 1500 4282 nimirum
1524 4230 1756 4284 collitnet
1778 4246 1996 4302 scopum
2021 4252 2033 4288 :
2060 4236 2300 4305 Domine,

732 4334 795 4370 ne
819 4328 1025 4371 statuas
1066 4320 1172 4373 illis
1212 4322 1308 4373 hoc
1334 4333 1625 4391 peccatum.
1674 4322 1789 4378 Non
1817 4337 1933 4380 orat
1954 4366 1969 4390 ,
2002 4338 2058 4380 ιιι
2087 4332 2302 4395 quidam

736 4426 1018 4478 perperam
1058 4415 1446 4466 ratiocinantes
1474 4423 1777 4478 autumant,
1815 4427 2094 4483 peceatum
2127 4418 2305 4469 inimi-

732 4517 919 4553 corum
949 4500 1181 4555 inultum
1226 4518 1289 4557 ac
1332 4504 1650 4569 impunitum
1690 4506 1783 4570 iri,
1833 4506 2068 4574 nullique
2102 4510 2295 4561 rationi

2425 3232 2617 3301 Ἰησοῦ
2661 3232 2896 3300 Χριστὲ,
2939 3233 3107 3298 δέξαι
3153 3236 3218 3288 τὸ
3270 3235 3503 3303 πνεῦμὰ
3544 3254 3683 3304 μου.
3716 3237 3998 3289 Ἕσπευσε

2403 3326 2510 3395 γὰρ
2539 3322 2613 3387 ὡς
2641 3323 2731 3377 ἐπί
2754 3341 2874 3378 τινα
2904 3328 3204 3395 μετοικίανο
3232 3327 3308 3390 ὼς
3337 3327 3394 3392 ἐξ
3423 3327 3724 3397 ἀλλοδαπῆς
3769 3328 3863 3379 ἐπὶ
3890 3345 4002 3379 πα-

2401 3416 2578 3487 τρίδα’
2626 3414 2702 3478 ὡς
2735 3417 2815 3479 είς
2849 3417 3002 3469 πόλιν
3040 3416 3297 3488 λαμπρὰν
3348 3412 3456 3471 ἀπὸ
3498 3418 3600 3488 γῆς
3645 3410 3852 3488 ἐρήμου
3898 3417 4000 3470 καὶ

2405 3507 2713 3577 αὐχμηρᾶς.
2752 3506 3065 3578 Προσετίθει
3106 3508 3162 3561 δὲ
3202 3511 3267 3579 τῇ
3311 3509 3493 3580 δεήσει
3549 3510 3640 3561 καὶ
3686 3509 3786 3578 τὴν
3847 3508 3999 3580 ὑπὲρ

2405 3596 2512 3649 τῶν
2544 3594 2873 3659 λιθαζόντων
2918 3597 3081 3668 εὐχήν
3113 3598 3245 3667 (58).
3295 3600 3633 3671 Εὐεργέτουν
3670 3599 3783 3668 γὰρ
3829 3600 3999 3652 ἄκουε

2404 3704 2517 3751 τες,
2566 3688 2659 3739 καὶ
2702 3686 3011 3751 λιθάζοντες
3061 3688 3284 3753 ἔσωζον,
3329 3691 3424 3743 καὶ
3464 3692 3780 3759 φονεύοντες
3824 3691 4001 3755 ἐζωο-

2408 3777 2616 3831 ποίουν·
2654 3780 2749 3831 καὶ
2791 3778 2885 3831 τοῦ
2916 3779 3086 3850 πηλοῦ
3120 3781 3440 3852 χωρίζοντες
3463 3784 3528 3852 τῇ
3560 3781 3805 3851 βασιλείᾳ
3851 3799 4002 3854 παρ-

2411 3867 2509 3921 έπε
2519 3887 2680 3939 μπον.

3150 3984 3164 4020 :
3216 3976 3378 4036 atque
3425 3982 3451 4021 a
3496 3972 3611 4022 luto
3652 3977 3998 4036 separantvs,

2478 4145 2858 4216 Θεωρήσωμεν
2911 4140 3005 4199 οὗν
3058 4146 3151 4199 καὶ
3192 4146 3252 4199 τὸ
3299 4146 3449 4218 ῥῆμα
3498 4146 3600 4215 τῆς
3659 4147 4000 4217 προσευχῆς,

2412 4239 2547 4307 πρὸς
2581 4232 2691 4289 οἷον
2722 4238 2875 4308 φέρει
2915 4239 3133 4299 σκοπὸν,
3165 4237 3244 4302 τὸ,
3279 4240 3472 4304 Κύριε.
3493 4238 3581 4305 μὴ
3614 4238 3855 4304 στήσῃς
3888 4243 3992 4293 αὑ-

2411 4329 2533 4394 τοῖς
2568 4328 2683 4394 τὴν·
2708 4330 3001 4396 ἁμαρτίαν
3024 4330 3268 4395 ταύτην.
3303 4330 3377 4381 Οὐ
3407 4329 3534 4398 γὰρ,
3565 4330 3641 4393 ὡς
3676 4318 3878 4382 οἴονταί
3908 4348 3998 4382 τι-

2411 4439 2520 4482 νες,
2556 4419 2741 4482 κακῶς
2784 4418 3140 4488 λογιζόμενοι,
3176 4418 3521 4489 ἀτιμώρητον
3563 4420 3659 4471 καὶ
3698 4420 3999 4473 ἀνεύθυνον

2412 4509 2629 4580 εὔχεται
2678 4510 2930 4579 γενέσθαι
2972 4510 3077 4562 τῶν
3109 4510 3317 4579 ἐχθρῶν
3356 4512 3414 4563 τὸ
3457 4510 3777 4581 ἁμάρτημα.
3818 4510 3999 4564 Τοῦτο

734 4606 799 4645 ac
829 4606 1002 4658 pretia:
1037 4592 1351 4645 obnoxium.
1376 4591 1540 4646 Plane
1573 4595 1714 4646 enim
1752 4594 1803 4646 id
1836 4605 1979 4648 esset
2010 4611 2308 4665 repugnare
2344 4595 2384 4649 D

2344 4595 2519 4669 Βγὰρ
2575 4596 2643 4668 ἦν
2702 4600 2949 4671 φανερῶς
3003 4602 3068 4669 τῇ
3127 4600 3220 4652 τοῦ
3276 4598 3411 4652 Θεοῦ
3470 4599 3796 4653 διατυπώσει
3861 4601 3998 4655 ἀνθ·-

734 4683 932 4736 ditinaa
995 4684 1407 4749 constitutioni,
1451 4685 1693 4753 iustique
1738 4684 1996 4754 judicium
2040 4702 2101 4739 ac
2138 4686 2305 4755 legem

733 4776 1046 4835 emendare,
1073 4785 1192 4839 quae
1225 4774 1505 4828 bomicidis
1535 4776 1754 4828 meritas
1780 4789 1965 4842 pcenas
1986 4778 2307 4844 praescribit.

737 4864 841 4918 Sed
872 4866 999 4933 quid
1033 4863 1142 4917 ait?
1174 4863 1410 4926 nomine,
1438 4882 1500 4917 ne
1527 4875 1725 4917 statuas
1750 4864 1855 4917 illis
1881 4868 1977 4918 hoc
2004 4879 2268 4932 peccatum
2290 4880 2309 4919 :

741 4962 842 5010 Itoe
866 4969 967 5020 est,
998 4956 1272 5009 Timorem
1314 4957 1746 5022 compunctionis
1769 4958 1845 5011 eis
1886 4958 2095 5022 incute;
2133 4959 2183 5011 in
2218 4974 2312 5012 eo.

738 5062 876 5111 rum,
909 5062 1027 5114 qua:
1058 5062 1195 5098 nunc
1248 5046 1532 5098 munerario
1572 5063 1702 5099 ausu
1742 5056 2122 5114 perpetraruut
2146 5085 2160 5107 ,
2199 5060 2311 5112 pte-

739 5138 1018 5193 nitentiam
1053 5137 1345 5203 compelle;
1386 5153 1470 5201 ne,
1526 5151 1731 5204 quaeso,
1791 5137 1843 5189 itt
1901 5138 2309 5190 circumcisione

735 5230 1023 5299 pterntittas
1064 5239 1289 5281 mortem
1322 5230 1511 5295 obire;
1548 5231 1611 5281 ad
1650 5230 1722 5281 tui
1752 5230 2101 5300 agnitionem,
2139 5229 2308 5298 parui.

2415 4687 2680 4751 ίστασθαι,
2712 4688 2805 4740 καὶ
2837 4688 2936 4757 τὴν
2966 4688 3057 4739 τοῦ
3085 4687 3289 4739 δικαίου
3328 4689 3507 4757 κρίσιν
3550 4687 3643 4739 καὶ
3672 4688 4001 4757 νομοθεσίαν

2412 4778 2764 4848 ἐπανορθοῦν,
2826 4779 2924 4848 τὴν
2980 4782 3087 4842 τοῖς
3142 4779 3484 4848 ἀνδροφόνοις
3540 4779 3605 4832 τὰ
3650 4781 3789 4850 πρὸς
3833 4780 4001 4845 ἀξίαν

2415 4871 2901 4941 ὰποκληρὼσασαν.
2950 4872 3106 4924 Ἀλλὰ
3128 4873 3178 4924 τί
3206 4890 3336 4942 φησι
3362 4889 3376 4937 ;
3411 4874 3606 4939 Κύριε,
3627 4872 3713 4940 μὴ
3749 4871 4000 4939 στήσῃς

2415 4962 2619 5026 αὐτοῖς
2646 4963 2759 5029 τὴν
2792 4963 3082 5031 ἁμαρτίαν
3124 4964 3365 5030 ταύτην
3401 4964 3665 5015 τουτέστι·
3698 4964 3797 5025 Δὸς
3828 4965 3999 5031 φόϐον

2417 5050 2776 5117 κατανύξεως·
2812 5053 2983 5118 ἄγαγε
3015 5052 3150 5120 πρὸς
3191 5052 3551 5121 μεταμέλειαν
3592 5051 3700 5103 τῶν
3728 5052 4000 5121 τετολμη-

2416 5143 2611 5211 μένων·
2664 5142 2736 5213 μὴ
2784 5145 3140 5212 συγχωρήσῃς
3185 5142 3533 5195 ἐναποθανεῖν
3582 5145 3647 5213 τῇ
3693 5146 3995 5213 περιτομῇν

2412 5231 2639 5284 ἕλκυσον
2697 5232 2784 5284 διὰ
2838 5234 3122 5302 μετανοίας
3172 5232 3307 5302 πρὸς
3359 5232 3456 5303 τὴν
3518 5232 3615 5302 σὴν
3672 5235 3994 5301 ἐπίγνωσιν·

800 5364 866 5401 π’
902 5367 987 5419 ισ.
1014 5364 1271 5432 ἀγωνίαν.
1301 5365 1544 5420 Riecard.
1571 5375 1721 5434 pttlat
1741 5365 2054 5437 ἁγηνορίαν.
2125 5365 2170 5396 ⁸ο
2196 5364 2292 5418 ἄλ.
2318 5366 2463 5437 ὅρθιο

1263 5405 1271 5419 .
1301 5365 1544 5420 Riecard.
1571 5375 1721 5434 pttlat
1741 5365 2054 5437 ἁγηνορίαν.
2125 5365 2170 5396 ⁸ο
2196 5364 2292 5418 ἄλ.
2318 5366 2517 5437 ὄρθιον,
2545 5368 2685 5435 quod
2718 5378 2770 5420 et
2793 5367 2926 5435 lego.

808 5501 920 5572 (37)
949 5500 1015 5556 Ut
1044 5519 1104 5553 ne
1121 5514 1283 5555 rectus
1309 5504 1359 5554 in
1382 5504 1531 5571 pedes
1551 5513 1730 5565 staret,
1748 5503 1895 5571 πρὸς
1912 5501 2024 5569 τὴν
2043 5502 2317 5570 ὀλέθριον

738 5571 983 5627 στάσιν,
1036 5573 1163 5624 Eant
1197 5573 1251 5623 S.
1298 5573 1465 5625 Andr.
1524 5574 1727 5625 Ctttllt'is
1777 5576 2053 5628 lectioni-nt
2105 5580 2312 5638 probo:

743 5642 1002 5708 quidquid
1055 5642 1352 5693 liitzeardns
1397 5651 1622 5708 Carpat,
1662 5650 1912 5707 tanquam
1950 5656 2051 5693 vox
2100 5640 2311 5704 ῶκλαζε

746 5722 1027 5779 repugnat.
1097 5712 1206 5762 luto
1254 5711 1409 5779 plane
1465 5712 1747 5777 congruit;
1800 5711 2051 5779 nihilque
2100 5711 2160 5763 τὸ
2203 5712 2319 5764 ὀλέ-

743 5778 922 5859 θριον,
958 5780 1098 5849 qqu
1124 5778 1272 5850 legit,
1297 5782 1635 5836 commodum
1663 5788 1762 5835 est.
1797 5778 1935 5834 Niltil
1968 5780 2108 5835 enim
2140 5782 2312 5850 ipsum

2421 5514 2566 5555 Stare
2617 5504 2941 5570 peculiarins
2995 5503 3269 5555 exitiabile
3308 5503 3505 5564 habet,
3537 5512 3589 5553 nt
3637 5518 3701 5557 eo
3750 5504 3999 5569 epitheto

2420 5573 2665 5625 Asterius
2700 5584 2885 5625 notare
2915 5574 3175 5624 tlt'lmt't'il.
3216 5578 3319 5625 Sed
3354 5575 3409 5625 5.
3460 5585 3664 5642 Ittal'lyt‘
3705 5591 3769 5626 eo
3796 5591 3996 5641 t'ttr'tti-

2425 5643 2498 5693 tis
2527 5645 2707 5695 habitu
2751 5645 3002 5706 ueint-eps
3032 5644 3225 5693 durare
3273 5660 3374 5696 tum
3419 5655 3664 5710 poterat,
3716 5644 3934 5698 defeeto
3966 5664 3995 5700 ιι

2426 5713 2664 5779 lapidum
2694 5724 3007 5764 cotttttsmne
3046 5714 3378 5777 ('otpttscnlo.

2500 5781 2611 5851 (58)
2656 5781 2778 5837 ΙΙωο
2808 5782 2966 5833 etiam
3008 5780 3226 5836 l'ltotius
3268 5797 3329 5835 ac
3359 5782 3635 5850 sequentia
3668 5779 3918 5837 tlrﬂorat.
