4212 6318
126 397 226 453 34η

1062 402 1348 457 ωιιιιιΑ
1399 402 1510 458 Xll.
1550 403 1617 458 IN
1656 404 1948 465 LAUDEM
1989 411 2047 465 S.
2091 411 2448 469 STEPHANI.

3269 388 3387 470 asa

124 514 325 583 ἇναψον
356 514 415 566 ὲν
445 516 569 577 ταῖς
608 514 859 586 καρδίαις
884 514 983 585 τὴν
1009 514 1182 583 φλόγα
1222 513 1317 568 τοῦ
1361 515 1699 588 Πνεύματος.

1814 525 1969 579 tentia
2000 526 2289 579 redeuntes
2340 527 2523 592 trahe,
2550 526 2721 581 sancti
2759 526 2991 594 Spiritus
3020 524 3287 580 tlarnmam
3324 529 3375 581 in

129 605 223 658 'Av
263 604 372 675 γὰρ
405 604 582 669 οὕτως
618 604 965 676 βελτιωθῶσι,
999 600 1263 678 πρόδηλον
1296 606 1352 659 δὲ
1384 606 1459 671 ὼς
1490 608 1610 661 τότε
1639 609 1701 661 οὐ

126 697 330 767 στήσῃς
360 697 461 768 τὴν
501 697 796 767 ἁμαρτίαν·
831 696 965 751 ἀλλά
993 697 1054 751 τὸ
1079 698 1300 768 λουτρὸν
1330 699 1428 768 τῆς
1459 698 1701 770 χάριτος,

128 790 218 842 καὶ
250 790 313 841 τὸ
347 789 461 854 σὺν,
484 790 579 843 καὶ
600 790 661 843 τὸ
678 790 809 860 ἐμὸν
835 784 974 861 αἷμα
992 791 1293 861 νιψόμενοι,
1309 791 1580 863 ἐλεύθεροι
1598 790 1703 843 τῶν

126 879 488 950 ἐγκλημάτων
525 883 866 951 γενήσονται.
899 880 1085 935 Ταῦτα
1125 882 1357 949 ἐγένετο,
1402 882 1495 935 καὶ
1528 881 1704 935 ἐτελέ-

130 970 226 1041 σθη
263 972 325 1025 τὸ
360 974 563 1042 δρᾶμα.
595 972 705 1026 Καὶ
747 974 995 1045 στρατιαὶ
1040 972 1140 1044 μὲν
1180 972 1289 1025 τῶν
1336 972 1599 1041 ἀγγέλων.
1624 974 1707 1026 εὐ-

128 1062 435 1133 φραίνοντο,
460 1064 553 1118 τὸν
576 1049 760 1133 ἀγῶνα
790 1065 1181 1135 θαυμάζουσαι,
1208 1066 1300 1118 καὶ
1333 1065 1471 1135 μετά
1503 1065 1705 1137 πολλῆς

126 1155 218 1222 τῆς
249 1153 575 1224 δορυφορίας
608 1156 698 1207 τὸν
724 1156 993 1223 Στέφανον
1024 1157 1104 1219 είς
1136 1156 1226 1210 τὸν
1261 1156 1388 1209 [διον
1410 1155 1705 1223 ἀνάγουσαι

127 1246 351 1316 κλῆρον’
379 1249 406 1299 ὁ
434 1248 491 1300 δὲ
524 1247 766 1310 διάόολος
794 1248 1117 1320 ἀπεστράφη
1152 1249 1326 1312 κενὸς,
1356 1248 1707 1319 ἠπορημένος

126 1335 330 1399 δεινῶς·
388 1337 502 1390 ἀλλ’
533 1339 622 1390 ἵνα
661 1356 713 1391 τι
760 1339 854 1391 καὶ
900 1337 1350 1411 σωματικώτερον
1401 1340 1538 1392 εἴπω
1578 1340 1705 1410 περὶ

126 1426 213 1479 τοῦ
262 1428 506 1497 ἐναερίου
537 1430 867 1500 πνεύματος,
895 1430 1052 1499 λόγον
1084 1430 1421 1502 προφητικὸν
1459 1432 1702 1502 μιμησά-

130 1534 306 1586 μενος,
340 1520 420 1584 ὠς
450 1522 809 1591 πρόσκαυμα
856 1525 1079 1590 χύτρας
1111 1523 1291 1594 φέρων
1311 1524 1370 1576 τὸ
1392 1524 1701 1594 πρόσωπον,

127 1611 213 1661 καὶ
252 1611 558 1664 τούναντίον
596 1613 628 1683 ἢ
667 1614 969 1683 προσεδόκα
1002 1612 1374 1685 κατορθώσας,
1422 1616 1515 1668 καὶ
1542 1614 1606 1667 δι’
1632 1610 1706 1667 ὧν

126 1701 368 1770 ἐνόμιζεν
413 1705 776 1775 Χριστιανοὺς
814 1705 1089 1770 ἐλαττοῦν,
1131 1705 1196 1758 δι’
1229 1707 1451 1759 ἐκείνων
1503 1705 1707 1775 πληθύ-

127 1809 217 1855 νας
246 1804 339 1845 τον
364 1794 471 1846 τῶν
499 1796 790 1867 μαρτύρων
821 1798 1141 1866 κατάλογον.

1808 631 1992 673 eorum
2050 620 2362 687 pectoribus
2396 621 2647 675 accende.
2700 621 2755 674 Si
2797 621 2942 675 enim
2995 621 3065 673 ita
3103 633 3164 673 se
3194 634 3377 673 emen-

1811 709 2077 775 daveriut,
2111 720 2275 778 atque
2334 711 2398 763 ad
2433 710 2704 765 meliorem
2741 726 2799 765 se
2829 712 3034 779 frugem
3060 710 3379 775 receperint,

1819 802 2006 869 utique
2036 816 2167 857 sane
2185 813 2313 857 tunc
2340 817 2443 857 non
2467 811 2670 856 statues
2696 803 2799 857 illis
2821 813 3120 872 peccatum,
3143 804 3236 853 sed
3258 816 3380 869 gra-

1813 893 1900 946 tiae
1937 892 2152 948 lavacro
2198 904 2288 948 tuo
2310 933 2324 957 ,
2359 908 2584 961 meoque
2614 895 2875 959 sanguine
2906 892 3069 945 ahluti
3091 931 3106 954 ,
3143 909 3171 943 ιι
3205 890 3379 942 crimi-

1814 982 1972 1036 nibus
1998 984 2263 1038 immunes
2314 983 2575 1052 liberique
2604 992 2783 1037 erunt.
2805 981 3077 1035 Hactenus
3103 990 3376 1050 peractum

1809 1082 1893 1125 est
1923 1071 2106 1125 drama
2129 1113 2143 1137 ,
2172 1087 2236 1125 ac
2283 1073 2395 1125 lusa
2434 1070 2631 1125 tabula.
2664 1071 2742 1124 Ae
2799 1070 3109 1139 angelorum
3164 1068 3377 1138 quidem

1807 1162 2082 1220 exercitus
2126 1177 2350 1232 agentem
2391 1163 2751 1225 demirantes,
2796 1161 3247 1231 Stephanunnpre
3298 1161 3379 1214 in-

1815 1251 1960 1321 genti
1997 1251 2253 1318 Stipatqu
2297 1249 2549 1305 satellitio
2583 1249 2635 1303 in
2670 1248 3000 1302 hmreditatis
3036 1264 3145 1302 sua:
3175 1259 3378 1317 partem

1808 1340 2135 1405 evehentes,
2198 1340 2494 1408 impensius
2546 1337 2895 1406 gaudebant;
2951 1336 3201 1391 diabolus
3249 1348 3380 1387 vero

1810 1432 2017 1496 inanis,
2052 1432 2394 1501 graviterque
2423 1431 2663 1485 defectus
2687 1469 2701 1491 ,
2742 1444 2804 1483 ac
2828 1429 3032 1483 consilii
3063 1429 3217 1496 inops
3253 1428 3381 1481 abs-

1812 1523 1999 1577 cessit.
2034 1524 2237 1591 Atque,
2274 1531 2331 1575 ut
2356 1520 2629 1591 quidpiam
2670 1535 2985 1589 corporeum
3029 1519 3197 1584 magis
3230 1533 3381 1573 cras-

1814 1628 2043 1681 sumque
2102 1614 2170 1668 de
2206 1628 2364 1668 aereo
2410 1614 2599 1682 spiritu
2636 1612 2728 1665 illo
2759 1610 3067 1681 proferam,
3110 1609 3382 1678 propheti-

1810 1720 1933 1757 cum
1961 1705 2211 1773 loquendi
2263 1705 2475 1758 motlum
2526 1704 2787 1767 imitatus,
2825 1710 3000 1755 atrato
3030 1700 3200 1763 vultu,
3230 1700 3381 1768 quasi

1814 1798 2022 1850 adustio
2052 1796 2171 1848 olla:
2196 1787 2291 1861 δν,
2316 1794 2648 1849 dcﬂexitiler
2677 1810 2692 1844 :
2722 1802 2831 1845 tum
2857 1792 2980 1859 quia
3010 1803 3203 1859 praeter
3230 1805 3382 1858 spem

128 1898 280 1937 suam
330 1902 417 1941 res
461 1904 717 1956 prospere
749 1894 1000 1945 cessisset
1046 1893 1098 1946 in
1134 1891 1358 1957 melius;
1412 1904 1523 1948 tum
1555 1893 1699 1963 quod
1744 1892 1931 1945 iisdem
1979 1892 2228 1956 artibus,
2307 1892 2502 1960 quibus
2572 1903 2630 1942 se
2673 1887 3011 1942 Christianos
3049 1885 3381 1939 minutnrum

131 1982 373 2047 putabat,
412 1994 710 2051 martyrum
742 2000 1023 2039 numerum
1055 1985 1385 2042 adauxisset.

188 2069 260 2121 Τί
303 2069 360 2121 δὲ
395 2071 491 2123 καὶ
525 2072 662 2142 πρὸς
691 2074 904 2127 Παῦλον
934 2078 1025 2129 τὸν
1054 2076 1234 2147 ίερόν;
1262 2072 1342 2139 εἷς
1376 2078 1484 2150 γὰρ
1518 2074 1584 2149 ἦν
1613 2078 1706 2130 καὶ

1830 2060 1841 2067 ”
1892 2072 2089 2127 Verum
2118 2070 2247 2139 quid
2285 2068 2351 2123 de
2386 2067 2551 2121 Paulo
2584 2066 2709 2119 item
2749 2079 2904 2118 sacro
2930 2063 3139 2118 dicam?
3176 2060 3303 2114 Nam
3331 2070 3387 2115 et

124 2153 275 2222 οὗτος
304 2160 412 2213 τῶν
426 2163 717 2230 φονευτῶν,
742 2165 946 2237 ἀληθὴς
964 2168 1245 2236 Βενιαμὶν
1263 2170 1452 2234 λύκος
1482 2153 1701 2236 ἅρπαξ.

126 2251 183 2304 Et
226 2252 337 2323 γὰρ
367 2253 462 2306 καὶ
490 2256 652 2318 αὐτὸς
688 2256 762 2327 μὴ
809 2255 1077 2321 έλίθαζεν,
1102 2257 1217 2310 ἀλλ’
1253 2260 1436 2329 ἐτήρει
1466 2259 1566 2329 τὴν
1598 2258 1707 2310 τῶν

126 2342 447 2407 λιθάζόντων
474 2345 697 2415 ἐσθῆτα,
720 2348 816 2409 καὶ
839 2348 1102 2419 ὑπηρέτει
1128 2347 1307 2419 δημίῳ
1336 2349 1529 2420 δήμου.
1562 2348 1707 2417 Πλὴν

126 2434 321 2506 ὅψομαί
356 2453 415 2489 σε
456 2438 597 2507 μετά
643 2438 835 2509 μικρὸν
863 2439 955 2492 τὸν
986 2440 1304 2511 σφριγῶντα
1345 2438 1461 2505 νῦν,
1498 2440 1590 2494 καὶ
1616 2440 1707 2493 θυ-

131 2526 223 2593 μὸν
242 2524 435 2595 ἄγριον
464 2526 717 2591 πνέοντα,
745 2527 932 2599 ὥσπερ
963 2528 1083 2582 τινά
1110 2529 1282 2599 γραῦν
1314 2528 1516 2599 ἀσθενῆ
1562 2546 1708 2601 χειρ-

129 2616 527 2686 αγωγούμενον,
556 2618 685 2672 ὅταν
726 2618 939 2688 μέλλεις
986 2620 1215 2687 ἄγεσθαι
1258 2620 1395 2691 πρὸς
1420 2619 1511 2672 τὸν
1556 2622 1708 2673 Ἀνα-

126 2707 261 2774 νίαν,
290 2711 387 2780 τῆς
417 2710 678 2780 ἀληθείας
720 2712 1076 2781 γευσάμενος.
1125 2712 1251 2767 Ἡδὺ
1286 2712 1343 2766 δὲ
1376 2712 1581 2783 σφόδρα
1616 2730 1709 2781 γε-

128 2799 375 2870 λάσομαι,
400 2802 529 2854 ὃταν
559 2803 776 2855 ἀκούσω
801 2820 894 2857 σου
918 2803 1018 2867 τὰς
1052 2805 1191 2875 ὑπὲρ
1228 2804 1562 2872 Εὐαγγελίου
1592 2804 1705 2857 θλί-

128 2890 241 2958 ψεις
283 2889 713 2963 ἐξηγησαμένου,
744 2894 837 2947 καὶ
864 2895 1066 2965 μεταξὺ
1110 2897 1219 2947 τῶν
1241 2895 1415 2949 ἄλλων
1447 2894 1708 2948 κινδύνων

130 2980 386 3049 λέγοντος·
424 2984 623 3048 "Attat?
651 2985 1000 3053 ἐλιθάσθην.
1039 2988 1157 3057 Χρὴ
1192 2986 1301 3057 γάρ
1333 3004 1392 3039 σε
1423 2986 1508 3040 διὰ
1545 2985 1707 3038 λίθων

131 3074 264 3145 ὑπὲρ
295 3075 401 3127 τῶν
433 3075 599 3129 λίθων
629 3076 1090 3148 ἀπολογήσασθαι,
1128 3080 1222 3132 καὶ
1271 3082 1338 3149 τῇ
1390 3078 1707 3149 ταυτέμπα-

131 3164 243 3237 θείᾳ
278 3166 435 3220 λῦσαι
473 3168 571 3239 τῆς
603 3168 883 3240 ἁμαρτίας
909 3168 973 3223 τὸ
1006 3168 1275 3241 ἔγκλημα.

193 3427 379 3492 ’Δξιον
412 3430 469 3482 δὲ
500 3431 635 3501 μηδὲ
668 3430 764 3502 τὴν
798 3432 1060 3486 ὀπτασίαν
1092 3435 1411 3490 καταλιπεῖν
1448 3437 1543 3491 τοῦ
1578 3440 1702 3492 Στε-
1729 3446 1771 3502 C

127 3520 295 3585 φάνου
326 3521 699 3586 ἀνεξέταστον.
737 3525 848 3577 ’Δεὶ
900 3526 1009 3596 γάρ
1052 3528 1079 3577 ὁ
1122 3526 1230 3581 τῶν
1261 3528 1398 3581 ὅλων
1427 3529 1577 3593 Θεὸς,
1614 3532 1704 3585 τοῦ

128 3609 247 3677 ἑξῆς
300 3612 773 3683 προμηθούμενος,
844 3614 954 3667 τῶν
1015 3616 1314 3686 μελλόντων
1365 3620 1705 3685 ἐπιγίνεσθαι

128 3701 229 3753 τῶν
258 3702 616 3772 ἀνθρωπίνων
648 3704 1057 3775 ἁμαρτημάτων
1082 3709 1535 3777 προφυλακτικῶς
1577 3730 1707 3782 προ-

129 3790 522 3856 κατασκευαζει
564 3792 661 3863 τὴν
702 3794 1019 3864 θεραπείαψ
1052 3796 1078 3849 ὃ
1119 3798 1182 3867 δὴ
1214 3798 1447 3853 ἐνταῦθα
1482 3802 1706 3872 πεποίη-

129 3899 237 3935 κεν.
269 3885 331 3935 Ei
370 3884 479 3954 γὰρ
522 3886 657 3955 πρὸς
684 3885 743 3937 τὸ
774 3890 1042 3956 χρήσιμον
1081 3887 1173 3941 τοῦ
1208 3885 1507 3956 ἁγωνιστοῦ
1547 3895 1707 3960 μόνον

134 3977 362 4029 ἐτελεῖτο
394 3978 462 4029 τὰ
500 3978 811 4045 θεοφάνεια,
842 3979 1000 4050 ἢρκει
1035 3980 1128 4033 καὶ
1163 3985 1345 4054 φωνὴν
1374 3986 1623 4052 γενέσθαι
1649 3988 1707 4053 eg

130 4068 388 4139 οὐρανῶν,
418 4069 608 4141 ῶσπερ
637 4073 730 4123 καὶ
768 4072 860 4124 ἐπὶ
887 4071 981 4123 τοῦ
1014 4072 1389 4143 βαπτίσματος
1420 4078 1703 4149 πρότερον,

129 4160 160 4232 ἢ
184 4163 393 4232 χρόνοις
424 4162 651 4232 ὕστερον
674 4164 766 4215 ἐπὶ
791 4167 890 4233 τῆς
922 4166 1414 4234 μεταμορφώσεως,
1443 4169 1475 4237 ἣ
1511 4171 1602 4222 καὶ
1631 4171 1707 4233 ὡς

130 4253 216 4303 ἐπὶ
244 4254 679 4318 Παύλουτούτου,
709 4253 870 4323 ἡνίκα
902 4254 998 4324 τὴν
1021 4256 1112 4307 ἐπὶ
1141 4259 1427 4326 Δαμασκὸν
1458 4259 1707 4329 ἐπορεύετο

129 4360 185 4396 το
210 4344 349 4397 ὁδόν.

195 4437 332 4490 Νυνὶ
355 4437 433 4498 δὲ,
462 4438 549 4491 διά
575 4456 635 4491 τε
669 4436 760 4493 οὖν
789 4441 941 4505 ἄλλα,
970 4443 1063 4496 καὶ
1090 4442 1177 4495 διὰ
1208 4443 1268 4495 τὸ
1309 4443 1521 4513 μέλλειν
1550 4445 1611 4496 τὸ
1642 4448 1705 4498 ὲκ

130 4530 331 4601 Λιϐύης
385 4532 554 4583 κακὸν
594 4531 682 4584 τὸν
713 4532 995 4586 Σαϐέλλιον
1035 4538 1153 4597 ταῖς
1190 4535 1534 4603 Ἑκκλησίαις
1584 4537 1705 4588 ἐπι-

132 4619 355 4685 φύεσθαι
393 4618 488 4671 τοῦ
518 4618 675 4684 Θεοῦ,
729 4622 823 4675 καὶ
868 4623 966 4694 τὴν
1003 4622 1294 4688 κακόδοξον
1326 4622 1432 4674 τῶν
1471 4624 1706 4675 ὑποστά-

135 4726 267 4763 σεων
298 4711 560 4780 σύγχυσιν
601 4714 679 4775 είς
706 4714 797 4765 τὸν
833 4714 945 4783 βίον
983 4715 1245 4782 εἰσάγειν·
1270 4714 1458 4767 τούτου
1487 4716 1644 4786 χάριν
1677 4716 1705 4766 ό

1814 2164 1902 2217 ille
1932 2179 2070 2215 unus
2093 2173 2212 2215 erat
2236 2161 2531 2215 occisorum
2559 2200 2574 2224 ,
2603 2174 2759 2213 verus
2793 2158 3073 2224 Benjumin
3111 2158 3263 2224 lupus
3294 2171 3388 2208 ra-

1810 2270 1915 2323 ppx
1943 2255 2012 2306 ".
2041 2254 2359 2321 Quanquam
2389 2255 2531 2307 enim
2569 2254 2682 2321 ipse
2719 2270 2822 2307 non
2853 2252 3145 2320 irnpetebat
3195 2250 3387 2320 lapidi-

1814 2348 1932 2407 bus,
1969 2356 2022 2397 at
2057 2347 2305 2399 servabat
2347 2354 2524 2397 taruen
2559 2343 2905 2411 lapidantium
2938 2354 3134 2404 vestes,
3169 2357 3232 2395 ac
3266 2358 3387 2396 car-
3418 2358 3423 2363 '

1814 2437 1984 2490 nitieis
2011 2436 2187 2504 populi
2244 2436 2549 2488 ministrum
2584 2434 2794 2503 agebat.
2830 2433 3116 2487 Enimvero
3160 2434 3387 2502 posthac

1814 2526 1960 2577 brevi
1990 2565 2005 2589 ,
2041 2540 2180 2577 nunc
2216 2534 2506 2576 tumentem
2542 2532 2611 2588 te,
2653 2522 2981 2591 elieratnqne
3020 2525 3153 2577 iram
3184 2538 3247 2576 ac
3301 2524 3386 2575 fn-

1815 2632 1988 2674 τρι-ειη
2021 2616 2321 2685 spirantem
2354 2615 2564 2668 visurus
2589 2629 2729 2677 Sum,
2751 2615 2842 2683 qui
2868 2614 3006 2666 velut
3030 2615 3387 2682 languescens

1814 2730 1947 2768 anus
1980 2729 2041 2767 ac
2082 2712 2368 2776 imbecilla,
2400 2712 2467 2764 ad
2494 2726 2684 2765 manus
2718 2711 2950 2763 traharis
2978 2709 3055 2770 ⁸²;
3083 2724 3203 2762 curn
3238 2709 3382 2761 veri-

1816 2806 1945 2859 tatis
1973 2812 2130 2873 gustu
2168 2802 2309 2856 facto
2343 2801 2411 2855 ad
2448 2802 2707 2855 Ananiam
2745 2802 2981 2855 duceris.
3031 2798 3199 2853 Porro
3238 2800 3377 2854 dulci

1813 2896 2099 2949 admodum
2132 2895 2240 2947 risu
2262 2892 2551 2956 dill'nndar,
2573 2908 2693 2945 cum
2722 2894 3007 2960 temetipso
3039 2893 3381 2954 denarrante,

1815 2996 1932 3039 tuas
1968 2984 2242 3053 Evangelii
2279 2999 2447 3039 causa
2485 2983 2861 3038 alliictatioues
2901 2984 3113 3037 audiam
3156 3001 3167 3036 :
3222 2994 3386 3051 utque

1814 3077 1957 3129 inter
1994 3085 2185 3129 cmtera
2228 3076 2339 3128 haec
2369 3076 2679 3130 discrimina
2723 3075 2948 3137 referas,
2975 3072 3141 3129 Semel
3179 3074 3388 3142 lapida-

1812 3176 1896 3221 tus
1936 3184 2051 3220 sum
2095 3168 2161 3221 ".
2212 3168 2315 3221 Par
2359 3182 2592 3236 namque
2619 3176 2740 3231 est,
2784 3178 2842 3222 ut
2884 3167 3147 3235 lapidibus
3194 3166 3384 3221 mediis

1814 3258 2051 3323 lapidum
2079 3258 2189 3326 ipse
2212 3258 2445 3328 depellas
2468 3258 2693 3322 crimen,
2722 3272 2934 3328 unaque
2956 3274 3020 3312 ac
3046 3258 3234 3313 eadem
3256 3273 3385 3325 pas-

1814 3350 1962 3403 sione
2016 3358 2298 3414 peccatum
2330 3348 2497 3402 etuas.

1876 3438 2063 3508 Operae
2112 3442 2338 3508 pretium
2386 3452 2561 3493 autem
2614 3454 2937 3509 aequumque
2980 3438 3246 3500 videatur,
3328 3450 3382 3490 ut

1815 3547 1986 3600 neque
2040 3532 2303 3601 Stephani
2351 3532 2610 3585 visionem
2667 3531 3054 3599 inexploratam
3113 3528 3381 3596 relinqua—

1811 3638 1948 3674 mus.
1985 3623 2213 3690 Semper
2238 3637 2367 3674 sane
2403 3622 2775 3675 universorum
2824 3622 2960 3674 Dens
2981 3660 2995 3685 ,
3023 3620 3198 3673 futura
3223 3661 3238 3685 ,
3266 3634 3384 3686 qua:

1809 3714 1973 3765 vitam
2022 3714 2218 3766 exinde
2270 3714 2624 3779 insequuntur
2685 3715 2993 3773 humanam,
3052 3712 3384 3780 prospiciens

1808 3812 2011 3865 errata,
2057 3818 2161 3870 quo
2188 3805 2478 3869 prudenter
2504 3802 2584 3856 eis
2610 3811 2889 3863 occurrat,
2939 3800 3195 3853 medelam
3232 3799 3383 3865 longe

1813 3904 1937 3947 ante
1966 3904 2210 3961 apparat,
2255 3894 2413 3960 idque
2445 3909 2586 3947 nunc
2620 3893 2814 3948 effecit.
2857 3892 2985 3944 Nam
3018 3894 3060 3945 si
3092 3893 3157 3944 ad
3192 3893 3383 3960 pugilis

1813 3983 2074 4036 duntaxat
2102 3984 2383 4036 utilitatem
2411 3983 2590 4036 divina
2626 3984 2891 4051 apparitio
2919 3980 3055 4034 facta
3089 3991 3262 4044 esset,
3304 3994 3383 4031 sa-

1812 4075 1878 4126 tis
1913 4073 2096 4140 utique
2129 4074 2293 4126 etiam
2328 4088 2426 4125 vox
2465 4092 2495 4126 e
2526 4074 2681 4127 caelis
2722 4072 2859 4126 facta
2899 4074 3198 4133 hahuiSSet,
3234 4082 3290 4124 ut
3326 4071 3377 4121 in

1809 4163 2074 4231 baptismo
2103 4164 2330 4231 primmu
2364 4163 2409 4194 ”
2431 4202 2446 4226 ,
2482 4164 2563 4217 vel
2603 4172 2661 4216 ut
2694 4163 2887 4217 deinde
2921 4163 2971 4215 in
3004 4162 3381 4228 'l'ranstigura-

1811 4256 1953 4309 tione
1977 4256 2052 4319 ⁸⁸,
2112 4256 2189 4308 vel
2234 4255 2491 4308 utetiam
2551 4256 2601 4307 in
2644 4255 2756 4324 jam
2809 4265 3104 4309 memorato
3177 4253 3379 4316 l’aulo,

1809 4364 1929 4401 cunt
1966 4349 2283 4401 Damascum
2322 4348 2425 4401 iter
2454 4347 2658 4401 faceret
2692 4348 2757 4401 ⁸⁸.

1880 4438 1948 4490 At
1978 4439 2067 4505 qui
2108 4453 2272 4501 ntmc,
2316 4449 2425 4491 tum
2459 4439 2540 4491 vel
2570 4440 2803 4491 maxime
2835 4438 2957 4505 quia
2994 4435 3228 4489 futurum
3261 4450 3381 4502 pro-

1809 4526 1949 4579 fecto
1983 4535 2139 4591 erat,
2174 4534 2231 4578 ut
2256 4542 2318 4578 ex
2356 4527 2535 4579 Africa
2571 4526 2871 4593 profectum
2924 4525 3120 4577 malum
3144 4566 3158 4587 ,
3182 4524 3382 4577 .Sabel.

1810 4617 1930 4681 lius,
1968 4620 2179 4684 inquam
2215 4656 2230 4679 ,
2265 4618 2356 4672 Dei
2397 4617 2663 4671 Ecclesias
2697 4618 3010 4680 invaderet,
3045 4630 3381 4683 perversam-

1809 4726 1912 4777 que
1954 4710 2259 4777 opinionem
2290 4712 2357 4762 de
2390 4724 2743 4775 persenarnm
2774 4710 3089 4762 centusione
3139 4708 3190 4761 in
3224 4724 3379 4760 ιιιιιιι-

132 4800 259 4865 Θεὸς
290 4802 479 4873 ὥσπερ
513 4804 939 4873 προανακόπτων
972 4806 1032 4858 τὸ
1074 4806 1285 4875 μέλλον,
1323 4806 1418 4859 καὶ
1460 4783 1574 4868 τὰς*
1602 4807 1704 4876 ψυ-

1814 4803 1932 4854 dum
1975 4801 2296 4854 induceret:
2349 4801 2448 4853 hac
2493 4801 2558 4853 de
2584 4815 2746 4853 causa
2787 4800 2924 4853 Deus
2972 4801 3149 4852 futura
3182 4814 3382 4867 praten-

133 4891 228 4960 κάς
251 4892 363 4944 τῶν
397 4896 475 4956 εἰς
508 4892 731 4963 ὕστερον
757 4895 1311 4967 προασφαλιζόμενος,
1338 4897 1574 4949 δείκνυσι
1607 4899 1702 4967 μὲν

134 4981 319 5035 ἑαυτὸν
356 4983 436 5050 τῷ
462 4984 718 5055 Στεφάνῳ
744 4986 802 5035 ὲν
829 4985 935 5055 ἰδίᾳ
970 4987 1077 5039 τινὶ
1115 4988 1209 5039 καὶ
1247 4987 1525 5041 αὑτοτελεῖ
1556 4988 1702 5058 δόξῃ.

133 5072 365 5127 δείκνυσι
404 5076 461 5128 δὲ
493 5078 588 5129 καὶ
611 5077 700 5129 τὸν
728 5076 855 5131 Υἱον
888 5080 944 5130 ὲν
972 5080 1363 5150 ἀπηρτισμένῳ
1403 5080 1701 5151 προσώπῳ,

136 5164 312 5236 ἵστησι
338 5166 395 5219 δὲ
426 5168 587 5220 αὐτὸν
621 5170 684 5221 ὲκ
709 5167 895 5232 δεξιῶν
927 5169 1143 5235 ἑαυτοῦ,
1181 5170 1265 5222 ἴνα
1311 5174 1376 5241 τῇ
1404 5172 1706 5242 διευκρινή-

142 5265 223 5304 est
244 5245 350 5307 τῶν
383 5255 693 5327 προσώπων
718 5257 1029 5329 ἑρμηνεύσῃ
1064 5258 1162 5321 τὰς
1192 5260 1529 5324 ὑποστάσεις,

201 5429 315 5481 Καὶ
332 5430 491 5500 τυχὸν
520 5432 633 5502 ἐρεῖ
651 5450 755 5495 τις·
792 5434 871 5487 Τά
906 5436 1002 5506 μὲν
1018 5452 1084 5488 πε
1093 5436 1147 5507 pi.
1165 5439 1258 5489 τοῦ
1280 5437 1491 5509 Πατρὺς
1508 5438 1705 5492 καὶτοῦ

140 5517 266 5573 Υίοῦ
302 5521 442 5576 οὕτω
471 5540 553 5575 σοι
591 5524 1039 5596 πεφιλοσόφηται”
1091 5526 1192 5579 ποῦ
1220 5528 1276 5579 δὲ
1307 5528 1365 5580 τὸ
1393 5530 1615 5599 Πνεῦμα
1646 5529 1706 5581 τὸ

142 5610 323 5679 arm;
357 5615 418 5667 Ei.
445 5615 555 5685 γὰρ
586 5615 687 5685 τῆς
726 5617 866 5670 κατὰ
897 5622 997 5689 τὴν
1035 5619 1216 5672 πίστιν
1257 5619 1555 5687 ἀσφαλείας
1587 5622 1703 5674 ’ἐνε-

207 5744 272 5774 ⁸⁶²
302 5745 434 5800 Νιιίι.
460 5763 522 5811 ιι,
556 5747 659 5813 10;
688 5747 800 5802 Joel
832 5766 892 5810 II.
926 5750 977 5804 6.

1079 5753 1123 5785 υ
1154 5754 1287 5809 Gen.
1320 5771 1441 5812 xux
1463 5800 1479 5823 ,
1512 5759 1601 5813 ‘27.

145 5809 185 5843 ⁸³
211 5813 402 5872 κυιιὴ.
431 5809 564 5877 xvii.
606 5809 662 5872 5.

736 5818 919 5875 “Aet.
953 5838 1026 5886 tx,
1062 5823 1096 5879 4
1127 5840 1248 5893 sqq.

1708 5761 1754 5792 ⁸⁸
1781 5771 1897 5816 aet.
1947 5778 2034 5827 1x,
2069 5763 2122 5817 8.

1813 4908 1964 4954 vens,
1990 4906 2053 4944 ac
2081 4903 2415 4958 posterorum
2441 4893 2801 4959 pra’mnniens
2822 4894 3051 4951 animas,
3079 4906 3135 4944 se
3163 4892 3379 4958 quidem

1812 4982 1925 5049 ipse
1951 4982 2227 5050 Stephano
2254 4982 2491 5036 ostendit
2532 4984 2583 5035 in
2624 4999 2716 5036 sua
2751 4981 2938 5050 plane,
2980 4997 3155 5050 eaque
3204 4980 3381 5049 perfe-

1810 5073 2048 5127 ctissima
2124 5072 2326 5142 gloria;
2376 5073 2568 5127 Filium
2620 5088 2746 5126 vero
2803 5073 2966 5127 etiam
3012 5076 3380 5134 demonstrat,

1813 5165 1865 5217 in
1897 5180 2125 5234 persona
2157 5167 2395 5220 numeris
2420 5167 2671 5221 omnibus
2700 5168 2977 5231 absoluta;
3014 5166 3290 5234 ipsumque
3313 5165 3383 5218 ad

1812 5259 2086 5311 dexteram
2143 5273 2295 5311 suam
2334 5259 2555 5321 statuit,
2591 5269 2647 5312 ut
2688 5259 2830 5312 clara
2880 5272 3233 5326 personarum
3297 5257 3378 5309 di-

1812 5350 2101 5403 stinctione
2135 5350 2509 5403 snbsistentias
2537 5351 2847 5416 explicaret.

1881 5439 2077 5494 Verum
2126 5442 2261 5495 dicet
2313 5442 2541 5495 fortasse
2597 5441 2890 5508 quispiam:
2944 5440 3109 5492 Recte
3160 5438 3381 5506 quidem

1814 5532 1929 5593 lucc
1982 5534 2048 5587 de
2086 5533 2243 5587 Patre
2284 5544 2336 5587 et
2378 5532 2515 5587 Filio
2559 5549 2587 5585 a
2640 5544 2691 5585 te
2735 5516 3101 5600 philosophum
3134 5541 3277 5583 suut.
3312 5530 3383 5587 At

1813 5624 1901 5677 ubi
1946 5633 2027 5677 est
2066 5622 2300 5693 Spiritus
2347 5624 2611 5678 sanctus?
2658 5624 2713 5677 Si
2737 5624 2877 5676 enim
2921 5621 2986 5673 ad
3019 5617 3382 5688 pleuamtidei

2198 5763 2244 5795 ⁸³
2275 5760 2315 5815 ll
2352 5763 2477 5818 Cor.
2518 5780 2598 5827 xi,
2659 5762 2746 5816 9.3.
2822 5760 2867 5792 “
2903 5758 3089 5816 Matth.
3155 5772 3231 5821 ιιι,
3294 5754 3370 5809 l7.
