4212 6318
801 353 913 415 555

2090 348 2148 407 S.
2194 349 2468 406 ASTERII
2520 344 2821 410 AMASENI

3987 360 4097 418 356

800 480 976 545 gratia
1018 469 1328 528 condonet,
1382 475 1438 522 et
1478 465 1849 521 misericordia
1896 477 2047 521 curet
2091 476 2251 536 atque
2285 482 2381 521 ex-

2497 469 2624 540 πρὸς
2685 470 2895 533 πάντας
2953 464 3256 534 ὲκὸοῶντος
3298 471 3402 537 δτι,
3438 469 3649 538 οὐδείς
3686 468 3948 542 καθαρὸς
3973 476 4098 532 ἀπὸ

800 568 932 635 piet.
970 563 1103 631 Quis
1138 571 1320 614 autem
1359 559 1496 613 adeo
1542 559 1759 621 surdus,
1791 559 1880 627 qui
1918 558 2079 611 verba
2130 556 2230 611 Job
2284 575 2389 612 uou

801 655 1162 717 exaudiverit,
1220 652 1366 706 clara
1423 666 1558 706 voce
1625 651 1707 706 sic
1768 665 1958 707 omnes
2022 650 2392 719 alloquentis:

805 748 977 804 Nemo
1010 748 1240 800 "tundit:
1274 762 1307 799 a
1338 746 1513 809 sorde,
1562 761 1624 798 ne
1657 744 1837 813 infans
1867 743 2101 811 quidem,
2138 743 2288 813 cujus
2319 753 2394 798 est

802 840 959 894 unius
986 838 1090 892 diei
1120 837 1228 892 vita
1250 853 1406 906 super
1428 845 1622 889 terram
1661 835 1706 868 ⁸⁹
1727 836 1750 888 ?
1770 834 2095 904 Quanquam
2148 837 2271 905 quis
2314 846 2397 892 est

2491 565 2717 632 ῥύπου,
2738 562 2927 634 ἡμέρα
2949 566 3074 618 οὐδ’
3103 564 3300 634 llr-pla
3318 563 3356 631 ἡ
3382 562 3493 634 ζωὴ
3515 566 3701 621 αὐτοῦ
3727 566 3861 636 (60‘)
3882 584 3898 633 ;
3927 570 4026 634 Τίς
4050 569 4098 625 δ’

2499 654 2568 708 ἂν
2597 655 2893 728 σωφρονῶν
2920 654 3188 726 ⁸τοσοῦτον
3228 656 3571 725 φρονήσειεν,
3614 656 3691 721 ὡς
3736 659 4102 731 ὑποκείμενος

2501 747 2776 813 εὐθύναις,
2808 750 2903 803 καὶ
2942 747 3144 813 ταύτας
3183 749 3241 803 ὲν
3264 748 3603 821 δικαστηρίῳ
3639 750 3800 814 Θεοῦ,
3843 753 4102 824 περιττόν

2504 837 2712 893 οἴεσθαι
2734 838 3090 910 συγγνώμην,
3130 840 3227 893 καὶ
3265 840 3486 911 ἀχρεῖον
3526 841 3618 895 τὸν
3646 843 3828 913 ἐλεονς

805 941 913 984 tam
940 929 1102 997 frugi,
1138 929 1264 999 quis
1294 942 1403 983 tam
1454 927 1701 981 modeste
1748 940 1808 981 se
1838 926 1997 994 gerit,
2031 928 2123 995 qui
2160 928 2205 981 si
2238 930 2396 983 modo
2434 932 2631 1001 sapiat,
2660 946 2782 984 cum
2815 930 3077 984 rationem
3122 932 3291 985 totius
3319 932 3446 986 vitae
3479 946 3591 985 suae
3654 935 3966 990 redditurus
4003 935 4101 1011 sit,

803 1024 965 1093 idque
1013 1024 1064 1076 in
1121 1021 1214 1075 Dei
1269 1021 1475 1090 judicio
1521 1019 1881 1081 constitutus,
1934 1034 2401 1088 supervacaneum
2428 1034 2600 1095 putet.
2634 1023 2787 1078 alteri
2842 1024 3161 1093 ignoscere,
3205 1032 3262 1079 et
3309 1024 3743 1080 misericordiam
3780 1025 4104 1097 impertiri?

874 1115 1028 1181 Quod
1064 1115 1107 1169 si
1143 1115 1208 1167 ad
1236 1130 1510 1168 summum
1533 1113 1760 1180 justitia:
1791 1113 2191 1182 probitatisque
2234 1114 2395 1169 fasti-

803 1209 948 1277 gium
990 1205 1385 1275 pervenissent,
1447 1206 1689 1268 adeout,
1748 1204 2209 1273 quemadmodum
2262 1207 2400 1261 scri-

800 1310 953 1368 ptum
1001 1308 1085 1351 est
1130 1296 1213 1362 ⁹⁰,
1289 1311 1452 1365 super
1509 1297 1825 1366 scorpiones
1899 1307 2062 1365 atque
2116 1311 2399 1368 serpentes

802 1390 1094 1455 calcarent,
1149 1390 1594 1459 prommtiatique
1646 1398 1829 1444 essent
1894 1390 2128 1445 victores
2159 1434 2173 1457 ,
2224 1402 2278 1444 et
2333 1393 2400 1447 de

804 1490 1029 1552 peccato
1066 1482 1396 1549 triumphum
1446 1489 1856 1550 reportassent,
1912 1498 2016 1536 non
2069 1492 2249 1537 tamen
2296 1485 2393 1538 de-

802 1573 991 1627 berent
1035 1573 1264 1628 aliorum
1298 1573 1544 1626 omnium
1594 1574 1760 1626 vitam
1798 1573 1863 1626 ad
1913 1574 2244 1630 fortitudinis
2287 1591 2397 1629 suae

2567 1119 2630 1172 Εἰ
2676 1118 2734 1172 δὲ
2788 1118 2883 1172 καὶ
2930 1117 3069 1189 πρὸς
3111 1117 3175 1171 τὸ
3238 1117 3540 1190 ἀκρότατον
3593 1119 3945 1190 δικαιοσύνης
4000 1120 4107 1175 καὶ

2498 1209 2786 1280 ἀκριϐείας
2814 1205 2955 1281 ἦσαν
3004 1209 3355 1280 ἐληλακότες,
3388 1211 3733 1283 πατήσαντες
3774 1208 3832 1265 δὲ
3859 1208 4105 1281 ἀληθῶς,

2498 1301 2638 1355 κατὰ
2666 1302 2726 1354 τὸ
2757 1302 3169 1371 γεγραμμένον,
3212 1302 3399 1355 ἐπάνω
3430 1302 3607 1370 ὄφεων
3652 1303 3749 1356 καὶ
3794 1304 4105 1375 σκορπίων,

2500 1393 2717 1462 νικηταὶ
2752 1392 2810 1445 δὲ
2843 1392 2938 1446 καὶ
2979 1395 3295 1461 στεφανῖται
3330 1395 3477 1446 κατὰ
3544 1394 3645 1463 τῆς
3691 1394 3971 1465 ἁμαρτίας
4011 1395 4109 1447 ἀν-

2500 1483 2877 1556 ηγορεύθησαν
2899 1502 2911 1515 ε
2939 1484 3046 1536 οὐδ’
3069 1484 3241 1549 οὕτως
3283 1485 3452 1556 ἐχρῆν
3487 1485 3623 1555 πρὸς
3653 1486 3750 1555 τὴν
3779 1486 3984 1540 οἰκείαν
4015 1488 4109 1541 ἀν⁴

2503 1576 2687 1648 δρείαν
2719 1576 2815 1630 καὶ
2845 1575 2957 1628 τῶν
2980 1575 3155 1629 ἄλλων
3188 1577 3447 1629 ἁπάντων
3489 1576 3789 1639 κανονίζειν
3817 1578 3909 1631 τὸν
3952 1577 4104 1649 βίον⁶

803 1667 1044 1733 regulam
1080 1664 1315 1734 dirigere
1353 1673 1408 1717 et
1449 1662 1771 1731 explorare,
1834 1664 1926 1717 sed
1970 1663 2225 1718 virtutem
2273 1682 2398 1734 pro-

2500 1668 2637 1724 ἀλλά
2669 1670 2769 1739 τῆς
2810 1670 2908 1739 μὲν
2948 1668 3087 1732 ιδίας
3120 1668 3527 1739 εὐδοκιμήσεως
3579 1668 3659 1737 τῷ
3688 1668 3951 1723 δεδωκότι
3981 1669 4107 1742 Θεῷ

802 1760 976 1827 priam
1027 1769 1306 1824 acceptam
1355 1753 1654 1808 referentes
1687 1754 1772 1819 ei,
1829 1755 1983 1821 cujtis
2040 1756 2305 1809 benelicio
2348 1766 2403 1809 et.

804 1862 1033 1904 munere
1065 1846 1255 1912 adjuti,
1290 1846 1456 1898 vitam
1488 1845 1762 1912 sapienter
1805 1844 2174 1910 iustitueutes,
2200 1845 2406 1899 Adver-

809 1937 937 1991 sarii
977 1934 1372 1989 tentationibus
1408 1948 1514 1987 non
1549 1933 1987 1994 succubuissent,
2022 1934 2402 1991 imbecilliori-

811 2032 910 2084 bus
939 2028 1262 2098 aﬂlictisque
1293 2026 1547 2083 fraternae
1572 2025 1922 2100 benignitatis
1950 2026 2231 2081 dexteram
2272 2043 2401 2096 por-

805 2120 1006 2189 rigere,
1053 2133 1257 2187 cosque
1317 2132 1346 2170 a
1405 2117 1610 2187 peccati
1671 2116 1783 2170 luto
1828 2125 1881 2169 et
1944 2117 2403 2184 inquinationibus

804 2215 1020 2281 eripere
1076 2221 1240 2279 atque
1270 2208 1536 2262 excitare.
1591 2206 1705 2261 lloe
1752 2208 1896 2261 enim
1943 2218 2099 2275 pacto
2139 2208 2402 2275 duplicem

805 2306 1024 2360 laudem
1084 2304 1341 2365 assecuti,
1406 2312 1517 2355 tum
1590 2301 1826 2369 propriae
1878 2296 2229 2363 fortitudinis,
2290 2308 2401 2353 tum

805 2398 1065 2453 fraterna:
1113 2393 1495 2458 humanitatis,
1547 2390 1937 2445 misericordia:
1988 2393 2210 2461 prsentia
2267 2391 2405 2445 reci-

805 2497 1017 2557 perent.
1073 2485 1226 2541 Nunc
1256 2496 1473 2548 autem,
1506 2499 1628 2537 cum
1671 2483 1922 2537 homines
1972 2485 2080 2536 sint
2116 2497 2179 2535 ex
2215 2498 2404 2537 eorum

809 2591 1058 2639 munero,
1111 2577 1203 2644 qui
1259 2574 1408 2628 humi
1464 2584 1677 2643 repunt.
1732 2574 2016 2641 vitamque
2062 2572 2261 2643 degant
2299 2590 2404 2627 non

809 2669 1124 2737 angelorum
1150 2676 1205 2719 et
1232 2664 1538 2719 caelestium
1571 2663 1786 2717 illarmn
1819 2665 2111 2729 mentium,
2139 2680 2260 2731 qum
2285 2680 2409 2718 cor-

807 2774 941 2828 pore
963 2767 1173 2820 carent,
1206 2756 1330 2810 vitae
1363 2756 1619 2815 similent,
1649 2754 1741 2808 sed
1780 2755 1967 2819 talem,
2008 2770 2129 2824 qua:
2166 2756 2218 2808 iu
2265 2756 2409 2824 judi-

810 2852 956 2906 rium
990 2850 1171 2904 vocari
1207 2859 1371 2917 atque
1403 2847 1654 2917 redargui
1692 2847 1887 2915 possit,
1924 2861 2143 2902 severos
2171 2858 2224 2901 et
2259 2864 2408 2901 acer-

813 2944 911 2997 bos
970 2954 1029 2995 se
1087 2939 1300 3008 judices
1347 2938 1611 3006 praebent,
1669 2945 2061 3005 contractoque
2118 2939 2408 3007 supercilio

812 3033 1138 3087 sententiam
1174 3028 1375 3091 ferunt,
1407 3035 1461 3081 et
1495 3030 1774 3093 damnant,
1820 3036 1881 3080 ut
1922 3042 2110 3082 eorum
2153 3029 2408 3096 superbia
2437 3025 2479 3082 C

814 3124 1242 3192 arrogantisque
1272 3127 1578 3177 commotus
1603 3134 1770 3188 cogar
1799 3133 1895 3172 eos
1922 3118 2197 3185 Evangelii
2226 3118 2407 3172 verbis

815 3216 1188 3285 compellare:
1223 3212 1312 3278 qui
1359 3226 1481 3265 cum
1522 3211 1700 3263 trabes
1736 3208 1973 3278 propriis
2009 3209 2062 3262 iu
2104 3208 2280 3263 oculis
2308 3224 2407 3263 ex-

816 3310 1074 3363 sisteutes
1101 3322 1208 3359 non
1245 3312 1496 3367 cernant,
1533 3317 1599 3357 ex
1637 3302 1867 3356 aliorum
1902 3301 2075 3356 oculis
2121 3303 2290 3355 velint
2328 3301 2408 3355 fe-

819 3411 1006 3455 stucas
1036 3397 1237 3465 ejicere
1285 3395 1329 3426 ἰ
1366 3411 1383 3450 :
1425 3408 1656 3461 cumque
1690 3392 2010 3460 gravissima
2042 3406 2207 3444 onera
2248 3402 2410 3445 ciete-

821 3505 1009 3543 l'Ol'lltlI
1042 3487 1285 3541 humeris
1318 3486 1619 3554 imponant.
1666 3483 1841 3537 severi
1874 3480 2083 3549 judices
2132 3483 2409 3546 incedunt,

822 3596 876 3636 et
899 3596 1021 3637 cum
1050 3579 1347 3633 imbecilles
1374 3577 1473 3647 ipsi
1497 3591 1635 3631 onus
1675 3589 1831 3629 suum
1864 3572 2008 3627 ferre
2040 3588 2145 3626 non
2178 3574 2408 3641 possint,

818 3674 1020 3729 Christi
1052 3670 1289 3725 tribunal
1334 3674 1734 3738 praeoccupant,
1766 3676 1821 3719 et
1846 3665 2048 3734 judicis
2088 3666 2409 3719 sententiam

820 3765 1161 3837 praeripiutrt.
1200 3761 1354 3815 Servi
1382 3770 1761 3821 contumaces,
1793 3756 1885 3825 qui
1919 3755 2199 3811 conservis
2228 3757 2410 3810 inuni-

823 3868 905 3915 tes
937 3873 997 3912 se
1029 3865 1192 3927 atque
1218 3851 1582 3908 inexorabiles
1616 3850 1883 3918 praebent.

894 3950 951 4004 Si
988 3949 1153 4003 Deum
1206 3944 1406 4015 cupitis
1456 3942 1724 4002 aemulari,
1765 3939 1910 4007 quod
1964 3939 2029 3993 ad
2064 3936 2180 4007 ejus
2222 3937 2414 4008 imagi-

824 4057 946 4097 nem
986 4041 1112 4095 facti
1161 4038 1302 4099 sitis,
1361 4034 1672 4103 exemplum
1740 4031 1909 4101 ipsius
1941 4024 2249 4085 imitamini.
2282 4032 2413 4093 Vos,

824 4131 919 4201 qui
956 4128 1249 4182 Christiani
1278 4124 1433 4188 estis,
1470 4123 1560 4191 qui
1608 4122 1826 4175 nomine
1856 4122 1972 4189 ipso
2020 4123 2427 4176 humanitatem

826 4219 1175 4293 proﬁtemini,
1207 4216 1495 4270 imitamini
1524 4214 1727 4268 Christi
1772 4214 2118 4267 charitatem.
2158 4212 2417 4281 Benigni-

827 4315 956 4368 tatis
984 4310 1102 4379 ejus
1145 4309 1366 4363 divitias
1405 4305 1769 4366 considerate,
1814 4304 1905 4372 qui
1943 4319 2065 4356 cum
2115 4319 2210 4370 per
2236 4304 2414 4356 homi-

830 4421 953 4460 nem
982 4406 1046 4457 ad
1082 4403 1328 4457 homines
1364 4410 1627 4453 venturus
1660 4407 1831 4459 esset,
1867 4397 2126 4465 praeudsit
2150 4394 2413 4451 Joannem

831 4494 1167 4565 paenitentiae
1211 4505 1517 4561 praeconem
1544 4500 1597 4543 et
1639 4489 1854 4550 ducem,
1890 4494 1944 4540 et
1978 4496 2103 4538 aute
2151 4483 2415 4540 Joannem

832 4581 1124 4649 prophetas
1172 4591 1386 4639 omnes,
1437 4576 1528 4644 qui
1566 4576 1827 4628 docerent
1876 4574 2144 4637 homines,
2194 4583 2253 4628 ut
2284 4576 2418 4629 resi-

830 4673 1123 4741 piscerent,
1168 4680 1227 4721 ut
1265 4668 1505 4721 redirent
1541 4666 1593 4719 iu
1623 4666 1873 4729 viam,.et
1899 4668 1964 4719 ad
1992 4666 2272 4721 meliorem
2306 4667 2416 4721 fru-

833 4780 952 4834 gem
990 4776 1110 4817 sese
1142 4767 1544 4814 converterent.
1578 4756 1701 4811 Mox
1751 4758 1867 4826 ipse
1897 4759 2120 4812 veniens
2152 4773 2248 4813 ore
2293 4774 2420 4828 pro-

834 4855 951 4921 prio
984 4853 1252 4906 clamabat
1293 4865 1360 4903 ex
1392 4864 1620 4919 persona
1652 4863 1788 4901 sua:
1842 4845 2017 4901 Venite
2046 4849 2115 4902 ad
2156 4864 2270 4913 me,
2302 4864 2419 4900 om-

837 4961 945 5008 nes,
998 4944 1086 5012 qui
1141 4942 1394 4994 laboratis
1437 4949 1483 4993 et
1524 4940 1727 4991 onerati
1775 4938 1930 5001 estis,
1966 4950 2013 4990 et
2061 4954 2153 5008 ego
2186 4939 2419 5005 reﬁciam

834 5054 924 5091 vos
986 5037 1054 5087 ".
1093 5035 1379 5101 Quomodo
1426 5043 1607 5085 autem
1698 5045 1883 5083 vocem
1938 5046 2091 5083 suam
2142 5034 2421 5085 audientes

836 5126 1089 5194 excepit?
1146 5124 1359 5177 facilem
1409 5123 1490 5175 eis
1541 5131 1887 5192 peccatorum
1936 5122 2140 5173 veniam
2196 5122 2424 5189 largitus

837 5229 942 5283 est,
976 5216 1230 5270 celeriter
1269 5216 1415 5283 ipsos
1456 5224 1509 5268 et
1547 5224 1822 5267 momento
1856 5214 2117 5282 temporis
2168 5215 2235 5267 ab
2267 5215 2353 5279 iis,
2396 5231 2425 5269 a

836 5311 1034 5379 quibus
1066 5309 1421 5376 augebantur,
1459 5306 1705 5359 liberavit
1732 5320 1744 5357 :
1790 5302 2023 5358 Verbum
2049 5314 2268 5359 sanctos
2304 5308 2423 5359 red-

839 5400 999 5461 didtt,
1053 5398 1289 5465 Spiritus
1336 5396 1715 5459 conﬁrmavit,
1762 5406 1913 5449 vetus
1973 5397 2133 5449 homo
2182 5397 2233 5447 iu
2280 5410 2419 5463 aqua

840 5492 1084 5560 sepultus
1108 5504 1213 5554 est,
1243 5506 1415 5543 novus
1462 5500 1773 5559 generatus,
1804 5488 1973 5557 gratia
2022 5486 2219 5541 ﬂoruit.
2278 5489 2420 5555 Quid

917 5604 963 5637 "
993 5603 1094 5659 Job
1123 5620 1233 5668 XIV,
1265 5604 1298 5657 4
1328 5618 1437 5656 sec.
1475 5600 1645 5655 LXX.

2503 1762 2602 1832 τὴν
2657 1761 2814 1833 χάριν
2876 1760 3181 1831 ὁμολογεῖν,
3231 1760 3315 1812 ὅτι
3368 1759 3469 1812 καί
3526 1758 3688 1827 φύσιν
3750 1762 4108 1832 ἡγεμονικῶς

2505 1850 2829 1922 ἡνιόχησαν,
2865 1852 2957 1904 καὶ
2993 1851 3317 1923 πειρασμῶν
3358 1852 3664 1905 σατανικῶν
3705 1852 3805 1905 οὐκ
3850 1854 4108 1921 ἐγένοντο

2505 1944 2751 2013 χείρουςο
2788 1945 2901 2005 τοῖς
2942 1944 2998 1995 δὲ
3031 1942 3397 2013 ἀσθενήσασιν
3425 1943 3639 2013 ὀρέγειν
3687 1944 4107 2017 φιλανθρωπίας

2504 2033 2702 2097 δεξιὰν,
2740 2035 2832 2087 καὶ
2882 2033 3188 2103 ἀνεγείρειν
3220 2036 3284 2085 ὲκ
3328 2032 3420 2086 τοῦ
3444 2034 3650 2104 πηλοῦ,
3690 2038 3783 2089 καὶ
3813 2036 4105 2108 καθαίρειν

2507 2129 2572 2179 ὲκ
2624 2126 2731 2179 τῶν
2787 2126 3172 2197 μολυσμάτων.
3223 2127 3455 2181 Διπλοῦν
3513 2128 3623 2199 γὰρ
3671 2127 3737 2181 ἂν
3787 2128 3965 2193 οὕτως
4010 2129 4106 2185 τὸν

2506 2216 2727 2271 ἔπαινον
2774 2219 2993 2288 ἤραντο,
3024 2220 3125 2288 τῆς
3157 2236 3217 2270 τε
3252 2218 3388 2282 ιδίας
3418 2219 3789 2289 ἀνδραγαθίας
3818 2220 3959 2291 ὁμοῦ
4007 2222 4110 2274 καὶ

2505 2309 2608 2377 τῆς
2644 2309 2971 2378 φιλαδέλφου
3020 2312 3114 2362 καὶ
3162 2312 3403 2381 χρηστῆς
3455 2311 3801 2379 συμπαθείας
3851 2312 3919 2365 τὰ
3967 2313 4111 2383 γέρα

2506 2399 2899 2470 λαμϐάνοντες.
2931 2401 3068 2453 Νυνὶ
3099 2400 3156 2453 δὲ
3187 2400 3467 2470 ἄνθρωποί
3496 2418 3558 2453 τε
3595 2401 3747 2465 ὄντες
3784 2402 3895 2455 τῶν
3928 2404 4113 2473 χαμαὶ

2508 2493 2840 2563 ἐρχομένων,
2880 2492 2977 2548 καὶ
3016 2492 3216 2556 ζῶντες
3244 2492 3357 2561 βίον
3384 2494 3445 2545 οὐ
3478 2492 3568 2545 τὸν
3607 2493 3899 2561 ἀγγελικδν
3936 2496 4114 2563 ἐγγὺς

2507 2584 2617 2637 τῶν
2659 2585 2989 2655 ἀσωμάτων,
3030 2584 3164 2636 ἀλλὰ
3198 2583 3459 2643 τοιοῦτον.
3485 2579 3596 2637 οἷον
3640 2586 3705 2639 ἄν
3740 2602 3828 2649 τις
3872 2588 3968 2640 καί⁴
4017 2584 4113 2640 ὑπ’

2510 2675 2740 2738 εὐθύνας
2763 2674 2962 2743 ἀγάγοι
2993 2677 3087 2727 καὶ
3114 2675 3411 2744 σκώψειενο
3440 2674 3754 2737 δικάζουσιν
3788 2676 4114 2747 αὐστηρῶς,

2510 2767 2603 2819 καὶ
2635 2760 2773 2836 μετά
2822 2765 3020 2835 πολλῆς
3066 2764 3163 2831 τῆς
3208 2762 3494 2826 αὐθεντίας
3525 2764 3624 2831 τὴν
3672 2763 4116 2833 κατακρίνουσαν

2512 2854 2738 2926 φέρουσι
2767 2854 2949 2924 ψῆφον
2969 2871 2982 2883 ·
3018 2853 3093 2915 ὠς
3132 2854 3231 2922 ἐμὲ
3262 2852 3521 2914 πολλάκις
3549 2852 3653 2905 ὑπὸ
3684 2852 3781 2906 τοῦ
3810 2853 3985 2921 τύφου
4016 2855 4117 2908 καὶ

2504 2945 2609 3017 τῆς
2639 2946 2960 3011 ἀλαζονείας
2985 2944 3421 3016 ἀποπνιγόμενον
3455 2946 3629 2997 εἰπεῖν
3667 2946 3752 2998 ἐπ’
3777 2947 3968 3008 αὐτοῖς
4011 2944 4132 3010 τὰς.

2514 3040 2879 3109 εὐαγγελικὰς
2918 3042 3153 3111 ῥήσεις,
3199 3039 3282 3093 ὃτι
3319 3038 3417 3102 τὰς
3449 3038 3640 3102 δοκοὺς
3682 3040 3740 3091 ὲν
3783 3042 3899 3103 τοῖς
3958 3038 4118 3102 ίδίοις

2512 3132 2811 3202 ὀφθαλμοῖς
2841 3131 2915 3201 μὴ
2957 3131 3269 3200 βὶέέποντες,
3296 3130 3408 3183 τῶν
3443 3130 3741 3201 ἀλλοτρίων
3768 3129 3947 3197 ὄψεων
3976 3131 4117 3183 ἀπο·

2514 3225 2721 3293 φυσᾶτε
2760 3223 2828 3277 τὰ
2875 3223 3099 3292 κάρφη·
3151 3222 3246 3275 καὶ
3296 3220 3365 3274 τὰ
3412 3220 3694 3291 βαρύτατα
3746 3221 3948 3294 φορτία
3999 3222 4117 3283 τοῖς

2512 3316 2695 3378 ἄλλοις
2736 3314 3113 3384 δεσμεύοντες,
3154 3315 3523 3384 περινοστεῖ-ιε
3566 3312 3749 3383 βαρεῖς
3793 3312 3985 3383 κριταὶ
4018 3314 4124 3366 καὶ·

2512 3405 2759 3467 ἀσθενεῖς
2805 3402 3123 3474 ἀχθοφόροι,
3155 3401 3216 3455 τὸ
3260 3401 3411 3472 βῆμα
3447 3400 3544 3453 τοῦ
3574 3400 3809 3471 Χριστοῦ
3853 3402 4113 3472 προλαμ-

2514 3495 2788 3557 ϐάνοντες,
2834 3493 2928 3545 καὶ
2977 3490 3072 3544 τοῦ
3107 3490 3296 3562 κριτοῦ
3347 3490 3444 3561 τὴν
3492 3491 3768 3559 ἀπόφασιν
3820 3493 4119 3563 προαρπά-

2515 3587 2731 3651 ζοντες’
2776 3585 2951 3638 δοῦλοι
2988 3584 3430 3655 καταφρονηταὶ,
3475 3580 3571 3635 καὶ
3604 3582 3973 3653 ἀπαραίτητοι
4003 3582 4117 3635 τῶν

2514 3676 2820 3748 ὁμοδούλων
2849 3674 3054 3747 κριταί.

2588 3942 2652 3995 Εἰ
2698 3940 2923 4011 ζηλοῦτε
2963 3939 3115 4004 Θεὸν,
3157 3939 3232 4002 ὡς
3267 3939 3388 3993 κατ’
3430 3939 3615 3993 εἰκόνα
3652 3935 3993 4001 κτισθέντες,
4030 3956 4120 4009 μι-

2523 4034 2770 4106 μήσασθε
2839 4033 2994 4103 ὑμῶν
3047 4031 3138 4086 τὸν
3190 4031 3530 4102 ἀρχέτυπον·
3588 4024 3633 4082 ὦ
3683 4029 4029 4098 Χριστιανοὶ,
4057 4028 4119 4080 τὸ

2521 4117 2900 4195 φιλάνθρωπον
2962 4125 3174 4193 ὄνομα,
3227 4120 3507 4191 ζηλώσατε
3552 4117 3645 4170 τοῦ
3704 4115 3945 4186 Χριστοῦ
4016 4117 4119 4185 τὴν

2520 4218 2775 4287 ἀγάπην·
2812 4216 3157 4284 άποόλέψατε
3192 4213 3329 4284 πρὸς
3368 4213 3458 4264 τὸν
3496 4208 3724 4262 πλοῦτον
3762 4207 3861 4277 τῆς
3896 4206 4118 4259 ἐκείνου

2524 4311 2953 4382 φιλανθρωπίας.
2990 4308 3216 4363 Μέλλων
3246 4308 3355 4377 γὰρ
3389 4302 3694 4375 ἀνθρώποις
3724 4298 4119 4367 ἐπιφαίνεσθαι

2522 4402 2587 4455 δι’
2622 4400 2936 4474 ἀνθρώπου,
2984 4398 3303 4471 προκαθῆκε
3345 4395 3445 4467 μὲν
3485 4393 3577 4447 τὸν
3614 4392 3889 4461 Ἰωάννην,
3943 4404 4120 4459 μετα-

2522 4494 2671 4558 νοίας
2720 4494 2971 4563 κήρυκα,
3023 4489 3383 4561 μεταμελείας
3416 4483 3734 4555 είσηγητὴν,
3773 4483 3867 4535 καὶ
3904 4482 4121 4544 πάντας

2526 4584 2631 4653 πρὸ
2683 4584 2929 4637 Ἰωάννου
2986 4582 3273 4666 προφήτας
3341 4575 3678 4646 ἐπιστροφῆς
3732 4571 4116 4666 διδασκάλους.

2525 4671 2658 4727 Εἶτα
2692 4674 2786 4726 καὶ
2828 4673 2987 4738 αὐτὸς
3033 4663 3147 4741 μετ’
3180 4672 3357 4739 ὀλίγον
3400 4666 3708 4738 ἐπιφανεὶς,
3737 4663 3916 4733 οἰκείᾳ
3959 4663 4118 4731 φωνῇ

2529 4764 2626 4834 βοᾷ
2657 4762 3125 4833 αὐτοπροσὼπως·
3160 4762 3337 4815 Δεῦτε
3364 4759 3514 4828 πρὸς
3545 4759 3641 4827 μὲ,
3681 4755 3905 4820 πάντες
3936 4758 3994 4808 οἰ
4021 4770 4124 4808 κο-

2526 4856 2780 4921 πιῶντες
2840 4855 2941 4909 καὶ
3001 4851 3500 4923 πεφορτισμένοι,
3553 4850 3717 4919 κάγὼ
3775 4848 4122 4901 ἀναπαύσω

2527 4945 2702 5014 ὑμᾶς.
2732 4947 2870 5009 Τοὺς
2900 4945 2955 4998 δὲ
2979 4948 3045 5015 τῇ
3076 4944 3265 5014 κλήσει
3291 4941 3611 5003 πεισθέντας
3640 4938 3756 5001 πῶς
3782 4937 4121 5002 ὑπεδέξατο;

2532 5040 2763 5089 ’Δπονον
2801 5023 2998 5089 ἔδωκεν
3028 5035 3135 5088 τῶν
3162 5034 3573 5106 ἁμαρτημάτων
3601 5031 3699 5095 τὴν
3724 5030 3941 5097 ἄφεσιν,
3980 5030 4123 5082 ἀκα-

2535 5126 2711 5198 ριαίαν
2744 5128 2833 5180 καὶ
2867 5127 3128 5195 σύντομον
3157 5124 3254 5194 τὴν
3289 5124 3395 5175 τῶν
3425 5120 3734 5173 λυπούντων
3755 5116 4119 5188 ἀπαλλαγήν⁹

2533 5219 2704 5287 Λόγος
2732 5218 2982 5289 ἡγίασεν,
3003 5217 3227 5288 Πνεῦμα
3270 5216 3632 5287 ἐσφράγισεν
3674 5211 3704 5264 ὁ
3748 5209 3985 5272 παλαιὸς
4028 5210 4125 5263 ἀν-

2535 5306 2749 5377 θρωπος
2785 5309 3041 5376 ὲνετάφη,
3069 5310 3096 5358 ὁ
3126 5308 3243 5369 νέος
3268 5304 3483 5375 ἐτέχθη,
3510 5301 3787 5372 άνηϐήσας
3812 5300 3877 5367 τῇ
3906 5298 4119 5370 χάριτι.

2532 5398 2596 5449 Τί
2637 5398 2705 5450 τὰ
2749 5398 2908 5469 sesc;
2950 5397 3006 5450 Ὀ
3046 5396 3331 5467 ἄνθρωπος
3363 5397 3596 5458 οἰκεῖος,
3646 5393 3759 5445 ἀντ’
3804 5390 4120 5460 ἀλλοτρίου,

2532 5490 2646 5553 υἱὸς
2688 5493 2807 5543 ἀντί
2856 5491 3027 5556 ξένου,
3067 5488 3273 5560 μύστης
3303 5490 3367 5540 ὲκ
3400 5487 3660 5558 βεϐήλου,
3690 5484 3845 5551 ἆγιος
3890 5483 3953 5548 ἐξ
3990 5483 4153 5533 ἀσεσν

1722 5602 1767 5632 ⁹⁰
1802 5600 1933 5655 Luc.
1962 5601 2131 5665 κ,19.
2177 5602 2221 5631 ἰ
2262 5601 2453 5658 Matth.
2486 5622 2581 5667 vn,
2624 5606 2675 5670 ’5,
2707 5607 2753 5659 ι.
2831 5606 2875 5637 ³³
2918 5605 3211 5665 Μυιιιμχι,
3251 5603 3342 5658 28.

918 5714 1051 5785 (60')
1091 5714 1299 5787 Οὐδεὶς
1319 5744 1389 5787 -ογ
1413 5712 1620 5787 αὐτοῦ.
1659 5712 1831 5787 Locus
1867 5714 2183 5787 memoriter
2224 5717 2410 5770 citatus

2497 5715 2655 5771 Verba
2707 5715 2889 5787 ἡμέρα
2923 5715 3033 5767 οὐδ’
3070 5715 3139 5767 ἂν
3172 5715 3270 5785 μία
3312 5713 3410 5767 levi
3463 5708 3769 5767 inversione
3812 5706 3894 5762 sic
3959 5706 4128 5760 Collo-

843 5781 1197 5843 candus-096‘
1238 5789 1301 5843 ἂν
1332 5786 1431 5854 μία
1461 5785 1663 5853 ἡμέρα.
1699 5784 1855 5837 Eutr.
1890 5781 2134 5837 Punoe.
