4212 6318
184 272 291 329 55'!

1036 268 1318 324 IIOMlLiA
1361 267 1497 323 XIII.
1534 262 1981 323 ADHORTATIO
2029 262 2120 328 AD
2170 260 2696 319 PCENITENTIAM.

3286 244 3303 255 ³
3329 260 3439 320 558

186 387 336 444 ἰούς.
394 383 455 437 '0
518 382 697 437 τοίνυν
756 385 875 445 ταῖς
942 381 1112 445 οὑτως
1175 382 1616 452 μεγαλοπρεπέσι
1674 379 1806 443 καὶ,

1873 378 2065 433 deinde
2108 384 2454 431 consecutum
2507 374 2636 430 est?
2669 375 2759 445 qui
2808 376 3052 433 inimicus
3080 376 3274 445 fuerat,
3308 379 3440 433 ami-

186 474 614 546 ἀνυπερϐλήτοις
672 475 901 545 δωρεαῖς
950 473 1291 536 πλουτισθε¹ις
1317 513 1332 537 ,
1390 472 1650 544 ἁμαρτὼν
1689 474 1768 535 εἰς

190 564 279 615 τὸν
311 562 595 633 φιλότιμον
624 562 718 615 καὶ
742 562 945 629 ἀγαθὸν
977 561 1297 633 εὐεργέτην,
1331 564 1481 634 παρὰ
1515 564 1610 632 μὲν
1642 562 1769 630 ὑμῖν

192 658 301 716 τοίς
330 652 611 715 δυσκόλοις
639 654 731 706 καὶ
755 652 1090 723 ἀμαλάκτοις
1119 651 1396 715 δικασταῖς
1435 652 1596 713 εὐθὺς
1632 650 1769 720 μήτε

189 742 352 811 λόγου
382 741 723 813 μεταλαϐὼν,
755 743 970 804 πάντως
1004 740 1068 793 ἂν
1100 742 1193 792 ἐπὶ
1229 740 1319 793 τὸν
1349 740 1566 810 ὄλεθρον
1606 740 1769 811 ἤχθη,

190 836 288 886 καὶ
326 833 428 903 τῆς
466 832 653 885 ἐνθάδε
683 831 829 902 ζωῆς
880 832 1216 894 ἀποκοπεὶς,
1262 832 1356 883 καὶ
1394 831 1491 901 τὴν
1522 832 1637 882 ἐκεῖ
1677 845 1770 882 κο-

188 922 511 992 λαζόμενος.
548 921 703 975 Ἐπεὶ
738 922 795 974 δὲ
841 921 998 985 ἄλλος
1037 922 1182 975 ἐστὶν
1210 924 1238 974 ὁ
1278 924 1375 992 τῆς
1422 922 1605 990 ψήφου
1657 918 1772 973 Κύ-

193 1028 333 1080 ριος,
373 1011 402 1061 ὁ
431 1010 597 1063 ποιῶν
628 1010 689 1062 τὸ
734 1009 881 1072 ἔλεος
931 1010 1012 1071 εἰς
1060 1009 1304 1078 χιλιάδας
1337 1010 1429 1062 καὶ
1472 1008 1770 1080 μυριάδας,

193 1102 291 1155 καὶ
336 1104 415 1172 μὴ
457 1102 625 1154 θέλων
656 1102 749 1154 τὸν
795 1102 1023 1155 θάνατον
1059 1102 1152 1155 τοῦ
1185 1101 1529 1173 ἀμαρτωλοῶ
1567 1100 1773 1171 ἀναμέ-

192 1212 303 1246 νων
332 1194 392 1246 δὲ
431 1196 528 1263 τὴν
566 1195 903 1264 ἐπιστροφήν
927 1193 1116 1246 ὀὐδὲν
1159 1195 1328 1256 οὕτως
1366 1195 1415 1245 οἱ
1452 1195 1550 1263 τὴν
1582 1193 1774 1263 πρώην

195 1286 359 1355 χάριν
416 1283 735 1355 ὑϐρίσαντες
779 1284 1224 1354 ὲτιμωρήθησαν·
1262 1283 1399 1337 ἀλλά
1445 1282 1606 1335 πάλιν
1652 1282 1774 1334 δεύ-

191 1393 355 1447 τερος
391 1374 541 1438 ἔλεος
580 1377 675 1428 καὶ
711 1374 995 1428 ἀκολουθεῖ
1036 1374 1113 1443 τῷ
1154 1374 1426 1444 προτέρῳ,
1467 1375 1561 1427 καὶ
1603 1375 1777 1445 ἀμνη-

194 1466 353 1536 στείᾳ
412 1465 708 1535 συγγνώμη
760 1466 1112 1528 συνάπτεται,
1154 1466 1249 1517 καὶ
1296 1464 1527 1537 δάκρυον
1575 1466 1774 1530 στάξαν

196 1557 512 1627 ίσοδυναμεῖ
568 1555 646 1625 τῷ
698 1555 937 1626 λουτρῷ,
981 1555 1075 1608 καὶ
1126 1557 1425 1626 στεναγμὸς
1482 1556 1776 1626 ἐπίμοχθος

195 1648 464 1714 ἐπανάγει
500 1647 600 1719 τὴν
636 1646 796 1717 χάριν
859 1647 996 1717 πρὸς
1025 1646 1201 1713 ὀλίγον
1231 1649 1682 1719 ἀναχωρήσασαν.
1714 1649 1775 1700 Εἰ

1871 483 1967 523 cus
1996 469 2202 529 evasit;
2243 468 2334 536 qui
2381 466 2814 531 alienus,‘lllius:
2847 468 2937 537 qui
2976 467 3252 537 profanus,
3285 483 3444 523 sacer

1871 572 1933 615 ac
1971 560 2112 628 pius,
2151 556 2198 612 Is
2240 572 2389 628 ergo,
2423 557 2515 626 qui
2548 566 2654 610 tam
2707 558 3004 627 magniﬁcis
3035 567 3088 612 et
3118 556 3444 612 incredibili-

1870 654 1970 707 bus
2026 648 2249 704 ati'ectus
2315 648 2657 710 muneribus,
2712 650 2998 717 benignum
3055 662 3118 702 ac
3168 646 3441 701 liberalem

1872 742 2182 811 largitorem
2219 740 2460 807 ingratus
2494 737 2735 802 oll‘eudit,
2779 755 2808 792 a
2840 740 2989 794 nobis
3020 740 3234 808 quidem
3262 741 3446 793 docto-

1872 835 2021 887 ribus
2060 832 2368 897 severisque
2401 829 2671 895 judicibus
2712 831 2896 883 statim
2946 830 3143 884 indicta
3179 845 3344 884 causa
3377 828 3447 885 ad

1872 922 2169 977 cruciatum
2207 931 2505 989 raperetur,
2551 922 2912 990 praesentique
2960 922 3196 990 privatus
3248 922 3350 976 vita
3387 923 3441 975 in

1874 1015 2039 1067 altera
2069 1012 2389 1081 supplicium
2443 1012 2729 1065 inveniret.
2773 1010 2969 1066 Verum
3016 1013 3264 1080 quoaiam
3310 1012 3449 1066 alius

1869 1102 2053 1172 judicii
2082 1102 2360 1163 Dominus,
2389 1102 2478 1170 qui
2511 1103 2561 1155 in
2594 1103 2799 1155 inlinita
2831 1088 2995 1155 millia
3029 1101 3253 1155 millium
3287 1104 3449 1156 mise-
3527 1158 3530 1161 _

1879 1192 2165 1247 ricordiam
2210 1194 2418 1255 tribuit,
2457 1200 2554 1247 nec
2600 1193 2710 1247 vult
2747 1204 2975 1247 mortem
3009 1184 3328 1263 peccatoris,
3355 1192 3450 1246 sed

1874 1292 2169 1353 exspectat,
2201 1294 2257 1336 ut
2293 1285 2570 1352 resipiscat
2601 1286 2645 1316 ³³
2672 1301 2688 1349 ;
2713 1300 2777 1339 eo
2810 1285 2888 1350 lit,
2915 1293 2971 1337 ut
3003 1300 3068 1337 ne
3108 1284 3181 1338 illi
3210 1284 3450 1352 quidem,

1876 1378 1963 1444 qui
1992 1376 2221 1442 priorem
2251 1377 2477 1443 gratiam
2510 1376 2951 1430 contumeliosius
2979 1376 3309 1444 abjecerunt,
3337 1390 3452 1427 me-

1880 1467 1981 1519 rito
2010 1467 2313 1536 alliciautur
2352 1468 2652 1536 supplicio:
2708 1469 2800 1523 sed
2832 1484 2859 1521 a
2904 1469 3199 1538 posteriore
3243 1468 3455 1522 miseri-

1878 1560 2058 1611 cordia
2100 1558 2251 1627 prior
2289 1549 2710 1628 excipiaturfet
2742 1561 2937 1615 oblivio
2975 1577 3095 1614 cum
3137 1562 3290 1613 venia
3322 1575 3457 1615 cou-

1872 1646 2141 1717 jnngatur,
2194 1658 2252 1702 ut
2288 1649 2645 1720 Iacrymarum
2689 1648 2877 1705 elIusio
2941 1651 3136 1704 lavacri
3190 1652 3295 1704 vim
3355 1652 3454 1703 ha-

195 1739 452 1800 ἀπιστεῖς
508 1736 587 1807 τῷ
630 1738 795 1807 λόγῳ,
858 1736 1061 1806 Πέτρον
1095 1734 1388 1807 ἐρώτησον,
1422 1738 1479 1791 ἐν
1521 1739 1587 1806 τῇ
1631 1736 1771 1805 οἰκίᾳ

1881 1737 2023 1801 beat,
2077 1740 2416 1807 gemitusque
2467 1741 2687 1821 reducat
2735 1741 2986 1807 gratiam,
3011 1756 3131 1810 quae
3187 1741 3458 1811 paulisper

192 1828 293 1881 τοῦ
327 1829 630 1899 ἀρχιερέως
666 1829 996 1899 καθήμενον,
1045 1828 1137 1879 καὶ¹
1180 1826 1321 1890 λέξει
1367 1844 1482 1890 σοι,
1529 1827 1673 1889 ὅπως
1720 1828 1782 1880 τὸ

197 1921 563 1990 παράπτωμα
597 1921 698 1990 τῆς
724 1919 1006 1989 ἀρνήσεως
1047 1918 1260 1988 πικρῶς
1298 1918 1628 1988 ὀδυράμενος
1661 1920 1783 1970 ἐκα-

197 2010 374 2081 θάρθη
396 2028 409 2041 ·
441 2011 537 2063 καὶ
568 2011 668 2063 οὑκ
698 2009 954 2062 ἀνέλυσεν
984 2010 1065 2072 είς
1098 2010 1190 2062 τὸν
1231 2011 1470 2074 Σίμωνα,
1500 2008 1636 2063 ἀλλὰ
1678 2009 1783 2062 Πέ-

196 2122 329 2171 τρος
360 2105 632 2175 διέμεινεν
660 2106 689 2156 ὁ
713 2103 1031 2165 ἀπόστολος.

286 2297 430 2366 Ἐγὼ
474 2298 533 2351 δὲ
565 2296 792 2367 νομίζω,
848 2296 929 2349 ὅτι
964 2296 1059 2350 κα)⁸
1093 2294 1293 2357 Ἰούδας
1345 2295 1374 2346 ὀ
1411 2292 1783 2363 Ἰσκαριώτης,

200 2392 249 2441 εὶ
290 2389 365 2460 μὴ
408 2388 622 2458 ταχέως
650 2388 812 2450 αὐτὸς
860 2386 1054 2439 ἑαυτοῦ
1096 2387 1311 2454 ἐγένετο
1359 2387 1571 2456 δήμιος,
1612 2385 1785 2452 ἀσύγ-

200 2463 451 2549 γνωστον
494 2480 685 2550 κρίνας
734 2486 832 2550 τὴν
879 2478 1175 2549 ἁμαρτίαν,
1230 2475 1557 2548 προσπεσὼν
1598 2475 1653 2528 δὲ
1697 2476 1787 2528 τὸν

205 2574 361 2625 ἔλεον
413 2572 635 2641 ᾔτησεν,
681 2571 783 2623 οὑκ
830 2569 895 2623 ἂν
942 2569 1051 2621 τῶν
1101 2566 1404 2638 οἰκτιρμῶν
1449 2566 1558 2618 τῶν
1608 2566 1787 2634 πάσης

202 2662 630 2733 ὑπερχεομένων
680 2662 778 2730 τῆς
825 2659 1149 2730 οἰκουμένης
1194 2659 1513 2728 ὴστόχησεν.
1569 2657 1788 2726 Τεκμή-

204 2775 327 2827 ριον
353 2757 412 2809 δὲ
444 2756 540 2808 τοῦ
572 2755 731 2821 λόγου
758 2754 959 2816 πάντες
992 2750 1226 2821 Ἐὄραῖοι
1253 2751 1300 2800 οἱ
1339 2748 1478 2818 μετὰ
1506 2747 1597 2800 τὸν
1628 2763 1788 2798 σταυ-

206 2848 303 2919 pou
348 2845 760 2910 πιστεύσαντες,
805 2845 897 2897 καὶ
940 2841 1016 2911 τῷ
1052 2839 1268 2912 λουτρῷ
1299 2840 1399 2901 τὰς
1430 2838 1607 2909 ψυχὰς
1650 2837 1785 2906 ὁμοῦ

204 2940 302 2991 καὶ
352 2937 452 2999 τὰς
502 2941 692 3006 χεῖρας
737 2934 1045 3003 νιψάμενοι.
1090 2933 1151 2984 EI
1196 2930 1253 2983 δὲ
1284 2931 1333 2982 οἱ
1377 2929 1787 2997 σταυρώσαντες

202 3030 537 3101 ἠλεήθησαν,
579 3027 696 3089 πῶς
735 3027 835 3079 οὑκ
872 3025 936 3078 ἂν
966 3026 993 3076 ὁ
1035 3022 1265 3094 προδοὺς
1305 3025 1403 3093 τῆς
1450 3019 1784 3091 ἀμνηστείας
1814 3060 1855 3115 C

203 3121 561 3191 ἀπήλαυσενς
601 3118 848 3187 Ἐδέσμε.
884 3119 1014 3169 ποτὲ
1042 3115 1135 3167 καὶ
1165 3114 1377 3177 Παῦλος
1403 3113 1782 3184 Χριστιανοὺς,

202 3212 346 3265 ἀλλὰ
394 3210 669 3279 βαστάσας
718 3207 943 3278 ὕστερον
990 3205 1208 3262 ἁλύσεις
1243 3204 1385 3274 ὑπὲρ
1421 3202 1678 3275 Χριστοῦ,
1722 3204 1786 3254 ἐκ

202 3304 307 3371 τῆς
347 3300 743 3362 ταυτοπαθείας
786 3298 944 3351 ἔλυσε
973 3296 1041 3350 τὰ
1080 3296 1427 3367 ἐγκλήματα·
1460 3297 1675 3367 ἥμαρτε
1709 3294 1787 3346 λι-

204 3395 393 3458 θάζων
423 3393 694 3462 Στέφανον
740 3392 835 3444 καὶ
888 3389 1224 3442 συνευδοκῶν
1272 3392 1388 3451 τοῖς
1439 3388 1781 3456 φονεύουσιν,

203 3487 348 3540 ἀλλὰ
400 3483 671 3545 λιθασῦεὶς
721 3480 968 3552 ἐξήλειψε
1024 3482 1085 3533 τὸ
1122 3480 1520 3550 πλημμέλημα.
1564 3477 1788 3532 Ἐτελώ-

202 3596 336 3633 νουν
378 3577 512 3629 ποτὲ
550 3574 828 3636 Ματθαῖος
873 3572 968 3626 καὶ
1002 3574 1297 3641 Ζακχαῖος,
1334 3569 1472 3624 ἀλλά
1512 3571 1575 3639 τῇ
1619 3584 1787 3621 κατα-

203 3672 472 3741 φρονήσει
506 3667 615 3721 τῶν
644 3666 943 3737 χρημάτων
968 3664 1066 3735 τὴν
1098 3663 1389 3717 τελωνείαν
1417 3662 1782 3731 πατήσαντες,

203 3765 233 3814 ὁ
277 3761 383 3832 μὲν
427 3762 493 3828 τῇ
538 3758 683 3828 οἰκίᾳ
732 3757 824 3809 τὸν
867 3755 1073 3826 Ἰησοῦν
1114 3753 1347 3819 ἐδέξατο,
1395 3755 1490 3806 καὶ
1523 3753 1589 3823 τῇ
1639 3753 1784 3821 ψυχῇ

211 3854 414 3905 πλέον·
450 3853 478 3904 ὁ
509 3850 565 3902 δὲ
601 3846 930 3918 θαυμαστῶν
976 3844 1225 3915 πράξεων
1263 3842 1655 3914 εὑαγγελιστὴς
1693 3842 1787 3894 καὶ¹

212 3939 568 4009 συγγραφεὺς
582 3935 970 4007 ἀπεδείχθη.’0
998 3933 1255 4006 τελώνης,
1288 3934 1316 3985 ὁ
1341 3934 1477 4005 μετά
1506 3932 1600 3985 τοῦ
1629 3933 1789 4003 Φαρι-

214 4034 374 4087 σαίου
402 4032 699 4098 ἀναγκαῖον
722 4030 801 4091 εἰς
832 4028 1071 4097 μνήμην,
1108 4028 1141 4096 ή
1173 4025 1321 4095 γυνὴ,
1342 4026 1376 4095 ή
1406 4024 1502 4096 τὴν
1536 4021 1785 4095 δραχμὴν

212 4121 529 4177 ἀπολέσασα
571 4119 666 4171 καὶ
698 4117 952 4173 εὑροῦσα.

1883 1839 2203 1905 recesserat.
2254 1829 2309 1883 Si
2370 1831 2602 1885 orationi
2658 1843 2853 1884 nostrae
2908 1833 3062 1885 fidem
3114 1849 3221 1887 non
3266 1834 3453 1899 habes,

1885 1916 2099 1971 Petrum
2133 1919 2185 1972 in
2233 1920 2438 1974 aedibus
2470 1922 2732 1990 principis
2766 1924 3105 1976 sacerdotum
3163 1924 3456 1992 interroga,

1884 2018 1953 2063 et.
2013 2011 2155 2064 dicet
2216 2012 2334 2078 tibi,
2409 2017 2677 2081 quomodo
2752 2015 3125 2083 abnegationis
3180 2027 3457 2083 peccatum

1887 2082 2080 2153 amare.
2106 2100 2295 2169 lugens
2323 2104 2621 2170 expiaverit
2667 2104 2712 2136 ⁸⁵
2737 2144 2752 2168 ,
2798 2119 2893 2158 nec
2927 2106 2978 2158 in
3016 2101 3289 2158 Simonem
3335 2120 3456 2159 mu-

1887 2200 2028 2244 tatus
2060 2193 2149 2256 sit,
2190 2193 2283 2246 sed
2322 2192 2510 2247 Petrus
2546 2197 2899 2263 permanserit
2931 2198 3227 2265 apOStqus.

1961 2280 2072 2350 Ego
2112 2293 2289 2336 autem
2324 2292 2377 2336 et
2409 2283 2600 2337 .Indam
2663 2284 2975 2339 Iscariotam
3029 2286 3303 2353 existimo,
3356 2287 3460 2342 nisi

1887 2370 1968 2421 sui
2020 2370 2194 2437 ipsins'
2223 2372 2459 2425 carnifex
2506 2386 2626 2426 esse
2664 2383 3024 2441 properasset,
3072 2373 3280 2430 facinus
3304 2391 3461 2432 suum

1887 2461 2104 2527 gravius
2162 2474 2402 2529 putans,
2460 2478 2620 2532 quam
2700 2474 2758 2518 ut
2814 2466 2915 2519 sibi
2970 2476 3152 2533 posset
3212 2470 3459 2538 ignosci,

1888 2553 1980 2604 sed
2032 2554 2253 2623 supplex
2311 2556 2521 2609 veniam
2576 2558 2853 2626 petiissct,~
2899 2558 3015 2625 eius
3060 2560 3460 2627 misericordia,

1888 2658 2006 2710 qua!
2036 2658 2131 2711 per
2166 2644 2349 2699 orbem
2389 2656 2507 2700 erat
2551 2647 2763 2713 dill'usa,
2817 2665 2922 2705 nou
2977 2651 3145 2708 fuisse
3186 2664 3461 2723 expertem

1892 2733 2127 2787 futurum
2178 2752 2191 2789 :
2249 2738 2570 2805 crtiquidem
2621 2741 2697 2794 rei
2763 2743 3068 2797 testimonio
3117 2754 3242 2798 sunt
3291 2744 3463 2801 Juda-i

1892 2827 2001 2889 illi,
2035 2828 2124 2894 qui
2171 2844 2291 2882 cum
2326 2828 2599 2884 Christum
2643 2833 2789 2885 cruci
2841 2816 3188 2899 sniiixissent,
3235 2838 3462 2891 creden-

1892 2928 1990 2982 tes,
2027 2919 2292 2987 baptismo
2342 2930 2545 2975 mentes
2578 2923 2737 2976 simul
2793 2919 2848 2978 et
2903 2942 3092 2981 manus
3148 2929 3459 2985 abluernnt.

1890 3008 2123 3073 Quodsi
2155 3011 2250 3073 illi,
2286 3013 2377 3079 qui
2410 3013 2682 3067 Christum
2729 3017 2781 3068 in
2806 3032 3031 3071 crucem
3078 3030 3321 3087 egerant,
3360 3024 3462 3074 mi-

1896 3100 2243 3153 sericordiam
2288 3111 2412 3181 sunt
2461 3107 2758 3172 consecuti,
2814 3119 2868 3162 et
2908 3111 3023 3178 ipse
3067 3111 3334 3180 profecto,
3369 3113 3460 3181 qui

1896 3182 2041 3235 illum
2083 3185 2408 3253 prodiderat,
2462 3194 2670 3243 veniam
2733 3188 3097 3263 impetrasset.
3152 3199 3213 3253 Et
3262 3199 3464 3258 Paulus

1895 3273 2181 3339 aliquando
2225 3275 2565 3331 Christianos
2601 3264 2790 3339 vinxit,
2833 3283 2925 3335 sed
2959 3284 3096 3337 idem
3136 3286 3249 3354 ipse
3274 3285 3463 3355 poétea

1895 3380 1991 3433 pro
2033 3365 2248 3419 Christo
2298 3379 2516 3422 catenas
2559 3373 2808 3439 gestavit,
2857 3378 3154 3443 eodemque
3187 3378 3460 3433 cruciatus

1894 3473 2090 3524 genere
2118 3462 2320 3514 crimen
2352 3461 2623 3525 dissolvit;
2658 3465 2921 3529 peccavit,
2956 3479 3081 3521 cum
3122 3465 3457 3535 Stephanum

1894 3547 2156 3614 lapidibus
2183 3561 2409 3618 peteret,
2435 3560 2488 3605 et
2527 3552 2643 3619 ejus
2671 3552 3107 3609 interfectOribus
3145 3557 3459 3621 asseutiret,

1893 3648 2013 3704 pOSt
2055 3648 2233 3693 autem
2268 3642 2379 3710 ipse
2412 3655 2628 3709 quoque
2662 3641 2924 3708 lapidibus
2965 3659 3137 3697 cresus
3181 3653 3459 3713 peccaturo

1894 3728 2147 3786 abolevit.
2182 3728 2463 3786 Manlia-us
2502 3733 2547 3763 "
2588 3744 2642 3787 et
2677 3731 2968 3789 Zacchzeus
2997 3734 3043 3765 "
3064 3735 3202 3790 olim
3237 3734 3461 3792 fuerunt

1894 3820 2196 3889 publicani,
2229 3820 2323 3875 sed
2356 3837 2478 3877 mox
2531 3838 2713 3877 niensa
2758 3824 3162 3893 publicanorum
3204 3838 3456 3885 contem-

1892 3922 2002 3977 pta,
2048 3909 2184 3976 alter
2212 3918 2395 3963 eorum
2415 3912 2584 3966 .domo
2613 3923 2773 3982 atque
2811 3914 2990 3970 animo
3019 3929 3117 3969 suo
3133 3911 3313 3973 Jesum
3336 3907 3459 3971 sus-

1894 4004 2076 4069 cepit,
2140 4001 2278 4055 alter
2351 4018 2529 4063 rerum
2597 4004 2996 4077 admirabilium
3096 4007 3458 4077 promulgatae

1892 4103 1943 4147 et
1975 4094 2205 4163 scriptor
2244 4092 2468 4149 euectus
2497 4106 2597 4150 est.
2641 4095 2864 4165 Oportet
2898 4108 2954 4153 ut
2993 4099 3331 4168 publicanum
3363 4116 3458 4168 pa.

1893 4190 2023 4241 riter
2054 4197 2108 4242 et
2131 4187 2459 4243 Pharismum
2482 4193 2743 4245 memoria
2770 4202 3070 4257 teneamus,
3093 4205 3148 4248 et
3180 4196 3455 4251 mulierem

1892 4271 2063 4339 illam,
2099 4284 2218 4344 qua!
2249 4280 2559 4334 drachmam
2591 4271 2843 4337 amissam
2877 4284 3079 4338 invenit
3106 4282 3171 4339 ".

285 4380 379 4445 Ἐξ
402 4381 575 4451 ἀρχῆς
613 4380 672 4431 δὲ
700 4381 779 4441 εἰς
807 4378 957 4441 τέλος
987 4378 1040 4431 εῐ
1072 4394 1154 4441 τις
1186 4377 1311 4439 τοὺς
1345 4373 1667 4446 ἀνθρώπους
1687 4370 1781 4426 τοῦ

1964 4368 2022 4423 Si
2048 4370 2170 4438 quis
2199 4371 2460 4436 homines,
2488 4373 2578 4441 qui
2604 4375 2815 4429 saeculis
2841 4377 3091 4432 omnibus
3116 4379 3181 4432 ad
3216 4380 3316 4434 hoc
3350 4395 3444 4435 us-

205 4470 329 4544 βίου
360 4471 558 4533 παντὸς
595 4472 651 4523 ὲν
680 4473 793 4533 τοῖς
820 4468 1054 4538 καθεξῆς
1089 4469 1297 4538 χρόνοις
1326 4465 1619 4533 λογίσαιτο,
1655 4462 1781 4521 τοὺς

206 4560 437 4623 πολλοὺς
461 4560 686 4630 εὑρήσει
723 4558 986 4629 πρότερον
1028 4557 1125 4627 μὲν
1156 4556 1502 4625 ἐνσχεθέντας
1537 4553 1785 4622 ἁμαρτή-

207 4668 401 4720 μασιν,
437 4647 555 4703 εἷτα
614 4654 681 4720 τῇ
720 4651 857 4712 πρὸς
907 4649 968 4700 τὸ
1003 4652 1249 4719 κρεῖττον
1303 4648 1440 4716 ῥοπῇ
1480 4642 1783 4715 μεταθεμέ-

202 4760 333 4804 νους
353 4742 449 4810 τῆς
503 4741 747 4811 γνώμης.
797 4738 932 4793 Θεοῦ
963 4739 1070 4810 γὰρ
1101 4741 1297 4793 οἰκεῖον
1328 4740 1421 4790 καὶ
1458 4736 1614 4806 μόνον
1643 4734 1787 4796 ἐξαί-

202 4848 369 4898 ρετον
403 4832 775 4901 πλημμελείας
832 4831 1001 4900 χωρὶς
1056 4831 1232 4882 πάντα
1276 4827 1588 4895 κατορθοῦν.
1660 4828 1788 4877 Ἀν-

200 4921 430 4991 θρωπος
455 4923 511 4973 δὲ
546 4923 651 4975 ὑπὸ
677 4923 889 4990 γένεσιν
917 4923 1012 4974 καὶ
1045 4921 1250 4992 φθορὰν
1283 4922 1543 4989 ἠγμένος,
1574 4918 1666 4971 καὶ
1697 4934 1788 4969 το-

204 5011 416 5063 σούτων
454 5013 713 5083 ὑπάρχων
763 5013 1010 5075 δεκτικὸς
1052 5012 1260 5076 παθῶν,
1308 5011 1490 5064 οὔποτ’
1521 5008 1585 5065 ἂν
1620 5010 1788 5062 ἀκατ-

208 5102 476 5171 ηγόρητος
533 5104 770 5175 δειχθείη
800 5104 1192 5174 περικοπείσης
1228 5103 1575 5173 συγγνώμης.
1619 5101 1781 5153 Ἀπό-

205 5195 407 5262 σλεψον
438 5195 571 5265 πρὸς
601 5197 691 5249 τὸν
720 5196 882 5249 Δαϐιδ
913 5196 1001 5249 τὸν
1054 5196 1275 5265 βασιλέα
1309 5195 1401 5248 τοῦ
1441 5193 1677 5264 Ἰσραὴλ,
1725 5192 1783 5243 ὃν

203 5289 333 5341 κατ’
363 5288 590 5359 ἐκλογὴν
622 5289 1026 5359 ἐχειροτόνησεν
1071 5290 1100 5341 ὁ
1132 5288 1283 5353 Θεὸς,
1316 5286 1556 5348 ἐπαίνοις
1586 5286 1645 5337 δὲ
1674 5284 1784 5345 τοῖς

197 5378 309 5446 τῆς
383 5378 682 5450 μαρτυρίας
732 5380 1033 5450 ἐκόσμησε,
1087 5379 1290 5445 λέγων·
1350 5374 1544 5446 Εὗρον
1595 5376 1785 5442 ἄνδρα

196 5467 361 5519 κατὰ
413 5468 527 5535 τὴν
579 5468 832 5536 καρδίαν
870 5488 990 5537 μου
1037 5469 1214 5523 Audit?
1253 5470 1358 5523 τὸν
1404 5467 1510 5521 τοῦ
1547 5466 1782 5521 Ἰεσσαί.

1888 4473 1992 4527 que
2024 4467 2232 4528 tempus
2262 4464 2607 4530 exstiterunt,
2644 4465 2896 4519 universo
2918 4468 3099 4521 animo
3129 4470 3455 4539 complecta-

1891 4556 1997 4609 tur,
2029 4548 2194 4602 fulsse
2227 4550 2425 4616 rnnltos
2467 4554 2874 4620 animadvertet,
2906 4558 2997 4625 qui
3034 4562 3174 4611 cum"
3197 4574 3257 4613 se
3308 4562 3456 4629 prius

1891 4637 2104 4707 ﬂagitiis
2128 4641 2597 4709 inquinassent,ad
2620 4644 2823 4714 frugem
2839 4646 3033 4700 bonam
3056 4648 3251 4703 deinde
3279 4651 3455 4705 redie-

1888 4738 2030 4783 runt.
2064 4730 2192 4784 Illud
2216 4734 2359 4787 enim
2387 4734 2479 4789 Dei
2506 4737 2674 4791 solius
2703 4740 2976 4807 proprium
3003 4750 3102 4803 est,
3140 4749 3198 4793 ut
3225 4742 3291 4796 ab
3306 4744 3456 4798 omni

1888 4832 2109 4891 peccato
2144 4836 2379 4880 remotus
2421 4814 2598 4892 Bruttia
2645 4840 2789 4884 recte
2832 4840 3001 4900 gerat.
3034 4830 3206 4887 Ilouto
3248 4840 3450 4898 autem,

1887 4918 1975 4982 qui
2015 4926 2193 4969 ortum
2215 4928 2375 4987 atque
2400 4920 2673 4983 interitum
2706 4922 2872 4984 subit,
2921 4925 3120 4992 quique
3172 4929 3280 4976 tam
3314 4926 3453 4978 mul-

1888 5008 1956 5058 tis
1977 5008 2470 5075 perturbationibus
2487 5021 2568 5065 est
2594 5014 2881 5076 obnoxius,
2916 5012 3187 5085 nunquam
3216 5015 3451 5087 eli‘ugere

1886 5100 2102 5175 poterit,
2121 5100 2249 5168 quin
2272 5113 2557 5156 accusetur
2576 5112 2626 5157 et
2650 5106 3059 5169 condemnetur,
3079 5107 3124 5162 si
3140 5108 3306 5162 veniae
3326 5124 3455 5178 spes

1884 5187 2178 5244 auferatur.
2204 5191 2496 5247 Considera
2513 5194 2640 5249 mihi
2668 5196 2921 5255 Davideni
2941 5200 3111 5264 ipsum
3128 5199 3340 5255 Israelis
3368 5217 3452 5256 re-

1884 5295 2026 5350 gem,
2053 5296 2213 5350 quem
2240 5285 2377 5346 Deus
2404 5285 2511 5339 sibi
2556 5287 2882 5356 singularem
2911 5290 3144 5358 elegerat
3165 5329 3180 5355 ,
3206 5292 3448 5347 testimo-

1885 5372 2079 5441 nioque
2095 5389 2191 5428 suo
2203 5375 2529 5431 collaudarat
2542 5419 2556 5439 ,
2577 5378 2776 5442 Ιηυεηί,
2797 5380 3065 5449 inquiens,
3082 5383 3251 5435 virum
3267 5399 3452 5438 secun-

1884 5462 2009 5514 dum
2024 5480 2114 5517 cor
2137 5482 2307 5520 meum
2324 5467 2495 5523 David
2532 5467 2730 5531 Filium
2754 5469 2903 5525 leue
2929 5473 2995 5525 ’⁸.
3025 5472 3121 5527 Hic
3154 5482 3275 5543 post
3315 5489 3451 5540 pra:-

278 5578 327 5610 u
362 5577 563 5659 Elea."
615 5581 914 5659 “"Ioﬁl’h
992 5582 1038 5613 ”
1088 5581 1560 5648 Hattlt.xx\'t,75.
1636 5579 1803 5630 "Mat

1873 5616 1885 5631 .
1928 5594 2001 5642 ιτ,
2029 5583 2081 5637 9.
2159 5584 2204 5616 "
2239 5584 2369 5641 Luc.
2406 5581 2520 5651 κη’,
2544 5585 2598 5639 2.
2674 5586 2719 5619 ’⁷
2753 5586 2880 5642 an.
2908 5602 2996 5652 xv,
3030 5588 3083 5642 8.
3159 5586 3204 5621 “
3239 5586 3282 5643 ll
3311 5587 3444 5659 Reg.

200 5662 328 5711 xm,
356 5647 447 5711 Η,
502 5651 621 5704 Act.
647 5665 767 5711 xm,
800 5649 885 5702 22.
