4216 6324
754 378 862 438 559

2026 366 2097 420 5..
2128 363 2408 419 AS‘I‘ER“
2448 358 2754 419 AMASENI

3907 353 4017 411 Si")

752 497 961 556 clarum
987 491 1116 548 illud
1144 487 1341 545 divina
1359 481 1533 541 laudis
1569 477 1919 553 praeconium,
1942 478 2188 534 mulieris
2215 476 2337 547 pul-

2465 469 2615 538 )ὖτος
2666 472 2803 543 μετά
2857 470 2955 540 τὴν
2990 465 3247 539 λαμπρὰν
3281 465 3604 536 μαρτυρίαν,
3638 456 3793 528 οὗτος
3828 467 4019 541 imm]

756 584 1071 644 cliritudine
1100 588 1312 651 captus,
1350 576 1553 649 quibus
1592 584 1652 629 se
1685 571 1922 644 peccatis
1945 568 2330 633 obstrinxerit,

757 692 953 734 omnes
1010 675 1240 731 scimus.
1298 670 1549 725 Attamen
1595 665 1735 721 idem
1774 679 1805 717 a
1848 662 2106 733 propheta
2152 673 2336 729 repre-

762 769 962 825 hensus
986 763 1284 820 admissum
1307 759 1483 816 scelus
1503 756 1743 827 agnovit,
1772 761 1829 809 et
1852 751 2184 823 pmnitentiae
2220 766 2334 807 mo-

761 861 889 915 dum
918 855 1154 929 posteris
1204 851 1466 921 scriptum
1515 846 1750 916 reliquit.
1790 842 2153 912 Quamobrem
2179 842 2333 897 dolo.

718 1006 729 1019 ,
765 966 877 1005 rem
907 948 1026 1017 ejus
1071 946 1125 1001 itt
1159 945 1298 1000 libro
1348 940 1686 995 Psalmorum
1736 942 1990 1005 tanquam
2026 932 2080 988 in
2119 932 2339 999 speculo

765 1036 1008 1090 videmus
1033 1045 1370 1101 expressum,
1403 1029 1490 1084 ubi
1523 1039 1666 1083 nunc
1681 1023 1850 1090 luctu,
1874 1030 1930 1077 et
1952 1021 2203 1092 squalore
2218 1036 2341 1079 eur-

765 1142 867 1196 pus
897 1123 1175 1181 excruciat
1206 1140 1219 1177 :
1260 1137 1401 1176 nunc
1422 1118 1523 1174 sibi
1556 1123 1744 1171 noctes
1772 1113 1839 1167 ad
1879 1112 2166 1181 lugendum
2200 1124 2340 1178 pra-

766 1213 977 1281 scribit,
1002 1214 1145 1284 quod
1180 1211 1397 1283 quidem
1437 1220 1647 1276 tempus
1677 1203 1952 1260 communi
1983 1201 2341 1256 laborantium

765 1306 932 1377 quieti
980 1307 1163 1359 datum
1203 1309 1317 1367 est;
1355 1315 1499 1355 nunc
1536 1298 1804 1368 lacrymas
1839 1310 1871 1349 e
1910 1292 2185 1364 palpebris
2228 1291 2342 1346 suis

766 1409 1021 1466 tanquam
1068 1409 1099 1450 e
1142 1394 1381 1447 fontibus
1452 1387 1804 1460 profundens,
1835 1386 2088 1440 lectulum
2122 1382 2342 1453 irrigat,

760 1495 817 1541 ct
852 1485 1363 1557 quinquagesimum
1398 1480 1663 1550 psalmum
1689 1476 1843 1531 nobis
1866 1475 2131 1536 elaborat.
2162 1474 2214 1527 in
2233 1487 2341 1540 quo

768 1578 936 1632 Deum
955 1575 1277 1644 pmnitetttia
1312 1569 1559 1640 placandi
1585 1566 1892 1635 exemplum
1913 1563 2207 1634 elllngitur.
2230 1562 2339 1617 Ne-

762 1681 869 1738 que
895 1683 1023 1722 vero
1051 1668 1229 1720 luctus
1263 1664 1433 1733 ipsius
1471 1658 1652 1715 inanis
1692 1656 1813 1712 fuit.
1847 1656 1953 1712 Sed
1983 1668 2176 1725 graves
2224 1652 2344 1723 ejus

2433 564 2512 637 τῷ
2560 563 2721 621 πάθει
2780 564 2882 632 τῆς
2913 558 3294 631 σιιηεεραστίας
3340 557 3500 619 ἑάλω,
3560 557 3652 611 καὶ
3691 557 4020 629 περιέπεσεν

2434 656 2665 717 ἐκείνοις
2689 648 2770 716 οἷς
2798 651 3137 721 γινώσκομεν
3172 649 3427 711 ἅπαντες,
3462 643 3625 719 ἦλθεν
3663 646 3720 701 δι
3751 648 3891 718 μετά
3922 648 4019 702 τὸν

2433 748 2653 817 ἔλεγχον
2710 744 2803 798 τοῦ
2849 745 3129 815 προφήτου
3165 744 3246 806 είς
3290 738 3657 810 ἀναλογισμὸν
3698 738 3792 794 τοῦ
3818 740 4015 803 κακοῦ.

2435 840 2785 909 ἀνάγραπτον
2821 837 3030 906 ἀφῆκεν
3084 837 3198 898 τοῖς
3236 836 3316 897 είς
3346 831 3569 902 ὕστερον
3608 830 3885 902 ἐσομένοις
3918 830 4021 903 τῆς

2440 928 2732 1001 μετανοίας
2760 929 2852 981 τὸν
2890 924 3088 998 μόχθον
3106 941 3122 957 ⁸
3149 926 3245 980 καὶ
3274 922 3607 996 θεωροῦμεν,
3644 923 3719 986 ὡς
3741 925 3800 977 ἐν
3828 924 4019 987 είκϐνι,

2437 1020 2516 1091 τῷ
2537 1018 2843 1091 ψαλτηρίῳ,
2884 1018 2976 1071 τόν
3002 1015 3231 1088 μόχθονο
3262 1015 3358 1069 νῦν
3416 1015 3516 1085 μὲν
3546 1014 3913 1086 ἐκτηκόμενον
3950 1014 4020 1083 τῇ

2439 1112 2584 1185 λύπῃ
2621 1110 2684 1164 τὸ
2717 1109 2911 1181 σῶμαο
2939 1103 3096 1170 αὖθις
3137 1107 3195 1160 δὲ
3240 1107 3338 1177 τήν
3368 1106 3540 1159 νύκτα
3593 1107 3783 1177 καιρὸν
3809 1102 4025 1176 θρήνων

2443 1202 2788 1272 ποιούμενον,
2835 1200 2936 1272 τήν
2956 1199 3141 1271 κοινὴν
3164 1196 3274 1251 τῶν
3319 1192 3498 1250 πόνων
3554 1196 3886 1251 ἀνάπαυσιν·
3928 1194 4027 1250 καὶ

2441 1296 2508 1363 τῇ
2537 1292 2694 1367 κλίνῃ
2747 1292 2809 1346 τό
2836 1292 3073 1362 δάκρυον
3114 1288 3440 1361 ἐπιρρέοντα
3471 1288 3548 1352 ὡς
3596 1288 3661 1341 ἐκ
3689 1287 3885 1357 πηγῶν
3913 1285 4029 1339 τῶν

2446 1384 2756 1457 βλεφάρων,
2820 1386 2917 1437 καὶ
2947 1382 3110 1438 πάλιν
3144 1386 3276 1454 ήμῐν
3306 1384 3396 1435 τὸν
3425 1382 3788 1451 πεντηκοστὸν
3813 1378 4032 1449 ψαλμὸν

2448 1476 2849 1546 ὲκπονήσαντα,
2879 1473 3047 1527 τύπον
3077 1472 3169 1526 τὸν
3201 1472 3553 1543 ίλασκόμενον
3588 1470 3741 1525 Θεόν.
3763 1471 3839 1523 Ού
3874 1470 3976 1540 μὲν
4001 1470 4032 1520 ὁ

2446 1563 2644 1637 θρῆνος
2672 1563 2821 1635 αύτῷ
2857 1563 3031 1634 μάτην
3054 1561 3350 1633 ἐξεπονήθη
3373 1579 3386 1592 ·
3410 1560 3526 1615 ἀλλ’
3549 1563 3597 1613 oi
3623 1560 3808 1631 βαρεῖς
3839 1576 4032 1613 στενα-

2444 1655 2578 1727 γμοὶ
2623 1655 2715 1708 τὸν
2750 1654 2896 1708 ἔλεον
2934 1653 3355 1724 εφειλκύσαντο·
3413 1651 3655 1707 ἀπέλαϐε
3704 1651 3762 1705 δὲ
3807 1650 4034 1720 καὶτῆς

762 1757 996 1824 gemitus
1026 1751 1458 1809 misericordiam
1486 1748 1830 1807 invenerunt,
1858 1748 1917 1796 ut
1939 1748 1995 1796 et
2018 1739 2224 1809 imperii
2262 1738 2347 1791 di-

2465 1744 2732 1815 ίασιλικῆς
2756 1743 3041 1807 αὑθεντίας
3072 1743 3171 1813 τὴν
3191 1742 3461 1809 ἐξουσίαν,
3493 1744 3587 1796 καὶ
3611 1741 3711 1812 τῆς
3731 1740 3871 1812 πρὸς
3900 1740 4036 1794 Θεὸν

765 1850 993 1918 gnitate,
1018 1856 1071 1899 et
1105 1842 1343 1897 amicitia
1388 1839 1477 1893 Dei
1520 1838 1691 1891 libere
1737 1834 2030 1887 frueretur.
2062 1828 2181 1883 Rex
2217 1828 2344 1882 item

2465 1836 2660 1900 ,κεσίας
2685 1814 2786 1906 τὴν
2820 1836 3154 1907 παρρησίαν.
3207 1834 3437 1904 Ὁμοίως
3474 1834 3725 1895 κάκεῖνος
3753 1830 3901 1901 ὀτῆς
3932 1830 4034 1883 Νι-

767 1916 855 1992 ille
885 1934 1241 1990 Ninivitarum
1272 1926 1614 2007 multitudine
1648 1932 1994 1991 peccatorum
2021 1919 2086 1972 ad
2121 1916 2345 1972 exilium

769 2025 1153 2088 contendebat,
1200 2035 1304 2073 una
1342 2033 1462 2073 cum
1505 2004 1737 2086 populis,
1784 2012 1985 2080 quibus
2025 2004 2346 2076 imperabat.

771 2119 836 2173 Et
863 2119 929 2182 is,
974 2116 1063 2183 qui
1098 2119 1314 2180 peccata
1344 2110 1584 2177 ipsorum
1620 2103 1996 2173 redarguebat,
2036 2100 2179 2153 diem
2223 2111 2351 2165 sup-

776 2210 941 2279 plicio
966 2204 1286 2275 pra'linitam
1312 2198 1667 2253 denuntiabat
1701 2191 2153 2263 appropinquare.
2182 2184 2347 2240 Cum-

768 2278 874 2369 que
923 2295 1215 2364 prudenter
1259 2290 1336 2344 illi
1398 2296 1569 2343 seruet
1630 2283 1928 2353 amigentes
1982 2278 2349 2332 calamitatem

769 2367 1084 2457 effugissent
1112 2383 1188 2444 ”,
1230 2379 1447 2434 dolebat
1500 2375 1759 2444 propheta
1814 2368 1957 2440 quod
1997 2367 2177 2431 mala,
2226 2380 2349 2435 quae

772 2456 1116 2547 praedixerat,
1150 2470 1255 2527 nd‘n
1286 2466 1613 2527 evenissent,
1668 2460 1868 2529 Deique
1910 2456 2351 2512 commiseratio-

774 2584 900 2627 nem
942 2569 1126 2636 iniquo
1159 2563 1343 2617 animo
1370 2557 1599 2614 ferebat.
1631 2555 1700 2607 At
1737 2552 1845 2617 ille,
1880 2549 1969 2617 qui
2010 2547 2207 2615 ubique
2238 2554 2351 2599 tuin

759 2659 984 2719 verbis,
1032 2667 1143 2710 tum
1180 2652 1338 2707 factis
1393 2649 1630 2711 indicat,
1675 2652 1878 2715 quanta
1919 2639 2168 2696 homines
2192 2638 2355 2691 benc-

775 2748 1006 2807 volentia
1052 2741 1476 2812 complectatur,
1518 2736 1665 2801 fecit,
1697 2741 1755 2787 ut
1783 2729 2063 2787 cucurbita
2104 2739 2357 2781 nascere-

777 2826 1022 2909 tur,que
1049 2844 1211 2905 caput
1243 2833 1361 2903 ejus
1377 2830 1445 2884 ab
1469 2826 1662 2897 injuria
1694 2824 1823 2881 solis
1850 2820 2201 2880 defenderet;
2253 2816 2355 2870 sub

770 2934 968 2988 ‘utnbra
993 2937 1171 2985 autem
1218 2926 1387 2995 ipsius
1424 2936 1490 2977 eo
1532 2919 1837 2974 dormiente
1890 2912 2072 2969 statim
2123 2914 2354 2965 exaruit.

777 3026 879 3092 Qui
930 3037 1052 3078 cum
1104 3023 1456 3087 experrectus
1509 3026 1623 3066 rem
1651 3023 1793 3077 aegre
1832 3006 2019 3069 ferret,
2059 3000 2357 3071 reprehen-

778 3091 946 3178 ditur,
976 3110 1142 3182 quod,
1176 3122 1301 3164 cum
1332 3108 1449 3182 ipse
1473 3100 1765 3171 virgultum
1804 3094 2086 3151 exaruisse
2112 3091 2360 3158 indigne-

781 3220 890 3273 tur,
940 3178 1075 3260 nolit
1118 3204 1283 3257 Deum
1329 3178 1631 3269 propinquo
1661 3200 1829 3247 tantae
1860 3184 2097 3243 civitatis
2135 3179 2359 3237 interitu

781 3294 1108 3353 commoveri
1129 3291 1184 3344 ιτ

860 3472 966 3530 Vos
996 3472 1182 3543 igitur,
1218 3466 1309 3537 qui
1342 3462 1463 3520 duri
1494 3461 1627 3517 estis
1652 3467 1816 3529 atque
1849 3458 2110 3519 immites,
2140 3457 2259 3528 ejus
2275 3458 2368 3525 qui

787 3582 887 3623 nos
924 3562 1252 3636 procreavit,
1289 3555 1677 3624 benignitatem
1725 3559 1779 3605 et
1808 3548 2153 3604 clementiam
2192 3549 2371 3602 imita-

790 3646 947 3713 mini.
978 3654 1154 3709 Νοίὶιο
1172 3664 1273 3706 σοι
1309 3650 1362 3702 in
1391 3657 1687 3702 conservos
1719 3649 1930 3694 vestros
1962 3639 2206 3708 praebere
2224 3638 2371 3707 judi-

789 3764 883 3805 ces
908 3744 1135 3802 acerbos
1161 3749 1216 3796 et
1249 3753 1460 3811 graves.
1500 3738 1670 3789 donec
1698 3731 1883 3786 veniat
1918 3731 2009 3785 ille
2038 3732 2128 3800 qui
2166 3745 2370 3784 arcana

791 3840 1037 3896 cordium
1065 3832 1381 3905 patefaciet,
1425 3838 1477 3881 et
1507 3833 1775 3896 p0testate
1814 3836 1911 3876 sua
1954 3823 2153 3890 cuique
2177 3835 2375 3876 conve-

793 3933 1031 3999 nientem
1054 3932 1251 3981 statum
1283 3922 1487 3975 tribuet
1527 3918 1582 3972 in
1612 3916 1723 3969 vita
1752 3928 1916 3985 quam
1966 3922 2369 3981 exspectamus.

796 4021 983 4078 Nolite
1028 4017 1300 4071 tristiores
1338 4010 1393 4065 in
1450 4011 1585 4063 alios
1620 4021 1684 4061 ac
1728 4006 2030 4060 severiores
2075 4005 2375 4057 sententias

800 4120 959 4172 terre,
993 4122 1062 4163 ne
1103 4106 1290 4160 iisdem
1332 4115 1429 4156 vos
1480 4098 1766 4154 sententiis
1815 4094 2286 4157 condemnemini,
2321 4101 2378 4147 et

804 4187 1035 4270 propriis
1066 4194 1247 4249 verbis
1280 4201 1533 4257 tanquam
1562 4186 1811 4240 dentibus
1856 4184 2182 4239 acutissimis
2207 4182 2371 4237 conti-

800 4288 1027 4361 gatnini.
1081 4285 1127 4340 A
1157 4298 1265 4354 quo
1296 4282 1517 4352 quidem
1567 4278 1796 4334 crimine
1838 4276 2088 4331 videntur
2138 4274 2271 4329 milii
2312 4289 2377 4329 ea

801 4380 1077 4449 Evangelii
1125 4379 1285 4431 verba
1334 4389 1435 4430 nos
1476 4372 1794 4427 deterrere:
1829 4366 2011 4421 Nolite
2027 4368 2291 4434 judicare,
2322 4376 2378 4419 tu

2450 1928 2581 1998 νευὴ
2622 1924 2927 1997 βασιλεύειν
2976 1923 3178 1996 λαχὼν,
3212 1924 3289 1993 τῷ
3346 1923 3444 1994 μὲν
3494 1922 3687 1993 πλήθει
3711 1920 3821 1975 τῶν
3851 1936 4034 1991 αμαρ-

2449 2017 2580 2070 τιῶν
2617 2013 2979 2085 συνηλαύνετο
3001 2014 3135 2084 πρὸς
3172 2012 3264 2064 τὸν
3295 2011 3537 2079 ὀλεθρον,
3567 2008 3705 2081 ὀμοῢ
3728 2011 3840 2072 τοῖς
3868 2010 4036 2079 ἀρχο-

2455 2106 2634 2176 μένοις
2659 2105 2828 2167 λαοῖς.
2886 2102 2984 2157 καὶ
3033 2101 3063 2153 ὀ
3093 2101 3191 2171 τῆς
3238 2098 3513 2171 ἁμαρτίας
3545 2096 3765 2167 ἔλεγχος
3793 2093 4031 2164 ἐγγίζειι

2455 2198 2573 2267 μετ’
2604 2196 2779 2264 ὀλίγον
2813 2193 2911 2265 τὴν
2940 2192 3277 2265 προθεσμίαν
3299 2190 3401 2261 τῆς
3425 2187 3694 2260 τιμωρίας
3715 2188 4032 2259 ἐκήρυττεν.

2465 2284 2683 2355 Ἐπειδὴ
2712 2284 2769 2337 δὲ
2800 2282 3036 2345 συνετῶς
3063 2282 3289 2343 ἑαυτοὺς
3303 2278 3672 2342 κακώσάντες,
3709 2279 3910 2346 ἔφυγον
3940 2276 4035 2346 τὴν

2452 2380 2651 2447 πεῖραν
2706 2374 2807 2445 τῆς
2849 2374 3155 2444 συμφορᾶς,
3193 2371 3435 2443 ἐλυπήθη
3466 2372 3564 2441 μὲν
3597 2371 3679 2424 ὅτι
3715 2370 3791 2440 μή
3812 2366 4041 2437 ήλήθευ-

2457 2484 2549 2521 cev
2591 2467 2621 2520 ὀ
2676 2464 2787 2518 τῶν
2821 2464 3011 2519 κακῶν
3042 2463 3348 2537 προφήτης,
3381 2462 3635 2534 καὶπρὸς
3656 2460 3747 2513 τὸν
3772 2460 3923 2513 Ελεον
3946 2455 4041 2511 τοῦ

2455 2558 2593 2612 Θεοῦ
2617 2556 2869 2629 χαλεπῶς
2914 2554 3284 2627 ήγροικίσατο.
3325 2554 3385 2607 '0
3429 2552 3487 2606 δὲ
3516 2549 3791 2633 πανταχοῦ
3822 2550 3919 2603 καὶ
3956 2548 4047 2602 διά

2454 2652 2628 2720 λόγων
2662 2652 2759 2704 καὶ
2799 2646 3052 2721 πράξεων
3085 2642 3370 2717 γνωρίζων
3408 2646 3577 2715 ἡμῖν,
3620 2643 3751 2713 ὅσην
3785 2642 3900 2711 ἔχει
3947 2639 4047 2711 τὴν

2457 2744 2595 2815 πρὶς
2627 2743 2754 2805 τοὺς
2779 2739 3102 2813 ἀνθρώπους
3136 2737 3447 2809 εὐμένειαν,
3487 2734 3614 2804 φύει
3644 2734 3746 2806 μὲν
3764 2734 3865 2805 τὴν
3893 2731 4053 2787 κολό-

2458 2834 2660 2889 κυνθαν
2696 2832 2838 2905 ὑπὲρ
2879 2830 3142 2901 κεφαλῆς,
3176 2829 3253 2899 τῷ
3299 2829 3551 2900 προφήτῃ
3579 2829 3789 2898 σκέπην
3820 2824 3923 2896 τῆς
3958 2823 4051 2877 λυ-

2459 2925 2668 2994 πούσης
2704 2925 2945 2988 ἀκτῖνος,
3005 2917 3461 2979 ὑποκαοεύδοντος
3498 2918 3557 2971 δὲ
3590 2918 3657 2987 τῇ
3694 2916 3823 2987 σκιᾲ
3848 2913 4053 2987 ἀθρόον

2460 3012 2815 3085 ἀποξηράνας
2848 3011 3039 3083 αὑτήν.
3073 3006 3206 3065 Εἶτα
3228 3008 3304 3069 ὼς
3326 3005 3600 3070 δυσκόλως
3615 3001 3760 3077 εἶχεν
3789 3003 4057 3074 ἀφυπνὼ-

2463 3121 2563 3169 σας
2599 3104 2735 3177 πρὸς
2762 3101 2822 3155 τὸ
2853 3098 3087 3172 συμϐὰν,
3119 3095 3367 3161 ὀνειδίζει
3401 3094 3497 3149 καὶ
3534 3094 3824 3165 μέμφεται.
3859 3094 3928 3148 El
3955 3094 4056 3164 μιν

2467 3194 2639 3258 οὕτως
2666 3190 2928 3264 ἐμπαθῶς
2978 3185 3364 3255 επιστυγνάζοι
3394 3184 3474 3256 τῷ
3505 3183 3833 3257 μαρανθέντι
3881 3184 4058 3255 λαχά-

2470 3304 2563 3356 νῳ,
2592 3288 2620 3338 ὀ
2665 3283 2723 3337 δὲ
2763 3282 2899 3346 Θεὸς
2924 3282 3027 3334 οὐκ
3056 3278 3122 3333 ἂν
3154 3275 3468 3348 ἐπεκλάσθη
3520 3273 3822 3346 τηλικαύτῃ
3883 3274 4059 3343 ἐγγὺς

2469 3374 2700 3448 ἐλθούσῃ
2730 3370 2977 3426 κινδύνου
2997 3386 3015 3436 ;

2540 3464 2757 3520 Μάθετε
2782 3455 2898 3520 οὖν.
2927 3460 2977 3513 oi
3009 3456 3237 3529 σκληροὶ
3286 3455 3383 3510 καὶ
3407 3453 3797 3540 δυσμείλικτοι,
3826 3452 3935 3524 τὴν
3961 3450 4061 3507 τοῦ

2471 3555 2756 3615 κτίσαντος
2808 3550 2955 3623 ἡμᾶς
2998 3549 3363 3621 χρηστότητα,
3427 3546 3525 3601 καὶ
3563 3545 3639 3617 μὴ
3690 3544 3910 3612 γίνεσθε
3951 3545 4063 3597 τῶν

2470 3644 2776 3717 ὀμεδούλων
2827 3642 3017 3713 πικροὶ
3082 3640 3177 3694 κα)⁵
3230 3636 3415 3712 βαρεῖς
3463 3636 3737 3701 δικασταὶ,
3786 3638 3957 3707 ἄχρις
3996 3638 4062 3690 ἀν

2472 3736 2738 3807 ἀφίκηται
2788 3735 2817 3788 ὀ
2855 3732 2925 3787 τά
2956 3729 3178 3804 κρυπτὰ
3222 3729 3332 3783 τῶν
3359 3727 3593 3799 καρδιῶν
3630 3727 4059 3793 ἀποκαλύπτων,

2474 3828 2568 3880 καὶ
2624 3826 2744 3879 κατ’
2768 3822 3013 3890 ἐξουσίαν
3047 3820 3371 3889 δεσποτικήν
3405 3819 3620 3888 ἑκάστῳ
3674 3819 3777 3889 τῆς
3822 3821 4059 3890 «pocae-

2476 3917 2727 3987 κωμένης
2772 3913 2918 3984 ζωῆς
2950 3910 3277 3981 ἀτιοκληρῶν
3304 3909 3400 3978 τὴν
3428 3911 3777 3968 κατάστασιν.
3802 3910 3897 3981 Μὴ
3934 3929 4059 3966 σκυ-

2476 4006 2702 4077 θρωπάς
2760 4006 3023 4075 ἐκφέρετε
3109 4003 3208 4067 τὰς
3272 4001 3592 4070 ἀποφάσεις*
3656 4002 3745 4054 ἵνα
3807 4001 3887 4073 μὴ
3942 4006 4063 4066 ταῖς

2476 4096 2694 4167 ὁμοίαις
2722 4092 3086 4165 ὑποϐληθῖῃε,
3120 4095 3214 4148 καὶ
3261 4092 3371 4146 τῶν
3395 4093 3610 4147 οίκείων
3638 4094 3927 4163 στομάτων
3952 4096 4068 4157 τοῖς

2476 4190 2657 4257 λόγοις
2688 4189 2763 4250 ὡς
2812 4185 3021 4239 ὀδοῦσιν
3052 4186 3330 4253 ὀξυτάτοις
3358 4181 3722 4255 περιπαρῆτε.
3760 4184 3925 4237 Δοκεῖ
3955 4184 4068 4254 γάρ

2483 4297 2573 4351 μοι
2618 4281 2713 4333 καὶ
2771 4280 2804 4349 ή
2838 4274 3162 4347 εὐαγγελικῆ
3209 4277 3513 4347 πρόρρησις
3556 4274 3746 4329 τούτου
3779 4277 4069 4347 προφυλα-

2483 4371 2644 4439 κτικὴ
2674 4368 2963 4437 τυγχάνειν
3006 4365 3100 4419 τοῦ
3138 4364 3628 4436 πλημμελήματος,
3658 4364 3893 4431 λέγουσα
3914 4380 3930 4395 ⁸
3967 4366 4069 4436 Μὴ

803 4490 867 4527 ne
902 4471 1213 4541 judicemini
1243 4469 1286 4522 ’.
1314 4465 1522 4532 Quibus
1567 4476 1698 4516 sane
1752 4460 1932 4514 verbis
1988 4473 2091 4511 non
2140 4459 2348 4511 auferto

2486 4463 2739 4529 κρίνετε,
2800 4459 2900 4511 ἵνα
2946 4456 3033 4525 μὴ
3074 4455 3333 4524 κριθῆτε.
3370 4456 3443 4509 Οὐ
3490 4455 3600 4527 γάρ
3629 4455 3726 4527 τὴν
3756 4457 3947 4525 κρίσιν
3974 4462 4071 4512 καὶ

806 4560 960 4618 nobis
1006 4561 1233 4615 facultas
1286 4561 1519 4612 lnnnane
1565 4553 1915 4622 benigneque
1948 4549 2241 4619 iudicandi,
2288 4552 2379 4602 sed

807 4654 1255 4715 ittterdicitur,ne
1298 4646 1515 4715 gravius
1553 4654 1609 4698 et
1642 4641 1887 4711 asperius
1932 4639 2217 4709 iudicando
2261 4652 2386 4691 con-

809 4746 1155 4797 demnemus.-
1183 4738 1419 4792 Leviora
1471 4735 1636 4805 igitur
1665 4732 1751 4786 fac
1775 4732 2000 4785 aliorum
2039 4729 2290 4798 pondera,
2319 4744 2386 4783 ne

809 4839 862 4890 in
886 4836 1075 4890 eadem
1121 4828 1484 4885 damnationis
1541 4826 1743 4880 trutina
1793 4822 2035 4877 actiones
2074 4828 2179 4875 tua:
2208 4820 2386 4887 depri-

808 4937 1049 4990 mantur,
1087 4922 1303 4992 quando
1341 4920 1451 4974 vita
1494 4926 1678 4972 nostra
1713 4926 1973 4985 tanquam
2008 4912 2061 4965 in
2104 4911 2258 4964 lance
2290 4910 2383 4963 Dei

806 5018 1012 5089 judicio
1044 5012 1464 5070 exatninabitur.
1497 5008 1598 5071 Tu,
1638 5006 1730 5075 qui
1765 5017 1993 5072 corpore
2034 5004 2257 5057 indutus
2290 5015 2380 5063 es,

811 5122 865 5164 et
892 5113 944 5164 in
973 5122 1135 5166 carne
1168 5106 1323 5169 vivis,
1356 5118 1510 5167 cave,
1535 5115 1601 5154 ne
1636 5099 1858 5154 medicae
1889 5097 2023 5151 artis
2048 5094 2381 5148 curationem

812 5201 1037 5268 obiicias
1079 5208 1135 5252 et
1179 5196 1516 5263 asperneris;
1553 5206 1674 5245 nam
1712 5190 1836 5242 licet
1870 5187 2146 5243 commoda
2182 5184 2384 5238 fruaris

815 5290 1139 5350 valetudine,
1176 5301 1281 5339 non
1313 5293 1490 5336 tamen
1520 5292 1732 5349 semper
1755 5279 1827 5331 ita
1868 5277 2003 5331 liber
2037 5275 2105 5328 ab
2130 5288 2273 5327 omni
2299 5271 2383 5324 fu-

815 5388 972 5433 turns
1005 5391 1066 5431 es
1096 5375 1303 5439 morbo,
1335 5380 1393 5425 ut
1420 5384 1581 5439 opera
1605 5365 1795 5423 medici
1819 5376 2096 5432 nunquam
2122 5360 2387 5429 indigeas.

818 5467 1072 5537 Animum
1124 5464 1291 5519 babes
1347 5462 1412 5516 ad
1466 5475 1552 5514 res
1592 5468 1834 5511 terrenas
1871 5460 2207 5519 catlucasquo
2261 5465 2388 5518 pro-

818 5574 1065 5633 τειιειιιιι,
1108 5554 1346 5626 quandiu
1427 5549 1627 5605 oblitus
1704 5548 1788 5600 sui
1839 5544 2096 5613 impletur
2145 5542 2390 5612 corporis

896 5747 942 5782 ’θ
974 5751 1095 5811 Jan.
1138 5766 1219 5816 ιιι,
1255 5751 1273 5803 l
1308 5763 1428 5819 sqq.

2485 4552 2585 4617 τὴν
2621 4545 3036 4617 εὐγνωμοσύνην
3070 4542 3322 4597 ἐκϐάλλει
3347 4558 3362 4573 ’
3401 4544 3579 4614 κρίσιν
3601 4544 3657 4596 δὲ
3687 4542 3947 4612 ὀνομάζει
3973 4544 4074 4615 τήν

2485 4641 2827 4707 τραχυτέραν
2865 4634 3205 4703 κατάκρισιν.
3248 4632 3480 4702 Ποίησον
3510 4628 3621 4697 οὖν,
3658 4634 3708 4684 εί
3740 4632 3912 4697 δοκεῖ,
3946 4632 4075 4687 troit-

2486 4744 2584 4794 φαν
2612 4726 2675 4787 ,τὸ
2710 4725 2993 4795 σταθμίον,
3025 4725 3079 4776 ετ
3098 4738 3184 4777 πω
3205 4722 3388 4792 βούλει
3416 4723 3490 4794 μὴ
3520 4723 3654 4794 πρὸς
3673 4722 3769 4793 τὴν
3800 4725 4077 4795 κατακρί-

2487 4833 2684 4869 νουσαν
2718 4815 3025 4883 πλάστιγγα
3054 4814 3149 4866 καὶ
3190 4813 3291 4876 τὰς
3322 4813 3421 4876 σάς
3444 4813 3670 4885 πράξεις
3698 4813 4077 4885 καθελκυσθῆ-

2488 4925 2599 4969 vat,
2632 4910 2760 4962 ὅταν
2805 4909 2834 4959 ὀ
2860 4906 2975 4988 βίος
3016 4905 3193 4977 ήμῶν,
3228 4906 3303 4968 ὼς
3347 4907 3405 4957 ἐν
3430 4904 3598 4975 ζυγῷ,
3638 4907 3703 4975 τῇ
3755 4909 3942 4975 κρίσει
3984 4905 4078 4960 τοῦ

2490 4998 2627 5050 Θεοῦ
2678 4989 3294 5068 ταλαντεύηται.’Σιῖιμα
3336 4995 3716 5066 περικείμενος
3754 4996 3853 5047 καὶ
3876 4996 4080 5061 διαζῶν

2490 5091 2549 5142 ἐν
2589 5090 2771 5161 σαρκὶ,
2815 5091 3027 5161 μήποτε
3061 5088 3342 5160 ἀπελάσῃς
3367 5086 3460 5141 τοῦ
3505 5085 3620 5156 βίου
3640 5086 3737 5153 τὴν
3759 5088 3873 5139 ἀπὸ
3904 5089 4083 5160 ἰατρι-

2491 5182 2593 5249 κῆς
2613 5181 2927 5251 θεραπείαν.
2961 5178 3078 5234 Κάν
3100 5180 3208 5251 γὰρ
3239 5180 3331 5232 επὶ
3355 5177 3603 5231 πλεῖστον
3631 5177 3754 5230 ὅσον
3802 5175 3997 5249 εὐεξία
4021 5192 4083 5230 τε

2493 5273 2585 5324 καὶ
2608 5271 2768 5342 ὑγεία
2806 5270 3064 5343 συζήσῃς,
3107 5270 3221 5323 ἀλλ’
3246 5271 3344 5341 οὔχ
3374 5269 3546 5332 οὕτως
3592 5267 3925 5331 διατελέσεις
3961 5268 4083 5322 ἀνο-

2499 5376 2611 5425 σος,
2642 5361 2715 5424 ὡς
2744 5362 2801 5413 ιν
2834 5361 2992 5432 χρείᾳ
3047 5359 3123 5431 μὴ
3165 5359 3418 5428 γενέσθαι
3453 5360 3553 5428 τῆς
3612 5357 3937 5428 ἐπιμελείας
3986 5354 4084 5411 τοῦ

2499 5450 2914 5521 θεραπεύοντος.
2944 5452 3056 5505 Καὶ
3087 5450 3262 5521 ψυχήν
3285 5449 3423 5520 ἔχων
3448 5446 3917 5519 κατακλινομένην
3950 5448 4087 5518 πρὸς

2499 5542 2568 5595 τὰ
2595 5542 2779 5611 γήϊνα,
2820 5542 2983 5613 ἡνίκα
3014 5540 3078 5596 ἀν
3117 5541 3315 5611 ἑαυτῆς
3366 5538 3753 5609 ὲπιλαθομένη,
3807 5538 3924 5592 τῶν
3956 5555 4093 5610 πρ(-

1510 5748 1523 5779 ¹
1552 5744 1674 5801 lun.
1698 5760 1771 5811 tv,
1804 5742 1829 5797 1
1854 5757 1973 5813 sqq.
2056 5742 2076 5776 ³
2104 5738 2296 5802 Matth.
2325 5752 2423 5806 ιιι,
2451 5734 2501 5792 l.
