  <div class='ocr_page' id='page_1' title='image "/cluster/home/n/w/nwhite01/storage/ocr_20150623/40/pst.000005712373/188.png"; bbox 0 0 4216 6324; ppageno 0'>
   <div class='ocr_carea' id='block_1_1' title="bbox 163 372 252 423">
    <p class='ocr_par' dir='ltr' id='par_1_1' title="bbox 163 372 252 423">
     <span class='ocr_line' id='line_1_1' title="bbox 163 372 252 423; baseline -0.022 -1"><span class='ocrx_word' id='word_1_1' title='bbox 163 372 252 423; x_wconf 68' lang='grc' dir='ltr'>ειη</span> 
     </span>
    </p>
   </div>
   <div class='ocr_carea' id='block_1_2' title="bbox 973 347 2597 418">
    <p class='ocr_par' dir='ltr' id='par_1_2' title="bbox 973 347 2597 418">
     <span class='ocr_line' id='line_1_2' title="bbox 973 347 2597 418; baseline -0.009 -2"><span class='ocrx_word' id='word_1_2' title='bbox 973 357 1257 418; x_wconf 73' lang='lat' dir='ltr'><strong>HOMILIA</strong></span> <span class='ocrx_word' id='word_1_3' title='bbox 1298 355 1431 412; x_wconf 77' lang='lat' dir='ltr'><strong>XIII.</strong></span> <span class='ocrx_word' id='word_1_4' title='bbox 1470 349 1913 411; x_wconf 75' lang='lat' dir='ltr'><strong>ADHORTATIO</strong></span> <span class='ocrx_word' id='word_1_5' title='bbox 1951 349 2041 404; x_wconf 84' lang='lat' dir='ltr'><strong>AD</strong></span> <span class='ocrx_word' id='word_1_6' title='bbox 2078 347 2597 404; x_wconf 71' lang='grc' dir='ltr'><strong>ΡίΕΝιΤΕΝΤΙΛΜ.</strong></span> 
     </span>
    </p>
   </div>
   <div class='ocr_carea' id='block_1_3' title="bbox 3312 347 3419 405">
    <p class='ocr_par' dir='ltr' id='par_1_3' title="bbox 3312 347 3419 405">
     <span class='ocr_line' id='line_1_3' title="bbox 3312 347 3419 405; baseline -0.047 0"><span class='ocrx_word' id='word_1_7' title='bbox 3312 347 3419 405; x_wconf 74' lang='lat'><strong>362</strong></span> 
     </span>
    </p>
   </div>
   <div class='ocr_carea' id='block_1_4' title="bbox 165 463 1830 548">
    <p class='ocr_par' dir='ltr' id='par_1_4' title="bbox 165 468 1825 548">
     <span class='ocr_line' id='line_1_4' title="bbox 165 468 1825 548; baseline -0.012 -9"><span class='ocrx_word' id='word_1_8' title='bbox 165 479 437 539; x_wconf 76' lang='grc' dir='ltr'>σπαθειῶν</span> <span class='ocrx_word' id='word_1_9' title='bbox 472 477 765 548; x_wconf 74' lang='grc' dir='ltr'>ὶμπλησθῇ</span> <span class='ocrx_word' id='word_1_10' title='bbox 819 474 914 528; x_wconf 78' lang='grc' dir='ltr'>τοῦ</span> <span class='ocrx_word' id='word_1_11' title='bbox 970 475 1242 546; x_wconf 84' lang='grc' dir='ltr'>σώματος.</span> <span class='ocrx_word' id='word_1_12' title='bbox 1290 473 1364 545; x_wconf 78' lang='grc' dir='ltr'>μὴ</span> <span class='ocrx_word' id='word_1_13' title='bbox 1399 470 1613 542; x_wconf 80' lang='grc' dir='ltr'>ἀναίρει</span> <span class='ocrx_word' id='word_1_14' title='bbox 1659 468 1751 521; x_wconf 69' lang='grc' dir='ltr'>τὸν</span> <span class='ocrx_word' id='word_1_15' title='bbox 1781 471 1825 528; x_wconf 75' lang='grc' dir='ltr'>Α</span> 
     </span>
    </p>
   </div>
   <div class='ocr_carea' id='block_1_5' title="bbox 1750 463 3415 548">
    <p class='ocr_par' dir='ltr' id='par_1_5' title="bbox 1750 463 3415 538">
     <span class='ocr_line' id='line_1_5' title="bbox 1750 463 3415 538; baseline 0.001 -18"><span class='ocrx_word' id='word_1_16' title='bbox 1750 490 1751 500; x_wconf 60' lang='grc' dir='ltr'>ι</span> <span class='ocrx_word' id='word_1_17' title='bbox 1781 471 1825 528; x_wconf 75' lang='grc' dir='ltr'>Α</span> <span class='ocrx_word' id='word_1_18' title='bbox 1855 466 2249 523; x_wconf 73' lang='lat' dir='ltr'><strong>alfecti‘onibus.</strong></span> <span class='ocrx_word' id='word_1_19' title='bbox 2272 465 2501 522; x_wconf 84' lang='lat' dir='ltr'><strong>Proinde</strong></span> <span class='ocrx_word' id='word_1_20' title='bbox 2535 464 2643 520; x_wconf 93' lang='lat' dir='ltr'><strong>noli</strong></span> <span class='ocrx_word' id='word_1_21' title='bbox 2681 463 3104 520; x_wconf 85' lang='lat' dir='ltr'><strong>misericordiam</strong></span> <span class='ocrx_word' id='word_1_22' title='bbox 3131 465 3415 538; x_wconf 87' lang='lat' dir='ltr'><strong>denegare,</strong></span> 
     </span>
    </p>
   </div>
   <div class='ocr_carea' id='block_1_6' title="bbox 165 563 1747 642">
    <p class='ocr_par' dir='ltr' id='par_1_6' title="bbox 165 563 1747 642">
     <span class='ocr_line' id='line_1_6' title="bbox 165 563 1747 642; baseline -0.006 -1"><span class='ocrx_word' id='word_1_23' title='bbox 165 576 328 634; x_wconf 73' lang='grc' dir='ltr'>ῐλων.</span> <span class='ocrx_word' id='word_1_24' title='bbox 387 573 477 628; x_wconf 74' lang='grc' dir='ltr'><strong>ινα</strong></span> <span class='ocrx_word' id='word_1_25' title='bbox 531 569 608 642; x_wconf 79' lang='grc' dir='ltr'>μὴ</span> <span class='ocrx_word' id='word_1_26' title='bbox 656 568 964 642; x_wconf 73' lang='grc' dir='ltr'><strong>ἀμοιρήσῑις</strong></span> <span class='ocrx_word' id='word_1_27' title='bbox 1027 567 1376 638; x_wconf 76' lang='grc' dir='ltr'><strong>συγγνώμης.</strong></span> <span class='ocrx_word' id='word_1_28' title='bbox 1422 566 1549 620; x_wconf 77' lang='grc' dir='ltr'>ὅταν</span> <span class='ocrx_word' id='word_1_29' title='bbox 1575 563 1747 632; x_wconf 78' lang='grc' dir='ltr'>αὐτῆς</span> 
     </span>
    </p>
   </div>
   <div class='ocr_carea' id='block_1_7' title="bbox 164 651 1747 733">
    <p class='ocr_par' dir='ltr' id='par_1_7' title="bbox 164 651 1747 733">
     <span class='ocr_line' id='line_1_7' title="bbox 164 651 1747 733; baseline -0.009 -14"><span class='ocrx_word' id='word_1_30' title='bbox 164 663 385 733; x_wconf 61' lang='grc' dir='ltr'>ἐπιδεὴς</span> <span class='ocrx_word' id='word_1_31' title='bbox 410 661 703 730; x_wconf 71' lang='grc' dir='ltr'>καταστῇς.</span> <span class='ocrx_word' id='word_1_32' title='bbox 749 656 949 728; x_wconf 80' lang='grc' dir='ltr'>Ἱερεύς</span> <span class='ocrx_word' id='word_1_33' title='bbox 976 655 1228 720; x_wconf 83' lang='grc' dir='ltr'>τίς’ὲστι,</span> <span class='ocrx_word' id='word_1_34' title='bbox 1264 656 1357 710; x_wconf 78' lang='grc' dir='ltr'><strong>καὶ</strong></span> <span class='ocrx_word' id='word_1_35' title='bbox 1393 651 1747 726; x_wconf 81' lang='grc' dir='ltr'>ἡγεμονεύειν</span> 
     </span>
    </p>
   </div>
   <div class='ocr_carea' id='block_1_8' title="bbox 165 743 1750 824">
    <p class='ocr_par' dir='ltr' id='par_1_8' title="bbox 165 743 1750 824">
     <span class='ocr_line' id='line_1_8' title="bbox 165 743 1750 824; baseline -0.008 -15"><span class='ocrx_word' id='word_1_36' title='bbox 165 755 354 824; x_wconf 71' lang='grc' dir='ltr'>[λαχεν</span> <span class='ocrx_word' id='word_1_37' title='bbox 382 750 479 805; x_wconf 81' lang='grc' dir='ltr'><strong>τοῦ</strong></span> <span class='ocrx_word' id='word_1_38' title='bbox 498 747 662 803; x_wconf 77' lang='grc' dir='ltr'>λαοῦ·</span> <span class='ocrx_word' id='word_1_39' title='bbox 715 745 1014 820; x_wconf 84' lang='grc' dir='ltr'>συμπαθῶν</span> <span class='ocrx_word' id='word_1_40' title='bbox 1045 746 1230 818; x_wconf 81' lang='grc' dir='ltr'>ὁράτω</span> <span class='ocrx_word' id='word_1_41' title='bbox 1264 745 1374 800; x_wconf 83' lang='grc' dir='ltr'>τῶν</span> <span class='ocrx_word' id='word_1_42' title='bbox 1398 745 1654 816; x_wconf 78' lang='grc' dir='ltr'><strong>ὑπηκόων</strong></span> <span class='ocrx_word' id='word_1_43' title='bbox 1681 743 1750 796; x_wconf 82' lang='grc' dir='ltr'>τὰ</span> 
     </span>
    </p>
   </div>
   <div class='ocr_carea' id='block_1_9' title="bbox 167 834 1749 915">
    <p class='ocr_par' dir='ltr' id='par_1_9' title="bbox 167 834 1749 915">
     <span class='ocr_line' id='line_1_9' title="bbox 167 834 1749 915; baseline -0.009 -16"><span class='ocrx_word' id='word_1_44' title='bbox 167 843 459 915; x_wconf 77' lang='grc' dir='ltr'><strong>πτώματα,</strong></span> <span class='ocrx_word' id='word_1_45' title='bbox 494 840 668 904; x_wconf 74' lang='grc' dir='ltr'>εἰδὼς,</span> <span class='ocrx_word' id='word_1_46' title='bbox 691 841 774 894; x_wconf 84' lang='grc' dir='ltr'>ὃτι</span> <span class='ocrx_word' id='word_1_47' title='bbox 801 839 958 910; x_wconf 80' lang='grc' dir='ltr'><strong>κᾶνὴ</strong></span> <span class='ocrx_word' id='word_1_48' title='bbox 991 837 1144 905; x_wconf 77' lang='grc' dir='ltr'>τάξις</span> <span class='ocrx_word' id='word_1_49' title='bbox 1197 837 1289 891; x_wconf 84' lang='grc' dir='ltr'><strong>τοῦ</strong></span> <span class='ocrx_word' id='word_1_50' title='bbox 1318 836 1436 908; x_wconf 80' lang='grc' dir='ltr'>βίου</span> <span class='ocrx_word' id='word_1_51' title='bbox 1486 834 1749 905; x_wconf 78' lang='grc' dir='ltr'>διαφορὰν</span> 
     </span>
    </p>
   </div>
   <div class='ocr_carea' id='block_1_10' title="bbox 166 926 1750 1006">
    <p class='ocr_par' dir='ltr' id='par_1_10' title="bbox 166 926 1750 1006">
     <span class='ocr_line' id='line_1_10' title="bbox 166 926 1750 1006; baseline -0.008 -17"><span class='ocrx_word' id='word_1_52' title='bbox 166 935 260 1006; x_wconf 48' lang='lat' dir='ltr'><strong>[In</strong></span> <span class='ocrx_word' id='word_1_53' title='bbox 291 935 434 1005; x_wconf 70' lang='grc' dir='ltr'>πρὸς</span> <span class='ocrx_word' id='word_1_54' title='bbox 484 931 612 997; x_wconf 73' lang='grc' dir='ltr'>τοὺς</span> <span class='ocrx_word' id='word_1_55' title='bbox 643 930 893 994; x_wconf 79' lang='grc' dir='ltr'>πολλοὺς,</span> <span class='ocrx_word' id='word_1_56' title='bbox 927 927 1062 982; x_wconf 78' lang='grc' dir='ltr'>ἀλλὰ</span> <span class='ocrx_word' id='word_1_57' title='bbox 1093 929 1161 999; x_wconf 79' lang='grc' dir='ltr'>τῇ</span> <span class='ocrx_word' id='word_1_58' title='bbox 1187 926 1365 998; x_wconf 77' lang='grc' dir='ltr'>,φύσει</span> <span class='ocrx_word' id='word_1_59' title='bbox 1391 926 1500 981; x_wconf 87' lang='grc' dir='ltr'>τῶν</span> <span class='ocrx_word' id='word_1_60' title='bbox 1527 941 1750 995; x_wconf 76' lang='grc' dir='ltr'>ποιμαι-</span> 
     </span>
    </p>
   </div>
   <div class='ocr_carea' id='block_1_11' title="bbox 167 1013 1750 1093">
    <p class='ocr_par' dir='ltr' id='par_1_11' title="bbox 167 1013 1750 1093">
     <span class='ocr_line' id='line_1_11' title="bbox 167 1013 1750 1093; baseline -0.004 -18"><span class='ocrx_word' id='word_1_61' title='bbox 167 1021 407 1093; x_wconf 67' lang='grc' dir='ltr'>νομένων</span> <span class='ocrx_word' id='word_1_62' title='bbox 438 1018 591 1074; x_wconf 67' lang='grc' dir='ltr'>οὐδὲν</span> <span class='ocrx_word' id='word_1_63' title='bbox 621 1019 950 1089; x_wconf 62' lang='grc' dir='ltr'>διενήνοχεν</span> <span class='ocrx_word' id='word_1_64' title='bbox 987 1015 1257 1069; x_wconf 82' lang='grc' dir='ltr'>κοινωνῶν</span> <span class='ocrx_word' id='word_1_65' title='bbox 1299 1013 1358 1069; x_wconf 69' lang='grc' dir='ltr'>δὲ</span> <span class='ocrx_word' id='word_1_66' title='bbox 1393 1013 1588 1084; x_wconf 76' lang='grc' dir='ltr'>αὐτῆς,</span> <span class='ocrx_word' id='word_1_67' title='bbox 1621 1013 1750 1077; x_wconf 72' lang='grc' dir='ltr'>ἴσως</span> 
     </span>
    </p>
   </div>
   <div class='ocr_carea' id='block_1_12' title="bbox 168 1106 1288 1182">
    <p class='ocr_par' dir='ltr' id='par_1_12' title="bbox 168 1106 1288 1182">
     <span class='ocr_line' id='line_1_12' title="bbox 168 1106 1288 1182; baseline -0.009 -15"><span class='ocrx_word' id='word_1_68' title='bbox 168 1112 293 1168; x_wconf 67' lang='grc' dir='ltr'>ποτε</span> <span class='ocrx_word' id='word_1_69' title='bbox 330 1111 652 1182; x_wconf 82' lang='grc' dir='ltr'>κοινωνήσει</span> <span class='ocrx_word' id='word_1_70' title='bbox 678 1109 769 1164; x_wconf 78' lang='grc' dir='ltr'><strong>καὶ</strong></span> <span class='ocrx_word' id='word_1_71' title='bbox 796 1106 1288 1178; x_wconf 78' lang='grc' dir='ltr'>πλημμελήματος.</span> 
     </span>
    </p>
   </div>
   <div class='ocr_carea' id='block_1_13' title="bbox 232 1196 1753 1271">
    <p class='ocr_par' dir='ltr' id='par_1_13' title="bbox 232 1196 1753 1271">
     <span class='ocr_line' id='line_1_13' title="bbox 232 1196 1753 1271; baseline -0.006 -14"><span class='ocrx_word' id='word_1_72' title='bbox 232 1203 422 1257; x_wconf 82' lang='grc' dir='ltr'>Ταῦτα</span> <span class='ocrx_word' id='word_1_73' title='bbox 436 1201 532 1255; x_wconf 79' lang='grc' dir='ltr'><strong>καὶ</strong></span> <span class='ocrx_word' id='word_1_74' title='bbox 551 1200 791 1271; x_wconf 60' lang='lat' dir='ltr'><strong>Mentis-ii;</strong></span> <span class='ocrx_word' id='word_1_75' title='bbox 811 1196 938 1252; x_wconf 72' lang='lat' dir='ltr'><strong>{8th</strong></span> <span class='ocrx_word' id='word_1_76' title='bbox 963 1196 1270 1266; x_wconf 76' lang='grc' dir='ltr'>(ἄνθρωπος</span> <span class='ocrx_word' id='word_1_77' title='bbox 1295 1196 1404 1268; x_wconf 78' lang='grc' dir='ltr'>γὰρ</span> <span class='ocrx_word' id='word_1_78' title='bbox 1426 1196 1513 1269; x_wconf 78' lang='grc' dir='ltr'>ἦν,</span> <span class='ocrx_word' id='word_1_79' title='bbox 1541 1198 1635 1252; x_wconf 74' lang='grc' dir='ltr'><strong>καὶ</strong></span> <span class='ocrx_word' id='word_1_80' title='bbox 1654 1197 1753 1268; x_wconf 77' lang='grc' dir='ltr'>τὴν</span> 
     </span>
    </p>
   </div>
   <div class='ocr_carea' id='block_1_14' title="bbox 169 1288 1788 1364">
    <p class='ocr_par' dir='ltr' id='par_1_14' title="bbox 169 1288 1788 1364">
     <span class='ocr_line' id='line_1_14' title="bbox 169 1288 1788 1364; baseline -0.002 -17"><span class='ocrx_word' id='word_1_81' title='bbox 169 1294 325 1364; x_wconf 73' lang='grc' dir='ltr'>φύσιν</span> <span class='ocrx_word' id='word_1_82' title='bbox 339 1291 679 1363; x_wconf 70' lang='grc' dir='ltr'>ἐγνώριζεν),</span> <span class='ocrx_word' id='word_1_83' title='bbox 691 1291 781 1346; x_wconf 81' lang='grc' dir='ltr'>τὸν</span> <span class='ocrx_word' id='word_1_84' title='bbox 801 1290 1000 1362; x_wconf 79' lang='grc' dir='ltr'><strong>μόσχον</strong></span> <span class='ocrx_word' id='word_1_85' title='bbox 1013 1289 1154 1363; x_wconf 73' lang='grc' dir='ltr'>ὑπὲρ</span> <span class='ocrx_word' id='word_1_86' title='bbox 1165 1288 1259 1344; x_wconf 82' lang='grc' dir='ltr'>τοῦ</span> <span class='ocrx_word' id='word_1_87' title='bbox 1281 1290 1472 1361; x_wconf 73' lang='grc' dir='ltr'>ἱερέως</span> <span class='ocrx_word' id='word_1_88' title='bbox 1494 1291 1788 1362; x_wconf 70' lang='grc' dir='ltr'>ἱερουργείσ</span> 
     </span>
    </p>
   </div>
   <div class='ocr_carea' id='block_1_15' title="bbox 170 1378 1752 1456">
    <p class='ocr_par' dir='ltr' id='par_1_15' title="bbox 170 1378 1752 1456">
     <span class='ocr_line' id='line_1_15' title="bbox 170 1378 1752 1456; baseline -0.005 -16"><span class='ocrx_word' id='word_1_89' title='bbox 170 1385 292 1440; x_wconf 79' lang='grc' dir='ltr'>σθαι</span> <span class='ocrx_word' id='word_1_90' title='bbox 323 1384 592 1452; x_wconf 70' lang='grc' dir='ltr'>διέταξεν,</span> <span class='ocrx_word' id='word_1_91' title='bbox 629 1384 1015 1456; x_wconf 74' lang='grc' dir='ltr'><strong>ἡμαρτηκότος</strong></span> <span class='ocrx_word' id='word_1_92' title='bbox 1046 1382 1268 1445; x_wconf 78' lang='grc' dir='ltr'>πάντως</span> <span class='ocrx_word' id='word_1_93' title='bbox 1302 1380 1396 1436; x_wconf 77' lang='grc' dir='ltr'><strong>καὶ</strong></span> <span class='ocrx_word' id='word_1_94' title='bbox 1439 1378 1752 1453; x_wconf 78' lang='grc' dir='ltr'><strong>καθαρσίων</strong></span> 
     </span>
    </p>
   </div>
   <div class='ocr_carea' id='block_1_16' title="bbox 168 1469 1753 1546">
    <p class='ocr_par' dir='ltr' id='par_1_16' title="bbox 168 1469 1753 1546">
     <span class='ocr_line' id='line_1_16' title="bbox 168 1469 1753 1546; baseline -0.004 -14"><span class='ocrx_word' id='word_1_95' title='bbox 168 1477 446 1546; x_wconf 67' lang='grc' dir='ltr'>δεομένου.</span> <span class='ocrx_word' id='word_1_96' title='bbox 497 1478 592 1529; x_wconf 78' lang='grc' dir='ltr'><strong>καὶ</strong></span> <span class='ocrx_word' id='word_1_97' title='bbox 626 1475 906 1530; x_wconf 80' lang='grc' dir='ltr'>πλειόνων.</span> <span class='ocrx_word' id='word_1_98' title='bbox 935 1475 1112 1546; x_wconf 83' lang='grc' dir='ltr'>Ὅπερ</span> <span class='ocrx_word' id='word_1_99' title='bbox 1155 1473 1214 1527; x_wconf 76' lang='grc' dir='ltr'>δὲ</span> <span class='ocrx_word' id='word_1_100' title='bbox 1242 1469 1310 1545; x_wconf 77' lang='grc' dir='ltr'>ἦν</span> <span class='ocrx_word' id='word_1_101' title='bbox 1336 1473 1460 1528; x_wconf 76' lang='grc' dir='ltr'>τότε</span> <span class='ocrx_word' id='word_1_102' title='bbox 1502 1474 1531 1526; x_wconf 88' lang='grc' dir='ltr'><strong>ό</strong></span> <span class='ocrx_word' id='word_1_103' title='bbox 1561 1472 1753 1544; x_wconf 77' lang='grc' dir='ltr'>ινσαρ-</span> 
     </span>
    </p>
   </div>
   <div class='ocr_carea' id='block_1_17' title="bbox 169 1563 1755 1640">
    <p class='ocr_par' dir='ltr' id='par_1_17' title="bbox 169 1563 1755 1640">
     <span class='ocr_line' id='line_1_17' title="bbox 169 1563 1755 1640; baseline -0.004 -17"><span class='ocrx_word' id='word_1_104' title='bbox 169 1587 260 1634; x_wconf 60' lang='lat' dir='ltr'><strong>suo;</strong></span> <span class='ocrx_word' id='word_1_105' title='bbox 294 1569 519 1640; x_wconf 79' lang='grc' dir='ltr'>μόσχος,</span> <span class='ocrx_word' id='word_1_106' title='bbox 566 1566 727 1621; x_wconf 83' lang='grc' dir='ltr'>τοῦτο</span> <span class='ocrx_word' id='word_1_107' title='bbox 769 1566 866 1622; x_wconf 81' lang='grc' dir='ltr'>νῦν</span> <span class='ocrx_word' id='word_1_108' title='bbox 913 1568 1061 1621; x_wconf 67' lang='grc' dir='ltr'>ἐστιν</span> <span class='ocrx_word' id='word_1_109' title='bbox 1101 1565 1136 1637; x_wconf 75' lang='grc' dir='ltr'><strong>ἡ</strong></span> <span class='ocrx_word' id='word_1_110' title='bbox 1165 1564 1457 1636; x_wconf 76' lang='grc' dir='ltr'><strong>ἀσώματος</strong></span> <span class='ocrx_word' id='word_1_111' title='bbox 1517 1563 1755 1637; x_wconf 66' lang='grc' dir='ltr'>μεταμέ-</span> 
     </span>
    </p>
   </div>
   <div class='ocr_carea' id='block_1_18' title="bbox 170 1650 1753 1730">
    <p class='ocr_par' dir='ltr' id='par_1_18' title="bbox 170 1650 1753 1730">
     <span class='ocr_line' id='line_1_18' title="bbox 170 1650 1753 1730; baseline -0.004 -18"><span class='ocrx_word' id='word_1_112' title='bbox 170 1659 306 1722; x_wconf 78' lang='grc' dir='ltr'>λεια,</span> <span class='ocrx_word' id='word_1_113' title='bbox 336 1661 434 1711; x_wconf 73' lang='grc' dir='ltr'><strong>καὶ</strong></span> <span class='ocrx_word' id='word_1_114' title='bbox 461 1659 496 1728; x_wconf 75' lang='grc' dir='ltr'>ὴ</span> <span class='ocrx_word' id='word_1_115' title='bbox 528 1657 867 1728; x_wconf 71' lang='grc' dir='ltr'>ἀναίμακτος</span> <span class='ocrx_word' id='word_1_116' title='bbox 890 1655 1077 1730; x_wconf 76' lang='grc' dir='ltr'>δέησις</span> <span class='ocrx_word' id='word_1_117' title='bbox 1098 1673 1112 1687; x_wconf 76' lang='grc' dir='ltr'><strong>ο</strong></span> <span class='ocrx_word' id='word_1_118' title='bbox 1161 1650 1230 1728; x_wconf 76' lang='grc' dir='ltr'>ἧς</span> <span class='ocrx_word' id='word_1_119' title='bbox 1267 1654 1753 1726; x_wconf 80' lang='grc' dir='ltr'>ὑψηλολογούμενοι</span> 
     </span>
    </p>
   </div>
   <div class='ocr_carea' id='block_1_19' title="bbox 169 1746 1754 1820">
    <p class='ocr_par' dir='ltr' id='par_1_19' title="bbox 169 1746 1754 1820">
     <span class='ocr_line' id='line_1_19' title="bbox 169 1746 1754 1820; baseline -0.003 -17"><span class='ocrx_word' id='word_1_120' title='bbox 169 1749 262 1803; x_wconf 71' lang='grc' dir='ltr'>καὶ</span> <span class='ocrx_word' id='word_1_121' title='bbox 312 1746 802 1819; x_wconf 75' lang='grc' dir='ltr'>μεγαλαυχοῢντες,</span> <span class='ocrx_word' id='word_1_122' title='bbox 846 1747 946 1819; x_wconf 79' lang='grc' dir='ltr'><strong>τὴν</strong></span> <span class='ocrx_word' id='word_1_123' title='bbox 996 1747 1319 1820; x_wconf 78' lang='grc' dir='ltr'>εὐεργεσίαν</span> <span class='ocrx_word' id='word_1_124' title='bbox 1355 1748 1430 1819; x_wconf 78' lang='grc' dir='ltr'>μὴ</span> <span class='ocrx_word' id='word_1_125' title='bbox 1481 1746 1754 1815; x_wconf 71' lang='grc' dir='ltr'>λύσωμεν,</span> 
     </span>
    </p>
   </div>
   <div class='ocr_carea' id='block_1_20' title="bbox 170 1805 1832 1911">
    <p class='ocr_par' dir='ltr' id='par_1_20' title="bbox 170 1805 1832 1911">
     <span class='ocr_line' id='line_1_20' title="bbox 170 1805 1832 1911; baseline -0.004 -17"><span class='ocrx_word' id='word_1_126' title='bbox 170 1805 408 1903; x_wconf 49' lang='grc' dir='ltr'>ειδότες,-</span> <span class='ocrx_word' id='word_1_127' title='bbox 424 1841 510 1894; x_wconf 77' lang='grc' dir='ltr'><strong>ὅτι</strong></span> <span class='ocrx_word' id='word_1_128' title='bbox 535 1805 628 1894; x_wconf 61' lang='grc' dir='ltr'><strong>καὶ</strong></span> <span class='ocrx_word' id='word_1_129' title='bbox 661 1805 870 1909; x_wconf 67' lang='grc' dir='ltr'>’Δαριῦν</span> <span class='ocrx_word' id='word_1_130' title='bbox 947 1805 1314 1910; x_wconf 57' lang='grc' dir='ltr'>δοκιμιθτατος</span> <span class='ocrx_word' id='word_1_131' title='bbox 1337 1805 1515 1911; x_wconf 68' lang='grc' dir='ltr'>ἱερεὺς</span> <span class='ocrx_word' id='word_1_132' title='bbox 1538 1837 1616 1907; x_wconf 84' lang='grc' dir='ltr'><strong>τῷ</strong></span> <span class='ocrx_word' id='word_1_133' title='bbox 1789 1805 1832 1860; x_wconf 68' lang='grc' dir='ltr'><strong>Β</strong></span> 
     </span>
    </p>
   </div>
   <div class='ocr_carea' id='block_1_21' title="bbox 171 1926 1755 2003">
    <p class='ocr_par' dir='ltr' id='par_1_21' title="bbox 171 1926 1755 2003">
     <span class='ocr_line' id='line_1_21' title="bbox 171 1926 1755 2003; baseline 0.008 -19"><span class='ocrx_word' id='word_1_134' title='bbox 171 1930 425 2003; x_wconf 72' lang='grc' dir='ltr'>ζητοῦντι</span> <span class='ocrx_word' id='word_1_135' title='bbox 478 1931 634 1994; x_wconf 74' lang='grc' dir='ltr'>θεοὺς</span> <span class='ocrx_word' id='word_1_136' title='bbox 701 1929 1041 2000; x_wconf 69' lang='grc' dir='ltr'>συναπήχθη.</span> <span class='ocrx_word' id='word_1_137' title='bbox 1071 1929 1167 1982; x_wconf 71' lang='grc' dir='ltr'><strong>καὶ</strong></span> <span class='ocrx_word' id='word_1_138' title='bbox 1197 1928 1338 1998; x_wconf 80' lang='grc' dir='ltr'>μετά</span> <span class='ocrx_word' id='word_1_139' title='bbox 1377 1929 1477 1997; x_wconf 71' lang='grc' dir='ltr'><strong>τῆς</strong></span> <span class='ocrx_word' id='word_1_140' title='bbox 1518 1926 1755 1996; x_wconf 68' lang='grc' dir='ltr'>ἀδελφῆς</span> 
     </span>
    </p>
   </div>
   <div class='ocr_carea' id='block_1_22' title="bbox 169 2019 1759 2094">
    <p class='ocr_par' dir='ltr' id='par_1_22' title="bbox 169 2019 1759 2094">
     <span class='ocr_line' id='line_1_22' title="bbox 169 2019 1759 2094; baseline -0.005 -17"><span class='ocrx_word' id='word_1_141' title='bbox 169 2023 268 2091; x_wconf 71' lang='grc' dir='ltr'>τῆς</span> <span class='ocrx_word' id='word_1_142' title='bbox 301 2023 522 2094; x_wconf 79' lang='grc' dir='ltr'><strong>Μαρίας</strong></span> <span class='ocrx_word' id='word_1_143' title='bbox 547 2022 690 2076; x_wconf 67' lang='grc' dir='ltr'>ἑάλω</span> <span class='ocrx_word' id='word_1_144' title='bbox 720 2021 798 2092; x_wconf 83' lang='grc' dir='ltr'>τῷ</span> <span class='ocrx_word' id='word_1_145' title='bbox 835 2019 1134 2091; x_wconf 77' lang='grc' dir='ltr'>γογγυσμῷ</span> <span class='ocrx_word' id='word_1_146' title='bbox 1155 2033 1172 2050; x_wconf 75' lang='grc' dir='ltr'><strong>ο</strong></span> <span class='ocrx_word' id='word_1_147' title='bbox 1201 2019 1296 2073; x_wconf 80' lang='grc' dir='ltr'><strong>καὶ</strong></span> <span class='ocrx_word' id='word_1_148' title='bbox 1316 2021 1363 2071; x_wconf 89' lang='grc' dir='ltr'>εἰ</span> <span class='ocrx_word' id='word_1_149' title='bbox 1395 2019 1472 2091; x_wconf 77' lang='grc' dir='ltr'>μὴ</span> <span class='ocrx_word' id='word_1_150' title='bbox 1501 2021 1531 2072; x_wconf 88' lang='grc' dir='ltr'>ὁ</span> <span class='ocrx_word' id='word_1_151' title='bbox 1555 2034 1759 2086; x_wconf 71' lang='grc' dir='ltr'>γογγυσ-</span> 
     </span>
    </p>
   </div>
   <div class='ocr_carea' id='block_1_23' title="bbox 175 2107 1755 2181">
    <p class='ocr_par' dir='ltr' id='par_1_23' title="bbox 175 2107 1755 2181">
     <span class='ocr_line' id='line_1_23' title="bbox 175 2107 1755 2181; baseline -0.004 -14"><span class='ocrx_word' id='word_1_152' title='bbox 175 2114 324 2178; x_wconf 75' lang='grc' dir='ltr'>σθεὶς</span> <span class='ocrx_word' id='word_1_153' title='bbox 369 2115 664 2175; x_wconf 75' lang='grc' dir='ltr'><strong>ἱκέτευσεν,</strong></span> <span class='ocrx_word' id='word_1_154' title='bbox 719 2113 819 2165; x_wconf 76' lang='grc' dir='ltr'><strong>οὐκ</strong></span> <span class='ocrx_word' id='word_1_155' title='bbox 875 2111 942 2165; x_wconf 79' lang='grc' dir='ltr'>ἂν</span> <span class='ocrx_word' id='word_1_156' title='bbox 974 2112 1071 2181; x_wconf 78' lang='grc' dir='ltr'>τὴν</span> <span class='ocrx_word' id='word_1_157' title='bbox 1128 2111 1403 2181; x_wconf 83' lang='grc' dir='ltr'>τιμωρίαν</span> <span class='ocrx_word' id='word_1_158' title='bbox 1452 2107 1755 2177; x_wconf 76' lang='grc' dir='ltr'><strong>διέφευγεν.</strong></span> 
     </span>
    </p>
   </div>
   <div class='ocr_carea' id='block_1_24' title="bbox 178 2197 1758 2274">
    <p class='ocr_par' dir='ltr' id='par_1_24' title="bbox 178 2197 1758 2274">
     <span class='ocr_line' id='line_1_24' title="bbox 178 2197 1758 2274; baseline -0.006 -14"><span class='ocrx_word' id='word_1_159' title='bbox 178 2205 368 2270; x_wconf 80' lang='grc' dir='ltr'>’Δλλος</span> <span class='ocrx_word' id='word_1_160' title='bbox 400 2205 570 2266; x_wconf 81' lang='grc' dir='ltr'>ἐστὶν,</span> <span class='ocrx_word' id='word_1_161' title='bbox 630 2204 728 2273; x_wconf 75' lang='grc' dir='ltr'><strong>οὐχ</strong></span> <span class='ocrx_word' id='word_1_162' title='bbox 758 2203 956 2274; x_wconf 72' lang='grc' dir='ltr'>ἱερεὺς,</span> <span class='ocrx_word' id='word_1_163' title='bbox 981 2202 1116 2256; x_wconf 77' lang='grc' dir='ltr'>ἀλλὰ</span> <span class='ocrx_word' id='word_1_164' title='bbox 1157 2197 1237 2264; x_wconf 83' lang='grc' dir='ltr'><strong>εἷς</strong></span> <span class='ocrx_word' id='word_1_165' title='bbox 1263 2201 1371 2255; x_wconf 86' lang='grc' dir='ltr'>τῶν</span> <span class='ocrx_word' id='word_1_166' title='bbox 1397 2199 1626 2261; x_wconf 69' lang='grc' dir='ltr'>πολλῶν,</span> <span class='ocrx_word' id='word_1_167' title='bbox 1663 2216 1758 2266; x_wconf 75' lang='grc' dir='ltr'>φο-</span> 
     </span>
    </p>
   </div>
   <div class='ocr_carea' id='block_1_25' title="bbox 172 2288 1760 2368">
    <p class='ocr_par' dir='ltr' id='par_1_25' title="bbox 172 2288 1760 2368">
     <span class='ocr_line' id='line_1_25' title="bbox 172 2288 1760 2368; baseline -0.007 -17"><span class='ocrx_word' id='word_1_168' title='bbox 172 2299 378 2354; x_wconf 71' lang='grc' dir='ltr'>ϐείσθω</span> <span class='ocrx_word' id='word_1_169' title='bbox 409 2298 579 2368; x_wconf 70' lang='grc' dir='ltr'>βαρὺν</span> <span class='ocrx_word' id='word_1_170' title='bbox 617 2294 917 2348; x_wconf 70' lang='grc' dir='ltr'><strong>ἐπιτιθέναι</strong></span> <span class='ocrx_word' id='word_1_171' title='bbox 948 2291 1109 2362; x_wconf 75' lang='grc' dir='ltr'>ζυγόν</span> <span class='ocrx_word' id='word_1_172' title='bbox 1170 2293 1232 2345; x_wconf 86' lang='lat' dir='ltr'><strong>El</strong></span> <span class='ocrx_word' id='word_1_173' title='bbox 1276 2291 1384 2363; x_wconf 77' lang='grc' dir='ltr'>γὰρ</span> <span class='ocrx_word' id='word_1_174' title='bbox 1414 2293 1442 2342; x_wconf 89' lang='grc' dir='ltr'><strong>ό</strong></span> <span class='ocrx_word' id='word_1_175' title='bbox 1474 2288 1760 2359; x_wconf 84' lang='grc' dir='ltr'>καθαίρειν</span> 
     </span>
    </p>
   </div>
   <div class='ocr_carea' id='block_1_26' title="bbox 173 2381 1761 2460">
    <p class='ocr_par' dir='ltr' id='par_1_26' title="bbox 173 2381 1761 2460">
     <span class='ocr_line' id='line_1_26' title="bbox 173 2381 1761 2460; baseline -0.006 -16"><span class='ocrx_word' id='word_1_176' title='bbox 173 2392 265 2444; x_wconf 79' lang='grc' dir='ltr'><strong>τὸν</strong></span> <span class='ocrx_word' id='word_1_177' title='bbox 292 2390 421 2443; x_wconf 73' lang='grc' dir='ltr'>λαὸν</span> <span class='ocrx_word' id='word_1_178' title='bbox 451 2388 780 2460; x_wconf 70' lang='grc' dir='ltr'>προϐληθεὶς</span> <span class='ocrx_word' id='word_1_179' title='bbox 812 2386 1002 2459; x_wconf 73' lang='grc' dir='ltr'>χρῄζει</span> <span class='ocrx_word' id='word_1_180' title='bbox 1031 2385 1345 2456; x_wconf 80' lang='grc' dir='ltr'>καθαρσίων</span> <span class='ocrx_word' id='word_1_181' title='bbox 1394 2382 1587 2449; x_wconf 72' lang='grc' dir='ltr'>ἐνίοτε,</span> <span class='ocrx_word' id='word_1_182' title='bbox 1615 2382 1670 2436; x_wconf 86' lang='grc' dir='ltr'>τί</span> <span class='ocrx_word' id='word_1_183' title='bbox 1695 2381 1761 2435; x_wconf 79' lang='grc' dir='ltr'>ἂν</span> 
     </span>
    </p>
   </div>
   <div class='ocr_carea' id='block_1_27' title="bbox 175 2475 1655 2551">
    <p class='ocr_par' dir='ltr' id='par_1_27' title="bbox 175 2475 1655 2551">
     <span class='ocr_line' id='line_1_27' title="bbox 175 2475 1655 2551; baseline -0.007 -15"><span class='ocrx_word' id='word_1_184' title='bbox 175 2481 338 2536; x_wconf 65' lang='grc' dir='ltr'>πάθοι</span> <span class='ocrx_word' id='word_1_185' title='bbox 369 2482 399 2534; x_wconf 82' lang='grc' dir='ltr'><strong>ό</strong></span> <span class='ocrx_word' id='word_1_186' title='bbox 432 2480 569 2551; x_wconf 65' lang='grc' dir='ltr'>μηδὲ</span> <span class='ocrx_word' id='word_1_187' title='bbox 597 2479 696 2549; x_wconf 80' lang='grc' dir='ltr'>τῆς</span> <span class='ocrx_word' id='word_1_188' title='bbox 727 2478 1062 2550; x_wconf 74' lang='grc' dir='ltr'>χειροτονίας</span> <span class='ocrx_word' id='word_1_189' title='bbox 1091 2477 1228 2546; x_wconf 75' lang='grc' dir='ltr'>ἔχων</span> <span class='ocrx_word' id='word_1_190' title='bbox 1262 2476 1359 2546; x_wconf 71' lang='grc' dir='ltr'>τὴν</span> <span class='ocrx_word' id='word_1_191' title='bbox 1389 2475 1655 2545; x_wconf 57' lang='grc' dir='ltr'>δύναμαι</span> 
     </span>
    </p>
   </div>
   <div class='ocr_carea' id='block_1_28' title="bbox 247 2739 1766 2817">
    <p class='ocr_par' dir='ltr' id='par_1_28' title="bbox 247 2739 1766 2817">
     <span class='ocr_line' id='line_1_28' title="bbox 247 2739 1766 2817; baseline -0.003 -17"><span class='ocrx_word' id='word_1_192' title='bbox 247 2744 644 2817; x_wconf 67' lang='grc' dir='ltr'>Μιμησώμεθα</span> <span class='ocrx_word' id='word_1_193' title='bbox 671 2743 769 2815; x_wconf 68' lang='grc' dir='ltr'><strong>τὴν</strong></span> <span class='ocrx_word' id='word_1_194' title='bbox 809 2742 1170 2814; x_wconf 78' lang='grc' dir='ltr'>πυιμαντικὴν</span> <span class='ocrx_word' id='word_1_195' title='bbox 1211 2739 1306 2794; x_wconf 82' lang='grc' dir='ltr'>τοῦ</span> <span class='ocrx_word' id='word_1_196' title='bbox 1339 2741 1609 2795; x_wconf 83' lang='grc' dir='ltr'>Δεσπότου</span> <span class='ocrx_word' id='word_1_197' title='bbox 1631 2757 1645 2770; x_wconf 81' lang='grc'><em>’</em></span> <span class='ocrx_word' id='word_1_198' title='bbox 1681 2743 1766 2810; x_wconf 72' lang='grc' dir='ltr'><strong>ἑγ-</strong></span> 
     </span>
    </p>
   </div>
   <div class='ocr_carea' id='block_1_29' title="bbox 177 2832 1766 2909">
    <p class='ocr_par' dir='ltr' id='par_1_29' title="bbox 177 2832 1766 2909">
     <span class='ocr_line' id='line_1_29' title="bbox 177 2832 1766 2909; baseline -0.003 -18"><span class='ocrx_word' id='word_1_199' title='bbox 177 2839 445 2909; x_wconf 70' lang='grc' dir='ltr'>ιύψωμεν</span> <span class='ocrx_word' id='word_1_200' title='bbox 492 2840 606 2902; x_wconf 77' lang='grc' dir='ltr'>τοῖς</span> <span class='ocrx_word' id='word_1_201' title='bbox 632 2836 1003 2905; x_wconf 80' lang='grc' dir='ltr'>Εὐαγγελίοις,</span> <span class='ocrx_word' id='word_1_202' title='bbox 1061 2833 1156 2887; x_wconf 78' lang='grc' dir='ltr'><strong>καὶ</strong></span> <span class='ocrx_word' id='word_1_203' title='bbox 1187 2832 1375 2904; x_wconf 79' lang='grc' dir='ltr'>ὥσπερ</span> <span class='ocrx_word' id='word_1_204' title='bbox 1429 2834 1487 2886; x_wconf 82' lang='grc' dir='ltr'>ὲν</span> <span class='ocrx_word' id='word_1_205' title='bbox 1517 2833 1766 2905; x_wconf 70' lang='grc' dir='ltr'>ἐσόπτρῳ</span> 
     </span>
    </p>
   </div>
   <div class='ocr_carea' id='block_1_30' title="bbox 177 2923 1765 3004">
    <p class='ocr_par' dir='ltr' id='par_1_30' title="bbox 177 2923 1765 3004">
     <span class='ocr_line' id='line_1_30' title="bbox 177 2923 1765 3004; baseline -0.006 -19"><span class='ocrx_word' id='word_1_206' title='bbox 177 2931 276 3004; x_wconf 69' lang='grc' dir='ltr'><strong>τὴν</strong></span> <span class='ocrx_word' id='word_1_207' title='bbox 307 2931 451 2984; x_wconf 63' lang='lat' dir='ltr'><strong>MV</strong></span> <span class='ocrx_word' id='word_1_208' title='bbox 476 2927 881 2999; x_wconf 77' lang='grc' dir='ltr'><strong>καταμάθωμεν</strong></span> <span class='ocrx_word' id='word_1_209' title='bbox 935 2925 1035 2994; x_wconf 81' lang='grc' dir='ltr'>τῆς</span> <span class='ocrx_word' id='word_1_210' title='bbox 1062 2923 1376 2994; x_wconf 77' lang='grc' dir='ltr'>ἐπιμελείας</span> <span class='ocrx_word' id='word_1_211' title='bbox 1403 2942 1462 2976; x_wconf 91' lang='grc' dir='ltr'>τε</span> <span class='ocrx_word' id='word_1_212' title='bbox 1499 2925 1596 2978; x_wconf 76' lang='grc' dir='ltr'><strong>καὶ</strong></span> <span class='ocrx_word' id='word_1_213' title='bbox 1629 2941 1765 2995; x_wconf 79' lang='grc' dir='ltr'><strong>χρη-</strong></span> 
     </span>
    </p>
   </div>
   <div class='ocr_carea' id='block_1_31' title="bbox 181 3014 1768 3096">
    <p class='ocr_par' dir='ltr' id='par_1_31' title="bbox 181 3014 1768 3096">
     <span class='ocr_line' id='line_1_31' title="bbox 181 3014 1768 3096; baseline -0.007 -19"><span class='ocrx_word' id='word_1_214' title='bbox 181 3024 462 3096; x_wconf 75' lang='grc' dir='ltr'>στότητος.</span> <span class='ocrx_word' id='word_1_215' title='bbox 517 3020 707 3075; x_wconf 74' lang='grc' dir='ltr'>Βλέπω</span> <span class='ocrx_word' id='word_1_216' title='bbox 734 3017 843 3088; x_wconf 75' lang='grc' dir='ltr'><strong>γὰρ</strong></span> <span class='ocrx_word' id='word_1_217' title='bbox 900 3017 1020 3069; x_wconf 69' lang='grc' dir='ltr'><strong>ἐκεῖ</strong></span> <span class='ocrx_word' id='word_1_218' title='bbox 1050 3017 1107 3066; x_wconf 84' lang='grc' dir='ltr'>ὲν</span> <span class='ocrx_word' id='word_1_219' title='bbox 1163 3014 1496 3085; x_wconf 75' lang='grc' dir='ltr'>παραδολαῖς</span> <span class='ocrx_word' id='word_1_220' title='bbox 1525 3016 1617 3067; x_wconf 82' lang='grc' dir='ltr'><strong>καὶ</strong></span> <span class='ocrx_word' id='word_1_221' title='bbox 1657 3017 1768 3076; x_wconf 79' lang='grc' dir='ltr'>τοῖς</span> 
     </span>
    </p>
   </div>
   <div class='ocr_carea' id='block_1_32' title="bbox 1852 553 3424 627">
    <p class='ocr_par' dir='ltr' id='par_1_32' title="bbox 1852 553 3424 627">
     <span class='ocr_line' id='line_1_32' title="bbox 1852 553 3424 627; baseline -0.001 -15"><span class='ocrx_word' id='word_1_222' title='bbox 1852 573 1920 614; x_wconf 91' lang='lat' dir='ltr'><strong>ne</strong></span> <span class='ocrx_word' id='word_1_223' title='bbox 1952 559 2164 612; x_wconf 86' lang='lat' dir='ltr'><strong>veniam</strong></span> <span class='ocrx_word' id='word_1_224' title='bbox 2189 557 2304 627; x_wconf 86' lang='lat' dir='ltr'><strong>ipse</strong></span> <span class='ocrx_word' id='word_1_225' title='bbox 2329 571 2431 610; x_wconf 92' lang='lat' dir='ltr'><strong>non</strong></span> <span class='ocrx_word' id='word_1_226' title='bbox 2467 553 2735 620; x_wconf 82' lang='lat' dir='ltr'><strong>Invenias,</strong></span> <span class='ocrx_word' id='word_1_227' title='bbox 2773 555 2988 624; x_wconf 82' lang='lat' dir='ltr'><strong>quando</strong></span> <span class='ocrx_word' id='word_1_228' title='bbox 3019 556 3187 623; x_wconf 82' lang='lat' dir='ltr'><strong>ipsam</strong></span> <span class='ocrx_word' id='word_1_229' title='bbox 3214 555 3424 611; x_wconf 87' lang='lat' dir='ltr'><strong>deside-</strong></span> 
     </span>
    </p>
   </div>
   <div class='ocr_carea' id='block_1_33' title="bbox 1853 644 3429 715">
    <p class='ocr_par' dir='ltr' id='par_1_33' title="bbox 1853 644 3429 715">
     <span class='ocr_line' id='line_1_33' title="bbox 1853 644 3429 715; baseline -0.002 -12"><span class='ocrx_word' id='word_1_230' title='bbox 1853 649 2016 705; x_wconf 89' lang='lat' dir='ltr'><strong>rabis.</strong></span> <span class='ocrx_word' id='word_1_231' title='bbox 2070 647 2336 702; x_wconf 85' lang='lat' dir='ltr'><strong>Sacerdos</strong></span> <span class='ocrx_word' id='word_1_232' title='bbox 2365 654 2449 701; x_wconf 89' lang='lat' dir='ltr'><strong>est</strong></span> <span class='ocrx_word' id='word_1_233' title='bbox 2489 645 2707 714; x_wconf 81' lang='lat' dir='ltr'><strong>aliquis,</strong></span> <span class='ocrx_word' id='word_1_234' title='bbox 2740 644 3028 715; x_wconf 87' lang='lat' dir='ltr'><strong>pepulique</strong></span> <span class='ocrx_word' id='word_1_235' title='bbox 3053 646 3269 713; x_wconf 85' lang='lat' dir='ltr'><strong>regendi</strong></span> <span class='ocrx_word' id='word_1_236' title='bbox 3308 661 3429 700; x_wconf 91' lang='lat' dir='ltr'><strong>mu-</strong></span> 
     </span>
    </p>
   </div>
   <div class='ocr_carea' id='block_1_34' title="bbox 1852 737 3425 809">
    <p class='ocr_par' dir='ltr' id='par_1_34' title="bbox 1852 737 3425 809">
     <span class='ocr_line' id='line_1_34' title="bbox 1852 737 3425 809; baseline -0.003 -13"><span class='ocrx_word' id='word_1_237' title='bbox 1852 757 1954 797; x_wconf 85' lang='lat' dir='ltr'><strong>nus</strong></span> <span class='ocrx_word' id='word_1_238' title='bbox 1984 742 2205 796; x_wconf 89' lang='lat' dir='ltr'><strong>sortitus</strong></span> <span class='ocrx_word' id='word_1_239' title='bbox 2235 750 2318 795; x_wconf 89' lang='lat' dir='ltr'><strong>est</strong></span> <span class='ocrx_word' id='word_1_240' title='bbox 2344 755 2359 790; x_wconf 87' lang='lat'><strong>:</strong></span> <span class='ocrx_word' id='word_1_241' title='bbox 2394 740 2721 809; x_wconf 89' lang='lat' dir='ltr'><strong>privatorum</strong></span> <span class='ocrx_word' id='word_1_242' title='bbox 2755 752 2914 792; x_wconf 87' lang='lat' dir='ltr'><strong>casus</strong></span> <span class='ocrx_word' id='word_1_243' title='bbox 2937 737 3385 792; x_wconf 88' lang='lat' dir='ltr'><strong>commisereatur</strong></span> <span class='ocrx_word' id='word_1_244' title='bbox 3409 778 3425 804; x_wconf 95' lang='lat'><strong>,</strong></span> 
     </span>
    </p>
   </div>
   <div class='ocr_carea' id='block_1_35' title="bbox 1855 828 3425 901">
    <p class='ocr_par' dir='ltr' id='par_1_35' title="bbox 1855 828 3425 901">
     <span class='ocr_line' id='line_1_35' title="bbox 1855 828 3425 901; baseline -0.002 -14"><span class='ocrx_word' id='word_1_245' title='bbox 1855 832 2274 901; x_wconf 90' lang='lat' dir='ltr'><strong>memineritque</strong></span> <span class='ocrx_word' id='word_1_246' title='bbox 2315 847 2396 898; x_wconf 88' lang='lat' dir='ltr'><strong>se,</strong></span> <span class='ocrx_word' id='word_1_247' title='bbox 2451 829 2699 899; x_wconf 78' lang='lat' dir='ltr'><strong>quamvis</strong></span> <span class='ocrx_word' id='word_1_248' title='bbox 2750 828 3010 898; x_wconf 87' lang='lat' dir='ltr'><strong>dignitate</strong></span> <span class='ocrx_word' id='word_1_249' title='bbox 3065 839 3284 900; x_wconf 69' lang='lat' dir='ltr'><strong>praestet</strong></span> <span class='ocrx_word' id='word_1_250' title='bbox 3328 830 3425 894; x_wconf 92' lang='lat' dir='ltr'><strong>iis,</strong></span> 
     </span>
    </p>
   </div>
   <div class='ocr_carea' id='block_1_36' title="bbox 1853 922 3426 996">
    <p class='ocr_par' dir='ltr' id='par_1_36' title="bbox 1853 922 3426 996">
     <span class='ocr_line' id='line_1_36' title="bbox 1853 922 3426 996; baseline -0.001 -19"><span class='ocrx_word' id='word_1_251' title='bbox 1853 938 1994 996; x_wconf 85' lang='lat' dir='ltr'><strong>quos</strong></span> <span class='ocrx_word' id='word_1_252' title='bbox 2026 924 2290 994; x_wconf 76' lang='lat' dir='ltr'><strong>gubernat</strong></span> <span class='ocrx_word' id='word_1_253' title='bbox 2337 938 2402 978; x_wconf 88' lang='lat' dir='ltr'><strong>ac</strong></span> <span class='ocrx_word' id='word_1_254' title='bbox 2446 922 2619 993; x_wconf 72' lang='lat' dir='ltr'><strong>regit,</strong></span> <span class='ocrx_word' id='word_1_255' title='bbox 2655 931 2903 976; x_wconf 89' lang='lat' dir='ltr'><strong>naturam</strong></span> <span class='ocrx_word' id='word_1_256' title='bbox 2962 929 3142 976; x_wconf 86' lang='lat' dir='ltr'><strong>tamen</strong></span> <span class='ocrx_word' id='word_1_257' title='bbox 3182 924 3426 979; x_wconf 81' lang='lat' dir='ltr'><strong>eamdem</strong></span> 
     </span>
    </p>
   </div>
   <div class='ocr_carea' id='block_1_37' title="bbox 1853 1012 3427 1086">
    <p class='ocr_par' dir='ltr' id='par_1_37' title="bbox 1853 1012 3427 1086">
     <span class='ocr_line' id='line_1_37' title="bbox 1853 1012 3427 1086; baseline -0.001 -15"><span class='ocrx_word' id='word_1_258' title='bbox 1853 1016 2077 1082; x_wconf 85' lang='lat' dir='ltr'><strong>habere,</strong></span> <span class='ocrx_word' id='word_1_259' title='bbox 2109 1016 2339 1086; x_wconf 86' lang='lat' dir='ltr'><strong>ideoque</strong></span> <span class='ocrx_word' id='word_1_260' title='bbox 2371 1028 2528 1085; x_wconf 82' lang='lat' dir='ltr'><strong>posse</strong></span> <span class='ocrx_word' id='word_1_261' title='bbox 2550 1012 2838 1083; x_wconf 84' lang='lat' dir='ltr'><strong>aliquando</strong></span> <span class='ocrx_word' id='word_1_262' title='bbox 2863 1012 3096 1070; x_wconf 80' lang='lat' dir='ltr'><strong>fortasse</strong></span> <span class='ocrx_word' id='word_1_263' title='bbox 3121 1015 3174 1070; x_wconf 92' lang='lat' dir='ltr'><strong>in</strong></span> <span class='ocrx_word' id='word_1_264' title='bbox 3207 1015 3427 1071; x_wconf 88' lang='lat' dir='ltr'><strong>eosdem</strong></span> 
     </span>
    </p>
   </div>
   <div class='ocr_carea' id='block_1_38' title="bbox 1851 1105 2354 1164">
    <p class='ocr_par' dir='ltr' id='par_1_38' title="bbox 1851 1105 2354 1164">
     <span class='ocr_line' id='line_1_38' title="bbox 1851 1105 2354 1164; baseline -0.002 -1"><span class='ocrx_word' id='word_1_265' title='bbox 1851 1121 2070 1164; x_wconf 86' lang='lat' dir='ltr'><strong>errores</strong></span> <span class='ocrx_word' id='word_1_266' title='bbox 2098 1105 2354 1162; x_wconf 86' lang='lat' dir='ltr'><strong>incidere.</strong></span> 
     </span>
    </p>
   </div>
   <div class='ocr_carea' id='block_1_39' title="bbox 1925 1196 3431 1270">
    <p class='ocr_par' dir='ltr' id='par_1_39' title="bbox 1925 1196 3431 1270">
     <span class='ocr_line' id='line_1_39' title="bbox 1925 1196 3431 1270; baseline -0.001 -15"><span class='ocrx_word' id='word_1_267' title='bbox 1925 1200 2057 1269; x_wconf 68' lang='lat' dir='ltr'><strong>Qua</strong></span> <span class='ocrx_word' id='word_1_268' title='bbox 2090 1215 2212 1255; x_wconf 91' lang='lat' dir='ltr'><strong>cum</strong></span> <span class='ocrx_word' id='word_1_269' title='bbox 2247 1199 2460 1270; x_wconf 72' lang='lat' dir='ltr'><strong>Moyses</strong></span> <span class='ocrx_word' id='word_1_270' title='bbox 2493 1212 2599 1254; x_wconf 93' lang='lat' dir='ltr'><strong>non</strong></span> <span class='ocrx_word' id='word_1_271' title='bbox 2622 1196 3148 1269; x_wconf 81' lang='lat' dir='ltr'><strong>ignoraret(quippe</strong></span> <span class='ocrx_word' id='word_1_272' title='bbox 3173 1207 3228 1252; x_wconf 91' lang='lat' dir='ltr'><strong>et</strong></span> <span class='ocrx_word' id='word_1_273' title='bbox 3268 1200 3431 1253; x_wconf 89' lang='lat' dir='ltr'><strong>homo</strong></span> 
     </span>
    </p>
   </div>
   <div class='ocr_carea' id='block_1_40' title="bbox 1853 1287 3430 1359">
    <p class='ocr_par' dir='ltr' id='par_1_40' title="bbox 1853 1287 3430 1359">
     <span class='ocr_line' id='line_1_40' title="bbox 1853 1287 3430 1359; baseline -0.002 -13"><span class='ocrx_word' id='word_1_274' title='bbox 1853 1301 1974 1346; x_wconf 84' lang='lat' dir='ltr'><strong>erat</strong></span> <span class='ocrx_word' id='word_1_275' title='bbox 2023 1298 2078 1346; x_wconf 86' lang='lat' dir='ltr'><strong>et</strong></span> <span class='ocrx_word' id='word_1_276' title='bbox 2118 1289 2354 1345; x_wconf 80' lang='lat' dir='ltr'><strong>hominis</strong></span> <span class='ocrx_word' id='word_1_277' title='bbox 2398 1299 2647 1344; x_wconf 85' lang='lat' dir='ltr'><strong>naturam</strong></span> <span class='ocrx_word' id='word_1_278' title='bbox 2689 1296 3032 1359; x_wconf 80' lang='lat' dir='ltr'><strong>perspectam</strong></span> <span class='ocrx_word' id='word_1_279' title='bbox 3076 1297 3130 1343; x_wconf 92' lang='lat' dir='ltr'><strong>et</strong></span> <span class='ocrx_word' id='word_1_280' title='bbox 3159 1287 3430 1358; x_wconf 76' lang='lat' dir='ltr'><strong>cognitam</strong></span> 
     </span>
    </p>
   </div>
   <div class='ocr_carea' id='block_1_41' title="bbox 1854 1381 3429 1454">
    <p class='ocr_par' dir='ltr' id='par_1_41' title="bbox 1854 1381 3429 1454">
     <span class='ocr_line' id='line_1_41' title="bbox 1854 1381 3429 1454; baseline -0.002 -15"><span class='ocrx_word' id='word_1_281' title='bbox 1854 1383 2134 1454; x_wconf 84' lang='lat' dir='ltr'><strong>habebat),</strong></span> <span class='ocrx_word' id='word_1_282' title='bbox 2170 1381 2471 1444; x_wconf 89' lang='lat' dir='ltr'><strong>constituit,</strong></span> <span class='ocrx_word' id='word_1_283' title='bbox 2495 1390 2554 1435; x_wconf 92' lang='lat' dir='ltr'><strong>ut</strong></span> <span class='ocrx_word' id='word_1_284' title='bbox 2577 1395 2673 1449; x_wconf 82' lang='lat' dir='ltr'><strong>pro</strong></span> <span class='ocrx_word' id='word_1_285' title='bbox 2698 1382 2983 1438; x_wconf 84' lang='lat' dir='ltr'><strong>sacerdote</strong></span> <span class='ocrx_word' id='word_1_286' title='bbox 3010 1382 3209 1437; x_wconf 78' lang='lat' dir='ltr'><strong>vitulus</strong></span> <span class='ocrx_word' id='word_1_287' title='bbox 3234 1383 3429 1436; x_wconf 85' lang='lat' dir='ltr'><strong>immo-</strong></span> 
     </span>
    </p>
   </div>
   <div class='ocr_carea' id='block_1_42' title="bbox 1855 1467 3431 1543">
    <p class='ocr_par' dir='ltr' id='par_1_42' title="bbox 1855 1467 3431 1543">
     <span class='ocr_line' id='line_1_42' title="bbox 1855 1467 3431 1543; baseline -0.001 -16"><span class='ocrx_word' id='word_1_288' title='bbox 1855 1473 2081 1538; x_wconf 81' lang='lat' dir='ltr'><strong>laretur,</strong></span> <span class='ocrx_word' id='word_1_289' title='bbox 2104 1481 2363 1543; x_wconf 88' lang='lat' dir='ltr'><strong>peccante</strong></span> <span class='ocrx_word' id='word_1_290' title='bbox 2386 1470 2641 1526; x_wconf 85' lang='lat' dir='ltr'><strong>nimirum</strong></span> <span class='ocrx_word' id='word_1_291' title='bbox 2677 1479 2733 1524; x_wconf 89' lang='lat' dir='ltr'><strong>et</strong></span> <span class='ocrx_word' id='word_1_292' title='bbox 2757 1472 2873 1542; x_wconf 88' lang='lat' dir='ltr'><strong>ipso</strong></span> <span class='ocrx_word' id='word_1_293' title='bbox 2895 1467 3288 1540; x_wconf 78' lang='lat' dir='ltr'><strong>expiationibus</strong></span> <span class='ocrx_word' id='word_1_294' title='bbox 3313 1473 3431 1543; x_wconf 84' lang='lat' dir='ltr'><strong>pln-</strong></span> 
     </span>
    </p>
   </div>
   <div class='ocr_carea' id='block_1_43' title="bbox 1856 1562 3432 1635">
    <p class='ocr_par' dir='ltr' id='par_1_43' title="bbox 1856 1562 3432 1635">
     <span class='ocr_line' id='line_1_43' title="bbox 1856 1562 3432 1635; baseline -0.001 -15"><span class='ocrx_word' id='word_1_295' title='bbox 1856 1563 2008 1620; x_wconf 86' lang='lat' dir='ltr'><strong>ribus</strong></span> <span class='ocrx_word' id='word_1_296' title='bbox 2049 1564 2343 1635; x_wconf 90' lang='lat' dir='ltr'><strong>indigente.</strong></span> <span class='ocrx_word' id='word_1_297' title='bbox 2381 1562 2538 1632; x_wconf 84' lang='lat' dir='ltr'><strong>Quod</strong></span> <span class='ocrx_word' id='word_1_298' title='bbox 2563 1573 2742 1619; x_wconf 87' lang='lat' dir='ltr'><strong>autem</strong></span> <span class='ocrx_word' id='word_1_299' title='bbox 2773 1572 2902 1618; x_wconf 90' lang='lat' dir='ltr'><strong>tunc</strong></span> <span class='ocrx_word' id='word_1_300' title='bbox 2927 1573 3044 1617; x_wconf 89' lang='lat' dir='ltr'><strong>erat</strong></span> <span class='ocrx_word' id='word_1_301' title='bbox 3076 1565 3126 1618; x_wconf 91' lang='lat' dir='ltr'><strong>in</strong></span> <span class='ocrx_word' id='word_1_302' title='bbox 3161 1580 3324 1618; x_wconf 85' lang='lat' dir='ltr'><strong>carne</strong></span> <span class='ocrx_word' id='word_1_303' title='bbox 3352 1565 3432 1619; x_wconf 92' lang='lat' dir='ltr'><strong>vi-</strong></span> 
     </span>
    </p>
   </div>
   <div class='ocr_carea' id='block_1_44' title="bbox 1858 1655 3432 1725">
    <p class='ocr_par' dir='ltr' id='par_1_44' title="bbox 1858 1655 3432 1725">
     <span class='ocr_line' id='line_1_44' title="bbox 1858 1655 3432 1725; baseline -0.001 -14"><span class='ocrx_word' id='word_1_304' title='bbox 1858 1655 2024 1722; x_wconf 90' lang='lat' dir='ltr'><strong>tulus,</strong></span> <span class='ocrx_word' id='word_1_305' title='bbox 2077 1656 2218 1710; x_wconf 85' lang='lat' dir='ltr'><strong>idem</strong></span> <span class='ocrx_word' id='word_1_306' title='bbox 2276 1671 2423 1711; x_wconf 91' lang='lat' dir='ltr'><strong>nunc</strong></span> <span class='ocrx_word' id='word_1_307' title='bbox 2473 1663 2557 1711; x_wconf 91' lang='lat' dir='ltr'><strong>est</strong></span> <span class='ocrx_word' id='word_1_308' title='bbox 2605 1655 2924 1724; x_wconf 77' lang='lat' dir='ltr'><strong>incorporea</strong></span> <span class='ocrx_word' id='word_1_309' title='bbox 2984 1656 3320 1725; x_wconf 76' lang='lat' dir='ltr'><strong>poenitentia,</strong></span> <span class='ocrx_word' id='word_1_310' title='bbox 3352 1655 3432 1709; x_wconf 83' lang='lat' dir='ltr'><strong>in-</strong></span> 
     </span>
    </p>
   </div>
   <div class='ocr_carea' id='block_1_45' title="bbox 1863 1748 3430 1819">
    <p class='ocr_par' dir='ltr' id='par_1_45' title="bbox 1863 1748 3430 1819">
     <span class='ocr_line' id='line_1_45' title="bbox 1863 1748 3430 1819; baseline -0.002 -15"><span class='ocrx_word' id='word_1_311' title='bbox 1863 1757 2199 1819; x_wconf 87' lang='lat' dir='ltr'><strong>cruentaque</strong></span> <span class='ocrx_word' id='word_1_312' title='bbox 2223 1750 2564 1818; x_wconf 76' lang='lat' dir='ltr'><strong>deprecatio:</strong></span> <span class='ocrx_word' id='word_1_313' title='bbox 2599 1763 2704 1819; x_wconf 81' lang='lat' dir='ltr'><strong>qua</strong></span> <span class='ocrx_word' id='word_1_314' title='bbox 2739 1748 2956 1819; x_wconf 83' lang='lat' dir='ltr'><strong>quidem</strong></span> <span class='ocrx_word' id='word_1_315' title='bbox 3001 1748 3299 1802; x_wconf 86' lang='lat' dir='ltr'><strong>cavendum</strong></span> <span class='ocrx_word' id='word_1_316' title='bbox 3326 1758 3430 1810; x_wconf 86' lang='lat' dir='ltr'><strong>est,</strong></span> 
     </span>
    </p>
   </div>
   <div class='ocr_carea' id='block_1_46' title="bbox 1865 1838 3431 1911">
    <p class='ocr_par' dir='ltr' id='par_1_46' title="bbox 1865 1838 3431 1911">
     <span class='ocr_line' id='line_1_46' title="bbox 1865 1838 3431 1911; baseline 0 -17"><span class='ocrx_word' id='word_1_317' title='bbox 1865 1855 1934 1894; x_wconf 90' lang='lat' dir='ltr'><strong>ne</strong></span> <span class='ocrx_word' id='word_1_318' title='bbox 1965 1839 2117 1907; x_wconf 87' lang='lat' dir='ltr'><strong>elati,</strong></span> <span class='ocrx_word' id='word_1_319' title='bbox 2150 1839 2550 1911; x_wconf 80' lang='lat' dir='ltr'><strong>gloriantesque</strong></span> <span class='ocrx_word' id='word_1_320' title='bbox 2592 1840 3002 1906; x_wconf 86' lang='lat' dir='ltr'><strong>humanitatem,</strong></span> <span class='ocrx_word' id='word_1_321' title='bbox 3035 1849 3089 1894; x_wconf 88' lang='lat' dir='ltr'><strong>et</strong></span> <span class='ocrx_word' id='word_1_322' title='bbox 3123 1838 3431 1894; x_wconf 72' lang='lat' dir='ltr'><strong>beneﬁcen~</strong></span> 
     </span>
    </p>
   </div>
   <div class='ocr_carea' id='block_1_47' title="bbox 1865 1928 3433 1998">
    <p class='ocr_par' dir='ltr' id='par_1_47' title="bbox 1865 1928 3433 1998">
     <span class='ocr_line' id='line_1_47' title="bbox 1865 1928 3433 1998; baseline 0 -16"><span class='ocrx_word' id='word_1_323' title='bbox 1865 1929 1991 1983; x_wconf 88' lang='lat' dir='ltr'><strong>tiam</strong></span> <span class='ocrx_word' id='word_1_324' title='bbox 2023 1929 2388 1998; x_wconf 79' lang='lat' dir='ltr'><strong>repudiemus,</strong></span> <span class='ocrx_word' id='word_1_325' title='bbox 2421 1943 2545 1984; x_wconf 89' lang='lat' dir='ltr'><strong>cum</strong></span> <span class='ocrx_word' id='word_1_326' title='bbox 2584 1929 2818 1983; x_wconf 82' lang='lat' dir='ltr'><strong>sciamus</strong></span> <span class='ocrx_word' id='word_1_327' title='bbox 2863 1928 3043 1984; x_wconf 85' lang='lat' dir='ltr'><strong>Aaron</strong></span> <span class='ocrx_word' id='word_1_328' title='bbox 3095 1929 3433 1984; x_wconf 82' lang='lat' dir='ltr'><strong>sacerdotem</strong></span> 
     </span>
    </p>
   </div>
   <div class='ocr_carea' id='block_1_48' title="bbox 1862 2018 3433 2090">
    <p class='ocr_par' dir='ltr' id='par_1_48' title="bbox 1862 2018 3433 2090">
     <span class='ocr_line' id='line_1_48' title="bbox 1862 2018 3433 2090; baseline 0 -18"><span class='ocrx_word' id='word_1_329' title='bbox 1862 2018 2009 2072; x_wconf 90' lang='lat' dir='ltr'><strong>illum</strong></span> <span class='ocrx_word' id='word_1_330' title='bbox 2037 2018 2508 2088; x_wconf 82' lang='lat' dir='ltr'><strong>probatissimum,</strong></span> <span class='ocrx_word' id='word_1_331' title='bbox 2541 2019 2739 2090; x_wconf 91' lang='lat' dir='ltr'><strong>popqu</strong></span> <span class='ocrx_word' id='word_1_332' title='bbox 2784 2019 2913 2075; x_wconf 91' lang='lat' dir='ltr'><strong>deus</strong></span> <span class='ocrx_word' id='word_1_333' title='bbox 2958 2018 3224 2088; x_wconf 79' lang='lat' dir='ltr'><strong>ﬂagitanti</strong></span> <span class='ocrx_word' id='word_1_334' title='bbox 3253 2018 3433 2072; x_wconf 86' lang='lat' dir='ltr'><strong>indul-</strong></span> 
     </span>
    </p>
   </div>
   <div class='ocr_carea' id='block_1_49' title="bbox 1862 2110 3436 2180">
    <p class='ocr_par' dir='ltr' id='par_1_49' title="bbox 1862 2110 3436 2180">
     <span class='ocr_line' id='line_1_49' title="bbox 1862 2110 3436 2180; baseline 0 -15"><span class='ocrx_word' id='word_1_335' title='bbox 1862 2110 2021 2171; x_wconf 86' lang='lat' dir='ltr'><strong>sisse,</strong></span> <span class='ocrx_word' id='word_1_336' title='bbox 2049 2119 2104 2164; x_wconf 91' lang='lat' dir='ltr'><strong>et</strong></span> <span class='ocrx_word' id='word_1_337' title='bbox 2154 2119 2354 2165; x_wconf 91' lang='lat' dir='ltr'><strong>temere</strong></span> <span class='ocrx_word' id='word_1_338' title='bbox 2381 2110 2668 2164; x_wconf 86' lang='lat' dir='ltr'><strong>admodum</strong></span> <span class='ocrx_word' id='word_1_339' title='bbox 2721 2125 3000 2166; x_wconf 88' lang='lat' dir='ltr'><strong>murmure</strong></span> <span class='ocrx_word' id='word_1_340' title='bbox 3030 2121 3246 2180; x_wconf 85' lang='lat' dir='ltr'><strong>captum</strong></span> <span class='ocrx_word' id='word_1_341' title='bbox 3293 2125 3436 2165; x_wconf 88' lang='lat' dir='ltr'><strong>esse.</strong></span> 
     </span>
    </p>
   </div>
   <div class='ocr_carea' id='block_1_50' title="bbox 1861 2198 3435 2271">
    <p class='ocr_par' dir='ltr' id='par_1_50' title="bbox 1861 2198 3435 2271">
     <span class='ocr_line' id='line_1_50' title="bbox 1861 2198 3435 2271; baseline 0.002 -19"><span class='ocrx_word' id='word_1_342' title='bbox 1861 2198 2014 2265; x_wconf 84' lang='lat' dir='ltr'><strong>Quod</strong></span> <span class='ocrx_word' id='word_1_343' title='bbox 2050 2199 2096 2254; x_wconf 91' lang='lat' dir='ltr'><strong>si</strong></span> <span class='ocrx_word' id='word_1_344' title='bbox 2155 2201 2221 2264; x_wconf 88' lang='lat' dir='ltr'><strong>is,</strong></span> <span class='ocrx_word' id='word_1_345' title='bbox 2262 2199 2352 2269; x_wconf 88' lang='lat' dir='ltr'><strong>qui</strong></span> <span class='ocrx_word' id='word_1_346' title='bbox 2401 2211 2854 2265; x_wconf 82' lang='lat' dir='ltr'><strong>murmuraverat,</strong></span> <span class='ocrx_word' id='word_1_347' title='bbox 2907 2215 3011 2254; x_wconf 88' lang='lat' dir='ltr'><strong>non</strong></span> <span class='ocrx_word' id='word_1_348' title='bbox 3055 2201 3435 2271; x_wconf 84' lang='lat' dir='ltr'><strong>supplicasset.</strong></span> 
     </span>
    </p>
   </div>
   <div class='ocr_carea' id='block_1_51' title="bbox 1861 2287 3434 2358">
    <p class='ocr_par' dir='ltr' id='par_1_51' title="bbox 1861 2287 3434 2358">
     <span class='ocr_line' id='line_1_51' title="bbox 1861 2287 3434 2358; baseline 0 -16"><span class='ocrx_word' id='word_1_349' title='bbox 1861 2287 2179 2358; x_wconf 87' lang='lat' dir='ltr'><strong>supplicium</strong></span> <span class='ocrx_word' id='word_1_350' title='bbox 2216 2304 2320 2342; x_wconf 92' lang='lat' dir='ltr'><strong>non</strong></span> <span class='ocrx_word' id='word_1_351' title='bbox 2352 2289 2634 2343; x_wconf 77' lang='lat' dir='ltr'><strong>evasisset.</strong></span> <span class='ocrx_word' id='word_1_352' title='bbox 2659 2288 2811 2343; x_wconf 88' lang='lat' dir='ltr'><strong>Alius</strong></span> <span class='ocrx_word' id='word_1_353' title='bbox 2841 2300 3018 2344; x_wconf 88' lang='lat' dir='ltr'><strong>autem</strong></span> <span class='ocrx_word' id='word_1_354' title='bbox 3050 2299 3153 2355; x_wconf 90' lang='lat' dir='ltr'><strong>est,</strong></span> <span class='ocrx_word' id='word_1_355' title='bbox 3201 2306 3305 2344; x_wconf 89' lang='lat' dir='ltr'><strong>non</strong></span> <span class='ocrx_word' id='word_1_356' title='bbox 3347 2306 3434 2344; x_wconf 89' lang='lat' dir='ltr'><strong>sa-</strong></span> 
     </span>
    </p>
   </div>
   <div class='ocr_carea' id='block_1_52' title="bbox 1861 2380 3439 2452">
    <p class='ocr_par' dir='ltr' id='par_1_52' title="bbox 1861 2380 3439 2452">
     <span class='ocr_line' id='line_1_52' title="bbox 1861 2380 3439 2452; baseline -0.001 -17"><span class='ocrx_word' id='word_1_357' title='bbox 1861 2381 2072 2444; x_wconf 89' lang='lat' dir='ltr'><strong>cerdos,</strong></span> <span class='ocrx_word' id='word_1_358' title='bbox 2104 2381 2197 2435; x_wconf 91' lang='lat' dir='ltr'><strong>sed</strong></span> <span class='ocrx_word' id='word_1_359' title='bbox 2254 2395 2392 2434; x_wconf 90' lang='lat' dir='ltr'><strong>unus</strong></span> <span class='ocrx_word' id='word_1_360' title='bbox 2425 2394 2456 2434; x_wconf 92' lang='lat' dir='ltr'><strong>e</strong></span> <span class='ocrx_word' id='word_1_361' title='bbox 2496 2380 2712 2450; x_wconf 90' lang='lat' dir='ltr'><strong>populo,</strong></span> <span class='ocrx_word' id='word_1_362' title='bbox 2748 2388 2938 2437; x_wconf 82' lang='lat' dir='ltr'><strong>caveat</strong></span> <span class='ocrx_word' id='word_1_363' title='bbox 2964 2397 3033 2437; x_wconf 92' lang='lat' dir='ltr'><strong>ne</strong></span> <span class='ocrx_word' id='word_1_364' title='bbox 3055 2383 3272 2450; x_wconf 80' lang='lat' dir='ltr'><strong>gravius</strong></span> <span class='ocrx_word' id='word_1_365' title='bbox 3291 2382 3439 2452; x_wconf 85' lang='lat' dir='ltr'><strong>judi-</strong></span> 
     </span>
    </p>
   </div>
   <div class='ocr_carea' id='block_1_53' title="bbox 1865 2469 3436 2540">
    <p class='ocr_par' dir='ltr' id='par_1_53' title="bbox 1865 2469 3436 2540">
     <span class='ocr_line' id='line_1_53' title="bbox 1865 2469 3436 2540; baseline 0.002 -16"><span class='ocrx_word' id='word_1_366' title='bbox 1865 2471 2036 2525; x_wconf 87' lang='lat' dir='ltr'><strong>cando</strong></span> <span class='ocrx_word' id='word_1_367' title='bbox 2066 2470 2250 2539; x_wconf 86' lang='lat' dir='ltr'><strong>jugum</strong></span> <span class='ocrx_word' id='word_1_368' title='bbox 2294 2470 2503 2525; x_wconf 86' lang='lat' dir='ltr'><strong>subeat.</strong></span> <span class='ocrx_word' id='word_1_369' title='bbox 2547 2469 2682 2524; x_wconf 86' lang='lat' dir='ltr'><strong>Nam</strong></span> <span class='ocrx_word' id='word_1_370' title='bbox 2710 2473 2756 2526; x_wconf 89' lang='lat' dir='ltr'><strong>si</strong></span> <span class='ocrx_word' id='word_1_371' title='bbox 2803 2471 2849 2525; x_wconf 89' lang='lat' dir='ltr'><strong>is</strong></span> <span class='ocrx_word' id='word_1_372' title='bbox 2893 2473 2982 2539; x_wconf 90' lang='lat' dir='ltr'><strong>qui</strong></span> <span class='ocrx_word' id='word_1_373' title='bbox 3016 2473 3082 2525; x_wconf 86' lang='lat' dir='ltr'><strong>ad</strong></span> <span class='ocrx_word' id='word_1_374' title='bbox 3114 2473 3436 2540; x_wconf 79' lang='lat' dir='ltr'><strong>expiandum</strong></span> 
     </span>
    </p>
   </div>
   <div class='ocr_carea' id='block_1_54' title="bbox 1865 2559 3437 2633">
    <p class='ocr_par' dir='ltr' id='par_1_54' title="bbox 1865 2559 3437 2633">
     <span class='ocr_line' id='line_1_54' title="bbox 1865 2559 3437 2633; baseline 0.001 -19"><span class='ocrx_word' id='word_1_375' title='bbox 1865 2559 2116 2630; x_wconf 88' lang='lat' dir='ltr'><strong>populum</strong></span> <span class='ocrx_word' id='word_1_376' title='bbox 2140 2559 2380 2615; x_wconf 87' lang='lat' dir='ltr'><strong>delectus</strong></span> <span class='ocrx_word' id='word_1_377' title='bbox 2407 2569 2509 2626; x_wconf 87' lang='lat' dir='ltr'><strong>est,</strong></span> <span class='ocrx_word' id='word_1_378' title='bbox 2547 2560 2750 2632; x_wconf 78' lang='lat' dir='ltr'><strong>indiget</strong></span> <span class='ocrx_word' id='word_1_379' title='bbox 2780 2561 2894 2632; x_wconf 89' lang='lat' dir='ltr'><strong>ipse</strong></span> <span class='ocrx_word' id='word_1_380' title='bbox 2937 2562 3264 2630; x_wconf 79' lang='lat' dir='ltr'><strong>expiatione,</strong></span> <span class='ocrx_word' id='word_1_381' title='bbox 3310 2565 3437 2633; x_wconf 83' lang='lat' dir='ltr'><strong>quid</strong></span> 
     </span>
    </p>
   </div>
   <div class='ocr_carea' id='block_1_55' title="bbox 1868 2653 3145 2723">
    <p class='ocr_par' dir='ltr' id='par_1_55' title="bbox 1868 2653 3145 2723">
     <span class='ocr_line' id='line_1_55' title="bbox 1868 2653 3145 2723; baseline 0.002 -18"><span class='ocrx_word' id='word_1_382' title='bbox 1868 2653 1962 2709; x_wconf 89' lang='lat' dir='ltr'><strong>liet</strong></span> <span class='ocrx_word' id='word_1_383' title='bbox 1991 2653 2087 2720; x_wconf 90' lang='lat' dir='ltr'><strong>illi,</strong></span> <span class='ocrx_word' id='word_1_384' title='bbox 2119 2653 2210 2723; x_wconf 89' lang='lat' dir='ltr'><strong>qui</strong></span> <span class='ocrx_word' id='word_1_385' title='bbox 2241 2653 2503 2723; x_wconf 84' lang='lat' dir='ltr'><strong>ejusmodi</strong></span> <span class='ocrx_word' id='word_1_386' title='bbox 2530 2669 2721 2710; x_wconf 90' lang='lat' dir='ltr'><strong>munus</strong></span> <span class='ocrx_word' id='word_1_387' title='bbox 2745 2670 2849 2710; x_wconf 92' lang='lat' dir='ltr'><strong>non</strong></span> <span class='ocrx_word' id='word_1_388' title='bbox 2881 2655 3145 2710; x_wconf 86' lang='lat' dir='ltr'><strong>sustinet?</strong></span> 
     </span>
    </p>
   </div>
   <div class='ocr_carea' id='block_1_56' title="bbox 1937 2745 3439 2816">
    <p class='ocr_par' dir='ltr' id='par_1_56' title="bbox 1937 2745 3439 2816">
     <span class='ocr_line' id='line_1_56' title="bbox 1937 2745 3439 2816; baseline 0.003 -18"><span class='ocrx_word' id='word_1_389' title='bbox 1937 2745 2218 2800; x_wconf 87' lang='lat' dir='ltr'><strong>Imitemur</strong></span> <span class='ocrx_word' id='word_1_390' title='bbox 2243 2760 2360 2798; x_wconf 88' lang='lat' dir='ltr'><strong>eam</strong></span> <span class='ocrx_word' id='word_1_391' title='bbox 2400 2745 2654 2812; x_wconf 87' lang='lat' dir='ltr'><strong>pascendi</strong></span> <span class='ocrx_word' id='word_1_392' title='bbox 2689 2747 2982 2812; x_wconf 83' lang='lat' dir='ltr'><strong>rationem,</strong></span> <span class='ocrx_word' id='word_1_393' title='bbox 3038 2764 3142 2816; x_wconf 87' lang='lat' dir='ltr'><strong>qua</strong></span> <span class='ocrx_word' id='word_1_394' title='bbox 3183 2748 3439 2802; x_wconf 85' lang='lat' dir='ltr'><strong>Dominus</strong></span> 
     </span>
    </p>
   </div>
   <div class='ocr_carea' id='block_1_57' title="bbox 1865 2834 3436 2908">
    <p class='ocr_par' dir='ltr' id='par_1_57' title="bbox 1865 2834 3436 2908">
     <span class='ocr_line' id='line_1_57' title="bbox 1865 2834 3436 2908; baseline 0.002 -18"><span class='ocrx_word' id='word_1_395' title='bbox 1865 2851 1996 2892; x_wconf 85' lang='lat' dir='ltr'><strong>usus</strong></span> <span class='ocrx_word' id='word_1_396' title='bbox 2024 2844 2138 2900; x_wconf 89' lang='lat' dir='ltr'><strong>est;</strong></span> <span class='ocrx_word' id='word_1_397' title='bbox 2175 2834 2461 2904; x_wconf 74' lang='lat' dir='ltr'><strong>Evangelia</strong></span> <span class='ocrx_word' id='word_1_398' title='bbox 2493 2836 2951 2906; x_wconf 90' lang='lat' dir='ltr'><strong>contemplemur;</strong></span> <span class='ocrx_word' id='word_1_399' title='bbox 2978 2837 3157 2907; x_wconf 87' lang='lat' dir='ltr'><strong>ibique</strong></span> <span class='ocrx_word' id='word_1_400' title='bbox 3178 2848 3436 2908; x_wconf 84' lang='lat' dir='ltr'><strong>tanquam</strong></span> 
     </span>
    </p>
   </div>
   <div class='ocr_carea' id='block_1_58' title="bbox 1869 2925 3439 2999">
    <p class='ocr_par' dir='ltr' id='par_1_58' title="bbox 1869 2925 3439 2999">
     <span class='ocr_line' id='line_1_58' title="bbox 1869 2925 3439 2999; baseline 0.004 -21"><span class='ocrx_word' id='word_1_401' title='bbox 1869 2927 1920 2978; x_wconf 88' lang='lat' dir='ltr'><strong>in</strong></span> <span class='ocrx_word' id='word_1_402' title='bbox 1947 2925 2185 2994; x_wconf 86' lang='lat' dir='ltr'><strong>speculo,</strong></span> <span class='ocrx_word' id='word_1_403' title='bbox 2228 2926 2518 2996; x_wconf 73' lang='lat' dir='ltr'><strong>diligentiae</strong></span> <span class='ocrx_word' id='word_1_404' title='bbox 2547 2935 2602 2981; x_wconf 90' lang='lat' dir='ltr'><strong>et</strong></span> <span class='ocrx_word' id='word_1_405' title='bbox 2644 2928 2992 2998; x_wconf 71' lang='lat' dir='ltr'><strong>benignitatis</strong></span> <span class='ocrx_word' id='word_1_406' title='bbox 3029 2931 3328 2999; x_wconf 79' lang='lat' dir='ltr'><strong>exemplum</strong></span> <span class='ocrx_word' id='word_1_407' title='bbox 3359 2934 3439 2986; x_wconf 87' lang='lat' dir='ltr'><strong>in-</strong></span> 
     </span>
    </p>
   </div>
   <div class='ocr_carea' id='block_1_59' title="bbox 1870 3017 3437 3090">
    <p class='ocr_par' dir='ltr' id='par_1_59' title="bbox 1870 3017 3437 3090">
     <span class='ocr_line' id='line_1_59' title="bbox 1870 3017 3437 3090; baseline 0.006 -23"><span class='ocrx_word' id='word_1_408' title='bbox 1870 3023 2103 3082; x_wconf 88' lang='lat' dir='ltr'><strong>tuentes,</strong></span> <span class='ocrx_word' id='word_1_409' title='bbox 2135 3031 2228 3070; x_wconf 88' lang='lat' dir='ltr'><strong>eas</strong></span> <span class='ocrx_word' id='word_1_410' title='bbox 2275 3018 2666 3086; x_wconf 76' lang='lat' dir='ltr'><strong>per-discamus.</strong></span> <span class='ocrx_word' id='word_1_411' title='bbox 2722 3017 2836 3073; x_wconf 90' lang='lat' dir='ltr'><strong>Illic</strong></span> <span class='ocrx_word' id='word_1_412' title='bbox 2884 3020 3024 3074; x_wconf 92' lang='lat' dir='ltr'><strong>enim</strong></span> <span class='ocrx_word' id='word_1_413' title='bbox 3082 3023 3134 3075; x_wconf 90' lang='lat' dir='ltr'><strong>in</strong></span> <span class='ocrx_word' id='word_1_414' title='bbox 3171 3023 3437 3090; x_wconf 84' lang='lat' dir='ltr'><strong>parabolis</strong></span> 
     </span>
    </p>
   </div>
   <div class='ocr_carea' id='block_1_60' title="bbox 175 3106 1840 3184">
    <p class='ocr_par' dir='ltr' id='par_1_60' title="bbox 175 3106 1834 3184">
     <span class='ocr_line' id='line_1_60' title="bbox 175 3106 1834 3184; baseline -0.007 -14"><span class='ocrx_word' id='word_1_415' title='bbox 175 3113 636 3183; x_wconf 67' lang='grc' dir='ltr'>ιπεσκιασμένοις</span> <span class='ocrx_word' id='word_1_416' title='bbox 685 3110 792 3164; x_wconf 84' lang='grc' dir='ltr'><strong>τῶν</strong></span> <span class='ocrx_word' id='word_1_417' title='bbox 851 3107 1023 3175; x_wconf 86' lang='grc' dir='ltr'>λόγων</span> <span class='ocrx_word' id='word_1_418' title='bbox 1083 3106 1250 3177; x_wconf 81' lang='grc' dir='ltr'>ἄνδρα</span> <span class='ocrx_word' id='word_1_419' title='bbox 1294 3107 1524 3176; x_wconf 81' lang='grc' dir='ltr'>ποιμένα</span> <span class='ocrx_word' id='word_1_420' title='bbox 1572 3106 1763 3159; x_wconf 76' lang='grc' dir='ltr'>ἑκατὸν</span> <span class='ocrx_word' id='word_1_421' title='bbox 1791 3127 1834 3184; x_wconf 76' lang='lat' dir='ltr'><strong>C</strong></span> 
     </span>
    </p>
   </div>
   <div class='ocr_carea' id='block_1_61' title="bbox 1772 3106 3437 3184">
    <p class='ocr_par' dir='ltr' id='par_1_61' title="bbox 1791 3109 3437 3184">
     <span class='ocr_line' id='line_1_61' title="bbox 1791 3109 3437 3184; baseline 0.007 -24"><span class='ocrx_word' id='word_1_422' title='bbox 1791 3127 1834 3184; x_wconf 63' lang='grc' dir='ltr'><strong>(ς</strong></span> <span class='ocrx_word' id='word_1_423' title='bbox 1875 3109 2310 3178; x_wconf 83' lang='lat' dir='ltr'><strong>adumbratisque</strong></span> <span class='ocrx_word' id='word_1_424' title='bbox 2333 3112 2673 3166; x_wconf 87' lang='lat' dir='ltr'><strong>sermonibus</strong></span> <span class='ocrx_word' id='word_1_425' title='bbox 2699 3112 2855 3167; x_wconf 81' lang='lat' dir='ltr'><strong>video</strong></span> <span class='ocrx_word' id='word_1_426' title='bbox 2883 3124 3094 3167; x_wconf 88' lang='lat' dir='ltr'><strong>centum</strong></span> <span class='ocrx_word' id='word_1_427' title='bbox 3129 3117 3307 3170; x_wconf 89' lang='lat' dir='ltr'><strong>ovium</strong></span> <span class='ocrx_word' id='word_1_428' title='bbox 3339 3119 3437 3172; x_wconf 81' lang='lat' dir='ltr'><strong>lio-</strong></span> 
     </span>
    </p>
   </div>
   <div class='ocr_carea' id='block_1_62' title="bbox 180 3197 1761 3278">
    <p class='ocr_par' dir='ltr' id='par_1_62' title="bbox 180 3197 1761 3278">
     <span class='ocr_line' id='line_1_62' title="bbox 180 3197 1761 3278; baseline -0.006 -20"><span class='ocrx_word' id='word_1_429' title='bbox 180 3207 504 3278; x_wconf 72' lang='grc' dir='ltr'>προϐάτων·</span> <span class='ocrx_word' id='word_1_430' title='bbox 543 3205 602 3268; x_wconf 83' lang='grc' dir='ltr'>ὃς</span> <span class='ocrx_word' id='word_1_431' title='bbox 655 3203 775 3265; x_wconf 74' lang='grc' dir='ltr'>ἑνὸς</span> <span class='ocrx_word' id='word_1_432' title='bbox 835 3200 1149 3272; x_wconf 81' lang='grc' dir='ltr'>θρέμματος</span> <span class='ocrx_word' id='word_1_433' title='bbox 1199 3197 1614 3267; x_wconf 83' lang='grc' dir='ltr'>ἁποσχισθέντος</span> <span class='ocrx_word' id='word_1_434' title='bbox 1664 3200 1761 3268; x_wconf 75' lang='grc' dir='ltr'>τῆς</span> 
     </span>
    </p>
   </div>
   <div class='ocr_carea' id='block_1_63' title="bbox 179 3287 1760 3367">
    <p class='ocr_par' dir='ltr' id='par_1_63' title="bbox 179 3287 1760 3367">
     <span class='ocr_line' id='line_1_63' title="bbox 179 3287 1760 3367; baseline -0.007 -16"><span class='ocrx_word' id='word_1_435' title='bbox 179 3298 382 3367; x_wconf 74' lang='grc' dir='ltr'>ἀγέλης</span> <span class='ocrx_word' id='word_1_436' title='bbox 413 3296 508 3349; x_wconf 74' lang='grc' dir='ltr'><strong>καὶ</strong></span> <span class='ocrx_word' id='word_1_437' title='bbox 538 3292 909 3361; x_wconf 80' lang='grc' dir='ltr'>πλανωμένου,</span> <span class='ocrx_word' id='word_1_438' title='bbox 946 3291 1006 3342; x_wconf 80' lang='grc' dir='ltr'>οὐ</span> <span class='ocrx_word' id='word_1_439' title='bbox 1046 3293 1157 3351; x_wconf 87' lang='grc' dir='ltr'>τοῖς</span> <span class='ocrx_word' id='word_1_440' title='bbox 1191 3292 1247 3341; x_wconf 83' lang='grc' dir='ltr'>ὲν</span> <span class='ocrx_word' id='word_1_441' title='bbox 1277 3289 1428 3353; x_wconf 83' lang='grc' dir='ltr'>τάξει</span> <span class='ocrx_word' id='word_1_442' title='bbox 1463 3289 1555 3341; x_wconf 70' lang='grc' dir='ltr'>καὶ</span> <span class='ocrx_word' id='word_1_443' title='bbox 1584 3287 1760 3340; x_wconf 78' lang='grc' dir='ltr'>ἁπλα-</span> 
     </span>
    </p>
   </div>
   <div class='ocr_carea' id='block_1_64' title="bbox 177 3380 1762 3456">
    <p class='ocr_par' dir='ltr' id='par_1_64' title="bbox 177 3380 1762 3456">
     <span class='ocr_line' id='line_1_64' title="bbox 177 3380 1762 3456; baseline -0.008 -14"><span class='ocrx_word' id='word_1_444' title='bbox 177 3390 285 3452; x_wconf 84' lang='grc' dir='ltr'>νῶς</span> <span class='ocrx_word' id='word_1_445' title='bbox 310 3385 627 3456; x_wconf 74' lang='grc' dir='ltr'>νεμομένοις</span> <span class='ocrx_word' id='word_1_446' title='bbox 664 3385 991 3456; x_wconf 84' lang='grc' dir='ltr'>παρέμεινεν</span> <span class='ocrx_word' id='word_1_447' title='bbox 1067 3381 1179 3434; x_wconf 76' lang='grc' dir='ltr'>ἀλλ’</span> <span class='ocrx_word' id='word_1_448' title='bbox 1230 3381 1481 3452; x_wconf 82' lang='grc' dir='ltr'>ὁρμήσας</span> <span class='ocrx_word' id='word_1_449' title='bbox 1525 3380 1614 3432; x_wconf 70' lang='grc' dir='ltr'><strong>ἐπὶ</strong></span> <span class='ocrx_word' id='word_1_450' title='bbox 1666 3380 1762 3446; x_wconf 81' lang='grc' dir='ltr'><strong>τὴν</strong></span> 
     </span>
    </p>
   </div>
   <div class='ocr_carea' id='block_1_65' title="bbox 183 3471 1766 3549">
    <p class='ocr_par' dir='ltr' id='par_1_65' title="bbox 183 3471 1766 3549">
     <span class='ocr_line' id='line_1_65' title="bbox 183 3471 1766 3549; baseline -0.013 -7"><span class='ocrx_word' id='word_1_451' title='bbox 183 3481 428 3549; x_wconf 67' lang='grc' dir='ltr'>ζήτησιν,</span> <span class='ocrx_word' id='word_1_452' title='bbox 471 3473 672 3538; x_wconf 79' lang='grc' dir='ltr'>πολλὰς</span> <span class='ocrx_word' id='word_1_453' title='bbox 705 3474 804 3543; x_wconf 84' lang='grc' dir='ltr'>μὲν</span> <span class='ocrx_word' id='word_1_454' title='bbox 830 3473 1081 3526; x_wconf 79' lang='grc' dir='ltr'>διώδευσε</span> <span class='ocrx_word' id='word_1_455' title='bbox 1114 3471 1428 3539; x_wconf 83' lang='grc' dir='ltr'>κοιλότητάς</span> <span class='ocrx_word' id='word_1_456' title='bbox 1447 3488 1504 3522; x_wconf 90' lang='grc' dir='ltr'><strong>τε</strong></span> <span class='ocrx_word' id='word_1_457' title='bbox 1545 3471 1636 3523; x_wconf 73' lang='grc' dir='ltr'><strong>καὶ</strong></span> <span class='ocrx_word' id='word_1_458' title='bbox 1671 3471 1766 3538; x_wconf 82' lang='grc' dir='ltr'><strong>φά-</strong></span> 
     </span>
    </p>
   </div>
   <div class='ocr_carea' id='block_1_66' title="bbox 185 3561 1763 3639">
    <p class='ocr_par' dir='ltr' id='par_1_66' title="bbox 185 3561 1763 3639">
     <span class='ocr_line' id='line_1_66' title="bbox 185 3561 1763 3639; baseline -0.006 -16"><span class='ocrx_word' id='word_1_459' title='bbox 185 3585 416 3639; x_wconf 83' lang='grc' dir='ltr'>ραγγας,</span> <span class='ocrx_word' id='word_1_460' title='bbox 455 3567 704 3634; x_wconf 80' lang='grc' dir='ltr'>μεγάλων</span> <span class='ocrx_word' id='word_1_461' title='bbox 730 3565 788 3618; x_wconf 81' lang='grc' dir='ltr'>δὲ</span> <span class='ocrx_word' id='word_1_462' title='bbox 823 3565 915 3618; x_wconf 70' lang='grc' dir='ltr'>καὶ</span> <span class='ocrx_word' id='word_1_463' title='bbox 944 3562 1162 3632; x_wconf 61' lang='grc' dir='ltr'>ὑψηλῶν</span> <span class='ocrx_word' id='word_1_464' title='bbox 1192 3561 1534 3633; x_wconf 81' lang='grc' dir='ltr'>ὑπερηνέχθη</span> <span class='ocrx_word' id='word_1_465' title='bbox 1570 3562 1763 3614; x_wconf 82' lang='grc' dir='ltr'>σκοπέ-</span> 
     </span>
    </p>
   </div>
   <div class='ocr_carea' id='block_1_67' title="bbox 180 3654 1764 3729">
    <p class='ocr_par' dir='ltr' id='par_1_67' title="bbox 180 3654 1764 3729">
     <span class='ocr_line' id='line_1_67' title="bbox 180 3654 1764 3729; baseline -0.005 -16"><span class='ocrx_word' id='word_1_466' title='bbox 180 3661 311 3725; x_wconf 81' lang='grc' dir='ltr'>λων,</span> <span class='ocrx_word' id='word_1_467' title='bbox 356 3660 444 3712; x_wconf 73' lang='grc' dir='ltr'><strong>καὶ</strong></span> <span class='ocrx_word' id='word_1_468' title='bbox 496 3660 616 3720; x_wconf 83' lang='grc' dir='ltr'>ταῖς</span> <span class='ocrx_word' id='word_1_469' title='bbox 652 3657 906 3729; x_wconf 79' lang='grc' dir='ltr'>ἐρημίαις</span> <span class='ocrx_word' id='word_1_470' title='bbox 957 3655 1238 3725; x_wconf 80' lang='grc' dir='ltr'>καρτερῶς</span> <span class='ocrx_word' id='word_1_471' title='bbox 1292 3654 1640 3725; x_wconf 81' lang='grc' dir='ltr'>ὲνεμόχθησε,</span> <span class='ocrx_word' id='word_1_472' title='bbox 1668 3655 1764 3724; x_wconf 84' lang='grc' dir='ltr'><strong>μέ-</strong></span> 
     </span>
    </p>
   </div>
   <div class='ocr_carea' id='block_1_68' title="bbox 180 3744 1764 3822">
    <p class='ocr_par' dir='ltr' id='par_1_68' title="bbox 180 3744 1764 3822">
     <span class='ocr_line' id='line_1_68' title="bbox 180 3744 1764 3822; baseline -0.004 -19"><span class='ocrx_word' id='word_1_473' title='bbox 180 3769 305 3822; x_wconf 77' lang='grc' dir='ltr'>χρις</span> <span class='ocrx_word' id='word_1_474' title='bbox 365 3751 429 3803; x_wconf 79' lang='grc' dir='ltr'><strong>ἂν</strong></span> <span class='ocrx_word' id='word_1_475' title='bbox 456 3744 641 3820; x_wconf 73' lang='grc' dir='ltr'>ηὗρεν.</span> <span class='ocrx_word' id='word_1_476' title='bbox 683 3746 869 3821; x_wconf 84' lang='grc' dir='ltr'>Εὑρὼν</span> <span class='ocrx_word' id='word_1_477' title='bbox 893 3748 948 3801; x_wconf 82' lang='grc' dir='ltr'>δὲ</span> <span class='ocrx_word' id='word_1_478' title='bbox 992 3750 1089 3802; x_wconf 76' lang='grc' dir='ltr'>οὐκ</span> <span class='ocrx_word' id='word_1_479' title='bbox 1119 3746 1364 3816; x_wconf 74' lang='grc' dir='ltr'>ἔπληξεν,</span> <span class='ocrx_word' id='word_1_480' title='bbox 1401 3747 1461 3798; x_wconf 83' lang='grc' dir='ltr'>οὺ</span> <span class='ocrx_word' id='word_1_481' title='bbox 1505 3747 1609 3817; x_wconf 83' lang='grc' dir='ltr'>μὴν</span> <span class='ocrx_word' id='word_1_482' title='bbox 1644 3745 1764 3798; x_wconf 76' lang='grc' dir='ltr'>οὐδὲ</span> 
     </span>
    </p>
   </div>
   <div class='ocr_carea' id='block_1_69' title="bbox 181 3837 1765 3910">
    <p class='ocr_par' dir='ltr' id='par_1_69' title="bbox 181 3837 1765 3910">
     <span class='ocr_line' id='line_1_69' title="bbox 181 3837 1765 3910; baseline -0.004 -16"><span class='ocrx_word' id='word_1_483' title='bbox 181 3842 386 3910; x_wconf 65' lang='grc' dir='ltr'>ἤλασεν</span> <span class='ocrx_word' id='word_1_484' title='bbox 416 3837 662 3910; x_wconf 59' lang='grc' dir='ltr'>σψοδρῶς</span> <span class='ocrx_word' id='word_1_485' title='bbox 683 3837 915 3905; x_wconf 72' lang='grc' dir='ltr'>ἐπείγων</span> <span class='ocrx_word' id='word_1_486' title='bbox 941 3839 1074 3909; x_wconf 76' lang='grc' dir='ltr'>πρὸς</span> <span class='ocrx_word' id='word_1_487' title='bbox 1109 3837 1207 3906; x_wconf 85' lang='grc' dir='ltr'>τὴν</span> <span class='ocrx_word' id='word_1_488' title='bbox 1238 3837 1468 3906; x_wconf 80' lang='grc' dir='ltr'>ἀγέλην·</span> <span class='ocrx_word' id='word_1_489' title='bbox 1509 3837 1621 3889; x_wconf 82' lang='grc' dir='ltr'>ἀλλ’</span> <span class='ocrx_word' id='word_1_490' title='bbox 1654 3839 1765 3887; x_wconf 78' lang='grc' dir='ltr'>ἐπι-</span> 
     </span>
    </p>
   </div>
   <div class='ocr_carea' id='block_1_70' title="bbox 179 3925 1764 3998">
    <p class='ocr_par' dir='ltr' id='par_1_70' title="bbox 179 3925 1764 3998">
     <span class='ocr_line' id='line_1_70' title="bbox 179 3925 1764 3998; baseline -0.004 -15"><span class='ocrx_word' id='word_1_491' title='bbox 179 3929 299 3992; x_wconf 71' lang='grc' dir='ltr'>θεὶς</span> <span class='ocrx_word' id='word_1_492' title='bbox 328 3930 406 3998; x_wconf 83' lang='grc' dir='ltr'>τῷ</span> <span class='ocrx_word' id='word_1_493' title='bbox 441 3929 627 3998; x_wconf 62' lang='grc' dir='ltr'>αίδχόνι</span> <span class='ocrx_word' id='word_1_494' title='bbox 666 3929 760 3982; x_wconf 71' lang='grc' dir='ltr'><strong>καὶ</strong></span> <span class='ocrx_word' id='word_1_495' title='bbox 800 3929 1033 3997; x_wconf 78' lang='grc' dir='ltr'>κομίσας</span> <span class='ocrx_word' id='word_1_496' title='bbox 1068 3927 1205 3998; x_wconf 78' lang='grc' dir='ltr'>μετὰ</span> <span class='ocrx_word' id='word_1_497' title='bbox 1234 3925 1467 3994; x_wconf 83' lang='grc' dir='ltr'>φειδοῦς,</span> <span class='ocrx_word' id='word_1_498' title='bbox 1493 3929 1602 3988; x_wconf 86' lang='grc' dir='ltr'>τοῖς</span> <span class='ocrx_word' id='word_1_499' title='bbox 1649 3943 1764 3978; x_wconf 89' lang='grc' dir='ltr'>συν-</span> 
     </span>
    </p>
   </div>
   <div class='ocr_carea' id='block_1_71' title="bbox 153 4017 1759 4090">
    <p class='ocr_par' dir='ltr' id='par_1_71' title="bbox 153 4017 1759 4090">
     <span class='ocr_line' id='line_1_71' title="bbox 153 4017 1759 4090; baseline -0.002 -17"><span class='ocrx_word' id='word_1_500' title='bbox 153 4021 374 4090; x_wconf 80' lang='grc' dir='ltr'>’νόμοις</span> <span class='ocrx_word' id='word_1_501' title='bbox 400 4019 861 4090; x_wconf 72' lang='grc' dir='ltr'>ἀπεκατέστησεν,</span> <span class='ocrx_word' id='word_1_502' title='bbox 898 4021 1103 4088; x_wconf 83' lang='grc' dir='ltr'>χαίρων</span> <span class='ocrx_word' id='word_1_503' title='bbox 1155 4019 1242 4071; x_wconf 67' lang='grc' dir='ltr'><strong>ἐπ’</strong></span> <span class='ocrx_word' id='word_1_504' title='bbox 1264 4018 1455 4086; x_wconf 76' lang='grc' dir='ltr'>ἐκείνῳ</span> <span class='ocrx_word' id='word_1_505' title='bbox 1496 4017 1676 4082; x_wconf 87' lang='grc' dir='ltr'>πλέον,</span> <span class='ocrx_word' id='word_1_506' title='bbox 1728 4017 1759 4085; x_wconf 76' lang='grc' dir='ltr'><strong>ἦ</strong></span> 
     </span>
    </p>
   </div>
   <div class='ocr_carea' id='block_1_72' title="bbox 177 4109 1763 4181">
    <p class='ocr_par' dir='ltr' id='par_1_72' title="bbox 177 4109 1763 4181">
     <span class='ocr_line' id='line_1_72' title="bbox 177 4109 1763 4181; baseline -0.001 -18"><span class='ocrx_word' id='word_1_507' title='bbox 177 4111 263 4180; x_wconf 75' lang='grc' dir='ltr'>τῷ</span> <span class='ocrx_word' id='word_1_508' title='bbox 289 4111 482 4180; x_wconf 79' lang='grc' dir='ltr'>πλήθει</span> <span class='ocrx_word' id='word_1_509' title='bbox 522 4110 629 4163; x_wconf 80' lang='grc' dir='ltr'><strong>τῶν</strong></span> <span class='ocrx_word' id='word_1_510' title='bbox 656 4109 849 4165; x_wconf 75' lang='grc' dir='ltr'>ἄλλων.</span> <span class='ocrx_word' id='word_1_511' title='bbox 910 4111 1205 4181; x_wconf 81' lang='grc' dir='ltr'>Νοήσωμεν</span> <span class='ocrx_word' id='word_1_512' title='bbox 1236 4109 1413 4163; x_wconf 75' lang='grc' dir='ltr'>τοίνυν</span> <span class='ocrx_word' id='word_1_513' title='bbox 1445 4110 1505 4162; x_wconf 80' lang='grc' dir='ltr'>τὸ</span> <span class='ocrx_word' id='word_1_514' title='bbox 1535 4109 1763 4178; x_wconf 78' lang='grc' dir='ltr'>πρᾶγμα</span> 
     </span>
    </p>
   </div>
   <div class='ocr_carea' id='block_1_73' title="bbox 181 4204 1763 4278">
    <p class='ocr_par' dir='ltr' id='par_1_73' title="bbox 181 4204 1763 4278">
     <span class='ocr_line' id='line_1_73' title="bbox 181 4204 1763 4278; baseline -0.001 -21"><span class='ocrx_word' id='word_1_515' title='bbox 181 4205 249 4258; x_wconf 73' lang='grc' dir='ltr'>τὸ</span> <span class='ocrx_word' id='word_1_516' title='bbox 274 4207 387 4268; x_wconf 65' lang='grc' dir='ltr'>τοῖς</span> <span class='ocrx_word' id='word_1_517' title='bbox 416 4208 732 4278; x_wconf 80' lang='grc' dir='ltr'>αἰνίγμασιν</span> <span class='ocrx_word' id='word_1_518' title='bbox 761 4206 1200 4277; x_wconf 79' lang='grc' dir='ltr'>ὲγκρυπτόμενον</span> <span class='ocrx_word' id='word_1_519' title='bbox 1218 4222 1229 4235; x_wconf 92' lang='grc'><strong>·</strong></span> <span class='ocrx_word' id='word_1_520' title='bbox 1270 4207 1330 4258; x_wconf 82' lang='grc' dir='ltr'>τὸ</span> <span class='ocrx_word' id='word_1_521' title='bbox 1357 4207 1466 4274; x_wconf 85' lang='grc' dir='ltr'>γὰρ</span> <span class='ocrx_word' id='word_1_522' title='bbox 1493 4204 1763 4276; x_wconf 78' lang='grc' dir='ltr'>πρόϐατον</span> 
     </span>
    </p>
   </div>
   <div class='ocr_carea' id='block_1_74' title="bbox 180 4295 1764 4368">
    <p class='ocr_par' dir='ltr' id='par_1_74' title="bbox 180 4295 1764 4368">
     <span class='ocr_line' id='line_1_74' title="bbox 180 4295 1764 4368; baseline 0 -20"><span class='ocrx_word' id='word_1_523' title='bbox 180 4297 286 4348; x_wconf 67' lang='grc' dir='ltr'><strong>οὐκ</strong></span> <span class='ocrx_word' id='word_1_524' title='bbox 324 4297 490 4360; x_wconf 73' lang='grc' dir='ltr'>ὅντως</span> <span class='ocrx_word' id='word_1_525' title='bbox 536 4297 808 4368; x_wconf 73' lang='grc' dir='ltr'>πρόϐατον</span> <span class='ocrx_word' id='word_1_526' title='bbox 831 4314 845 4328; x_wconf 78' lang='grc' dir='ltr'><strong>ο</strong></span> <span class='ocrx_word' id='word_1_527' title='bbox 885 4299 978 4350; x_wconf 74' lang='grc' dir='ltr'><strong>καὶ</strong></span> <span class='ocrx_word' id='word_1_528' title='bbox 1010 4300 1037 4350; x_wconf 88' lang='grc' dir='ltr'><strong>ό</strong></span> <span class='ocrx_word' id='word_1_529' title='bbox 1069 4296 1268 4367; x_wconf 75' lang='grc' dir='ltr'>ποιμὴν</span> <span class='ocrx_word' id='word_1_530' title='bbox 1297 4297 1354 4350; x_wconf 80' lang='grc' dir='ltr'>δὲ</span> <span class='ocrx_word' id='word_1_531' title='bbox 1393 4297 1608 4358; x_wconf 85' lang='grc' dir='ltr'>πάντως</span> <span class='ocrx_word' id='word_1_532' title='bbox 1637 4295 1764 4349; x_wconf 83' lang='grc' dir='ltr'>ἄλλο</span> 
     </span>
    </p>
   </div>
   <div class='ocr_carea' id='block_1_75' title="bbox 180 4385 1762 4458">
    <p class='ocr_par' dir='ltr' id='par_1_75' title="bbox 180 4385 1762 4458">
     <span class='ocr_line' id='line_1_75' title="bbox 180 4385 1762 4458; baseline -0.001 -20"><span class='ocrx_word' id='word_1_533' title='bbox 180 4402 263 4446; x_wconf 73' lang='grc' dir='ltr'><strong>τι,</strong></span> <span class='ocrx_word' id='word_1_534' title='bbox 290 4387 352 4438; x_wconf 78' lang='grc' dir='ltr'>οὐ</span> <span class='ocrx_word' id='word_1_535' title='bbox 393 4389 496 4458; x_wconf 79' lang='grc' dir='ltr'>μὴν</span> <span class='ocrx_word' id='word_1_536' title='bbox 534 4390 561 4440; x_wconf 87' lang='grc' dir='ltr'><strong>ό</strong></span> <span class='ocrx_word' id='word_1_537' title='bbox 607 4387 715 4441; x_wconf 81' lang='grc' dir='ltr'><strong>τῶν</strong></span> <span class='ocrx_word' id='word_1_538' title='bbox 749 4388 957 4454; x_wconf 84' lang='grc' dir='ltr'>ἀλόγων</span> <span class='ocrx_word' id='word_1_539' title='bbox 981 4386 1208 4456; x_wconf 85' lang='grc' dir='ltr'>νομεύς·</span> <span class='ocrx_word' id='word_1_540' title='bbox 1243 4387 1356 4440; x_wconf 85' lang='grc' dir='ltr'>ἀλλ’</span> <span class='ocrx_word' id='word_1_541' title='bbox 1384 4387 1530 4440; x_wconf 79' lang='grc' dir='ltr'>ἐστιν</span> <span class='ocrx_word' id='word_1_542' title='bbox 1564 4385 1762 4439; x_wconf 84' lang='grc' dir='ltr'>ὑποδεί-</span> 
     </span>
    </p>
   </div>
   <div class='ocr_carea' id='block_1_76' title="bbox 180 4464 1835 4545">
    <p class='ocr_par' dir='ltr' id='par_1_76' title="bbox 180 4464 1835 4545">
     <span class='ocr_line' id='line_1_76' title="bbox 180 4464 1835 4545; baseline 0.001 -16"><span class='ocrx_word' id='word_1_543' title='bbox 180 4493 376 4545; x_wconf 82' lang='grc' dir='ltr'>γματα</span> <span class='ocrx_word' id='word_1_544' title='bbox 401 4476 570 4529; x_wconf 85' lang='grc' dir='ltr'>ταῦτα</span> <span class='ocrx_word' id='word_1_545' title='bbox 608 4479 717 4529; x_wconf 82' lang='grc' dir='ltr'>τῶν</span> <span class='ocrx_word' id='word_1_546' title='bbox 776 4478 961 4545; x_wconf 73' lang='grc' dir='ltr'>ἱερέων</span> <span class='ocrx_word' id='word_1_547' title='bbox 999 4478 1316 4531; x_wconf 78' lang='grc' dir='ltr'>παιδευτικά</span> <span class='ocrx_word' id='word_1_548' title='bbox 1339 4494 1353 4508; x_wconf 88' lang='grc'><strong>·</strong></span> <span class='ocrx_word' id='word_1_549' title='bbox 1403 4478 1485 4530; x_wconf 78' lang='grc' dir='ltr'><strong>ἵνα</strong></span> <span class='ocrx_word' id='word_1_550' title='bbox 1513 4477 1621 4528; x_wconf 83' lang='grc' dir='ltr'><strong>τῶν</strong></span> <span class='ocrx_word' id='word_1_551' title='bbox 1673 4477 1759 4530; x_wconf 63' lang='grc' dir='ltr'><strong>ἀνι</strong></span> <span class='ocrx_word' id='word_1_552' title='bbox 1791 4464 1835 4519; x_wconf 78' lang='grc' dir='ltr'>Ῑ)</span> 
     </span>
    </p>
   </div>
   <div class='ocr_carea' id='block_1_77' title="bbox 180 4561 1757 4636">
    <p class='ocr_par' dir='ltr' id='par_1_77' title="bbox 180 4561 1757 4636">
     <span class='ocr_line' id='line_1_77' title="bbox 180 4561 1757 4636; baseline 0.001 -21"><span class='ocrx_word' id='word_1_553' title='bbox 180 4561 420 4634; x_wconf 58' lang='lat' dir='ltr'><strong>epam</strong></span> <span class='ocrx_word' id='word_1_554' title='bbox 448 4567 584 4634; x_wconf 81' lang='grc' dir='ltr'>μήτε</span> <span class='ocrx_word' id='word_1_555' title='bbox 624 4564 925 4635; x_wconf 80' lang='grc' dir='ltr'>προχείρως</span> <span class='ocrx_word' id='word_1_556' title='bbox 954 4564 1357 4635; x_wconf 78' lang='grc' dir='ltr'>ἀπελπίζωμεν,</span> <span class='ocrx_word' id='word_1_557' title='bbox 1387 4567 1519 4635; x_wconf 86' lang='grc' dir='ltr'>μήτε</span> <span class='ocrx_word' id='word_1_558' title='bbox 1556 4568 1757 4636; x_wconf 82' lang='grc' dir='ltr'>καταῤ-</span> 
     </span>
    </p>
   </div>
   <div class='ocr_carea' id='block_1_78' title="bbox 176 4653 1752 4726">
    <p class='ocr_par' dir='ltr' id='par_1_78' title="bbox 176 4653 1752 4726">
     <span class='ocr_line' id='line_1_78' title="bbox 176 4653 1752 4726; baseline 0.002 -20"><span class='ocrx_word' id='word_1_559' title='bbox 176 4653 516 4724; x_wconf 69' lang='grc' dir='ltr'>ῥᾳθυμῶμεν</span> <span class='ocrx_word' id='word_1_560' title='bbox 543 4655 975 4708; x_wconf 82' lang='grc' dir='ltr'>γινδυνευόντων.</span> <span class='ocrx_word' id='word_1_561' title='bbox 1009 4654 1266 4726; x_wconf 76' lang='grc' dir='ltr'>Ζητῶμεν</span> <span class='ocrx_word' id='word_1_562' title='bbox 1294 4655 1351 4708; x_wconf 84' lang='grc' dir='ltr'>δὲ</span> <span class='ocrx_word' id='word_1_563' title='bbox 1390 4657 1481 4708; x_wconf 83' lang='grc' dir='ltr'><strong>τὸν</strong></span> <span class='ocrx_word' id='word_1_564' title='bbox 1511 4656 1752 4726; x_wconf 75' lang='grc' dir='ltr'>ἐμπαθῆ,</span> 
     </span>
    </p>
   </div>
   <div class='ocr_carea' id='block_1_79' title="bbox 177 4746 1756 4820">
    <p class='ocr_par' dir='ltr' id='par_1_79' title="bbox 177 4746 1756 4820">
     <span class='ocr_line' id='line_1_79' title="bbox 177 4746 1756 4820; baseline 0.003 -24"><span class='ocrx_word' id='word_1_565' title='bbox 177 4747 280 4796; x_wconf 79' lang='grc' dir='ltr'>καί</span> <span class='ocrx_word' id='word_1_566' title='bbox 307 4747 666 4816; x_wconf 71' lang='grc' dir='ltr'>ἐπανάγωμεν</span> <span class='ocrx_word' id='word_1_567' title='bbox 695 4748 773 4808; x_wconf 87' lang='grc' dir='ltr'><strong>είς</strong></span> <span class='ocrx_word' id='word_1_568' title='bbox 819 4746 993 4812; x_wconf 78' lang='grc' dir='ltr'>τάξιν,</span> <span class='ocrx_word' id='word_1_569' title='bbox 1042 4748 1134 4800; x_wconf 76' lang='grc' dir='ltr'><strong>καὶ</strong></span> <span class='ocrx_word' id='word_1_570' title='bbox 1164 4747 1434 4819; x_wconf 87' lang='grc' dir='ltr'>χαίρωμεν</span> <span class='ocrx_word' id='word_1_571' title='bbox 1463 4751 1574 4811; x_wconf 77' lang='grc' dir='ltr'>τοῖς</span> <span class='ocrx_word' id='word_1_572' title='bbox 1600 4749 1756 4820; x_wconf 84' lang='grc' dir='ltr'>στρέ-</span> 
     </span>
    </p>
   </div>
   <div class='ocr_carea' id='block_1_80' title="bbox 176 4837 1754 4908">
    <p class='ocr_par' dir='ltr' id='par_1_80' title="bbox 176 4837 1754 4908">
     <span class='ocr_line' id='line_1_80' title="bbox 176 4837 1754 4908; baseline 0.004 -22"><span class='ocrx_word' id='word_1_573' title='bbox 176 4853 395 4902; x_wconf 69' lang='grc' dir='ltr'>φονσιν,</span> <span class='ocrx_word' id='word_1_574' title='bbox 430 4840 521 4890; x_wconf 71' lang='grc' dir='ltr'><strong>καὶ</strong></span> <span class='ocrx_word' id='word_1_575' title='bbox 542 4838 622 4907; x_wconf 84' lang='grc' dir='ltr'>τῷ</span> <span class='ocrx_word' id='word_1_576' title='bbox 648 4837 972 4908; x_wconf 83' lang='grc' dir='ltr'>πληρώματι</span> <span class='ocrx_word' id='word_1_577' title='bbox 998 4840 1106 4891; x_wconf 80' lang='grc' dir='ltr'>τῶν</span> <span class='ocrx_word' id='word_1_578' title='bbox 1138 4839 1310 4908; x_wconf 77' lang='grc' dir='ltr'>ὀρθῶς</span> <span class='ocrx_word' id='word_1_579' title='bbox 1334 4839 1588 4908; x_wconf 78' lang='grc' dir='ltr'>βιούντων</span> <span class='ocrx_word' id='word_1_580' title='bbox 1623 4844 1754 4893; x_wconf 83' lang='grc' dir='ltr'>ἁνα-</span> 
     </span>
    </p>
   </div>
   <div class='ocr_carea' id='block_1_81' title="bbox 179 4928 519 4998">
    <p class='ocr_par' dir='ltr' id='par_1_81' title="bbox 179 4928 519 4998">
     <span class='ocr_line' id='line_1_81' title="bbox 179 4928 519 4998; baseline 0.015 -22"><span class='ocrx_word' id='word_1_581' title='bbox 179 4928 519 4998; x_wconf 71' lang='grc' dir='ltr'>μιγνύωμεν.</span> 
     </span>
    </p>
   </div>
   <div class='ocr_carea' id='block_1_82' title="bbox 1869 3201 3440 3278">
    <p class='ocr_par' dir='ltr' id='par_1_82' title="bbox 1869 3201 3440 3278">
     <span class='ocr_line' id='line_1_82' title="bbox 1869 3201 3440 3278; baseline 0.006 -25"><span class='ocrx_word' id='word_1_582' title='bbox 1869 3201 2068 3254; x_wconf 83' lang='lat' dir='ltr'><strong>niinem</strong></span> <span class='ocrx_word' id='word_1_583' title='bbox 2101 3210 2371 3270; x_wconf 86' lang='lat' dir='ltr'><strong>pastorem</strong></span> <span class='ocrx_word' id='word_1_584' title='bbox 2422 3203 2442 3233; x_wconf 88' lang='grc'><em>³</em></span> <span class='ocrx_word' id='word_1_585' title='bbox 2467 3245 2480 3266; x_wconf 85' lang='grc'><strong>,</strong></span> <span class='ocrx_word' id='word_1_586' title='bbox 2521 3203 2610 3271; x_wconf 87' lang='lat' dir='ltr'><strong>qui</strong></span> <span class='ocrx_word' id='word_1_587' title='bbox 2662 3219 2781 3257; x_wconf 90' lang='lat' dir='ltr'><strong>cum</strong></span> <span class='ocrx_word' id='word_1_588' title='bbox 2814 3204 3025 3259; x_wconf 87' lang='lat' dir='ltr'><strong>illarum</strong></span> <span class='ocrx_word' id='word_1_589' title='bbox 3061 3221 3165 3262; x_wconf 83' lang='lat' dir='ltr'><strong>una</strong></span> <span class='ocrx_word' id='word_1_590' title='bbox 3201 3221 3227 3258; x_wconf 89' lang='lat' dir='ltr'><strong>a</strong></span> <span class='ocrx_word' id='word_1_591' title='bbox 3277 3223 3440 3278; x_wconf 81' lang='lat' dir='ltr'><strong>grege</strong></span> 
     </span>
    </p>
   </div>
   <div class='ocr_carea' id='block_1_83' title="bbox 1865 3295 3438 3367">
    <p class='ocr_par' dir='ltr' id='par_1_83' title="bbox 1865 3295 3438 3367">
     <span class='ocr_line' id='line_1_83' title="bbox 1865 3295 3438 3367; baseline 0.004 -21"><span class='ocrx_word' id='word_1_592' title='bbox 1865 3295 2226 3357; x_wconf 88' lang='lat' dir='ltr'><strong>discessisset,</strong></span> <span class='ocrx_word' id='word_1_593' title='bbox 2264 3302 2317 3348; x_wconf 85' lang='lat' dir='ltr'><strong>et</strong></span> <span class='ocrx_word' id='word_1_594' title='bbox 2362 3297 2666 3350; x_wconf 86' lang='lat' dir='ltr'><strong>errabunda</strong></span> <span class='ocrx_word' id='word_1_595' title='bbox 2717 3308 3037 3367; x_wconf 86' lang='lat' dir='ltr'><strong>vagaretur,</strong></span> <span class='ocrx_word' id='word_1_596' title='bbox 3096 3315 3200 3353; x_wconf 88' lang='lat' dir='ltr'><strong>non</strong></span> <span class='ocrx_word' id='word_1_597' title='bbox 3240 3303 3438 3356; x_wconf 85' lang='lat' dir='ltr'><strong>mansit</strong></span> 
     </span>
    </p>
   </div>
   <div class='ocr_carea' id='block_1_84' title="bbox 1867 3384 3436 3457">
    <p class='ocr_par' dir='ltr' id='par_1_84' title="bbox 1867 3384 3436 3457">
     <span class='ocr_line' id='line_1_84' title="bbox 1867 3384 3436 3457; baseline 0.003 -21"><span class='ocrx_word' id='word_1_598' title='bbox 1867 3399 1988 3437; x_wconf 89' lang='lat' dir='ltr'><strong>cum</strong></span> <span class='ocrx_word' id='word_1_599' title='bbox 2028 3384 2154 3449; x_wconf 87' lang='lat' dir='ltr'><strong>illis,</strong></span> <span class='ocrx_word' id='word_1_600' title='bbox 2188 3400 2308 3454; x_wconf 73' lang='lat' dir='ltr'><strong>qua:</strong></span> <span class='ocrx_word' id='word_1_601' title='bbox 2340 3396 2616 3441; x_wconf 89' lang='lat' dir='ltr'><strong>servantes</strong></span> <span class='ocrx_word' id='word_1_602' title='bbox 2650 3388 2889 3442; x_wconf 83' lang='lat' dir='ltr'><strong>ordinem</strong></span> <span class='ocrx_word' id='word_1_603' title='bbox 2932 3388 3316 3457; x_wconf 82' lang='lat' dir='ltr'><strong>pascebantur;</strong></span> <span class='ocrx_word' id='word_1_604' title='bbox 3345 3391 3436 3442; x_wconf 75' lang='lat' dir='ltr'><strong>sed</strong></span> 
     </span>
    </p>
   </div>
   <div class='ocr_carea' id='block_1_85' title="bbox 1866 3470 3438 3546">
    <p class='ocr_par' dir='ltr' id='par_1_85' title="bbox 1866 3470 3438 3546">
     <span class='ocr_line' id='line_1_85' title="bbox 1866 3470 3438 3546; baseline 0.003 -19"><span class='ocrx_word' id='word_1_605' title='bbox 1866 3477 1933 3529; x_wconf 86' lang='lat' dir='ltr'><strong>ad</strong></span> <span class='ocrx_word' id='word_1_606' title='bbox 1982 3490 2100 3529; x_wconf 88' lang='lat' dir='ltr'><strong>eam</strong></span> <span class='ocrx_word' id='word_1_607' title='bbox 2143 3470 2522 3543; x_wconf 83' lang='lat' dir='ltr'><strong>requirendam</strong></span> <span class='ocrx_word' id='word_1_608' title='bbox 2573 3477 2863 3546; x_wconf 79' lang='lat' dir='ltr'><strong>profectus,</strong></span> <span class='ocrx_word' id='word_1_609' title='bbox 2899 3479 3098 3532; x_wconf 79' lang='lat' dir='ltr'><strong>multas</strong></span> <span class='ocrx_word' id='word_1_610' title='bbox 3139 3479 3302 3532; x_wconf 88' lang='lat' dir='ltr'><strong>valles</strong></span> <span class='ocrx_word' id='word_1_611' title='bbox 3331 3479 3438 3532; x_wconf 65' lang='lat' dir='ltr'><strong>salo</strong></span> 
     </span>
    </p>
   </div>
   <div class='ocr_carea' id='block_1_86' title="bbox 1868 3568 3438 3636">
    <p class='ocr_par' dir='ltr' id='par_1_86' title="bbox 1868 3568 3438 3636">
     <span class='ocr_line' id='line_1_86' title="bbox 1868 3568 3438 3636; baseline 0.005 -19"><span class='ocrx_word' id='word_1_612' title='bbox 1868 3576 2058 3635; x_wconf 85' lang='lat' dir='ltr'><strong>tusque</strong></span> <span class='ocrx_word' id='word_1_613' title='bbox 2104 3568 2416 3634; x_wconf 82' lang='lat' dir='ltr'><strong>superavit,</strong></span> <span class='ocrx_word' id='word_1_614' title='bbox 2473 3582 2699 3636; x_wconf 88' lang='lat' dir='ltr'><strong>magnos</strong></span> <span class='ocrx_word' id='word_1_615' title='bbox 2758 3577 2920 3636; x_wconf 86' lang='lat' dir='ltr'><strong>atque</strong></span> <span class='ocrx_word' id='word_1_616' title='bbox 2968 3570 3166 3625; x_wconf 86' lang='lat' dir='ltr'><strong>arduos</strong></span> <span class='ocrx_word' id='word_1_617' title='bbox 3227 3581 3438 3625; x_wconf 87' lang='lat' dir='ltr'><strong>montes</strong></span> 
     </span>
    </p>
   </div>
   <div class='ocr_carea' id='block_1_87' title="bbox 1868 3657 3435 3728">
    <p class='ocr_par' dir='ltr' id='par_1_87' title="bbox 1868 3657 3435 3728">
     <span class='ocr_line' id='line_1_87' title="bbox 1868 3657 3435 3728; baseline 0.003 -20"><span class='ocrx_word' id='word_1_618' title='bbox 1868 3659 2217 3719; x_wconf 86' lang='lat' dir='ltr'><strong>transcendit,</strong></span> <span class='ocrx_word' id='word_1_619' title='bbox 2251 3657 2304 3710; x_wconf 91' lang='lat' dir='ltr'><strong>in</strong></span> <span class='ocrx_word' id='word_1_620' title='bbox 2342 3657 2718 3712; x_wconf 85' lang='lat' dir='ltr'><strong>solitudinibus</strong></span> <span class='ocrx_word' id='word_1_621' title='bbox 2745 3659 3088 3728; x_wconf 88' lang='lat' dir='ltr'><strong>peragrando</strong></span> <span class='ocrx_word' id='word_1_622' title='bbox 3127 3660 3289 3715; x_wconf 91' lang='lat' dir='ltr'><strong>multo</strong></span> <span class='ocrx_word' id='word_1_623' title='bbox 3315 3677 3435 3715; x_wconf 88' lang='lat' dir='ltr'><strong>cum</strong></span> 
     </span>
    </p>
   </div>
   <div class='ocr_carea' id='block_1_88' title="bbox 1869 3748 3436 3818">
    <p class='ocr_par' dir='ltr' id='par_1_88' title="bbox 1869 3748 3436 3818">
     <span class='ocr_line' id='line_1_88' title="bbox 1869 3748 3436 3818; baseline 0.004 -19"><span class='ocrx_word' id='word_1_624' title='bbox 1869 3748 2051 3802; x_wconf 83' lang='lat' dir='ltr'><strong>labore</strong></span> <span class='ocrx_word' id='word_1_625' title='bbox 2091 3748 2273 3801; x_wconf 88' lang='lat' dir='ltr'><strong>tandiu</strong></span> <span class='ocrx_word' id='word_1_626' title='bbox 2329 3748 2733 3818; x_wconf 85' lang='lat' dir='ltr'><strong>pervestigavit,</strong></span> <span class='ocrx_word' id='word_1_627' title='bbox 2779 3748 2950 3803; x_wconf 91' lang='lat' dir='ltr'><strong>donec</strong></span> <span class='ocrx_word' id='word_1_628' title='bbox 2975 3760 3244 3805; x_wconf 85' lang='lat' dir='ltr'><strong>errantem</strong></span> <span class='ocrx_word' id='word_1_629' title='bbox 3288 3753 3436 3806; x_wconf 74' lang='lat' dir='ltr'><strong>inve~</strong></span> 
     </span>
    </p>
   </div>
   <div class='ocr_carea' id='block_1_89' title="bbox 1874 3835 3435 3910">
    <p class='ocr_par' dir='ltr' id='par_1_89' title="bbox 1874 3835 3435 3910">
     <span class='ocr_line' id='line_1_89' title="bbox 1874 3835 3435 3910; baseline 0.003 -18"><span class='ocrx_word' id='word_1_630' title='bbox 1874 3835 2282 3893; x_wconf 63' lang='grc' dir='ltr'><strong>ιιίι.1ηῡειιιοηι</strong></span> <span class='ocrx_word' id='word_1_631' title='bbox 2317 3848 2496 3894; x_wconf 88' lang='lat' dir='ltr'><strong>autem</strong></span> <span class='ocrx_word' id='word_1_632' title='bbox 2543 3855 2649 3894; x_wconf 91' lang='lat' dir='ltr'><strong>non</strong></span> <span class='ocrx_word' id='word_1_633' title='bbox 2696 3839 3018 3905; x_wconf 72' lang='lat' dir='ltr'><strong>verberavit,</strong></span> <span class='ocrx_word' id='word_1_634' title='bbox 3053 3855 3150 3896; x_wconf 89' lang='lat' dir='ltr'><strong>nec</strong></span> <span class='ocrx_word' id='word_1_635' title='bbox 3195 3847 3435 3910; x_wconf 80' lang='lat' dir='ltr'><strong>urgendo</strong></span> 
     </span>
    </p>
   </div>
   <div class='ocr_carea' id='block_1_90' title="bbox 1867 3929 3435 4001">
    <p class='ocr_par' dir='ltr' id='par_1_90' title="bbox 1867 3929 3435 4001">
     <span class='ocr_line' id='line_1_90' title="bbox 1867 3929 3435 4001; baseline 0.004 -20"><span class='ocrx_word' id='word_1_636' title='bbox 1867 3930 2236 3985; x_wconf 87' lang='lat' dir='ltr'><strong>vehementius</strong></span> <span class='ocrx_word' id='word_1_637' title='bbox 2259 3929 2325 3981; x_wconf 88' lang='lat' dir='ltr'><strong>ad</strong></span> <span class='ocrx_word' id='word_1_638' title='bbox 2366 3944 2580 4000; x_wconf 88' lang='lat' dir='ltr'><strong>gregem</strong></span> <span class='ocrx_word' id='word_1_639' title='bbox 2613 3931 2890 4001; x_wconf 89' lang='lat' dir='ltr'><strong>compulit,</strong></span> <span class='ocrx_word' id='word_1_640' title='bbox 2933 3933 3027 3986; x_wconf 88' lang='lat' dir='ltr'><strong>sed</strong></span> <span class='ocrx_word' id='word_1_641' title='bbox 3060 3934 3298 3988; x_wconf 88' lang='lat' dir='ltr'><strong>humeris</strong></span> <span class='ocrx_word' id='word_1_642' title='bbox 3324 3937 3435 3988; x_wconf 84' lang='lat' dir='ltr'><strong>suis</strong></span> 
     </span>
    </p>
   </div>
   <div class='ocr_carea' id='block_1_91' title="bbox 1867 4019 3432 4093">
    <p class='ocr_par' dir='ltr' id='par_1_91' title="bbox 1867 4019 3432 4093">
     <span class='ocr_line' id='line_1_91' title="bbox 1867 4019 3432 4093; baseline 0.001 -18"><span class='ocrx_word' id='word_1_643' title='bbox 1867 4020 2191 4089; x_wconf 88' lang='lat' dir='ltr'><strong>impositam,</strong></span> <span class='ocrx_word' id='word_1_644' title='bbox 2222 4027 2275 4072; x_wconf 86' lang='lat' dir='ltr'><strong>et</strong></span> <span class='ocrx_word' id='word_1_645' title='bbox 2306 4019 2496 4074; x_wconf 89' lang='lat' dir='ltr'><strong>leniter</strong></span> <span class='ocrx_word' id='word_1_646' title='bbox 2525 4027 2813 4076; x_wconf 74' lang='lat' dir='ltr'><strong>tractatam</strong></span> <span class='ocrx_word' id='word_1_647' title='bbox 2846 4022 2910 4076; x_wconf 83' lang='lat' dir='ltr'><strong>ad</strong></span> <span class='ocrx_word' id='word_1_648' title='bbox 2932 4037 3145 4092; x_wconf 87' lang='lat' dir='ltr'><strong>gregem</strong></span> <span class='ocrx_word' id='word_1_649' title='bbox 3181 4025 3432 4093; x_wconf 82' lang='lat' dir='ltr'><strong>gestavit,</strong></span> 
     </span>
    </p>
   </div>
   <div class='ocr_carea' id='block_1_92' title="bbox 1866 4110 3431 4185">
    <p class='ocr_par' dir='ltr' id='par_1_92' title="bbox 1866 4110 3431 4185">
     <span class='ocr_line' id='line_1_92' title="bbox 1866 4110 3431 4185; baseline 0.001 -18"><span class='ocrx_word' id='word_1_650' title='bbox 1866 4113 2126 4183; x_wconf 76' lang='lat' dir='ltr'><strong>majorem</strong></span> <span class='ocrx_word' id='word_1_651' title='bbox 2162 4127 2226 4166; x_wconf 80' lang='lat' dir='ltr'><strong>ex</strong></span> <span class='ocrx_word' id='word_1_652' title='bbox 2261 4127 2362 4164; x_wconf 90' lang='lat' dir='ltr'><strong>una</strong></span> <span class='ocrx_word' id='word_1_653' title='bbox 2397 4110 2486 4166; x_wconf 90' lang='lat' dir='ltr'><strong>illa</strong></span> <span class='ocrx_word' id='word_1_654' title='bbox 2542 4113 2775 4178; x_wconf 87' lang='lat' dir='ltr'><strong>inventa,</strong></span> <span class='ocrx_word' id='word_1_655' title='bbox 2813 4128 2972 4183; x_wconf 89' lang='lat' dir='ltr'><strong>quam</strong></span> <span class='ocrx_word' id='word_1_656' title='bbox 3014 4129 3077 4168; x_wconf 81' lang='lat' dir='ltr'><strong>ex</strong></span> <span class='ocrx_word' id='word_1_657' title='bbox 3109 4114 3431 4185; x_wconf 84' lang='lat' dir='ltr'><strong>reliquarum</strong></span> 
     </span>
    </p>
   </div>
   <div class='ocr_carea' id='block_1_93' title="bbox 1867 4202 3433 4272">
    <p class='ocr_par' dir='ltr' id='par_1_93' title="bbox 1867 4202 3433 4272">
     <span class='ocr_line' id='line_1_93' title="bbox 1867 4202 3433 4272; baseline 0.002 -15"><span class='ocrx_word' id='word_1_658' title='bbox 1867 4202 2232 4267; x_wconf 87' lang='lat' dir='ltr'><strong>multitudine,</strong></span> <span class='ocrx_word' id='word_1_659' title='bbox 2285 4202 2524 4257; x_wconf 67' lang='lat' dir='ltr'><strong>laetitiam</strong></span> <span class='ocrx_word' id='word_1_660' title='bbox 2577 4203 2897 4272; x_wconf 82' lang='lat' dir='ltr'><strong>percipiens.</strong></span> <span class='ocrx_word' id='word_1_661' title='bbox 2941 4202 3074 4258; x_wconf 83' lang='lat' dir='ltr'><strong>Rem</strong></span> <span class='ocrx_word' id='word_1_662' title='bbox 3105 4206 3433 4260; x_wconf 79' lang='lat' dir='ltr'><strong>obscuritate</strong></span> 
     </span>
    </p>
   </div>
   <div class='ocr_carea' id='block_1_94' title="bbox 1865 4294 3432 4363">
    <p class='ocr_par' dir='ltr' id='par_1_94' title="bbox 1865 4294 3432 4363">
     <span class='ocr_line' id='line_1_94' title="bbox 1865 4294 3432 4363; baseline -0.003 -10"><span class='ocrx_word' id='word_1_663' title='bbox 1865 4296 2229 4353; x_wconf 85' lang='lat' dir='ltr'><strong>similitudinis</strong></span> <span class='ocrx_word' id='word_1_664' title='bbox 2251 4294 2585 4358; x_wconf 88' lang='lat' dir='ltr'><strong>obvolutam,</strong></span> <span class='ocrx_word' id='word_1_665' title='bbox 2630 4303 2792 4363; x_wconf 86' lang='lat' dir='ltr'><strong>atque</strong></span> <span class='ocrx_word' id='word_1_666' title='bbox 2827 4295 3155 4350; x_wconf 87' lang='lat' dir='ltr'><strong>reconditam</strong></span> <span class='ocrx_word' id='word_1_667' title='bbox 3186 4296 3432 4350; x_wconf 89' lang='lat' dir='ltr'><strong>conside-</strong></span> 
     </span>
    </p>
   </div>
   <div class='ocr_carea' id='block_1_95' title="bbox 1868 4385 3434 4454">
    <p class='ocr_par' dir='ltr' id='par_1_95' title="bbox 1868 4385 3434 4454">
     <span class='ocr_line' id='line_1_95' title="bbox 1868 4385 3434 4454; baseline 0.001 -14"><span class='ocrx_word' id='word_1_668' title='bbox 1868 4403 2064 4443; x_wconf 90' lang='lat' dir='ltr'><strong>remus.</strong></span> <span class='ocrx_word' id='word_1_669' title='bbox 2094 4385 2223 4442; x_wconf 87' lang='lat' dir='ltr'><strong>Ovis</strong></span> <span class='ocrx_word' id='word_1_670' title='bbox 2265 4389 2380 4440; x_wconf 65' lang='lat' dir='ltr'><strong>Iiazc</strong></span> <span class='ocrx_word' id='word_1_671' title='bbox 2413 4401 2515 4439; x_wconf 92' lang='lat' dir='ltr'><strong>non</strong></span> <span class='ocrx_word' id='word_1_672' title='bbox 2547 4401 2700 4441; x_wconf 88' lang='lat' dir='ltr'><strong>ovem</strong></span> <span class='ocrx_word' id='word_1_673' title='bbox 2732 4387 2972 4450; x_wconf 88' lang='lat' dir='ltr'><strong>omnino,</strong></span> <span class='ocrx_word' id='word_1_674' title='bbox 3001 4402 3099 4442; x_wconf 89' lang='lat' dir='ltr'><strong>nec</strong></span> <span class='ocrx_word' id='word_1_675' title='bbox 3133 4397 3315 4454; x_wconf 86' lang='lat' dir='ltr'><strong>pastor</strong></span> <span class='ocrx_word' id='word_1_676' title='bbox 3346 4388 3434 4441; x_wconf 90' lang='lat' dir='ltr'><strong>ille</strong></span> 
     </span>
    </p>
   </div>
   <div class='ocr_carea' id='block_1_96' title="bbox 1866 4476 3434 4546">
    <p class='ocr_par' dir='ltr' id='par_1_96' title="bbox 1866 4476 3434 4546">
     <span class='ocr_line' id='line_1_96' title="bbox 1866 4476 3434 4546; baseline 0.003 -18"><span class='ocrx_word' id='word_1_677' title='bbox 1866 4477 2022 4544; x_wconf 88' lang='lat' dir='ltr'><strong>plane</strong></span> <span class='ocrx_word' id='word_1_678' title='bbox 2053 4487 2342 4546; x_wconf 87' lang='lat' dir='ltr'><strong>pastorem,</strong></span> <span class='ocrx_word' id='word_1_679' title='bbox 2388 4477 2480 4531; x_wconf 89' lang='lat' dir='ltr'><strong>sed</strong></span> <span class='ocrx_word' id='word_1_680' title='bbox 2529 4476 2674 4530; x_wconf 87' lang='lat' dir='ltr'><strong>aliud</strong></span> <span class='ocrx_word' id='word_1_681' title='bbox 2710 4476 2963 4544; x_wconf 85' lang='lat' dir='ltr'><strong>quiddam</strong></span> <span class='ocrx_word' id='word_1_682' title='bbox 2996 4477 3284 4546; x_wconf 77' lang='lat' dir='ltr'><strong>signiﬁcat.</strong></span> <span class='ocrx_word' id='word_1_683' title='bbox 3340 4478 3434 4532; x_wconf 88' lang='lat' dir='ltr'><strong>llis</strong></span> 
     </span>
    </p>
   </div>
   <div class='ocr_carea' id='block_1_97' title="bbox 1865 4567 3433 4636">
    <p class='ocr_par' dir='ltr' id='par_1_97' title="bbox 1865 4567 3433 4636">
     <span class='ocr_line' id='line_1_97' title="bbox 1865 4567 3433 4636; baseline 0.001 -14"><span class='ocrx_word' id='word_1_684' title='bbox 1865 4567 2124 4636; x_wconf 86' lang='lat' dir='ltr'><strong>exemplis</strong></span> <span class='ocrx_word' id='word_1_685' title='bbox 2162 4581 2330 4622; x_wconf 77' lang='lat' dir='ltr'><strong>sacrae</strong></span> <span class='ocrx_word' id='word_1_686' title='bbox 2359 4582 2445 4621; x_wconf 89' lang='lat' dir='ltr'><strong>res</strong></span> <span class='ocrx_word' id='word_1_687' title='bbox 2474 4568 2834 4621; x_wconf 90' lang='lat' dir='ltr'><strong>continentur.</strong></span> <span class='ocrx_word' id='word_1_688' title='bbox 2877 4567 2982 4622; x_wconf 74' lang='lat' dir='ltr'><strong>Nos</strong></span> <span class='ocrx_word' id='word_1_689' title='bbox 3019 4569 3163 4622; x_wconf 87' lang='lat' dir='ltr'><strong>enim</strong></span> <span class='ocrx_word' id='word_1_690' title='bbox 3192 4584 3433 4623; x_wconf 85' lang='lat' dir='ltr'><strong>commo—</strong></span> 
     </span>
    </p>
   </div>
   <div class='ocr_carea' id='block_1_98' title="bbox 1867 4658 3431 4726">
    <p class='ocr_par' dir='ltr' id='par_1_98' title="bbox 1867 4658 3431 4726">
     <span class='ocr_line' id='line_1_98' title="bbox 1867 4658 3431 4726; baseline -0.001 -12"><span class='ocrx_word' id='word_1_691' title='bbox 1867 4670 2014 4723; x_wconf 88' lang='lat' dir='ltr'><strong>nent,</strong></span> <span class='ocrx_word' id='word_1_692' title='bbox 2067 4673 2133 4712; x_wconf 91' lang='lat' dir='ltr'><strong>ne</strong></span> <span class='ocrx_word' id='word_1_693' title='bbox 2175 4658 2424 4713; x_wconf 85' lang='lat' dir='ltr'><strong>homines</strong></span> <span class='ocrx_word' id='word_1_694' title='bbox 2463 4672 2560 4726; x_wconf 93' lang='lat' dir='ltr'><strong>pro</strong></span> <span class='ocrx_word' id='word_1_695' title='bbox 2621 4658 2846 4726; x_wconf 92' lang='lat' dir='ltr'><strong>perditis</strong></span> <span class='ocrx_word' id='word_1_696' title='bbox 2882 4673 2946 4712; x_wconf 92' lang='lat' dir='ltr'><strong>ac</strong></span> <span class='ocrx_word' id='word_1_697' title='bbox 2981 4658 3282 4726; x_wconf 88' lang='lat' dir='ltr'><strong>desperatis</strong></span> <span class='ocrx_word' id='word_1_698' title='bbox 3333 4662 3431 4713; x_wconf 78' lang='lat' dir='ltr'><strong>lia-</strong></span> 
     </span>
    </p>
   </div>
   <div class='ocr_carea' id='block_1_99' title="bbox 1864 4747 3430 4817">
    <p class='ocr_par' dir='ltr' id='par_1_99' title="bbox 1864 4747 3430 4817">
     <span class='ocr_line' id='line_1_99' title="bbox 1864 4747 3430 4817; baseline -0.002 -12"><span class='ocrx_word' id='word_1_699' title='bbox 1864 4753 2105 4815; x_wconf 88' lang='lat' dir='ltr'><strong>beamus,</strong></span> <span class='ocrx_word' id='word_1_700' title='bbox 2136 4765 2269 4804; x_wconf 88' lang='lat' dir='ltr'><strong>neve</strong></span> <span class='ocrx_word' id='word_1_701' title='bbox 2301 4765 2392 4804; x_wconf 89' lang='lat' dir='ltr'><strong>eos</strong></span> <span class='ocrx_word' id='word_1_702' title='bbox 2416 4750 2466 4802; x_wconf 90' lang='lat' dir='ltr'><strong>in</strong></span> <span class='ocrx_word' id='word_1_703' title='bbox 2489 4747 2746 4816; x_wconf 86' lang='lat' dir='ltr'><strong>periculis</strong></span> <span class='ocrx_word' id='word_1_704' title='bbox 2773 4758 3052 4802; x_wconf 82' lang='lat' dir='ltr'><strong>versantes</strong></span> <span class='ocrx_word' id='word_1_705' title='bbox 3077 4749 3430 4817; x_wconf 83' lang='lat' dir='ltr'><strong>negligamus,</strong></span> 
     </span>
    </p>
   </div>
   <div class='ocr_carea' id='block_1_100' title="bbox 1865 4839 3428 4913">
    <p class='ocr_par' dir='ltr' id='par_1_100' title="bbox 1865 4839 3428 4913">
     <span class='ocr_line' id='line_1_100' title="bbox 1865 4839 3428 4913; baseline -0.004 -15"><span class='ocrx_word' id='word_1_706' title='bbox 1865 4853 1956 4898; x_wconf 89' lang='lat' dir='ltr'><strong>aut</strong></span> <span class='ocrx_word' id='word_1_707' title='bbox 1982 4857 2174 4913; x_wconf 89' lang='lat' dir='ltr'><strong>segnes</strong></span> <span class='ocrx_word' id='word_1_708' title='bbox 2206 4842 2371 4897; x_wconf 90' lang='lat' dir='ltr'><strong>simus</strong></span> <span class='ocrx_word' id='word_1_709' title='bbox 2403 4841 2467 4893; x_wconf 88' lang='lat' dir='ltr'><strong>ad</strong></span> <span class='ocrx_word' id='word_1_710' title='bbox 2519 4839 2798 4894; x_wconf 75' lang='lat' dir='ltr'><strong>ferendum</strong></span> <span class='ocrx_word' id='word_1_711' title='bbox 2833 4839 3109 4900; x_wconf 82' lang='lat' dir='ltr'><strong>auxilium,</strong></span> <span class='ocrx_word' id='word_1_712' title='bbox 3145 4842 3238 4892; x_wconf 88' lang='lat' dir='ltr'><strong>sed</strong></span> <span class='ocrx_word' id='word_1_713' title='bbox 3274 4853 3367 4892; x_wconf 89' lang='lat' dir='ltr'><strong>eos</strong></span> <span class='ocrx_word' id='word_1_714' title='bbox 3399 4855 3428 4891; x_wconf 90' lang='lat' dir='ltr'><strong>a</strong></span> 
     </span>
    </p>
   </div>
   <div class='ocr_carea' id='block_1_101' title="bbox 1865 4930 3424 4995">
    <p class='ocr_par' dir='ltr' id='par_1_101' title="bbox 1865 4930 3424 4995">
     <span class='ocr_line' id='line_1_101' title="bbox 1865 4930 3424 4995; baseline -0.004 -7"><span class='ocrx_word' id='word_1_715' title='bbox 1865 4947 2014 4992; x_wconf 82' lang='lat' dir='ltr'><strong>recta</strong></span> <span class='ocrx_word' id='word_1_716' title='bbox 2050 4934 2258 4987; x_wconf 83' lang='lat' dir='ltr'><strong>vivendi</strong></span> <span class='ocrx_word' id='word_1_717' title='bbox 2293 4933 2500 4985; x_wconf 90' lang='lat' dir='ltr'><strong>ratione</strong></span> <span class='ocrx_word' id='word_1_718' title='bbox 2527 4930 2888 4995; x_wconf 81' lang='lat' dir='ltr'><strong>deﬂectentes,</strong></span> <span class='ocrx_word' id='word_1_719' title='bbox 2913 4941 2967 4984; x_wconf 90' lang='lat' dir='ltr'><strong>et</strong></span> <span class='ocrx_word' id='word_1_720' title='bbox 2996 4941 3241 4983; x_wconf 88' lang='lat' dir='ltr'><strong>errantes</strong></span> <span class='ocrx_word' id='word_1_721' title='bbox 3264 4932 3424 4982; x_wconf 79' lang='lat' dir='ltr'><strong>redu—</strong></span> 
     </span>
    </p>
   </div>
   <div class='ocr_carea' id='block_1_102' title="bbox 175 5023 3429 5104">
    <p class='ocr_par' dir='ltr' id='par_1_102' title="bbox 175 5023 3429 5104">
     <span class='ocr_line' id='line_1_102' title="bbox 175 5023 3429 5104; baseline 0.001 -31"><span class='ocrx_word' id='word_1_722' title='bbox 175 5036 372 5074; x_wconf 79' lang='lat' dir='ltr'><strong>camus</strong></span> <span class='ocrx_word' id='word_1_723' title='bbox 403 5025 450 5074; x_wconf 89' lang='lat' dir='ltr'><strong>in</strong></span> <span class='ocrx_word' id='word_1_724' title='bbox 488 5023 627 5075; x_wconf 85' lang='lat' dir='ltr'><strong>viam</strong></span> <span class='ocrx_word' id='word_1_725' title='bbox 653 5064 668 5087; x_wconf 93' lang='lat'><strong>,</strong></span> <span class='ocrx_word' id='word_1_726' title='bbox 706 5039 998 5092; x_wconf 86' lang='lat' dir='ltr'><strong>eorumque</strong></span> <span class='ocrx_word' id='word_1_727' title='bbox 1046 5024 1288 5077; x_wconf 72' lang='lat' dir='ltr'><strong>lmtemur</strong></span> <span class='ocrx_word' id='word_1_728' title='bbox 1348 5027 1550 5090; x_wconf 84' lang='lat' dir='ltr'><strong>reditu,</strong></span> <span class='ocrx_word' id='word_1_729' title='bbox 1597 5041 1758 5098; x_wconf 87' lang='lat' dir='ltr'><strong>atque</strong></span> <span class='ocrx_word' id='word_1_730' title='bbox 1793 5034 1935 5104; x_wconf 86' lang='lat' dir='ltr'><strong>ipsos</strong></span> <span class='ocrx_word' id='word_1_731' title='bbox 1965 5048 2086 5087; x_wconf 88' lang='lat' dir='ltr'><strong>cum</strong></span> <span class='ocrx_word' id='word_1_732' title='bbox 2122 5033 2256 5086; x_wconf 87' lang='lat' dir='ltr'><strong>bene</strong></span> <span class='ocrx_word' id='word_1_733' title='bbox 2297 5028 2490 5097; x_wconf 85' lang='lat' dir='ltr'><strong>pieque</strong></span> <span class='ocrx_word' id='word_1_734' title='bbox 2562 5026 2853 5080; x_wconf 81' lang='lat' dir='ltr'><strong>viventium</strong></span> <span class='ocrx_word' id='word_1_735' title='bbox 2925 5025 3265 5079; x_wconf 89' lang='lat' dir='ltr'><strong>multitudine</strong></span> <span class='ocrx_word' id='word_1_736' title='bbox 3299 5040 3429 5080; x_wconf 89' lang='lat' dir='ltr'><strong>con-</strong></span> 
     </span>
    </p>
   </div>
   <div class='ocr_carea' id='block_1_103' title="bbox 169 5130 486 5183">
    <p class='ocr_par' dir='ltr' id='par_1_103' title="bbox 169 5130 486 5183">
     <span class='ocr_line' id='line_1_103' title="bbox 169 5130 486 5183; baseline 0.013 -19"><span class='ocrx_word' id='word_1_737' title='bbox 169 5130 486 5183; x_wconf 63' lang='grc' dir='ltr'>ιιιιιμηιιιε.</span> 
     </span>
    </p>
   </div>
   <div class='ocr_carea' id='block_1_104' title="bbox 267 5205 1754 5283">
    <p class='ocr_par' dir='ltr' id='par_1_104' title="bbox 267 5205 1754 5283">
     <span class='ocr_line' id='line_1_104' title="bbox 267 5205 1754 5283; baseline 0.006 -27"><span class='ocrx_word' id='word_1_738' title='bbox 267 5205 393 5256; x_wconf 71' lang='grc' dir='ltr'><strong>Ἐπὶ</strong></span> <span class='ocrx_word' id='word_1_739' title='bbox 445 5207 697 5259; x_wconf 77' lang='grc' dir='ltr'>τοσοῦτον</span> <span class='ocrx_word' id='word_1_740' title='bbox 747 5208 802 5260; x_wconf 80' lang='grc' dir='ltr'>δὲ</span> <span class='ocrx_word' id='word_1_741' title='bbox 852 5209 942 5264; x_wconf 72' lang='grc' dir='ltr'>τὸν</span> <span class='ocrx_word' id='word_1_742' title='bbox 985 5210 1133 5280; x_wconf 79' lang='grc' dir='ltr'>ἱερέα</span> <span class='ocrx_word' id='word_1_743' title='bbox 1172 5211 1445 5279; x_wconf 75' lang='grc' dir='ltr'>προσῆκεν</span> <span class='ocrx_word' id='word_1_744' title='bbox 1495 5215 1615 5265; x_wconf 77' lang='grc' dir='ltr'>ἀντὶ</span> <span class='ocrx_word' id='word_1_745' title='bbox 1658 5214 1754 5283; x_wconf 77' lang='grc' dir='ltr'><strong>τῆς</strong></span> 
     </span>
    </p>
   </div>
   <div class='ocr_carea' id='block_1_105' title="bbox 172 5296 1755 5370">
    <p class='ocr_par' dir='ltr' id='par_1_105' title="bbox 172 5296 1755 5370">
     <span class='ocr_line' id='line_1_105' title="bbox 172 5296 1755 5370; baseline 0.006 -25"><span class='ocrx_word' id='word_1_746' title='bbox 172 5296 483 5364; x_wconf 73' lang='grc' dir='ltr'>ἀποτομίας</span> <span class='ocrx_word' id='word_1_747' title='bbox 531 5299 629 5367; x_wconf 85' lang='grc' dir='ltr'><strong>τὴν</strong></span> <span class='ocrx_word' id='word_1_748' title='bbox 677 5298 1081 5370; x_wconf 77' lang='grc' dir='ltr'>φιλανθρωπίαν</span> <span class='ocrx_word' id='word_1_749' title='bbox 1128 5301 1337 5365; x_wconf 74' lang='grc' dir='ltr'>ἀσκεῖν,</span> <span class='ocrx_word' id='word_1_750' title='bbox 1385 5301 1522 5354; x_wconf 80' lang='grc' dir='ltr'>ὥστε</span> <span class='ocrx_word' id='word_1_751' title='bbox 1579 5303 1679 5355; x_wconf 78' lang='grc' dir='ltr'>κᾶν</span> <span class='ocrx_word' id='word_1_752' title='bbox 1728 5307 1755 5356; x_wconf 86' lang='grc' dir='ltr'>ὁ</span> 
     </span>
    </p>
   </div>
   <div class='ocr_carea' id='block_1_106' title="bbox 167 5387 1754 5466">
    <p class='ocr_par' dir='ltr' id='par_1_106' title="bbox 167 5387 1754 5466">
     <span class='ocr_line' id='line_1_106' title="bbox 167 5387 1754 5466; baseline 0.006 -30"><span class='ocrx_word' id='word_1_753' title='bbox 167 5387 457 5455; x_wconf 74' lang='grc' dir='ltr'>Δεσπότης</span> <span class='ocrx_word' id='word_1_754' title='bbox 511 5388 799 5441; x_wconf 81' lang='grc' dir='ltr'>ἐκκόπτειν</span> <span class='ocrx_word' id='word_1_755' title='bbox 837 5390 1030 5461; x_wconf 78' lang='grc' dir='ltr'>κελεύῃ</span> <span class='ocrx_word' id='word_1_756' title='bbox 1090 5390 1232 5456; x_wconf 73' lang='grc' dir='ltr'>τινὰ,</span> <span class='ocrx_word' id='word_1_757' title='bbox 1262 5389 1336 5454; x_wconf 86' lang='grc' dir='ltr'><strong>ὡς</strong></span> <span class='ocrx_word' id='word_1_758' title='bbox 1381 5393 1546 5461; x_wconf 75' lang='grc' dir='ltr'>φυτὸν</span> <span class='ocrx_word' id='word_1_759' title='bbox 1581 5395 1754 5466; x_wconf 78' lang='grc' dir='ltr'>ἄχρη-</span> 
     </span>
    </p>
   </div>
   <div class='ocr_carea' id='block_1_107' title="bbox 175 5475 1758 5550">
    <p class='ocr_par' dir='ltr' id='par_1_107' title="bbox 175 5475 1758 5550">
     <span class='ocr_line' id='line_1_107' title="bbox 175 5475 1758 5550; baseline 0.005 -24"><span class='ocrx_word' id='word_1_760' title='bbox 175 5490 328 5540; x_wconf 74' lang='grc' dir='ltr'>στον,</span> <span class='ocrx_word' id='word_1_761' title='bbox 361 5475 520 5528; x_wconf 75' lang='grc' dir='ltr'>αὐτὸν</span> <span class='ocrx_word' id='word_1_762' title='bbox 549 5477 626 5538; x_wconf 83' lang='grc' dir='ltr'>ὡς</span> <span class='ocrx_word' id='word_1_763' title='bbox 672 5478 973 5547; x_wconf 85' lang='grc' dir='ltr'>φυτοκόμον</span> <span class='ocrx_word' id='word_1_764' title='bbox 1033 5481 1201 5532; x_wconf 75' lang='grc' dir='ltr'>αἰτεῖν</span> <span class='ocrx_word' id='word_1_765' title='bbox 1226 5480 1304 5532; x_wconf 84' lang='grc' dir='ltr'><strong>δεῖ</strong></span> <span class='ocrx_word' id='word_1_766' title='bbox 1336 5480 1433 5550; x_wconf 82' lang='grc' dir='ltr'>τὴν</span> <span class='ocrx_word' id='word_1_767' title='bbox 1474 5481 1638 5550; x_wconf 80' lang='grc' dir='ltr'>φειδὼ</span> <span class='ocrx_word' id='word_1_768' title='bbox 1664 5483 1758 5534; x_wconf 77' lang='grc' dir='ltr'><strong>καὶ</strong></span> 
     </span>
    </p>
   </div>
   <div class='ocr_carea' id='block_1_108' title="bbox 170 5567 1757 5642">
    <p class='ocr_par' dir='ltr' id='par_1_108' title="bbox 170 5567 1757 5642">
     <span class='ocr_line' id='line_1_108' title="bbox 170 5567 1757 5642; baseline 0.004 -24"><span class='ocrx_word' id='word_1_769' title='bbox 170 5567 490 5637; x_wconf 65' lang='grc' dir='ltr'>ὑπέρθεσιν.</span> <span class='ocrx_word' id='word_1_770' title='bbox 553 5567 752 5622; x_wconf 79' lang='grc' dir='ltr'>Τοῦτον</span> <span class='ocrx_word' id='word_1_771' title='bbox 810 5569 917 5639; x_wconf 74' lang='grc' dir='ltr'>γὰρ</span> <span class='ocrx_word' id='word_1_772' title='bbox 968 5573 1098 5640; x_wconf 80' lang='grc' dir='ltr'>ἡμῖν</span> <span class='ocrx_word' id='word_1_773' title='bbox 1152 5572 1448 5642; x_wconf 87' lang='grc' dir='ltr'>παρίστησι</span> <span class='ocrx_word' id='word_1_774' title='bbox 1489 5573 1577 5625; x_wconf 70' lang='grc' dir='ltr'>τὸν</span> <span class='ocrx_word' id='word_1_775' title='bbox 1634 5572 1757 5626; x_wconf 76' lang='grc' dir='ltr'>νοῦν</span> 
     </span>
    </p>
   </div>
   <div class='ocr_carea' id='block_1_109' title="bbox 248 5769 767 5838">
    <p class='ocr_par' dir='ltr' id='par_1_109' title="bbox 248 5769 767 5838">
     <span class='ocr_line' id='line_1_109' title="bbox 248 5769 767 5838; baseline -0.012 -12"><span class='ocrx_word' id='word_1_776' title='bbox 248 5771 269 5804; x_wconf 81' lang='grc'>³</span> <span class='ocrx_word' id='word_1_777' title='bbox 303 5770 440 5826; x_wconf 84' lang='lat' dir='ltr'><strong>Luc.</strong></span> <span class='ocrx_word' id='word_1_778' title='bbox 475 5785 562 5833; x_wconf 81' lang='lat' dir='ltr'><strong>xv,</strong></span> <span class='ocrx_word' id='word_1_779' title='bbox 586 5769 621 5822; x_wconf 73' lang='grc'>4</span> <span class='ocrx_word' id='word_1_780' title='bbox 648 5783 767 5838; x_wconf 87' lang='lat' dir='ltr'><strong>sqq.</strong></span> 
     </span>
    </p>
   </div>
   <div class='ocr_carea' id='block_1_110' title="bbox 499 5865 1110 5930">
    <p class='ocr_par' dir='ltr' id='par_1_110' title="bbox 499 5865 1110 5930">
     <span class='ocr_line' id='line_1_110' title="bbox 499 5865 1110 5930; baseline 0 -1"><span class='ocrx_word' id='word_1_781' title='bbox 499 5871 772 5930; x_wconf 77' lang='grc' dir='ltr'>ΡΑτιιοι..</span> <span class='ocrx_word' id='word_1_782' title='bbox 822 5865 934 5927; x_wconf 81' lang='lat' dir='ltr'><strong>Gn.</strong></span> <span class='ocrx_word' id='word_1_783' title='bbox 988 5867 1110 5930; x_wconf 72' lang='lat' dir='ltr'><strong>XL.</strong></span> 
     </span>
    </p>
   </div>
   <div class='ocr_carea' id='block_1_111' title="bbox 1937 5204 3423 5266">
    <p class='ocr_par' dir='ltr' id='par_1_111' title="bbox 1937 5204 3423 5266">
     <span class='ocr_line' id='line_1_111' title="bbox 1937 5204 3423 5266; baseline -0.005 0"><span class='ocrx_word' id='word_1_784' title='bbox 1937 5214 2067 5266; x_wconf 85' lang='lat' dir='ltr'><strong>Tam</strong></span> <span class='ocrx_word' id='word_1_785' title='bbox 2103 5210 2308 5262; x_wconf 86' lang='lat' dir='ltr'><strong>alienus</strong></span> <span class='ocrx_word' id='word_1_786' title='bbox 2360 5214 2539 5261; x_wconf 76' lang='lat' dir='ltr'><strong>autem</strong></span> <span class='ocrx_word' id='word_1_787' title='bbox 2582 5223 2608 5258; x_wconf 88' lang='lat' dir='ltr'><strong>a</strong></span> <span class='ocrx_word' id='word_1_788' title='bbox 2642 5205 2876 5260; x_wconf 59' lang='lat' dir='ltr'><strong>caedendi</strong></span> <span class='ocrx_word' id='word_1_789' title='bbox 2925 5204 3218 5260; x_wconf 74' lang='lat' dir='ltr'><strong>acerbitate</strong></span> <span class='ocrx_word' id='word_1_790' title='bbox 3246 5219 3423 5259; x_wconf 88' lang='lat' dir='ltr'><strong>sacer-</strong></span> 
     </span>
    </p>
   </div>
   <div class='ocr_carea' id='block_1_112' title="bbox 1862 5297 3424 5366">
    <p class='ocr_par' dir='ltr' id='par_1_112' title="bbox 1862 5297 3424 5366">
     <span class='ocr_line' id='line_1_112' title="bbox 1862 5297 3424 5366; baseline -0.004 -10"><span class='ocrx_word' id='word_1_791' title='bbox 1862 5304 1959 5357; x_wconf 90' lang='lat' dir='ltr'><strong>dos</strong></span> <span class='ocrx_word' id='word_1_792' title='bbox 1993 5315 2110 5355; x_wconf 89' lang='lat' dir='ltr'><strong>esse</strong></span> <span class='ocrx_word' id='word_1_793' title='bbox 2140 5299 2321 5358; x_wconf 88' lang='lat' dir='ltr'><strong>debet,</strong></span> <span class='ocrx_word' id='word_1_794' title='bbox 2370 5307 2618 5364; x_wconf 83' lang='lat' dir='ltr'><strong>tanquam</strong></span> <span class='ocrx_word' id='word_1_795' title='bbox 2664 5304 2944 5366; x_wconf 88' lang='lat' dir='ltr'><strong>promptus</strong></span> <span class='ocrx_word' id='word_1_796' title='bbox 2991 5306 3042 5349; x_wconf 91' lang='lat' dir='ltr'><strong>et</strong></span> <span class='ocrx_word' id='word_1_797' title='bbox 3096 5305 3314 5365; x_wconf 86' lang='lat' dir='ltr'><strong>paratus</strong></span> <span class='ocrx_word' id='word_1_798' title='bbox 3357 5297 3424 5349; x_wconf 84' lang='lat' dir='ltr'><strong>ad</strong></span> 
     </span>
    </p>
   </div>
   <div class='ocr_carea' id='block_1_113' title="bbox 1861 5386 3422 5454">
    <p class='ocr_par' dir='ltr' id='par_1_113' title="bbox 1861 5386 3422 5454">
     <span class='ocr_line' id='line_1_113' title="bbox 1861 5386 3422 5454; baseline -0.006 -6"><span class='ocrx_word' id='word_1_799' title='bbox 1861 5391 2207 5448; x_wconf 79' lang='lat' dir='ltr'><strong>excolendam</strong></span> <span class='ocrx_word' id='word_1_800' title='bbox 2241 5388 2648 5449; x_wconf 79' lang='lat' dir='ltr'><strong>humanitatem,</strong></span> <span class='ocrx_word' id='word_1_801' title='bbox 2675 5396 2752 5454; x_wconf 86' lang='lat' dir='ltr'><strong>ut,</strong></span> <span class='ocrx_word' id='word_1_802' title='bbox 2780 5388 2992 5442; x_wconf 87' lang='lat' dir='ltr'><strong>etiamsi</strong></span> <span class='ocrx_word' id='word_1_803' title='bbox 3030 5386 3286 5439; x_wconf 80' lang='lat' dir='ltr'><strong>Dominus</strong></span> <span class='ocrx_word' id='word_1_804' title='bbox 3323 5386 3422 5438; x_wconf 88' lang='lat' dir='ltr'><strong>ali-</strong></span> 
     </span>
    </p>
   </div>
   <div class='ocr_carea' id='block_1_114' title="bbox 1861 5477 3423 5549">
    <p class='ocr_par' dir='ltr' id='par_1_114' title="bbox 1861 5477 3423 5549">
     <span class='ocr_line' id='line_1_114' title="bbox 1861 5477 3423 5549; baseline -0.003 -15"><span class='ocrx_word' id='word_1_805' title='bbox 1861 5496 2041 5549; x_wconf 89' lang='lat' dir='ltr'><strong>quem,</strong></span> <span class='ocrx_word' id='word_1_806' title='bbox 2075 5479 2150 5533; x_wconf 90' lang='lat' dir='ltr'><strong>uti</strong></span> <span class='ocrx_word' id='word_1_807' title='bbox 2180 5479 2412 5547; x_wconf 87' lang='lat' dir='ltr'><strong>plantam</strong></span> <span class='ocrx_word' id='word_1_808' title='bbox 2447 5479 2716 5547; x_wconf 88' lang='lat' dir='ltr'><strong>inutilem,</strong></span> <span class='ocrx_word' id='word_1_809' title='bbox 2740 5479 3056 5533; x_wconf 81' lang='lat' dir='ltr'><strong>exscindere</strong></span> <span class='ocrx_word' id='word_1_810' title='bbox 3078 5477 3284 5546; x_wconf 84' lang='lat' dir='ltr'><strong>jubeal,</strong></span> <span class='ocrx_word' id='word_1_811' title='bbox 3308 5477 3423 5543; x_wconf 73' lang='lat' dir='ltr'><strong>ipse</strong></span> 
     </span>
    </p>
   </div>
   <div class='ocr_carea' id='block_1_115' title="bbox 1864 5568 3419 5642">
    <p class='ocr_par' dir='ltr' id='par_1_115' title="bbox 1864 5568 3419 5642">
     <span class='ocr_line' id='line_1_115' title="bbox 1864 5568 3419 5642; baseline -0.005 -16"><span class='ocrx_word' id='word_1_812' title='bbox 1864 5580 2118 5642; x_wconf 85' lang='lat' dir='ltr'><strong>tanquam</strong></span> <span class='ocrx_word' id='word_1_813' title='bbox 2155 5569 2348 5626; x_wconf 90' lang='lat' dir='ltr'><strong>insitor</strong></span> <span class='ocrx_word' id='word_1_814' title='bbox 2381 5570 2572 5626; x_wconf 86' lang='lat' dir='ltr'><strong>debeat</strong></span> <span class='ocrx_word' id='word_1_815' title='bbox 2605 5568 2928 5640; x_wconf 86' lang='lat' dir='ltr'><strong>supplicare,</strong></span> <span class='ocrx_word' id='word_1_816' title='bbox 2958 5578 3015 5622; x_wconf 91' lang='lat' dir='ltr'><strong>ut</strong></span> <span class='ocrx_word' id='word_1_817' title='bbox 3049 5568 3288 5636; x_wconf 80' lang='lat' dir='ltr'><strong>ignoscat</strong></span> <span class='ocrx_word' id='word_1_818' title='bbox 3323 5581 3419 5635; x_wconf 79' lang='lat' dir='ltr'><strong>pa-</strong></span> 
     </span>
    </p>
   </div>
   <div class='ocr_carea' id='block_1_116' title="bbox 3033 5857 3107 5918">
    <p class='ocr_par' dir='ltr' id='par_1_116' title="bbox 3033 5857 3107 5918">
     <span class='ocr_line' id='line_1_116' title="bbox 3033 5857 3107 5918; baseline 0.014 -1"><span class='ocrx_word' id='word_1_819' title='bbox 3033 5857 3107 5918; x_wconf 71' lang='grc'>12</span> 
     </span>
    </p>
   </div>
  </div>
