4216 6324
777 363 884 422 363

2058 358 2115 412 Β.
2155 349 2430 414 ASTERII
2474 350 2776 409 AMASENI

3941 346 4050 413 364

784 490 999 551 mmpcr
1020 486 1075 534 et
1090 477 1412 534 sententiam
1433 475 1667 531 diﬂerat.
1700 472 1790 528 Sic
1805 472 1949 527 enim
1973 478 2155 524 monet
2183 467 2360 522 oratio

2487 465 2558 534 ’ἧς
2586 466 2839 537 ἀκάρπου
2895 465 3063 535 συκῆς
3111 465 3139 516 6
3161 463 3344 532 λόγος’
3369 464 3435 535 ἦν
3464 463 3745 533 ἐκτέμνειν
3807 464 4057 531 θέλοντος

781 572 868 624 illa
894 573 960 626 de
1005 568 1109 624 licu
1127 583 1169 635 ’,
1193 582 1357 638 quam
1399 567 1477 621 uti
1527 563 1765 621 sterilem
1799 576 1921 618 cum
1962 559 2218 615 Dominus
2258 555 2364 610 vel-

784 662 859 715 let
895 661 1211 724 concidere,
1233 666 1356 713 orat
1385 654 1649 727 agricola,
1672 652 1825 709 milli
1855 649 2125 720 paulisper
2152 652 2362 716 parcat,

783 760 840 804 ut
874 763 1081 805 moram
1113 748 1354 819 aliquam
1389 747 1702 815 interponat
1737 759 1753 798 :
1790 739 1994 809 aliquid
2025 738 2168 793 enim
2211 735 2364 790 bonae

783 840 897 908 spei
952 844 1007 895 in
1054 838 1333 910 diligentia
1369 853 1467 894 sua
1517 836 1784 905 reliquum
1839 846 1980 888 esse.
2018 828 2161 885 ,Νοιί
2200 828 2364 899 igitur

783 946 904 987 esse
976 940 1082 984 tam
1138 929 1315 985 facilis
1361 929 1428 983 ad
1482 924 1887 997 amputandum,
1935 930 1990 977 et
2038 920 2363 976 exscinden-

785 1024 934 1086 dum,
969 1032 1049 1087 tu,
1087 1021 1180 1093 qui
1215 1018 1523 1084 Dominum,
1563 1031 1632 1072 ne
1693 1016 1747 1071 id
1796 1013 1976 1078 faciat,
2015 1011 2177 1067 debes
2210 1010 2367 1065 obse-

786 1129 961 1182 crare,
1021 1128 1196 1183 neque
1261 1122 1369 1167 tam
1428 1108 1677 1166 celeriter
1733 1102 2127 1175 desperandum
2182 1100 2371 1155 existi-

786 1222 899 1261 ma.
938 1205 1283 1277 Diligentiam
1342 1200 1636 1265 adhibeto,
1689 1193 2208 1269 reprehensionibus
2255 1192 2369 1247 cir-

787 1297 1116 1360 cumfodito,
1167 1292 1635 1351 cohortationibus
1686 1289 1890 1356 fovete,
1920 1296 2177 1358 tanquam
2209 1284 2368 1348 timo;

788 1391 1261 1451 documentorum,
1288 1384 1445 1456 quasi
1467 1397 1735 1454 aquarum
1766 1380 1920 1451 copia
1948 1379 2213 1449 irrigato;
2239 1390 2371 1447 prat-

787 1481 983 1550 ceptis,
1012 1488 1071 1534 ut
1092 1477 1235 1533 vallo
1276 1477 1635 1533 communito.
1676 1471 1855 1529 Tuum
1890 1468 2372 1539 esto,placareju-

791 1573 931 1628 dicis
977 1572 1241 1644 animum.
1292 1569 1492 1625 Demus
1525 1580 1768 1637 operam,
1807 1573 1869 1619 ut
1900 1563 2090 1619 eodem
2120 1561 2370 1623 nomine,

788 1678 897 1732 quo
929 1661 1209 1724 Dominus,
1242 1656 1580 1728 appellemur
1612 1674 1625 1711 :
1654 1654 1705 1710 is
1733 1655 1877 1710 enim
1903 1649 2373 1709 diciturconsola-

790 1764 897 1814 tor.
928 1753 1053 1807 dum
1083 1750 1361 1806 hominum
1386 1748 1576 1819 generi
1607 1746 1822 1802 Patrem
1855 1744 2143 1814 propitium
2176 1742 2370 1797 reddit.

2464 555 2559 608 τοῦ
2584 558 2789 627 Κυρίου
2844 555 2931 610 διὰ
2962 557 3061 627 τὴν
3112 556 3413 627 ἀκαρπίαν,
3444 558 3473 608 6
3499 554 3742 627 γεωργὸς
3794 556 4055 621 ἱκετεύει,

2465 649 2560 702 καὶ
2614 648 2881 720 ἀναϐολὴν
2922 651 3064 702 αἰτεῖ
3118 649 3212 702 καὶ
3247 646 3566 720 ὑπέρθεσιν,
3619 647 3841 711 ἐλπίδας
3902 648 4059 718 αὐτῷ

2466 740 2706 811 χρηστὰς
2746 740 3042 794 ὑποτείνων
3072 739 3162 794 διά
3218 739 3319 810 τῆς
3356 738 3561 800 οἰκείας
3590 738 3928 809 ἐπιμελείας.
3957 740 4057 810 Μὴ

2466 832 2643 885 τοίνυν
2664 832 2833 885 κόπτε
2862 832 3188 904 προχείρως,
3220 833 3249 886 6
3276 831 3376 903 τὴν
3412 832 3586 904 τομὴν
3614 830 3767 902 παρά
3815 830 3912 884 τοῦ
3936 831 4055 883 Κυ-

2471 924 2587 995 ρίου
2614 925 2963 996 ἐπαγομένην
3021 924 3249 979 κωλύειν
3285 923 3538 994 ὀφείλων,
3584 923 3718 994 μηδὲ
3750 922 4058 990 καταγινω-

2471 1033 2570 1069 σκε
2600 1016 2810 1087 ταχέως
2863 1016 2963 1087 τὴν
3020 1016 3355 1087 ἀχρηστείαν
3373 1032 3385 1047 ·
3414 1015 3529 1068 ἀλλ’
3552 1015 3771 1067 ἐκπόνει
3798 1014 3900 1084 τὴν
3932 1013 4051 1066 ἐπι-

2474 1104 2715 1176 μέλειαν.
2777 1105 2995 1159 Σκάπτε
3028 1108 3142 1167 τοῖς
3188 1104 3467 1175 ἐλέγχοις·
3530 1103 3703 1157 θάλπε
3732 1102 3808 1165 ὡς
3863 1102 4061 1173 κόπρῳ

2469 1200 2591 1260 ταῖς
2619 1196 3056 1269 παρακλήσεσιν⁹
3086 1195 3271 1260 πότιζε
3290 1198 3358 1266 τῇ
3390 1194 3647 1267 ἐπιρροίᾳ
3668 1193 3775 1246 τῶν
3803 1191 4063 1263 μαθημά-

2471 1304 2580 1343 των
2597 1305 2610 1319 ·
2632 1289 2973 1361 περίφρασσε
2997 1290 3110 1352 τοῖς
3127 1286 3588 1358 προφυλακτικοῖς
3604 1284 3713 1338 τῶν
3742 1283 4057 1356 παραγγελ-

2476 1380 2661 1451 μάτων
2687 1379 2764 1444 ὼς
2823 1376 3206 1451 χαρακώματι.
3240 1377 3339 1431 Σὸν
3386 1378 3504 1429 ἐστι
3534 1375 3596 1428 τὸ
3648 1374 4062 1447 παραιτεῖσθαι.

2473 1468 2567 1523 τοῦ
2590 1467 2779 1540 κριτοῦ
2802 1468 2864 1520 τὸ
2892 1467 3133 1533 δικάζειν
3158 1482 3171 1497 ·
3224 1468 3404 1521 ἐκεῖνο
3442 1465 3707 1535 κληθῆναι
3748 1463 4067 1517 σπουδάσω-

2478 1578 2597 1631 μεν,
2627 1560 2656 1613 ὃ
2702 1558 2920 1629 λέγεται
2952 1557 3050 1613 καὶ
3076 1561 3104 1612 6
3133 1558 3366 1630 Κύριος·
3419 1556 3774 1629 Παράκλητος
3801 1554 3910 1624 γάρ
3946 1556 4068 1605 όνοο

2480 1653 2708 1725 μάζεται
2766 1652 2910 1723 ὑπὲρ
2972 1649 3067 1705 τοῦ
3100 1652 3294 1719 γένους
3325 1649 3436 1702 τῶν
3472 1647 3797 1719 ἀνθρῲπων,
3828 1646 3919 1698 τὸν
3953 1645 4069 1697 Πα-

2476 1746 2610 1813 τέρα
2632 1742 3033 1813 ἐξιλεούμενος·
3082 1740 3283 1811 ὁμοίως
3311 1740 3404 1793 καὶ
3452 1739 3511 1792 τὺ
3538 1737 3762 1807 Πνεῦμα
3805 1736 3905 1806 τῆς
3934 1735 4070 1803 ἀλη-

791 1847 911 1912 Quo
940 1844 1157 1913 quidem
1191 1840 1413 1897 nomine
1440 1846 1667 1894 vocatur
1692 1836 1855 1893 etiam
1875 1834 1963 1891 ille
1985 1833 2230 1890 veritatis
2249 1831 2373 1897 Spi-

2487 1835 2645 1899 θείας,
2671 1835 2770 1905 τὴν
2798 1834 2940 1904 ὑπὲρ
2968 1832 3126 1904 ἡμῶν
3174 1832 3411 1902 σπουδὴν
3440 1828 3629 1883 ἐλαϐεν
3655 1829 3844 1898 ὄνομα.
3879 1827 4071 1896 Παρά-

789 1937 950 2000 ritus,
983 1950 1080 2005 pro
1114 1949 1213 1989 suo
1240 1949 1367 2004 erga
1404 1947 1503 1989 nos
1553 1930 1735 1986 studio
1764 1936 1929 1997 atque
1974 1924 2370 1982 benevolentia.

792 2028 918 2084 Haec
944 2040 1126 2082 autem
1176 2024 1576 2096 deprecationis
1609 2031 1665 2079 et
1694 2020 2085 2078 consolationis
2125 2033 2374 2081 munera,

796 2136 888 2178 oro
923 2119 1302 2188 peccatoribus
1337 2114 1717 2184 suscipiuntur
1754 2111 2002 2175 omnino,
2047 2126 2152 2165 non
2190 2124 2287 2179 pro
2311 2109 2376 2163 iis

790 2218 881 2273 qui
939 2220 1065 2265 sunt
1110 2210 1433 2263 innocentes
1466 2215 1522 2262 et
1565 2205 1728 2261 nullis
1776 2203 2101 2258 criminibus
2130 2201 2373 2257 obnoxii.

792 2301 954 2356 Musis
999 2316 1210 2364 curam,
1261 2297 1551 2362 sacerdos,
1583 2304 1636 2351 et
1682 2292 2102 2350 sollicitudinem
2139 2290 2375 2347 imitare.

791 2393 1011 2447 imitare
1042 2391 1185 2447 illius
1206 2404 1335 2461 erga
1373 2388 1631 2461 populum
1656 2385 1826 2441 animi
1862 2384 2204 2440 affectionem
2239 2396 2255 2435 :
2286 2381 2379 2450 qui

794 2482 962 2536 Deum
990 2483 1309 2542 obsecrans,
1332 2494 1401 2535 ne
1426 2478 1623 2549 populo
1661 2480 1754 2546 qui
1778 2482 2098 2547 peccaverat
2123 2476 2383 2528 irascere-

794 2584 899 2636 tur,
923 2588 1044 2628 cum
1089 2585 1201 2626 rem
1234 2570 1446 2637 longius
1469 2569 1613 2633 duci,
1640 2582 1739 2623 nec
1754 2566 1855 2622 sibi
1878 2566 1955 2624 id.
1973 2565 2115 2633 quod
2139 2566 2378 2633 petebat,

794 2662 1022 2718 concedi
1062 2661 1547 2722 animadverteret,
1579 2654 1941 2726 supplicabat,
1964 2663 2023 2707 ut
2053 2651 2155 2707 sibi
2185 2651 2379 2707 saltem

796 2754 1006 2817 liceret,
1039 2762 1164 2807 ante
1205 2750 1489 2812 decedere,
1535 2761 1602 2801 ne
1647 2759 1856 2808 eorum,
1889 2757 2028 2813 quos
2072 2749 2294 2811 paverat
2329 2749 2381 2792 et

796 2844 1164 2913 gubernaret,
1193 2841 1472 2896 interitum
1501 2846 1792 2909 spectaret.
1821 2833 1927 2889 Sed
1951 2847 2129 2901 operae
2148 2832 2377 2902 pretimn

795 2945 903 2997 est,
929 2942 989 2989 ut
1021 2932 1186 2988 verba
1210 2931 1380 3000 ipsius
1403 2931 1456 2985 in
1488 2928 1726 2984 medium
1753 2924 2042 2981 aﬂ‘eramus
2074 2964 2089 2978 .
2118 2921 2379 2986 Obsecro,

799 3026 994 3096 inquit,
1010 3023 1256 3095 peccavit
1273 3030 1500 3092 populus
1521 3028 1801 3090 peccatum
1820 3032 2093 3088 magnum,
2112 3014 2382 3069 fecerunt-

799 3133 905 3188 que
935 3117 1036 3173 sibi
1074 3117 1206 3171 deos
1237 3128 1453 3169 aureos.
1496 3112 1560 3166 Et
1591 3127 1734 3166 nunc
1761 3112 1808 3165 si
1835 3107 2111 3163 dimittitis
2135 3106 2215 3160 eis
2260 3121 2382 3175 pec-

800 3218 979 3264 catum
1006 3188 1134 3274 hoc:
1149 3207 1361 3261 dimitte
1392 3224 1405 3260 :
1434 3202 1494 3259 Si
1520 3203 1718 3267 minus,
1740 3200 1856 3255 dele
1872 3215 1952 3252 me
1972 3204 2036 3252 de
2063 3197 2215 3259 libro,
2236 3212 2386 3265 quem

799 3301 1057 3369 scripsisti
1079 3299 1123 3351 ⁸.
1152 3298 1359 3361 Cernis,
1403 3295 1673 3365 quomodo
1700 3292 1929 3362 propriae
1961 3288 2191 3345 salutent
2219 3285 2391 3340 multi-

802 3389 1005 3443 tudinis
1057 3388 1355 3455 anteponit,
1393 3386 1478 3441 cui
1528 3384 1630 3439 nisi
1674 3383 1931 3452 impetrat
1992 3377 2386 3446 impunitatem,

802 3480 1008 3547 ﬂagitat
1040 3485 1098 3533 ut
1126 3477 1244 3547 ipse
1279 3472 1563 3531 deleatur?
1600 3471 1755 3526 Nunc
1779 3479 1959 3525 autem
2011 3466 2102 3535 qui
2143 3462 2392 3518 acerbio-

802 3586 891 3625 res
934 3585 993 3625 se
1044 3567 1421 3639 peccatoribus
1478 3570 1759 3634 praestant,
1790 3575 1883 3615 eos
1914 3560 1983 3613 ad
2032 3571 2091 3613 se
2139 3558 2392 3611 acceden-

807 3674 887 3715 tes
940 3659 1281 3729 propellunt,
1334 3655 1607 3725 supplices
1634 3661 2045 3722 prostratosque
2091 3647 2325 3717 fugiunt,
2360 3661 2390 3698 a

807 3747 1232 3820 Iacrymantibus
1259 3746 1447 3802 oculos
1473 3750 1774 3807 removent,
1803 3750 1859 3795 et
1881 3754 1939 3794 se
1963 3747 2102 3792 totos
2122 3744 2388 3791 avertunt.

876 3837 985 3891 Cur
1059 3837 1221 3908 igitur
1278 3835 1408 3890 mihi
1455 3828 1649 3899 Lucas,
1686 3830 1795 3886 imo
1837 3843 1967 3883 vero
1998 3825 2233 3896 Spiritus
2266 3838 2395 3879 san-

807 3942 933 3985 etus.
953 3929 1241 3998 descripsit
1271 3927 1437 3982 tilium
1470 3922 1825 3996 prodigum“,
1870 3921 1963 3991 qui
2006 3920 2242 3990 primum
2280 3917 2392 3972 dis—

807 4037 966 4077 cessu
994 4035 1092 4077 suo
1134 4018 1430 4090 ignominia
1460 4024 1668 4089 patrem
1703 4013 1904 4077 aﬂ'ecit,
1936 4013 2129 4067 deinde
2151 4011 2394 4080 volupta-

812 4116 957 4170 tibus
985 4114 1343 4181 ebrietatique
1396 4108 1633 4170 deditus,
1668 4117 1722 4161 et
1756 4104 2081 4158 fetniuarum
2120 4102 2396 4155 amoribus

809 4216 1021 4276 captus,
1055 4212 1312 4276 paternas
1355 4213 1546 4257 omnes
1594 4197 1813 4253 divitias
1859 4194 2176 4263 dilapidavit
2236 4200 2397 4259 atque

811 4295 1099 4352 exhausit?
1122 4295 1249 4350 Post
1280 4302 1457 4347 autem
1509 4290 1699 4354 multo,
1732 4304 1854 4342 cum
1893 4286 2024 4341 satis
2062 4285 2171 4354 jam
2206 4284 2259 4337 in
2293 4283 2395 4335 mi-

812 4387 955 4443 seria
988 4397 1238 4442 versatus
1270 4396 1436 4450 esset,
1474 4384 1609 4440 adeo
1631 4393 1689 4437 ut
1720 4380 1977 4436 subulcus
1997 4377 2222 4432 cﬂ‘ectus
2250 4389 2398 4429 mer-

2479 1928 2673 1999 κλητο;
2701 1925 2811 1996 γὰρ
2845 1925 3067 1978 κάκεῖνο
3096 1923 3312 1991 λέγεται
3338 1940 3352 1953 ’
3390 1920 3654 1992 πρεσϐεία
3686 1919 3743 1972 δὲ
3773 1919 3863 1971 καὶ
3886 1916 4069 1985 παρά-

2479 2018 2670 2087 κλησις
2691 2016 2830 2087 ὑπὲρ
2862 2014 2971 2068 τῶν
3002 2013 3400 2085 ἡμαρτηκότων
3437 2012 3653 2074 πάντως
3686 2007 4068 2071 σπουδάζεται,

2478 2111 2538 2163 ού
2573 2108 2679 2181 μὴν
2706 2107 2812 2161 τῶν
2841 2105 3149 2159 ἀνευθύνων
3180 2104 3274 2157 καὶ
3307 2102 3675 2171 ἀνεγκλήτων.
3737 2100 4015 2168 Ζήλωσον,
4042 2100 4073 2150 6

2484 2200 2684 2270 ἱερεὺς,
2710 2198 2771 2251 τὸ
2821 2194 3179 2268 κηδεμονικὸν
3210 2191 3306 2246 τοῦ
3367 2191 3611 2254 Μωσέως
3630 2205 3644 2219 °
3674 2191 3916 2261 μίμησαι
3970 2188 4073 2258 τὴν

2480 2292 2689 2345 ἐκείνου
2715 2290 2845 2361 περὶ
2898 2290 3025 2351 τοὺς
3049 2284 3387 2358 ἀρχομένους
3416 2283 3685 2337 διάθεσιν⁸
3724 2281 3782 2344 ὃς
3811 2296 4077 2352 παρακα-

2481 2384 2588 2437 λῶν
2633 2383 2725 2436 τὸν
2778 2381 2935 2446 Θεὸν,
2983 2379 3071 2432 ἵνα
3113 2378 3187 2448 μὴ
3224 2376 3465 2447 δυσμενῇ
3496 2373 3573 2445 τῷ
3610 2373 3723 2443 λαῷ
3743 2370 4076 2443 πλημμελή-

2485 2492 2660 2542 σαντι,
2690 2473 2877 2543 ἐπειδὴ
2915 2470 3110 2542 μικρὸν
3141 2468 3339 2541 ᾔσθετο
3386 2466 3800 2537 παρελκομένης
3823 2465 4073 2534 χάριτος,

2482 2566 2643 2619 τοῦτο
2665 2564 2795 2633 γοῦν
2836 2563 3096 2623 ἱκέτευεν,
3127 2557 3494 2630 προαπελθεῖν
3526 2556 3620 2609 τοῦ
3651 2555 3803 2617 λαοῦ,
3829 2555 3908 2624 μὴ
3940 2553 4077 2605 θεά-

2487 2670 2647 2724 σηται
2677 2652 2785 2705 τῶν
2807 2647 3241 2719 ποιμαινομένων
3270 2647 3361 2700 τὸν
3404 2646 3644 2714 ὀλεθρον.
3673 2644 3837 2697 Οὑδέν
3876 2644 3933 2696 δέ
3961 2638 4080 2695 οἷον

2485 2746 2653 2816 αὐτῆς
2676 2740 3160 2814 ἀπομνημονεῦσαι
3190 2741 3287 2809 τῆς
3309 2739 3505 2804 λέξεως
3526 2756 3540 2770 ο
3566 2738 3785 2806 Δέομαι,
3820 2735 4080 2805 ἡμάρτη-

2485 2855 2581 2891 κεν
2610 2840 2637 2890 6
2659 2836 2785 2899 λαὸς
2816 2834 3091 2905 ἁμαρτίαν
3137 2831 3400 2902 μεγάλην,
3442 2829 3536 2882 καὶ
3570 2830 3830 2898 ἐποίησαν
3861 2829 4083 2891 ἑαυτοῖς

2487 2929 2641 2993 θεοὺς
2668 2925 2923 2998 χρυσοῦς.
2948 2926 3056 2977 Καὶ
3074 2923 3169 2977 νῦν
3198 2925 3245 2976 εί
3276 2923 3374 2993 μὲν
3404 2923 3549 2991 ἀφῇς
3574 2922 3757 2982 αὐτοῖς
3783 2919 3883 2989 τὴν
3902 2919 4087 2989 ἀμαρο

2487 3019 2626 3079 τίαν,
2674 3018 2842 3085 ἄφες
2901 3012 3059 3068 Είδὲ
3104 3012 3214 3081 μὴ,
3248 3010 3577 3077 ἐξάλειψόν
3616 3024 3693 3077 με
3735 3007 3803 3061 ἑκ
3835 3005 3949 3074 τῆς
3979 3006 4085 3070 ,βί-

2493 3111 2640 3163 ϐλου
2690 3103 2766 3177 ἧς
2817 3104 3106 3175 ἔγραψας.
3153 3103 3317 3173 Ὁρᾷς
3363 3101 3513 3162 ὅπως
3560 3100 3659 3169 τὴν
3710 3097 3804 3150 τοῦ
3836 3095 4087 3167 πλήθους

2494 3198 2766 3270 σωτηρίαν
2794 3196 2895 3266 τῆς
2928 3192 3134 3256 οἰκείας
3182 3190 3490 3262 προτίθησι,
3551 3189 3644 3241 καὶ
3694 3187 4089 3256 ἐξαλειφθῆναι

2491 3290 2661 3359 ζητεῖ,
2693 3288 2741 3339 εί
2775 3286 2851 3356 μὴ
2883 3281 3138 3355 κατορθοῖ
3172 3280 3250 3351 τῷ
3282 3280 3450 3350 κοινῷ
3475 3279 3573 3349 τὴν
3607 3276 3939 3347 συγγνώμην
3968 3295 3983 3339 ;
4024 3277 4087 3330 Οί

2489 3380 2545 3449 δέ
2569 3378 2662 3432 νῦν
2693 3376 2830 3449 πρὸς
2853 3376 2979 3439 τοὺς
3003 3372 3417 3445 ἁμαρτάνοντας
3445 3368 3877 3441 πικραινόμενοι,
3904 3382 4087 3437 προσ-

2494 3442 2673 3534 ιόντας
2729 3442 3076 3522 ἐλαύνουσιν)
3126 3442 3573 3528 νὺποπίπτοντας,
3637 3459 4086 3531 παρατρέχουσι·

2491 3562 2856 3634 δακρυόντων,
2883 3560 2984 3613 οὐκ
3003 3555 3268 3610 ἐπικλῶσι
3294 3555 3355 3607 τὸ
3390 3554 3702 3625 πρόσωπον.

2565 3827 2630 3880 Τί
2659 3821 2750 3880 οὖν
2772 3828 2799 3879 ὁ
2827 3824 3063 3887 Λουκᾶς,
3104 3820 3304 3891 μᾶλλον
3341 3820 3400 3872 δέ
3427 3817 3488 3871 τὸ
3510 3815 3736 3885 Πνεῦμα
3776 3814 3957 3880 ἅγιον,
4001 3814 4094 3865 ἀν-

2498 3916 2702 3989 έγραψε
2737 3933 2826 3987 μοι
2855 3914 2946 3968 τὸν
2972 3913 3084 3966 υίὸν
3121 3911 3212 3965 τὸν
3249 3912 3457 3965 ἄσωτον
3482 3923 3494 3937 ·
3543 3908 3601 3969 6;
3628 3905 3930 3974 καθύϐρισε
3988 3905 4093 3974 μὲν

2494 4010 2563 4078 τῇ
2587 4006 2930 4075 ἀναχωρήσει
2965 4000 3157 4073 πρώτῃ
3195 4000 3286 4053 τὸν
3317 3997 3739 4067 γεννησάμενον,
3779 3990 3902 4046 εἶτα
3942 3993 4094 4064 πρὸς

2495 4098 2594 4161 τὰς
2622 4096 2815 4168 ήδονάς
2876 4094 2971 4148 καὶ
3002 4093 3174 4163 μέθας
3206 4087 3613 4158 ἐκδακχευθεὶς,
3654 4086 3749 4140 καὶ
3786 4084 4094 4154 φιλογύνης

2497 4189 2808 4258 γενόμενος,
2854 4186 3031 4239 πάντα
3058 4183 3148 4236 τὸν
3180 4179 3443 4251 πατρικὸν
3496 4177 3727 4231 πλοῦτον
3775 4175 4056 4230 ἐκένωσεν
4080 4219 4091 4236 ,

2511 4279 2731 4350 Ἐπειδὴ
2756 4278 2813 4331 δὲ
2840 4277 3053 4349 χρόνοις
3113 4273 3337 4343 ὕστερον
3370 4270 3570 4331 ίκανῶς
3595 4267 4095 4336 ἐνταλαιπωρήσας

2500 4375 2611 4435 τοῖς
2674 4369 2917 4441 μόχθοις,
2952 4367 3027 4430 ὡς
3054 4366 3144 4418 καὶ
3207 4360 3455 4433 συόὠτης
3502 4358 3752 4428 γενέσθαι
3790 4356 4095 4426 μισθωτὸς,

812 4481 1085 4548 cenarius,
1119 4479 1329 4544 eodem,
1364 4492 1470 4548 quo
1505 4476 1677 4545 porci,
1705 4482 2018 4529 vesceretur
2056 4470 2210 4524 cibo:
2271 4477 2383 4520 tan-

2501 4465 2595 4518 καὶ
2633 4462 2732 4532 τῆς
2762 4459 2933 4528 αὐτῆς
2967 4456 3253 4528 μετασχεῖν
3282 4455 3395 4516 τοῖς
3422 4451 3624 4522 χοίροις
3652 4448 3878 4519 τροφῆς.
3921 4450 4094 4500 ἐπαν-

813 4576 935 4631 dem
960 4569 1256 4642 aliquando
1281 4570 1610 4640 resipiscens
1636 4582 1757 4624 cum
1800 4566 1867 4620 ad
1917 4563 2147 4634 patriam
2173 4562 2392 4615 domum

816 4666 1156 4732 revertisset,
1188 4678 1292 4719 non
1327 4661 1522 4717 avertit
1559 4674 1618 4715 se
1652 4667 1825 4728 pater,
1858 4670 1961 4711 nec
1987 4665 2263 4708 reversum
2299 4663 2395 4703 ex-

814 4759 974 4813 clusit
1003 4756 1193 4812 tilium.
1230 4754 1369 4822 Quin
1396 4754 1558 4808 etiam
1588 4749 1830 4807 occurrit
1856 4746 2069 4804 obviam
2101 4741 2391 4814 appropin-

815 4853 1029 4921 quttttli,
1060 4859 1116 4906 et
1163 4846 1478 4917 complexus
1516 4859 1663 4907 eum,
1702 4850 1866 4912 atque
1915 4839 2188 4893 inhaerens
2235 4832 2395 4897 collo,

817 4942 1194 4999 misericordia
1225 4948 1526 4996 commotus
1559 4936 1829 5005 lacrymas
1874 4929 2031 4991 finiit,
2071 4940 2125 4983 et
2170 4942 2263 4995 pro
2300 4926 2399 4977 mi-

816 5050 938 5089 sero
967 5048 1154 5088 rursus
1193 5032 1410 5087 beatum
1446 5026 1699 5090 reddidit,
1734 5025 1965 5092 ingenuo
2002 5020 2148 5074 illum
2174 5018 2404 5071 iuduens

818 5125 1167 5188 vestimento,
1203 5131 1257 5179 et
1288 5121 1341 5176 in
1370 5135 1531 5174 manu
1558 5116 1675 5185 ejus
1698 5113 1956 5169 annulum
2006 5112 2308 5178 imponens,
2340 5121 2402 5161 ac

821 5219 962 5274 diem
1001 5217 1197 5273 festum
1250 5229 1435 5287 agens,
1469 5209 1919 5282 magniﬁcumque
1963 5214 2019 5258 et
2059 5201 2392 5272 splendidum

820 5310 1128 5367 convivium
1178 5306 1478 5362 celebrans.
1510 5304 1634 5358 llaec
1676 5300 1830 5355 nobis
1874 5296 2171 5352 similitudo
2202 5306 2401 5363 propo-

821 5402 923 5455 sita
952 5410 1055 5466 est,
1100 5408 1158 5450 ut
1204 5383 1648 5464 rcsipiscentibus
1686 5387 1985 5444 Ecclesium
2016 5393 2273 5453 tanquam
2309 5382 2404 5434 do-

823 5508 968 5546 mum
1024 5500 1305 5559 paternam
1352 5486 1658 5557 aperiamtts
1686 5524 1700 5547 ,
1752 5494 1953 5548 eosque
2002 5477 2311 5532 humaniter
2351 5482 2407 5526 et

822 5585 1056 5655 benigne
1094 5583 1486 5652 suscipiamus,
1524 5592 1589 5631 ne
1641 5590 1762 5629 cum
1799 5570 1998 5642 porcis,
2053 5569 2105 5623 id
2144 5578 2247 5631 cst,
2283 5580 2402 5617 cum

898 5766 915 5797 ⁸
941 5764 1067 5818 Lui'.
1095 5777 1233 5823 ‘xnt,
1270 5760 1301 5812 ti
1331 5773 1447 5824 sqq.
1530 5755 1550 5785 '
1586 5751 1753 5805 Exod.
1785 5764 1956 5811 xum,
1988 5744 2057 5798 5'2
2090 5759 2212 5812 sqq.

2500 4556 2631 4627 ἦλθε
2685 4552 2823 4624 πρὸς
2855 4551 2952 4622 τὴν
2993 4547 3264 4620 πατρικὴν
3308 4545 3492 4597 ἑστίαν
3548 4540 3962 4613 σωφρονισθεὶς,
3991 4540 4099 4591 οὐκ

2504 4644 2831 4717 ἀπεστράφη
2863 4644 2892 4695 6
2919 4639 3123 4710 πατὴρ,
3158 4636 3279 4689 ούδέ
3315 4633 3583 4703 ἐπέθηκεν
3613 4630 3759 4699 αὐτῷ
3789 4629 3887 4691 τὰς
3916 4628 4097 4698 θύρας

2504 4733 2882 4791 ἐπανελθόντι·
2916 4728 3054 4783 ἀλλά
3094 4728 3199 4780 πᾶν
3231 4724 3559 4783 τούναντίον,
3590 4719 3981 4790 προσέδραμεν
4002 4721 4095 4784 ἐγ.

2506 4828 2731 4899 γίζοντι.
2764 4825 2856 4877 καὶ
2879 4819 3138 4889 ἐπεκλίθη
3162 4817 3240 4888 τῷ
3271 4815 3547 4886 τραχήλῳ,
3581 4803 3673 4865 καὶ
3720 4811 3957 4880 δάκρυον
3999 4812 4075 4860 ἐπ

2509 4918 2701 4986 έσταξε
2768 4913 3070 4985 συμπαθῶς
3116 4909 3193 4981 τῷ
3242 4908 3463 4978 αὐχένι,
3528 4902 3868 4974 ἐποίησενδέ
3925 4902 4102 4958 πάλιν

2501 5012 2622 5069 ἀντὶ
2645 5008 2829 5065 ἀθλίου
2869 5001 3226 5077 μακαριστὸν,
3285 4998 3578 5069 ἐλευθερίῳ
3614 4994 3888 5065 ἀμφιέσας
3924 4993 4102 5062 ἐσθῆ-

2501 5124 2575 5169 τι,
2628 5103 2725 5155 καὶ
2775 5097 3060 5153 δακτύλιον
3115 5097 3181 5166 τῇ
3240 5092 3386 5163 χειρὶ
3446 5089 3712 5160 περιθεὶς,
3766 5087 3860 5140 καὶ
3890 5088 4098 5156 ἑορτὴν

2502 5195 2650 5263 ἄγων
2684 5190 2781 5261 τὴν
2811 5189 3043 5259 ἡμέραν,
3077 5185 3175 5238 καὶ
3194 5180 3521 5253 εὐτρεπίσας
3548 5177 3781 5247 εὐωχίαν
3808 5174 4100 5245 λαμπράν.

2502 5284 2686 5338 Ταῦτα
2718 5281 2773 5333 δέ
2802 5278 2983 5332 πάντα
3016 5276 3174 5343 λόγος
3215 5273 3331 5325 ἐστὶ
3361 5268 3748 5341 παραδολικδς,
3782 5265 4105 5331 ὑπανοίγων

2502 5379 2576 5440 ὡς
2607 5373 2877 5445 πατρικὴν
2908 5370 3100 5423 ἑστίαν
3161 5365 3258 5436 τὴν
3294 5362 3645 5432 Ἐκκλησίαν,
3803 5355 4105 5427 δεχόμενος

2505 5468 2859 5541 φιλοφρόνως,
2888 5463 2973 5515 ἵνα
2999 5461 3073 5532 μὴ
3099 5458 3231 5511 ὦσιν
3259 5454 3552 5526 ὀμοδίαιτοι
3594 5454 3703 5514 τοῖς
3736 5450 3965 5520 χοίροις,
3994 5452 4111 5512 τοῖς

2495 5540 2773 5631 δαίμοσιν,
2799 5557 3061 5625 γένωνται
3119 5550 3175 5605 δέ
3207 5548 3368 5602 πάλιν
3414 5546 3472 5610 ἐξ
3519 5543 3816 5613 ἀλλοτρίων
3848 5540 3955 5594 υίοί
3978 5557 3991 5569 ·
4020 5541 4112 5595 ἵνα

2290 5742 2310 5774 ⁶
2348 5740 2475 5793 Luc.
2516 5755 2605 5801 εγ,
2643 5736 2693 5788 ll
2725 5750 2843 5804 ~qq.
