4216 6324
185 369 291 428 365

1003 362 1281 420 HOMILIA
1315 360 1454 417 Xlll.
1497 356 1940 414 AUHORTATIO
1991 358 2076 413 AD
2111 357 2606 415 PtENlTENTlAM

3345 359 3450 418 366

185 490 268 560 τῷ
295 487 598 560 βουλήματι
649 486 744 540 τοῦ
770 486 904 540 Θεοῦ
939 487 1174 552 συζῶσιν
1225 484 1301 549 ὡς
1329 484 1525 556 γνώμῃ
1553 482 1775 553 πατρὸς,

1885 481 2214 536 daemonibus
2238 483 2398 536 vitam
2433 483 2648 549 degant,
2681 480 2776 534 sed
2809 494 2876 535 ex
2919 478 3108 536 alienis
3141 496 3352 535 rursum
3379 484 3448 540 ad

187 583 422 644 καὶτοῖς
454 580 632 648 ἁγίοις
661 578 940 650 ἀνδράσιν,
973 579 1046 642 ὡς
1071 575 1341 646 ἀδελφοῖς.
1377 576 1450 628 Σὺ
1480 576 1537 628 δὲ
1568 573 1641 645 μὴ
1675 572 1771 645 ζή-

187 672 282 727 λου
299 673 400 746 τὴν
426 671 655 742 γνώμην
683 669 777 724 τοῦ
803 669 1198 743 πρεσϐυτέρου,
1233 667 1365 738 μηδὲ
1393 664 1772 735 καταγόγγυζε

188 765 289 836 τῆς
314 765 414 819 τοῦ
447 765 655 834 πατρὸς
688 761 1121 836 φιλανθρωπίας,
1165 761 1248 814 ὅτι
1311 759 1404 814 καὶ
1445 759 1535 813 τὸν
1563 760 1772 813 ἄσωτον

189 858 286 911 καὶ
318 853 584 927 ὑϐριστὴν
605 852 948 925 είσῳκίσατο.
977 849 1239 920 Θαύμαςε
1269 847 1464 919 μᾶλλον
1505 847 1605 917 τὴν
1637 847 1773 913 ἀγα-

189 950 416 1020 θότητα,
447 947 542 1001 καὶ
571 945 740 1018 μιμοῦ
771 943 866 1000 τοῦ
897 943 1034 998 Θεοῦ
1059 942 1158 1014 τὴν
1193 943 1501 1026 ερμένειαν,
1536 939 1631 992 καὶ
1649 937 1773 1000 τοὺς

186 1041 254 1094 ἐκ
284 1039 388 1110 τῆς
421 1039 632 1110 πλάνης
679 1035 1118 1108 ὑποστρέφοντας
1149 1029 1505 1102 ἐναγκαλίξου
1537 1029 1631 1083 καὶ
1676 1045 1775 1081 πε-

187 1133 498 1206 ριπτύσσου
518 1149 532 1164 ο
559 1131 736 1195 οὕτως
765 1129 873 1201 γὰρ
915 1128 1014 1202 ἔσῃ
1032 1127 1252 1197 τυφλῶν
1275 1124 1488 1196 ὁδηγδς,
1515 1122 1610 1177 καὶ
1639 1120 1776 1179 πλα-

187 1225 451 1297 νωμένων
472 1221 809 1287 διδάσκαλος.

261 1485 408 1556 Πρὸς
448 1484 547 1550 μὲν
581 1480 673 1538 οὗν
703 1485 829 1547 τοὺς
856 1481 1229 1554 τραχυτέρους
1263 1481 1363 1551 τὴν
1392 1477 1650 1549 γνώμην,
1683 1479 1778 1532 καὶ

189 1576 288 1646 τὴν
341 1576 649 1646 ἀποτομίαν
711 1574 817 1648 πρὸ
871 1575 970 1646 τῆς
1025 1571 1370 1646 συμπαθείας
1438 1568 1775 1634 ἀσκοῦντας,

192 1667 399 1730 ίκανῶς
435 1669 568 1738 ἡμῖν
623 1667 873 1738 εἴρηται,
923 1666 1018 1720 καὶ
1060 1665 1213 1719 οὐδὲν
1268 1664 1350 1718 δεῖ
1391 1663 1772 1735 μακροτέρων·

187 1761 354 1815 ἄκουε
376 1760 433 1813 δὲ
461 1760 645 1813 λοιπὸν
666 1758 768 1813 καὶ
795 1762 823 1813 ό
853 1759 953 1829 τῆς
978 1760 1313 1829 ἐπιστροφῆς
1337 1756 1606 1826 δεόμενος,
1629 1756 1780 1817 ὅπως

1882 570 2112 626 filiorum
2146 585 2428 626 numerum
2456 570 2694 639 ascripti,
2728 584 2794 625 ex
2835 568 2930 626 Dei
2975 572 3291 642 praescripto
3328 580 3451 625 tan-

1879 678 2038 732 quam
2075 679 2141 719 εχ
2180 665 2349 733 patris
2383 662 2651 720 sententia
2685 663 2886 728 vivant,
2909 672 2964 717 et
3002 672 3314 717 sanctorum
3358 662 3451 718 lio-

1883 757 2109 820 minum,
2144 766 2202 812 ut
2238 756 2468 810 fratrum
2506 755 2898 814 consuetudine
2929 756 3296 826 perfruantur.
3337 753 3452 811 Noli

1868 845 2064 900 .fl'atris
2092 845 2312 913 majoris
2342 845 2818 903 nausententiam
2858 847 3032 914 sequi,
3065 860 3165 900 nec
3193 846 3262 900 ob
3287 845 3458 913 patris

1884 937 2273 993 humanitatem
2307 936 2595 1010 indignari,
2637 936 2781 1006 quod
2821 935 3206 1005 nequissimum
3263 935 3454 999 tilium,

1884 1025 2225 1096 qui.familiae
2245 1029 2500 1084 dedecori
2535 1027 2655 1093 fuit,
2693 1026 3010 1095 susceperit.
3048 1025 3143 1082 Dei
3165 1026 3460 1096 benignita-

1890 1129 1994 1177 tem
2023 1123 2206 1192 potius
2250 1121 2675 1178 etclementiam
2691 1119 2992 1186 admirans,
3014 1120 3234 1189 eos,qui
3255 1119 3458 1175 relictis
3559 1169 3562 1171 λ

1885 1212 2163 1268 erroribus
2205 1213 2272 1268 ad
2317 1211 2540 1284 frugem
2589 1210 2786 1270 bonam
2829 1211 3082 1278 redeunt,
3130 1211 3461 1281 amplectere

1881 1311 2239 1373 anianterque
2266 1302 2408 1359 fove.
2456 1301 2547 1359 Sic
2577 1303 2722 1358 enim
2773 1303 2883 1359 eris
2933 1315 3202 1360 caecorum
3249 1303 3378 1368 dux,
3404 1310 3463 1358 et

1887 1395 2029 1450 viam
2060 1397 2370 1453 errantibus
2391 1396 2805 1454 demonstrabis.

1965 1486 2111 1544 Satis
2159 1485 2326 1545 multa
2370 1489 2438 1543 ad
2477 1503 2593 1554 eos,
2630 1490 2722 1560 qui
2771 1489 3044 1546 severiore
3089 1497 3214 1545 sunt
3255 1488 3460 1556 animo,

1886 1579 2090 1652 quique
2111 1580 2460 1636 acerbitatem
2493 1580 2692 1651 potius,
2721 1579 3188 1650 quameleultatem
3217 1589 3274 1637 et
3299 1581 3464 1636 mise-

1890 1671 2176 1728 ricordiam
2207 1681 2482 1728 exercent.
2518 1670 2672 1728 Nunc
2693 1673 2825 1728 mihi
2858 1687 2977 1738 vos,
3007 1672 3201 1742 quibus
3232 1671 3286 1725 in
3319 1673 3462 1726 viam

1890 1763 2220 1819 redeundum
2274 1774 2392 1830 est,
2443 1777 2509 1819 ac
2559 1763 3024 1835 resipiscendum,
3085 1762 3366 1819 attendite.
3405 1762 3463 1818 Si

192 1867 253 1903 σε
295 1852 575 1921 προσῆκεν
608 1846 1026 1917 ἐπιστυγνὰζειν
1063 1849 1176 1910 τοῖς
1222 1847 1652 1919 ἁμαρτήμασιν,
1684 1843 1782 1896 καὶ

1887 1854 2050 1911 Vultis
2088 1854 2298 1910 discere
2341 1869 2448 1924 quo
2496 1856 2654 1912 modo
2689 1856 2930 1927 peccatis
2956 1854 3141 1911 dolere
3165 1863 3220 1910 et
3261 1855 3465 1910 errori-

188 1942 259 1996 τὰ
301 1940 728 2013 παραπτώματα
765 1942 868 2013 τῆς
911 1939 1136 2012 καρδίας
1180 1937 1544 2011 ἀποθρηνεῖν⁸
1580 1937 1780 2009 μᾶλλον

188 2029 286 2096 δὲ,
316 2032 368 2084 εἰ
398 2030 578 2094 δοκεῖ,
619 2031 891 2102 σκόπησον
928 2031 1028 2103 τὴν
1063 2027 1388 2102 ἁμαρτωλὸν
1414 2029 1653 2100 γυναῖκα
1681 2026 1780 2101 τὴν

191 2122 347 2194 παρὰ
392 2121 485 2176 τοῦ
525 2122 710 2176 Λουκᾱ
750 2122 845 2176 ἐπὶ
891 2121 988 2175 τοῦ
1037 2122 1304 2193 παρόντος
1341 2118 1780 2189 ἀναγνωσθεῖσαν

191 2217 352 2287 ἡμῖν.
390 2213 666 2285 Κάκείνης
694 2214 756 2268 τὸ
780 2206 1036 2268 ταπεινὸν
1066 2213 1166 2266 ,καὶ
1194 2211 1478 2267 εὐσύνετον
1514 2210 1776 2280 ζήλωσον,

191 2305 288 2358 καὶ
319 2303 452 2357 λάϐε
486 2304 719 2366 κανόνας
751 2302 1041 2373 μετανοίας
1071 2301 1478 2373 ἠκριϐωμένης.
1524 2299 1781 2355 Ἐλθοῦσα

188 2396 302 2468 γὰρ
331 2397 427 2448 ἐπὶ
452 2395 543 2448 τὸν
567 2390 716 2447 οἷκον
743 2394 836 2447 τοῦ
862 2395 1179 2464 Φαρισαίου,
1202 2392 1327 2446 οὔτε
1356 2393 1416 2446 τὸ
1451 2391 1645 2464 πλῆθος
1673 2392 1781 2444 τῶν

191 2487 538 2558 ἑστιωμένων
569 2485 921 2558 ἠρυθρίασεν,
942 2484 1065 2538 οῦτε
1088 2486 1178 2538 τὸν
1207 2482 1394 2554 καιρὸν
1416 2484 1516 2552 τῆς
1553 2484 1783 2553 εὐωχίας

184 2580 266 2643 ὡς
295 2579 527 2650 ἄκαιρον
557 2579 635 2641 εἰς
668 2577 1050 2647 ἐξομολόγησιν
1079 2577 1308 2647 ἔφευγεν
1331 2584 1347 2606 '°
1379 2575 1513 2630 ἀλλὰ
1543 2578 1610 2646 τῇ
1640 2576 1784 2646 λύπῃ

191 2673 554 2742 συνεχομένη,
605 2669 700 2722 καὶ
735 2668 963 2739 σφοδρὸν
999 2668 1196 2738 ἔχουσα
1227 2667 1334 2720 τῶν
1377 2667 1783 2738 πλημμελημά-

189 2779 299 2817 των
349 2763 412 2814 to
453 2759 670 2822 πένθος,
724 2759 843 2812 οὐδὲ
882 2758 944 2811 τὸ
990 2757 1328 2828 βραχύτατον
1367 2756 1515 2826 ἠφίει
1553 2755 1644 2808 τὸν
1676 2755 1784 2808 τῶν

191 2853 484 2925 ἁμαρτιῶν
514 2851 717 2924 ἰατρόν.
755 2851 830 2902 Οὺ
870 2850 976 2921 μὴν
1001 2849 1120 2902 οὺδέ
1147 2850 1226 2911 είς
1249 2848 1311 2901 τὺ
1342 2847 1632 2919 πρόσωπον
1664 2846 1783 2900 κατ’

187 2946 314 3014 ὄψιν
344 2943 618 3015 ἐρχομένη
651 2942 890 2994 ἱκέτευεν
911 2957 923 2968 ·
957 2939 1095 2992 ἀλλὰ
1125 2939 1185 2992 τὸ
1217 2938 1433 3004 ἀνάξιον
1464 2940 1664 3010 ἑαυτῆς
1693 2937 1785 2993 καὶ

189 3035 649 3107 ἀπαρρησίαστον
679 3033 770 3085 διὰ
802 3031 899 3084 τοῦ
936 3032 1213 3101 σχήματος
1247 3032 1655 3102 ἐρμηνεύουσα,
1687 3030 1786 3102 τὴν

193 3128 342 3182 κατὰ
383 3126 554 3179 νώτου
593 3123 776 3195 χώραν
829 3121 1240 3187 καταλαϐοῦσα,
1287 3122 1380 3174 καὶ
1420 3121 1540 3174 ούδέ
1577 3119 1785 3174 ἑστῶσα

193 3218 408 3281 ἁπλῶς,
447 3215 582 3268 ἀλλὰ
621 3214 851 3267 κατόπιν
885 3212 991 3265 τῶν
1029 3211 1204 3264 ποδῶν
1237 3211 1508 3281 λαϐομένη
1534 3252 1547 3275 ,
1583 3210 1792 3263 λύσασα
1821 3206 1862 3263 C

194 3306 254 3360 δὲ
287 3306 388 3368 τὰς
419 3304 593 3374 κόμας
615 3342 628 3365 ,
659 3303 752 3354 καὶ
783 3303 894 3363 τοῖς
929 3301 1217 3372 πράγμασι
1256 3293 1654 3370 δημοσιεύουσα
1693 3299 1790 3370 τὴν

201 3396 504 3450 πενθοῦσαν
537 3394 747 3465 ψυχὴν,
781 3400 868 3446 καί
903 3397 1016 3457 τοῖς
1061 3396 1218 3446 ποσὶν
1250 3393 1339 3446 τοῦ
1390 3393 1562 3463 Ἰησοῦ
1596 3393 1657 3445 τὸ
1698 3393 1790 3446 δά-

197 3507 369 3562 κρυον
399 3489 753 3560 ἐπιρρέουσα,
785 3486 923 3557 μετὰ
949 3485 1148 3555 πολλῆς
1175 3487 1275 3555 τῆς
1304 3484 1646 3554 συμπαθείας
1671 3486 1789 3556 ᾔτει

199 3584 293 3636 τὸν
322 3582 468 3634 ἔλεον
488 3598 500 3610 ·
549 3580 645 3632 καὶ
678 3578 930 3632 τοσοῦτον
965 3577 1329 3648 προχεομένη,
1359 3577 1499 3630 ὥστε
1535 3579 1625 3630 καὶ
1661 3577 1789 3648 βρέ-

201 3691 323 3744 χειν
353 3674 480 3736 τοὺς
507 3673 695 3735 πόδας,
726 3671 818 3724 καὶ
843 3673 910 3740 τῇ
938 3669 1083 3741 κόμῃ
1118 3669 1278 3722 πάλιν
1313 3669 1659 3739 ἐκματτουσα
1693 3670 1790 3738 τὴν

200 3767 518 3838 ὑγρότητα,
551 3767 734 3817 πᾶσαν
784 3761 1070 3816 εὐλάϐειαν
1115 3762 1377 3831 ταπεινὴν
1425 3760 1786 3814 ἐπεδείκνυτο.

198 3859 324 3913 Ἶνα
351 3861 407 3911 δέ
435 3856 668 3911 συνελὼν
692 3857 850 3921 εἴπω,
884 3855 1087 3917 πάσαις
1111 3857 1233 3916 ταῖς
1255 3853 1539 3922 αἰσθήσεσι
1563 3853 1654 3905 καὶ
1680 3855 1790 3913 τοῖς

204 3953 397 4022 μέλεσι
432 3953 541 4013 τοῖς
600 3947 978 4019 ἡμαρτηκόσιν
1017 3948 1048 4016 ἡ
1080 3945 1216 4015 γυνὴ
1246 3943 1343 4015 τὴν
1389 3944 1675 4014 μετάνοιαν
1707 3941 1791 4006 ἐξ-

199 4045 388 4098 επόνει
409 4061 422 4073 ·
451 4045 483 4113 ἡ
517 4043 572 4095 δὲ
596 4041 834 4112 δημοσία
868 4041 960 4093 καί
990 4040 1068 4101 εἰς
1101 4037 1161 4090 τὺ
1196 4037 1437 4106 ἐμφανὲς
1467 4035 1638 4098 οῦτως
1671 4035 1790 4086 ὀδυ-

206 4135 415 4205 ρομένη
459 4133 557 4196 τὰς
592 4132 900 4203 ἁμαρτίας,
952 4131 1074 4183 τίνα
1128 4129 1244 4182 κατ’
1281 4128 1411 4180 ἰδίαν
1455 4128 1545 4178 ἐπὶ
1597 4125 1789 4195 σχολῆς

201 4229 496 4299 ἔπραττεν,
528 4224 737 4290 ἔξεστιν
773 4223 1190 4294 τεκμηράμενον
1223 4222 1470 4291 σννορᾷν.
1517 4219 1700 4289 Ἠμῶν
1735 4218 1790 4270 δὲ

202 4321 236 4390 ή
268 4319 370 4390 μὲν
396 4317 710 4387 ὑπόσχεσις,
738 4316 1022 4384 μετάνοιαν
1053 4313 1475 4382 ἐπαγγέλλεταιο
1507 4313 1538 4380 ἡ
1567 4310 1621 4363 δὲ
1652 4311 1792 4381 πρᾶο

203 4411 318 4477 ξις,
357 4410 505 4464 οὐδὲν
534 4410 791 4463 ἐπίπονον
823 4408 1090 4460 δείκνυσιν
1111 4425 1124 4437 ·
1167 4405 1301 4459 ἀλλὰ
1333 4406 1432 4476 τὴν
1463 4404 1634 4473 αὐτὴν
1668 4401 1790 4472 ἔχο-

206 4521 310 4574 μεν
346 4501 439 4553 τοῦ
475 4501 590 4571 βίου
625 4500 1088 4567 κατάστασιν,.ἣν
1129 4499 1220 4550 καὶ
1251 4497 1356 4567 πρὸ
1385 4495 1484 4564 τῆς
1511 4495 1791 4565 ,ἁμαρτίας

200 4594 449 4664 εἴχομεν.
483 4592 783 4663 Φαιδρότης
813 4591 920 4662 γὰρ
944 4589 1232 4660 ὁμοία,κα“ι
1261 4587 1424 4658 ἐσθὴς
1451 4589 1484 4657 ὴ
1516 4586 1674 4656 αὑτὴ,
1701 4585 1794 4639 καὶ

204 4685 488 4758 τραπέζης
519 4683 818 4746 ἀπόλαυσις
842 4681 1091 4750 δαψιλὴς,
1120 4682 1214 4734 καὶ
1254 4679 1416 4742 ῦπνος
1454 4680 1662 4750 μακρὸς
1699 4678 1792 4731 καὶ

203 4777 498 4846 λελυμένος
523 4774 600 4839 εἰς
622 4775 783 4846 κόρον
807 4789 820 4801 °
846 4774 1091 4846 ἀσχολίαι
1114 4772 1171 4825 δέ
1198 4773 1290 4825 καὶ
1319 4771 1596 4842 φροντίδες
1626 4769 1791 4822 ἐπάλς-

206 4870 382 4941 ληλοι,
414 4868 583 4939 λήθην
614 4865 942 4939 ἐμποιοῦσαι
973 4869 1036 4937 τῇ
1064 4866 1208 4935 ψυχῇ
1236 4864 1334 4934 τῆς
1361 4863 1567 4926 οἰκείας
1599 4863 1791 4932 ἐπιμε-

205 4960 394 5023 λείαςο
430 4961 587 5031 μόνον
632 4958 689 5010 δὲ
719 4957 780 5009 τὸ
813 4958 984 5027 δνομα
1024 4959 1123 5026 τῆς
1171 4955 1456 5027 μετανοίας
1489 4954 1791 5024 ἐπιγραφό-

213 5050 357 5125 μεθα
388 5054 634 5126 ἄκαρπόν
666 5070 723 5104 τε
758 5053 853 5105 καὶ
879 5051 1237 5122 ἁνενέργητον
1262 5065 1275 5077 ·
1308 5047 1415 5099 τῶν
1459 5045 1555 5116 μὲν
1591 5063 1794 5116 μυστη-

213 5151 348 5220 ρίων
390 5147 613 5209 ἑαυτοὺς
666 5143 991 5216 χωρίζοντες
1057 5143 1148 5216 καὶ
1202 5141 1301 5210 τῆς
1349 5137 1631 5199 κοινωνίας
1689 5137 1795 5189 τῶν

210 5240 540 5310 ἀπορρήτων
587 5236 980 5306 ἁγιασμάτων,
1033 5233 1288 5302 οὐδεμίαν
1334 5232 1389 5284 δὲ
1435 5229 1664 5299 σπουδὴν
1698 5230 1795 5298 τῆς

211 5329 549 5400 ἐπιστροφῆς
571 5330 670 5396 τῆς
699 5329 835 5398 πρὸς
865 5325 1004 5380 αὐτὰ
1038 5323 1371 5393 ποιούμενοι,
1403 5321 1518 5374 ἀλλ’
1554 5321 1627 5383 ὼς
1658 5319 1796 5371 εὐώ-

209 5441 301 5476 νου
367 5418 832 5490 καταφρονοῦντες
883 5417 982 5486 τῆς
1040 5414 1412 5476 ἀπολαύσεως.
1486 5413 1795 5480 Ἐννόησον,

211 5515 488 5582 ἄνθρωπε,
517 5509 762 5580 πηλίκων
791 5509 1106 5580 ἀξιούμενος
1131 5505 1435 5577 ἐχωρίσθης
1466 5505 1564 5574 τῆς
1602 5520 1793 5573 μετου-

212 5607 336 5667 σίας
367 5604 605 5656 ἐκείνων.
638 5603 699 5654 Εί
731 5600 1016 5672 βασιλικῆς
1045 5605 1107 5655 σὺ
1136 5600 1413 5674 τραπέζης
1438 5599 1679 5668 μετέχων
1705 5593 1791 5670 ᾖς,

210 5690 332 5745 εἶτα
382 5690 762 5763 προσκρούσας
809 5691 906 5761 τῆς
943 5692 1106 5762 τιμῆς
1135 5688 1478 5760 ἀπερρίφης,
1513 5689 1690 5741 πόσων
1728 5687 1793 5740 ἂν

211 5783 470 5853 ἐξωνήσω
495 5783 792 5860 χρημάτων
822 5782 878 5835 τὸ
908 5781 1065 5835 πάλιν
1093 5779 1343 5850 γενέσθαι
1372 5780 1521 5847 φίλος
1552 5779 1641 5832 καὶ
1667 5781 1793 5849 ὁμο-

1886 1950 1990 2006 bus
2026 1947 2222 2005 vestris
2259 1947 2618 2020 ingemiscere
2667 1949 2930 2017 debeatis,
2972 1945 3254 2004 mulierem
3309 1947 3465 2004 nobis

1878 2057 1917 2096 va
1954 2038 2097 2096 Luca
2128 2041 2183 2095 in
2213 2039 2505 2111 praesentia
2531 2040 2864 2112 descriptam
2907 2039 3276 2096 considerate.
3311 2038 3465 2095 lllius

1886 2131 2272 2189 demissionem
2319 2132 2486 2188 animi
2520 2140 2684 2202 atque
2727 2131 3070 2202 prudentiam
3108 2130 3462 2195 aemulamini,

1889 2223 2302 2294 absolutumque
2341 2223 2395 2279 in
2451 2239 2516 2280 ea
2566 2225 2723 2282 nobis
2770 2225 3075 2296 exemplum
3134 2224 3468 2294 paenitentiae

1889 2318 2221 2382 constituite,
2253 2332 2373 2387 qua:
2395 2315 2656 2373 Pharisaei
2683 2318 2902 2374 domum
2933 2319 3177 2388 ingressa
3213 2333 3310 2373 nec
3333 2332 3468 2373 con-

1893 2409 2136 2463 vivarum
2162 2406 2562 2464 multitudinem
2587 2408 2823 2474 erubuit,
2868 2423 2967 2464 nec
2990 2408 3220 2463 convivii
3258 2419 3467 2477 tempus

1892 2500 2266 2569 importunum
2298 2500 2654 2564 existimavit,
2689 2514 2799 2568 quo
2849 2501 3025 2555 minus
3064 2499 3130 2554 ad
3162 2500 3465 2556 confessio-

1893 2607 2015 2646 nem
2055 2591 2412 2663 confugeret;
2457 2591 2551 2646 sed
2602 2590 2787 2647 dolore
2852 2589 3070 2655 affecta,
3126 2600 3179 2646 et
3223 2601 3466 2660 peccata,

1893 2698 2014 2753 quae
2065 2685 2437 2749 commiserat,
2482 2683 2830 2738 vehementer
2878 2682 3173 2746 detestata,
3234 2697 3305 2737 ne
3348 2697 3469 2736 mo-

1893 2786 2131 2830 mentum
2174 2776 2389 2844 quidem
2431 2776 2684 2845 temporis
2722 2775 2827 2830 sibi
2869 2774 3316 2844 interponendum
3353 2776 3473 2830 exi-

1893 2868 2153 2932 stimavit,
2194 2883 2301 2938 quo
2354 2868 2531 2923 minus
2575 2868 2757 2922 statim
2790 2867 2859 2923 ad
2901 2876 3245 2935 peccatorum
3299 2867 3473 2920 medi-

1895 2975 2016 3015 cum
2050 2959 2354 3014 accederet.
2390 2957 2500 3014 Nec
2529 2967 2708 3013 tamen
2753 2959 2803 3011 in
2848 2968 3193 3027 conspectum
3224 2957 3339 3026 ejus
3370 2958 3470 3012 ad-

1895 3051 2120 3106 veniens
2153 3050 2512 3119 supplicabat,
2538 3049 2630 3105 sed
2668 3064 2732 3103 ex
2761 3049 2944 3104 habitu
2977 3065 3035 3104 se
3065 3049 3338 3120 indignam
3372 3065 3472 3118 pu-

1897 3150 2036 3205 tans,
2079 3153 2199 3208 quae
2242 3139 2414 3207 ipsum
2464 3139 2852 3208 alloquerctur,
2901 3155 2928 3192 a
2967 3149 3119 3208 tergo
3165 3139 3340 3194 locum
3377 3155 3471 3193 oc-

1896 3232 2130 3300 cupavit,
2159 3245 2256 3284 nec
2290 3229 2446 3298 plane
2486 3236 2656 3291 stans,
2683 3229 2777 3285 sed
2825 3238 2972 3284 retro
3000 3239 3269 3298 prostrata
3306 3230 3469 3299 pedes

1895 3322 2035 3376 illius
2081 3321 2357 3391 complexa
2407 3329 2507 3386 est,
2550 3319 2848 3388 solutisque
2884 3322 3054 3374 comis
3103 3321 3276 3389 reipsa
3331 3335 3470 3375 moe-

1898 3414 2067 3468 i-entis
2117 3413 2280 3467 animi
2317 3411 2655 3483 affectionem
2692 3411 3033 3478 ostendebat,
3065 3420 3118 3465 et
3144 3409 3274 3465 Jcsu
3309 3413 3472 3480 pedes

1895 3505 2147 3575 lacrytnis
2192 3505 2390 3572 rigans,
2431 3503 2598 3558 multo
2647 3518 2770 3558 cum
2818 3503 3004 3558 dolore
3037 3504 3467 3560 misericordiam

1893 3594 2215 3663 postulabat.
2259 3593 2487 3647 Tantam
2537 3594 2680 3648 enim
2719 3591 2904 3647 effudit
2943 3593 3049 3646 vim
3080 3592 3467 3664 lacrymarum,

1896 3697 1951 3739 ut
1988 3689 2150 3755 pedes
2197 3685 2315 3755 ejus
2349 3687 2609 3751 ablueret,
2660 3685 2985 3754 eosdemque
3023 3701 3211 3740 rursus
3260 3688 3470 3756 capillis

1895 3777 2252 3846 abstergeret,
2298 3785 2460 3846 atque
2493 3777 2565 3829 ita
2606 3791 2821 3830 omnem
2848 3775 3015 3832 animi
3051 3776 3231 3831 amicti
3267 3778 3467 3832 demis-

1893 3869 2096 3921 sionem
2128 3867 2444 3922 declararet.
2477 3866 2712 3929 Etenim,
2747 3877 2802 3920 ut
2835 3869 3070 3921 breviter
3104 3868 3284 3922 omnia
3321 3884 3471 3922 com-

1893 3959 2116 4027 plectar,
2153 3957 2401 4015 sensibus
2434 3967 2487 4011 et
2516 3958 2771 4012 membris
2803 3958 3074 4024 omnibus,
3102 3960 3298 4028 quibus
3352 3976 3471 4029 pec-

1891 4059 2111 4106 caverat
2149 4049 2359 4115 mulier,
2394 4049 2765 4117 prenitentiam
2805 4049 2932 4119 egit.
2979 4048 3248 4114 Quantum
3290 4065 3467 4104 autem

1896 4150 2079 4207 postea
2113 4154 2208 4208 per
2235 4140 2406 4193 otium
2452 4149 2670 4208 peccata
2709 4139 2876 4194 fuerit
2902 4141 3189 4203 detestata,
3219 4156 3339 4209 qua:
3372 4158 3470 4212 pu-

1893 4230 2029 4284 blice
2065 4237 2358 4298 aperteque
2401 4245 2462 4284 ea
2526 4238 2805 4297 tantopere
2849 4229 3002 4295 luxit,
3049 4230 3467 4299 conjicientibus

1895 4321 2021 4375 licet
2078 4319 2394 4388 intelligere.
2440 4319 2549 4373 Nos
2600 4328 2778 4373 autem
2825 4318 3001 4373 verbis
3043 4321 3255 4388 quidem
3298 4321 3472 4389 preni—

1897 4411 2117 4465 tentiam
2173 4409 2509 4479 pollicemur,
2551 4408 2708 4462 factis
2746 4423 2876 4462 vero
2919 4409 3052 4462 nihil
3099 4409 3258 4462 studii
3326 4410 3471 4464 labo-

1902 4503 2082 4572 risque
2110 4512 2450 4571 praestantius,
2477 4499 2570 4555 sed
2603 4500 2792 4555 eadem
2827 4499 3039 4553 vivendi
3076 4501 3469 4554 consuetudine

1901 4593 2120 4657 utimur,
2170 4606 2275 4660 qua
2321 4591 2496 4660 prius,
2544 4605 2704 4659 quam
2754 4599 2970 4657 peccata
3015 4590 3320 4644 conﬁtendo
3379 4589 3479 4644 de-'

1901 4693 2248 4744 testaremur,
2294 4681 2593 4736 utebamur.
2645 4680 2847 4734 Eadem
2905 4680 2957 4732 in
3000 4678 3146 4732 vultu
3199 4679 3468 4742 hilaritas,

1896 4772 2037 4826 idem
2091 4770 2143 4823 iu
2192 4769 2432 4839 corporis
2462 4769 2606 4823 cultu
2654 4769 2906 4835 victuque
2951 4767 3223 4836 splendor.
3266 4767 3469 4824 Somno

1897 4863 1962 4918 ad
1990 4863 2294 4919 satietatem
2324 4877 2495 4931 usque
2539 4860 2896 4930 induQemus,
2932 4860 3163 4928 negotiis
3215 4872 3270 4915 et
3315 4876 3470 4916 occu-

1895 4955 2201 5024 pationibus
2253 4954 2433 5007 animo
2463 4952 2763 5008 sedulitatis
2790 4950 3114 5005 oblivionem
3171 4951 3467 5016 injicimus,

1895 5046 2228 5116 pmnilentia:
2274 5060 2470 5099 nomen
2512 5049 2672 5104 inane
2725 5044 3023 5107 duntaxat,
3059 5053 3114 5096 et
3164 5042 3327 5098 nullis
3372 5059 3471 5097 ex-

1897 5151 2145 5207 pressum
2191 5135 2348 5189 factis
2405 5136 2717 5190 retinemus.
2745 5131 2785 5184 A
2833 5132 3104 5201 mysteriis
3136 5132 3351 5201 quidem
3383 5148 3472 5186 ar-

1896 5241 2265 5294 canorumque
2335 5225 2717 5280 communione
2797 5235 3256 5279 sacramentorum
3316 5224 3473 5292 culpa

1897 5326 2081 5372 nostra
2131 5317 2429 5371 decidimus
2492 5326 2546 5370 et
2593 5330 2928 5384 separamur,
2980 5332 3080 5371 nec
3127 5325 3305 5370 tamen
3356 5325 3473 5369 stu-

1895 5410 2041 5463 dium
2093 5425 2156 5463 ac
2196 5408 2526 5478 diligentiam
2583 5410 2926 5474 adhibemus,
2956 5419 3012 5462 ut
3038 5409 3106 5464 ad
3150 5422 3213 5462 ea
3248 5407 3472 5462 fruenda

1897 5511 2256 5568 revertamur,
2287 5500 2379 5554 sed
2413 5510 2471 5554 ut
2505 5502 2650 5567 vilia,
2677 5511 2730 5556 et
2762 5517 2880 5572 qua:
2919 5516 3086 5571 parvo
3127 5501 3300 5568 pretio
3335 5500 3475 5553 redi-

1895 5594 1964 5646 mi
2013 5593 2250 5658 possint,
2298 5593 2720 5648 contemnimus.
2770 5593 3096 5658 Cousidera,
3142 5593 3321 5656 homo,
3369 5607 3475 5658 qua

1903 5687 2160 5756 dignitate
2205 5686 2316 5753 jam
2362 5699 2584 5742 ornatus
2634 5687 2826 5751 fueris,
2855 5703 2999 5741 nunc
3046 5699 3221 5740 autem
3266 5702 3471 5739 careas.

1903 5776 1957 5829 Si
2005 5777 2160 5845 τιιςίω
2196 5792 2392 5832 mensae
2425 5778 2694 5848 particeps
2740 5780 2804 5834 ab
2837 5793 2899 5835 eo
2939 5778 3141 5833 honore
3171 5779 3236 5832 ob
3268 5779 3475 5831 crimen
