4216 6324
751 305 858 362 367
2031 310 2087 369 S.
2131 312 2408 370 ASTERII
2446 315 2749 373 AMASENI
2822 356 2827 367 .
3920 320 4030 380 368

754 421 973 490 aliquod
998 421 1291 476 exctdiases
1314 428 1567 491 quantam
1584 421 1825 492 pecunia
1841 422 1948 477 vim
1974 422 2338 503 impendens,

2447 428 2748 500 τράπεζοςς
2790 430 2963 484 Τίνων
2996 431 3051 484 δὲ
3093 430 3262 504 θύρας
3302 434 3401 488 οὐκ
3440 434 3505 488 ἂν
3555 433 3856 505 διώχλησας
3907 437 4027 491 ικα-

755 522 813 567 ιιι
835 512 889 569 in
910 514 1051 584 regis
1067 514 1295 585 gratiam
1320 515 1546 583 redires,
1565 524 1623 571 ut
1637 516 1895 572 honorem
1912 516 2193 585 pristinum
2210 519 2343 572 redi-

2448 520 2658 585 στεύων,
2705 522 3097 594 ἀπορούμενος,
3139 525 3359 589 στένων,
3396 525 3625 580 ἀϐίωτον
3656 528 3892 597 νομίζων
3934 528 4029 580 τὸν

754 605 964 661 meres?
982 604 1220 672 Quorum
1239 616 1418 663 autem
1439 608 1581 665 i'ores
1608 605 1855 678 supplex,
1871 607 2145 673 haesitans,
2166 609 2343 664 dolens

2450 614 2583 685 βίον,
2618 618 2684 687 τῇ
2712 617 2865 687 τήεει
2897 618 2988 670 καὶ
3036 620 3211 687 σχέσει
3253 619 3347 672 τοῦ
3395 620 3689 691 προσώπου
3726 621 3826 690 τῆς
3858 622 3917 673 ὲν
3947 619 4032 682 τῶ

756 696 1155 767 frequentares?
1172 696 1349 753 Vitam
1371 698 1614 769 profecto
1652 700 1819 769 ipsam
1843 698 1940 754 tibi
1965 698 2214 754 acerbam
2246 700 2347 753 du-

756 802 927 853 ceres,
950 790 1222 859 squalore,
1241 791 1477 859 etluctu,
1502 799 1556 847 et
1570 789 1747 845 vultus
1764 790 2091 846 demissione
2104 789 2344 846 dolorem

755 882 919 936 animi
943 897 1053 953 pra:
1072 893 1125 939 te
1153 884 1325 940 ferres
1348 903 1363 939 :
1390 899 1606 941 omnem
1639 883 1896 955 denique,
1929 891 1989 938 ut
2015 883 2188 948 aiunt,
2220 897 2338 937 mo.

754 987 910 1027 veres
961 973 1213 1044 lapidem,
1267 985 1325 1031 ut
1362 977 1431 1030 ab
1462 989 1524 1030 ea
1584 984 1637 1030 te
1693 974 2003 1030 calamitate
2054 973 2335 1031 liberares.

753 1061 905 1119 Nunc
944 1074 1123 1120 autem
1164 1066 1258 1137 qui
1301 1065 1580 1135 seiunctus
1624 1074 1707 1122 est
1745 1066 1813 1121 ab
1845 1064 2086 1120 amicitia
2130 1064 2248 1131 Dei,
2279 1076 2336 1121 et

752 1169 879 1211 vere
936 1156 1218 1212 sublimem
1277 1157 1423 1211 illam
1488 1156 1810 1227 dignitatem
1877 1155 2104 1221 amisit,
2174 1170 2337 1226 quem

754 1246 989 1303 laborem
1064 1249 1350 1317 impendit,
1400 1248 1545 1320 quod
1606 1249 1842 1304 studium
1907 1248 2150 1313 adhibet,
2208 1249 2335 1317 quid

750 1338 1009 1393 eximium
1044 1340 1202 1409 gerit,
1250 1354 1358 1409 quo
1400 1339 1694 1395 demissum
1760 1350 1923 1408 atque
1961 1338 2246 1406 humilem,
2282 1350 2337 1394 et

754 1429 1010 1486 amictum
1052 1433 1292 1487 animum
1336 1434 1588 1488 ostendat
1617 1434 1814 1489 suum?
1841 1431 1954 1486 Non
1980 1441 2065 1487 est
2101 1446 2336 1488 consen-

2447 707 2599 777 βάθει
2628 708 2931 781 λύπηςιτὴν
2966 710 3158 780 ὀδύνην
3190 710 3499 781 ἐμφαίνων
3548 712 3726 766 πάντα
3751 711 3921 774 λίθον,
3964 710 4034 764 τὸ

2442 798 2536 853 τοῦ
2568 799 2759 869 λόγου,
2802 801 3003 865 κινῶν,
3055 803 3249 875 μέχρις
3287 799 3348 857 οὗ
3385 803 3568 873 σαυτῷ
3611 804 3708 874 τὴν
3740 802 4029 873 συμφορὰν

2442 891 2875 963 ἑπηνώρθωσαςς
2922 894 2981 947 Ὀ
3006 893 3061 946 δὲ
3094 897 3193 965 τῆς
3226 895 3361 966 πρὸς
3394 893 3525 947 Θεὸν
3557 891 3883 955 οίκειώσεως
3912 910 4029 962 χω·

2439 981 2673 1054 ρισθεὶς,
2730 984 2825 1038 καὶ
2864 985 2966 1055 τῆς
3015 985 3183 1049 ὅντως
3208 985 3417 1056 ὑψηλῆς
3454 985 3619 1055 τιμῆς
3657 985 3939 1047 ἐκπεσὼν,
3971 984 4029 1037 τί

2441 1074 2583 1145 μέγα
2612 1075 2707 1129 καὶ
2740 1074 3017 1145 ἀξιόλογον
3048 1078 3279 1149 ποιήσας
3304 1078 3483 1149 ψυχῆς
3510 1078 3904 1149 κεκακωμένης
3934 1080 4025 1132 ὲν-

2436 1162 2677 1232 δείξηται
2716 1165 3109 1236 ταπεινότητας
3152 1167 3263 1219 Οὐκ
3313 1166 3459 1220 ἔστιν
3507 1167 3798 1220 ἀκόλουθον
3846 1171 4029 1221 νοσεῖν

2436 1252 2665 1322 λέγοντα
2702 1254 2802 1325 τὴν
2832 1254 2999 1326 αὐτὴν
3035 1253 3181 1325 ζωὴν
3233 1255 3473 1327 μετιέναι
3513 1258 3624 1317 τοῖς
3666 1256 4024 1323 ὑγιαίνουσιν.

2442 1341 2608 1413 Ἄλλη
2636 1343 2749 1414 γὰρ
2776 1342 2952 1397 δίαιτα
2982 1342 3077 1397 τοῦ
3122 1342 3427 1415 ἀρρώστου,
3454 1343 3547 1395 καὶ
3574 1343 3759 1412 ἔτερος
3787 1341 3900 1411 βίος
3930 1342 4029 1394 τοῦ

2438 1433 2792 1503 ὑγιαίνοντος.

754 1531 994 1587 laneum,
1040 1532 1100 1576 ut
1150 1524 1242 1593 qui
1294 1536 1354 1578 se
1401 1531 1665 1594 aegrotare
1713 1522 2025 1587 conﬁtetur,
2091 1521 2283 1577 eadem
2341 1522 2515 1578 victus
2552 1524 2761 1580 ratione
2811 1532 3015 1590 utatur,
3070 1538 3175 1593 qua
3218 1532 3443 1578 utuntur
3490 1524 3584 1585 illi.
3639 1524 3728 1593 qui
3766 1536 4027 1595 prospera

754 1622 882 1669 sunt
908 1614 1235 1671 valetudine.
1267 1613 1424 1669 Alius
1442 1614 1587 1670 enim
1617 1615 1954 1684 aegrotantis,
1982 1613 2123 1669 alius
2152 1612 2380 1668 valentis
2401 1624 2484 1668 est
2515 1613 2727 1668 vivendi
2759 1614 2969 1667 modus.

823 1704 1013 1760 Nonne
1044 1706 1195 1762 vides
1243 1716 1446 1776 quanta
1477 1707 1548 1761 sit
1578 1707 1721 1760 inter
1751 1716 2100 1776 mgrotantem
2156 1706 2337 1760 valen-
2372 1713 2413 1767 Β

752 1806 968 1866 temque
1006 1796 1309 1852 diﬁ‘erentia
1358 1812 1521 1853 sensu
1569 1798 1862 1867 percepta?
1895 1797 1987 1853 llle
2030 1813 2127 1868 pro
2193 1798 2337 1854 arbi-

751 1895 897 1940 tratu
948 1901 1045 1942 suo
1104 1889 1274 1957 vivit,
1315 1904 1638 1960 quocunque
1693 1889 1805 1943 vult
1865 1890 2245 1960 proﬁciscitur,
2285 1900 2339 1944 et

752 1981 899 2033 omni
931 1978 1106 2033 ol'ﬁcio
1154 1990 1208 2035 et
1250 1995 1475 2035 munere
1524 1981 1690 2036 libere
1731 1981 2003 2052 fungitur:
2031 1983 2120 2037 hic
2157 1989 2337 2037 autem

753 2063 805 2116 in
842 2075 1073 2135 angusto
1102 2066 1252 2134 jacet
1297 2069 1569 2137 cubiculo,
1611 2070 1799 2137 procul
1837 2070 1907 2125 ab
1933 2073 2175 2125 omnium
2206 2085 2339 2125 con-

750 2155 1040 2211 suetudine
1109 2158 1467 2227 omnibusque
1514 2160 1748 2228 negotiis
1770 2170 2053 2217 °remotus.
2088 2161 2338 2231 Agricul-

753 2259 929 2302 turam
964 2248 1190 2313 omittit,
1230 2250 1357 2304 licet
1402 2250 1545 2304 illius
1596 2259 1754 2304 antea
1807 2260 1957 2307 esset
2002 2250 2341 2306 studiosissi-

753 2355 891 2394 mus.
926 2338 1279 2395 Cumulandm
1318 2343 1561 2410 pecuniae
1606 2358 1793 2399 curam
1848 2342 2055 2413 abjicit,
2093 2344 2342 2413 quamvis

754 2429 818 2484 ad
850 2444 965 2485 rem
1002 2431 1079 2485 uti
1127 2440 1401 2486 mercator
1434 2431 1544 2500 jam
1592 2443 1740 2488 esset
1769 2434 2045 2489 attentior.
2073 2433 2175 2501 Qui
2218 2448 2344 2490 cou-

749 2522 910 2577 viviis
956 2521 1084 2576 olim
1136 2520 1438 2592 magniﬁcis
1487 2532 1540 2579 et
1579 2524 1895 2595 Sybariticis
1944 2523 2337 2590 delectabatur,

752 2626 890 2680 aqua
940 2628 1082 2667 nunc
1124 2620 1179 2667 et
1225 2613 1382 2683 panis
1425 2612 1655 2669 frustulo
1701 2617 1959 2681 vescitur,
2006 2632 2111 2671 non
2156 2617 2340 2673 liberis

756 2704 1083 2768 oblectatur,
1124 2720 1229 2759 non
1264 2705 1452 2760 uxoris
1482 2706 1653 2760 utitur
1680 2708 2105 2775 consuetudine;
2140 2709 2217 2764 illi
2253 2710 2340 2765 die

755 2806 1024 2865 noctuque
1072 2811 1158 2852 res
1207 2806 1290 2852 est
1324 2810 1449 2852 cum
1497 2798 1740 2863 medicis,
1779 2812 1914 2867 quos
1964 2800 2174 2869 magnis
2204 2816 2342 2869 pra:-

757 2889 879 2943 miis
934 2894 1185 2950 accersit,
1240 2898 1298 2941 ut
1347 2902 1533 2942 eorum
1573 2903 1739 2958 opera
1792 2889 2154 2945 convalescat.
2191 2890 2337 2958 Haec,

755 2978 845 3046 qui
893 2979 1138 3047 corporis
1190 2978 1379 3033 morbo
1422 2978 1648 3032 laborat.
1706 2978 1785 3032 Tu
1849 2994 1977 3034 vero
2021 2981 2175 3049 Cujus
2230 2982 2340 3034 ani-

2519 1709 2680 1780 Ὀρᾷς
2707 1707 2808 1778 ὅση
2851 1707 2999 1760 ἰστὶν
3032 1707 3065 1776 ἠ
3099 1706 3193 1759 τοῦ
3234 1707 3567 1775 ὑγιαίνοντος
3600 1706 3889 1777 μεταϐολὴ,
3923 1707 4029 1775 τῆς

2437 1797 2531 1851 τοῦ
2555 1798 2908 1862 ἀσθενοῦντος
2936 1798 3260 1869 μεταϐολῆς,
3284 1798 3385 1867 τῆς
3413 1797 3554 1852 κατὰ
3579 1799 3677 1867 τὴν
3705 1798 3817 1864 ἕξιν
3844 1797 4030 1850 αἰσθό-

2442 1907 2633 1961 μενος;
2668 1891 2757 1944 Ἑν
2777 1890 3034 1961 δωματίῳ
3062 1889 3244 1961 μικρῷ
3287 1891 3628 1951 κατάκειται,
3670 1891 3851 1958 πάσης
3895 1904 4031 1939 συν-

2439 1980 2602 2050 ήθους
2646 1980 3007 2051 ἀναχωρήσας
3038 1977 3353 2049 φροντίδοςο
3396 1978 3587 2049 ἀμελεί
3616 1977 3890 2049 γεωργίας
3935 1978 4030 2029 καὶ

2442 2072 2647 2144 σφόδρα
2684 2072 2987 2144 γεωργικὸς
3027 2070 3324 2141 ὑπάρχων·
3369 2071 3563 2140 ἀφίησι
3602 2070 3830 2123 πλούτου
3869 2067 4032 2138 μέρι-

2444 2181 2601 2235 μναν,
2636 2165 2665 2216 ό
2706 2162 3088 2234 χρηματιστὴς
3137 2162 3232 2214 καὶ
3284 2162 3637 2232 φιλέμπορος.
3681 2161 3877 2213 ’Υδατι
3932 2160 4031 2211 καὶ

2440 2254 2617 2325 ψωμῷ
2652 2254 3029 2326 διατρέφεται,
3064 2258 3113 2308 εί
3144 2256 3239 2308 καὶ¹
3278 2255 3543 2325 πρότερον
3584 2254 3795 2325 τρυφῆς
3822 2252 4033 2322 γέμειν.

2444 2364 2542 2401 σαν
2574 2346 2669 2400 καὶ
2698 2346 3060 2417 Συδαριτικὴν
3110 2342 3436 2415 παρετίθετο
3483 2343 3759 2411 τράπεζαν
3783 2362 3796 2374 ·
3834 2340 4030 2394 παισὶν

2441 2440 2541 2492 οὐκ
2584 2438 3005 2509 ἑπευφραίνεται
3038 2436 3105 2489 τὰ
3145 2436 3349 2507 συνήθη
3372 2477 3385 2499 ,
3427 2435 3677 2504 γαμετῆς
3710 2433 4030 2504 χωρισθείς·

2442 2531 2553 2592 τοῖς
2601 2531 2801 2599 ἰατροῖς
2840 2525 3084 2579 σύνεστιν
3124 2524 3341 2596 νύκτωρ
3388 2540 3448 2576 τε
3500 2524 3595 2576 καὶ
3631 2522 3749 2593 μεθ’
3791 2522 4031 2591 ἡμέραν,

2443 2621 2539 2675 καὶ
2574 2620 2788 2682 πολλοῖς
2824 2617 3033 2688 μισθοῖς
3074 2616 3212 2689 πρὸς
3254 2615 3538 2684 ἀγαπητὸν
3566 2614 3757 2682 κέρδος
3806 2613 4035 2667 σπεύδει

2441 2714 2540 2784 τὴν
2579 2712 2783 2779 ὑγείαν.
2823 2708 3009 2763 Ταῦτα
3040 2711 3068 2761 ό
3108 2708 3202 2759 τοῦ
3238 2707 3490 2776 σώματος
3538 2705 3837 2775 ἄρρωστος.
3885 2704 3943 2757 Ὀ
3974 2704 4033 2757 δὲ

2440 2803 2540 2875 τὴν
2564 2800 2740 2873 ψυχὴν
2782 2800 2965 2862 κακῶς
2999 2799 3342 2867 διακείμενος
3382 2794 3479 2849 τὸν
3531 2793 3819 2865 ἀσώματον
3870 2811 4034 2865 περι-

2443 2897 2726 2966 νοστήσας,
2767 2892 2843 2963 τῷ
2877 2891 3044 2963 ἰατρῷ
3086 2892 3179 2943 καὶ
3211 2887 3595 2960 πῳσποιητῶς
3628 2884 3906 2955 ὁμολογῶν
3938 2887 4037 2938 καὶ

2444 2984 2657 3047 δεικνὺς
2688 2984 2783 3053 τὴν
2818 2983 3099 3035 ἀσθένειαν
3122 3023 3136 3043 ,
3172 2978 3607 3049 καταλιμπάνεις
3639 2974 3900 3045 νέμεσθαι
3934 2978 4038 3030 καὶ

758 3085 880 3123 mus
906 3084 1047 3140 ξιξεοι
1069 3081 1171 3134 est,
1209 3085 1305 3124 cur
1333 3071 1539 3132 uou_ad
1577 3070 1843 3125 medicum
1879 3071 2181 3126 animorum
2215 3070 2338 3143 pro-

2447 3074 2787 3145 σφακελὶζειν
2810 3074 2868 3126 τὸ
2898 3072 3100 3136 πάθος,
3137 3072 3223 3125 ἵνα
3264 3070 3400 3142 πρὸς
3430 3070 3520 3121 τὸν
3560 3068 3680 3120 ὅλον
3721 3067 3884 3134 δγκον
3912 3066 4039 3121 διαδ

758 3160 950 3229 peras?
999 3176 1096 3214 cur
1147 3176 1252 3216 non
1317 3162 1365 3215 ei
1417 3161 1727 3217 conﬁtendo
1786 3162 2031 3217 morbum
2100 3164 2339 3218 ostendis

759 3251 953 3307 tuum?
981 3250 1119 3317 Quid
1159 3254 1383 3321 pateris,
1420 3262 1477 3305 ut
1522 3253 1863 3321 depasmtur,
1907 3262 1964 3305 ut
2011 3264 2249 3321 superet,
2285 3262 2343 3307 ut

760 3342 1167 3399 inﬁammetur?
1210 3343 1449 3398 Tandem
1490 3342 1778 3412 aliquando
1840 3345 2116 3413 resipisce,
2161 3345 2223 3399 ac
2262 3355 2341 3401 te-

757 3435 936 3505 ipsum
984 3448 1183 3499 nosce;
1216 3432 1382 3487 Deum
1434 3431 1718 3498 oﬂ'endisﬁ,
1755 3444 2155 3504 procreatorem
2195 3446 2341 3490 tuum

768 3527 1016 3588 irritasti,
1049 3540 1192 3590 eum,
1222 3524 1313 3593 qui
1340 3534 1395 3579 et
1427 3526 1712 3594 pra-sentis
1736 3527 1862 3580 vitae
1886 3534 2203 3596 potestatem
2243 3527 2342 3581 ba-

769 3619 883 3679 bet,
915 3624 966 3669 et
999 3616 1191 3669 futura:
1246 3613 1507 3669 Dominus
1543 3630 1605 3669 ac
1647 3614 1813 3683 judex
1859 3626 1961 3674 est.
1999 3616 2215 3672 Deliciis
2262 3618 2345 3671 in.

761 3708 987 3778 dulgens
1026 3708 1077 3761 in
1122 3708 1366 3762 morbum
1410 3706 1664 3777 delapsus
1690 3708 1793 3763 es?
1822 3722 1945 3763 eum
1983 3710 2158 3765 inedia
2187 3721 2240 3765 et
2263 3710 2345 3780 je-

758 3806 928 3875 juuiis
964 3820 1116 3859 cura.
1148 3806 1373 3860 Animus
1401 3803 1613 3859 laborat
1641 3806 2076 3863 incontinentia?
2098 3809 2347 3863 adhibea-

761 3914 854 3954 tur
885 3900 1258 3966 temperantia
1276 3900 1755 3956 medicamentum.
1784 3898 2063 3970 Multiplici
2090 3915 2154 3954 ac
2183 3901 2345 3955 nimia

763 3988 1007 4059 pecunia:
1036 3988 1329 4057 cupiditate
1355 3990 1409 4043 in
1440 3988 1630 4045 febrim
1662 3989 1826 4044 animi
1857 3990 2128 4044 incidisti?
2149 3991 2345 4044 libera-

765 4081 917 4136 litate
956 4092 1009 4135 et
1050 4082 1391 4150 eleemosyna
1435 4082 1754 4151 depellatur.
1803 4080 1931 4135 Hac
1977 4082 2119 4134 enim
2165 4091 2249 4135 est
2279 4083 2351 4135 ni-

768 4170 933 4225 mium
973 4170 1198 4239 expleta;
1234 4171 1431 4225 mentis
1472 4172 1701 4225 curatio.
1731 4170 1895 4225 Laesit
1924 4182 1975 4225 te
2006 4186 2188 4225 rerum
2220 4172 2350 4225 alie-

769 4279 961 4319 narum
1009 4263 1282 4332 direptio?
1338 4278 1457 4331 quae
1488 4272 1641 4333 rapta
1689 4273 1838 4331 sunt,
1878 4264 1945 4318 ad
1978 4266 2224 4333 proprios
2250 4266 2347 4317 do-

778 4357 956 4409 minos
1008 4364 1373 4408 revertantur.
1436 4352 1772 4409 Mendacium
1828 4363 1881 4406 te
1922 4354 2166 4422 proxime
2196 4353 2349 4407 duxit

771 4447 837 4501 ad
863 4448 1136 4501 interitum
1158 4445 1377 4516 (Perdes
1402 4446 1567 4508 enim,
1593 4444 1785 4513 inquit,
1812 4460 1987 4498 omnea
2007 4447 2099 4513 qui
2121 4445 2344 4513 loquun-

769 4556 857 4597 tur
900 4539 1319 4611 mendacium");
1350 4536 1593 4591 veritatis
1641 4536 1820 4590 studio
1853 4535 2150 4604 periculum
2192 4538 2353 4590 evite-

774 4645 883 4687 tur.
927 4629 1291 4699 Jurisjurandi
1343 4627 1562 4682 violatio
1612 4625 1896 4679 sublimem
1933 4623 2210 4678 Zachariae
2258 4625 2350 4678 ﬁlii

774 4722 1008 4776 securim
1068 4719 1284 4773 sustulit
1328 4733 1424 4788 per
1479 4732 1605 4771 aera
1664 4714 1981 4769 volitantem
2036 4729 2098 4767 ac
2138 4715 2339 4767 cuidem

782 4815 1124 4866 minitantem
1147 4811 1212 4865 5?
1246 4811 1544 4864 induantur
1573 4807 1753 4862 omnia
1792 4820 1941 4859 arma
1989 4804 2348 4873 pmniteutiaa,

778 4917 835 4961 ιιι
864 4906 1070 4959 securis
1106 4906 1273 4966 acies,
1300 4913 1351 4955 et
1383 4903 1524 4956 ictus
1568 4897 1933 4969 prapulsetur.
1969 4896 2151 4963 lmpiis
2190 4899 2355 4949 luere-

779 4998 1009 5050 ticorum
1040 4994 1389 5065 opinionibus
1415 4991 1609 5058 aliquis
1646 4988 1880 5042 infectus
1914 4986 2039 5039 est?
2074 4986 2237 5038 rectis
2266 4984 2359 5037 Ec-

2443 3168 2609 3239 χεθῇς
2660 3167 2816 3219 Ἀλλὰ
2862 3164 3211 3236 σωρρόνησον
3236 3203 3250 3226 ,
3279 3161 3447 3230 γνῶθι
3486 3159 3700 3213 σαυτόν.
3730 3158 3861 3211 Θεὸν
3907 3156 4036 3212 ἰλύ-

2445 3277 2646 3331 πησαςο
2675 3262 2761 3311 τὸν
2795 3256 3125 3328 δημιουργόν
3151 3272 3241 3308 σου
3277 3253 3653 3323 παρώργισας,
3688 3252 3777 3303 τὸν
3802 3251 3897 3305 καὶ
3929 3250 4041 3320 τῆς

2443 3353 2723 3423 παρούσης
2746 3351 2888 3419 ζωῆς
2922 3352 3017 3419 τὴν
3050 3348 3297 3413 ἐξουσίαν
3322 3346 3530 3416 ἔχοντα,
3564 3341 3775 3411 καὶτῆς
3810 3338 4041 3409 μελλού-

2448 3461 2545 3514 σης
2603 3445 2787 3515 κύριον
2842 3444 2935 3495 κα)⁸
2987 3442 3199 3512 κριτήν.
3267 3439 3399 3491 Ἀπὸ
3448 3437 3659 3508 τρυφῆς
3710 3430 4040 3500 ὲκακὼθηςς

2446 3534 2668 3603 νηστείᾳ
2702 3533 3037 3603 θεράπευσον
3084 3532 3184 3599 τὴν
3232 3529 3545 3583 ἀπόλαυσιν.
3602 3526 3889 3579 Ἀκολασία
3933 3527 4043 3595 τὴν

2446 3623 2623 3694 ψυχὴν
2649 3622 2878 3692 ἑὸλαψεν
2904 3642 2917 3689 ;
2957 3621 3281 3693 σωφροσύνη
3317 3618 3556 3688 γενέσθω
3585 3617 3683 3686 τῆς
3720 3614 4044 3686 ἀρρωστίας

2449 3716 2758 3787 φάρμακον.
2784 3712 3072 3777 Πλεονεξία
3110 3703 3373 3774 πολύυλος
3406 3710 3496 3762 τὸν
3525 3708 3714 3777 νοητὸν
3738 3706 4047 3777 είργάσατο

2449 3806 2710 3877 πυρετόν;
2742 3805 3076 3877 ἐλεημοσύνη
3102 3801 3397 3857 χενωσάτω
3421 3801 3518 3869 τὴν
3552 3798 3892 3867 πλησμονήν.
3923 3797 4043 3849 Κα-

2451 3897 2670 3968 θάρσιον
2706 3897 2813 3967 γὰρ
2844 3896 2951 3948 τῶν
2993 3892 3441 3965 πεπληρωμένων
3485 3888 3789 3959 μετάδοσις.
3831 3884 4043 3938 Ἐϐλα-

2449 3993 2549 4061 ψεν
2581 3992 2726 4062 ἡμᾶς
2764 3988 2988 4059 ἁρπαγὴ
3022 3986 3128 4041 τῶν
3165 3983 3487 4054 ἀλλοτρίων;
3528 3976 3868 4031 ὲπανελθέτω
3899 3976 4047 4043 septi;

2450 4082 2542 4135 τὸν
2571 4080 2698 4134 [διον
2737 4080 3005 4149 δεσπότην
3043 4078 3105 4130 τὸ
3134 4078 3423 4145 ἅρπαγμα.
3457 4068 3665 4131 Ψεῦδος
3698 4069 3841 4139 ἡμᾶς
3869 4070 3963 4135 ἑγγ
3981 4070 4046 4130 ii;

2451 4173 2549 4242 τῆς
2601 4172 2877 4235 ἀπωλείας
2928 4172 3135 4239 ἤγαγεν
3182 4163 3490 4236 (Ἀπολεῖς
3522 4162 3663 4231 γὰρ,
3699 4165 3849 4231 φησι.
3884 4159 4047 4212 πάνυ

2452 4281 2558 4328 τας
2588 4262 2728 4327 τοὺς
2765 4260 3107 4323 λαλοῦντας
3145 4256 3211 4309 τὸ
3256 4254 3557 4324 ψεῦδος);
3608 4250 3835 4320 ἀλήθεια
3875 4250 4048 4319 μελε-

2453 4354 2679 4424 τηθεῖσα
2716 4353 2966 4423 στησάτω
3002 4351 3092 4403 τὸν
3140 4347 3405 4401 κίνδυνον.
3442 4346 3643 4413 Ὅρκος
3698 4339 4050 4411 παραϐαθεὶς

2457 4445 2577 4513 ἄγει
2611 4446 2906 4515 πετόμενον
2941 4443 3003 4497 τὸ
3041 4442 3276 4512 διαέριον
3315 4439 3407 4492 τοῦ
3455 4435 3725 4506 Ζαχαρίου
3772 4433 4049 4503 δρέπανον

2456 4536 2552 4605 τὴν
2594 4537 2764 4605 τομὴν
2807 4534 3097 4600 ἀπειλοῦν;
3145 4528 3493 4601 ἐνδυσώμεθα
3539 4529 3718 4580 πᾶσαν
3759 4526 3855 4595 τὴν
3907 4542 4048 4576 quv-

2458 4626 2647 4679 οπλίαν
2670 4628 2767 4697 τῆς
2800 4626 3105 4697 μετανοίας,
3122 4625 3206 4677 ἵνα
3228 4623 3326 4693 τὴν
3356 4620 3539 4690 ἀκμὴν
3566 4614 4053 4686 ἁποκρουσὼμεθα

2460 4716 2551 4769 τοῦ
2586 4718 2874 4787 δρεπάνου.
2909 4720 3215 4789 Λίρετικοίς
3243 4715 3508 4783 δόγμασιν
3537 4710 3749 4770 ἀσεϐῶς
3778 4725 3860 4767 τις
3896 4707 4047 4758 £6023-

2455 4809 2674 4875 λευσεν;
2715 4812 2880 4883 ὀρθῆς
2921 4812 3077 4879 δόξης
3122 4811 3435 4881 φρονήματι
3483 4804 3581 4875 τὴν
3625 4799 4053 4869 δεισιδαιμονία-ι

2456 4891 2867 4966 φυγαδευσάτω.
2916 4898 3085 4950 Τοῦτο
3133 4897 3241 4965 γάρ
3287 4896 3434 4946 ἐστιν
3480 4892 3512 4960 ἡ
3562 4888 3859 4959 μετάνοια·
3892 4884 4055 4947 λύσις

2458 4992 2551 5041 καὶ
2593 4992 2894 5060 ἀφανισμὸς
2924 4990 3033 5041 τῶν
3080 4987 3269 5057 πρώην
3304 4986 3335 5054 ἢ
3388 4982 3528 5035 κατὰ
3571 4980 3767 5049 πρᾶξιν
3805 4978 4056 5044 ἐνεργού-

781 5087 960 5139 clesia:
999 5084 1230 5139 decretis
1277 5082 1513 5150 scipsum
1558 5079 1760 5145 expiet,
1807 5074 2343 5144 superstitionemqut

2461 5076 2633 5144 μένων
2654 5121 2666 5139 ,
2705 5080 2735 5147 ἢ
2768 5080 2906 5131 κατὰ
2938 5077 3179 5128 διάθεσιν
3215 5072 3547 5141 νοουμένων.

781 5181 1033 5247 deponat.
1060 5178 1196 5242 Quid
1240 5176 1382 5230 enim
1423 5173 1566 5227 aliud
1615 5179 1697 5225 est
1740 5167 2081 5238 pwnilentia,
2112 5166 2211 5219 nisi
2270 5167 2555 5224 dissolutio
2606 5185 2656 5224 ct
2712 5175 2918 5225 eversio
2953 5169 3374 5238 praeteritorum,
3427 5180 3546 5231 qua:
3604 5162 3684 5213 \‘cl
3717 5174 3794 5219 re,
3830 5158 3913 5209 vel
3959 5173 4057 5207 cu-

782 5271 1037 5342 gitatione
1065 5279 1189 5323 sunt
1211 5266 1483 5321 admissa?

854 5364 953 5429 Qui
998 5378 1125 5416 vero
1160 5363 1370 5430 cognita
1421 5358 1751 5429 pmnitcntiaa
1793 5354 2024 5408 utilitate
2076 5352 2254 5404 adhuc
2307 5353 2357 5403 in

785 5455 1108 5527 ﬂagitiorum
1150 5464 1203 5507 ct
1241 5452 1527 5521 impietatis
1552 5464 1709 5503 coeno
1733 5448 2025 5510 volutatur,
2061 5444 2253 5498 similis
2276 5452 2360 5499 cst

787 5548 862 5604 illi
894 5561 1073 5612 servo,
1097 5547 1184 5616 qui
1218 5545 1491 5599 dominum
1539 5542 1639 5595 sibi
1687 5541 1886 5593 iratum
1916 5538 2113 5605 sciens,
2150 5538 2202 5591 in
2234 5537 2359 5605 ejus

860 5720 1043 5779 "Psal.
1075 5737 1125 5783 γ,
1158 5723 1206 5773 7.
1298 5724 1316 5751 '
1341 5720 1467 5777 Luc.
1498 5733 1579 5786 lli,
1613 5718 1645 5773 9
1678 5730 1798 5785 sqq.

2552 5358 2607 5409 '0
2628 5356 2682 5407 δὲ
2716 5354 2993 5423 γνωρίζων
3022 5352 3081 5403 τὸ
3109 5351 3207 5419 τῆς
3237 5344 3518 5417 μετανοίας
3546 5341 3845 5409 ὠφέλιμον,
3880 5335 3971 5385 ἀεὶ
4004 5333 4063 5383 δξ

2472 5444 2598 5513 περὶ
2630 5444 2718 5495 τὸν
2748 5441 3003 5513 βόρϐορον
3045 5440 3141 5509 τῆς
3182 5437 3413 5505 ἀνομίας
3461 5430 3847 5502 στρεφόμενος,
3883 5424 4065 5513 δούὶιρ

2471 5533 2721 5603 τυγχάνει
2782 5530 3176 5601 παραπλήσιος,
3233 5523 3552 5597 γνωρίζοντι
3590 5517 3690 5587 τὴν
3746 5513 3917 5585 ὀργὴν
3965 5511 4064 5564 τοῦ
