4216 6324
1122 387 1406 444 IIOMILIA
1446 387 1583 444 χιν.
1619 386 1686 443 ΙΝ
1721 385 2118 450 PIIINCIPIUM
2157 392 2606 458 JEJUNIORUM.

3339 392 3446 455 370

197 503 494 571 δεσπότου,
527 509 586 561 ιν
633 510 789 580 ὂψεσι
817 509 870 563 ὄλ
906 511 1071 565 αὑτοῦ
1105 512 1167 566 τὸ
1202 513 1369 565 κακὸν
1414 511 1783 584 ἐργαζομένῳ,
1815 515 1862 571 Α

1775 551 1783 574 ι
1815 515 1862 571 Α
1892 527 2186 587 conspectu
2213 519 2472 575 scelerate
2492 534 2550 574 se
2582 519 2742 589 gerit,
2775 525 3158 588 peccatumque
3187 516 3440 584 duplicat.

204 597 300 649 καὶ
326 597 424 668 τὴν
450 600 726 671 ἁμαρτίαν
761 601 1224 670 τριπλασιάζοντι.
1259 602 1594 672 Εὐαίσθητος
1621 601 1776 668 γενοῦ

201 688 341 756 πρὸς
373 688 474 760 τὴν
519 691 879 761 περιέχουσάν
922 710 981 746 σε
1031 693 1209 745 νόσον.
1259 693 1552 764 Σύντριψον
1586 693 1778 746 σαυτὸν

199 777 323 831 ὅσον
350 780 572 834 δύνασαι
593 798 606 812 ’
641 781 872 852 ζήτησον
915 785 1009 836 καὶ
1049 782 1294 850 ἀδελφῶν
1324 784 1611 854 ὁμοψύχων
1650 785 1776 837 πέν-

199 865 293 928 θος
322 866 552 937 βοηθοῦν
587 885 668 920 σοι
702 871 836 941 πρὸς
863 870 960 941 τὴν
995 870 1334 942 ἐλευθερίαν·
1368 872 1537 936 δεῖξόν
1573 891 1661 942 μοι
1697 891 1776 925 πι-

199 957 329 1026 κρόν
366 973 461 1008 σου
503 959 595 1012 καὶ
621 960 840 1029 δαψιλὲς
882 962 944 1013 τὸ
984 961 1237 1032 δάκρυον,
1271 964 1357 1017 ἵνα
1408 962 1545 1033 μίξω
1587 971 1679 1015 καὶ
1717 965 1776 1016 τὸ

195 1045 330 1114 ἐμόν
351 1063 365 1077 ·
405 1047 535 1100 λάϐε
565 1051 658 1102 καὶ
690 1052 780 1103 τὸν
818 1052 968 1123 ίερέα
1001 1055 1258 1105 κοινωνὸν
1290 1044 1390 1124 τῆς
1423 1053 1672 1122 θλίψεως,
1703 1055 1777 1118 ὡς

196 1139 432 1208 πατέρα.
476 1142 571 1205 Τίς
603 1145 711 1215 γὰρ
757 1144 928 1207 οὕτως
963 1145 1152 1216 Πατὴρ
1193 1146 1560 1216 ψευδώνυμος,
1606 1147 1637 1215 ἢ
1679 1149 1776 1217 τὴν

194 1228 376 1300 ψυχὴν
404 1232 780 1302 ἀδαμάντινος,
809 1235 883 1298 ὠς
916 1235 990 1306 μὴ
1014 1237 1398 1308 συνοδύρεσθαι
1427 1241 1539 1300 τοῖς
1567 1239 1777 1302 τέκνοις

196 1319 591 1390 λυπουμένοις,
628 1323 658 1394 ἢ
709 1325 869 1378 πάλιν
919 1327 1407 1397 συνευφραίνεσθαι
1453 1329 1774 1398 χαίρουσιν;

206 1409 411 1480 Ἰερεὺς
458 1413 573 1464 υἱοῦ
619 1413 713 1466 τοῦ
763 1415 900 1468 κατά
949 1415 1245 1485 θρησκείαν
1304 1417 1475 1480 οὕτως
1525 1417 1775 1488 ὀδύρεται

194 1501 497 1571 ἁμαρτίαν,
527 1503 600 1565 ὡς
641 1503 832 1559 Ἰακὼϐ
863 1505 956 1559 τοῦ
998 1508 1197 1576 Ἰωσὴφ
1225 1507 1315 1560 τὸν
1346 1509 1664 1580 ᾑμαγμένον
1696 1527 1777 1578 χι-

194 1589 340 1641 τῶνα
360 1607 373 1619 ·
405 1589 482 1653 ὡς
516 1593 678 1646 Δαϐὶδ
708 1594 800 1646 τοῦ
847 1595 1199 1665 Ἀὁεσσαλὼμ
1228 1597 1316 1650 τὸν
1357 1598 1576 1669 ὄλεθρον
1598 1639 1611 1661 ,
1641 1598 1716 1661 ὡς
1747 1600 1776 1650 ό

203 1676 332 1748 Ἐλὴ
364 1681 454 1732 τὸν
518 1683 666 1751 Ὀφνὶ
699 1685 792 1736 καὶ
831 1686 1015 1748 Φινεὲς
1047 1688 1312 1751 πεσόντας
1346 1689 1438 1742 ἐπὶ
1470 1690 1569 1758 τῆς
1597 1706 1772 1758 παρα-

191 1768 420 1832 τάξεως,
448 1771 523 1834 ὡς
559 1773 799 1843 Μωῦσῆς
829 1775 919 1829 τὸν
949 1776 1074 1829 λαὸν
1101 1777 1192 1830 τὸν
1233 1778 1389 1832 ἄθεον
1422 1779 1770 1849 μοσχοποιίαν

195 1864 690 1932 καινοτομήσαντα.
716 1841 830 1937 H90
849 1867 955 1918 τῶν
990 1868 1314 1938 σωματικῶν
1338 1841 1609 1941 πατέρῶν,
1639 1870 1769 1940 θὰῥ-
1800 1841 1844 1897 Β

193 1953 360 2020 ρησον
414 1951 491 2022 τῷ
537 1954 677 2006 κατά
726 1953 857 2007 Θεόν
897 1973 954 2008 σε
1004 1961 1322 2029 γεννήσαντι
1344 1978 1356 1987 ·
1410 1959 1582 2026 δεῖξον
1620 1961 1770 2033 αὺτῷ

191 2042 635 2114 ἁνερυθριάστως
676 2046 742 2098 τὰ
792 2049 1179 2118 κεκρυμμένα·
1227 2052 1512 2120 γύμνωσον
1557 2053 1625 2106 τὰ
1672 2054 1772 2125 τῆς

190 2131 370 2201 ψυχῆς
395 2133 699 2204 ἀπόρρητα,
724 2135 799 2200 ὡς
828 2137 995 2208 ίατρῷ
1017 2139 1189 2202 πάθος
1214 2141 1472 2194 δεικνύων
1506 2144 1774 2216 κεκαλυμ-

193 2222 388 2289 μένον·
427 2223 589 2286 auro,-
630 2226 1021 2298 ἐπιμελήσεται
1066 2229 1159 2282 καὶ
1210 2231 1310 2300 τῆς
1362 2232 1771 2305 εὐσχημοσύνης

189 2314 285 2364 καὶ
314 2313 416 2381 τῆς
450 2314 760 2384 θεραπείας·
797 2317 959 2370 πλέον
986 2320 1018 2388 ή
1050 2319 1212 2384 αἰδὼς
1238 2321 1346 2374 τῶν
1370 2323 1572 2390 γονέων
1608 2325 1772 2379 ἅπτε-

189 2417 282 2453 ται
321 2401 438 2454 τῶν
479 2405 823 2458 πεπονθότων
865 2406 1067 2461 αὐτῶν.
1117 2409 1182 2462 Ἦ
1222 2411 1329 2482 γὰρ
1372 2412 1598 2466 ἐκείνων
1646 2415 1773 2481 δόξα

187 2491 296 2543 τῶν
343 2496 763 2563 γεννησαμένων
818 2497 999 2562 ἐστὶν,
1061 2502 1154 2552 καὶ
1199 2503 1232 2571 ἡ
1274 2502 1502 2572 αἰσχύνη
1551 2504 1767 2574 ὁμοίως.

193 2582 445 2652 Ἀδηλος,
478 2585 717 2654 ἀδελφοὶ,
747 2588 847 2659 τῆς
877 2590 1024 2659 ζωῆς
1053 2592 1085 2661 ή
1112 2591 1439 2663 προθεσμία.
1474 2594 1771 2665 Φθάσωμεν

187 2674 251 2742 τῇ
288 2675 577 2746 ἐπιμελείᾳ
619 2677 715 2748 τήν
751 2679 946 2745 ἔξοδον.
975 2683 1208 2737 ’Ἄτοπον
1229 2683 1336 2754 γὰρ
1373 2686 1498 2748 τοὺς
1550 2686 1649 2755 μὲν
1673 2687 1772 2758 τῆς

188 2762 393 2829 σαρκὸς
423 2762 817 2834 λελογισμένως
848 2768 1198 2838 ποιουμένους
1222 2771 1321 2842 τὴν
1355 2772 1608 2843 πρόνοιαν
1628 2814 1642 2834 ,
1678 2791 1770 2827 κα-

187 2849 397 2921 θαίρειν
424 2855 648 2917 ἑαυτοὺς
681 2855 788 2909 τῶν
819 2857 957 2912 ὑλῶν
989 2860 1095 2930 πρὸ
1123 2863 1220 2930 τῆς
1254 2862 1507 2933 ὲπιτολῆς
1552 2863 1645 2916 τοῦ
1681 2865 1766 2916 λε-

188 2944 423 3012 γομένου
469 2948 655 3008 κυνός·
686 2948 774 3003 ἵνα
819 2947 893 3020 μὴ
939 2949 1199 3005 διασαπὲν
1232 2953 1297 3005 ὲκ
1337 2953 1436 3023 τῆς
1481 2954 1618 3022 ἄγαν
1654 2954 1770 3025 θερ-

187 3033 424 3103 θεότητος
457 3035 518 3088 τὸ
558 3037 742 3109 ὑγρὸν,
775 3040 1053 3095 νοσοποιὸν
1084 3040 1246 3113 σῆψιν
1280 3043 1598 3114 ἐργάσηται·
1643 3047 1768 3109 τοὺς

187 3123 242 3177 δὲ
273 3126 428 3228 xari-
460 3128 699 3228 διάνοιαν
733 3131 1050 3201 ἐπιμελείας
1077 3132 1375 3205 χρῄζοντας
1409 3136 1483 3207 μὴ
1518 3136 1763 3207 προφθὼ-
1791 3169 1834 3228 C

188 3231 300 3267 νειν
331 3218 430 3269 τοῦ
472 3219 702 3273 θανάτου
740 3222 835 3293 τήν
880 3223 1103 3293 ἀδηλίαν
1138 3226 1233 3279 καὶ
1271 3225 1367 3278 τοῦ
1405 3227 1760 3299 κολαστηρίου

185 3307 357 3376 πυρὸς
386 3309 485 3378 τὴν
515 3308 692 3373 ζέσιν,
726 3312 816 3366 τοῦ
853 3314 1103 3384 ἀλήκτως
1143 3315 1449 3384 φλέγοντος,
1484 3320 1578 3372 καὶ
1608 3320 1760 3390 μηδέ-

185 3410 313 3446 ποτε
334 3395 663 3470 ψυχομένου.
691 3399 800 3471 Τὴν
824 3402 1073 3474 δραχμὴν
1094 3400 1239 3473 εἶχες
1256 3406 1356 3476 τὴν
1382 3407 1758 3482 εὐαγγελικὴν,

185 3485 278 3536 καὶ
304 3485 485 3548 καλῶς
514 3489 793 3554 ἐπλούτεις
812 3492 890 3563 τῷ
917 3494 1160 3565 χρήματι
1181 3510 1195 3522 ·
1225 3492 1343 3550 εἶτα
1371 3497 1458 3550 διὰ
1486 3500 1759 3571 ρᾳθυμίαν

183 3573 493 3638 ἀπώλεσας.
530 3579 699 3647 Ἄψον
728 3581 818 3632 τὸν
859 3583 923 3635 ὲκ
952 3584 1050 3653 τῆς
1088 3585 1374 3654 μετανοίας
1402 3586 1621 3656 λύχνον·
1656 3607 1757 3645 καφ

181 3662 425 3733 τάκυψον
472 3669 780 3740 ἐπιμελῶς·
830 3671 1061 3743 ζήτησον
1098 3674 1158 3727 τὸ
1195 3677 1475 3748 κειμήλιον
1508 3683 1617 3742 τοῖς
1645 3681 1757 3751 γηί-

183 3772 292 3819 νοις
327 3759 770 3829 ὲγκρυπτόμενον
824 3764 1068 3820 πάθεσιν.
1135 3765 1400 3838 Εὐρηκὼς
1452 3771 1641 3823 ἀνελοῦ
1672 3774 1766 3825 καὶ

185 3847 357 3902 σῶσον
381 3867 394 3880 ·
435 3852 520 3904 ἵνα
559 3870 639 3906 σοι
681 3857 1041 3928 συγχαρῶμεν
1083 3859 1134 3910 οί
1158 3840 1412 3927 ’γείτονες
1455 3865 1627 3933 χαρὰν
1666 3863 1764 3935 τὴν

181 3938 241 3990 ἂν
273 3939 515 4011 Χριστῷ.
542 3938 613 4013 Ὦ
655 3945 850 4017 πρέπει
878 3947 1003 4011 δόξα
1029 3947 1123 4000 νῦν
1163 3949 1255 4002 καὶ
1283 3950 1369 4002 ἀεὶ
1399 3953 1490 4004 καὶ
1535 3954 1613 4017 είς
1639 3955 1764 4017 τοὺς

182 4027 384 4093 αἰῶνας
405 4031 512 4084 τῶν
542 4033 773 4089 αἰώνων.
815 4036 1006 4108 Ἀμήν.

1876 606 2102 672 Explora
2153 610 2402 666 celeriter
2453 621 2506 666 et
2562 611 2844 680 diligenter
2890 608 3254 662 animadverte
3302 621 3447 661 mor-

1877 697 2024 765 bum,
2057 715 2164 768 quo
2183 699 2406 756 aﬂectus
2433 717 2513 756 es.
2543 701 2766 771 Suscipe
2796 716 2860 754 ex
2894 715 2958 754 eo
2978 698 3238 762 dolorem,
3266 714 3443 767 quan-

1877 800 1990 842 tum
2026 792 2318 846 maximum
2355 801 2526 860 poles;
2563 790 2735 860 amige
2771 801 2842 857 te,
2875 791 3177 857 fratresque
3217 791 3447 843 benevo-

1878 882 2029 934 volos
2075 891 2234 950 atque
2268 883 2548 937 unanimes
2589 883 2804 943 adhibe,
2853 883 2942 950 qui
3014 882 3170 934 simul
3225 880 3444 935 doleant

1877 969 2291 1038 adjumentoque
2364 970 2506 1032 sint,
2572 981 2628 1024 ut
2680 970 2941 1022 libereris.
3015 968 3248 1024 Ostende
3301 969 3436 1022 mihi

1876 1075 2087 1114 amaras
2130 1069 2294 1130 atque
2329 1059 2519 1114 uberes
2559 1060 2818 1129 lacrymas
2868 1069 3005 1122 tuas,
3055 1069 3112 1113 ut
3151 1075 3295 1113 meas
3341 1075 3440 1128 ego

1876 1164 2089 1219 quoque
2158 1152 2563 1205 commisceam.
2625 1148 2940 1204 Amictionis
3006 1151 3322 1219 participem
3387 1159 3438 1204 et

1876 1241 2083 1295 socium
2138 1257 2291 1295 sume
2344 1241 2705 1307 sacerdotem,
2739 1248 2797 1293 ut
2847 1249 3075 1308 patrem.
3123 1239 3252 1304 Quis
3300 1240 3437 1294 enim

1879 1338 1985 1383 tam
2033 1329 2165 1383 falso
2205 1329 2510 1383 nominatur
2558 1327 2740 1392 Pater,
2790 1341 2880 1382 aut
2924 1337 3030 1382 tam
3081 1329 3216 1382 duro
3285 1339 3432 1397 atque

1878 1420 2224 1473 adamantino
2255 1421 2434 1474 animo
2467 1422 2723 1490 praulitus
2744 1431 2848 1482 est,
2886 1421 2975 1489 qui
3013 1436 3116 1475 non
3149 1421 3273 1473 ﬁliis
3312 1435 3434 1474 mm-

1881 1511 2126 1565 rentibus
2154 1509 2354 1574 doleat,
2391 1521 2445 1564 et
2483 1512 2844 1580 gaudentibus
2881 1511 3136 1565 laetetur?
3174 1510 3439 1566 Sacerdos

1879 1602 1950 1654 ita
1994 1601 2240 1656 tristatur
2272 1602 2339 1654 ob
2370 1609 2651 1668 peccaturo
2690 1598 2850 1662 illius,
2885 1613 3042 1668 quem
3091 1609 3312 1668 propter
3360 1614 3440 1652 re-

1877 1690 2123 1760 ligionem
2175 1690 2337 1744 habet
2378 1689 2498 1746 loco
2540 1689 2653 1754 lilii,
2687 1698 2744 1743 ut
2779 1687 2945 1743 Iacob
2980 1688 3091 1742 visa
3128 1689 3307 1742 tunica
3354 1685 3442 1742 Jo-

1876 1782 2006 1851 seph
2057 1781 2316 1849 sanguine
2373 1795 2668 1852 conspersa
2729 1779 3114 1849 querebatur’,
3169 1787 3226 1832 ut
3279 1778 3441 1832 David

1873 1871 2004 1925 luxit
2034 1869 2325 1925 Absalonis
2345 1870 2617 1925 interitum
2639 1870 2705 1933 ‘°,
2745 1879 2802 1923 ut
2826 1868 2943 1923 Heli
2975 1866 3204 1936 Oplmim
3232 1875 3284 1921 ct
3309 1866 3435 1921 Phi-

1873 1975 2047 2022 neem,
2092 1960 2182 2030 qui
2219 1960 2271 2014 in
2309 1961 2426 2015 acie
2464 1960 2858 2024 ceciderant“,
2905 1967 2962 2011 ut
3004 1957 3176 2013 Moses
3218 1957 3438 2026 impium

1872 2052 2122 2122 populum
2181 2051 2272 2119 qui
2326 2065 2504 2106 rerum
2563 2065 2822 2105 novarum
2885 2048 3158 2104 studiosus
3215 2047 3438 2101 vitulum

1871 2143 1974 2198 sibi
2027 2139 2436 2199 conﬂaverat".
2473 2141 2833 2209 Quamobrem
2903 2140 3076 2209 major
3129 2138 3229 2192 tibi.
3275 2139 3327 2192 in
3378 2152 3442 2192 eo

1873 2233 2065 2289 ﬁducia
2100 2232 2190 2298 sit,
2222 2232 2313 2302 qui
2359 2241 2409 2286 te
2458 2233 2511 2286 in
2566 2231 2672 2287 Deo
2720 2231 2926 2301 genuit,
2964 2243 3122 2298 quam
3165 2227 3218 2281 in
3257 2225 3386 2290 illis,
3411 2241 3440 2280 ι

1871 2325 2065 2394 quibus
2096 2337 2320 2392 corpore
2355 2333 2664 2391 procreatus
2697 2336 2774 2377 es.
2805 2321 3073 2375 Audacter
3117 2318 3343 2374 ostende
3367 2319 3442 2372 illi

1870 2429 1988 2484 quae
2025 2423 2151 2469 sunt
2183 2413 2474 2468 recondita.
2500 2412 2676 2466 Animi
2708 2425 2906 2465 arcana
2941 2421 3190 2478 tanquam
3232 2408 3440 2464 occulta

1872 2507 2088 2560 vulnera
2150 2506 2360 2560 medico
2414 2514 2618 2572 retege.
2667 2503 2783 2571 Ipse
2830 2511 2884 2555 et
2933 2502 3172 2564 honoris,
3202 2509 3258 2553 et
3294 2500 3440 2554 vale-

1876 2595 2074 2650 tudinis
2133 2605 2237 2649 tuae
2283 2595 2548 2650 rationem
2589 2592 2830 2646 habebit.
2879 2591 3135 2646 Filiorum
3180 2591 3444 2646 dedecore

1876 2687 2046 2757 magis
2078 2695 2363 2740 moventur
2408 2693 2680 2754 parentes,
2714 2698 2874 2754 quam
2931 2684 3028 2752 ipsi
3072 2682 3187 2740 lilii.
3218 2680 3350 2736 Nam
3386 2690 3443 2736 ut

1875 2774 2103 2830 ﬁliorum
2144 2773 2310 2844 gloria
2354 2774 2421 2828 ad
2467 2779 2719 2842 parentes
2765 2774 3018 2841 pertinet,
3049 2773 3126 2826 sic
3157 2772 3320 2826 etiam
3348 2771 3442 2826 de-

1871 2864 2034 2918 decus
2065 2874 2118 2918 et
2145 2863 2437 2932 turpitudo.
2481 2862 2724 2916 Incertus
2773 2869 2876 2927 est,
2913 2861 3143 2928 fratres,
3181 2859 3443 2916 terminus

1871 2956 2018 3019 vitae,
2047 2955 2342 3010 discessum
2373 2967 2403 3007 e
2435 2952 2546 3007 vita
2577 2951 2850 3022 diligentia
2904 2962 3314 3021 praevertamus.
3338 2951 3444 3006 Ab-

1871 3045 2091 3099 surdum
2119 3044 2261 3098 enim
2292 3053 2396 3109 est,
2420 3058 2542 3099 cum
2587 3041 2686 3106 illi,
2714 3041 2805 3110 qui
2848 3041 3090 3107 corporis
3116 3040 3441 3101 valetudinis

1872 3138 2131 3190 rationem
2179 3135 2400 3199 habent,
2429 3134 2637 3202 seipsos
2667 3141 2973 3200 expurgent
3013 3140 3139 3187 aute
3180 3130 3436 3186 canicula:

1869 3235 2139 3289 exortum,
2176 3241 2265 3289 ne,
2292 3225 2434 3293 quod
2466 3222 2742 3278 humidum
2776 3222 2829 3275 in
2861 3220 2965 3275 illis
2994 3230 3100 3285 est,
3133 3221 3438 3276 vehementi

1870 3317 2035 3386 ipsius
2074 3315 2267 3369 ardore
2297 3321 2691 3382 corrumpatur,
2718 3319 2772 3365 et
2817 3311 3035 3365 morbos
3083 3310 3291 3378 pariat‘;
3321 3325 3434 3376 eos,

1866 3408 1956 3477 qui
1983 3407 2147 3461 animi
2188 3418 2373 3459 curam
2397 3411 2612 3474 gerunt,
2647 3402 2911 3455 incertum
2940 3401 3131 3455 mortis
3156 3401 3298 3455 diem
3331 3416 3434 3456 non

1867 3503 2228 3560 antevenere,
2274 3501 2330 3546 et
2369 3491 2617 3545 arderem
2662 3488 3023 3543 excruciantis
3077 3479 3222 3544 illius
3275 3489 3438 3558 ignis,

1868 3584 1957 3655 qui
1992 3594 2251 3638 aeternum
2295 3580 2580 3644 comburit,
2614 3587 2666 3634 et
2717 3578 2917 3632 nullum
2945 3592 3180 3648 unquam
3216 3579 3437 3650 refrige-

1868 3677 2004 3736 rium
2030 3674 2286 3728 admittit.
2318 3671 2639 3726 Drachmam
2665 3669 3052 3740 evangelicam,
3081 3685 3245 3738 quam
3277 3685 3433 3725 acce-

1862 3783 2041 3838 peras,
2088 3773 2144 3820 et
2185 3779 2288 3835 qua
2338 3763 2485 3818 dives
2541 3760 2764 3816 effectus
2813 3758 3013 3824 fueras,
3073 3760 3288 3836 ignavia
3344 3767 3435 3814 tua

1863 3857 2168 3928 perdidisti,
2198 3852 2524 3924 poenitentia-
2559 3851 2830 3906 lucernam
2874 3850 3108 3906 accende
3132 3850 3195 3902 “.
3234 3849 3436 3903 lnclina

1866 3961 1917 4005 te
1950 3950 2251 4018 diligenter.
2290 3944 2438 3998 Illam
2468 3957 2658 4014 gazam
2702 3945 2753 3996 in
2797 3941 3024 3995 terrenis
3062 3939 3437 3995 aﬂ‘ectionibtis

1863 4043 2131 4098 defossam
2166 4037 2447 4105 conquire,
2477 4034 2746 4088 inventam
2781 4032 2905 4085 tolle
2963 4040 3122 4100 atque
3151 4043 3433 4096 conserva,

183 4125 240 4173 ut
290 4133 386 4171 nos
425 4120 585 4174 \‘It'llli
640 4124 991 4192 gratulemur,
1023 4135 1074 4180 et
1122 4142 1184 4182 eo
1211 4130 1406 4198 gaudio
1445 4131 1760 4203 alliriamur,
1802 4135 1947 4206 quod
1988 4142 2071 4188 est
2125 4134 2178 4184 in
2226 4127 2461 4191 Christo,
2532 4125 2617 4179 cui
2688 4123 2852 4194 gloria
2889 4123 2941 4175 in
2975 4125 3165 4177 5³⁷8011⁸³³
3208 4121 3432 4184 sarculo-

181 4222 321 4261 l'um.
357 4209 547 4263 Amen.

924 4307 1019 4360 ΙΝ.

396 4390 586 4456 Λόγος
612 4393 697 4458 εἰς
722 4393 835 4461 τὴν
859 4395 1057 4466 ἀρχὴν
1088 4396 1205 4453 τῶν
1225 4403 1540 4468 νηστειῶν.

249 4478 513 4534 Σύνθετον
571 4482 710 4546 ζῶον
761 4488 789 4539 ὁ
836 4488 1140 4561 ἄνθρωπος,
1200 4493 1307 4545 ἀπὸ
1360 4493 1610 4564 σώματος
1664 4497 1756 4549 τοῦ

181 4570 530 4639 φαινομένου,
587 4572 806 4644 καὶτῆς
835 4574 1059 4647 λογικῆς
1112 4579 1206 4632 καὶ
1258 4581 1549 4652 ἀσωμάτου
1578 4582 1756 4654 ψυχῆς

176 4657 360 4730 λαχὼν
410 4655 548 4714 εἶναι
598 4663 734 4735 ὅπερ
777 4666 944 4720 ἐστίν.
997 4669 1116 4722 Τῶν
1174 4670 1230 4723 δὲ
1275 4670 1602 4727 δύοτούτων
1647 4675 1754 4730 τῶν

182 4749 600 4820 προρρηθέντων
654 4753 754 4825 οὐχ
809 4755 1069 4827 ὁμότιμος
1117 4760 1150 4830 ή
1203 4761 1364 4829 φύσις
1418 4762 1510 4815 καὶ
1541 4764 1574 4833 ή
1605 4762 1751 4829 ἀξία·

183 4840 320 4893 ἀ).λά
353 4842 416 4894 τὸ
450 4843 546 4912 μὲν
579 4843 809 4915 ὖργανον
840 4847 1266 4921 ἐδημιουργήθη.
1302 4850 1439 4923 πρὸς
1484 4852 1582 4925 τήν
1611 4855 1753 4907 οἶκο-

183 4932 374 5000 νομίαν
403 4934 500 5003 τῆς
535 4934 842 5009 κρατούσης
873 4939 1208 5011 κινούμενον·
1243 4942 1279 5015 ή
1320 4941 1375 4994 δὲ
1403 4942 1753 5014 ἡγεμονεύειν

183 5021 383 5093 ξτάχθη
422 5026 512 5077 καὶ
561 5025 882 5095 βασιλεύειν,
928 5028 1004 5093 ὡς
1049 5031 1312 5102 κρείττων
1353 5033 1447 5086 τοῦ
1491 5035 1749 5105 χείρονος.

183 5109 436 5163 Δαὸοῦσα
477 5113 531 5166 δὲ
563 5114 700 5184 αὕτη
731 5115 790 5167 τὸ
840 5116 1169 5186 διακριτικὸν
1217 5121 1324 5174 ἀπὸ
1367 5121 1460 5174 τοῦ
1495 5121 1607 5186 νοῦ,
1661 5125 1753 5175 καὶ

182 5199 270 5252 τοῦ
293 5200 472 5267 λόγου,
501 5205 593 5255 καί
613 5203 722 5257 τῶν
748 5204 946 5269 καλῶν,
983 5208 1074 5259 καὶ
1099 5208 1206 5261 τῶν
1247 5209 1501 5262 τοιούτων
1525 5211 1622 5280 τὴν
1639 5211 1752 5264 δια-

181 5288 354 5360 φορὰν
388 5289 701 5364 ἐξευροῦσα,
759 5296 1010 5367 γνωρίζει
1076 5298 1172 5368 μὲν
1212 5299 1304 5352 τὸν
1348 5300 1480 5353 Θεὸν
1526 5303 1754 5372 ποιητὴν

183 5381 277 5434 καὶ
300 5379 632 5452 δημιουργὸν
677 5386 786 5440 τῶν
831 5404 891 5440 τε
938 5389 996 5440 ὲν
1041 5391 1166 5442 ποσὶ
1192 5389 1393 5445 τούτων
1422 5394 1515 5445 καὶ
1541 5395 1606 5463 τῇ
1668 5395 1751 5446 αἱ·

188 5468 379 5538 οΘήσει
411 5470 789 5541 καταληπτῶν,
829 5476 890 5529 ού
931 5477 1036 5549 μὴν
1061 5477 1194 5532 ἀλλά
1224 5478 1323 5532 καὶ
1345 5481 1451 5533 τῶν
1484 5482 1752 5554 ἀοράτων,

2583 4298 2717 4354 XIV.

2066 4398 2250 4453 Oratto
2289 4411 2346 4449 ιιι
2382 4393 2696 4462 principium
2730 4392 3054 4461 jejumorum
3095 4390 3226 4461 (61).

1935 4489 2304 4560 Compositum
2343 4485 2543 4540 animal
2571 4494 2655 4539 est
2691 4485 2883 4548 homo,
2919 4499 2984 4539 ex
3017 4497 3244 4553 corpore
3269 4497 3431 4551 aspe-

1861 4584 2074 4647 ctabili,
2113 4590 2164 4636 et
2197 4595 2262 4636 ex
2299 4579 2476 4633 anima
2504 4577 2749 4632 rationali
2785 4584 2839 4631 et
2869 4576 3182 4644 incorporea
3224 4574 3431 4630 habens

1863 4684 2032 4731 totum
2077 4673 2216 4744 quod
2266 4679 2367 4726 est.
2417 4667 2682 4746 Caeterum
2725 4668 2987 4731 duorum,
3030 4681 3149 4736 qua:
3175 4665 3287 4734 jam
3338 4678 3431 4718 τε·-

1861 4765 2200 4827 censuimus,
2241 4779 2347 4818 non
2384 4771 2466 4815 est
2498 4759 2716 4829 aequalis
2750 4757 2968 4812 honoris
2999 4765 3220 4820 natura,
3252 4768 3430 4824 neque

1860 4856 2131 4925 dignitas:
2183 4855 2277 4908 sed
2333 4866 2527 4918 corpus
2575 4850 2791 4918 quidem
2845 4847 3120 4903 conditum
3168 4854 3254 4917 est
3310 4854 3426 4898 tan-

1860 4960 2023 5014 quam
2085 4946 2544 5003 instrumentum,
2615 4941 2681 4995 ad
2749 4940 3032 5009 imperium
3099 4935 3429 4992 dominantis

1860 5038 2051 5091 animm
2120 5034 2322 5090 moveri
2384 5031 2621 5086 solitum.
2679 5031 2748 5084 At
2802 5030 2979 5084 anima
3031 5042 3096 5082 eo
3158 5027 3426 5080 destinata

1858 5135 1971 5188 est,
2022 5133 2077 5179 ut
2131 5126 2356 5194 imperet
2402 5122 2547 5177 velut
2592 5121 2934 5191 praestantior
2985 5118 3259 5174 deteriori.
3310 5117 3427 5183 Qua

1858 5209 2208 5271 discernendi
2239 5215 2494 5269 facultate
2532 5229 2559 5267 a
2604 5221 2781 5268 mente
2818 5219 2874 5265 et
2915 5211 3126 5264 ratione
3159 5217 3378 5276 accepta
3408 5246 3424 5272 ,

1857 5316 1909 5363 et
1942 5306 2151 5362 honesti
2187 5321 2251 5359 ac
2284 5306 2543 5360 contrarii
2591 5302 2894 5360 dilI'erentia
2941 5309 3183 5370 reperta,
3227 5311 3427 5367 cogno-

1856 5399 1959 5454 scit
1999 5397 2162 5452 Deuni
2201 5412 2322 5452 esse
2359 5406 2659 5452 creatorem
2703 5404 2757 5452 et
2797 5392 3132 5450 conditorem
3174 5398 3284 5445 tam
3327 5402 3425 5443 eo-

1861 5506 2013 5556 rum,
2050 5504 2166 5557 qua:
2197 5500 2322 5542 ante
2355 5489 2537 5543 oculos
2580 5495 2634 5542 et
2681 5488 2844 5559 pedes
2878 5493 3186 5549 versantur,
3229 5495 3424 5536 sensu-

252 5626 272 5656 '
316 5627 450 5682 Gen.
481 5646 698 5696 xxxvii,
729 5633 797 5687 55
825 5650 975 5704 seqq.
1053 5638 1095 5669 '°
1122 5637 1158 5692 II
1189 5637 1315 5708 Reg.
1351 5655 1460 5701 χιι,
1491 5642 1544 5694 4.
1626 5643 1660 5673 ¹¹
1688 5642 1705 5694 l
1732 5645 1858 5712 Reg.
1893 5661 1917 5699 l‘

1755 5645 1858 5712 leg.
1893 5661 1964 5708 iv,
1994 5646 2076 5700 18.
2157 5647 2199 5676 ⁸⁸
2237 5646 2401 5700 Exod.
2432 5660 2601 5712 xxxii,
2636 5643 2704 5701 29
2729 5659 2848 5713 sqq.
2930 5653 3124 5701 "140.c-
3154 5651 3243 5703 ιν,
3278 5634 3334 5702 8ο
3366 5632 3420 5690 9·

253 5741 369 5814 ιᾶί)
412 5745 555 5802 Inter
614 5747 786 5818 Opera
848 5751 1090 5820 Gregorii
1144 5754 1409 5825 Nysscni,
1469 5759 1551 5812 cdt.
1599 5758 1727 5815 1658
1757 5768 1883 5815 tom.
1926 5759 2001 5826 II,
2034 5774 2155 5829 pag.
2189 5759 2313 5818 2H.
2349 5759 2494 5814 Edit.
2740 5745 2745 5748 ’
