4216 6324
717 336 816 393 571

2000 348 2056 402 S.
2101 347 2378 406 ASTERH
2418 350 2724 407 AMASENl

3896 363 4011 421 δη

723 467 833 522 quc
859 457 1418 526 comprehenduntur,
1446 478 1609 532 quam
1644 465 2116 530 inaspectabilium
2139 511 2155 538 ,
2187 485 2309 538 quae

2433 472 2512 526 ἱσα
2535 473 2660 537 νοῦς
2694 473 2980 544 ἀσώματος
3003 479 3295 545 φαντασιού
3304 496 3462 550 μενος
3488 480 3693 551 βλέπει.
3754 485 4012 540 Amasis:

726 562 882 602 mens
919 551 1162 618 corporis
1209 568 1405 622 expers
1451 558 1780 627 cogitatione
1820 559 2088 615 informat
2126 572 2181 618 et
2224 563 2309 617 in-

726 649 928 694 tuetur.
966 640 1136 697 Porro
1164 642 1436 714 justitiam
1479 657 1534 702 et
1568 650 1820 706 virtutem
1859 666 1955 706 ceu
2010 654 2117 708 Deo
2157 665 2308 725 grata

724 745 1030 796 exercens,
1084 748 1298 787 sacram
1351 737 1745 795 institutionem
1799 742 2036 812 appetit,
2085 744 2312 815 ejusque

725 821 931 891 legibus
977 832 1030 878 et
1075 827 1297 882 monitis
1333 827 1740 897 obsecundans,
1776 849 1938 902 quam
1996 833 2311 904 longissime

723 913 958 980 seipsam
993 930 1020 968 a
1052 917 1360 972 carnalibus
1389 920 1673 979 desideriis
1697 922 1918 976 abducit
1945 939 1958 989 ;
1993 923 2102 978 Deo
2130 935 2308 978 autem

727 1014 780 1060 et
814 1018 1076 1074 quantum
1113 1008 1228 1064 ﬁeri
1262 1020 1440 1081 potest
1473 1028 1683 1067 summo
1727 1014 1802 1068 illi
1847 1015 1987 1070 bono
2021 1017 2308 1072 assimilari

723 1097 928 1152 studet.
976 1097 1094 1168 Ipsa
1150 1102 1314 1157 etiam
1363 1118 1519 1158 sacra
1571 1104 1908 1174 philosophia
1958 1107 2102 1161 circa
2152 1123 2307 1172 eam,

723 1205 884 1259 quam
939 1196 1358 1264 temperantiam
1408 1211 1505 1251 seu
1550 1198 1946 1256 continentiam
1994 1199 2310 1269 appellant,

724 1282 1020 1352 plurimum
1078 1296 1133 1341 et
1187 1287 1448 1355 primario
1499 1299 1762 1359 occupata
1819 1299 1944 1345 est:
1992 1307 2115 1346 eum
2167 1292 2310 1346 enim

724 1391 879 1432 mens
925 1377 1015 1432 hic
1063 1380 1269 1449 absque
1312 1380 1419 1433 ulla
1457 1382 1871 1450 perturbatione
1909 1391 2176 1449 versetur,
2217 1399 2312 1438 ne-

724 1484 830 1538 que
864 1468 1028 1541 ullam
1071 1455 1454 1526 adniisti'onem
1502 1475 1777 1538 sordium,
1817 1489 1937 1545 qua:
1979 1474 2064 1529 vel
2108 1489 2137 1528 a
2183 1489 2313 1529 ven-

725 1571 846 1626 tre,
882 1563 965 1616 vel
1011 1562 1228 1620 aliunde
1265 1565 1631 1631 proveniunt,
1677 1567 1935 1634 patiatur,
1985 1565 2155 1620 libere
2205 1582 2317 1621 sua:

724 1655 1064 1721 operationi,
1122 1665 1177 1710 et
1223 1672 1402 1710 rerum
1454 1659 1755 1714 cmlcstium
1807 1659 1908 1713 sibi
1964 1668 2315 1726 cognatarum

727 1747 1170 1816 contemplationi
1215 1761 1391 1805 vacat.

802 1836 970 1904 Igitur
1023 1848 1293 1908 quotquot
1345 1841 1699 1912 philosophiae
1749 1844 1985 1912 alumni,
2033 1855 2088 1902 et
2136 1861 2314 1901 rerum

727 1926 1036 1982 sublimium
1062 1939 1336 1986 amatores
1382 1946 1445 1986 ac
1476 1933 1722 2003 discipuli
1756 1937 2024 1991 sermonis
2053 1938 2208 2001 estis,
2237 1939 2319 1991 di-

729 2020 879 2088 ligite
911 2031 1121 2090 tempus
1157 2039 1402 2092 praesens
1423 2065 1436 2088 ,
1467 2036 1516 2079 et
1555 2036 1801 2081 sanctam
1834 2027 2315 2098 Quadragesimam

729 2127 854 2167 cum
914 2115 1109 2182 gaudio
1169 2116 1470 2183 suscipite,
1527 2118 1674 2172 velut
1725 2121 2097 2188 temperantia:
2148 2121 2319 2187 magi-

731 2214 900 2258 stram
927 2245 941 2271 ,
969 2207 1187 2260 virtutis
1217 2218 1450 2262 matrem
1472 2251 1486 2275 ,
1525 2211 1786 2265 nutricem
1821 2210 2050 2266 ﬁliorum
2080 2212 2203 2273 Dei,
2233 2213 2318 2265 in-

729 2297 1032 2366 composite
1082 2301 1377 2354 viventium
1432 2301 1900 2369 iuformatriecm,
1952 2303 2317 2372 tranquillita-

731 2399 838 2444 tem
871 2389 1214 2454 animarum,
1251 2393 1608 2446 constantiam
1653 2408 1746 2448 seu
1791 2393 1986 2450 bonam
2035 2395 2314 2451 habitudi-

735 2493 868 2534 nem'
891 2481 1015 2535 vita:
1036 2521 1049 2544 ,
1087 2496 1382 2551 pacemque
1415 2482 1727 2537 inviolatam
1759 2493 1814 2538 et
1843 2484 2316 2555 imperturbatam.

737 2571 913 2641 llujus
946 2575 1088 2628 enim
1126 2576 1390 2630 severitas
1425 2584 1478 2630 et
1529 2577 1770 2645 gravitas
1811 2591 2007 2645 pravas
2051 2579 2322 2648 cupidita-

735 2677 816 2720 tes
848 2666 1025 2734 sopit,
1077 2665 1211 2720 iram
1266 2677 1320 2721 et
1374 2668 1770 2724 commotiones
1827 2670 2153 2739 exstinguit,
2207 2686 2321 2725 om-

735 2771 970 2827 nemque
1003 2757 1294 2824 procellam
1317 2800 1332 2823 ,
1366 2771 1488 2828 quae
1522 2775 1586 2814 ex
1629 2761 1795 2814 nimio
1826 2761 1947 2814 cibo
1981 2762 2204 2827 ebullit,
2237 2777 2323 2817 re-

734 2850 964 2920 frigerat
991 2860 1046 2906 et
1075 2863 1311 2907 coercet.
1351 2852 1414 2907 Et
1443 2855 1905 2924 quemadmodum
1931 2856 2140 2910 aestatis
2187 2866 2322 2909 tem-

737 2958 905 3013 pore,
941 2946 1158 3014 quando
1195 2946 1394 3000 nimius
1425 2945 1554 3002 solis
1601 2947 1766 3001 ardor
1817 2956 1974 3001 terra:
2024 2947 2322 3010 incumbit,

736 3035 920 3103 aquilo
953 3034 1166 3090 lenibus
1199 3035 1347 3089 auris
1379 3037 1566 3092 omnia
1607 3052 1863 3093 recreans
1886 3078 1899 3102 ,
1951 3039 2212 3109 impedit,
2259 3054 2324 3093 ne

2413 561 2469 615 δὲ
2516 563 2866 636 δικαιοσύνην
2920 567 3015 620 καὶ
3069 569 3293 639 ἀρετὴν,
3331 572 3408 635 ὡς
3437 573 3555 644 Θεῷ
3603 574 3754 646 φίλη,
3793 577 4010 646 ἐφίεται

2413 655 2752 726 φιλοσοφίας,
2789 659 2882 712 καὶ
2933 662 3048 725 τοῖς
3090 662 3306 732 ἐκείνης
3339 665 3528 735 νόμοις
3566 669 3660 720 καὶ
3687 670 4008 739 παραγγέλ-

2415 766 2550 819 μασι
2579 749 2898 822 πειθομένη,
2943 753 3146 822 ἀπάγει
3179 755 3284 826 μὲν
3303 758 3500 829 ἑαυτὴν
3525 760 3607 813 ὅτι
3625 760 3869 814 πλεῖστον
3895 762 4009 814 τῶν

2415 841 2698 913 σαρκικῶν
2747 844 3205 916 ὲπιθυμημάτων,
3261 849 3468 918 ἐγγίζει
3521 851 3578 906 δὲ
3611 851 3729 922 Θεῷ
3774 853 3867 904 καὶ
3905 853 4006 922 ὅση

2412 931 2644 1003 δύναμις
2673 934 3006 989 οἰκειοῦσθαι
3055 935 3132 1006 τῷ
3169 937 3858 1010 ἀγαθῷπραγματεύεται.
3895 942 4008 994 Ηύ-

2411 1024 2513 1094 τῆς
2566 1025 2622 1077 δὲ
2694 1019 2794 1096 τῆς
2853 1028 3003 1097 ίερεῑς
3055 1028 3375 1098 φιλοσοφίας
3431 1032 3561 1102 περὶ
3616 1033 3714 1102 τὴν
3765 1031 4004 1102 λεγομέ-

2415 1135 2512 1188 νην
2541 1118 2870 1189 ἐγκράτειαν
2900 1119 2961 1173 τδ
2989 1120 3240 1175 πλεῖστον
3287 1123 3382 1176 καὶ
3411 1122 3745 1195 κυριώτερον
3779 1126 4011 1196 στρέφε-

2413 1225 2525 1264 ται·
2559 1209 2796 1264 ἐνταῦθα
2843 1212 2951 1284 γάρ
2982 1214 3011 1266 ό
3045 1213 3171 1276 νοῦς
3207 1213 3476 1278 ἀθόλωτος
3513 1217 3710 1286 μένων,
3742 1217 3834 1269 καὶ
3854 1216 4011 1270 οὐδεο

2420 1302 2549 1372 μίαν
2578 1302 2861 1374 ἐπιμιξίαν
2894 1303 3003 1357 τῶν
3031 1305 3139 1358 ἀπὸ
3181 1308 3420 1377 γαστρὸς
3469 1307 3502 1378 ἦ
3546 1306 3655 1360 τῶν
3680 1307 3853 1362 ἄλλων
3917 1309 4012 1378 pu-

2417 1395 2722 1466 πασμάτων
2755 1396 3062 1468 δεχόμενος,
3097 1398 3496 1468 ἀνεμπόδιστον
3547 1400 3660 1470 ἔχει
3717 1400 3815 1470 τὴν
3858 1400 4013 1470 ἐνέρ-

2417 1501 2594 1553 γειαν,
2619 1487 2712 1539 καὶ
2741 1485 2838 1557 τὴν
2864 1488 2994 1558 περὶ
3023 1487 3132 1544 τῶν
3159 1489 3438 1563 οὐρανίων
3459 1491 3552 1543 καὶ
3588 1491 3862 1558 συγγενῶν
3891 1491 4015 1542 ἐαυ-

2416 1575 2491 1644 τῷ
2519 1576 2770 1648 θεωρίαν.

2491 1839 2703 1893 Οὐκοῦν
2754 1842 2868 1895 ὅσοι
2920 1841 3018 1910 τῆς
3063 1840 3383 1908 φιλοσοφίας
3441 1840 3718 1909 τρόφιμοι,
3761 1839 3854 1890 καὶ
3901 1836 4017 1892 τῶν

2423 1931 2642 2002 ὑψηλῶν
2668 1932 2896 2003 ἐρασταὶ
2922 1932 3018 1985 καὶ
3050 1931 3290 2002 μαθηταὶ
3345 1930 3439 1983 τοῦ
3465 1930 3646 1999 λόγου,
3687 1931 4016 1999 ἀγαπήσατε

2421 2024 2514 2077 τὸν
2541 2025 2812 2078 ἐνεστῶτα
2843 2024 3056 2096 καιρὸν,
3093 2024 3187 2075 καὶ
3212 2024 3310 2094 τὴν
3346 2024 3508 2090 ἁγίαν
3553 2023 4017 2094 Τεσσαρακοστὴν

2422 2118 2702 2189 χαίροντες
2738 2117 3093 2181 ὑποδέξασθε,
3150 2116 3226 2179 ὡς
3282 2115 3640 2185 σωφροσύνης
3671 2116 4016 2177 διδάσκαλον,

2423 2211 2518 2262 καὶ
2547 2211 2748 2282 ἀρετῆς
2791 2211 3023 2281 μητέρα,
3057 2210 3153 2263 καὶ
3193 2208 3391 2280 τροφὸν
3420 2208 3527 2260 τῶν
3557 2208 3688 2260 υἱῶν
3724 2208 3817 2260 τοῦ
3854 2207 4016 2271 Θεοῦ,

2423 2304 2518 2356 καὶ
2555 2302 2900 2370 παιδαγωγὸν
2931 2301 3036 2354 τῶν
3078 2301 3354 2364 ἀτάκτων,
3391 2301 3486 2353 καὶ
3533 2300 3772 2370 γαλήνην
3805 2299 4016 2369 ψυχῶν,

2423 2395 2518 2447 καὶ
2553 2393 2874 2447 εὐστάθειαν
2933 2393 3070 2462 βίου,
3133 2392 3226 2443 καὶ
3281 2393 3506 2461 εἰρήνην
3560 2391 3864 2451 ἕνσπονδον,
3920 2391 4020 2444 καὶ

2424 2487 2718 2559 ἀτάραχον.
2751 2485 2968 2556 Ταύτης
2985 2485 3095 2555 γὰρ
3125 2486 3186 2536 τὸ
3221 2485 3495 2555 αὐστηρὸν
3519 2485 3613 2535 καὶ
3645 2483 3840 2553 σεμνὸν
3867 2483 4018 2550 πάθη

2425 2579 2687 2649 κοιμίζει,
2750 2577 2921 2648 ὀργὰς
2977 2578 3071 2630 καὶ
3120 2576 3327 2646 θυμοὺς
3390 2573 3776 2635 ἀποσϐέννυσι,
3839 2574 4023 2626 πάντα

2425 2672 2669 2727 κλύδωνα
2702 2671 2795 2724 τὸν
2846 2672 2908 2722 ἐκ
2965 2669 3310 2738 πολυφαγίας
3364 2666 3662 2730 ἀναζέοντα
3717 2665 4024 2735 καταψύχει

2427 2767 2522 2820 καὶ
2573 2763 2950 2818 καταστέλλει.
2987 2760 3093 2815 Και
3147 2762 3284 2831 ὅπερ
3341 2761 3434 2811 ἐπὶ
3487 2758 3579 2811 τοῦ
3629 2759 3840 2831 θέρους,
3894 2759 4026 2810 ὅταν

2425 2857 2577 2929 ἡλίου
2598 2857 2658 2909 τὸ
2685 2855 2958 2924 φλογῶδες
2988 2853 3325 2924 καταλάμπῃ
3375 2855 3440 2924 τῇ
3475 2855 3569 2923 γῇ,
3599 2853 3626 2904 ό
3664 2851 3867 2921 βορρᾶς
3895 2851 4024 2913 τοὺς

2427 2949 2798 3019 θαλπομένους
2836 2947 3136 3017 εὐεργετεῖ,
3171 2945 3426 3016 πραείαις
3461 2943 3653 3016 αὔραις
3701 2940 4027 2996 ἀπελαύνων

2428 3042 2486 3095 τὸ
2509 3044 2717 3108 πνῖγος*
2753 3038 2913 3091 τοῦτο
2964 3037 3057 3091 καὶ
3098 3040 3130 3106 ἡ
3185 3037 3408 3107 νηστεία
3461 3037 3767 3107 χαρίζεται,
3821 3035 3922 3106 τὴν
3960 3035 4028 3086 ἐκ

737 3123 1075 3181 suﬂ'ocentur
1108 3143 1120 3190 ;
1157 3125 1227 3178 ita
1265 3134 1318 3179 et
1343 3123 1609 3192 jejunium
1641 3126 2121 3182 inﬂammationem
2148 3144 2210 3182 ex
2241 3145 2321 3182 su-

2433 3131 2530 3200 τῆς
2581 3127 3026 3200 γαστριμαργίας
3051 3127 3299 3198 πύρωσιν
3327 3127 3436 3180 τῶν
3467 3127 3736 3195 σωμάτων
3785 3123 4028 3177 ἀποδιώ-

739 3215 945 3289 perﬂuo
972 3217 1093 3271 cibo
1133 3226 1372 3287 potuque
1400 3224 1572 3271 ortam
1611 3234 1638 3271 a
1672 3220 1992 3290 corporibus
2034 3220 2286 3288 dispellit.

810 3331 878 3386 Et
925 3331 1040 3385 haec
1091 3331 1307 3400 quidem
1356 3332 1620 3386 beneficia
1660 3331 1924 3401 jejunium
1980 3336 2030 3387 in
2091 3333 2326 3386 animam

740 3422 992 3487 confert,
1042 3421 1194 3491 cujus
1245 3437 1350 3477 non
1383 3424 1592 3479 minora
1621 3435 1745 3478 sunt
1778 3426 1831 3480 in
1883 3440 2082 3494 corpus
2114 3426 2325 3480 merita.

743 3516 1014 3572 Extenuat
1047 3517 1192 3572 enim
1227 3518 1467 3571 materia
1504 3517 1810 3572 crassitiem
1834 3556 1850 3582 ,
1906 3517 2098 3572 molem
2133 3533 2327 3585 corpo-

743 3621 891 3660 ream
928 3605 1191 3673 destruit,
1237 3620 1512 3678 venasque
1556 3622 1622 3662 cx
1667 3607 2002 3662 abundantia
2053 3609 2331 3678 sanguinis

745 3696 1075 3766 rumpendas
1111 3695 1359 3762 relaxat,
1391 3705 1446 3751 et
1479 3698 1636 3768 Spatii
1673 3697 1873 3767 aliquid
1906 3698 2171 3768 angustiis
2204 3713 2331 3752 eon-

741 3790 921 3854 cedit,
954 3802 1021 3847 ne
1051 3788 1158 3844 illis
1189 3788 1510 3860 contingat,
1537 3793 1680 3860 quod
1710 3789 1990 3844 canalibus
2012 3829 2027 3854 ,
2057 3790 2254 3858 quibus
2285 3789 2330 3846 si

742 3880 862 3952 plus
891 3895 1044 3951 aqua!
1068 3878 1404 3948 infundatur,
1432 3895 1592 3950 quam
1621 3881 1874 3952 capiant,
1897 3875 2331 3951 coiifringuntur,

745 3974 872 4042 quia
933 3972 1234 4029 violantum
1279 3973 1428 4030 illum
1479 3972 1767 4044 impulsum
1820 3986 2158 4043 nequaquam
2187 3971 2332 4028 ferre

745 4076 1013 4136 possunt,
1044 4074 1205 4136 caput
1265 4074 1508 4136 pacatam
1564 4075 1619 4121 et
1671 4065 2022 4135 tranquillam
2070 4065 2336 4120 constitu-

751 4160 953 4215 tionem
993 4160 1194 4224 babet,
1224 4173 1401 4228 neque
1435 4158 1846 4216 subsilientibus
1875 4158 2124 4223 arteriis,
2159 4173 2338 4230 neque

748 4257 978 4311 cerebro
1018 4268 1117 4323 per
1164 4252 1527 4307 ascendentes
1560 4265 1790 4321 vapores
1836 4249 2168 4306 obscurato:
2223 4262 2338 4306 sto-

751 4351 941 4405 macho
988 4349 1099 4419 jam
1147 4364 1242 4403 sua
1300 4347 1520 4404 libertas
1555 4361 1650 4414 per
1677 4345 2063 4401 continentiam
2107 4354 2335 4399 constat.

2431 3241 2524 3275 κου
2533 3239 2600 3275 σα
2609 3265 2619 3276 .

2501 3337 2752 3390 Τοσαῦτα
2782 3336 2839 3388 δὲ
2873 3334 3052 3405 ψυχὴν
3079 3332 3466 3404 εὐεργετοῦσα,
3503 3333 3604 3403 οὐχ
3635 3327 3797 3403 ἧττον
3824 3330 4034 3398 ὠφελεῖ

2433 3430 2524 3482 καὶ
2549 3428 2609 3481 τὸ
2635 3428 2812 3497 σῶμα.
2841 3424 3108 3478 Λεπτύνει
3140 3425 3248 3496 γὰρ
3279 3427 3375 3478 καὶ
3402 3424 3512 3476 τῶν
3548 3423 3687 3476 ὑλῶν
3721 3423 3820 3484 τάς
3851 3420 4023 3492 παχύ-

2432 3537 2622 3589 τητας,
2660 3517 2754 3571 καὶ
2774 3517 2865 3570 τὸν
2896 3517 3060 3584 ὄγκον
3111 3516 3482 3581 ἀποσκευάζει
3505 3517 3598 3570 τοῦ
3627 3515 3902 3586 σώματος,
3934 3515 4034 3567 καὶ

2432 3612 2532 3674 τὰς
2556 3610 2757 3680 φλέϐας
2781 3608 2857 3680 τῷ
2887 3606 3083 3677 πλήθει
3118 3609 3465 3680 ῥηγνυμένας
3497 3607 3590 3660 τοῦ
3624 3607 3857 3678 αἵματος
3880 3604 4038 3674 ἀνίη-

2437 3721 2510 3765 σι,
2555 3704 2649 3757 καὶ
2687 3702 2902 3756 δίδωσιν
2927 3695 3105 3770 ὀλίγον
3134 3700 3371 3772 χώρημα
3405 3703 3470 3772 τῇ
3509 3698 3808 3767 στενότητι,
3838 3697 3930 3750 ἵνα
3955 3696 4037 3767 μὴ

2436 3795 2648 3850 πάθωσι
2703 3793 2765 3846 τὸ
2820 3791 2929 3844 τῶν
2965 3791 3220 3864 σωλήνων
3259 3788 3445 3853 πάθος.
3503 3789 3614 3844 Καὶ
3665 3789 3772 3861 γάρ
3807 3789 4034 3853 ἐκεῖνοι,

2435 3885 2566 3939 ὅταν
2600 3885 2783 3948 αὐτοῖς
2813 3882 2950 3936 πολύ
2985 3900 3038 3935 τι
3087 3880 3181 3935 καὶ
3203 3881 3440 3951 ἄμετρον
3479 3879 3624 3950 ὐπέρ
3646 3877 3746 3950 τὴν
3787 3876 4037 3948 χώρησιν

2438 3980 2775 4055 ἐποχετεύσῃ
2825 3979 2886 4034 τὸ
2915 3976 3082 4049 ὔδωρ,
3108 3977 3496 4049 ἐκρήγνυνται,
3548 3974 3640 4028 τὸν
3666 3976 3730 4027 ἐκ
3756 3973 3859 4044 τῆς
3910 3971 4038 4042 βίας

2438 4072 2833 4145 εἰσωθούμενον
2857 4072 3021 4141 ὄγκον
3039 4070 3114 4142 μὴ
3140 4069 3442 4137 στέγοντες.
3470 4064 3695 4138 Κεφαλὴ
3717 4063 3775 4118 δὲ
3797 4065 4040 4136 πραεῖαν

2439 4170 2553 4241 εχει
2578 4168 2673 4223 καὶ
2703 4165 3050 4238 γαληνιῶσαν
3075 4161 3430 4225 κατάστασιν,
3463 4159 3588 4215 οὐτε
3612 4158 3722 4213 τῶν
3752 4156 4041 4230 ἀρτηριῶν

2441 4259 2822 4331 παλλομένων,
2855 4256 2980 4311 οὐτε
3011 4255 3104 4310 τοῦ
3134 4253 3442 4323 ἐγκεφάλου
3483 4253 3573 4307 διὰ
3602 4252 3702 4324 τῆς
3727 4249 4045 4314 ἀναδόσεως

2442 4354 2550 4408 τῶν
2575 4352 2767 4425 ἀτμῶν
2801 4348 3158 4420 ζοφουμένου.
3197 4347 3480 4418 Στομάχου
3509 4345 3568 4398 δὲ
3598 4343 3902 4426 ἐλευθερία,
3945 4345 4043 4412 ἐγ-

750 4442 907 4498 Tunc
935 4442 1080 4502 enim
1111 4457 1138 4495 a
1177 4450 1365 4496 coacta
1395 4440 1655 4499 servitute
1683 4437 1972 4501 liberatur,
2007 4452 2076 4492 ne
2099 4447 2164 4490 ut
2194 4435 2325 4491 lebet

2445 4447 2695 4520 κράτεια.
2740 4441 2875 4496 Τότε
2904 4441 3014 4512 γὰρ
3062 4439 3281 4508 ἀφίεται
3304 4437 3408 4508 τῆς
3448 4435 3878 4508 ὴναγκασμένης
3916 4433 4042 4487 δου-

751 4537 976 4600 bulliat,
1010 4533 1454 4591 concoctiouibus
1484 4530 1761 4585 laborans.
1794 4528 1949 4586 Oculi
1980 4542 2112 4596 pure
2138 4535 2195 4583 et
2221 4528 2325 4582 siut

2447 4511 2619 4604 λείας,
2649 4536 2744 4590 καὶ
2772 4532 2866 4587 τοῦ
2899 4511 3040 4598 ζέειν
3070 4532 3145 4594 ὼς
3174 4529 3358 4602 λέϐης,
3389 4528 3614 4598 κάμνων
3640 4530 3758 4589 ταῖς
3781 4525 4037 4594 πέψεσιν.

754 4629 874 4691 ullis
907 4625 1144 4684 tenebris
1173 4625 1394 4688 vident,
1430 4620 1640 4677 sublata
1675 4620 1821 4678 omni
1864 4618 2131 4696 caligine,
2175 4632 2336 4688 quam

752 4717 983 4788 satietas
1011 4714 1182 4774 oculis
1209 4711 1490 4768 oﬂ‘uudere
1517 4710 1798 4766 consuevit
1829 4727 1845 4776 ;
1889 4709 2085 4779 pedum
2127 4722 2340 4778 quoque

753 4808 964 4865 stabilis
995 4817 1078 4862 est
1109 4806 1279 4870 actio,
1311 4815 1366 4859 et
1411 4818 1670 4858 manuum
1708 4803 1827 4857 sine
1859 4801 2168 4855 turbatione
2210 4813 2340 4866 0pc-

755 4905 915 4958 ratio.
943 4901 1250 4972 Respiratio
1279 4900 1526 4959 ordinata
1561 4907 1615 4953 et
1647 4898 1713 4952 ad
1741 4898 2169 4954 mediocritatem
2210 4895 2336 4949 red-

755 5006 907 5061 acta,
943 4995 1141 5065 quippe
1171 5008 1290 5064 qua:
1348 4993 1492 5045 intus
1530 4989 1844 5051 turbulento
1869 4988 2062 5059 spiritu
2096 5003 2202 5042 non
2254 5001 2343 5038 ur-

757 5100 975 5159 geatur.
1027 5086 1222 5142 Sermo
1249 5083 1549 5155 ieiunantis.
1580 5091 1661 5137 est
1692 5086 2013 5153 perspicuus
2056 5089 2110 5134 et
2152 5079 2344 5132 distiu-

756 5195 909 5247 ctns,
945 5197 1099 5237 mens
1125 5180 1361 5250 jucunda
1389 5195 1404 5233 ε
1435 5191 1491 5234 et
1518 5188 1646 5245 tunc
1675 5193 1803 5242 vere
1834 5177 1900 5230 ad
1931 5173 2340 5231 similitudinem

758 5279 1000 5333 divinam
1034 5276 1280 5341 ccedit,
1306 5274 1526 5346 quando
1554 5271 1706 5342 quasi
1739 5272 1792 5325 in
1825 5272 2146 5339 incorporea
2177 5281 2342 5321 carne

758 5372 970 5437 absque
1001 5367 1109 5423 ulla
1140 5366 1359 5422 tristitia
1383 5376 1438 5421 et
1465 5365 1697 5421 tumultu
1727 5363 1970 5419 actiones
2010 5373 2141 5414 suas
2187 5358 2348 5426 perli-

758 5463 853 5516 cit.
888 5461 1123 5514 Somnus
1148 5457 1420 5531 jucundus
1448 5469 1573 5525 est,
1603 5464 1658 5511 et
1684 5452 2082 5511 insomniorum
2106 5457 2350 5519 spectro-

766 5566 994 5620 rumque
1020 5564 1212 5619 expers
1233 5591 1247 5616 ,
1279 5559 1333 5605 et
1365 5559 1422 5602 ut
1451 5548 1635 5604 multis
1666 5545 2052 5618 praetermissis
2072 5586 2086 5612 ,
2131 5544 2307 5597 dicam
2332 5581 2345 5604 ,

764 5641 1028 5712 jejunium
1056 5651 1140 5696 est
1163 5655 1265 5710 pax
1294 5640 1608 5697 communis.
1631 5639 1826 5693 anima:
1853 5647 1908 5692 et
1935 5634 2180 5704 corporis
2199 5675 2215 5700 ,
2241 5633 2349 5687 vita

767 5723 890 5786 sine
921 5732 1362 5801 perturbatione,
1395 5741 1651 5785 constans
1682 5729 1873 5796 agendi
1901 5737 1956 5781 et
1983 5723 2342 5781 couversandi

771 5823 938 5891 ratio,
984 5832 1092 5878 vita
1141 5838 1258 5891 qua:
1310 5822 1474 5877 Deum
1524 5821 1796 5886 lmtil‘tcat,
1848 5819 2122 5875 inimicum
2167 5825 2346 5873 autem

2462 4628 2762 4700 Ὀφθαλμοὶ
2779 4625 3018 4697 καθαρὸν
3049 4625 3143 4678 καὶ
3174 4620 3602 4690 ἀνεπισκότητον
3629 4611 3912 4689 βλέπουσι,
3943 4617 4047 4670 πά-

2451 4740 2552 4794 σης
2580 4719 2777 4792 ἀχλύος
2806 4717 3315 4790 ἀφαιρουμένης,ῆν
3337 4714 3365 4767 ό
3404 4712 3568 4784 κόρος
3593 4713 3850 4782 καταχεῖν
3875 4707 4045 4763 εἴωθε

2450 4813 2558 4868 τῶν
2593 4811 2877 4883 ὀμμάτων·
2912 4809 3007 4862 καὶ
3038 4807 3146 4863 τῶν
3179 4805 3354 4861 ποδῶν
3393 4803 3604 4877 ἐδραία,
3651 4799 3950 4872 ἀκλόνητὸς
3975 4800 4045 4854 δὶ

2447 4905 2556 4958 τῶν
2583 4898 2780 4975 χειρῶν
2810 4904 2843 4974 ὴ
2876 4903 3144 4974 ἐνέργεια.
3185 4893 3410 4970 τΑσθμα
3440 4894 3776 4967 τεταγμένον
3807 4893 3903 4947 καὶ
3945 4893 4048 4964 μέ-

2449 5015 2618 5069 τριον,
2648 4997 2777 5067 παρ’
2827 4994 3041 5055 οὐδενδς
3073 4990 3180 5044 τῶν
3227 4988 3528 5061 ὀχλούντων
3570 4986 3900 5058 πνευμάτων
3954 4984 4046 5039 ιν.

2450 5089 2603 5148 δοθεν
2632 5087 3008 5158 ἐπειγόμενον.
3059 5084 3230 5153 Λόγος
3263 5080 3357 5136 τοῦ
3392 5079 3689 5152 νηστευτοῦ
3721 5080 3900 5150 σαφὴς
3947 5078 4048 5132 καὶ

2451 5180 2880 5255 διηρθρωμένος,
2928 5177 3052 5241 νοῦς
3101 5174 3360 5247 καθαρὸς,
3412 5174 3507 5227 καὶ
3552 5172 3676 5225 τότε
3717 5170 3935 5242 ἀληθῶς
3985 5170 4050 5225 τὸ

2453 5273 2683 5336 θεοειδὴς
2722 5271 2882 5342 ἔχων,
2912 5269 3041 5322 ὅταν
3085 5266 3160 5330 ὼς
3186 5267 3244 5318 ἐν
3267 5263 3544 5334 ἀσωμάτῳ
3581 5265 3649 5334 τῇ
3697 5261 3864 5333 σαρκὶ
3909 5260 4047 5314 ἀλυ-

2454 5383 2556 5419 πον
2598 5364 2691 5418 καὶ
2728 5360 3064 5434 ἀθορύδητον
3108 5356 3348 5411 ἐπιτελεί
3396 5355 3492 5426 τὴν
3550 5355 3687 5411 ίᾶίαν
3737 5354 4042 5424 ἐνέργειαν.

2457 5457 2656 5510 ’Ύπνοι
2696 5454 2892 5507 ἄλυποι
2926 5453 3020 5505 καὶ
3063 5446 3510 5518 ἀφαντασίαστου
3564 5446 3656 5500 καὶ
3687 5445 3775 5499 ἵνα
3810 5442 3880 5495 τά
3911 5442 4044 5496 πολ.

2456 5548 2524 5602 λὰ
2567 5544 2944 5620 παραδραμὼν
2988 5544 3147 5606 εἴπω,
3179 5538 3404 5609 νηστεία
3459 5538 3608 5591 ἐστὶν
3657 5536 3849 5606 εἰρήνη
3890 5531 4051 5604 κοινὴ

2459 5638 2640 5709 ψυχῆς
2675 5635 2770 5690 καὶ
2816 5633 3088 5705 σώματος,
3135 5629 3406 5699 ἀτάραχος
3455 5627 3590 5696 ζωὴ,
3632 5621 3901 5690 εὐσταθὴς
3949 5637 4052 5674 πο-

2454 5727 2649 5791 λιτεία,
2703 5727 2813 5796 βίος
2839 5725 2971 5778 Θεὸν
3007 5721 3336 5790 εὐφραίνων,
3377 5719 3469 5798 καί
3503 5715 3685 5770 λυπῶν
3713 5714 3803 5767 τὸν
3831 5709 4053 5782 ἐχθρόν.

2464 5819 2672 5885 ’Ὠσπερ
2714 5816 2819 5883 γὰρ
2867 5814 2893 5864 ό
2930 5809 3204 5879 πολέμιος,
3253 5809 3380 5862 ὅταν
3415 5806 3498 5877 ἴδῃ
3535 5804 3624 5858 τὸν
3659 5801 3896 5856 ἐναντίον
3919 5798 4062 5871 γρη-
