4216 6324
175 372 291 428 375

1078 374 1360 433 llOMlLlA
1407 376 1544 431 XIV.
1578 376 1644 432 IN
1684 372 2080 432 PRINCIPIUM
2113 371 2561 430 JI‘JUNIORUM.
3342 375 3446 428 δτι

181 506 352 559 γορον
391 490 485 544 καὶ
516 493 797 564 νηφάλιον,
837 493 1193 564 όπλιζόμενον
1238 496 1533 566 ἐπιμελῶς,
1572 497 1775 567 καὶτὴν

1915 510 2115 551 tterore
2147 493 2325 548 allicit.
2353 491 2816 559 Quemadmodum
2848 489 2990 544 enim
3020 489 3210 555 hostis,
3233 492 3443 556 quando

178 578 411 633 ἀνδρίαν
451 581 746 647 ἀσκοῦντα,
780 576 948 653 ἧτταν
999 584 1205 638 οἰκείαν
1248 588 1458 656 ήγεῖται
1493 587 1591 658 τὴν
1622 587 1769 656 φιλόο

181 684 356 721 ττονον
399 672 608 727 ἐκείνου
669 676 1040 745 παρασκευήν⁸
1088 674 1231 727 οὕτω
1274 677 1366 729 καὶ
1408 678 1435 730 ὁ
1482 676 1583 745 τῆς
1636 678 1771 745 ἡμε-

180 760 358 832 τέρας
407 764 682 836 σωτηρίας
726 764 1030 831 ἐπίϐουλος,
1075 768 1255 820 πᾶσαν
1309 768 1466 838 ήμῶν
1511 769 1610 838 τὴν
1651 770 1769 821 κατ’

180 852 395 923 ἀρετὴν
437 855 725 926 ἀκρίϐειαν
796 855 870 919 ὡς
902 857 1034 911 ἰδίαν
1077 861 1227 929 μισεῖ
1269 860 1571 930 συμφοράν.

258 1113 373 1165 Καὶ
413 1113 501 1168 διά
539 1115 700 1169 τοῦτο
744 1118 1003 1187 γίνωσκε,
1063 1121 1337 1192 ἄνθρωπε,
1384 1122 1483 1191 τῆς
1544 1123 1640 1193 μὲν
1680 1122 1773 1177 τοῦ

181 1205 488 1275 νηστευτοῦ
547 1210 744 1276 οἰκίας,
814 1212 1079 1281 ἀγγέλους
1147 1209 1287 1268 εἶναι
1343 1213 1591 1281 φύλακας
1616 1255 1630 1277 ,
1682 1218 1775 1270 καὶ

185 1296 468 1364 φρουροὺς
509 1297 834 1369 παρέδρους.
863 1300 970 1354 Τοῦ
1008 1302 1063 1354 δὲ
1102 1305 1223 1366 ταῖς
1256 1302 1588 1357 ἀπολαύσεσι
1638 1305 1777 1358 κατά

185 1384 289 1453 τῆς
328 1385 785 1459 Τεσσαρακοστῆς
821 1392 1189 1461 κωμάζοντος,
1236 1391 1518 1463 δαίμονας,
1544 1393 1778 1457 οἰκείους

184 1474 422 1545 κνίσσης
463 1475 669 1545 φίλους,
715 1479 809 1532 καὶ
864 1479 1102 1551 ἐραστὰς
1150 1481 1419 1552 αἱμάτων,
1476 1482 1779 1553 παρέδρους

188 1566 391 1636 μέθης.
450 1568 561 1621 Καὶ
616 1568 724 1641 γὰρ
776 1570 871 1623 καὶ
920 1571 1031 1623 τῶν
1088 1572 1434 1642 πνευμάτων,
1501 1572 1610 1625 εἴτε
1669 1572 1777 1626 τῶν

187 1656 398 1724 ἁγίων,
449 1657 561 1711 εἴτε
629 1661 737 1714 τῶν
802 1661 1132 1732 ἀκαθάρτων
1185 1662 1417 1716 ἕκαστον
1469 1665 1781 1735 προσχωρεῖ

184 1750 303 1811 τοῖς
346 1750 569 1814 οἰκείοις
633 1753 729 1805 καὶ
774 1752 968 1820 φίλοις,
1021 1752 1211 1825 ὥσπερ
1260 1753 1323 1826 δὴ
1369 1754 1462 1808 καὶ
1523 1754 1616 1808 ἐπὶ
1667 1754 1778 1807 τῶν

1872 586 2245 642 adversarium
2276 598 2434 637 suum
2465 582 2611 636 videt
2635 596 2755 637 esse
2786 579 3134 650 vigilan‘tem,
3164 580 3402 633 sobrium
3425 619 3440 645 ,

1872 687 2126 734 accurate
2157 683 2463 740 armatum,
2496 681 2716 728 strenue
2739 680 2793 726 et
2829 670 3047 726 fortiter
3090 684 3215 725 sese
3250 684 3445 740 geren—

1872 775 2013 835 tem,
2045 770 2182 823 hanc
2209 781 2394 822 curam
2441 773 2497 819 et
2541 763 2873 833 diligentiam
2906 776 3003 833 pro
3038 777 3133 817 sua
3173 761 3325 816 clade
3366 763 3445 815 iu-

1875 867 2201 929 terpretatur
2227 875 2242 926 ;
2274 858 2351 914 sic
2378 865 2435 912 et
2462 855 2654 912 salutis
2682 862 2883 909 nostrae
2909 854 3193 910 insidiator
3227 867 3444 909 omnem

1875 950 2092 1005 virtutis
2117 951 2564 1005 exercitationem
2584 988 2601 1013 ,
2632 956 2893 1015 tanquam
2921 945 3202 1015 propriam
3230 943 3446 1001 calami-

1876 1049 2040 1095 tatem
2071 1041 2388 1097 detestatur.

1943 1133 2286 1202 Quapropter
2329 1134 2576 1195 noveris,
2612 1148 2645 1187 ο
2673 1133 2875 1198 homo,
2904 1129 3054 1199 ejus.
3081 1130 3171 1200 qui
3199 1129 3447 1200 jejunat,
3549 1133 3552 1137 '

1876 1226 2067 1278 domus
2110 1224 2363 1279 custodes
2408 1238 2530 1278 esse
2573 1224 2824 1294 angelos,
2870 1232 2919 1279 et
2974 1220 3118 1276 velut
3150 1220 3448 1277 .continuos

1876 1312 2184 1380 stipatores.
2235 1312 2363 1381 Ejus
2406 1320 2586 1368 autem
2622 1313 2877 1378 domum,
2916 1312 3003 1381 qui
3041 1310 3093 1365 in
3135 1310 3449 1381 Quadrageo

1877 1401 2011 1454 sima
2045 1401 2253 1457 deliciis
2280 1416 2403 1458 sese
2433 1402 2633 1466 tradit,
2666 1402 2958 1471 stipatores
2990 1415 3112 1456 esse
3140 1400 3410 1472 daemones
3431 1441 3445 1465 ,

1879 1492 2128 1562 pr0prios
2157 1492 2363 1547 nidoris
2393 1495 2631 1559 amicos,
2662 1503 2718 1549 et
2747 1493 3030 1565 sanguinis
3064 1499 3365 1555 amatores,
3399 1501 3452 1544 et

1878 1582 2157 1637 ebrietatis
2185 1595 2506 1639 assessores.
2535 1583 2747 1638 Etenim
2779 1584 3060 1653 spiritibus
3088 1597 3302 1651 quoque
3338 1581 3451 1635 sive

1878 1670 2111 1732 sanctis,
2142 1669 2256 1725 sive
2287 1671 2513 1741 impuris
2547 1672 2635 1729 hic
2667 1688 2786 1728 mos
2815 1682 2933 1736 est,
2967 1681 3027 1726 ut
3058 1672 3451 1736 familiaribus,

1880 1759 2090 1829 sibique
2120 1760 2302 1816 charis
2332 1776 2454 1818 sese
2488 1762 2785 1833 adjungant
2805 1802 2821 1829 ,
2851 1772 3015 1834 prout
3041 1766 3203 1819 etiam
3249 1766 3300 1817 in
3339 1765 3453 1816 avi-

183 1838 423 1909 ὀρνίθων
452 1840 599 1895 ἐστιν
642 1843 791 1897 ἰδεῖν.
842 1844 1149 1916 Περιστερὰ
1187 1845 1284 1915 μὲν
1326 1845 1434 1917 γὰρ
1474 1847 1604 1917 περὶ
1649 1846 1775 1909 τοὺς

1916 1865 1977 1904 us
2016 1864 2241 1906 cernere
2284 1852 2427 1907 licet.
2467 1853 2602 1909 Nam
2644 1854 2889 1909 columba
2931 1854 3074 1909 circa
3110 1854 3224 1909 loca
3257 1853 3452 1908 munda

184 1927 470 2001 καθαροὺς
498 1932 606 1983 τῶν
630 1933 811 1986 τόπων
850 1934 1159 2005 φιλοχωρεῖ,
1196 1934 1291 1987 καὶ
1324 1935 1455 2005 περὶ
1485 1935 1584 1999 τάς
1614 1934 1776 2007 ἀρού-

187 2037 294 2090 ρας
340 2023 661 2093 στρέφεται,
701 2026 868 2097 ἑαυτῇ
923 2027 1017 2079 καί
1058 2028 1169 2090 τοῖς
1213 2026 1426 2090 τέκνοις
1470 2028 1775 2098 σπερμολο-

182 2113 383 2182 γοῦσα·
433 2117 529 2169 κα)⁵
563 2119 595 2187 ή
630 2117 849 2190 τρυγὼν
892 2119 1065 2189 ἡδέως
1107 2122 1219 2183 τοῖς
1256 2120 1507 2184 πετάλοις
1530 2121 1639 2174 τῶν
1664 2120 1777 2174 δέν-

180 2206 332 2277 δρων
379 2208 710 2280 ἐγκάθηται,
759 2211 856 2281 ήδύ
906 2228 957 2264 τι
1006 2212 1099 2265 καὶ
1139 2210 1335 2265 λεπτὸν
1376 2210 1771 2283 ὑποτρύζουσα.

194 2300 258 2352 Ὁ
291 2299 350 2353 δὲ
394 2300 811 2373 γαστρίμαργος
842 2302 1032 2373 κόραξ,
1069 2304 1180 2366 τοῖς
1201 2302 1584 2373 κρεοπωλείοις
1612 2320 1777 2373 προσ-

185 2390 458 2461 κάθηται,
507 2392 645 2463 βαρύ
688 2412 739 2447 τι
782 2395 877 2449 καὶ
937 2396 1099 2467 ἀηδὲς
1154 2394 1263 2450 τῶν
1330 2393 1778 2466 κρεανομοῦντων

183 2484 495 2537 καταϐοῶν.
546 2486 730 2551 Ὥστε,
771 2485 869 2556 τὴν
915 2486 1238 2558 ἐγκράτειαν
1275 2487 1778 2557 ἀγαπήσωμεν,ἴνα

181 2576 321 2647 παρ’
351 2577 605 2645 ἀγγέλων
632 2577 1027 2650 ἀγαπηθῶμεν·
1083 2580 1404 2649 μισήσωμεν
1438 2579 1496 2632 δὲ
1520 2578 1617 2649 τὴν
1647 2596 1777 2649 τρυ-

182 2666 294 2737 φὴν
326 2667 431 2739 τὴν
466 2667 788 2732 ἀκόλαστον,
837 2668 924 2721 ἵνα
965 2669 1038 2738 μὴ
1081 2670 1199 2737 μετ’
1254 2668 1470 2739 ἐκείνης
1507 2669 1605 2739 τὴν
1644 2669 1781 2740 πρὸς

180 2758 453 2828 δαίμονας
517 2759 897 2831 ἐνεκΰά).ωμεν
955 2761 1259 2815 κοινωνίαν.
1318 2762 1506 2825 Οὐδεὶς
1560 2762 1781 2833 τρυφῶν

182 2852 411 2919 ἐγένετο
460 2853 770 2916 σπουδαῖοςο
805 2853 926 2907 οὐδὲ
973 2854 1229 2924 εὐωχίαις
1263 2854 1557 2925 σχολάζων,
1584 2856 1782 2925 ἀρετῆς

188 2943 467 3015 μαθητής
504 2944 624 2998 οὐδὲ
660 2945 939 3017 φιλήδονος
969 2944 1142 3014 ἅγιος,
1182 2946 1301 2999 οὐδὲ
1348 2946 1622 3018 σαρκικῶς
1651 2946 1779 3011 ζῶν,

184 3036 450 3100 κοινωνὸς
490 3036 786 3107 βασιλείας.

271 3128 429 3182 Ἑλθέ
458 3131 525 3199 τῇ
556 3131 745 3201 μνήμῃ
776 3130 911 3201 πρὸς
926 3130 1026 3201 τὴν
1051 3131 1225 3201 ἀρχὴν
1246 3130 1338 3184 τοῦ
1379 3130 1569 3198 γένους
1601 3130 1778 3201 ήμῶν,

185 3220 289 3275 καὶ
325 3220 425 3291 τὴν
704 3197 1449 3294 εῦρήσεις-ὧννμε-μφόμεθα
1507 3197 1780 3293 μάρτυρα.
1812 3197 1854 3254 C

187 3315 308 3368 Οὐκ
341 3314 411 3368 ἀν
445 3314 553 3385 γὰρ
590 3316 726 3385 ἡμῖν
756 3314 913 3386 ἐτέθη
957 3315 1120 3385 νόμος
1157 3316 1434 3386 νηστείας,
1473 3318 1521 3369 εἰ
1549 3316 1623 3387 μὴ
1648 3333 1789 3387 παρ⁴

186 3407 365 3478 εϐάθη
406 3408 505 3476 τῆς
556 3406 782 3477 πρώτης
850 3407 1180 3479 ἐγκρατείας
1237 3410 1265 3461 ό
1321 3410 1505 3477 νόμος·
1568 3408 1667 3460 οὐκ
1717 3406 1783 3459 ἂν

188 3492 493 3565 ὠνομάσθη
541 3494 755 3565 γαστὴρ
802 3494 1119 3558 ἐπίϐουλος,
1157 3496 1311 3566 εἰμὴ
1347 3496 1617 3566 πρόφασις
1666 3495 1785 3564 ἠδο-

189 3587 290 3655 γῆς
314 3585 429 3655 ,τὴν
457 3584 733 3655 ἁμαρτίαν
762 3585 1077 3656 εισήγαγεν.
1099 3587 1212 3641 Οὐκ
1243 3581 1311 3657 ἦν
1350 3586 1580 3657 ἀρότρου
1606 3587 1783 3656 χρεία,

192 3678 292 3732 καὶ
326 3676 469 3747 βοῶν
506 3676 819 3747 ἀροτήρων,
871 3677 966 3730 καὶ
1007 3676 1345 3747 τεμνομένης
1391 3675 1650 3740 αὖλακος,
1691 3677 1783 3730 οὐ⁸

190 3770 249 3825 δὲ
292 3770 401 3842 μήν
436 3770 794 3841 σπερμάτων,
838 3770 935 3825 καὶ
987 3768 1180 3834 ὓδατος
1218 3770 1493 3842 ἀρδοντος,
1544 3771 1638 3824 καὶ
1689 3786 1784 3823 πε.-

196 3864 377 3934 ριόδου
418 3863 648 3936 καιρῶν,
690 3862 786 3916 καὶ
837 3861 1105 3934 χειμῶνος
1150 3862 1503 3927 πυκνοῦντος,
1551 3860 1644 3915 καὶ
1694 3860 1783 3915 θέ-

196 3969 327 4024 ρους
364 3949 606 4017 λύοντος,
647 3950 744 4004 καὶ
777 3949 961 4021 πάσης
995 3948 1201 4022 ταύτης
1230 3951 1333 4020 τῆς
1365 3949 1655 4018 ἐγκυκλίου
1691 3966 1789 4003 τα-

192 4040 528 4112 λαιπωρίας,
586 4041 636 4094 εἰ
681 4039 756 4113 μὴ
796 4038 885 4093 διὰ
914 4039 1207 4113 πρόχειρον
1257 4040 1607 4111 προπάτορος
1646 4040 1785 4095 ἀπό-

194 4132 391 4185 λαυσιν
452 4130 681 4202 ταύτην,
734 4130 1222 4203 κατεψηφίσθημεν
1281 4130 1381 4201 τὴν
1433 4130 1543 4184 τῶν
1609 4130 1786 4184 πόνων

196 4222 469 4293 περίοδον·
501 4222 617 4277 ἀλλ’
650 4221 949 4294 ἐμέλλομεν
986 4222 1180 4295 ἑτέραν
1208 4223 1330 4275 τινά
1361 4222 1512 4293 παρὰ
1539 4222 1637 4293 τὴν
1658 4225 1789 4294 ὁρω-

200 4314 375 4385 μένην
404 4313 615 4383 διάγειν
641 4314 734 4369 τοῦ
772 4315 887 4386 βίου
933 4316 1285 4380 κατάστασιν,
1321 4311 1390 4388 ἦς
1432 4316 1595 4370 πάλιν
1636 4316 1788 4369 ἐλπί-

199 4404 368 4477 ζομεν
425 4407 723 4478 ἐπιτυχεῖν,
758 4407 886 4460 ὅταν
919 4406 1017 4478 τὴν
1070 4406 1297 4478 ἐμπαθῆ
1358 4408 1504 4480 ζωὴν
1553 4407 1641 4461 διά
1690 4408 1788 4479 τῆς

198 4498 550 4563 ἀναστάσεως
579 4497 1105 4569 ἀποσκευασώμεθα.
1132 4498 1278 4570 Αῦτη
1306 4498 1414 4571 γὰρ
1438 4502 1471 4570 ή
1497 4500 1788 4571 εὐεργεσία
1819 4530 1862 4585 D

200 4589 303 4660 τῆς
326 4589 421 4643 τοῦ
461 4590 595 4644 Θεοῦ
643 4588 780 4661 πρὸς
801 4590 948 4661 ἡμᾶς
995 4589 1484 4659 συγκαταὸάσεως,
1517 4591 1604 4645 ἴνα
1651 4592 1786 4663 πρὸς

198 4679 302 4752 τὴν
330 4679 566 4733 παλαιὰν
593 4680 1065 4751 ἀποκαταστῶμεν
1091 4680 1268 4748 ἀξίαψ
1295 4676 1367 4752 ἦς
1390 4679 1787 4752 φιλανθρώπως

205 4771 622 4842 μεταλαϐόντες,
639 4771 977 4843 εὐαισθήτως
1008 4771 1108 4843 τὴν
1126 4772 1284 4843 χάριν
1299 4771 1401 4825 οὐκ
1421 4771 1783 4843 ἐφυλάξαμεν.

202 4865 448 4938 Νηστεία
478 4866 579 4936 τῆς
632 4863 936 4936 μελλούσης
970 4864 1116 4936 ζωῆς
1149 4862 1331 4917 εἰκών·
1360 4864 1458 4935 τῆς
1502 4863 1784 4934 ἀφθάρτου

202 4955 480 5027 διαγωγῆς
511 4956 755 5028 μίμημα.
800 4956 947 5011 Ἐκεῐ
978 4954 1078 5009 οὐκ
1120 4954 1228 5010 εἰσί
1264 4954 1441 5018 πότοι,
1482 4954 1603 5009 οὐδὲ
1651 4954 1786 5008 ἀπο-

203 5045 444 5111 λαῦσεις.

276 5293 478 5355 Ἕασον
498 5302 590 5355 τὸν
624 5301 838 5373 πρῶτον
877 5301 1188 5373 ἄνθρωπον,
1224 5300 1329 5372 ὁδῷ
1374 5302 1468 5354 καὶ
1502 5302 1628 5372 ἑξῆς
1662 5303 1785 5364 τοὺς

211 5391 330 5465 pec‘
357 5394 563 5446 ἐκεῖνον
597 5392 1001 5463 ἀπαρίθμησαι.
1030 5393 1095 5445 Τί
1128 5392 1218 5446 τὸν
1255 5393 1461 5446 δίκαιον
1475 5392 1598 5445 Νῶε
1624 5394 1787 5463 ἀσχη-

212 5487 389 5563 μονεῖν
421 5484 692 5555 ἐποίησεν.
724 5485 781 5537 ἐν
817 5484 1145 5557 ἀναισθησίᾳ
1174 5484 1528 5556 γυμνωθέντα
1558 5485 1664 5538 τῶν
1693 5503 1789 5556 με-

207 5574 339 5637 λῶν.
376 5575 413 5630 ἃ
440 5573 740 5629 σκέπεσθαι
772 5574 959 5645 νόμος,
990 5576 1084 5629 καὶ
1106 5576 1197 5628 τὸν
1221 5575 1467 5643 προπετῆ
1505 5576 1634 5647 Χάμ
1671 5577 1788 5630 ἐπι-

285 5772 330 5809 ”
365 5773 503 5832 ου...
542 5788 637 5836 ιιι,
680 5772 696 5823 ι
736 5789 852 5841 sqq.
936 5775 976 5804 ¹⁵
1016 5775 1151 5831 Gen.
1189 5791 1277 5839 nt,
1305 5774 1367 5827 ἰ21
1410 5790 1529 5845 sqq.

1880 1948 2148 2005 versatur,
2177 1950 2231 1995 et
2257 1956 2415 2012 agros
2442 1944 2559 1999 obit
2585 1985 2598 2009 ,
2626 1953 2687 1999 ut
2717 1945 2818 2000 sibi
2851 1952 2905 2001 et
2946 1945 3104 2014 pullis
3151 1945 3331 2013 aliqua
3367 1959 3458 1998 se—

1884 2031 2024 2087 mina
2057 2032 2290 2104 colligat.
2322 2034 2526 2089 Turtur
2563 2037 2747 2090 itidem
2780 2037 3067 2092 arboribus
3098 2039 3339 2093 suaviter
3375 2036 3454 2088 in.

1881 2122 2023 2179 sidet
2060 2124 2219 2181 dulce
2258 2125 2516 2194 quiddam
2559 2135 2612 2182 et
2655 2140 2907 2199 argutum
2941 2128 3349 2183 submoduhtns.
3388 2128 3458 2181 At

1880 2228 2010 2271 vero
2057 2229 2225 2271 vorax
2269 2231 2467 2272 corvus
2515 2219 2656 2273 circa
2710 2220 2929 2275 macella
2982 2220 3163 2289 degit,
3213 2219 3455 2273 odiosum

1882 2305 2136 2375 quiddam
2169 2316 2223 2359 ct
2266 2306 2616 2375 iniucundum
2661 2311 2922 2366 adversus
2968 2325 3100 2374 eos,
3135 2310 3224 2378 qui
3267 2325 3459 2364 carnes

1886 2399 2167 2465 vendunt,
2199 2401 2495 2457 erocitans.
2524 2400 2712 2472 Itaque
2746 2402 3158 2472 temperantiam
3191 2416 3454 2464 amemus,

1883 2499 1941 2542 ut
1988 2488 2057 2543 ab
2112 2489 2318 2561 angelis
2365 2504 2647 2558 amemur;
2688 2492 2814 2548 odio
2866 2492 3160 2547 habeamus
3204 2491 3458 2546 lascivam

1885 2579 2250 2648 voluptatem,
2295 2597 2362 2636 tte
2399 2582 2559 2637 simul
2598 2598 2719 2639 cum
2761 2582 2849 2636 illa
2889 2583 2955 2637 ad
2997 2583 3313 2638 societatem
3349 2583 3460 2635 dae-

1887 2683 2104 2724 monum
2137 2670 2543 2739 pertraltamttr.
2575 2670 2763 2727 Nullus
2796 2670 3010 2727 deliciis
3045 2672 3255 2726 deditus
3287 2673 3460 2726 evasit

1884 2775 2120 2831 unquam
2159 2761 2379 2817 sedulus
2407 2771 2460 2818 et
2486 2764 2801 2828 studiosus,
2840 2778 3014 2833 neque
3061 2764 3323 2818 conviviis
3368 2777 3461 2814 va-

1885 2866 2045 2918 cans,
2082 2851 2300 2906 virtutis
2330 2853 2623 2922 discipulus
2644 2895 2659 2921 ,
2696 2870 2872 2925 neque
2908 2857 3197 2926 voluptatis
3228 2864 3458 2919 amator,

1886 2950 2134 3005 sanctus,
2173 2956 2344 3012 neque
2384 2943 2475 3013 qui
2516 2944 2811 2999 secundum
2846 2960 3065 3001 carnem
3099 2947 3342 3010 viveret,
3382 2946 3461 3000 lae.

1887 3045 2007 3089 ctus
2042 3045 2123 3088 est
2156 3049 2390 3104 unquam
2425 3037 2573 3107 regni
2608 3037 2851 3094 caelestis
2885 3041 3176 3109 particeps.

1963 3122 2265 3194 Regrcdere
2306 3126 2566 3180 memoria
2619 3127 2685 3182 ad
2734 3128 3056 3186 incunabula
3104 3137 3319 3203 generis
3364 3138 3464 3190 hn-

1890 3215 2033 3269 mani
2076 3214 2140 3279 “,
2196 3216 2479 3287 discesque
2529 3222 2923 3289 experientiam
2986 3237 3049 3279 ea
3106 3227 3291 3281 testari
3346 3244 3464 3298 qua:

1891 3304 2358 3375 reprehendimus.
2395 3305 2580 3376 Neque
2613 3303 2758 3366 enim
2801 3310 2886 3366 lex
2924 3312 3115 3383 jejunii
3149 3317 3304 3372 nobis
3340 3319 3464 3372 data

1888 3405 2070 3462 esset,
2117 3397 2216 3452 nisi
2258 3398 2343 3454 lex
2379 3400 2568 3468 prima:
2612 3405 2987 3472 temperantia:
3026 3416 3081 3459 et
3119 3408 3463 3465 abstinentia:

1890 3487 2086 3542 violata
2129 3488 2339 3544 fuisset.
2383 3489 2496 3546 Nec
2534 3501 2726 3547 venter
2777 3494 3107 3553 insidiatoris
3145 3513 3337 3554 nomen
3384 3512 3466 3555 tu-

1891 3576 2059 3646 lisset,
2100 3580 2204 3636 nisi
2240 3591 2503 3652 praetextu
2553 3585 2844 3657 voluptatis
2888 3601 3171 3659 peccatum
3224 3592 3466 3649 induxis-

1891 3679 1991 3723 set.
2024 3671 2135 3725 Nec
2163 3687 2301 3742 opus
2330 3674 2528 3731 fuisset
2555 3686 2770 3744 aratro,
2794 3694 2901 3734 nec
2931 3680 3104 3745 bobus
3134 3684 3463 3750 aratoribus,

1890 3775 2067 3835 neque
2116 3764 2404 3831 proscissis
2460 3765 2660 3832 sulcis,
2702 3783 2879 3837 neque
2917 3772 3248 3837 seminibus,
3293 3790 3465 3844 neque

1888 3866 2028 3922 aqua
2063 3853 2131 3909 ad
2164 3853 2533 3926 irrigandutn,
2574 3874 2751 3930 neque
2777 3860 3000 3929 periodo
3035 3870 3368 3932 temporum,
3410 3875 3469 3919 ut

1889 3942 2102 4009 hieme,
2135 3958 2257 4015 quae
2293 3947 2545 4018 astringit
2579 3957 2636 4005 et
2684 3952 2980 4007 condensat
3001 3991 3016 4017 ,
3046 3962 3103 4007 et
3130 3963 3318 4010 aestate
3348 3970 3467 4024 quae

1888 4033 2097 4090 solvit:
2133 4036 2243 4091 imo
2281 4038 2350 4091 ab
2387 4040 2536 4093 omni
2587 4039 2687 4094 ista
2739 4041 2991 4097 circulari
3041 4043 3258 4099 miseria
3311 4046 3463 4099 liberi

1890 4122 2220 4191 fuissemus,
2262 4125 2367 4181 nisi
2409 4125 2478 4181 ob
2516 4126 2676 4197 primi
2715 4130 2955 4197 parentis
3007 4134 3178 4186 nostri
3229 4149 3467 4204 praepro-

1890 4226 2069 4281 peram
2106 4213 2432 4282 voluptatem
2462 4218 2528 4270 ad
2564 4217 2703 4272 hanc
2748 4216 2989 4272 laborum
3026 4221 3306 4289 periodum
3335 4237 3468 4277 con-

1889 4301 2129 4357 demnati
2169 4302 2509 4371 fuissemus;
2549 4307 2643 4364 sed
2682 4306 2844 4361 aliam
2887 4310 3181 4377 quamdam
3222 4313 3343 4366 vitae
3378 4328 3465 4366 ra-

1893 4395 2091 4451 ﬂonem
2133 4396 2201 4452 ab
2241 4397 2342 4465 ista
2397 4408 2663 4468 praesente
2703 4399 2932 4455 multum
2974 4399 3245 4456 diversam
3288 4406 3464 4457 acturi

1890 4497 2131 4549 eramus,
2155 4500 2318 4555 quam
2351 4501 2449 4542 nos
2480 4497 2894 4555 recuperaturos
2921 4505 3224 4559 speramus,
3254 4495 3467 4560 quando

1894 4573 2061 4632 vitam,
2097 4574 2237 4629 hanc
2274 4575 2453 4645 pravis
2489 4573 2865 4642 aﬂectionibus
2900 4577 3189 4635 obnoxiam
3240 4595 3336 4650 per
3388 4597 3472 4636 re-

1893 4664 2284 4723 surrectionem
2324 4668 2656 4723 exuerimus.
2698 4667 2812 4723 Hoc
2848 4670 2993 4724 enim
3028 4671 3350 4726 beneﬁcium
3386 4685 3470 4728 est

1896 4752 1987 4816 Dei
2025 4754 2092 4817 ad
2124 4769 2223 4808 nos
2256 4755 2663 4822 descensionis,
2704 4766 2758 4811 ut
2797 4756 2850 4811 in
2906 4757 3184 4825 antiquam
3225 4758 3463 4829 dignita-

1896 4849 2004 4899 tem
2041 4842 2411 4910 restituamur,
2448 4845 2606 4919 cujus
2636 4860 2759 4901 cum
2796 4844 3029 4914 benigne
3057 4847 3351 4917 participes
3383 4848 3464 4901 fa-

1891 4935 1964 4996 cti
1997 4950 2281 5004 essemus,
2321 4938 2552 5009 gratiam
2587 4937 2985 5008 circumspecte
3022 4953 3127 4993 non
3166 4939 3458 4994 custodivi-

1895 5042 2037 5083 mus.
2083 5027 2354 5096 Jejunium
2401 5030 2525 5087 vitae
2572 5027 2766 5085 futurae
2808 5030 2984 5100 imago
3013 5040 3118 5086 est.
3166 5030 3465 5100 lncorrupti

1896 5128 2070 5179 status
2108 5120 2359 5183 imitatio.
2393 5120 2469 5177 lbi
2504 5136 2610 5175 non
2639 5129 2767 5179 sunt
2795 5122 3256 5191 compotationes,
3297 5138 3468 5192 neque

1894 5210 2338 5269 comessationes.

1964 5301 2032 5354 At
2070 5301 2312 5371 relinque
2350 5302 2581 5371 primum
2626 5302 2897 5357 hominem
2926 5341 2939 5366 ,
2984 5317 3149 5373 perge
3190 5303 3412 5358 ulterius
3447 5322 3462 5371 ;

1892 5400 1947 5447 et
1980 5402 2221 5459 posteros
2250 5393 2369 5461 ejus
2412 5409 2690 5449 enumera.
2726 5394 2863 5461 Quid
2913 5393 3063 5462 justo
3093 5393 3205 5449 Noe
3239 5398 3466 5466 ignomi-

1896 5483 2039 5537 niam
2072 5483 2413 5549 conciliavit,
2450 5499 2570 5538 cum
2610 5489 2843 5542 nudatus
2882 5494 3028 5539 esset
3062 5485 3128 5541 iis
3169 5488 3425 5543 membris
3452 5527 3466 5551 ,

1899 5591 2016 5649 qute
2058 5587 2251 5634 natura
2293 5579 2396 5652 tegi
2432 5578 2584 5649 jubet
2616 5581 2703 5632 “‘l
2743 5579 2880 5647 Quid
2912 5577 3261 5635 temerarium
3294 5577 3466 5633 Chatn
