4216 6324
737 305 843 362 575

2028 323 2086 376 S.
2127 324 2399 382 ASTERII
2441 324 2737 386 AMASENI

3900 337 4007 394 376

741 421 990 484 induxit,
1027 431 1084 476 ut
1119 433 1330 492 patrem
1364 425 1619 483 irrideret
1643 437 1666 483 Υ
1695 432 1765 484 ita
1801 440 1858 487 ut
1889 448 1955 488 ex
1987 440 2324 496 unodelicto

2436 443 2657 511 γελάσαι
2679 451 2743 516 τῇ
2783 448 2922 519 μέθῃ
2955 447 3049 501 τοῦ
3084 449 3286 520 πατρὸς
3324 449 3754 522 παρεσκεύασεν,
3788 451 3876 505 ῐνα
3911 452 4010 520 τι..

739 511 846 564 dno
879 512 1018 565 mala
1043 515 1392 571 exstiterint:
1426 533 1529 571 una
1560 522 1702 575 enim
1729 523 1961 580 ebrietas
1989 538 2195 595 patrem
2227 534 2323 586 de-

740 600 853 653 bito
888 610 1222 671 tegumenta.
1254 613 1309 660 el
1344 605 1510 663 lilium
1563 609 1814 668 libertate
1849 617 2096 684 privavit.

817 776 1087 832 Caeterum
1118 785 1338 847 quando
1376 785 1569 842 iterum
1603 793 1788 845 oculos
1822 807 1972 849 meos
2006 797 2222 853 reflecto
2255 802 2322 856 ad

745 866 859 922 lleli
896 874 1235 929 sacerdotem
1272 876 1338 943 ",
1370 887 1426 933 et
1453 879 1504 935 in
1541 881 1701 937 rebus
1741 884 1809 937 ab
1837 885 1954 954 ipso
1982 891 2147 957 gestis
2173 908 2322 946 men-

743 969 848 1013 tem
889 977 1126 1033 occupo,
1167 967 1436 1040 integram
1475 981 1718 1028 catenam
1754 977 2128 1035 calamitatum
2163 999 2228 1038 ex
2264 1001 2322 1039 se

743 1061 930 1106 mutuo
971 1069 1234 1110 nexarum
1295 1059 1544 1128 invenio;
1594 1077 1716 1130 quae
1753 1067 1821 1119 ab
1863 1083 1968 1123 uno
2021 1072 2318 1142 principio,

742 1155 934 1212 nempe
953 1160 982 1197 a
1007 1157 1196 1202 ventre
1224 1160 1277 1204 et
1301 1153 1549 1209 satietate
1577 1157 1838 1225 originem
1867 1162 2156 1217 duxerunt.
2185 1165 2320 1221 Nam

747 1233 839 1288 filii
875 1234 995 1292 Ileli
1035 1241 1208 1306 patris
1239 1244 1322 1297 sui
1360 1247 1721 1301 sacerdotium
1755 1264 1852 1318 pro
1885 1257 2173 1312 occasione
2201 1257 2324 1314 libi-

741 1326 881 1380 dinis
908 1338 962 1384 et
989 1330 1148 1385 luxus
1178 1334 1522 1404 arripientes,
1548 1340 1812 1398 sacrificia
1837 1345 2193 1414 profanabant
2223 1391 2238 1415 ,
2267 1361 2322 1405 et

743 1416 891 1484 prius
940 1421 1119 1474 ventri
1164 1437 1298 1490 suo,
1346 1442 1510 1494 quam
1567 1430 1677 1485 Deo
1723 1431 1790 1487 de
1832 1435 2022 1494 hostiis
2056 1440 2323 1507 primitias

745 1508 1066 1565 oﬂ'erebant.
1099 1514 1297 1570 Secuta
1328 1527 1412 1573 est
1443 1520 1734 1579 fornicatio
1756 1565 1770 1588 ,
1797 1540 1954 1583 soror
1982 1531 2319 1587 deliciarum.

753 1599 860 1654 Sed
916 1601 999 1657 his
1045 1606 1300 1663 omnibus
1363 1614 1676 1680 supervenit
1722 1593 1990 1682 judicium
2043 1621 2320 1687 divinum,

739 1693 886 1760 quod
945 1709 1188 1751 severam
1246 1698 1401 1754 valde
1449 1710 1503 1757 et
1556 1704 1946 1763 inexorabilem
1992 1713 2319 1768 sententiam

2429 551 2585 604 νηται
2610 535 2703 588 δύο
2724 536 2870 589 κακά
2913 538 2979 589 δι’
3010 538 3126 601 ἑνὸς
3172 539 3676 610 πλημμελήματοςς
3735 541 3850 594 Μία
3897 543 4008 611 γὰρ

2429 624 2567 695 μέθη
2602 627 2693 678 καὶ
2725 626 2815 678 τὸν
2854 628 3062 698 πατέρα
3125 629 3223 697 τῆς
3275 629 3582 698 εὐπρεποῦς
3622 628 3849 691 σκέπης,
3911 630 4010 684 καὶ

2409 716 2502 770 τὸν
2515 715 2626 768 υἱὸν
2651 717 2749 785 τῆς
2772 716 3099 786 ἐλευθερίας,
3131 717 3466 788 ἐγύμνωσεν.

2499 805 2665 859 Ὅταν
2693 807 2748 860 δὲ
2780 807 2940 860 πάλιν
2981 809 3115 878 πρὸς
3140 809 3266 870 τοὺς
3296 809 3492 870 παῖδας
3525 808 3702 861 ἀπίδω
3742 808 3891 861 Ἠλεὶ
3911 808 4008 862 τοῦ

2428 896 2617 966 ἱερέως
2646 897 2740 948 καὶ
2778 897 2915 966 πρὸς
2948 899 3161 968 ἐκείνην
3203 897 3300 968 τὴν
3331 899 3570 968 ἱστορίαν
3605 899 3890 969 ἀσχολήσω
3918 899 4011 951 τὸν

2423 985 2569 1046 νοῦν,
2605 987 2846 1056 όρμαθὸν
2896 989 3137 1060 εὑρίσκω
3172 989 3492 1059 συμφορῶν,
3526 989 3782 1060 ἀλλήλαις
3822 989 4008 1042 συνδε-

2421 1077 2663 1147 δεμένων
2697 1078 2804 1130 ἀπὸ
2831 1081 2957 1147 μιᾶς
2976 1081 3173 1151 ἀρχῆς,
3203 1082 3302 1151 τῆς
3317 1081 3405 1134 διά
3422 1081 3682 1152 γαστέρα,
3703 1083 3796 1134 καὶ
3823 1083 4007 1152 κόρον.

2426 1166 2682 1219 Κάκεῖνοι
2717 1167 2824 1234 γὰρ
2856 1169 2954 1239 τὴν
2993 1168 3089 1221 τοῦ
3137 1171 3343 1240 πατρὸς
3392 1172 3719 1244 ἱερωσύνην,
3752 1173 4012 1243 ἀφορμὴν

2427 1257 2641 1326 Θέμενοι
2693 1258 3028 1328 ἡδυπαθείας
3097 1262 3190 1313 καὶ
3253 1261 3606 1325 ἀπολαύσεως
3664 1262 3758 1325 τὰς
3817 1261 4012 1324 Θυσίας

2426 1348 2714 1422 ὲὸεὸήλουν
2751 1350 2843 1403 καὶ
2881 1354 2944 1421 τῇ
2979 1352 3177 1422 γαστρὶ
3212 1352 3317 1422 πρὸ
3351 1352 3444 1405 τοῦ
3478 1353 3613 1405 Θεοῦ
3635 1354 3744 1406 τῶν
3792 1354 4011 1423 ἱερείων

2424 1445 2751 1515 ἀπήρχοντο.
2797 1445 3105 1498 Ἠκολούθει
3142 1446 3196 1498 δὲ
3221 1447 3314 1500 καὶ
3340 1449 3372 1517 ἡ
3400 1447 3646 1517 πορνεία.
3676 1446 3878 1517 ἀδελφὴ
3911 1447 4014 1517 τῆς

2423 1536 2633 1606 τρυφῆς
2681 1535 2946 1608 ἁμαρτία,
3001 1538 3092 1589 καί¹
3151 1538 3361 1600 τούτοις
3423 1540 3592 1598 πᾶσιν
3648 1536 3866 1609 ἡπαρὰ
3914 1537 4013 1592 τοῦ

2423 1623 2560 1677 Θεοῦ
2597 1624 2798 1694 κρίσις,
2830 1624 3108 1696 αύστηράν
3141 1626 3235 1678 καὶ
3265 1626 3538 1695 ἀπότομον
3589 1623 3688 1695 τὴν
3717 1625 3871 1700 δίκῃν
3915 1626 4016 1678 t1:-

2424 1717 2657 1785 ἀγουσα.
2695 1717 2887 1781 Ἐθνος
2915 1717 3024 1789 γὰρ
3065 1717 3322 1788 πολέμιον
3343 1718 3411 1771 δι’
3453 1716 3693 1780 ἐκείνους
3725 1717 3863 1771 νητά
3902 1715 4016 1770 τῶν

744 1782 958 1881 induxit
984 1801 1007 1881 ς
1066 1802 1189 1843 nam
1247 1799 1468 1861 propter
1513 1793 1635 1850 illos
1684 1810 1819 1868 gens
1871 1796 2083 1857 hostilis
2133 1813 2321 1858 contra

2437 1782 2823 1881 Ἰεροσολύμων
2860 1782 3213 1881 ἐστράτευσεί
3245 1811 3356 1864 Καὶ
3394 1811 3480 1863 ἴνα
3507 1809 3712 1878 πλῆθος
3764 1809 4018 1880 σκυθρω-

743 1872 1179 1947 Hierosolymam
1231 1883 1527 1952 pugnabat.
1575 1885 1641 1941 Et
1672 1896 1731 1943 ut
1766 1889 2013 1947 tristibus
2053 1895 2324 1951 narratio-

743 1965 902 2020 nibus
934 1969 1315 2037 compendium
1358 1973 1620 2032 faciamus
1642 2017 1657 2040 ,
1689 1977 1876 2035 lascivi
1905 1981 1983 2036 illi
2011 1983 2240 2053 juvenes
2269 1985 2324 2040 in

741 2057 859 2112 acie
885 2059 1232 2124 ceciderunt,
1283 2065 1457 2131 patria
1494 2066 1655 2122 simul
1698 2086 1821 2125 cum
1863 2073 1973 2129 reis
2015 2075 2321 2144 periclitata

740 2157 825 2203 cst
852 2191 867 2214 ,
903 2164 1030 2205 arca
1065 2151 1156 2207 Dei
1189 2164 1345 2223 capta
1381 2167 1434 2210 et
1464 2158 1530 2213 ab
1563 2159 1808 2218 hostibus
1839 2164 2073 2221 abducta
2106 2184 2118 2220 :
2153 2178 2206 2222 et
2234 2182 2324 2223 se-

745 2241 835 2295 nio
862 2242 1148 2300 conlectus
1183 2246 1440 2303 sacerdos
1468 2251 1672 2306 nuntiis
1699 2252 1948 2311 infaustis
1977 2259 2320 2315 immorluus.

741 2329 973 2386 Tantum
1007 2335 1270 2390 malorum
1300 2337 1368 2392 ob
1397 2339 1535 2408 gula
1563 2342 1890 2412 voluptatem
1928 2348 2133 2403 civitati
2169 2351 2323 2404 inve-

740 2431 884 2476 t'lum
913 2433 1013 2478 est.

815 2513 1014 2572 Omnes
1042 2519 1206 2588 igitur
1223 2521 1550 2589 jejunemus.
1575 2536 1643 2581 At
1663 2529 2008 2585 sacerdotum
2034 2533 2327 2590 familiares

742 2603 1010 2673 jejunium
1055 2624 1154 2678 pro
1183 2612 1485 2669 domestico
1514 2623 1568 2669 et
1591 2618 1742 2684 quasi
1782 2617 2023 2687 ejusdem
2055 2622 2188 2678 laris
2215 2640 2328 2679 ma-

744 2698 914 2765 gistro
965 2704 1338 2769 temperantiae
1393 2705 1629 2773 habere,
1681 2717 1735 2763 et
1782 2711 2021 2778 ejusdem
2059 2725 2327 2784 praecepta

744 2790 936 2845 audire
978 2793 1222 2858 debent;
1285 2797 1579 2852 absurdum
1631 2802 1776 2856 enim
1837 2807 2327 2861 nummulariorum

747 2881 886 2938 filios
913 2889 1122 2955 argenti
1151 2889 1412 2958 probandi
1443 2892 1693 2960 peritiam
1723 2904 1907 2950 tenere
1935 2938 1948 2960 .
1973 2907 2029 2952 et
2055 2898 2328 2954 fabrorum

746 2974 1040 3032 familiares
1070 2980 1216 3034 circa
1251 2981 1427 3050 ignem
1455 2992 1509 3036 et
1533 2983 1782 3039 incudem
1811 2990 2014 3042 versari
2044 3007 2058 3055 ;
2087 3005 2182 3045 eos
2204 3006 2331 3045 vero

746 3067 840 3134 qui
885 3082 1009 3122 cum
1061 3070 1438 3127 sacerdotibus
1487 3073 1714 3144 degunt,
1764 3077 1879 3132 sive
1923 3079 2031 3132 sint
2077 3083 2328 3150 cognati,

748 3159 864 3216 sive
905 3159 1013 3215 alio
1057 3164 1216 3217 modo
1258 3163 1309 3216 in
1363 3165 1619 3220 familiam
1673 3171 1946 3237 coaptati,
2005 3187 2259 3230 exerrare
2302 3191 2329 3228 a

749 3265 950 3322 scopo,
981 3251 1046 3305 ad
1083 3267 1241 3321 quem
1288 3254 1506 3310 familia:
1557 3257 1752 3312 ductor
1791 3273 1845 3314 et
1893 3260 2150 3317 Dominus
2183 3279 2332 3319 suam

748 3343 915 3397 vitam
949 3341 1293 3399 conformare
1322 3345 1499 3404 debet.

823 3434 904 3491 Ob
931 3437 1139 3491 ventris
1170 3437 1474 3506 cupidinem
1507 3439 1707 3510 ingenti
1738 3443 1936 3498 damno
1975 3443 2200 3499 affectus
2249 3457 2332 3500 est

753 3529 895 3584 Esau
926 3529 1112 3586 senior
1147 3529 1287 3584 filius
1319 3527 1491 3586 lsaaci
1526 3532 1592 3584 ".
1632 3531 1766 3587 Cum
1808 3535 1950 3589 enim
1989 3550 2054 3590 ex
2095 3537 2337 3604 professo

753 3628 980 3673 venator
1019 3629 1193 3685 esset,
1236 3631 1291 3673 et
1329 3621 1495 3675 semel
1545 3631 1669 3692 post
1713 3623 1936 3679 multam
1994 3625 2336 3696 defatigatio-

755 3726 878 3766 nem
912 3711 1131 3766 domum
1169 3727 1420 3768 reversus
1450 3728 1577 3784 erga
1609 3716 1943 3785 propositam
1976 3733 2158 3772 escam
2197 3718 2337 3773 fame

763 3814 817 3857 et
876 3804 1152 3860 desiderio
1220 3804 1541 3859 intolerabili
1599 3804 1924 3872 adiceretur,
1980 3810 2338 3879 primogenita

762 3912 857 3951 sua
883 3911 982 3966 pro
1025 3896 1282 3949 lenticula
1314 3895 1468 3949 fratri
1498 3911 1599 3951 suo
1643 3898 1902 3951 vendidit.
1938 3898 2012 3952 Ex
2043 3914 2148 3968 quo
2174 3901 2335 3955 etiam

762 3988 979 4052 evenit,
1015 3996 1073 4041 ut
1115 3997 1299 4054 postea
1350 3988 1523 4042 eidem
1574 3987 2011 4044 benedictionem
2057 3998 2336 4060 paternam

759 4079 1076 4149 prasriperet
1112 4078 1194 4132 "‘z
1251 4089 1305 4133 et
1354 4078 1433 4132 sic
1479 4078 1735 4146 paulatim
1776 4095 1805 4134 a
1851 4080 2052 4136 virtute
2097 4091 2200 4137 eta
2233 4083 2340 4138 Deo

760 4168 1130 4234 abalienatus,
1165 4170 1587 4238 patriarchalem
1649 4170 1876 4240 gloriam
1924 4171 2124 4227 amisit.
2171 4173 2238 4228 Et
2274 4173 2342 4228 ab

761 4254 977 4311 lsraelis
1005 4255 1375 4311 familiaritate
1405 4267 1691 4328 separatus
1714 4301 1729 4325 ,
1768 4260 1882 4329 ipse
1913 4269 1968 4314 et
1995 4261 2260 4317 barbarus
2288 4274 2342 4319 et

759 4348 1060 4419 alienigena
1105 4347 1319 4413 factus,
1352 4357 1458 4404 tam
1503 4366 1851 4406 numerosum
1883 4366 1949 4406 ex
1986 4368 2044 4408 se
2084 4354 2339 4423 populum

760 4441 1085 4510 procreavit.

835 4532 933 4588 Hic
965 4533 1078 4604 ipse
1116 4535 1337 4590 morbus
1363 4535 1526 4590 etiam
1569 4535 1786 4592 Veteris
1812 4534 2148 4592 Testamenti
2177 4552 2347 4608 popu-

763 4626 872 4679 lum
903 4623 972 4680 ad
994 4612 1496 4698 transgressionem
1543 4627 1847 4683 divinarum
1894 4627 2069 4698 legum
2115 4628 2344 4684 induxit.

760 4719 895 4772 Cum
949 4718 1093 4773 enim
1147 4717 1361 4790 Moyses
1405 4721 1459 4773 in
1503 4721 1619 4791 lege
1657 4720 1973 4792 accipienda
2018 4731 2071 4774 et
2122 4720 2345 4775 ferenda

762 4821 1062 4882 occupatus
1092 4823 1271 4878 esset,
1307 4815 1396 4870 isti
1428 4815 1674 4884 abruptis
1703 4817 1956 4870 omnibus
1981 4816 2252 4887 repagulis
2280 4817 2346 4870 ad

764 4905 946 4958 luxum
980 4912 1034 4960 et
1069 4904 1298 4960 choreas
1350 4921 1594 4961 conversi
1637 4917 1764 4961 sunt
1797 4907 1838 4938 "
1869 4925 1881 4959 :
1917 4921 2055 4976 quos
2104 4905 2348 4962 diabolus

766 4995 837 5048 ita
879 4995 1226 5060 vacillantes,
1256 5005 1312 5050 et
1340 4995 1627 5052 honestam
1661 4996 1785 5051 vitae
1816 4996 2082 5052 rationem
2122 4994 2346 5050 concul-

766 5097 952 5142 cantes
1009 5088 1210 5144 sensim
1266 5089 1334 5142 ad
1387 5089 1718 5158 impietatem
1761 5088 1991 5143 induxit.
2033 5087 2166 5142 Hinc
2199 5086 2348 5140 vituli

769 5179 1079 5244 fabricatio,
1103 5180 1403 5235 diabolicus
1433 5179 1632 5244 cultus,
1662 5181 1842 5232 Aaron
1878 5179 2072 5247 piaculi
2103 5191 2347 5234 consors.

769 5269 902 5340 legis
924 5270 1236 5338 corruptio,
1276 5270 1576 5324 tabularum
1623 5270 1917 5333 contritio,
1951 5279 2004 5321 ct
2040 5267 2237 5335 Moysis
2266 5281 2351 5319 se—

768 5361 978 5413 cundus
1028 5360 1080 5414 in
1129 5369 1364 5415 montem
1414 5376 1705 5423 ascensus,
1743 5373 1795 5414 et
1828 5361 2007 5414 omnia
2061 5361 2353 5428 Itazc,qu'.c

768 5466 921 5504 sacra
969 5451 1194 5505 historia
1248 5462 1354 5505 tam
1401 5451 1654 5507 flebiliter
1692 5452 2038 5513 lamentatur,
2075 5464 2138 5504 ex
2168 5449 2353 5504 immo-

767 5541 890 5595 dico
922 5541 1043 5595 cibo
1078 5540 1402 5611 principium
1432 5551 1482 5595 et
1527 5557 1735 5597 ‘ausam
1765 5549 2137 5610 sumpserunt.

850 5719 890 5757 ⁸⁸
931 5718 943 5773 1
983 5720 1106 5792 Reg.
1144 5738 1217 5789 tv,
1259 5725 1275 5776 l
1313 5739 1429 5792 sqq.
1517 5724 1549 5751 ¹τ
1595 5724 1728 5778 Gen.
1763 5738 1886 5784 xxv,
1917 5720 1986 5773 30
2016 5734 2135 5788 sqq.

2212 5720 2253 5749 ”'
2280 5719 2412 5773 Gen.
2445 5733 2613 5779 um,
2648 5715 2708 5770 l9
2747 5728 2864 5780 sqq.

2426 1899 2544 1952 πῶν
2570 1900 2927 1971 διηγημάτων
2966 1901 3234 1972 συντέμω,
3287 1904 3334 1955 oi
3371 1901 3468 1972 μὲν
3507 1901 3796 1955 ἀκόλαστοι
3833 1899 4017 1952 νεανί-

2427 2010 2567 2055 σκοι,
2590 1994 2681 2046 ἐπὶ
2714 1993 2815 2062 τῆς
2849 1992 3206 2063 παρατάξεως
3237 1993 3454 2055 ἔπεσον,
3495 1992 3590 2046 καὶ
3616 1994 3648 2063 ἡ
3676 1992 3872 2064 πατρὶς
3899 1992 4019 2053 τοῖς

2425 2084 2732 2157 ἁμαρτοῦσι
2766 2083 3222 2138 συνεκινδύνευσε.
3279 2085 3372 2137 καὶ
3411 2086 3444 2154 ἡ
3475 2082 3571 2137 τοῦ
3609 2081 3745 2136 Θεοῦ
3781 2082 4018 2144 κιϐωτὸς

2427 2175 2770 2247 αίχμάλωτος
2803 2175 2957 2245 παρὰ
2982 2175 3091 2228 τῶν
3129 2174 3402 2246 πολεμίων
3435 2173 3686 2245 ἀπήχθη,
3726 2175 3820 2226 καὶ
3865 2173 3892 2223 ό
3923 2171 4021 2231 γέ-

2431 2283 2540 2335 ρων
2567 2267 2595 2318 ό
2620 2265 2799 2335 ἱερεὺς
2830 2266 2952 2326 ταῖς
2991 2262 3276 2331 ἀγγελίαις
3325 2260 3432 2314 τῶν
3464 2259 3648 2314 κακῶν
3680 2257 4018 2316 ὲπαπέθανε,

2428 2357 2521 2408 καὶ
2547 2353 2801 2417 τοσοῦτος
2840 2354 3006 2425 ἐσμὸς
3040 2352 3222 2406 κακῶν
3266 2350 3354 2405 διὰ
3393 2351 3671 2422 φάρυγγος
3710 2347 3898 2418 ἡδονὴν
3915 2349 4024 2399 ἑπ-

2427 2447 2631 2519 ηνέχθη
2663 2449 2727 2517 τῇ
2748 2445 2916 2498 πόλει.

2500 2539 2710 2601 Πάντες
2729 2533 2822 2591 οῦν
2851 2535 3258 2607 νηστεύσωμεν*
3288 2535 3337 2586 οἱ
3371 2531 3427 2584 δὲ
3450 2531 3557 2584 τῶν
3595 2531 3636 2582 ίε
3648 2531 3782 2600 ρέων
3801 2529 4024 2587 οἰκεῖοι,

2431 2633 2526 2686 καὶ
2589 2629 2811 2701 μᾶλλον,
2867 2629 2943 2691 ὼς
2994 2627 3243 2680 σύνοικον
3275 2624 3492 2695 ἔχοντες
3539 2618 3856 2674 διδάσκαλον
3914 2617 4025 2687 τῆς

2431 2718 2780 2789 ἐγκρατείας.
2812 2718 2904 2769 καὶ
2933 2717 3030 2784 ἀφ’
3065 2715 3272 2778 ἑστίας.
3316 2713 3384 2766 τά
3411 2712 3672 2781 φιλόσοφα
3705 2708 4025 2780 παραγγέλ-

2437 2827 2599 2863 ματα.
2657 2810 2890 2860 ’Ἄτοπον
2937 2807 3043 2878 γὰρ
3071 2807 3197 2868 τοὺς
3246 2804 3344 2874 μὲν
3377 2803 3572 2864 παῖδας
3618 2801 3727 2853 τῶν
3760 2799 4029 2871 τραπεζι-

2432 2901 2562 2963 τῶν,
2609 2897 3112 2970 ἀργυρογνώμονας
3147 2894 3308 2957 εἶναι,
3339 2896 3433 2949 καὶ
3480 2894 3606 2955 τοὺς
3639 2891 3869 2955 οἰκείους
3909 2891 4029 2944 τῶν

2434 2988 2680 3060 χαλκέων
2712 2987 2840 3056 περὶ
2874 2987 2935 3038 το
2969 2985 3082 3055 πῦρ
3129 2983 3458 3056 στρέφεσθαι
3508 2983 3603 3034 καὶ
3646 2982 3737 3032 τὸν
3783 2981 4028 3049 ἄχρω-ια’

2435 3082 2562 3143 τοὺς
2588 3079 2645 3132 δὲ
2675 3077 2782 3131 τῶν
2809 3077 3000 3146 ἱερέων
3033 3077 3203 3144 ἐγγὺς
3224 3074 3332 3127 εἴτε
3368 3074 3672 3141 συγγενεῖς.
3705 3071 3812 3124 εἴτε
3847 3071 4033 3133 ἄλλως

2436 3172 2672 3231 οἰκείους
2706 3168 3030 3239 ἀφηνιάζειν
3051 3166 3147 3219 τοῦ
3173 3167 3401 3229 σκοποῦ,
3433 3158 3477 3232 ᾧ
3503 3163 3602 3234 ζῇν
3624 3162 3814 3230 ἔλαχεν
3858 3164 3886 3213 ό
3923 3162 4033 3231 τῆς

2439 3263 2622 3325 ἑστίας
2647 3258 2875 3332 ἡγεμὼν
2908 3259 3000 3312 καὶ
3021 3257 3319 3327 Δεσπέτης.

2523 3441 2754 3513 Ἐϐλάόη
2795 3441 2884 3494 διὰ
2941 3441 3184 3511 γαστέρα
3250 3439 3481 3510 μέγιστα
3535 3439 3627 3492 καί
3682 3442 3709 3494 ό
3750 3441 3878 3502 παῖς
3932 3439 4036 3495 τοῦ

2452 3536 2638 3588 Ἰσαὰκ
2658 3537 2686 3587 ό
2713 3532 3104 3604 πρεσϐύτερος.
3153 3532 3374 3603 Ἐπειδὴ
3414 3531 3522 3603 γάρ
3555 3529 3823 3602 θηρευτὴς
3851 3531 4036 3601 ὑπεὶρ·

2439 3644 2548 3697 χων
2573 3627 2634 3679 τὸ
2662 3624 3021 3693 ἐπιτήδευμα,
3049 3623 3137 3676 καί
3172 3639 3299 3676 ποτε
3331 3622 3470 3692 μετὰ
3500 3621 3700 3694 δρόμον
3737 3621 3908 3674 πολὺν
3937 3621 4036 3673 ἰπὶ

2439 3719 2536 3788 τὴν
2571 3716 2748 3770 οίκίαν
2777 3714 3124 3784 ὑποστρέψας
3145 3713 3361 3782 ἀσχέτῳ
3395 3714 3552 3782 πείνῃ
3583 3710 3660 3782 τῷ
3697 3711 4036 3782 προφανέντι

2442 3809 2690 3879 βρώματι
2713 3807 2986 3878 περιέχειν
3038 3805 3264 3858 ἀπέδοτο
3290 3805 3385 3874 μὲν
3413 3803 3493 3873 τῷ
3515 3803 3728 3872 ἀδελφῴ
3756 3802 3934 3871 φακοῦ
3965 3802 4036 3855 τὰ

2441 3899 2805 3970 πρωτοτόκια·
2849 3895 3058 3949 ἐκεῖθέν
3099 3913 3156 3948 τε
3213 3895 3402 3948 λοιπὸν
3457 3895 3551 3948 καὶ
3606 3895 3705 3964 τὴν
3753 3894 4038 3964 πατρικὴν

2441 3989 2688 4056 εὐλογίαν
2724 3987 2958 4057 ὲκλάπη·
3001 3987 3096 4039 καὶ
3122 3985 3293 4047 οὕτως
3339 3986 3477 4039 κατά
3509 3984 3703 4056 μικρὸν
3730 3982 4037 4052 ἀλλοτριω-

2443 4080 2556 4142 Osi;
2583 4079 2785 4149 ἀρετῆς
2809 4077 2902 4130 καὶ
2928 4076 3086 4138 Θεοῦ,
3127 4075 3226 4146 τὴν
3264 4075 3672 4147 πατριαρχικὴν
3718 4072 3878 4138 δόξαν
3921 4073 4039 4126 ἀτι-

2442 4169 2628 4222 ὡλεσε·
2653 4171 2747 4222 καὶ
2761 4167 2855 4221 τοῦ
2891 4167 3104 4237 Ἰσραὴλ
3129 4165 3270 4219 κατά
3301 4166 3398 4235 τὴν
3422 4166 3693 4220 οίκείωσιν
3717 4161 4040 4234 χωρισθεὶς,

2443 4259 2605 4320 αὑτός
2667 4274 2724 4309 τε
2793 4256 3069 4326 βάρϐαρος
3125 4256 3344 4322 ἐγένετο
3406 4255 3500 4307 καὶ
3567 4251 3886 4320 ἀλλόφυλος,
3939 4259 4041 4313 καὶ

2444 4350 2683 4406 τοιοῦτον
2712 4350 2771 4414 ἐξ
2810 4347 2974 4403 αὑτοῦ
3006 4348 3132 4402 λαὸν
3160 4347 3550 4415 ἀπεγέννησεν.

2380 4453 2424 4509 D
2523 4443 2670 4514 Αὕτη
2706 4445 2738 4513 ἠ
2765 4443 2939 4505 νόσος,
2968 4440 3062 4493 καὶ
3090 4440 3181 4492 τὸν
3209 4440 3308 4510 τῆς
3338 4437 3582 4500 Παλαιᾶς
3606 4435 3880 4506 Διαθήκης
3908 4436 4044 4495 λαὸν

2451 4536 2532 4597 είς
2560 4533 2872 4606 παράϐασιν
2890 4531 2996 4585 τῶν
3021 4530 3180 4584 Θείων
3200 4531 3294 4582 καὶ
3321 4527 3482 4598 ἱερῶν
3511 4528 3714 4598 νόμων,
3739 4526 4040 4596 ἐξήγαγεν.

2467 4625 2690 4695 Ἐπειδὴ
2716 4625 2825 4696 γὰρ
2850 4623 3128 4684 Μωῦσέως
3153 4622 3219 4691 τῇ
3254 4617 3557 4686 ἐπαγγελίᾳ
3579 4616 3673 4670 τοῦ
3705 4616 3867 4685 νόμου
3907 4631 4044 4686 σχο.

2451 4717 2706 4780 λάζοντος
2727 4758 2739 4778 ,
2784 4711 3216 4781 ἐκδιαιτηθέντες
3242 4711 3289 4761 oi
3321 4708 3624 4778 ἄνθρωποι,
3661 4709 3795 4778 πρὸς
3823 4706 4046 4776 τρυφὴν

2454 4809 2547 4862 καὶ
2575 4808 2792 4878 χορείας
2822 4805 3159 4875 ἐτράπησαν,
3196 4800 3338 4853 κατά
3365 4800 3530 4871 μέρος
3561 4798 3760 4860 αὐτοὺς
3791 4797 4046 4850 ὀλισθαί-

2458 4917 2644 4961 νοντας
2677 4908 2769 4951 καὶ
2801 4897 3104 4958 πατοῦντας
3136 4893 3233 4964 τὴν
3267 4893 3526 4961 εὐνομίαν
3578 4889 3673 4944 τοῦ
3710 4889 3824 4960 βίου
3850 4927 3863 4950 ,
3903 4890 4048 4958 πρὸς

2455 4991 2713 5044 ἀσέϐειαν
2755 4991 2782 5041 ὁ
2825 4986 3069 5048 διάϐολος
3115 4982 3493 5051 ἐφειλκύσατο.
3537 4979 3805 5034 Κάκεῖθεν
3851 4979 4050 5034 λοιπὴν

2460 5079 2867 5150 μοσχοποίησις,
2920 5075 3264 5145 ἐπιτήδευσις
3305 5069 3650 5141 δαιμονῶσα,
3683 5072 3775 5123 καὶ
3829 5071 4050 5140 ’Δαρὼυ

2459 5171 2734 5224 κοινωνῶν
2787 5169 2879 5220 τοῦ
2924 5167 3250 5238 μιάσματος,
3303 5163 3396 5216 καὶ
3425 5162 3518 5215 τοῦ
3545 5163 3710 5231 νόμου
3741 5160 4014 5230 διαφθορὰ
4036 5201 4048 5220 ,

2459 5267 2552 5317 καὶ
2579 5263 2683 5315 τῶν
2727 5243 2945 5313 πλακῶν
2981 5256 3336 5326 συντριμμὸς,
3365 5255 3457 5330 καὶ
3485 5253 3762 5314 Μωῦσὲως
3789 5251 4052 5320 δεύτερος

2458 5355 2656 5424 δρόμος
2687 5353 2777 5405 ἐπὶ
2809 5351 2869 5403 τὸ
2902 5350 3048 5418 ὅρος,
3081 5353 3173 5400 καὶ
3199 5347 3376 5399 πάντα
3404 5347 3597 5408 ταῦτα,
3639 5346 3738 5398 ὅσα
3769 5345 3801 5412 ἡ
3830 5343 4052 5412 ἱστορία

2460 5442 2849 5515 σχετλιάζουσα
2874 5440 3216 5511 ὀλοφύρεται,
3243 5438 3352 5490 ἀπὸ
3376 5436 3630 5509 βρώσεως
3665 5435 3910 5504 ἀμέτρου
3951 5432 4054 5504 τὴν

2459 5536 2632 5607 ἀρχὴν
2668 5535 2792 5604 ἑσχε
2828 5535 2919 5586 καὶ
2954 5532 3049 5602 τὴν
3079 5529 3278 5584 αίτίαν.

2947 5712 2986 5741 "
3022 5707 3192 5763 Exod.
3223 5721 3370 5759 χχχιι
3392 5745 3406 5770 ,
3433 5704 3522 5768 22,
3564 5717 3679 5770 sqq.
