4216 6324
196 394 301 454 377

1116 398 1401 458 liOhliLlA
1440 401 1579 458 XIV.
1617 401 1680 458 IN
1715 401 2112 463 PRINCIPIUM
2148 404 2588 464 JEJUMORUM.

3342 403 3451 462 878

265 513 493 568 Θέλωδὲ
523 516 653 586 ύμῖν
681 518 776 570 καὶ
803 517 930 572 lno
972 518 1311 590 παραθέσθαι
1353 521 1616 594 διήγημα,
1652 523 1771 578 δεύ-

1847 574 1849 583 .
1948 524 2101 581 Libet
2130 541 2257 580 vero
2295 534 2347 583 et
2374 526 2517 580 aliud
2541 525 2797 596 quiddam
2839 538 3282 588 commemorare,
3312 535 3447 578 lem-

195 619 358 675 τερον
404 606 504 675 μὶν
547 606 640 660 τοῦ
683 608 1067 680 προλεχθέντος
1108 613 1221 674 τοῖς
1271 613 1502 682 χρόνοις,
1541 614 1779 668 ίσοδυνα⁹

202 693 340 762 μοῦν
370 693 428 748 δέ
453 696 594 750 κατὰ
621 697 719 767 τὴν
750 700 963 769 πρᾶξιν.
1004 702 1061 752 '0
1095 702 1265 756 Σαοὺλ
1296 707 1324 756 ὁ
1354 703 1605 773 βασιλεὺς
1636 721 1775 774 παρ-

196 784 476 850 ετάττετο,
518 787 610 839 καὶ
652 787 739 842 διά
768 790 968 860 πολλῆς
990 792 1264 862 φροντίδος
1285 789 1386 864 ἦγε
1410 796 1499 848 τὸν
1525 797 1774 866 πόλεμον·

195 874 550 946 ἀπηγόρευσε
582 878 638 930 δὲ
667 878 744 946 τῷ
788 881 902 951 λαῷ
928 884 1136 953 τροφῆς
1166 885 1222 936 ὲν
1265 886 1446 955 ἐκείνῃ
1494 889 1558 956 τῇ
1595 887 1775 957 ἡμέρᾳ

198 965 551 1033 μεταλαϐεῖν,
622 969 768 1039 ὅρκῳ
817 971 916 1042 τὴν
964 959 1141 1042 κρίσιν
1193 976 1628 1045 ἐπισφραγίσας,
1684 980 1776 1031 καὶ

195 1053 429 1120 θάνατος
475 1054 542 1129 ἦν
586 1061 618 1130 η
671 1061 839 1130 ζημία
885 1062 964 1131 τῷ
1013 1066 1440 1134 παρακούσαντι.
1490 1067 1674 1136 Πάσης
1720 1069 1775 1122 δὲ

192 1147 297 1219 τῆς
356 1153 611 1221 στρατιᾶς
661 1153 931 1216 εὐπειθῶς
977 1154 1275 1223 δεξαμένης
1319 1155 1378 1208 τὸ
1425 1156 1770 1226 πρόσταγμα,

197 1241 364 1308 μόνος
388 1245 416 1295 ό
448 1244 542 1296 τοῦ
573 1243 840 1312 βασιλέως
868 1247 995 1306 παῖς
1037 1246 1290 1318 Ίωνάθαν
1324 1249 1516 1316 σμήνει
1557 1263 1773 1317 περιτυ-

194 1329 329 1400 χὼν,
360 1333 453 1384 καὶ
475 1332 568 1386 τοῦ
597 1335 810 1404 μέλιτος
836 1335 1104 1404 ἡττηθεὶς,
1137 1337 1388 1407 ἐμπήξας
1419 1342 1530 1402 τοῖς
1565 1339 1773 1409 κηρίοις

191 1422 257 1474 τὺ
288 1422 591 1494 σκῆπτρον,
620 1423 715 1478 τοῦ
762 1424 1142 1496 γλυκάσματος
1190 1427 1550 1495 ἀπεγεύσατο.
1599 1427 1770 1483 Ἦλθε

190 1511 253 1563 δὲ
291 1513 464 1580 ἐγγὺς
495 1514 587 1568 τοῦ
621 1515 888 1579 κινδύνου,
923 1517 971 1569 εί
1008 1516 1082 1587 μὴ
1117 1518 1177 1570 τὸ
1209 1518 1411 1587 πλῆθος
1444 1520 1589 1573 ἆπαν
1616 1523 1769 1592 κοινῇ

191 1601 336 1671 πρὸς
363 1602 461 1673 τὴν
489 1603 661 1675 ὁρμὴν
686 1604 780 1656 τοῦ
815 1606 1016 1675 πατρὸς
1059 1607 1153 1660 καὶ
1197 1607 1458 1675 βασιλέως
1489 1609 1766 1680 ἀντέσχεν,

192 1692 509 1761 ἀπαγαγεῖν
541 1694 635 1763 τὴν
667 1696 898 1768 ἀπειλὴν
924 1700 1005 1760 είς
1027 1697 1188 1769 ἔργον
1217 1699 1520 1770 ὁρίσαντος.

266 1781 412 1851 Πρὸς
441 1781 500 1835 δὲ
524 1786 634 1846 τοῖς
657 1785 967 1855 εἰρημένοις
991 1786 1158 1857 μυρία
1180 1787 1403 1841 τοιαῦτα
1429 1789 1634 1853 ἔξεστιν
1661 1791 1767 1844 ἀπὸ

189 1871 304 1925 τῶν
335 1872 569 1942 Γραφῶν
599 1874 1011 1945 συλλεξάμενον,
1047 1878 1232 1944 σαφῶς
1261 1879 1514 1944 κατιδεῖν,
1543 1882 1618 1943 ὡς
1640 1882 1766 1951 ἀγα-

191 1959 287 2016 θὸν
307 1963 341 2031 ἡ
371 1963 686 2034 ἐγκράτεια,
716 1967 810 2017 καὶ
833 1965 1156 2029 τούναντίον,
1182 1968 1414 2038 χαλεπὸν
1437 1970 1471 2038 ἡ
1493 1969 1767 2032 ἀκώλυτος

189 2052 303 2106 τῶν
333 2055 514 2107 πότων
553 2055 646 2110 καὶ
694 2057 802 2109 τῶν
845 2056 990 2126 ὄψων
1023 2056 1342 2121 ἀπόλαυσις.
1387 2058 1627 2129 Νηστεία
1659 2059 1766 2113 τῶν

191 2143 372 2210 ἁγίων
401 2142 731 2215 σύντροφος·
785 2147 1003 2217 νηστεία
1045 2147 1229 2218 πάσης
1269 2148 1481 2217 ἀγαθῆς
1517 2148 1767 2220 πράξεως

188 2233 458 2302 ἀρχηγός.
497 2235 605 2288 Καὶ
630 2235 818 2304 ὥσπερ
848 2238 898 2289 οί
925 2239 1161 2306 τεχνῖται
1192 2237 1359 2306 χωρὶς
1390 2238 1636 2307 ὁργάνων
1667 2239 1768 2291 ούκ

187 2324 475 2394 ένεργοῦσι
508 2327 605 2388 τάς
634 2327 827 2396 τέχνας
852 2345 864 2356 ·
901 2327 1043 2379 οὕτω
1071 2329 1166 2379 καὶ
1204 2328 1251 2380 oi
1286 2328 1559 2381 σπουδαῖοι
1587 2329 1680 2381 καὶ
1710 2329 1767 2380 ὲν

191 2421 591 2486 πνευματικαῖς
655 2419 834 2488 χάρισι
889 2418 1205 2488 βοηθέντες,
1260 2419 1388 2472 ἄνευ
1445 2421 1768 2491 ἐγκρατείας

185 2503 387 2558 οὔποτέ
418 2523 473 2558 τι
503 2507 608 2558 τῶν
639 2508 929 2577 θαυμάτων
964 2509 1050 2561 καὶ
1093 2509 1393 2580 τεραστίων
1423 2511 1762 2580 εἰργάσαντο.

188 2595 490 2666 Νηστεύων
549 2598 811 2661 ἰιὶλισαῖος
868 2599 1054 2669 ἤγειρε
1099 2599 1291 2669 νεκρὸν
1339 2601 1430 2653 καὶ
1474 2599 1722 2669 ὲψύχωσε
1749 2619 1762 2631 ο

191 2681 474 2750 νηστεύων
515 2683 716 2752 Μωσῆς
754 2679 858 2737 εἶδε
889 2685 1047 2737 Θεόν·
1088 2685 1361 2754 νηστεύων
1393 2687 1588 2757 Δανιὴλ
1611 2726 1625 2749 ,
1668 2691 1767 2759 τῆς

189 2773 445 2841 γοητείας
480 2775 572 2826 καὶ
613 2773 816 2842 πλάνης
844 2774 952 2827 τῶν
997 2775 1294 2845 Ἀσσυρίων
1328 2776 1596 2846 ἐκράτησε
1622 2795 1634 2808 ·
1673 2795 1766 2848 νη-

191 2863 402 2916 στεύων
444 2862 538 2916 καὶ
580 2865 607 2914 ό
639 2863 845 2932 Κύριος
890 2862 981 2916 τοῦ
1023 2863 1265 2917 διαϐόλου
1299 2865 1406 2917 τῶν
1449 2868 1766 2937 πειρασμῶν

187 2953 481 3020 ἠνέσχετο⁸
526 2952 874 3022 νηστεύοντες
921 2953 1015 3006 καὶ
1061 2955 1108 3006 οἱ
1141 2954 1446 3019 ἀπόστολοι,
1478 2957 1577 3021 τὰς
1624 2959 1763 3030 ὑπὲρ

186 3043 298 3094 τῶν
327 3042 630 3096 σπουδαίων
658 3043 995 3114 πραγμάτων
1023 3043 1231 3114 δεήσεις
1259 3046 1475 3100 ἐτέλουν
1495 3063 1509 3076 ’
1546 3048 1764 3118 νηστείᾳ

1879 630 2007 684 pore
2053 617 2269 684 quidem
2320 616 2589 683 posterius
2627 617 2717 671 sed
2765 617 2906 684 quod
2965 615 3031 670 ad
3078 630 3186 668 rem
3233 617 3444 676 attinet.

1879 707 2033 774 plane
2058 705 2405 775 tequivalens.
2434 705 2558 759 Saul
2601 719 2689 759 rex
2742 708 2792 760 in
2823 706 3017 760 castris
3041 715 3178 767 erat,
3205 714 3256 760 et
3281 704 3444 758 multa

1878 796 2243 850 sollicitudine
2292 795 2489 850 bellum
2535 795 2970 850 administrabat.
3023 796 3301 849 Iuterdixit
3344 809 3444 847 aur

1880 892 1982 937 tem
2009 884 2234 953 populo,
2266 899 2331 939 ne
2355 886 2476 952 quis
2523 884 2610 938 illo
2645 883 2732 936 die
2761 885 2934 938 cibum
2964 897 3196 938 sumeret
3216 882 3289 945 “;
3318 898 3440 936 sen-

1878 973 2102 1026 tentiam
2138 989 2291 1028 suam
2331 973 2680 1042 jurejurando
2710 974 3019 1043 obsignans,
3049 976 3267 1028 decreto
3301 987 3443 1026 mor-

1879 1063 1944 1118 Iis
1974 1063 2241 1132 supplicio
2300 1065 2343 1117 si
2403 1065 2522 1132 quis
2575 1079 2678 1119 non
2715 1066 3152 1132 obtemperasset.
3187 1065 3318 1120 Cum
3349 1079 3446 1117 au-

1877 1161 1978 1206 tem
2015 1163 2156 1209 totus
2189 1153 2460 1208 exercitus
2512 1156 2819 1208 mandatum
2863 1154 3041 1209 debito
3062 1154 3320 1223 obsequio
3347 1171 3441 1208 ac.
3549 1196 3552 1199 λ

1873 1245 2102 1311 cepisset
2131 1288 2143 1302 .
2211 1244 2356 1298 solus
2413 1243 2674 1300 Jonathas
2696 1285 2712 1310 ,
2761 1245 2902 1298 [ilius
2933 1245 3074 1314 regis
3096 1287 3110 1306 .
3142 1246 3194 1298 in
3229 1246 3444 1299 alveare

1876 1334 2132 1399 incidens,
2165 1336 2443 1405 mellisque
2473 1335 2754 1390 dulcedine
2802 1337 2997 1401 victus,
3020 1336 3142 1390 favo
3170 1346 3439 1404 sceptrum

1873 1421 2127 1492 infigens,
2169 1424 2501 1481 dulcedinem
2537 1426 2681 1479 illam
2731 1427 2991 1496 gustavit.
3030 1425 3312 1481 Proximus
3346 1440 3442 1478 au-

1874 1522 1978 1570 tem
2016 1517 2256 1584 periculo
2281 1519 2403 1583 fuit,
2449 1521 2549 1574 nisi
2583 1529 2725 1576 totus
2754 1521 2981 1590 populus
3016 1520 3284 1577 communi
3315 1535 3442 1575 eon-

1871 1617 2028 1657 sensu
2079 1607 2407 1661 retardasset
2462 1608 2718 1675 impetum
2775 1623 2838 1676 pa
2871 1607 2979 1672 ris,
3028 1608 3116 1677 qui
3155 1607 3442 1661 intentatas

1871 1694 2044 1746 minas
2069 1695 2135 1748 ad
2176 1710 2288 1750 rem
2324 1694 2572 1751 conlerre
2613 1697 2842 1752 volebat.

1939 1782 2141 1840 Praeter
2179 1787 2315 1850 haec,
2350 1799 2602 1841 sexcenta
2634 1788 2736 1841 alia
2774 1803 2841 1841 ex
2869 1787 3165 1853 Scripturis
3190 1795 3440 1853 colligere

1799 1845 1840 1903 Β
1869 1873 2022 1938 licet,
2063 1877 2205 1930 unde
2250 1845 2481 1933 dilucide
2505 1879 2810 1942 elucescat.
2853 1845 3039 1949 quanti
3087 1845 3342 1933 facienda"
3370 1879 3440 1931 sit

1866 1968 2240 2032 temperantia,
2280 1975 2333 2022 et
2366 1982 2397 2020 e
2435 1968 2730 2034 contrario,
2753 1983 2915 2036 quam
2946 1982 3110 2037 grave
3137 1966 3335 2021 malum
3370 1966 3440 2018 sit

1865 2050 2291 2121 intemperanter
2331 2070 2392 2111 se
2437 2055 2558 2110 cibo
2609 2066 2844 2125 poloque
2898 2056 3250 2126 ingurgitare.
3289 2053 3433 2121 Jeju-

1867 2142 2012 2196 nitnn
2068 2154 2381 2198 sanctorum
2427 2146 2758 2201 collactanea
2819 2154 2930 2210 est;
2973 2144 3232 2214 jejunium
3263 2143 3439 2198 omnis

1867 2230 1990 2284 boni
2014 2234 2192 2303 operis
2218 2234 2453 2288 initium.
2498 2235 2564 2290 Et
2595 2237 3047 2305 quemadmodum
3078 2235 3299 2304 opiﬁces
3321 2234 3448 2288 siue-

1869 2321 2242 2377 instrumentis
2295 2339 2400 2378 non
2449 2334 2650 2395 agunt,
2683 2341 2800 2393 qua:
2848 2326 2982 2379 artis
3015 2340 3123 2379 sua:
3155 2333 3312 2386 sunt;
3365 2324 3436 2377 ita

1868 2413 2040 2468 seduli
2067 2424 2121 2468 et
2158 2415 2210 2468 in
2243 2417 2618 2483 spirituaiibus
2659 2419 2852 2488 gratiis
2881 2417 3156 2481 celebrati,
3179 2418 3308 2472 nihil
3339 2418 3438 2470 mi-

1874 2503 2182 2559 raculorum
2217 2521 2453 2574 unquam
2491 2508 2610 2563 sine
2659 2509 3012 2578 temperantia
3041 2517 3434 2578 perpetrarnnt.

1867 2593 2122 2662 Jejnnans
2169 2598 2378 2653 Eliseus
2425 2609 2696 2654 mortuum
2726 2602 2984 2656 excitavit
3019 2611 3075 2656 et
3106 2603 3329 2666 revixit;
3357 2601 3441 2668 je-

1863 2685 2061 2754 junans
2091 2685 2299 2758 Moyses
2332 2687 2494 2742 Deum
2530 2689 2683 2744 vidit.
2722 2688 2980 2759 Jejunans
3015 2689 3223 2750 Daniel,
3250 2691 3439 2743 iocan-

1871 2777 2104 2831 tationes
2149 2788 2202 2832 et
2247 2793 2464 2832 errores
2512 2779 2854 2850 Assyriorum
2912 2779 3135 2834 domuit.
3181 2777 3440 2845 Jejunans

1867 2869 2027 2922 etiam
2079 2869 2332 2921 Dominus
2381 2867 2576 2922 diaboli
2625 2870 3033 2940 impressionem
3083 2868 3435 2938 compescuit.

1868 2959 2113 3028 Apostoli
2143 2973 2358 3029 quoque
2389 2974 2476 3013 res
2509 2960 2680 3016 serias
2712 2973 3007 3028 precesque
3032 2975 3134 3013 non
3163 2959 3281 3012 sine
3306 2959 3438 3028 jeju-

1868 3045 1959 3105 nio
2005 3045 2373 3112 perliciehant.
2416 3045 2668 3101 Ninivite
2712 3047 3184 3101 comminationem
3249 3046 3434 3101 mortis

189 3131 473 3185 Νιιιευῖται
495 3134 592 3203 τὴν
619 3133 844 3203 ἀπειλὴν
868 3134 1122 3203 ἐνίκησαν
1154 3134 1245 3187 τοῦ
1274 3135 1502 3190 Θανάτου
1525 3152 1538 3166 ’
1571 3138 1663 3191 καὶ
1687 3138 1762 3202 ὡς

1862 3134 2065 3200 jejunio
2087 3134 2422 3203 effugerunt;
2451 3148 2506 3190 et
2527 3145 2586 3189 ut
2607 3136 2846 3191 breviter
2879 3136 3060 3189 omnia
3091 3136 3434 3205 complectar.

188 3225 396 3278 ἐπίπαν
428 3225 618 3288 εἰπεῖν,
657 3224 794 3296 αὕτη
827 3224 960 3296 πρὸς
997 3225 1129 3277 Θεὸν
1171 3227 1516 3297 παράκλητος
1539 3245 1551 3257 ·
1587 3227 1764 3292 αἰδοῦς

187 3315 345 3379 ἀξία,
382 3315 477 3368 καὶ
523 3315 760 3385 πρέσϐυς
794 3315 1138 3380 ἀξιόπιστος,
1191 3317 1401 3386 ταχέως
1441 3317 1764 3373 δυσωποῦσα

193 3406 336 3474 ὒπὲρ
363 3398 439 3458 ὧν
480 3406 798 3475 προσαγάγῃ
828 3405 905 3475 τῷ
932 3406 1050 3476 Θεῷ
1075 3407 1174 3477 τὴν
1210 3408 1506 3479 ἱκετηρίαν.
1540 3411 1629 3463 Διὸ
1659 3413 1766 3474 πᾶς

187 3495 330 3565 ἀνὴρ
367 3494 613 3565 εὐσεϐὴς,
659 3498 752 3550 καὶ
794 3497 941 3559 ὅστις
971 3495 1211 3565 φιλόθεος
1247 3497 1446 3566 μᾶλλον
1481 3498 1511 3569 ἢ
1544 3501 1637 3553 καὶ
1679 3517 1766 3568 φι-

188 3583 439 3654 λήδονος,
487 3585 692 3656 χαίρων
753 3605 842 3657 μοι
914 3587 1006 3640 καὶ⁵
1049 3585 1449 3658 εὐθυμούμενος
1503 3591 1763 3660 πρόσελθε

186 3678 311 3738 ταῖς
340 3675 573 3746 ἡμέραις
601 3677 700 3748 τῆς
728 3679 1074 3748 ἐγκρατείας.
1100 3681 1289 3744 Οὐδεὶς
1311 3681 1419 3752 γὰρ
1449 3683 1766 3753 σκυθρωπά-

189 3765 300 3829 ζων
333 3769 392 3818 ὲν
421 3767 564 3836 ἀρχῇ
605 3766 714 3820 τῶν
743 3767 992 3836 ἀγώνων,
1027 3773 1270 3839 γενναῖος
1302 3771 1627 3840 ἀγωνιστής.
1674 3774 1763 3843 Μὴ

190 3855 344 3925 γίνου
376 3856 623 3922 στυγνὸς,
652 3855 727 3918 ὡς
764 3855 981 3929 βρέφος,
1014 3858 1106 3912 ἐπὶ
1137 3859 1200 3912 τδ
1223 3857 1582 3913 διδασκαλεῖον
1614 3860 1764 3914 ἑλκο-

192 3945 358 4016 μένου
385 3961 398 3973 ·
431 3945 507 4016 μὴ
535 3945 916 4015 καταγόγγυξε
957 3949 1054 4019 τῆς
1099 3947 1207 4001 τῶν
1257 3949 1480 4023 ἡμερῶν
1529 3949 1765 4021 καθαρός

186 4051 374 4107 τητος·
414 4035 491 4106 μὴ
538 4035 692 4106 ζήτει
722 4038 822 4108 τῆς
867 4035 1158 4107 έσδομάδος
1198 4038 1259 4092 το
1302 4039 1485 4103 τέλος,
1523 4041 1598 4102 ὡς
1630 4042 1766 4110 μετὰ

188 4124 436 4196 χειμῶνα
468 4125 685 4196 πικρὸν,
720 4122 1022 4196 παρουσίαν
1051 4127 1209 4200 ἔαρος
1229 4144 1243 4157 °
1282 4131 1356 4200 μὴ
1386 4129 1641 4199 ὲπιθύμει
1672 4129 1764 4183 τοῦ

189 4216 474 4271 Σαϐϐάτου
503 4214 590 4269 διὰ
621 4215 811 4289 μέθην,
851 4216 927 4281 ὡς
983 4218 1232 4283 Ἰουδαῖος
1254 4235 1266 4249 ’
1302 4219 1375 4289 μὴ
1422 4220 1642 4290 ἀρίθμει
1670 4222 1767 4285 τὰς

190 4308 405 4380 ἡμέρας
456 4309 553 4378 τῆς
606 4309 1090 4380 Τεσσαρακοστῆς,
1137 4308 1213 4374 ὡς
1270 4310 1438 4380 ἀργὸς
1497 4312 1764 4378 μισθωτὸς

188 4398 476 4467 ἀναμένων
512 4397 611 4472 τῆς
654 4397 919 4468 ὲμμίσθου
962 4399 1297 4470 προθεσμίας
1342 4401 1402 4452 τὸ
1455 4403 1639 4464 τέλος·
1691 4403 1765 4472 μὴ

1863 3225 2130 3293 jejunium
2168 3237 2250 3281 est
2286 3228 2505 3297 dignum
2538 3229 2694 3297 cujus
2719 3237 2973 3296 tanquam
3003 3227 3158 3296 legati
3187 3228 3320 3281 ratio
3343 3227 3438 3280 ha-

1867 3317 2078 3380 beatur,
2108 3328 2162 3371 et
2195 3331 2423 3386 quorum
2469 3319 2680 3374 ratione
2705 3321 2770 3373 ad
2802 3320 2966 3374 Deum
3018 3319 3281 3388 legatione
3327 3318 3439 3370 l'un-

1866 3408 2028 3477 gitur,
2065 3408 2408 3463 exaudiatur.
2435 3407 2696 3474 Quocirca
2719 3408 2967 3477 quisquis
2994 3417 3077 3462 est
3107 3409 3224 3476 pius
3251 3407 3436 3460 Demn-

1866 3513 1968 3565 que
2010 3497 2192 3553 colens
2237 3508 2290 3552 et
2346 3497 2517 3568 magis
2561 3513 2722 3566 quam
2765 3498 3064 3567 voluptates
3104 3509 3312 3559 amans,
3351 3496 3438 3549 ille

1867 3589 2116 3642 alacriter
2177 3589 2259 3643 his
2314 3589 2503 3644 diebus
2558 3591 2900 3644 abstinentiae
2943 3589 3009 3641 ad
3063 3603 3147 3641 tne
3195 3587 3436 3646 accedat,

1871 3679 2047 3732 nullus
2104 3680 2280 3741 enim,
2330 3681 2420 3748 qui
2475 3679 2628 3734 initio
2669 3682 3028 3734 certaminum
3071 3677 3347 3731 vultuosus
3384 3686 3440 3730 et

1869 3770 2035 3824 tristis
2098 3779 2221 3833 est,
2281 3785 2573 3840 generosus
2632 3772 2837 3826 athleta
2893 3780 2997 3827 est.
3055 3769 3131 3824 Ne
3189 3767 3439 3823 eiiiciaris

1867 3870 2092 3916 nitnstus
2113 3902 2128 3925 ,
2166 3870 2420 3930 tanquam
2450 3862 2727 3930 puerulus,
2754 3863 2845 3931 qui
2883 3861 3137 3915 violenter
3167 3861 3232 3914 ad
3256 3857 3435 3913 ludum

1868 3951 2185 4008 litterarium
2224 3953 2499 4018 trahitur;
2555 3968 2623 4008 ne
2679 3966 2985 4007 murmures
3025 3953 3288 4006 adversus
3341 3951 3437 4003 ho-

1870 4057 1982 4096 rum
2007 4042 2218 4095 dierum
2261 4042 2548 4109 puritatem
2575 4057 2590 4107 ;
2639 4055 2706 4095 ne
2728 4055 2939 4109 quaeras
2970 4040 3126 4094 linem
3155 4038 3441 4094 hebdoma-

1867 4136 1967 4194 dae,
1985 4132 2125 4187 sicut
2148 4141 2265 4200 post
2303 4132 2678 4187 inclementem
2726 4132 2958 4188 hiemem
3007 4129 3272 4184 adventus
3298 4128 3438 4182 veris

1866 4224 2166 4292 expetitur;
2215 4240 2282 4277 ne
2325 4225 2599 4279 desideres
2643 4223 2934 4279 Sabbatum
2982 4226 3051 4276 ob
3094 4221 3433 4279 ebrietatem,

1869 4322 2120 4379 tanquam
2162 4311 2408 4377 Judaaus;
2459 4328 2526 4368 ne
2579 4327 2833 4367 numeres
2867 4309 3294 4377 Quadragesinia:
3324 4308 3439 4361 dies

1868 4402 2009 4454 velut
2033 4403 2254 4471 ignavus
2285 4403 2670 4465 mercenarius,
2697 4411 3018 4469 exspectans
3056 4398 3228 4451 donec
3257 4396 3436 4451 e‘laba-

190 4487 364 4541 λυποῦ
386 4529 402 4551 ,
438 4489 519 4542 ὅτι
549 4505 643 4542 σου
674 4491 783 4552 ἀπὸ
810 4489 1030 4561 πρώτης
1067 4489 1216 4562 ὥρας
1242 4491 1274 4561 ἡ
1306 4491 1452 4543 οἰκία
1479 4492 1540 4544 οὺ
1569 4492 1762 4545 καπνί-

1870 4501 1954 4546 tur
1968 4491 2103 4560 ejus,
2130 4491 2194 4543 de
2214 4507 2319 4558 quo
2347 4498 2672 4545 conventum
2703 4497 2808 4555 est,
2837 4499 3077 4555 tempus;
3104 4501 3169 4540 ne
3201 4485 3432 4555 sngaris.

196 4582 369 4649 ζεται,
403 4581 521 4635 οὐδὲ
547 4582 576 4633 ὁ
611 4580 873 4653 μάγειρος
895 4582 1092 4653 ῑστηκε
1131 4583 1268 4654 πρὸς
1296 4583 1358 4636 τὸ
1391 4581 1519 4652 πῦρ.

265 4758 502 4829 λαρισαί
541 4775 594 4811 τι
626 4761 720 4813 καὶ
745 4760 814 4830 τῇ
842 4757 988 4831 ψυχῇ
1011 4795 1030 4822 ,
1072 4758 1150 4829 μὴ
1198 4758 1374 4814 πάντα
1419 4755 1496 4826 τῷ
1528 4757 1761 4827 σώματι.

190 4849 304 4922 Τὴν
345 4851 443 4919 μὲν
467 4849 503 4918 η
531 4847 710 4919 ἀποχὴ
737 4847 846 4902 τῶν
879 4848 1063 4904 σιτίων
1088 4849 1309 4919 τρέφετο
1342 4847 1401 4900 τὸ
1433 4846 1489 4899 δέ
1524 4847 1564 4918 ἡ,
1590 4847 1761 4916 ἐμφό-

194 4958 374 5014 ρησις.
443 4939 579 4993 Ἀλλ’
618 4939 806 5010 ἐπειδὴ
847 4938 916 4993 τὰ
957 4938 1052 4994 δύο
1089 4937 1337 5010 ἀλλήλοις
1379 4934 1758 5000 συνέζευκται,

197 5029 293 5084 καὶ
322 5027 393 5081 τὰ
426 5026 560 5082 πολὺ
594 5026 971 5099 κεχωρισμένα
1015 5027 1157 5081 κατὰ
1187 5026 1286 5097 τὴν
1329 5026 1510 5095 φύσιν,
1551 5029 1616 5098 τῇ
1667 5025 1760 5081 τοῦ

193 5118 537 5194 Δημιουργοῢ
573 5118 826 5191 συνεδέθη
864 5118 1090 5190 προνοίᾳ
1120 5118 1216 5172 καὶ
1240 5117 1437 5190 τέχνῃ,
1470 5116 1763 5186 βουλευσώ-

196 5206 336 5277 μεθα
363 5208 513 5269 ὅπως
534 5206 600 5260 ἂν
625 5208 911 5279 ἀμφότερα
938 5208 1256 5276 διαγένοιτο,
1279 5206 1387 5260 τῶν
1413 5207 1763 5276 καταλλήλων

190 5299 425 5352 ἕκαστον
453 5297 649 5368 χρειῶν
692 5298 766 5368 μὴ
809 5299 1181 5369 στερούμενον.
1232 5299 1325 5352 Ἐκ
1368 5298 1474 5351 τῶν
1517 5298 1610 5351 δύο
1639 5315 1762 5351 συν-

191 5387 450 5456 έστηκας,
477 5384 749 5452 ἄνθρωπε,
781 5387 873 5439 καὶ
901 5385 1088 5441 σιωπῶ
1130 5386 1297 5449 τέως,
1332 5387 1411 5438 ὃτι
1454 5387 1584 5440 πολὺ
1631 5403 1760 5456 προ-

191 5475 480 5545 τιμότερον
504 5476 536 5542 ἡ
564 5474 740 5545 ψυχὴ,
773 5478 866 5528 καὶ
913 5477 1183 5547 προσῆκεν
1216 5478 1400 5549 ἐκείνῃ
1441 5477 1625 5546 νέμειν
1662 5477 1760 5545 τῆς

192 5565 407 5627 εὐνοίας
432 5564 491 5616 τὸ
520 5563 697 5616 πλέον.
729 5564 955 5618 Δίκασον
977 5567 1033 5620 δὲ
1064 5566 1410 5636 ἀμφοτέροις,
1445 5565 1516 5630 ὡς
1551 5566 1761 5634 λογικὸς

260 5764 311 5800 ε’
347 5762 362 5816 Ι
392 5760 521 5832 Reg.
563 5778 668 5828 τιν,
702 5763 771 5816 9i
797 5781 914 5832 sqq.

1863 4582 1908 4637 si
1939 4598 1966 4638 a
2004 4584 2173 4651 prima
2209 4582 2339 4635 hora
2369 4582 2559 4637 domus
2602 4595 2707 4635 non
2745 4577 3099 4644 perfundatur
3128 4577 3273 4630 litum
3297 4616 3311 4632 .
3346 4591 3433 4627 ne-

1861 4687 1968 4743 que
1994 4688 2198 4741 coquus
2225 4682 2329 4728 stet
2362 4673 2429 4726 ad
2466 4672 2664 4742 ignem.

1936 4763 2008 4816 Da
2035 4763 2196 4821 etiam
2226 4762 2426 4832 aliquid
2473 4762 2701 4825 animm,
2744 4776 2847 4816 non
2886 4757 3068 4827 omnia
3110 4770 3345 4825 corpora.
3374 4755 3436 4810 ll-

1866 4851 1970 4905 lam
2020 4854 2186 4904 ttutrlt
2231 4850 2557 4916 abstinentia
2579 4849 2648 4904 ab
2672 4846 2950 4926 alimentis
2976 4886 2992 4910 ,
3024 4857 3223 4913 corpus
3256 4852 3432 4898 autem

1871 4941 2097 5010 repletio
2128 4955 2219 4996 seu
2250 4941 2497 5011 ingestio.
2532 4939 2638 4994 Sed
2681 4954 2804 4996 cum
2835 4939 2941 4994 duo
2972 4938 3086 4993 hac
3121 4937 3229 5003 jam
3256 4942 3437 4988 mutuo

1867 5032 1977 5087 sint
2003 5030 2278 5098 cOpulata,
2320 5031 2569 5101 quamvis
2597 5039 2788 5085 natura
2832 5028 3057 5083 ruultmn
3099 5026 3430 5088 dissidentia,

1861 5121 2170 5176 Conditoris
2226 5130 2402 5175 tamen
2464 5121 2806 5189 providentia
2861 5130 2916 5176 et
2976 5129 3092 5174 arte
3155 5131 3431 5178 connexa.

1861 5211 2130 5279 dispicere
2151 5222 2389 5281 Oportet,
2414 5215 2689 5280 quomodo
2714 5212 2929 5282 utrique
2957 5212 3152 5266 horum
3183 5208 3429 5271 satisfiat,

1861 5304 1933 5357 ita
1960 5310 2017 5355 ut
2048 5311 2294 5356 neutrum
2327 5302 2506 5356 debito
2549 5302 2788 5357 subsidio
2827 5302 3083 5372 privetur.
3116 5301 3190 5355 Ex
3228 5299 3429 5353 duabus

1869 5393 2029 5446 rebus
2062 5401 2468 5461 coagmentatus
2505 5408 2603 5457 es,
2632 5408 2665 5448 o
2696 5393 2875 5446 homo.
2909 5392 3060 5446 Mitto
3090 5391 3289 5452 dicere,
3322 5389 3434 5441 ani-

1867 5498 2008 5536 mam
2074 5482 2241 5537 multo
2295 5485 2721 5551 praestantiorem
2754 5497 2908 5547 esse,
2954 5497 3017 5536 ac
3049 5481 3268 5550 proinde
3312 5480 3428 5548 plus

1868 5572 2256 5630 benevolentiae
2286 5572 2334 5627 ei
2372 5571 2579 5628 deberi.
2614 5569 2710 5628 Jus
2744 5573 2830 5628 dic
2863 5571 3132 5642 utrisque,
3175 5581 3427 5642 tanquam
