4216 6324
712 342 822 402 379

2002 348 2060 405 S.
2104 346 2379 404 ASTElill
2421 345 2724 404 AMASENI

3891 353 4001 408 580

708 459 942 522 rationis
987 460 1260 534 particeps
1293 468 1348 518 et
1382 475 1570 534 aequus
1612 463 1803 534 judex.
1859 465 2134 533 Exspecta
2171 481 2297 535 pau-

2404 464 2495 516 xal
2529 463 2846 534 εὐγνώμων.
2915 464 3173 535 Ἀνὰσχου
3209 465 3265 521 δὲ
3316 465 3546 536 μικρὸν,
3581 465 3673 520 καί
3708 469 3755 519 εἰ
3798 468 4002 539 βουλη-

707 551 916 624 lisper,
967 564 1023 609 et
1079 570 1208 625 ego,
1260 556 1304 612 si
1350 555 1533 622 lubet,
1566 573 1665 628 pro
1705 558 1887 613 anima
1914 567 2166 627 tanquam
2202 572 2299 626 pro

706 641 938 697 muliere
982 643 1157 711 fideli,
1206 658 1434 711 eorum,
1485 648 1538 700 in
1579 646 1774 718 quibus
1808 661 1866 701 se
1915 647 2113 716 injuria
2156 645 2298 700 affici

709 735 905 789 merito
928 737 1303 805 conqueritur,
1351 739 1720 796 defensionem
1753 740 2055 795 instituam.
2104 739 2298 792 Anima

709 826 873 895 igitur
901 843 1056 882 sacra
1109 839 1222 892 est.
1269 843 1325 885 et
1353 847 1382 884 a
1427 835 1671 903 corporis
1708 833 2055 886 concretione
2105 831 2296 897 lihera,

708 918 1031 976 immortalis
1081 931 1138 976 et
1185 923 1444 980 interitus
1509 927 1712 980 nescia.
1753 923 1940 994 Neque
1995 939 2116 978 cum
2156 935 2298 978 terra

703 1017 761 1062 et
788 1012 1172 1079 terrestribus,
1230 1016 1323 1070 sed
1373 1031 1493 1071 cum
1530 1015 1642 1069 Deo
1687 1014 2067 1085 cognationem
2115 1014 2296 1067 habet.

701 1096 839 1154 Cum
862 1115 993 1156 vero
1026 1117 1159 1172 pura
1195 1107 1298 1171 sit,
1352 1107 1500 1175 puris
1526 1106 1845 1172 delectatur,
1884 1114 1940 1160 et
1985 1095 2107 1159 eu'm
2149 1105 2300 1173 origo

702 1190 821 1258 ejus
849 1194 1087 1247 materia.
1109 1207 1326 1262 careat,
1369 1197 1499 1268 fugit
1525 1212 1743 1268 quoque
1791 1211 1878 1252 res
1929 1197 2170 1250 materia:
2203 1197 2300 1249 itn-

703 1297 938 1338 mersas.
974 1282 1244 1341 (laterum
1296 1299 1584 1359 postquam
1612 1305 1641 1344 ιι
1669 1289 1780 1344 Deo
1821 1297 2084 1344 statutum
2109 1299 2212 1355 est,
2243 1297 2302 1342 ut

702 1371 998 1426 vasculum.
1031 1389 1096 1428 ex
1149 1384 1291 1431 terra
1324 1376 1618 1433 temetum
1660 1379 1915 1435 informet
1937 1391 2098 1448 atque
2129 1377 2302 1432 admi-

706 1461 926 1528 nistret,
969 1465 1107 1537 ipse,
1142 1477 1201 1523 ut
1227 1469 1546 1541 obsequens
1567 1471 1766 1527 famula
1794 1513 1807 1536 ,
1833 1473 1944 1527 luto
1992 1471 2214 1535 assidet,
2248 1479 2302 1524 et

701 1557 964 1613 excubias
998 1560 1130 1630 agit,
1165 1566 1337 1618 donec
1385 1566 1699 1619 mandatum
1732 1566 2006 1636 accipiat,
2042 1563 2184 1634 quod
2218 1575 2304 1615 se-

702 1649 1043 1716 parationem
1081 1653 1351 1722 impetret.
1388 1653 1522 1709 Huic
1560 1656 1744 1726 igitur,
1789 1672 1909 1726 quae
1939 1671 2136 1725 corpus
2172 1652 2304 1707 vivi-

705 1736 851 1800 licat,
888 1738 1114 1804 prodest
1136 1755 1165 1794 a
1189 1742 1326 1797 cibis
1358 1743 1690 1800 abstinentia
1712 1787 1726 1811 ,
1760 1755 1981 1801 terreno
2007 1755 2187 1799 autem
2221 1744 2303 1796 in—

2404 553 2501 624 θῇς
2527 596 2539 618 ,
2585 551 2695 621 ἐγὼ
2734 553 2823 605 τὸν
2859 554 2999 625 ὑπὲρ
3031 555 3130 624 τῆς
3164 555 3341 626 ψυχῆς
3367 554 3526 623 λόγον
3559 556 3893 625 ποιήσομαι.
3923 559 4000 621 ὡς

2402 645 2625 712 γυναικὶ
2669 646 3004 716 πιστευσὰσῃ
3058 648 3406 716 συνηγορίαν,
3443 648 3526 715 ἐφ’
3561 641 3640 709 οἷς
3695 648 4000 703 ἀδικεῖσθαι

2401 733 2548 803 λέγει
2597 737 2685 788 καὶ
2741 736 3190 807 καθυϐρίζεσθαι.
3245 737 3392 809 Αὕτη
3457 738 3638 791 τοίνυν
3681 739 3828 790 ἐστὶν
3880 741 4004 807 ίερέι

2403 827 2499 882 καὶ
2522 826 2835 898 ἀσώματος,
2859 829 3124 892 ἀθάνατος
3151 829 3244 882 καὶ
3266 827 3597 900 ἀνώλεθρος’
3615 828 3676 881 οὐ
3706 829 3842 900 πρὸς
3873 831 4001 897 γῆν,

2403 919 2498 970 καὶ
2523 918 2592 971 τὰ
2620 920 2769 989 τῇδε,
2806 919 2943 974 ἀλλά
2975 920 3111 992 πρὸς
3136 921 3268 974 Θεὸν
3296 920 3494 990 ἔχουσα
3521 920 3620 990 τὴν
3650 921 3998 989 συγγένειαν.

2401 1011 2635 1084 Καθαρά
2681 1013 2737 1065 δὲ
2779 1008 2915 1066 οὖσα
2964 1013 3145 1086 χαίρει
3194 1017 3306 1078 τοῖς
3352 1014 3650 1088 καθαροῖς,
3700 1015 3793 1069 καὶ
3836 1014 4002 1068 ᾶῦλον

2403 1101 2600 1174 ἔχουσα
2629 1104 2729 1175 τὴν
2777 1105 3012 1171 γένεσιν,
3046 1105 3236 1175 φεύγει
3280 1106 3379 1168 τὰς
3424 1105 3576 1170 ὕλας.
3629 1106 3774 1176 Πλὴν
3809 1105 4002 1175 ἐπειδὴ

2404 1195 2752 1265 προσετάχθη
2779 1195 2840 1248 τὸ
2881 1198 2944 1248 ὲκ
2989 1198 3091 1268 γῆς
3124 1196 3411 1267 μορφωθὲν
3447 1197 3638 1259 σκεῦος
3669 1200 4000 1266 οἰκονομεῖν,

2402 1283 2477 1347 ὡς
2527 1285 2785 1357 εὐπειθὴς
2824 1286 2919 1340 τοῦ
2959 1287 3225 1340 δεσπότου
3272 1287 3432 1358 δούλη
3488 1288 3566 1358 τῷ
3623 1287 3778 1357 πηλῷ
3824 1305 3995 1357 προσ-

2403 1375 2612 1447 εδρεύει
2645 1376 2740 1432 καὶ
2791 1378 2889 1448 τῆς
2923 1377 3169 1450 φυλακῆς
3202 1377 3406 1448 ἔχεται,
3455 1380 3550 1432 καὶ
3585 1379 3682 1448 τῆς
3729 1381 3798 1430 ὲπ
3847 1380 4002 1449 αὐτῷ

2405 1467 2681 1540 προνοίας,
2719 1469 2912 1542 μέχρις
2944 1469 3012 1523 ἂν
3056 1469 3184 1541 ἔλθῃ
3222 1469 3551 1541 πρόσταγμα
3598 1470 3688 1522 τὸν
3716 1471 4002 1542 χωρισμὸν

2404 1559 2718 1630 ὲπιτρέπον.
2753 1559 2970 1630 Ταύτην
3004 1561 3102 1631 μὲν
3131 1557 3224 1616 οὖν
3258 1563 3358 1635 τὴν
3406 1563 3468 1615 τὸ
3502 1562 3662 1634 σῶμα
3702 1562 4002 1626 ζωοποιοῦ-

2408 1667 2506 1703 σαν
2535 1651 2774 1721 ὀνίνησιν
2805 1653 2836 1723 ἡ
2873 1652 3053 1723 ἀποχὴ
3107 1652 3215 1707 τῶν
3262 1652 3590 1726 βρωμάτων,
3623 1653 3700 1724 τῷ
3729 1655 3904 1726 γηίνῳ
3939 1654 3998 1707 δὲ

2405 1741 2621 1814 ὀργάνῳ
2653 1745 2686 1812 ἡ
2732 1743 2842 1796 τῶν
2880 1745 3065 1796 σιτίων
3095 1743 3393 1808 ἀπόλαυσις
3420 1783 3434 1807 ,
3487 1745 3784 1812 ἀναγκαία.
3828 1744 4000 1797 Οὐδὲν

702 1836 1010 1884 strumeuto
1058 1830 1301 1888 alimenti
1360 1838 1637 1904 perceptio
1684 1839 1988 1893 necessaria
2033 1848 2136 1892 est.
2175 1836 2290 1892 Non

2404 1833 2550 1904 ζητεῖ
2581 1835 2761 1901 πλέον,
2802 1835 2878 1899 ὼς
2903 1835 3190 1905 κρείττων.
3234 1836 3471 1907 Μέρισόν
3507 1855 3637 1908 μοι,
3695 1838 3861 1908 φησὶ,
3896 1837 3998 1889 τοῦ

703 1918 857 1986 plura
884 1923 1078 1989 quaerit
1105 1926 1358 1996 ta‘nquam
1390 1929 1763 1986 excellentior.
1789 1929 2012 2001 Largire
2031 1929 2164 1985 mihi
2193 1932 2293 1984 hoc

705 2019 917 2081 tempus
956 2016 1113 2080 anni,
1162 2018 1228 2072 da
1268 2034 1362 2073 sex
1391 2035 1606 2076 menses
1636 2023 1685 2076 ei
1712 2061 1727 2086 ,
1760 2022 1904 2092 quod
1935 2021 2291 2091 gubernatur,

701 2098 942 2167 reliquos
994 2105 1382 2172 gubernatriei.
1433 2108 1584 2164 Justa
1631 2112 1864 2180 petitio;
1920 2126 2095 2182 neque
2152 2111 2295 2179 quis-

700 2202 864 2256 quam
923 2193 1058 2248 adeo
1103 2200 1352 2267 corporis
1374 2215 1564 2257 amans
1611 2210 1667 2258 et
1709 2204 1761 2258 in
1803 2203 2026 2257 alteram
2084 2214 2293 2271 partem

699 2297 934 2352 vergens
953 2284 1121 2354 judex
1149 2291 1276 2356 erit,
1308 2293 1398 2360 qui
1433 2295 1591 2350 dictis
1630 2311 1737 2351 non
1766 2295 2111 2367 suffragetur.

773 2375 885 2445 Ego
929 2393 1058 2434 vero
1100 2383 1274 2437 etiam
1314 2385 1606 2455 hyperbole
1640 2405 1769 2444 usus
1814 2398 1867 2444 et
1901 2391 2092 2459 aequali
2133 2391 2296 2462 parti-

702 2466 848 2523 tione
905 2484 1016 2524 non
1073 2483 1401 2540 contentus,
1458 2478 1816 2534 imbecillitati
1870 2483 2114 2551 corporis
2165 2497 2292 2536 con-

700 2557 1046 2615 descendam.
1087 2561 1296 2620 Habeat
1337 2567 1502 2636 igitur
1530 2583 1734 2636 corpus
1779 2570 1965 2625 decem
2006 2587 2220 2626 menses
2240 2581 2294 2626 et

700 2649 864 2716 paulo
891 2651 1029 2720 plus.
1079 2653 1359 2713 Cencedat
1404 2658 1534 2713 mihi
1578 2661 2063 2731 Quadragesimam
2095 2671 2150 2717 et
2171 2664 2294 2736 qni-

701 2739 823 2793 dem
872 2742 1101 2798 solidam
1134 2786 1149 2810 ,
1190 2756 1250 2800 ut
1290 2751 1567 2821 paulisper
1608 2767 1676 2806 ex
1731 2767 1890 2808 cteno
1923 2755 2142 2816 liberer.
2176 2756 2292 2811 luto

701 2844 800 2898 per
838 2836 1248 2902 temperantiam
1293 2839 1635 2910 refrigerato.
1680 2843 1842 2909 llaec,
1899 2858 1931 2899 ο
1969 2845 2289 2912 Christiani,

691 2923 845 2992 «justa
874 2928 1146 2992 postulata
1187 2940 1313 2983 sunt
1333 2971 1348 2995 ,
1377 2932 1493 2987 sive
1523 2933 1688 2989 homo
1711 2976 1727 3001 ,
1758 2937 1873 2991 sive
1901 2937 2038 2992 Deus
2068 2939 2287 3007 iudicet.

703 3011 772 3066 Et
825 3023 913 3077 tu,
956 3017 1044 3084 qui
1101 3015 1265 3084 iudex
1313 3033 1406 3083 es,
1454 3020 1507 3073 in
1545 3031 1783 3091 tempore
1821 3025 1964 3077 enim
2003 3015 2288 3091 advenisti,

703 3103 1004 3172 astipulare
1033 3106 1228 3161 ani-mm
1258 3118 1448 3164 contra
1493 3126 1690 3179 corpus
1721 3113 2064 3182 disceptanti.
2099 3113 2288 3186 Igitur,

702 3209 735 3250 ο
781 3196 1131 3265 Christiane,
1165 3200 1502 3270 velnptatum
1548 3203 1870 3271 illecebras,
1923 3223 2018 3261 ceu
2052 3207 2295 3277 juvenile

704 3286 983 3352 quiddam,
1029 3291 1259 3344 trucida.
1289 3290 1384 3346 Vir
1425 3309 1514 3362 es,
1547 3309 1614 3349 ne
1647 3296 1826 3366 sapias
1853 3312 1972 3366 qua:
2005 3313 2292 3367 puerorum

705 3386 852 3442 sunt,
887 3379 978 3446 qui
1005 3380 1107 3434 nisi
1145 3382 1247 3436 mel
1276 3383 1569 3453 accipiant,
1600 3386 1999 3457 lacrymantur;
2043 3389 2144 3442 nisi
2182 3406 2295 3443 car-

706 3484 833 3523 nem
885 3480 940 3525 et
975 3473 1157 3526 vinum
1200 3475 1538 3543 prmbueris,
1599 3479 1949 3533 curicidentes
2009 3481 2295 3548 palpitant,

705 3560 853 3615 velut
879 3563 1117 3618 animam
1148 3567 1482 3622 exbalaturi.
1511 3569 1578 3624 Et
1608 3581 1813 3638 quanto
1859 3573 2031 3642 magis
2059 3575 2298 3642 plorant,

706 3667 774 3707 co
804 3652 1010 3723 majore
1034 3657 1194 3711 taedio
1220 3672 1410 3714 omnes
1444 3659 1715 3716 afficiunt.
1748 3663 2044 3728 Erubesco,
2086 3669 2302 3734 quando

706 3744 923 3801 intueor
961 3749 1237 3804 voracium
1278 3753 1740 3820 mmstitudinem,
1795 3765 1851 3810 et
1905 3758 2176 3824 quomodo
2222 3758 2306 3812 in-

709 3837 847 3893 tuitu
882 3836 1223 3895 abstinentia
1260 3841 1498 3913 ejulent;
1543 3845 1781 3900 oscitant
1834 3854 2126 3916 perpetuo;
2175 3862 2306 3917 pau-

707 3924 876 3981 lulum
927 3929 1297 3997 decumbunt;
1347 3942 1695 4003 exsurgunt.
1742 3944 1799 3989 et
1848 3949 2038 3992 rursus
2068 3938 2308 3994 dormire

707 4031 1007 4092 ceguntur;
1045 4022 1190 4079 diem
1222 4024 1344 4080 sine
1382 4039 1545 4082 sensu
1583 4026 1886 4096 transigere
1911 4028 2160 4097 student;
2192 4045 2311 4100 gra-

713 4122 925 4180 vantur,
949 4115 1064 4171 sole
1098 4118 1306 4174 tardius
1328 4119 1398 4175 ad
1425 4135 1680 4176 occasum
1708 4123 1994 4191 tendente;
2021 4123 2136 4179 dies
2151 4124 2311 4179 solito

714 4204 984 4275 longiores
1025 4208 1377 4277 appellitant;
1401 4212 1625 4282 insuper
1665 4214 1929 4268 stomachi
1970 4215 2186 4270 dolores
2211 4220 2311 4270 lin-

2394 1925 2642 1978 ὲνιαυτοῦ
2671 1926 2760 1979 τὸν
2786 1926 2997 1997 χρόνον,
3031 1928 3119 1991 δὸς
3151 1929 3277 1991 τοὺς
3310 1928 3368 1994 ἓξ
3405 1928 3582 1998 μῆνας
3607 1927 3682 1999 τῷ
3715 1928 4000 1998 κυϐερνω-

2397 2015 2566 2086 μένῳ,
2602 2017 2850 2080 καὶτοὺς
2873 2017 3227 2087 λειπομένους
3259 2017 3337 2088 τῷ
3369 2019 3698 2091 κυϐερνήτῃ.
3731 2019 3932 2072 Δικαία
3965 2021 4000 2090 ἡ

2394 2104 2610 2176 αἴτησις
2638 2122 2652 2136 ο
2684 2106 2778 2159 καὶ
2806 2107 2984 2170 οὐδεὶς
3025 2107 3167 2160 οὓτω
3201 2105 3582 2177 φιλοσώματος
3616 2107 3998 2178 ἑτερορρεπής

2393 2198 2674 2271 δικαστὴς,
2705 2199 2781 2264 ὡς
2818 2200 2892 2271 μὴ
2926 2202 3040 2264 τοῖς
3073 2200 3389 2271 λεγομένοις
3421 2200 3774 2272 ἐπιψηφίσαι.

2478 2375 2618 2443 Ἐγὼ
2637 2375 2692 2428 δὲ
2727 2376 2820 2429 καὶ
2850 2377 3156 2448 ὑπερϐολὴν
3191 2379 3528 2449 ποιήσομαι,
3563 2380 3664 2432 οὐκ
3692 2380 3994 2449 ἀντέχομαι

2394 2466 2492 2536 τῆς
2531 2466 2855 2537 ἰσομοιρίας.
2893 2468 3321 2536 Συγκαταὸαίνω
3370 2472 3437 2539 τῇ
3475 2469 3728 2539 ἀσθενείᾳ.
3756 2469 3850 2521 τοῦ
3878 2470 3994 2521 σώ-

2399 2573 2580 2626 ματος.
2631 2558 2857 2629 Ἀφίημι
2910 2558 3035 2620 τοὺς
3078 2558 3209 2611 δέκα
3255 2559 3429 2628 μῆνας
3473 2559 3550 2629 τῷ
3594 2559 3840 2629 σώματι,
3891 2561 3998 2612 καὶ

2399 2649 2592 2720 μικρόν
2620 2665 2694 2702 τι.
2737 2649 3202 2720 Προσχαρισάσθω
3247 2650 3704 2720 Τεσσαρακοστὴν
3759 2651 3995 2720 ἀνύϐρι-

2397 2756 2541 2803 στον,
2583 2741 2669 2793 ἵνα
2700 2739 2891 2810 μικρὸν
2920 2740 3219 2808 ἀπαλλαγῶ
3247 2740 3338 2793 τοῦ
3371 2740 3653 2811 βορϐόρου,
3692 2740 3785 2793 τοῦ
3813 2742 3997 2810 πηλοῦ

2392 2834 2461 2902 τῇ
2493 2832 2786 2901 ἐγκρατείᾳ
2812 2831 3096 2900 ψυγέντος.
3130 2832 3336 2899 Ταῦτα,
3364 2826 3407 2885 ὧ
3436 2834 3774 2904 Χριστιανοὶ,
3801 2834 4003 2886 δίκαιά

2395 2941 2454 2976 τε
2504 2925 2597 2976 καὶ
2646 2923 3036 2994 ἀναντίῤῥητα.
3088 2923 3188 2977 κᾶν
3232 2924 3364 2988 Θεὸς
3391 2923 3616 2996 δικάζῃ,
3649 2923 3752 2976 κᾶν
3782 2925 4002 2994 ἀνθρωο

2397 3034 2514 3080 πος.
2562 3017 2672 3070 Καὶ
2721 3018 2783 3068 σὺ
2828 3015 2882 3067 δέ
2933 3033 3058 3085 μοι,
3102 3018 3129 3068 ὁ
3167 3015 3460 3086 δικαστὴς,
3526 3016 3860 3086 ὲπιψήφισον
3893 3018 4003 3085 (ἐν

2398 3105 2573 3177 καιρῷ
2621 3105 2728 3176 γὰρ
2803 3104 3128 3174 παρεγένου)
3199 3105 3623 3179 ἀμφισϐητούσῃ
3699 3107 3763 3175 τῇ
3843 3105 4004 3175 ψυχῇ

2399 3198 2533 3268 πρὸς
2563 3197 2623 3249 τὸ
2658 3196 2837 3267 σῶμα.
2875 3195 3064 3247 Ἀνελε
3096 3195 3273 3250 τοίνυν
3321 3212 3429 3265 μοι,
3461 3196 3490 3246 ὁ
3520 3195 3865 3265 Χριστιανὸς,
3895 3197 4009 3265 τὴν

2398 3287 2758 3358 ἡδυπάθειαν,
2803 3287 2875 3351 ὡς
2915 3286 3276 3358 μειρακιώδη.
3339 3286 3504 3359 Ἀνὴρ
3540 3283 3627 3350 εἷ,
3684 3287 3758 3358 μη
3807 3287 4008 3356 φρόνει

2397 3379 2467 3431 τὰ
2497 3379 2604 3431 τῶν
2636 3378 2866 3448 νηπίων.
2912 3378 3129 3430 Ἐκεῖνα
3161 3376 3226 3429 ἂν
3253 3375 3326 3446 μὴ
3353 3376 3494 3448 λάϐῃ
3523 3376 3756 3446 μέλιτος,
3788 3377 4008 3448 θρηνεῖ·

2402 3471 2466 3525 ἂν
2504 3471 2578 3541 μὴ
2604 3468 2698 3524 τοῦ
2728 3470 2923 3540 κρέους
2947 3467 3140 3538 ὀρέξῃς
3171 3468 3204 3538 ἢ
3230 3467 3321 3520 τοῦ
3351 3467 3517 3531 οἴνου,
3557 3468 3828 3522 πίπτοντα
3857 3471 4009 3521 ἁπο-

2404 3562 2660 3632 σπαίρει,
2715 3560 3001 3618 ἀποκναίει
3055 3559 3112 3612 δὲ
3167 3559 3376 3621 πάντας
3431 3558 3524 3612 ἐπὶ
3567 3559 3819 3613 πλεῖστον
3876 3562 4014 3615 ὃςον

2404 3649 2941 3722 κλαυθμυριζόμενα.
2980 3647 3254 3720 Ἐρυθριῶ
3274 3647 3412 3719 πρὸς
3441 3648 3540 3717 τὴν
3568 3650 3871 3718 κατήφειαν
3894 3651 4016 3704 τῶν

2404 3741 2858 3813 γαστριμάργων,
2880 3742 3029 3804 ὅπως
3051 3737 3340 3793 σπενδοῦσι
3355 3737 3490 3812 πρὸς
3515 3738 3614 3808 τὴν
3632 3740 3864 3797 ἀσιτίαν.
3896 3742 4014 3801 Xa-

2410 3835 2655 3906 σμῶνται
2702 3834 2964 3905 συνεχῶς,
2990 3831 3402 3887 κατακλίνονται
3438 3831 3633 3902 μικρόν
3657 3847 3670 3861 ·
3700 3831 4020 3886 διανίστανε

2408 3945 2531 3997 ται,
2554 3927 2717 3982 πάλιν
2740 3925 3092 3982 καθεύδουσιν
3112 3923 3541 4000 ἠναγκασμένοι.
3571 3924 3658 3976 Ἐν
3681 3924 4020 3996 ἀναισθησία

2413 4019 2769 4084 σπουδάζουσι
2794 4019 2892 4083 τὰς
2925 4016 3139 4090 ἡμέρας
3167 4015 3453 4080 διατελεῖν,
3487 4015 3742 4086 ἄχθονται
3769 4017 3848 4087 τῷ
3872 4018 4020 4088 ἡλίῳ

2413 4113 2550 4184 πρὸς
2581 4112 2681 4183 τὴν
2709 4111 2859 4167 δύσιν
2885 4110 3221 4182 βραδύνοντι.
3255 4109 3622 4182 Μακροτέρας
3660 4108 3758 4172 τὰς
3791 4110 4019 4185 ἡμέρας

2413 4208 2512 4278 τῆς
2547 4205 2835 4276 συνηθείας
2880 4203 3370 4275 προσαγορεύουσι.
3421 4203 3758 4255 Πλάσσονται
3793 4203 3850 4248 δὲ
3899 4203 4023 4255 λοιε

711 4307 865 4365 gunt,
907 4298 1194 4364 spirituum
1239 4301 1626 4368 intensionem,
1659 4305 2007 4372 gravedinem
2034 4306 2226 4374 capitis
2260 4317 2300 4361 et

2417 4299 2516 4350 πὺν
2543 4297 2830 4367 στομάχων
2859 4295 3175 4366 ἀλγηδόνας,
3209 4294 3306 4346 καὶ
3358 4294 3684 4365 πνευμάτων
3725 4296 3974 4356 ἐντάσεις
4003 4335 4020 4354 ,

711 4389 870 4442 bonae
893 4390 1299 4446 constitutionis
1325 4396 1688 4448 eversionem.
1739 4393 1901 4464 Atqui
1944 4396 2057 4450 hac
2091 4397 2311 4451 satieta-

2418 4390 2511 4443 καὶ
2547 4387 2685 4458 βάρη
2733 4390 2830 4456 τῆς
2866 4386 3104 4454 κεφαλῆς
3128 4425 3140 4447 ,
3179 4388 3272 4439 καὶ
3305 4387 3618 4456 ἀνατροπὴν
3657 4385 3755 4453 τῆς
3805 4384 3975 4448 ἕξεως
4005 4427 4020 4445 ,

713 4479 802 4544 tis,
839 4494 944 4534 non
974 4479 1168 4548 jejunii
1194 4483 1390 4536 indicia
1433 4494 1578 4537 sunt.
1614 4483 1917 4540 Fastidiose
1957 4488 2024 4540 ad
2056 4501 2300 4542 severam

2419 4481 2677 4548 Καίτοιγε
2712 4478 2922 4542 ταῦτα,
2969 4479 3067 4548 τῆς
3112 4478 3430 4548 πλησμονῆς
3480 4480 3639 4538 εἰσιν,
3686 4477 3747 4528 οὐ
3791 4477 3892 4545 τῆς
3922 4493 4018 4546 νη.

715 4584 956 4625 tnensam
985 4575 1272 4642 accedunt,
1310 4584 1653 4631 murmurant
1688 4585 1881 4633 contra
1903 4579 2071 4634 olera.
2102 4579 2300 4635 Convi-

713 4661 799 4716 cia
838 4659 1048 4730 iaciunt
1102 4664 1154 4718 in
1201 4666 1472 4736 legumina
1497 4708 1512 4733 ,
1542 4669 1698 4738 quasi
1729 4671 1932 4723 frustra
1975 4678 2156 4725 creata
2193 4670 2302 4725 fue-

715 4753 853 4819 rint;
883 4768 1009 4808 nam
1051 4755 1386 4826 voluptatum
1412 4767 1686 4814 amatores
1715 4758 1879 4815 etiam
1917 4759 2301 4832 philosophan-

715 4851 807 4898 tur
826 4851 1018 4899 coutra
1049 4845 1252 4915 edulia,
1278 4861 1400 4917 qua:
1429 4849 1784 4920 temperantia
1809 4851 2052 4919 apponit.

789 5021 912 5079 Uno
935 5022 1178 5079 anhelitu
1207 5039 1404 5095 aquam
1430 5029 1747 5095 extrahunt,
1776 5027 1931 5098 quasi
1953 5037 2103 5084 esset
2121 5043 2306 5082 amara

719 5114 1001 5170 amedicis
1047 5116 1274 5185 praebita
1318 5116 1486 5188 potio.
1537 5116 1690 5172 Multi
1728 5120 1893 5172 etiam
1925 5119 2107 5173 vinum
2154 5119 2305 5188 inge-

719 5204 872 5259 niose
903 5204 1208 5272 imitantur,
1243 5223 1505 5278 suamque
1544 5208 1897 5278 cupiditatem
1949 5207 2172 5263 factitiis
2194 5208 2308 5277 qui-

719 5296 946 5352 busdam
969 5300 1280 5367 potionibus
1313 5301 1681 5356 consolantur.
1711 5302 1816 5355 Alii
1847 5301 2012 5358 etiam
2051 5301 2104 5354 in
2155 5300 2310 5354 oleri-

721 5385 822 5440 bus
869 5386 1090 5443 delicias
1134 5399 1423 5457 qumrunt,
1487 5394 1732 5462 ﬁuntque
1786 5394 1908 5448 miri
1954 5394 2306 5462 cupediarum

721 5486 1022 5534 structores
1062 5489 1117 5536 et
1161 5482 1420 5537 artifices.
1451 5484 1604 5551 Quod
1633 5486 1788 5541 valde
1820 5485 2026 5543 fatuum
2055 5486 2308 5541 stultum-

719 5583 828 5638 que
889 5569 1155 5640 arbitror;
1200 5587 1322 5627 nam
1351 5573 1615 5642 jejunium
1662 5578 1982 5633 voluntariae
2025 5587 2078 5634 et
2126 5577 2306 5632 libera:

723 5661 921 5715 mentis
962 5674 1342 5734 argumentum
1371 5676 1476 5732 est,
1515 5683 1618 5723 non
1647 5669 1860 5724 servilis
1882 5667 2128 5738 quaedam
2173 5667 2307 5722 sini-

719 5750 939 5808 steritas
961 5794 976 5819 ,
1022 5769 1141 5824 quae
1177 5757 1319 5825 quod
1349 5756 1656 5812 faciendum
1688 5768 1800 5823 est,
1843 5774 1947 5815 non
1979 5757 2106 5814 facit
2135 5766 2194 5814 ut
2223 5758 2309 5815 dc-

2407 4572 2589 4636 στείας
2618 4569 3000 4642 γνωρίσματα.
3049 4567 3253 4637 ’Δηδῶς
3281 4569 3373 4620 ἐπὶ
3398 4568 3498 4638 τὴν
3527 4566 3731 4636 σεμνὴν
3758 4565 4023 4636 ἔρχονταί

2405 4661 2707 4736 τράπεζαν,
2736 4659 3214 4728 καταγογγύζουσι
3251 4658 3358 4711 τῶν
3389 4658 3662 4728 λαχάνων,
3700 4656 4027 4728 λοιδοροῦσι

2404 4755 2474 4808 τὰ
2504 4755 2711 4826 ὄσπρια
2759 4753 2834 4815 ὡς
2872 4753 3051 4824 μάτην
3088 4749 3491 4821 ὲπεισαχθέντα
3539 4751 3607 4819 τῇ
3659 4747 3838 4800 κτίσει
3867 4765 3879 4775 ·
3925 4749 4027 4816 γί-

2407 4864 2584 4900 νονται
2637 4846 2744 4916 γὰρ
2797 4843 2891 4897 καὶ
2947 4843 3257 4912 φυσιολόγοι
3296 4843 3345 4896 ol
3392 4840 3666 4912 φιλήδονοι
3715 4837 3858 4892 κατά
3903 4838 4037 4898 τῶν.

2409 4938 2557 5008 Fid/civ
2587 4938 2686 5008 τῆς
2719 4934 3070 5006 ἐγκρατείας.

2491 5029 2776 5082 Ἀπνευστὶ
2821 5028 2881 5080 τὸ
2918 5026 3064 5098 ὕδωρ
3099 5026 3374 5090 ἕλκουσιν,
3403 5024 3479 5089 ὡς
3512 5024 3675 5095 ἀηδὲς
3717 5023 4034 5093 φάρμακον

2410 5121 2563 5193 παρά
2578 5120 3052 5192 ίατρῶνλασόντες
3080 5119 3326 5172 πιεῖν.οί
3347 5117 3533 5170 πολλοὶ
3552 5117 3611 5170 δὲ
3638 5115 3841 5168 καὶτὸν
3865 5112 4032 5168 οἶνον

2411 5213 2743 5282 σοφίζονται,
2769 5213 2944 5277 νόθοις
2967 5213 3333 5275 κατασκευαῖς
3357 5212 3456 5281 τὴν
3488 5207 3801 5278 φιληδονίαν
3829 5224 4000 5277 παρα.
4019 5239 4034 5250 ς

2416 5303 2765 5375 μυθούμενοι.
2799 5303 2906 5357 Καὶ
2933 5303 3083 5356 ἄλλοι
3102 5302 3392 5372 τοιγαροῦν
3412 5301 3512 5370 τὴν
3537 5298 3728 5370 χρείαν
3756 5297 4035 5366 λαχάνοις

2413 5395 2814 5469 ἐπιτηδεύουσι,
2843 5397 2935 5451 καὶ
2969 5395 3202 5449 ποικίλοι
3225 5395 3467 5461 γίνονται
3504 5391 3607 5462 τῆς
3652 5389 4035 5456 ἀπολαύσεως

2415 5489 2686 5546 σοφισταί.
2718 5486 2888 5540 Τοῦτο
2907 5487 3027 5539 λίαν
3052 5485 3246 5554 εύηθες
3271 5485 3365 5538 καὶ
3388 5485 3634 5554 ἀνόητον.
3682 5483 4035 5552 Ἑγκράτεια.

2413 5577 2756 5642 αύτεξουσίου
2779 5577 2871 5630 καὶ
2885 5575 3168 5643 ἐλευθέρου
3195 5575 3547 5646 φρονήματός
3565 5574 3682 5626 ἐστι
3700 5573 4026 5642 γνώρισμα,

2415 5671 2476 5722 οὐ
2508 5668 2860 5740 δουλότροπος
2895 5665 3166 5737 σκαιωρία
3206 5651 3445 5736 ζητούσα
3471 5666 3533 5719 τὸ
3565 5666 3932 5736 προκείμενον
3960 5669 4032 5722 οὺ

2419 5758 2598 5819 καθὼς
2646 5760 2923 5831 προσῆκεν
2968 5756 3407 5827 ἐξεργάσασθαι,
3455 5757 3586 5813 ἀλλά
3627 5757 4038 5830 δουλο-πρεπῶς
