4216 6324
162 393 263 453 381

1098 393 1380 451 HOMlLlA
1409 395 1544 450 XIV.
1584 393 1648 451 IN
1689 394 2086 452 PRINCIPIUM
2116 393 2566 454 JEJUNIORUM.

3301 400 3408 459 582

167 515 532 583 σκαιωρῆσαι.
564 513 767 568 Μισθδν
797 515 1046 579 ἀπαιτεῖς
1065 517 1148 584 ἐφ’
1175 512 1254 579 οἷς
1285 516 1381 587 ζῇς
1414 518 1549 570 κατά
1582 518 1740 587 νόμον

1844 529 1951 582 cet,
1992 520 2085 572 sed
2115 534 2178 574 ex
2212 519 2392 573 servili
2429 517 2659 585 quadam
2687 517 2986 572 coactionc.
3023 515 3171 570 Petis
3198 529 3407 571 merce-

165 602 267 674 τῆς
282 604 504 673 ἀρετῆς.
536 605 740 668 Μισθὸς
760 605 813 658 δὲ
836 606 1337 677 καὶέπίχειρα-τοίς-
1353 607 1555 671 ἀδόλοις
1579 609 1740 678 ἐργά-

162 706 309 752 ταις,
344 690 403 741 οὐ
430 692 539 754 τοῖς
567 691 889 763 κακούργοις
919 694 1263 765 ἐπήγγελται.

237 873 331 944 Μὴ
388 873 572 926 νόθευε
615 873 711 943 τὴν
747 874 1019 944 νηστείαν,
1069 875 1163 928 ἵνα
1196 874 1269 948 μὴ
1302 875 1485 945 πάθῃς
1529 875 1596 928 τὰ
1635 874 1743 929 τῶν

165 965 451 1036 καπήλων.
485 967 548 1018 Εἰ
572 965 678 1037 γάρ
707 969 908 1020 ἐκεῖνος
935 966 1017 1037 τῷ
1040 966 1166 1036 οἴνῳ
1196 967 1352 1038 ὓδωρ
1373 968 1743 1039 παραμιγνύν-

161 1073 268 1119 τες.
305 1054 655 1123 κολάζονται,
686 1059 747 1110 σὺ
789 1057 866 1128 τῷ
909 1057 1166 1128 αὐστηρῷ
1215 1059 1315 1128 τῆς
1357 1059 1606 1128 νηστείας
1646 1059 1744 1122 τὰς

166 1149 572 1219 σεσοφισμένας-
592 1149 920 1211 ἀπολαύσεις
959 1149 1213 1218 είσάγων,
1250 1150 1368 1212 πῶς
1398 1149 1744 1221 ἀτιμώρητος

164 1239 511 1314 παρελεύσῃς
543 1242 632 1311 Μή
665 1259 752 1310 μοι
779 1241 1018 1312 πρόφερε
1043 1241 1140 1304 τὰς
1171 1241 1557 1312 πεπλασμένας
1582 1239 1742 1294 ἀσθε-

164 1329 336 1393 νείας.
381 1332 471 1401 Μὴ
499 1329 835 1398 καταψεύδου
871 1331 969 1399 τῆς
1001 1330 1475 1401 Τεσσαρακοστῆς,
1499 1329 1574 1392 ὡς
1595 1345 1744 1381 νοσο-

165 1421 323 1474 ποιοῦ
350 1438 364 1450 ·
411 1423 717 1475 τούναντίον
765 1421 873 1492 γὰρ
916 1422 1103 1487 ὑγείας
1148 1420 1264 1474 ἐστὶ
1320 1420 1597 1490 ποιητική.
1651 1420 1742 1490 Μὴ

163 1511 506 1584 προφασίζου
540 1512 837 1583 προφάσεις
880 1512 936 1562 ἐν
960 1511 1280 1582 ἁμαρτίαις,
1316 1511 1412 1563 σὺν
1439 1508 1745 1581 ἀνθρώποις

165 1602 570 1674 ἐργαζομένοις
593 1602 920 1673 φιληδονίαν.
963 1600 1063 1652 Διὰ
1108 1599 1396 1671 συνήθειάν
1427 1611 1507 1652 σοι
1545 1599 1741 1670 κακὴν,

163 1695 429 1765 πολέμιος
469 1691 746 1764 νομίζεται
795 1696 826 1763 ἡ
875 1688 1200 1763 ἐγκράτεια·
1249 1692 1307 1744 ού
1358 1691 1466 1762 μὴν
1505 1690 1744 1759 φυσικῶς

163 1785 316 1842 ἐστιν
342 1784 605 1854 ἐπαχθής.
636 1782 945 1853 Ταμήριον
966 1782 1022 1835 δὲ
1050 1782 1142 1836 τοῦ
1171 1782 1350 1850 λόγου,
1378 1783 1576 1845 πάντες
1613 1780 1744 1852 βάρ-

163 1875 323 1944 ϐαροι
351 1876 464 1927 ὅσοι
507 1873 633 1926 οὔτε
657 1874 930 1942 ἀμπέλους
967 1873 1306 1941 φυτεύουσιν,
1349 1872 1470 1926 οὔτε
1501 1872 1742 1925 πίνουσιν

164 1964 342 2022 οἶνον·
376 1966 508 2020 ἀλλά
537 1967 598 2019 τὸ
637 1967 937 2037 αὐτόματον
962 1965 1296 2018 ἐπισπῶνται
1331 1965 1422 2017 καὶ
1453 1963 1741 2036 ἀγεώργη-

163 2077 269 2113 τον
303 2060 453 2129 πόμα
489 2059 549 2111 τδ
595 2058 776 2129 ὕδωρ,
832 2059 924 2111 καὶ
975 2055 1328 2128 γνωρίζονται
1373 2058 1607 2124 γενναῖοι
1651 2054 1744 2108 καὶ

164 2152 410 2221 ἀριστεῖς
440 2153 495 2203 ἐν
527 2150 813 2220 πολέμοις,
847 2150 940 2202 καὶ
976 2149 1231 2219 κρατοῦσι
1269 2148 1379 2200 τῶν
1423 2147 1742 2212 πολυοίνων,

164 2240 243 2302 ὡς
275 2241 442 2302 εἰκὸς,
489 2240 796 2309 μεθυόντων
821 2243 869 2291 οἱ
898 2240 1180 2308 νήφοντες.
1214 2235 1448 2307 Σώματα
1474 2237 1529 2289 δὲ
1560 2237 1742 2300 αὐτοῖς

163 2330 348 2399 κοῦφα
383 2332 477 2383 καὶ⁸
509 2330 778 2399 μοχθηρὰ,
823 2330 914 2381 καὶ
942 2330 1124 2398 ταχεῖς
1155 2329 1256 2398 μὲν
1279 2326 1543 2397 ἀναϐῆναι
1579 2327 1742 2379 ἵππον

163 2422 211 2472 oi
252 2420 516 2481 τοιοῦτοι,
541 2418 756 2486 εὐφυεῖς
803 2418 863 2471 δὲ
903 2417 1203 2488 τολμηταὶ,
1239 2416 1332 2467 καὶ
1366 2414 1504 2486 πρὸς
1535 2410 1744 2477 τοξείαν

164 2510 430 2579 εὔστοχοι.
489 2510 774 2577 Ἀσφαλεῖς
809 2509 865 2560 δῖ
901 2507 1038 2578 μετά
1063 2505 1155 2560 τοῦ
1189 2506 1450 2576 θάρσους,
1481 2506 1575 2559 καὶ
1603 2504 1745 2573 γνώ-

167 2620 278 2671 μην
305 2604 367 2654 ἐν
394 2602 622 2672 cia-rigui;
659 2601 836 2670 εὑρεῖν
867 2599 1057 2653 ἱκανοί.
1092 2597 1182 2670 Μὴ
1211 2592 1302 2650 οὖν
1332 2597 1630 2667 κατηγόρει
1653 2597 1746 2649 τοῦ

164 2691 382 2755 ὕδατος,
409 2693 485 2755 ὠς
516 2691 796 2754 νοσώδους,
822 2691 898 2751 ὡς
925 2685 1200 2759 ἐξιτήλους
1239 2688 1333 2740 καὶ
1356 2687 1602 2749 ἀσθενεῖς
1623 2687 1749 2749 τοὺς

163 2782 488 2852 χρωμένους
517 2779 969 2850 ἐνεργαζομένου·
1005 2777 1212 2847 ἐλέγχει
1251 2777 1359 2849 γάρ
1405 2793 1498 2831 σου
1527 2777 1626 2847 τὴν
1657 2795 1749 2830 συ-

165 2892 375 2946 κοφαντ
385 2874 469 2926 ίαν
505 2875 537 2942 ἡ
569 2876 751 2942 πεῖρα.

1842 611 1983 672 dem,
2007 625 2070 664 eo
2094 613 2235 679 quod
2267 626 2332 664 ex
2358 610 2558 663 virtute
2586 610 2747 663 vitam
2796 609 3070 663 instituas.
3107 607 3176 662 At
3204 621 3409 662 merces

1843 712 1894 754 et
1920 703 2316 771 manupretium
2353 701 2599 772 genuinis
2628 710 2680 754 et
2715 700 2942 755 sinceris
2974 699 3237 768 operariis
3259 737 3274 763 ,
3302 711 3407 752 non

1843 791 2049 846 dolosis
2073 803 2127 846 et
2152 792 2398 861 malignis
2431 791 2780 859 promittitur.

1915 882 2030 936 Noli
2087 883 2390 937 adulterare
2431 878 2934 950 Quadragesimam,
2994 893 3062 935 ne
3125 879 3218 933 tibi
3270 879 3408 933 idem

1843 972 1989 1042 quod
2033 974 2365 1041 cauponibus
2414 971 2648 1027 eveniat.
2697 970 2754 1025 Si
2805 972 2946 1024 enim
3000 971 3070 1024 illi
3120 984 3241 1025 eum
3284 970 3411 1024 vino

1843 1078 2038 1133 aquam
2082 1063 2385 1129 all‘undunr,
2441 1064 3169 1132 puniuntur,.quomodu'tu,
3195 1061 3282 1130 qui
3315 1076 3411 1115 au-

1843 1155 2072 1208 steritati
2104 1154 2294 1223 jejunii
2328 1154 2663 1209 adulterinas
2707 1155 2968 1222 quaedam
3013 1153 3292 1207 illecebras
3318 1168 3409 1208 sua-

1845 1246 2179 1317 periaducis,
2207 1261 2421 1316 pinnam
2453 1246 2716 1316 effugies?
2749 1247 2832 1300 Ne
2865 1246 2994 1299 mihi
3022 1244 3414 1298 commentitias

1844 1334 2241 1391 imbecillitates
2291 1335 2557 1405 proferas.
2591 1335 2669 1390 Ne
2719 1335 2999 1390 mentiaris
3057 1336 3236 1388 inesse
3281 1335 3416 1398 Qua.

1844 1423 2199 1492 dragesimam
2232 1464 2247 1487 ,
2305 1425 2446 1478 velut
2499 1427 2805 1478 morborum
2871 1424 3234 1486 eﬂ‘ectricem;
3294 1438 3415 1476 nam

1844 1527 1874 1567 e
1897 1514 2192 1579 contrario,
2230 1514 2480 1568 sanitatis
2508 1513 2745 1568 eﬂ'eetrix
2771 1524 2868 1569 est.
2904 1514 2979 1568 Ne
3000 1528 3226 1567 excuses
3255 1527 3417 1566 exeu-

1844 1607 2080 1662 sationes
2107 1607 2158 1660 in
2181 1607 2418 1674 peccatis
2443 1621 2563 1662 cum
2608 1605 2916 1660 hominibus
2943 1605 3293 1672 cperautihus
3322 1603 3423 1656 iui-

1843 1698 2100 1768 quitatem
2127 1739 2141 1764 ,
2190 1706 2245 1752 et
2273 1697 2561 1766 voluptatis
2615 1695 2847 1750 studium
2883 1692 3212 1748 sectantibus
3236 1691 3302 1746 ιι.
3337 1691 3420 1745 0b

1845 1791 2037 1845 malam
2085 1790 2526 1845 consuetudinem
2562 1789 2767 1842 videtur
2797 1789 2888 1841 tibi
2933 1786 3282 1850 temperantia
3327 1783 3418 1835 ad-

1848 1894 2023 1934 versa.
2054 1879 2216 1947 Atqui
2263 1892 2331 1932 ne
2354 1877 2576 1948 physice
2598 1877 2816 1946 quidem
2841 1876 3063 1928 adversa
3084 1884 3182 1927 est.
3199 1874 3420 1927 Testan-

1846 1979 1932 2026 tur
1965 1970 2068 2024 hoc
2102 1977 2190 2023 tot
2218 1967 2468 2029 barbari,
2504 1967 2590 2036 qni
2641 1981 2814 2035 neque
2847 1966 2978 2019 vites
3019 1965 3260 2032 plantant
3288 2007 3300 2028 ,
3335 1978 3422 2016 ne-

1844 2077 1950 2132 que
1992 2061 2176 2114 vinum
2210 2059 2440 2124 bibunt,
2488 2057 2578 2112 sed
2605 2074 2824 2126 aquam,
2871 2073 2988 2125 qua:
3013 2065 3206 2126 sponte
3245 2069 3340 2108 sua
3367 2061 3421 2107 et

1844 2152 2048 2221 absque
2085 2150 2191 2204 ulla
2227 2149 2436 2204 cultura
2484 2149 2746 2212 nascitur,
2797 2163 2890 2215 pro
2942 2157 3066 2215 potu
3105 2147 3324 2198 habent.
3359 2145 3424 2197 Et

1846 2251 2022 2296 tamen
2052 2241 2303 2312 generosi
2331 2250 2492 2306 sunt,
2524 2247 2578 2294 et
2623 2239 2675 2292 in
2711 2237 2908 2306 praeliis
2933 2236 3140 2290 strenui
3165 2276 3178 2302 ,
3208 2235 3424 2302 vinique

1844 2341 2061 2401 potores
2097 2333 2318 2386 domant
2343 2368 2358 2394 ,
2409 2330 2604 2398 quippe
2649 2326 2814 2381 sobrii
2843 2328 3045 2382 ebrios.
3074 2325 3308 2393 Corpora
3338 2321 3426 2402 ha-

1845 2422 1972 2478 bent
2014 2421 2171 2492 agilia
2212 2432 2266 2476 et
2318 2421 2516 2475 laboris
2563 2420 2840 2489 patientia.
2896 2417 2961 2471 Et
3025 2416 3157 2469 tales
3203 2413 3421 2482 quidem

1847 2515 2050 2571 celeres
2077 2522 2235 2576 sunt,
2277 2513 2321 2566 si
2361 2527 2530 2579 equus
2576 2512 2646 2566 sit
2681 2510 3088 2574 ascendendus,
3158 2497 3424 2572 ingeniosi

1847 2621 1978 2660 vero
2010 2615 2064 2659 et
2091 2604 2322 2658 audaces
2353 2612 2408 2656 et
2430 2604 2494 2655 ad
2538 2601 2640 2655 tela
2667 2599 2912 2669 iacienda
2950 2612 3200 2667 sagaces;
3245 2592 3421 2649 sei-uri

1850 2711 2066 2766 quoque
2095 2711 2217 2749 eum
2251 2710 2345 2748 sua
2375 2693 2721 2755 conﬁdentia,
2776 2692 2826 2744 in
2876 2691 3038 2744 rebus
3059 2689 3238 2743 dubiis
3273 2686 3426 2740 facile

1850 2789 1979 2858 quid
2023 2787 2165 2841 laeto
2204 2786 2275 2839 sit
2317 2799 2487 2852 opus,
2521 2783 2820 2837 inveniunt.
2871 2780 2950 2835 Ne
2973 2779 3133 2850 igitur
3159 2779 3430 2846 vitnpcres

1852 2895 2078 2947 aquam,
2115 2887 2174 2930 ut
2206 2877 2516 2930 morborum
2570 2887 2787 2927 causam
2815 2911 2829 2936 ,
2889 2880 2943 2924 et
2983 2872 3134 2938 quasi
3180 2869 3432 2923 bibentes

1851 2970 2113 3025 evanidos
2134 2978 2185 3021 et
2204 2964 2490 3034 languidos
2511 2963 2714 3017 efﬁciat
2732 2980 2745 3015 :
2763 2962 3083 3018 calumniam
3116 2960 3257 3015 enim
3282 2967 3426 3013 tuam

1853 3059 2186 3127 experientia
2225 3055 2439 3110 refellit.

243 3146 310 3200 Τί
336 3146 481 3205 λέγω
509 3144 635 3214 περὶ
671 3141 764 3196 τοῦ
797 3140 976 3207 οἴνους
1009 3141 1209 3194 Σκύθαι
1245 3142 1294 3193 οἱ
1348 3141 1608 3211 νομάδες,
1637 3141 1747 3194 ὅσοι

1923 3149 2060 3214 Quid
2087 3148 2261 3200 dicam
2289 3146 2353 3198 de
2377 3143 2549 3199 vino?
2581 3142 2796 3213 Scytha;
2826 3140 3080 3194 nomades
3108 3179 3123 3203 ,
3165 3138 3254 3207 qui
3285 3138 3433 3193 habi-

171 3236 526 3310 προσοικοῦσι
559 3236 650 3287 τὸν
681 3234 953 3305 Βόσπορον
975 3273 990 3297 ,
1019 3235 1111 3286 καὶ
1147 3234 1259 3286 ὅσοι
1301 3233 1378 3303 τῷ
1432 3234 1606 3302 Ῥήνῳ
1651 3250 1743 3284 πο-

167 3329 330 3398 ταμῷ
371 3326 816 3397 προσκάθηνται,
854 3325 1028 3378 ἄοικοι
1074 3324 1173 3393 μὲν
1213 3325 1317 3376 εἰσι
1357 3323 1450 3375 καὶ
1491 3322 1741 3375 ἀνέστιοι.

170 3419 448 3487 Σκηνῆται
491 3416 556 3468 δὲ
578 3415 780 3484 βιοῦσιν
829 3417 893 3466 ἐκ
940 3414 1106 3466 πίλων
1141 3413 1234 3465 καὶ
1269 3413 1476 3464 κωδίων
1507 3413 1600 3465 καὶ
1642 3414 1747 3464 τῶν

172 3508 590 3580 προστυχόντων
634 3504 1110 3576 προκαλυμμάτων
1149 3505 1358 3565 ἑαυτοῖς
1401 3504 1498 3574 τὴν
1541 3504 1747 3572 σκέπην

173 3597 532 3668 πηγνύμενοι.
564 3595 653 3647 Διὸ
703 3593 794 3648 καὶ
856 3593 1021 3664 ἄρτον
1071 3593 1130 3644 ού
1180 3593 1611 3662 προσφέρονται,
1657 3593 1749 3644 καὶ

172 3691 405 3760 ἄροτρον
435 3686 535 3739 ούκ
563 3684 738 3737 ἴσασιν
756 3700 771 3714 ·
796 3681 914 3735 οὐδὲ
943 3683 1046 3751 γῆν
1069 3680 1427 3751 άνατέμνουσι
1456 3696 1467 3708 ·
1505 3681 1621 3744 πῶς
1644 3681 1750 3751 γὰρ

172 3779 222 3833 οἱ
245 3774 342 3828 τοῦ
375 3774 524 3826 σίτου
546 3773 642 3827 καὶ
674 3771 784 3826 τῶν
814 3772 878 3824 ἐκ
902 3767 1007 3840 γῆς
1037 3770 1366 3841 σπερμάτων
1394 3770 1469 3840 μὴ
1505 3770 1752 3841 μεμαθη-

173 3868 334 3931 πιόντες
388 3865 486 3938 τὴν
518 3863 828 3936 γεωργίαν;
860 3861 1046 3932 Ὅμως
1076 3860 1244 3931 χωρὶς
1279 3860 1443 3932 ἄρτου
1475 3858 1571 3914 καὶ
1608 3860 1750 3913 οῐνου

172 3955 496 4023 διαζῶντες,
528 3953 666 4007 εἰσιν
701 3951 956 4022 ἀνδρεῖοι,
996 3949 1092 4008 καὶ
1116 3949 1257 4011 ὅλοις
1283 3947 1458 4001 ἔθνεσι
1494 3948 1630 4016 πρὸς
1657 3947 1755 4000 πό-

174 4047 340 4121 λεμον
379 4043 705 4115 ἀξιόμαχοι,
750 4040 862 4096 τῶν
895 4056 956 4092 τε
993 4037 1201 4094 πολλῶν
1246 4035 1607 4110 κρατοῦντες·
1660 4037 1754 4090 καὶ

175 4138 329 4198 οὐδὲν
358 4135 566 4198 αὐτοὺς
589 4130 820 4202 ἐϐλαψιν
846 4131 1006 4202 ἄρτος
1050 4130 1145 4188 καὶ
1174 4125 1317 4193 οἶνος
1343 4127 1497 4182 ἀπὼν
1522 4145 1536 4158 ·
1577 4127 1691 4181 ἀλλ’
1717 4130 1751 4198 ὴ

179 4226 436 4299 πατρῷος
463 4224 743 4295 συνήθεια,
775 4221 936 4291 φύσις
958 4223 1069 4284 τοῖς
1100 4217 1405 4289 ἀνθρώποις
1430 4218 1662 4286 ἐγένετο.

248 4316 350 4371 Διά
397 4315 449 4368 τί
500 4315 556 4368 δὲ
587 4313 776 4367 τοῦτον
827 4314 856 4364 ὁ
901 4310 1058 4379 λόγος
1091 4309 1756 4379 ἀπεμνημόνευσεν;’1να

183 4409 469 4482 μάθωμεν,
499 4405 574 4467 ὡς
599 4404 793 4474 ἀγωγὴ
828 4403 922 4455 καὶ
952 4402 1183 4471 ἄσκησις
1223 4399 1360 4470 πρὸς
1394 4401 1570 4452 ἐκεῖνο
1596 4403 1758 4453 τυποῖ

1857 3247 1966 3290 tant
1999 3239 2063 3288 ad
2093 3235 2459 3302 Bosphorum,
2492 3242 2544 3286 et
2580 3233 2669 3301 qui
2699 3232 2765 3285 ad
2805 3230 3080 3293 Rhenum,
3115 3229 3231 3282 sine
3260 3229 3421 3281 domo

1852 3337 1905 3382 et
1949 3327 2061 3380 lare
2122 3328 2342 3393 degunt.
2402 3322 2634 3377 Scenitze
2669 3323 2854 3375 vivunt
2893 3336 2958 3375 ex
2992 3321 3112 3388 pilis
3141 3320 3432 3387 oviumque

1855 3417 2140 3471 velleribus
2160 3454 2174 3478 ,
2224 3424 2276 3466 et
2318 3413 2524 3482 seipsos
2554 3411 2713 3466 obvio
2743 3411 2934 3481 quovis
2963 3420 3272 3480 legumento
3312 3420 3432 3475 ope‘

1855 3513 2033 3574 riunt;
2086 3520 2258 3575 neque
2307 3492 2880 3573 panesusleutantur,
2927 3516 3026 3556 nec
3060 3511 3296 3554 aratrum
3335 3515 3432 3552 no-

1857 3608 2018 3664 runt,
2065 3611 2241 3667 neque
2296 3606 2495 3650 terram
2543 3595 2938 3663 proscindunt:
2973 3593 3242 3660 quomodo
3291 3593 3432 3644 enim

1857 3691 1946 3753 bi,
1988 3689 2182 3759 quibus
2216 3686 2469 3742 frumenti
2519 3695 2572 3739 et
2619 3684 2845 3738 aliorum
2889 3698 2954 3738 ex
2996 3693 3135 3738 terra
3167 3681 3433 3735 seminum

1857 3795 1986 3836 usus
2009 3779 2182 3833 nullus
2209 3785 2314 3844 est,
2336 3785 2390 3831 et
2417 3775 2505 3844 qui
2532 3773 2917 3845 agriculturam
2943 3787 3048 3827 non
3090 3769 3431 3826 didicerunt?

1859 3871 2041 3926 Vitam
2068 3870 2273 3938 absque
2312 3879 2450 3934 [iane
2489 3875 2544 3917 et
2584 3864 2716 3919 vino
2738 3863 3003 3932 agitantes
3026 3905 3040 3928 ,
3091 3860 3438 3916 nihilominus

1859 3962 2043 4016 viriles
2063 3970 2190 4016 sunt
2213 4001 2227 4024 ,
2253 3967 2306 4013 et
2326 3957 2393 4011 ad
2426 3957 2623 4012 bellum
2655 3956 2881 4025 integris
2908 3955 3158 4025 gentibus
3197 3951 3428 4006 infer-en.

1860 4053 1987 4108 dum
2018 4052 2256 4122 expediti
2283 4093 2298 4117 ,
2330 4049 2634 4117 multosque
2671 4047 2777 4103 sibi
2803 4047 3092 4116 subjugant
3117 4060 3133 4110 ;
3162 4058 3260 4098 nec
3289 4044 3439 4110 quid-

1860 4157 2024 4212 quam
2051 4140 2355 4197 detrimenti
2402 4139 2509 4195 illis
2552 4137 2709 4206 panis
2736 4147 2790 4193 et
2822 4136 2932 4191 vini
2977 4135 3218 4192 absentia
3276 4133 3437 4203 parit.

1863 4234 1968 4289 Sed
1987 4233 2158 4302 patria
2175 4231 2511 4286 consuetudo
2524 4231 2609 4284 his
2626 4228 2932 4283 hominibus
2949 4227 3002 4281 in
3019 4239 3266 4282 naturam
3285 4225 3439 4280 abiit.

1934 4321 2099 4389 Culus
2148 4321 2222 4375 rei
2272 4322 2442 4390 gratia
2491 4321 2685 4373 horum
2722 4319 2982 4373 memini?
3027 4316 3094 4372 Ut
3140 4317 3438 4379 discamus,

1866 4413 2241 4468 educationem
2295 4423 2350 4465 ct
2389 4409 2830 4464 exercitationem
2887 4407 3117 4462 formare
3163 4407 3436 4460 hominem

179 4503 274 4558 τὸν
312 4498 620 4569 ἄνθρωπον,
656 4495 790 4565 πρὸς
815 4495 952 4565 ὅπερ
992 4493 1057 4545 ἂν
1093 4489 1440 4562 βουληθῶμεν
1478 4491 1571 4543 καὶ
1603 4490 1758 4561 μελε-

1873 4505 1941 4559 ad
1972 4503 2097 4558 illud
2128 4503 2266 4572 quod
2315 4501 2578 4564 volumus,
2623 4510 2674 4554 et
2727 4501 2778 4554 in
2811 4514 2920 4569 quo
2968 4512 3066 4552 nos
3099 4511 3436 4551 exercemus.

179 4595 460 4665 τήσωμεν.
509 4587 725 4640 Ἐθισον
770 4585 964 4638 σαυτὸν
1004 4583 1137 4654 πρὸς
1180 4581 1530 4652 ἐγκράτειαν,
1558 4582 1650 4634 καὶ
1689 4581 1769 4651 τῷ

181 4685 360 4758 χρόνῳ
383 4682 672 4751 γεηήσεται
706 4674 1017 4746 ἀνεπαχθὴς
1055 4673 1316 4735 σύνοικος.
1343 4673 1439 4725 ‘Av
1465 4671 1521 4725 δὲ
1551 4672 1770 4729 τούναν-

181 4774 319 4835 τίον,
351 4770 452 4832 τάς
490 4765 818 4828 ἀπολαύσεις
851 4764 944 4817 καὶ
981 4762 1079 4826 τάς
1121 4761 1353 4831 εὐωχίας
1394 4760 1524 4832 ἔχῃς
1553 4761 1771 4838 συντρό-

184 4883 318 4938 φους
340 4865 437 4918 καὶ
472 4862 676 4930 φίλους,
712 4857 964 4912 οὐδέποτε
998 4855 1250 4928 νηστείαν
1286 4854 1609 4924 ἀγαπήσεις·
1639 4853 1774 4908 ἀλλά

187 4975 272 5012 σοι
315 4961 568 5027 φανεῖται
612 4952 824 5022 βαρεῖα,
865 4949 941 5012 ὡς
991 4946 1114 5018 ξένη
1165 4946 1259 5006 καὶ
1308 4945 1603 5016 ἀσυνήθης.
1649 4945 1772 5010 Βίας

185 5046 464 5118 ἐγκρατὴς
493 5042 791 5116 μελλούσης
816 5040 909 5095 καὶ
932 5038 1207 5109 ἀφθάρτου
1231 5035 1379 5108 ζωῆς
1409 5039 1556 5090 ἐστιν
1583 5034 1769 5090 εἰκών.

201 5138 293 5201 Ὦς
322 5135 434 5205 γὰρ
461 5135 604 5197 τότε,
641 5132 741 5204 τὴν
774 5129 993 5201 ἐμπαθῆ
1015 5129 1191 5200 σάρκα
1215 5127 1416 5197 ταύτην
1431 5126 1776 5198 ἀποδυσάμερ-

188 5246 273 5284 vat
320 5223 599 5292 ἐλεύθεροι
639 5223 914 5292 διάξομεν,
961 5219 1220 5290 οὐδεμίαν
1271 5219 1485 5290 ἔχοντες
1530 5220 1773 5290 ἀνάγκην

189 5319 395 5389 γαστρὶ
431 5316 784 5385 λειτουργεῖν,
820 5314 913 5368 καὶ
940 5315 1052 5375 τοῖς
1084 5311 1266 5373 ἄλλοις
1293 5310 1561 5364 δουλεύειν
1606 5309 1772 5364 πάθε-

192 5429 280 5467 σιν
298 5428 310 5440 ·
344 5408 516 5468 οὕτως
545 5407 638 5460 καὶ
659 5405 757 5459 νῦν
788 5405 853 5458 ἀν
875 5404 972 5476 τὴν
1003 5401 1200 5472 πολλὴν
1229 5399 1495 5472 ἀνάγκην,
1530 5401 1624 5454 καὶ
1640 5399 1773 5471 ὕλην

190 5501 376 5556 αὐτῶν
393 5496 777 5567 ἀποϐάλωμεν,
791 5496 954 5564 ἐγγὺς
978 5495 1076 5565 τῆς
1095 5491 1547 5565 προσδοκωμένης
1563 5491 1774 5563 ἀφθαρ-

194 5593 318 5654 σίας
368 5587 626 5659 ἐσόμεθα.
669 5585 780 5639 Καὶ
824 5587 1102 5657 συντόμως
1149 5584 1340 5650 εἰπεῖν,
1378 5583 1638 5658 φύγωμεν
1676 5584 1773 5657 τὴν

277 5767 328 5815 ’³.
357 5766 497 5820 l‘sal.
529 5782 653 5829 cst,
684 5768 733 5820 ι.

1869 4594 2129 4651 Assuefac
2159 4603 2210 4648 te
2249 4594 2317 4648 ad
2352 4591 2779 4660 temperantiam,
2816 4599 2870 4642 et
2899 4605 3019 4642 eum
3057 4599 3294 4657 tempore
3323 4591 3441 4642 sine

1871 4685 2112 4741 molestia
2145 4693 2320 4738 tecum
2363 4680 2808 4735 commorabitur.
2845 4680 2885 4733 Ε
2919 4678 3208 4743 contrario,
3244 4678 3288 4731 si
3338 4690 3436 4730 vo-

1872 4775 2106 4840 luptates
2136 4779 2189 4826 et
2222 4770 2645 4825 comessationes
2675 4783 2844 4832 antes,
2877 4782 3150 4837 nunquam
3178 4765 3439 4835 jejunium

1872 4863 2094 4934 diliges;
2129 4861 2227 4917 sed
2256 4859 2611 4930 temperantia
2647 4858 2923 4930 apparebit
2961 4857 3052 4912 tibi
3083 4856 3296 4926 gravis,
3328 4863 3444 4908 tan-

1873 4969 2033 5025 quam
2072 4951 2356 5023 peregrina
2389 4961 2443 5004 et
2473 4949 2704 5004 insueta.
2745 4946 2866 5003 Vita
2899 4956 3202 5016 temperans
3251 4945 3445 5000 lntune

1869 5054 1925 5101 et
1951 5043 2314 5114 corruptionis
2339 5041 2533 5096 nescia
2563 5041 2686 5096 vita:
2725 5039 3070 5095 simulacrum
3096 5045 3178 5091 est
3204 5054 3219 5090 :
3252 5049 3444 5105 quem-

1869 5134 2158 5188 admodum
2205 5130 2350 5185 enim
2411 5137 2538 5184 tunc
2594 5126 2928 5196 corruptibili
3005 5139 3178 5180 carne
3240 5134 3440 5185 exuta,

1872 5224 2024 5282 liberi
2053 5224 2316 5288 vivemus,
2363 5220 2506 5276 nulla
2555 5220 2874 5276 necessitate
2912 5217 3147 5284 astricti,
3180 5224 3238 5270 ut
3270 5214 3445 5269 ventri

1874 5325 1932 5371 et
1958 5315 2078 5369 aliis
2111 5310 2489 5368 aﬂ'eetionibus
2531 5311 2856 5374 serviamus,
2898 5309 2973 5363 ita
3021 5316 3077 5362 et
3123 5321 3265 5360 nunc
3301 5305 3346 5359 si
3379 5318 3442 5365 ex

1878 5405 2185 5462 necessaria
2217 5403 2318 5458 ista
2348 5404 2629 5469 servitute,
2660 5413 2714 5457 et
2743 5415 2810 5456 ex
2840 5398 3079 5456 materiae
3099 5394 3446 5452 concretione

1878 5511 1979 5552 nos
2011 5495 2253 5550 nonnihil
2283 5495 2736 5563 expediverimus,
2784 5507 2952 5562 prope
2972 5490 3038 5544 ad
3079 5495 3443 5555 exspectatam

1878 5587 2337 5660 incorruptionem
2369 5586 2686 5643 accedemus
2716 5595 2798 5641 :et
2839 5595 2899 5641 ut
2926 5580 3242 5647 compendio
3265 5575 3442 5633 omnia
