4216 6324
765 372 869 429 1583

2040 367 2098 426 8.
2140 363 2416 424 Αδτειιιι
2459 364 2764 421 AMASEM

3916 367 4029 424 384

767 487 1123 555 complectar,
1173 486 1445 557 fugiamus
1480 501 1576 558 pro
1620 486 1827 542 viribus
1867 484 2048 541 luxum
2096 495 2150 539 et
2195 485 2385 540 volu-.

2455 481 2765 550 φιληδονίαν
2805 480 2884 543 είς
2929 477 3190 549 δύναμιν·
3244 481 3522 552 ἀμήχανον
3570 480 3676 551 γὰρ
3718 480 3809 533 τὸν
3861 481 4027 535 αὑτὸν

765 591 975 648 ptatum
1005 579 1383 635 illectamenta.
1414 576 1558 633 Fieri
1591 579 1732 632 enim
1767 593 1870 631 non
1902 584 2094 646 potest,
2123 585 2179 627 ut
2200 575 2340 630 idem

768 672 838 720 sit
866 678 918 720 et
949 668 1280 736 voluptatum
1328 675 1383 721 et
1431 665 1521 722 Dei
1563 677 1813 734 amator;
1867 682 1988 720 nam
2022 665 2115 733 qui
2148 677 2342 732 corpus

769 769 936 822 amat,
971 759 1056 812 ille
1093 757 1397 813 necessario
1439 773 1652 828 quoque
1706 760 1986 828 pecuniam
2022 757 2241 810 amabit.
2277 755 2343 806 At

770 851 862 918 qui
889 851 1170 919 pecuniam
1193 857 1360 911 amat,
1381 850 1428 903 is
1453 850 1679 918 iniustus
1697 859 1808 913 est;
1843 859 1898 902 at
1921 847 2010 916 qui
2044 848 2095 900 in
2123 847 2344 915 laqueos

771 937 1051 1006 iniustitia:
1085 938 1291 1004 incidit,
1343 939 1386 994 is
1435 939 1594 995 facile
1645 940 1807 992 etiam
1867 940 2082 994 decreta
2130 937 2344 1006 pietatis

771 1031 1220 1099 transgredietur,
1278 1040 1333 1084 et
1399 1029 1701 1098 sapientum
1775 1029 1918 1098 leges
1985 1027 2340 1090 conculcabit,

770 1121 928 1186 facile
959 1124 1120 1178 etiam
1162 1124 1213 1176 in
1249 1124 1434 1179 illicita
1474 1124 1703 1184 labetur,
1744 1121 1867 1176 inde
1915 1122 2014 1175 sibi
2063 1119 2342 1173 materiam

771 1216 837 1268 ad
887 1214 1184 1270 suavitates
1239 1230 1533 1284 corrogatis
1585 1224 1640 1268 et
1696 1213 1989 1284 colligens;
2057 1213 2346 1280 omniaque

770 1306 1052 1372 injustitiaz
1084 1307 1252 1377 spolia
1300 1305 1561 1376 voluptati
1663 1315 1918 1373 tauquam
1959 1304 2188 1358 dominae
2233 1316 2346 1355 suae

766 1398 998 1453 donans.

844 1531 922 1588 Ne
955 1531 1155 1604 fugeris
1187 1531 1399 1587 labores
1433 1541 1488 1587 et
1515 1530 1878 1595 difﬁcultates,
1906 1546 2026 1602 quae
2056 1547 2107 1586 ιιι
2139 1541 2346 1600 tempe-

773 1624 950 1676 rantia
983 1624 1183 1677 insunt.
1224 1622 1330 1679 Sed
1362 1637 1510 1692 spem
1552 1637 1762 1692 oppone
1794 1623 2043 1690 presenti
2076 1620 2264 1682 labori,
2294 1629 2348 1673 et

770 1712 962 1768 leniter
997 1713 1378 1767 abstinentiam
1425 1714 1491 1767 ab
1531 1713 1805 1767 alimentis
1839 1711 1999 1767 feres.
2036 1713 2223 1781 Ingere
2252 1709 2344 1765 tibi

2447 565 2587 624 εἶναι
2625 569 2906 642 φιλήδονον
2954 569 3048 622 καὶ
3103 569 3368 638 φιλόθεον.
3406 571 3463 624 '0
3496 571 3604 641 γὰρ
3655 571 4026 641 φιλοσώματος

2443 660 2502 726 ἐξ
2534 661 2780 729 ἀνάγκης
2799 660 2950 715 ἔσται
2976 660 3069 714 καὶ
3095 659 3521 732 φιλοχρήματος,
3553 662 3581 712 6
3607 660 3662 714 δὲ
3687 661 4027 730 φιλοχρήμα-

2450 771 2560 816 τος,
2612 752 2795 816 ἄδικος
2815 771 2830 786 ·
2868 756 2894 806 6
2923 753 2980 806 δὲ
3004 755 3102 824 τῆς
3133 752 3346 818 ἀδικίας
3373 754 3502 807 εῐσω
3544 751 3743 815 πεσὼν,
3781 753 4027 824 ὕπερδή-

2450 860 2604 895 σεται
2625 843 2823 913 ῥᾳδίως
2843 843 3075 916 θεσμοὺς
3111 843 3412 907 εὐσεϐείας,
3448 845 3540 898 καὶ
3573 846 3804 914 πατήσει
3826 844 4026 912 νόμους

2446 933 2654 1001 σοφῶν·
2688 936 3000 1003 ὲγχειρήσει
3035 934 3091 986 δὲ
3121 936 3234 992 τοῖς
3261 933 3725 1003 ἀπηγορευμένοις
3765 931 4027 995 εὐκόλως,

2443 1024 2662 1076 ἐκεῖθεν
2696 1024 2874 1094 ἑαυτῷ
2901 1025 3000 1089 τάς
3043 1025 3172 1089 ὕλας
3209 1024 3478 1096 ἀθροίζων
3505 1025 3606 1095 τῆς
3649 1023 4026 1086 ἀπολαύσεως,

2451 1116 2547 1168 καὶ
2576 1116 2752 1168 πάντα
2777 1115 2844 1168 τὰ
2866 1117 3080 1186 λάφυρα
3105 1115 3204 1187 τῆς
3232 1114 3446 1178 ἀδικίας
3498 1117 3562 1184 τῇ
3590 1113 3754 1185 ἡδονῇ
3787 1115 4031 1184 δωροφοο

2447 1206 2579 1278 ρῶν,
2614 1206 2690 1269 ὡς
2712 1207 2987 1277 δεσποίνῃ.

2522 1527 2614 1600 Μὴ
2666 1528 2844 1601 φύγῃς
2881 1530 2980 1600 τὴν
3029 1529 3330 1601 μοχθηρίαν
3373 1528 3472 1599 τῆς
3505 1530 3854 1599 ἐγκρατείας·
3892 1529 4035 1582 ἀλλά

2448 1619 2549 1683 τὰς
2576 1620 2796 1684 ἐλπίδας
2841 1621 3054 1685 ἀντίθες
3088 1621 3163 1692 τῷ
3193 1619 3422 1690 παρόντι
3457 1618 3626 1689 πόνῳ,
3675 1620 3768 1672 καὶ
3812 1619 4036 1688 κούφως

2452 1711 2764 1783 παρελεύσῃ
2795 1713 2894 1782 τὴν
2933 1711 3033 1781 τῆς
3081 1712 3436 1783 μεταλήψεως
3471 1711 3713 1782 ἀποχήν·
3743 1711 3864 1764 sint
3896 1710 4038 1780 πρὸς

769 1805 883 1858 hac
914 1803 995 1856 vel
1027 1805 1128 1857 alia
1157 1804 1372 1872 pietatis
1405 1803 1605 1856 monita
1635 1823 1647 1858 :
1674 1804 1930 1858 Amarum
1961 1813 2043 1859 est
2063 1803 2347 1873 jejunium,
2384 1861 2385 1864 η

2453 1800 2645 1855 ἑαυτὸν
2698 1802 2920 1872 ῥήματα
2976 1801 3285 1864 εὐσεϐείας·
3328 1802 3508 1872 Πικρά
3551 1803 3583 1872 ἡ
3622 1802 3865 1871 νηστεία,
3917 1798 4036 1853 ἀλλ’

770 1895 866 1950 sed
892 1894 1064 1948 dulcis
1087 1896 1394 1964 paradisus.
1455 1894 1672 1949 Molesta
1725 1903 1809 1950 est
1861 1895 2004 1959 sitis,
2056 1896 2148 1949 sed
2186 1909 2349 1962 prope

765 1995 852 2042 est
889 1984 1044 2051 fons,
1089 2001 1152 2039 ex
1186 2001 1292 2057 quo
1334 1986 1423 2055 qui
1480 1987 1695 2051 biberit,
1744 2001 1850 2041 non
1894 1987 2041 2041 sitiet
2091 1987 2143 2038 iu
2187 1996 2349 2040 auer-

769 2095 897 2138 num
928 2081 997 2134 ".
1037 2080 1400 2147 importunum
1453 2090 1535 2134 est
1583 2093 1803 2147 corpus,
1859 2079 1954 2134 sed
1996 2077 2225 2132 validior
2266 2085 2350 2132 est

772 2167 1090 2234 incorporea
1125 2167 1326 2220 anima.
1368 2164 1644 2220 Emortuaa
1685 2176 1810 2220 sunt
1845 2167 2012 2230 vires,
2055 2169 2148 2220 sed
2186 2181 2351 2236 prope

768 2265 856 2311 eat
909 2257 1255 2312 resurrectio.
1315 2256 1407 2311 Dic
1452 2255 1652 2320 ventri,
1697 2271 1820 2310 cum
1863 2256 2027 2309 instat
2076 2264 2130 2309 et
2171 2263 2346 2323 urget,

769 2347 903 2402 Illud
931 2347 1143 2402 Domini
1179 2347 1402 2403 verbum
1438 2365 1449 2401 :
1486 2345 1607 2400 Non
1638 2348 1692 2398 in
1721 2347 1832 2399 solo
1860 2363 1993 2414 pane
2022 2347 2140 2400 vivit
2171 2348 2346 2410 Itonia,

769 2440 862 2493 sed
897 2440 950 2492 in
975 2441 1117 2493 omni
1151 2439 1320 2504 verba,
1362 2441 1501 2511 quod
1540 2439 1768 2506 procedit
1796 2436 1861 2491 de
1885 2454 1973 2491 ore
2002 2437 2095 2490 Dei
2128 2437 2207 2502 ¹³;
2243 2453 2347 2491 nott

769 2537 855 2586 est
893 2530 1084 2597 fames,
1120 2531 1214 2585 sed
1249 2532 1440 2600 exigua
1476 2531 1690 2594 dilatio;
1733 2544 1838 2583 non
1891 2539 1974 2582 est
2013 2543 2192 2596 pmna,
2228 2545 2348 2597 qute

774 2621 935 2674 vitari
969 2629 1226 2690 nequeat,
1258 2622 1352 2674 sed
1389 2621 1554 2674 libera
1588 2619 1947 2682 abstinentia;
1995 2633 2100 2671 nou
2141 2619 2350 2672 servilis

773 2715 1090 2778 necessitas,
1140 2713 1232 2767 sed
1275 2711 1447 2766 libere
1496 2720 1744 2779 suscepta
1799 2710 1960 2765 actio.
2012 2707 2266 2771 Precare.
2300 2719 2352 2762 et

775 2804 919 2857 vires
948 2801 1458 2873 suppeditabantur.
1495 2801 1766 2868 luvocato,
1799 2812 1854 2854 et
1889 2799 1939 2852 in
1969 2808 2220 2868 promptu
2248 2800 2354 2852 crit

774 2895 1008 2967 adjutur.

849 3025 1050 3082 Recole
1086 3028 1346 3082 memoria
1379 3037 1612 3083 veterem
1654 3027 1940 3083 historiam
1979 3028 2044 3093 ",
2077 3038 2130 3083 et
2155 3028 2351 3083 intelli-

775 3131 870 3186 ges
935 3119 1204 3186 quomodo
1260 3119 1350 3186 qui
1406 3117 1622 3189 pietatis
1667 3132 1828 3172 causa
1875 3133 2069 3188 corpus
2120 3121 2347 3190 castiga-

2453 1891 2584 1964 ἡδὺς
2629 1892 2660 1945 ό
2702 1892 3062 1963 παράδεισος·
3107 1893 3354 1963 ἐπαχθὴς
3401 1895 3434 1962 ή
3467 1893 3617 1961 δίψα,
3654 1893 3767 1945 ἀλλ’
3797 1894 3970 1960 ἐγγὺς
4003 1893 4038 1962 ἡ

2452 1982 2626 2056 πηγὴ,
2654 1981 2715 2048 ἐξ
2741 1978 2809 2057 ἧς
2842 1986 2872 2036 6
2905 1983 3072 2036 πίνων
3098 1985 3158 2037 οὺ
3183 1983 3400 2054 διψήσει
3423 1987 3500 2046 εἰς
3529 1985 3616 2038 τὸν
3649 1983 3836 2036 αἰῶνα.
3873 1984 4036 2036 Ἀτο-

2453 2093 2553 2129 nov
2592 2074 2654 2128 τὸ
2696 2074 2875 2145 σῶμα,
2922 2074 3034 2128 ἀλλ’
3073 2074 3393 2146 ἰσχυροτέρα
3437 2074 3602 2144 ψυχὴ,
3639 2076 3672 2144 ἡ
3719 2073 4034 2144 ἀσώματος.

2453 2165 2639 2236 Νεκρά
2667 2168 2700 2237 ἡ
2726 2164 2976 2236 δύναμις,
3002 2165 3116 2220 ἀλλ’
3140 2167 3308 2233 ἐγγὺς
3332 2167 3366 2235 ὴ
3391 2165 3704 2228 ἀνάστασις.
3738 2163 3874 2216 Εἰπὲ
3898 2164 4041 2233 πρὸς

2451 2256 2548 2328 τὴν
2576 2256 2899 2324 ἐπείγουσαν
2926 2262 3168 2329 γαστέρα
3198 2256 3292 2310 καὶ
3327 2257 3392 2310 σὺ
3417 2256 3511 2310 τοῦ
3548 2257 3751 2326 Κυρίου
3778 2256 3838 2307 τὸ
3864 2255 4036 2325 ῥῆμα·

2457 2348 2578 2400 οὐκ
2599 2347 2693 2400 ἐπ’
2729 2347 2886 2414 ἄρτῳ
2905 2346 3072 2414 μόνῳ
3107 2345 3351 2415 ζήσεται
3392 2347 3717 2417 ἄνθρωπος,
3767 2347 3907 2402 ἀλλ’
3937 2345 4040 2401 ἐπὶ

2453 2438 2629 2490 παντί
2647 2435 2870 2506 ῥήματι
2901 2436 3071 2493 Θεοῦ.
3131 2438 3205 2491 Οὐ
3256 2437 3415 2508 λιμός
3469 2442 3638 2501 ἐστιν,
3690 2438 3825 2491 ἀλλά
3864 2437 4046 2509 μικρά

2453 2529 2702 2600 παρολκή
2719 2546 2733 2560 ·
2753 2531 2854 2583 οὐκ
2878 2529 3249 2600 ἀπαραίτητος
3275 2530 3534 2601 τιμωρία,
3569 2530 3686 2582 ἀλλ’
3710 2529 4045 2600 αὐθαίρετος

2451 2620 2632 2692 ἀποχή
2657 2636 2669 2650 ·
2718 2622 2778 2675 οὺ
2823 2621 3196 2692 δουλοπρεπὴς
3231 2621 3466 2693 ἀνάγκη,
3516 2620 3632 2675 ἀλλ’
3666 2621 3930 2691 ἐλευθέρα
3955 2637 4044 2688 φισ-

2452 2710 2693 2780 λοσοφία.
2713 2708 2902 2777 Εὗξαι,
2921 2712 3015 2766 καὶ
3039 2711 3278 2782 ἰσχύσεις
3295 2729 3310 2745 ο
3343 2711 3689 2778 ιπικάλεσαι,
3709 2713 3805 2766 καὶ
3818 2713 4046 2782 ἕτοιμος

2454 2803 2863 2872 παραστήσεταί
2895 2819 2976 2855 σοι
3003 2801 3214 2872 βοηθός.

2536 3023 2795 3078 Ἀνάλαδε
2821 3026 2886 3094 τῇ
2915 3025 3103 3097 μνήμῃ
3131 3025 3366 3079 παλαιάν
3408 3025 3666 3095 ίστορίαν.
3694 3025 3786 3076 καὶ
3815 3023 4049 3095 μαθήσῃ

2457 3115 2605 3178 ὅπως
2627 3117 2674 3168 oi
2708 3115 2772 3168 δι’
2796 3115 3074 3168 εὐσέϐειαν
3108 3115 3266 3186 σῶμα
3299 3115 3600 3180 πιέζοντες,
3641 3115 3751 3168 τῶν
3785 3113 4047 3184 τρυφών-

779 3216 924 3274 runt,
985 3208 1211 3263 delicate
1273 3209 1578 3264 viventibus
1639 3219 1693 3263 et
1752 3224 1962 3265 merum
2019 3209 2138 3265 sine
2195 3212 2385 3265 modot

2456 3223 2585 3269 των,
2629 3207 2722 3260 καὶ
2759 3206 2926 3260 πολὺν
2967 3207 3307 3277 ἐγχεομένων
3347 3205 3439 3260 τὸν
3484 3205 3741 3274 ἄκρατον,
3783 3203 3906 3257 οὔτε
3960 3207 4052 3270 εις

777 3294 1244 3359 esbaurientibus,
1275 3310 1446 3366 neque
1480 3296 1679 3352 viribus
1703 3301 1810 3351 sint
1837 3296 2149 3363 inferiores,
2180 3314 2353 3367 neque

778 3396 998 3454 aspectu
1055 3386 1370 3451 deteriores,
1414 3388 1568 3456 quasi
1615 3390 1813 3444 amissa
1856 3400 2137 3446 venustate
2187 3392 2352 3444 deﬂo-

786 3478 1179 3530 rueriutzuatu
1230 3478 1575 3547 Assyriorum
1640 3495 1756 3543 rex,
1817 3479 1910 3548 qui
1967 3479 2145 3533 omnia
2202 3481 2352 3534 carui

781 3568 1130 3639 largiebatur,
1161 3571 1358 3639 quique
1389 3572 1454 3624 ad
1495 3570 1846 3640 voluptariam
1885 3570 2071 3636 vitam,
2109 3572 2254 3626 velut
2285 3573 2352 3626 ad

783 3674 1043 3730 praesepe,
1077 3678 1181 3715 uno
1214 3663 1376 3716 verbo
1402 3677 1591 3718 omnes
1631 3663 1925 3732 voluptatis
1977 3665 2351 3728 administros,

781 3750 979 3804 eximie
1032 3765 1264 3818 corpore
1295 3753 1518 3805 decoros
1564 3761 1616 3805 et
1667 3761 1886 3821 aspectu
1933 3753 2192 3808 amabiles
2237 3769 2356 3809 esse

781 3838 968 3900 voluit,
1011 3847 1070 3891 ut
1095 3854 1201 3893 non
1251 3838 1424 3897 solum
1469 3855 1530 3894 os
1557 3851 1612 3895 et
1642 3850 1868 3908 gustus,
1927 3843 2021 3897 sed
2069 3853 2124 3896 et
2170 3843 2355 3897 oculus

784 3929 977 3984 intuitu
1021 3929 1436 3998 pulclnitudinis
1465 3931 1850 3988 oblectaretur.
1884 3931 2034 3987 Tunc
2060 3942 2172 3989 tres
2205 3935 2354 4004 pueri

783 4019 849 4072 de
894 4019 1209 4085 captivitate
1266 4017 1428 4071 Israel
1493 4019 1546 4072 in
1626 4018 1927 4089 catalogum
1986 4019 2355 4074 ministrorum

787 4111 1055 4179 regiorum
1086 4111 1334 4180 ascripti,
1378 4113 1447 4165 ab
1475 4111 1615 4166 escis
1650 4112 1809 4180 regia:
1836 4126 2033 4167 mensae
2054 4152 2069 4176 ,
2100 4122 2355 4183 tanquam

783 4201 1114 4255 admistione
1171 4200 1592 4271 idulotltytorum
1660 4200 1919 4270 pollutis,
1982 4201 2357 4268 abstinentes,

2456 3297 2681 3368 δύναμιν
2707 3299 2842 3350 εἰσιν
2881 3299 3282 3369 ἀσθενέστεροι,
3317 3297 3439 3352 οὔτε
3464 3299 3571 3368 μὴν
3602 3299 3684 3360 είς
3714 3296 3774 3348 τὸ
3802 3296 4050 3367 φανῆναι

2461 3386 2937 3456 σκυθρωπότεροι,
2976 3388 3009 3458 ἢ
3053 3388 3435 3458 ἀπηνθηκότες
3483 3387 3580 3459 τὴν
3626 3388 3822 3458 χάριν·
3864 3390 3892 3441 6
3928 3388 4049 3460 γὰρ

2461 3477 2710 3547 βασιλεὺς
2745 3476 2854 3529 τῶν
2901 3478 3206 3548 Ἀσσυρίων
3247 3481 3454 3542 ἐκεῖνος
3495 3481 3523 3532 6
3563 3479 3742 3533 πάντα
3767 3481 3833 3548 τῇ
3872 3480 4053 3551 σαρκὶ⁵

2457 3568 2585 3634 ζῶν,
2613 3569 2706 3622 καὶ
2725 3567 2802 3638 τῷ
2832 3569 3106 3640 τρυφῶντι
3147 3570 3246 3640 βίῳ
3277 3571 3352 3632 ὡς
3381 3569 3557 3640 φάτνῃ
3590 3569 4057 3640 προσδεδεμένος,

2458 3658 2644 3729 ἐπειδὴ
2679 3659 2806 3721 τοὺς
2835 3658 3105 3728 οίνοχόους
3135 3658 3283 3729 αὑτῷ
3320 3659 3413 3711 καὶ
3440 3659 3901 3728 τραπεζοποιοὺς.
3947 3661 4055 3714 καὶ

2457 3751 2663 3811 πάντας
2696 3748 2881 3812 ἁπλῶς
2913 3751 3037 3812 τοὺς
3069 3749 3350 3819 ὑπηρέτας
3376 3750 3475 3819 τῆς
3498 3749 3874 3811 ἀπολαύσεως,
3921 3750 4056 3804 ἱκέ-

2456 3842 2613 3894 λευσε
2639 3842 2761 3894 κατ’
2789 3841 3017 3912 ἐκλογὴν
3043 3842 3261 3909 εὐφυεῖς
3282 3835 3421 3893 εἶναι
3448 3841 3508 3893 το
3537 3840 3715 3911 σῶμα,
3741 3841 3836 3893 καὶ
3869 3839 4053 3913 ὀφθῆ-

2457 3950 2544 3986 ναι
2583 3933 2894 4003 χαρίεντας,
2920 3934 3006 3986 ἵνα
3032 3933 3106 4005 μὴ
3148 3932 3306 4003 μόνον
3336 3931 3397 3984 τὸ
3432 3931 3608 4000 στόμα
3640 3931 3735 3984 καὶ
3763 3932 3797 4002 ἡ
3825 3930 4052 3999 γεῦσις,

2457 4023 2592 4079 ἀλλά
2633 4027 2725 4076 καὶ
2760 4024 3039 4096 ὀφθαλμὸς
3069 4021 3218 4094 αὑτῷ
3255 4021 3398 4076 κατά
3441 4022 3550 4075 τῶν
3584 4022 3880 4094 ὁρωμένων
3907 4039 4053 4094 τρυ-

2458 4115 2592 4184 φῶν.
2628 4114 2760 4166 Τότε
2803 4114 2868 4184 δὴ
2905 4116 3000 4168 καὶ
3041 4117 3088 4168 oi
3121 4117 3270 4184 τρεῖς
3301 4111 3574 4166 νεανίσκοι
3611 4115 3673 4166 ὲκ
3705 4114 3805 4184 τῆς
3834 4117 4054 4184 αἰχμα-

2458 4206 2658 4270 λωσίας
2700 4207 2794 4259 τοῦ
2861 4205 3074 4276 Ἰσραὴλ
3130 4205 3208 4275 τῷ
3253 4204 3538 4273 καταλόγῳ
3589 4204 3695 4257 τῶν
3749 4205 4058 4275 ὑπηρετῶν

783 4290 915 4344 solis
970 4290 1335 4360 leguminibus
1391 4292 1773 4345 vescebantur.
1831 4290 2129 4360 Oportebat
2180 4303 2356 4348 autem

2458 4297 2822 4368 ἐγκριθέντες,
2848 4298 3175 4367 ἀπεχόμενοι
3206 4297 3262 4350 δὲ
3293 4297 3400 4350 τῶν
3438 4294 3584 4364 ὄψων
3611 4296 3709 4366 τῆς
3751 4293 4055 4364 βασιλικῆς

784 4380 970 4432 viuum
994 4393 1209 4449 quoqtte
1237 4379 1422 4449 fugere
1452 4389 1673 4450 propter
1703 4381 2035 4446 libationem,
2058 4392 2112 4437 et
2144 4399 2357 4438 omnem

2459 4388 2762 4460 τραπέζης,
2790 4389 2864 4452 ὼς
2900 4392 2964 4458 τῇ
3001 4386 3250 4459 ἐπιμιξίᾳ
3275 4386 3382 4439 τῶν
3427 4385 3789 4439 εἰδωλοθύτων
3834 4402 4054 4455 μεμιαν

782 4484 1028 4535 carnem,
1078 4481 1295 4538 propter
1336 4473 1646 4540 praedictam
1689 4487 1928 4526 causam.
1977 4473 2110 4529 Cum
2151 4490 2282 4531 vero
2326 4491 2355 4530 a

2462 4479 2687 4550 σμένης,
2713 4479 3003 4550 σπέρματα
3022 4479 3292 4533 ἐσιτοῦντο
3341 4478 3521 4548 μόνον.
3545 4473 3652 4530 Ἦν
3676 4477 3734 4530 δὲ
3762 4478 3856 4529 καὶ
3899 4473 4058 4542 οἶνος

783 4562 1038 4634 praefecto
1057 4573 1397 4632 cogerentur,
1430 4571 1488 4617 ut
1510 4565 1854 4620 cotnetlerent
1882 4579 1944 4618 ea
1973 4579 2093 4633 qua
2120 4573 2356 4636 appone-

2465 4541 2699 4640 φευκτὸς
2749 4541 2980 4641 διά-τὴν
3015 4568 3246 4639 σπονδὴν
3277 4541 3368 4622 καὶ
3415 4570 3524 4622 πᾶν
3572 4567 3760 4639 κρέας,
3807 4566 3898 4620 διά
3945 4569 4056 4639 τὴν

783 4653 980 4708 bantur
1008 4668 1075 4707 ne
1115 4653 1252 4708 forte
1279 4668 1374 4723 per
1403 4654 1786 4710 abstinentiam
1814 4656 1992 4712 vultus
2022 4666 2355 4714 venustatem

2472 4660 2875 4732 προρρηθεῖσαν
2906 4661 3106 4714 αἰτίαν.
3153 4659 3247 4723 Ὠς
3282 4658 3341 4712 δι
3388 4659 3539 4730 παρὰ
3589 4656 3686 4711 τοῦ
3732 4659 4054 4727 ἐφεστῶτος

785 4741 1169 4811 deperderent;
1225 4753 1279 4795 et
1332 4742 1446 4809 ipse
1492 4742 1563 4796 ob
1605 4757 1711 4796 non
1746 4742 1882 4798 bene
1918 4751 2138 4798 curatos
2172 4743 2356 4801 adole-

2472 4750 2845 4818 ἠναγκάζοντο
2880 4749 3127 4821 μετέχειν
3174 4749 3282 4803 τῶν
3322 4748 3785 4820 προσφερομένων
3833 4749 4052 4814 αὐτοῖς,

782 4841 999 4889 aeentes
1018 4835 1070 4887 in
1097 4833 1390 4902 periculum
1411 4834 1600 4901 capitis
1627 4834 1888 4889 incideret
1911 4852 1924 4887 :
1947 4832 2096 4900 Sine,
2119 4835 2353 4902 aiebant,

2466 4840 2550 4892 ἵνα
2581 4841 2789 4910 μήποτε
2816 4844 2894 4904 είς
2915 4839 3252 4910 δυσμορφίαν
3273 4840 3452 4894 αὐτῶν
3491 4841 3556 4893 ὲκ
3591 4840 3690 4910 τῆς
3714 4841 4055 4911 ἐγκρατείας

784 4932 840 4979 et
868 4923 1150 4994 permitte;
1185 4938 1291 4978 non
1319 4923 1696 4993 apparebimus
1729 4925 1839 4996 regi
1863 4924 2037 4981 forma
2066 4925 2356 4994 deteriore,

2461 4932 2522 4986 τὸ
2554 4932 2749 4995 κάλλος
2785 4931 3120 5003 μεταδληθῇ,
3153 4932 3403 5004 ἔγκλημα
3426 4932 3481 4985 δὲ
3507 4933 3713 4986 ἐκείνου
3741 4931 3834 4985 καὶ
3863 4948 4052 5004 τιμω-

785 5031 948 5082 quam
983 5015 1056 5070 illi
1082 5016 1172 5084 qui
1204 5017 1255 5070 in
1296 5015 1502 5072 deliciis
1529 5016 1732 5082 vivunt,
1771 5031 1947 5086 neque
1972 5018 2151 5074 vultus
2185 5020 2354 5075 nostri

2469 5022 2557 5093 ρία
2587 5022 2812 5092 γένηται
2845 5022 2905 5074 τὸ
2928 5022 3033 5074 τῶν
3054 5022 3349 5075 νεανίσκων
3369 5022 3604 5092 είδεχθές
3623 5039 3681 5074 τε
3718 5022 3811 5075 καὶ
3835 5021 4049 5094 ἀθερά-

784 5108 1106 5176 elegantiam
1135 5122 1288 5163 suam
1323 5109 1589 5162 amitteut.
1629 5107 1814 5178 Neque
1851 5117 1904 5164 te
1930 5111 2165 5176 crucies,
2202 5113 2356 5181 quasi

2467 5127 2662 5164 πευτον
2683 5129 2695 5142 ·
2730 5112 2853 5176 Ἔα,
2891 5112 3045 5181 φησὶ,
3071 5113 3164 5166 καὶ
3192 5109 3563 5182 συγχώρησον,
3596 5112 3654 5164 οὐ
3686 5111 4054 5182 φανησόμεθα

788 5199 897 5268 regi
942 5197 1220 5252 ministros
1253 5197 1521 5253 deformes
1557 5199 1891 5253 adducturus
1928 5199 2007 5254 sis
2035 5217 2048 5252 :
2080 5215 2203 5255 nam
2246 5199 2357 5267 illc,

2465 5202 2541 5272 τῷ
2560 5202 2769 5273 βασιλεῖ
2787 5202 2895 5254 τῶν
2922 5202 3251 5273 τρυφώντων
3279 5203 3607 5279 ἀτιμότεροι,
3629 5202 3748 5256 οὐδὲ
3780 5201 3846 5253 τὰ
3875 5203 4052 5271 πρόσ-

786 5288 876 5358 qui
904 5303 1002 5343 nos
1023 5287 1265 5343 condidit
1290 5297 1341 5343 et
1364 5287 1634 5353 formavit,
1665 5289 1892 5357 gratiam
1917 5288 2086 5356 dabit,
2119 5299 2173 5346 et
2193 5305 2357 5360 expe-

2466 5312 2591 5348 ωπα
2634 5295 2790 5364 ἡμῶν
2821 5293 3141 5364 ἀπανθήσει.
3167 5294 3300 5346 Οὐδὲ
3331 5292 3661 5364 ἀγωνιάσῃς,
3692 5292 3767 5356 ὡς
3804 5293 4053 5364 δυσμόρ-

791 5379 980 5434 rieotia
1026 5379 1198 5434 disces
1251 5388 1450 5434 nostra:
1489 5377 1902 5448 pulchritudinis
1943 5390 1999 5434 et
2038 5383 2356 5447 venustatis,

2464 5402 2597 5455 φους
2621 5385 2767 5455 αὺτῷ
2795 5385 3072 5456 ὑπηρέτας
3097 5383 3404 5455 προσάγων.
3442 5385 3498 5436 Ὀ
3538 5386 3644 5453 γάρ
3671 5383 3919 5453 τεχνίτης
3945 5385 4053 5454 τῆς

787 5485 908 5538 quae
944 5478 1288 5540 procuratur,
1329 5471 1734 5538 temperantiam
1770 5483 1891 5526 esse
1919 5471 2356 5528 conciliatrioem.

2463 5473 2798 5536 διαπλάσεως
2834 5473 2992 5544 ἡμῶν
3018 5472 3176 5526 δώσει
3202 5473 3300 5544 τὴν
3326 5472 3504 5544 χάριν,
3531 5475 3622 5526 καὶ
3653 5473 3873 5544 μαθήσῃ
3891 5474 4055 5544 παρά

788 5562 942 5629 Quod
972 5574 1026 5618 et
1055 5561 1255 5620 factum
1282 5573 1365 5620 est
1398 5587 1408 5618 ;
1437 5578 1558 5618 nam
1586 5562 1956 5619 adolescentes
1979 5564 2065 5619 isti
2092 5564 2286 5620 decore
2309 5573 2362 5620 et

2465 5566 2563 5636 τῆς
2592 5566 2806 5635 πείρας,
2836 5568 2915 5621 ὅτι
2939 5565 3031 5620 τοῦ
3057 5564 3322 5634 ἡμετέρου
3358 5563 3606 5628 κάλλους,
3631 5565 3724 5618 καὶ
3748 5563 3844 5634 τῆς
3875 5579 4056 5617 σπου-

858 5765 905 5798 ⁸¹
943 5762 1094 5820 Joan.
1134 5779 1206 5820 tv.
1244 5763 1326 5819 15.
1405 5766 1448 5797 ’³
1482 5765 1669 5820 Matth.
1714 5780 1782 5815 tv.
1819 5763 1870 5816 4.
1950 5763 2151 5820 "Dan.
2202 5780 2240 5833 t,
2283 5767 2457 5837 5sqq.
