4216 6324
153 379 254 438 585

1057 367 1342 426 HOMILIA
1383 367 1520 424 χιν.
1560 367 1626 423 ιΝ
1667 367 2065 426 ΡιιιΝριριυΜ
2099 369 2552 426 ιειυΝιυιιυη.

156 492 450 564 δαζομένης
496 491 830 564 εὐμορφίας,
855 490 889 560 ἡ
931 486 1152 558 νηστεία
1188 485 1537 558 κομμώτρια.
1572 484 1637 538 Ὃ
1671 485 1735 554 δὴ

1791 485 2241 552 ιριιΙι-Ιιιῆιυιίίηε
2285 485 2461 539 vultus
2515 498 2705 540 omnes
2742 484 2896 548 alios,
2951 484 3113 539 etiam
3159 486 3408 542 camiro-

153 589 244 644 καὶ
284 586 500 655 γέγονε.
549 584 661 640 Kal.
693 583 802 657 γὰρ
843 580 1182 654 ύπερήνθουν
1226 582 1276 632 oi
1320 581 1610 644 νεανίσκοι,
1644 579 1739 632 καὶ

153 678 362 740 πάντας
399 676 530 739 τοὺς
559 675 903 748 κρεοφάγους
941 670 1456 743 παρηυδοκίμησαν.

217 767 285 821 Τί
328 767 386 822 δὲ
411 768 440 820 ό
479 765 755 836 Σαμψὼν;
793 765 988 829 Εὐθὺς,
1032 762 1142 817 ἀπὸ
1165 763 1466 830 γάλακτος,
1506 761 1606 816 ούκ
1630 761 1735 814 ἐδι-

153 857 324 929 δάχθη
370 856 684 928 νηστεύειν;
720 857 893 920 οὕτως
950 853 1044 908 τοῦ
1091 853 1401 926 πνεύματος
1443 857 1508 926 τῇ
1571 855 1740 925 μητρὶ

152 947 612 1019 χρηματίσαντος,
666 945 742 1010 ὡς
799 944 1046 1015 προσῆκε
1099 942 1162 996 τὸ
1212 941 1426 1020 παιδίον
1478 943 1740 1008 ἄγευστον

154 1042 292 1095 οίνου
328 1038 426 1092 καὶ
456 1038 639 1109 πάσης
678 1036 1003 1105 διαφυλάξαι
1039 1032 1276 1106 τρυφῆς.
1325 1033 1435 1087 Καὶ
1471 1032 1553 1096 τίς
1592 1032 1735 1101 ἰσχυ-

157 1130 243 1200 ρὸς
271 1128 397 1182 κατ’
427 1128 669 1192 iuivov;
702 1127 787 1190 τίς
819 1125 875 1180 δὲ
904 1126 1163 1196 ἀριστεὺς
1201 1123 1375 1186 οὕτως
1397 1120 1695 1192 ὀνομαστός
1721 1137 1736 1187 ;

155 1221 332 1284 Μόνος
376 1220 673 1289 ἀξιόμαχος
704 1213 794 1288 ἦν,
842 1216 982 1288 πρὸς
1012 1218 1190 1271 πᾶσαν
1230 1212 1538 1286 παράταξιν
1582 1213 1738 1266 πολε.

161 1313 294 1382 μίων
333 1313 428 1365 καὶ
483 1310 682 1382 πλῆθος
711 1308 1104 1380 ἀναρίθμητον,
1136 1309 1257 1362 κατ’
1288 1305 1538 1373 ἐξουσίαν
1581 1303 1737 1377 ἐτρέ-

158 1420 286 1455 πετο
300 1421 313 1432 ·
334 1403 391 1465 ὃς
421 1403 486 1469 γε
513 1416 644 1455 ποτε
672 1398 860 1470 ξίφους
882 1397 917 1469 ἢ
937 1398 1164 1470 δόρατος
1187 1398 1493 1469 ἀπορήσας,
1514 1395 1740 1465 σιαγόνα

155 1492 205 1544 δὲ
237 1491 565 1561 ἀνελόμενος
593 1490 737 1553 δνου,
767 1487 972 1560 χιλίους
997 1487 1195 1557 ἀνδρας
1232 1485 1565 1558 πολεμιστὰς
1607 1502 1738 1540 κατ-

160 1585 418 1653 ίστρωσε,
453 1584 598 1653 μόνῳ
623 1581 701 1652 τῷ
719 1581 891 1650 ὀστέῳ
915 1580 1368 1652 διαχρησάμενος.

226 1674 417 1736 Οὕτως
462 1672 647 1726 τοίνυν
689 1671 784 1725 καὶ
823 1671 888 1724 σὺ
923 1668 1130 1735 ιλπιζε,
1159 1670 1254 1725 καὶ
1293 1671 1563 1740 ίσχύσειςο
1606 1688 1738 1742 προσ

161 1761 358 1831 θυμοῦ,
402 1761 498 1813 καὶ
521 1759 922 1833 δυναμωθήσῃ’
962 1758 1049 1824 δὸς
1079 1759 1175 1830 τὴν
1207 1759 1377 1829 ἀκοὴν
1410 1761 1475 1829 τῇ
1503 1759 1737 1829 μαθήσει

1842 591 1950 642 ros,
1987 577 2140 645 longe
2171 585 2587 646 exsuperarunt.

1908 749 2043 816 Quid
2075 765 2202 805 vero
2235 749 2466 805 Samson
2505 749 2587 803 "1'
2631 750 2711 804 An
2757 765 2860 803 non
2914 750 3098 804 statim
3133 751 3200 804 ab
3245 749 3411 804 ubere

1839 842 2030 896 doctus
2060 853 2144 896 est
2165 840 2446 913 jejuuare?
2477 839 2712 912 Angelus
2757 841 2896 894 enim
2929 841 3088 895 matri
3134 843 3408 912 praecepit,

1839 941 1897 986 ut
1937 931 2197 988 infantem
2244 948 2274 986 a
2313 932 2436 986 vino
2486 940 2539 986 et
2587 933 2657 986 ab
2715 932 2858 986 omni
2905 931 3174 999 voluptate
3227 935 3410 999 procul

1842 1024 2066 1079 haberet
2095 1034 2148 1079 et
2169 1024 2451 1080 educaret.
2479 1023 2547 1078 At
2573 1023 2696 1092 quis
2725 1022 2831 1077 isto
2859 1022 3082 1076 fortior?
3115 1022 3248 1091 Quis
3275 1023 3413 1078 adeo

1839 1113 2144 1171 celebratus
2193 1115 2429 1171 hostium
2486 1113 2895 1183 triumphator?
2941 1112 3097 1166 Solus
3137 1128 3256 1166 cum
3292 1114 3412 1166 uni-

1838 1217 1998 1260 versa
2022 1204 2139 1259 acie
2167 1203 2345 1258 hostili
2378 1203 2653 1272 congredi,
2702 1212 2756 1256 et
2802 1203 2853 1256 in
2894 1203 3210 1258 innumeras
3230 1206 3413 1272 copias

1841 1295 2100 1366 impetum
2131 1306 2383 1365 potenter
2408 1295 2588 1350 facere
2616 1309 2814 1359 ausus;
2845 1295 2936 1363 qui
2973 1293 3261 1362 aliquando
3285 1308 3415 1348 ense

1839 1393 1894 1438 et
1937 1370 2093 1440 basta
2140 1384 2448 1450 destitutus,
2497 1392 2710 1453 arrepta
2743 1383 3051 1437 mandibula
3080 1385 3218 1438 asini
3260 1384 3408 1438 mille

1839 1477 1985 1529 viros
2014 1474 2227 1538 stravit,
2263 1473 2381 1530 solo
2415 1476 2519 1530 hoc
2548 1487 2672 1529 osse
2695 1489 2844 1529 usus.

1917 1642 1991 1697 Ita
2020 1644 2184 1714 igitur
2215 1653 2269 1698 tu
2297 1659 2515 1714 quoque
2547 1644 2689 1700 bona
2719 1659 2816 1715 spe
2841 1656 2958 1701 esto
2993 1664 3008 1700 :
3036 1653 3088 1699 et
3130 1647 3274 1701 vires
3319 1648 3414 1702 tibi

1841 1735 2126 1788 addentur.
2173 1734 2366 1789 Macer
2415 1745 2802 1805 promptusqtte
2841 1753 2954 1790 rem
3000 1737 3311 1806 aggredere,
3360 1746 3418 1793 et

161 1824 261 1907 τῶν
295 1824 722 1924 κεκρυμμένων,
762 1824 1298 1922 καὶυάμνημονήσεις
1595 1824 1684 1912 ’ἀς
1713 1852 1739 1902 ό

1791 1825 2306 1896 georroboraheris.
2356 1824 2431 1877 Da
2474 1841 2636 1879 aures
2667 1835 2788 1880 tuas
2832 1826 3130 1894 diseiplinis
3177 1827 3417 1880 occulto-

160 1943 326 2014 δῆμος
352 1943 429 2013 τῷ
458 1940 634 2013 Ἰησοῦ
658 1941 941 2010 ἑπόμενος,
961 1939 1104 2010 λόγῳ
1125 1940 1219 1993 καὶ
1239 1939 1385 2010 ἔργῳ
1411 1939 1738 2004 παιδεύοντι,

163 2031 518 2102 αίδεσθῶμεν,
555 2032 603 2083 oi
628 2031 888 2099 ἀκρατεις
920 2028 1015 2082 καὶ
1036 2027 1326 2099 φιλήδονοι,
1364 2027 1629 2099 Ἕλληνας
1651 2029 1744 2081 καὶ

175 2123 459 2183 Ἰουδαίους
484 2119 869 2190 νηστεύοντας,
898 2120 1075 2191 μάτην
1103 2119 1199 2190 μὲν
1229 2119 1322 2172 καὶ
1362 2118 1499 2190 ὑπὲρ
1531 2118 1741 2184 οὐδενὸς

161 2215 250 2267 τοῦ
279 2216 490 2277 τέλους·
519 2213 641 2282 εἰκῆ
674 2214 782 2284 γὰρ
810 2215 1003 2265 ἐκεῖνοι
1034 2210 1352 2282 ζημιοῦνται
1373 2211 1400 2264 δ
1440 2211 1512 2282 μὴ
1538 2211 1744 2264 ἐσθίου-

168 2322 242 2357 σι·
280 2304 426 2374 πλὴν
470 2305 546 2368 ὼς
591 2303 831 2373 ζηλωτὸν
877 2302 971 2354 καὶ
1023 2303 1231 2373 πρέπον
1281 2304 1393 2365 τοῖς
1437 2301 1742 2365 σπουδαίοις

172 2397 452 2464 μετιόντας
494 2395 553 2446 τὸ
604 2394 956 2465 πρόσταγμα.
989 2393 1030 2444 Χ
1042 2395 1335 2461 ριστιανοίς
1367 2392 1565 2462 πρέπει
1594 2391 1745 2445 πολι-

167 2489 307 2548 τείας
332 2485 608 2556 ἀκρίϐεια,
636 2485 728 2536 καὶ
762 2483 1074 2552 φιλοσοφίας
1110 2477 1491 2552 σεμνότης.οἷς
1515 2483 1744 2553 πάρεστι

169 2577 399 2649 καθαρὸς
431 2578 526 2630 καὶ
579 2574 780 2644 ἀληθὴς
833 2575 930 2643 τῆς
968 2572 1249 2633 εὐσεὸείας
1293 2575 1320 2626 ὁ
1366 2572 1540 2640 λόγος.
1583 2575 1644 2627 0i.
1679 2573 1738 2627 δὲ

169 2669 350 2721 τούτου
389 2668 559 2738 χωρὶς
601 2668 698 2736 τὴν
733 2665 928 2735 ἠθικὴν
970 2664 1260 2728 πονοῦντες
1302 2665 1554 2736 ἄσκησιν,
1584 2666 1746 2736 ὅμοιά

174 2776 255 2829 μοι
284 2757 573 2820 δοκοῦντες
612 2755 960 2827 ἐργάζεσθαι,
995 2755 1102 2808 τῶν
1122 2755 1250 2809 ἄνευ
1283 2755 1534 2828 Θεμελίου
1569 2756 1745 2822 οίκίας

171 2847 686 2910 κατασκευαζόντων
711 2886 725 2910 ,
762 2848 794 2917 ἢ
838 2846 969 2901 ναῦν
1036 2848 1420 2916 πηγνυμένων,
1457 2849 1532 2918 μὴ
1575 2864 1744 2902 κατα-

172 2938 456 3010 ϐληθείσης
485 2939 582 3007 τῆς
616 2937 883 3008 τροπῖδος.
911 2935 1150 2989 Τοιοῦτοι
1177 2937 1232 2990 δὲ
1275 2934 1511 3006 Ἑϐραῖοι
1544 2937 1746 3009 δυσμα-

174 3030 296 3093 Θεῖς.

238 3289 344 3342 Καί
377 3305 467 3358 μοι
513 3287 744 3358 σφοδρὸς
782 3287 810 3337 ό
851 3285 1025 3352 γέλως
1055 3284 1316 3354 ἐμπίπτει
1342 3323 1356 3345 ,
1402 3284 1529 3336 ὅταν
1555 3283 1747 3347 αὐτοὺς

183 3378 462 3450 Θεάσωμαι
497 3377 878 3440 ἀνυποδέτους,
917 3378 973 3428 ὲν
1002 3375 1215 3437 λευκοῖς
1254 3375 1482 3445 τρίϐωσι
1531 3392 1749 3446 περινο-

177 3467 423 3530 στοῦντας
442 3466 512 3519 τά
540 3466 772 3535 ἄμφοδα·
805 3463 1004 3525 ὄνειδος
1027 3463 1322 3523 Μωῠσέως,
1354 3463 1616 3531 αίσχύνην
1640 3462 1749 3515 τῶν

177 3559 466 3628 προφητῶν
493 3599 506 3621 ,
556 3558 872 3626 γεννήματα
921 3555 1014 3608 τοῦ
1062 3554 1315 3624 Ἀὕραὰμ
1341 3553 1710 3624 ἁμδλωθρίδια
1734 3571 1745 3582 ·

179 3647 386 3709 δούλους
410 3646 509 3715 τῆς
536 3645 868 3716 ἀφροσύνης,
905 3646 1030 3705 τοὺς
1057 3643 1153 3711 τῆς
1204 3640 1518 3711 ἐλευθερίας
1567 3640 1714 3704 υίούς
1736 3659 1747 3670 ·

178 3739 404 3808 ἀμαθεῖς
438 3738 534 3790 καὶ
569 3736 837 3806 ἀνόμους·
873 3737 999 3796 τοὺς
1039 3725 1198 3804 δῆθεν
1239 3732 1482 3802 μαθητὰς
1532 3731 1625 3788 τοῦ
1651 3733 1750 3811 ,νό-

183 3847 303 3899 μου,
327 3828 699 3889 ἀπολέσαντας
731 3825 832 3894 τῆς
864 3825 1142 3888 ἐκβάσεως
1169 3824 1268 3892 τὴν
1302 3823 1520 3886 ἐλπίδα,
1564 3823 1751 3893 ἐπειδὴ

179 3919 298 3980 τοὺς
333 3916 537 3977 τύπους
574 3913 666 3965 τοῦ
711 3912 995 3983 μέλλοντος
1054 3911 1289 3973 συνετῶς
1331 3912 1430 3963 οὐκ
1482 3910 1747 3974 ἐδέξαντο.

181 4007 415 4076 Μωῦσῆς
433 4008 540 4076 γὰρ
558 4007 665 4059 πᾶν
691 4004 718 4056 ὃ
740 4005 993 4074 ἔπραττε,
1016 4001 1120 4054 τῶν
1142 4004 1220 4064 εἰς
1246 4001 1368 4053 ὕστε
1379 4017 1466 4070 ρον
1483 4001 1753 4070 ἐσομένων

183 4096 371 4149 εἴδωλα
407 4095 749 4166 προετύπου·
811 4093 915 4146 κᾶν
962 4092 1058 4163 τὴν
1108 4093 1480 4163 σκηνοπηγίαν
1524 4095 1616 4145 καὶ
1656 4092 1753 4162 τὴν

184 4189 482 4258 ὑπόμνησιν
517 4186 626 4238 τῶν
673 4185 1011 4252 σαλπίγγων,
1050 4183 1249 4252 ὁμοίως
1285 4183 1380 4251 τὴν
1428 4183 1751 4254 περιτομὴν,

183 4281 246 4330 τὰ
292 4279 500 4346 ἄζυμα,
545 4276 643 4337 τὰς
693 4275 968 4345 πικρίδας.
1016 4275 1202 4325 Πάντα
1230 4269 1295 4342 ἦν
1329 4276 1509 4326 ὲκεῐνα
1551 4274 1649 4343 τῆς
1697 4273 1755 4325 ὲν

185 4368 399 4439 Χριστῷ
431 4366 706 4427 πολιτείας
750 4366 1062 4435 μηνύματα,
1107 4367 1312 4427 εἰκόνες
1356 4366 1749 4436 προχαραχθεῖ-

187 4477 270 4511 σαι
302 4462 411 4520 τοῖς
441 4461 504 4510 ὲκ
534 4457 898 4526 προσαγωγῆς
931 4457 1477 4526 μυσταγωγουμένοις
1501 4458 1635 4526 πρὸς
1656 4459 1753 4528 τὴν

185 4548 472 4600 τελείωσιν.

266 4725 407 4791 Ἐγὼ
435 4725 531 4794 μὲν
553 4724 662 4793 γὰρ
686 4723 714 4773 ό
742 4722 1084 4791 Χριστιανὸς,
1114 4721 1207 4773 καὶ
1228 4719 1320 4772 τοῦ
1354 4719 1758 4788 σταυρωθέντος

187 4817 386 4880 δοῦλος,
425 4815 670 4886 νηστεύω
719 4815 920 4878 καλῶς,
957 4814 1066 4865 εἴτε
1109 4813 1245 4883 πρὸς
1287 4811 1382 4881 τὴν
1428 4811 1615 4863 ὲλπίδα
1661 4813 1758 4881 τῆς

189 4909 529 4970 ἀναστάσεως
565 4906 799 4976 ἐμαυτὸν
824 4904 1184 4972 ἐκκαθαίρων,
1214 4902 1322 4954 εἴτε
1352 4901 1758 4969 ἐπιστυγνάζων

190 5000 257 5060 ὡς
294 4997 676 5064 φιλοδέσποτος
706 4996 890 5056 δοῦλος
917 4998 1027 5057 τοῖς
1050 4993 1142 5046 τοῦ
1179 4991 1380 5062 Κυρίου
1415 5009 1514 5060 μου
1543 4992 1758 5043 πάθεσι.

193 5088 258 5139 Σὺ
290 5088 345 5139 δὲ
370 5088 399 5137 ό
424 5088 528 5139 τῶν
553 5087 760 5153 φονέων
791 5085 900 5146 υἱὸς
935 5086 1028 5136 καὶ
1064 5084 1169 5135 τῶν
1196 5084 1286 5135 τὸν
1327 5084 1494 5151 ἀμνὸν
1528 5081 1760 5149 σφαξάν-

191 5195 292 5230 των
326 5179 614 5246 ἀπόγονος,
675 5179 767 5229 καὶ
794 5178 892 5246 τὴν
926 5175 1286 5246 κληρονομίαν
1317 5174 1408 5226 τοῦ
1451 5174 1762 5242 ἑκχεθέντος

193 5271 419 5338 αἵματος
449 5271 508 5320 ὲκ
536 5269 644 5319 τῶν
678 5269 929 5335 πατέρων
959 5267 1267 5335 δεξάμενος,
1299 5264 1406 5316 τῶν
1432 5264 1605 5328 οὕτως
1639 5266 1764 5318 ἑαυ-

194 5364 301 5422 τοῖς
355 5361 451 5411 καὶ
505 5361 615 5420 τοῖς
672 5360 881 5420 τέκνοις
939 5357 1366 5425 ἐπευξαμένων,
1421 5355 1559 5425 ὑπὲρ
1618 5357 1760 5418 τίνος

195 5451 501 5520 νηστεύεις;
537 5449 680 5502 εἰπέ.
713 5449 772 5500 El
820 5450 917 5518 μὲν
942 5450 1015 5512 ὡς
1052 5446 1325 5517 μετανοῶν
1351 5447 1434 5515 ἐφ’
1469 5440 1548 5507 οἷς
1580 5447 1761 5516 ἥμαρ-

196 5556 301 5603 τες,
334 5539 792 5610 ύπερασπάζομαί
821 5556 878 5590 σε
903 5539 1002 5608 τῆς
1036 5526 1281 5608 γνώμης,
1315 5538 1408 5590 καὶ
1445 5536 1761 5590 καταλιπὼν

269 5743 312 5773 ’³
343 5742 521 5801 Judic.
555 5758 675 5806 xm,
712 5741 744 5793 5
781 5753 900 5807 sqq.

1849 1931 1986 1978 rum,
2043 1925 2094 1970 et
2143 1914 2484 1970 Oblivisceris
2520 1917 2646 1982 eihi,
2711 1918 2868 1971 sicuti
2922 1921 3147 1987 populus
3187 1930 3420 1988 secutus

1844 2004 2049 2069 Iesum,
2107 2008 2197 2075 qui
2241 2008 2404 2062 verbo
2452 2016 2506 2060 et
2556 2022 2719 2076 opere
2753 2008 2997 2063 docebat.
3046 2008 3417 2063 Revereantur

1847 2099 2268 2166 intemperantes
2322 2109 2376 2152 et
2415 2099 2777 2169 voluptatibus
2817 2099 2981 2155 tlediti
3013 2100 3251 2166 Graecos,
3317 2102 3417 2156 hoc

1847 2196 1952 2250 est,
1989 2187 2218 2256 gentiles
2249 2196 2302 2241 et
2334 2185 2572 2255 .ludacos,
2599 2189 2689 2257 qui
2722 2188 2987 2258 jejunant,
3037 2190 3238 2245 frustra
3289 2195 3414 2261 qui-

1845 2277 1967 2330 dem
2009 2286 2062 2331 et
2111 2278 2229 2332 sine
2285 2278 2685 2344 emolumento;
2741 2295 2862 2332 nam
2897 2289 3098 2335 temere
3139 2296 3199 2337 se
3242 2283 3418 2337 inedia

1847 2369 2077 2422 nmltant
2107 2377 2162 2422 et
2191 2375 2504 2432 macerant;
2543 2369 2891 2425 nihilominus
2922 2381 3098 2425 tamen
3130 2372 3416 2442 jejunium.

1846 2468 1903 2513 ut
1933 2474 2042 2513 rem
2078 2460 2236 2514 seriis
2261 2469 2316 2513 et
2348 2461 2601 2527 gravibus
2623 2461 2930 2516 hominibus
2950 2463 3164 2533 dignam
3184 2475 3236 2519 et
3258 2481 3416 2520 armu-

1847 2551 2081 2618 landam,
2112 2553 2431 2620 suscipiunt.
2473 2554 2814 2609 Christianos
2859 2556 3014 2622 decet
3062 2556 3288 2612 instituti
3337 2562 3418 2615 sui

1848 2651 2094 2696 accurata
2128 2642 2459 2710 observatio,
2489 2654 2544 2699 et
2574 2659 2742 2701 sacra:
2773 2645 3120 2702 institutionis
3162 2650 3416 2717 gravitas,

1846 2735 2038 2804 quippe
2067 2736 2261 2805 quibus
2294 2751 2418 2790 vera
2457 2745 2513 2792 et
2549 2752 2680 2807 pura
2733 2739 2947 2806 pietatis
2999 2742 3234 2796 colendae
3283 2743 3422 2797 ratio

1846 2831 2114 2892 suppetat.
2149 2823 2248 2891 Qui
2273 2824 2388 2879 sine
2403 2824 2516 2880 hac
2543 2825 2594 2878 in
2631 2826 2820 2880 morali
2846 2829 2995 2896 quasi
3028 2829 3422 2885 exercitatione

1846 2911 2144 2977 elaborant,
2169 2913 2375 2968 similes
2416 2913 2549 2969 mihi
2582 2915 2830 2970 videntur
2888 2918 3013 2983 illis,
3064 2914 3152 2988 qui
3201 2921 3418 2975 domum

1847 3003 1965 3058 sine
2018 3002 2368 3060 fundamento
2417 3006 2705 3071 aediﬁcant,
2766 3019 2857 3061 aut
2907 3009 3027 3072 illis,
3083 3011 3173 3080 qui
3229 3027 3418 3065 navem

1849 3104 2193 3163 construunt,
2243 3098 2446 3153 omissa
2503 3097 2709 3156 carina.
2774 3098 2929 3155 Tales
2984 3113 3108 3156 sunt
3164 3103 3422 3158 indociles

1775 3177 1817 3233 Ο
1853 3185 2080 3240 Heltra'i.

1919 3274 2027 3329 Nec
2069 3278 2236 3330 risum
2273 3287 2459 3333 tenere
2505 3278 2679 3344 valeo,
2737 3282 2951 3350 quando
2995 3284 3196 3352 aSpicio
3245 3284 3425 3340 excal-

1849 3376 2051 3431 ceatos,
2078 3377 2130 3422 et
2155 3367 2398 3423 candidis
2426 3369 2604 3438 palliis
2631 3371 2845 3426 indutos
2884 3374 3114 3430 circuire
3144 3377 3376 3446 compita
3405 3396 3420 3444 ;

1851 3457 2104 3524 probrum
2137 3457 2356 3528 Moysis,
2401 3469 2455 3514 et
2502 3462 2734 3517 dedecus
2760 3465 3164 3535 prophetarum,
3209 3481 3262 3522 et
3308 3486 3421 3535 eos,

1851 3549 1940 3616 qui
1981 3560 2134 3604 erant
2164 3552 2435 3620 genimina
2483 3553 2733 3620 Abrahze,
2770 3571 2913 3611 nunc
2953 3559 3210 3613 abortivis
3253 3576 3424 3615 annu-

1853 3641 2048 3696 merari
2075 3659 2089 3706 ;
2122 3657 2411 3712 servosque
2445 3643 2767 3714 insipienti-.e
2791 3647 2961 3702 factos
2990 3651 3129 3715 illos,
3154 3653 3243 3719 qui
3272 3665 3425 3707 erant

1853 3729 1946 3783 ﬁlii
1984 3729 2269 3796 libertatis,
2317 3733 2563 3788 indoctos
2596 3744 2651 3789 et
2699 3735 2932 3807 exleges,
2968 3740 3057 3807 qui
3106 3741 3232 3795 olim
3272 3755 3426 3796 erant

1855 3821 2099 3889 discipuli
2141 3822 2308 3892 legis;
2345 3825 2435 3892 qui
2478 3839 2626 3893 spem
2672 3825 3010 3882 liberationis
3054 3839 3108 3883 et
3157 3834 3423 3887 evasionis

1855 3914 2169 3977 amiserunt,
2208 3925 2487 3983 postquam
2523 3915 2722 3985 ﬁguras
2747 3916 3044 3972 futurorum
3075 3921 3238 3976 stulte
3273 3939 3427 3992 repu-

1855 4004 2067 4056 diarunt
2097 4020 2112 4056 :
2141 4002 2353 4074 Moyses
2401 4005 2577 4068 enim,
2631 4006 2683 4059 in
2730 4006 2976 4061 omnibus
3041 4023 3159 4077 quae
3211 4013 3422 4080 agebat,

1857 4092 2156 4145 futurorum
2221 4092 2478 4161 imagines
2543 4093 2950 4162 praeformabat;
3004 4095 3118 4150 sive
3165 4099 3424 4168 jejunium

1858 4183 2152 4244 intuearis,
2198 4183 2312 4236 sive
2380 4185 2752 4252 scenopegiam
2806 4199 2898 4239 seu
2961 4187 3424 4242 tabernaculorum

1857 4274 2302 4336 exstructionem,
2358 4276 2474 4328 sive
2525 4285 3090 4329 commemorationem
3139 4280 3422 4344 tubarum,

1859 4364 1970 4417 sive
2016 4365 2506 4431 circumcisionetn,
2559 4381 2742 4435 azyma
2779 4376 2830 4418 et
2871 4367 3107 4421 lactucas
3154 4380 3414 4437 agrestes.

1859 4453 2047 4508 Omnia
2077 4456 2191 4508 haec
2222 4451 2542 4509 Christianae
2573 4457 2845 4525 religionis
2889 4468 3200 4527 argumenta
3253 4470 3425 4522 erant,

1791 4521 1833 4575 Β
1862 4551 1913 4596 et
1947 4543 2204 4610 imagines
2243 4543 2346 4595 illis
2374 4543 2788 4611 prce-delineatae,
2824 4546 2912 4613 qui
2960 4545 3021 4598 ad
3051 4545 3426 4614 perfectionem

1863 4634 2228 4688 initiabantur.

1933 4723 2043 4792 Ego
2074 4727 2285 4792 quidem
2327 4725 2668 4780 Christianus
2703 4735 2758 4781 et
2786 4726 3038 4780 Crucifixi
3090 4744 3276 4782 servus
3307 4744 3428 4798 gra-

1865 4816 2005 4868 viter
2034 4817 2084 4867 in
2109 4816 2328 4884 jejuniis
2361 4833 2443 4869 me
2479 4832 2725 4879 exerceo,
2755 4819 2866 4872 sive
2898 4828 2951 4872 ut
2979 4819 3043 4871 ad
3076 4835 3222 4886 spem
3257 4836 3429 4873 resur-

1868 4907 2118 4960 rectionis
2169 4924 2251 4960 me
2311 4909 2481 4975 ipsum
2544 4923 2874 4975 expurgem,
2955 4911 3067 4961 sive
3123 4919 3179 4961 ut
3224 4910 3426 4961 Domini

1859 5013 2048 5050 amans
2101 5012 2293 5051 servus
2337 5000 2666 5052 cruciatibus
2702 4999 2907 5052 Domini
2963 4999 3062 5051 mei
3110 5001 3430 5065 computiar.

1861 5087 1943 5140 Tu
1996 5103 2145 5153 vero,
2200 5105 2232 5142 ο
2295 5088 2684 5141 homicidarum
2742 5091 2938 5158 proles,
2994 5100 3049 5144 et
3104 5104 3286 5143 eorum
3344 5092 3432 5158 qui

1862 5181 2068 5247 Agnum
2100 5189 2402 5232 mactarunt
2430 5195 2719 5248 pronepos,
2759 5182 2847 5247 qui
2882 5181 3245 5234 haereditate":
3279 5180 3432 5233 effusi

1865 5271 2142 5337 sanguinis
2197 5286 2224 5321 ιι
2275 5273 2516 5338 patrihus
2560 5271 2836 5339 accepisti,
2877 5273 2964 5339 qui
3004 5286 3121 5324 eam
3174 5270 3294 5324 (iliis
3327 5273 3435 5324 suis

1871 5359 2148 5428 imprecati
2176 5372 2321 5425 sunt,
2355 5361 2511 5430 cujus
2543 5377 2704 5416 causa
2751 5362 2996 5430 jejunas?
3037 5363 3090 5416 Si
3127 5363 3435 5430 pumilettlia

1871 5449 2062 5503 ductus
2089 5450 2160 5503 ob
2195 5465 2256 5504 ea
2284 5466 2402 5519 quae
2429 5452 2675 5519 patrasti,
2700 5451 3041 5504 vehementer
3076 5452 3230 5504 laudo
3255 5452 3437 5504 volnu-

1876 5547 2037 5595 tatem
2085 5549 2228 5594 tuam
2263 5559 2276 5593 :
2314 5541 2493 5596 relicta
2530 5541 2690 5611 igitur
2733 5541 3132 5612 malignautium
3168 5556 3437 5611 synagoga
