4216 6324
764 346 873 404 387

2047 343 2103 399 S.
2141 339 2417 397 ASTERII
2457 334 2758 396 AMASENI

3929 346 4037 403 388

765 461 964 518 festina
1007 461 1078 516 ad
1109 468 1317 530 piorum
1367 462 1684 518 ecclesiam.
1733 462 1866 518 Veni
1914 462 1983 517 ad
2028 463 2344 527 sanguinem

2453 458 2549 530 τὴν
2580 456 2902 529 συναγωγὴν
2942 456 3052 511 τῶν
3097 461 3570 533 πονηρευομένων,
3627 462 3860 518 σπεῦσον
3906 466 4039 539 πρὸς

761 555 929 623 Agni,
962 565 1016 610 et
1047 568 1334 627 aspergere
1368 572 1382 608 :
1408 553 1533 608 inde
1558 553 1702 609 enim
1732 554 1826 609 tibi
1855 552 2089 624 expiatio
2111 552 2345 618 eveniet,

768 645 913 701 unde
945 655 1222 714 peccatum
1276 645 1623 700 contraxisti.
1662 644 1719 700 Si
1769 658 1899 700 vero
1940 660 2083 699 nunc
2132 658 2347 713 quoque

767 737 1006 804 antiquis
1032 736 1285 806 alligatus
1324 749 1407 801 es,
1463 737 1594 807 quid
1634 736 1742 792 sibi
1786 736 1899 791 vult
1939 734 2271 792 abstinentia
2315 748 2346 787 a

767 824 948 881 cibis?
982 826 1065 881 An
1091 825 1351 883 Niloticos
1378 826 1683 885 crocodilos
1721 827 1976 893 imitaris,
2005 840 2144 897 quos
2169 826 2345 890 aiunt,

767 917 1035 983 capitibus
1072 917 1378 982 hominum,
1410 933 1547 988 quos
1596 918 1953 981 devorarent.
1993 918 2344 991 illacrymari,

765 1019 819 1065 et
850 1010 978 1065 ﬂetu
1010 1009 1267 1080 prosequi
1304 1011 1503 1065 caedem
1532 1025 1547 1065 :
1574 1024 1680 1068 non
1709 1010 1851 1079 quod
1876 1009 1984 1066 ulla
2012 1010 2351 1081 ptenitndiue

768 1110 1083 1173 tangantur,
1116 1100 1407 1173 (quomodo
1438 1101 1583 1156 enim
1613 1100 1948 1173 punitentia
1980 1116 2141 1158 sensu
2172 1097 2352 1183 δαίσε-

767 1201 959 1246 rentur
997 1189 1250 1246 animalia
1296 1188 1522 1244 rationis
1549 1190 1792 1260 expertia
1838 1197 1895 1247 et
1925 1188 2229 1261 aquatica?)
2255 1187 2351 1246 sed

765 1282 1053 1353 deplorant
1068 1289 1251 1352 caput,
1282 1294 1348 1336 eo
1371 1281 1517 1351 quod
1534 1296 1657 1337 eum
1686 1295 1855 1339 carne
1875 1290 2083 1348 careat,
2110 1282 2349 1353 ineptum

766 1374 839 1428 sit
882 1374 951 1428 ad
986 1372 1208 1429 cibum?
1244 1372 1439 1429 Simile
1475 1372 1607 1443 quid
1640 1382 1697 1430 et
1722 1374 1864 1430 circa
1889 1371 2155 1444 jejunium
2185 1388 2354 1444 appa-

768 1472 869 1518 ret.
901 1460 1128 1519 Chor-ee
1172 1470 1227 1517 et
1260 1462 1578 1518 saltatim
1615 1463 1682 1517 ad
1718 1463 2107 1522 abstinentiam
2148 1466 2353 1519 media-

770 1551 951 1615 trices,
997 1550 1271 1606 adversari
1311 1551 1366 1606 in
1412 1550 1648 1619 speciem
1674 1550 1958 1618 videntur;
2005 1567 2130 1607 nam
2180 1553 2352 1608 absti-

770 1642 952 1696 nentia
979 1649 1063 1696 est
1087 1641 1472 1697 contractioris
1502 1640 1627 1695 vita:
1670 1650 1726 1695 et
1771 1642 2034 1696 decentia;
2070 1643 2349 1712 magistra,

768 1732 965 1786 chorea
995 1742 1175 1786 autem
1221 1731 1416 1787 mentis
1458 1745 1555 1799 per
1593 1731 1788 1787 multas
1819 1732 2204 1789 immoderatas
2254 1749 2353 1789 vo-

768 1822 998 1893 luptates
1033 1821 1240 1878 diﬂ‘uste
1277 1822 1439 1878 index
1464 1832 1569 1880 est.

842 1998 1149 2053 Memineris
1191 1997 1413 2054 Μοδείοί
1466 1998 1610 2054 illius
1657 1999 1785 2055 dicti
1825 2000 2087 2056 :Decima
2136 2001 2352 2072 septimi

771 2090 976 2144 mensis
1006 2099 1219 2160 oportet
1238 2090 1490 2160 jejunare
1511 2092 1580 2145 “.
1605 2089 1887 2162 Signiﬁcat
1916 2094 2062 2149 enim
2094 2095 2355 2164 septimus

770 2182 978 2237 mensis
1017 2182 1305 2250 septimum
1361 2182 1523 2249 diem,
1563 2191 1623 2238 et
1664 2183 1875 2239 decima
1928 2184 2044 2241 dies
2085 2185 2357 2243 decimam

769 2274 981 2340 lteram,
1022 2290 1127 2344 qna
1158 2272 1407 2328 Christus
1434 2273 1486 2328 in
1520 2287 1681 2330 cruce
1706 2274 1886 2329 emisit
1923 2276 2195 2346 spiritum.
2230 2277 2356 2332 Cui-

769 2366 900 2421 libet
924 2365 1087 2420 etiam
1118 2364 1194 2421 rei
1221 2379 1332 2420 sua
1370 2373 1497 2419 sunt
1527 2365 1628 2420 sub
1656 2380 1874 2421 sensum
1908 2368 2161 2423 cadentes
2190 2378 2351 2433 notae,

768 2470 837 2511 ex
871 2455 1069 2524 quibus
1100 2455 1504 2524 inaspectabilis
1536 2455 1751 2511 ailectio
1780 2465 1829 2511 ct
1857 2456 2135 2526 dispositio
2160 2458 2354 2514 animae

768 2547 1133 2617 cognoscitur.
1172 2545 1250 2601 Tu
1299 2560 1424 2600 vero
1463 2561 1580 2611 cur,
1617 2561 1736 2616 qua:
1790 2548 2007 2603 misceri
2060 2559 2354 2619 nequeunt,

771 2639 1021 2703 miscere,
1068 2648 1119 2694 et
1173 2639 1223 2691 in
1271 2639 1410 2692 idem
1456 2652 1577 2707 qua:
1626 2649 1874 2709 separata
1938 2652 2065 2695 sunt
2115 2643 2356 2713 redigere

772 2725 984 2782 tentus?
1014 2724 1223 2780 iiabent
1256 2734 1307 2779 et
1334 2726 1470 2781 alias
1500 2727 1892 2793 solemnitates,
1932 2743 2161 2798 quarum
2194 2732 2353 2786 aliam

771 2826 969 2872 vocant
1000 2815 1413 2887 Scenopegiam,
1451 2832 1544 2873 seu
1576 2816 1771 2874 festum
1808 2818 2304 2875 Tabernaculorum
2338 2837 2353 2886 ;

770 2908 938 2963 altam
974 2904 1246 2961 'l‘ubartim
1280 2909 1711 2965 recordationem
1758 2925 1855 2965 seu
1883 2916 2355 2967 commemoratio-

769 3014 935 3063 nem;
988 3012 1087 3053 nec
1121 2997 1427 3069 intelligunt
1483 3000 1692 3066 miseri,
1743 3016 1805 3056 se
1849 3000 2160 3057 Christiana
2217 3004 2354 3059 festa

2448 550 2547 618 τὴν
2578 547 2905 617 Ἐκκλησίαν
2928 547 3038 602 τῶν
3062 547 3322 603 εὐσεϐῶν.
3358 549 3512 604 Ἐλθὲ
3535 552 3673 623 πρὸς
3694 551 3756 605 τὸ
3776 550 3918 625 αἷμα
3942 556 4038 610 τοῦ

2447 637 2618 709 ἀμνοῦ
2651 638 2745 691 καὶ
2773 638 3110 710 ῥαντίσθητι.
3154 639 3395 695 Ἐκεῖθεν
3426 644 3537 715 γάρ
3569 660 3651 696 σοι
3684 644 3918 716 ὑπάρξει
3943 649 4040 701 καὶ

2448 730 2480 800 ἡ
2526 728 2813 801 κάθαρσις,
2863 728 2986 783 ὅθεν
3034 732 3349 802 συνεστήσω
3399 733 3497 804 τὴν
3545 734 3841 808 ἁμαρτίαν.
3885 738 3950 791 Εἰ
3982 738 4040 791 δὲ

2449 820 2529 873 ἔτι
2550 821 2644 874 καὶ
2667 820 2762 874 νῦν
2786 823 2899 885 τοῖς
2926 821 3110 885 αὐτοῖς
3134 822 3511 894 προσδέδεσαι,
3535 825 3589 879 τί
3623 842 3705 880 σοι
3730 826 3983 898 βούλεται
4005 830 4041 901 ἡ

2449 911 2631 984 ἀποχὴ
2670 910 2779 965 τῶν
2826 911 3049 978 σιτίων;
3081 913 3153 967 Ἢ
3192 914 3320 978 τοὺς
3345 915 3621 988 Νειλῴους
3662 919 4043 989 κροκοδείλους

2454 1006 2624 1075 μιμῇ,
2649 1001 2746 1067 οὓς
2774 1020 2906 1071 φασι
2929 1006 3050 1069 ταῖς
3070 1004 3336 1075 κεφαλαῖς
3366 1007 3685 1080 ἐπιθρηνεῖν
3700 1010 3808 1064 τῶν
3832 1011 4045 1083 ἀνθρώ-

2451 1108 2570 1148 πων
2604 1086 2679 1148 ὧν
2720 1094 2948 1166 ἔφαγον,
2978 1094 3083 1149 καὶ
3118 1096 3379 1169 δακρύειν
3409 1098 3501 1153 τὸν
3547 1098 3729 1168 φόνον,
3776 1100 3839 1153 ού
3873 1100 4045 1171 μετά-

2451 1202 2599 1241 νοιαν
2617 1185 2712 1241 τοῦ
2728 1186 3021 1258 γενομένου
3056 1186 3434 1260 λαμΰάνοντας
3467 1189 3608 1261 (πῶς
3633 1190 3742 1264 γὰρ
3767 1191 3837 1245 τά
3869 1192 4047 1261 άλογα

2453 1275 2618 1349 θηρία
2658 1279 2751 1333 καὶ
2778 1278 2977 1351 ἔνυδρα
2997 1298 3012 1344 ;
3032 1280 3076 1350 ),
3125 1279 3263 1335 ἀλλὰ
3309 1281 3373 1334 τὸ
3401 1281 3645 1353 άσαρκον
3667 1282 3769 1353 τῆς
3801 1283 4048 1351 κεφαλῆς

2451 1366 2832 1439 ὀδυρομένους,
2861 1369 2938 1434 ὼς
2972 1371 3055 1433 εἰς
3084 1369 3288 1443 βρῶσιν
3330 1371 3433 1424 οὐκ
3472 1372 3797 1443 ὲπιτήδειοὴ
3833 1365 3962 1425 Οἷον
3986 1371 4047 1425 δὲ

2454 1457 2547 1511 καὶ
2575 1459 2639 1513 τὸ
2667 1460 2797 1532 περὶ
2820 1460 2921 1532 τὴν
2944 1461 3200 1533 νηστείαν
3228 1461 3437 1533 σχῆμα.
3479 1462 3705 1532 Χορεῐαι
3741 1463 3835 1516 καὶ
3877 1462 4052 1533 ὀρχή-

2455 1569 2591 1619 σεις,
2616 1553 2718 1624 τῆς
2750 1554 2995 1619 άσιτείας
3041 1554 3113 1608 τὰ
3160 1554 3304 1623 μέσα
3346 1555 3441 1609 καί.
3487 1555 3781 1621 ἐπεισόδια,
3809 1555 4050 1626 πρᾶγμα

2454 1645 2532 1716 τῷ
2562 1647 2807 1718 σχήματι
2832 1645 2913 1717 τῷ
2940 1648 3255 1718 φαινομένῳ
3292 1647 3632 1717 μαχόμενον
3669 1647 3894 1719 νηστεία
3937 1647 4051 1717 γάρ

2457 1736 2791 1800 πυκνώσεως
2831 1735 2926 1791 καὶ
2958 1736 3195 1807 κοσμίας
3228 1738 3569 1810 καταστολῆς
3611 1740 3811 1794 νοεῖται
3850 1737 4054 1799 παιδαέ

2388 1806 2430 1862 Β
2452 1826 2666 1899 γωγδς,
2705 1828 2897 1900 χορεία
2940 1821 2999 1883 δὲ
3044 1828 3338 1902 ἑρμηνεύει
3380 1830 3443 1883 τὸ
3485 1806 3878 1902 διακεχυμένον
3926 1833 4053 1895 ταῖς

2452 1920 2715 1992 ἀκράτοις
2745 1922 2841 1975 καὶ
2860 1920 3088 1985 πολλαῖς
3111 1921 3450 1986 εὐπαθείαις.

2522 2011 2919 2082 Μνημόνευσον
2952 2012 3063 2083 γὰρ
3106 2010 3347 2067 ἐνταῦθα
3389 2011 3558 2084 ρητοῦ
3597 2010 3693 2066 τοῦ
3745 2008 4052 2067 Μωσαῖκοῦ

2453 2101 2547 2156 τοῦ
2589 2101 2864 2172 λέγοντος,
2904 2105 2975 2175 τῇ
3013 2102 3218 2176 δεκάτῃ
3248 2102 3345 2157 τοῦ
3382 2103 3610 2175 ίϐδόμου
3640 2106 3811 2177 μηνὸς
3849 2104 4054 2177 χρῆναι

2454 2194 2759 2265 νηστεύειν.
2804 2193 2968 2266 Δηλοῐ
3014 2194 3125 2267 γάρ
3157 2198 3187 2249 ὁ
3226 2195 3455 2267 ἓόδομος
3510 2196 3617 2267 μὴν
3658 2195 3759 2267 τὴν
3814 2195 4056 2267 ἐσδόμην

2456 2285 2700 2355 ἡμέρανο
2731 2287 2765 2354 ἡ
2794 2285 2852 2339 δὲ
2882 2286 3087 2356 δεκάτη
3122 2287 3337 2358 ἡμέρα,
3371 2287 3469 2358 τὴν
3496 2286 3733 2358 δεκάτην
3768 2286 3940 2359 ὤραν,
3993 2290 4055 2341 ὲν

2455 2367 2489 2448 ᾖ
2520 2376 2548 2427 ὁ
2580 2374 2784 2446 Κύριος
2817 2377 2911 2428 ἐπὶ
2944 2376 3038 2429 τοῦ
3083 2378 3318 2449 σταυροῦ
3355 2379 3535 2449 ἀφῆκε
3564 2381 3640 2443 τὸ,
3666 2378 3903 2451 πνεῦμα.
3937 2380 4058 2434 Καὶ

2457 2469 2671 2536 ἑκάστῳ
2692 2467 2981 2537 πράγματι
3014 2467 3273 2540 ὲξαίρετά
3316 2471 3431 2522 ἐστι
3467 2472 3562 2523 καὶ
3592 2471 3661 2525 τά
3694 2472 3954 2541 σχήματα
3989 2474 4059 2526 ἐκ

2457 2560 2554 2626 τῆς
2595 2556 2921 2628 αίσθητικῆς
2971 2559 3294 2625 ἐπιφανείας
3349 2559 3449 2627 τὴν
3492 2560 3671 2631 ἄωρον
3718 2561 3816 2631 τῆς
3864 2561 4058 2633 ψυχῆς

2456 2648 2717 2717 δηλοῦντα
2740 2648 3001 2702 διάθεσιν.
3029 2650 3099 2703 Σὺ
3138 2650 3197 2703 δὲ
3230 2650 3281 2703 τί
3313 2651 3573 2721 μιγνύεις
3600 2652 3667 2705 τὰ
3697 2653 3922 2722 ἄμικτα,
3956 2654 4061 2707 καὶ

2459 2737 2650 2809 φύρεις
2691 2738 2749 2789 ὲν
2788 2738 2973 2807 ταυτῷ
3006 2738 3075 2791 τὰ
3109 2740 3533 2811 κεχωρισμένα;
3572 2741 3723 2794 Εἰσὶν
3745 2744 3927 2804 αὺτοῖς
3960 2743 4062 2795 καὶ

2458 2829 2613 2883 ἄλλαι
2660 2829 3019 2901 πανηγύρεις.
3055 2831 3165 2902 Τὴν
3217 2833 3314 2902 μὲν
3351 2834 3738 2904 Σκηνοπηγίαν
3778 2833 4015 2889 καλοῦσι
4038 2847 4053 2865 ⁶

2457 2920 2556 2990 τὴν
2604 2920 2660 2972 δὲ
2701 2919 2887 2974 ἀκούω
2935 2920 3261 2991 Σαλπιγγων
3306 2924 3634 2996 ὑπόμνησιν.
3672 2924 3945 2997 Λελήθασι
4000 2926 4061 2978 δὲ

2460 3010 2805 3082 Χριστιανῶν
2840 3012 3118 3082 μυστήρια
3163 3013 3534 3085 ἑορτάζοντες,
3582 3015 3767 3087 ἐπειδὴ
3813 3016 3913 3089 τῆς
3955 3016 4064 3088 μὲν

768 3088 944 3154 obire,
982 3087 1108 3157 quia
1134 3090 1433 3143 exstructio
1469 3091 1943 3146 tabernaculorum
1988 3105 2072 3149 est
2098 3108 2352 3162 expressa

2462 3103 2669 3173 σκηνῆς
2692 3104 2724 3173 ἡ
2749 3101 3081 3173 δημιουργία
3107 3102 3426 3176 ἔμπρακτός
3457 3108 3573 3159 ἐστι
3611 3087 3917 3178 προφητεία
3953 3112 4063 3185 τῆς

774 3177 944 3247 ﬁgura
980 3178 1258 3243 Ecclesiae,
1286 3194 1445 3249 quam
1477 3178 1618 3235 Deus
1651 3182 1885 3236 Verbum
1917 3185 2188 3237 excitavit.
2226 3184 2355 3239 Eant

770 3270 841 3325 ob
872 3285 1094 3325 causam
1125 3269 1269 3326 foliis
1309 3280 1507 3327 ornant
1557 3273 1987 3339 tabernaculum,
2037 3286 2092 3329 et
2150 3292 2359 3344 proscc-

772 3363 922 3415 nimn
957 3361 1072 3417 sive
1099 3361 1424 3417 vestibulum
1456 3363 1736 3420 frondibus
1769 3374 1821 3419 et
1852 3365 2119 3421 fructibus
2156 3369 2355 3423 conde-

772 3459 982 3513 corant,
1016 3458 1073 3505 ut
1109 3451 1467 3522 signiﬁcetur,
1519 3469 1714 3509 novam
1760 3456 1901 3511 banc
1932 3466 1987 3510 et
2019 3458 2356 3512 fructiferam

771 3539 1069 3599 Ecclesiam
1118 3544 1219 3614 legi
1268 3546 1614 3612 successisse,
1672 3557 1726 3601 et
1779 3550 1932 3617 quasi
1981 3552 2353 3616 succrevisse;

772 3633 1050 3689 Tnbarunt
1083 3649 1210 3689 vero
1243 3634 1437 3691 festum
1478 3636 1722 3692 incendit
1751 3641 1980 3704 animos,
2030 3651 2088 3695 ut
2135 3642 2360 3711 quilibet

696 3728 727 3729 W
758 3724 933 3779 ltomo
959 3725 1190 3779 sollicite
1213 3740 1272 3779 se
1294 3727 1361 3781 ad
1389 3731 1844 3785 resurrectionem
1875 3744 2175 3801 przeparct;
2207 3751 2356 3798 nam,

772 3817 938 3870 Paulo
980 3827 1114 3872 teste
1142 3820 1207 3873 ’τι
1232 3819 1378 3873 Tuba
1402 3832 1572 3886 canet,
1609 3832 1655 3877 et
1678 3825 1876 3878 mortui
1898 3838 2184 3896 resurgant.
2214 3828 2355 3883 idem

772 3906 930 3962 docet
975 3908 1223 3966 Salvator
1276 3912 1328 3965 in
1392 3911 1680 3984 Evangelia
1718 3931 1732 3967 :
1777 3912 1949 3970 Μίιιει
1991 3918 2203 3987 angelos
2235 3936 2357 3973 suos

772 4016 887 4053 cum
916 4002 1039 4054 tuba
1072 4012 1120 4056 et
1146 4018 1266 4056 t-oce
1287 4020 1504 4074 magna,
1534 4016 1581 4063 et
1611 4009 1995 4078 cangrsgabum
2028 4012 2216 4066 electos
2242 4013 2357 4081 ejus

772 4108 803 4143 a
830 4103 1054 4158 quatuor
1096 4095 1256 4148 ventis
1278 4112 1311 4149 a
1335 4100 1553 4153 summis
1594 4099 1838 4153 calorum
1879 4118 2037 4171 usque
2078 4104 2147 4156 ad
2178 4106 2358 4158 termi-

774 4199 867 4237 nos
908 4200 1084 4237 eorum
1124 4186 1189 4238 ⁸⁸.

846 4355 969 4410 llzec
999 4369 1047 4409 et
1094 4359 1289 4414 similia
1318 4376 1442 4415 cum
1474 4361 1715 4419 Hebraeis
1754 4382 1781 4420 a
1820 4368 1974 4425 nobis
2006 4369 2346 4442 objiciuntur,

2474 3191 2796 3261 Ἐκκλησίας
2842 3192 3045 3263 ταύτης
3069 3237 3082 3260 ,
3119 3196 3185 3264 ἣν
3212 3197 3239 3248 ὁ
3264 3196 3437 3265 Λόγος
3472 3197 3629 3268 ἡμῶν
3660 3202 4061 3271 συνεστήσατο.

2457 3283 2557 3335 Διὰ
2582 3282 2763 3347 τοῦτο,
2820 3284 2913 3337 καὶ
2944 3285 3163 3354 φύλλοις
3207 3284 3471 3357 κοσμοῦσι
3523 3290 3622 3361 τὴν
3680 3292 3907 3364 σκηνὴν,
3962 3296 4065 3348 καὶ

2457 3372 2703 3443 ὀπώραις
2734 3374 3142 3441 καλλωπίζουσι
3164 3378 3235 3432 τὰ
3259 3382 3588 3453 προσκήνια,
3641 3386 3722 3448 είς
3754 3384 3926 3439 τύπον
3961 3388 4062 3441 τοῦ

2456 3466 2556 3537 τὴν
2602 3466 2728 3519 νέαν
2776 3468 3105 3541 Ἐκκλησίαν
3149 3470 3248 3543 τὴν
3296 3471 3577 3545 εὔκαρπον
3621 3476 4065 3534 ὑποϐλαστάνειν

2457 3557 2534 3628 τῷ
2559 3559 2727 3629 νόμῳ.
2787 3559 2833 3611 Η
2865 3559 2922 3612 δὲ
2948 3561 3057 3613 τῶν
3096 3561 3418 3632 Σαλπίγγων
3449 3566 3632 3638 ἑορτὴ,
3671 3567 3930 3642 διεγείρει
3956 3572 4066 3635 τὰς

2457 3648 2636 3719 ψυχὰς
2666 3649 2803 3722 πρὸς
2829 3652 3147 3723 ὲτοιμασίαν
3171 3655 3269 3725 τῆς
3294 3656 3665 3724 ἀναστάσεως,
3696 3658 3880 3724 καθὼς
3907 3663 4056 3716 Παῦ-

2458 3740 2548 3804 λός
2584 3759 2756 3812 φησι·
2789 3745 3089 3798 Salaria-st
3136 3745 3265 3817 γὰρ,
3322 3747 3421 3801 καί
3453 3751 3508 3803 οἱ
3540 3749 3741 3819 νεκροὶ
3780 3752 4065 3821 ἀναστήο

2459 3848 2692 3887 certat.
2746 3833 2998 3887 Διδάσκει
3045 3835 3103 3888 δὲ
3134 3837 3298 3901 αὐτὸς
3344 3838 3374 3887 ὁ
3424 3839 3555 3905 Θεὸς
3612 3842 3707 3894 καὶ
3751 3843 3948 3915 Σωτὴρ
4000 3847 4064 3898 ἐν

2461 3922 2816 3992 Εὑαγγελίοις
2866 3925 3076 3995 λέγων’
3137 3929 3488 3984 Ἀποστελεῐ
3540 3932 3685 3997 τοὺς
3752 3934 4063 4002 ἀγγέλους

2458 4014 2647 4071 αὑτοῦ
2671 4020 2823 4085 μετὰ
2857 4016 3199 4089 σάλπιγγος
3243 4022 3341 4074 καί
3376 4021 3584 4091 φωνῆς
3616 4022 3912 4093 μεγάλης,
3955 4028 4063 4080 καί

2455 4108 2810 4173 ἐπισυνάξει
2834 4109 2978 4175 τοὺς
3008 4111 3336 4178 ἐκλεκτοὺς
3366 4114 3555 4168 αὐτοῦ
3578 4115 3646 4167 ἐκ
3683 4114 4063 4188 τῶντεσσά-

2450 4220 2578 4270 ρων
2604 4201 2841 4271 ἀνέμων
2868 4202 2968 4257 ἀπ’
2997 4202 3197 4271 ἄκρων
3226 4204 3520 4273 οὐρανῶν,
3570 4205 3681 4273 ἕως
3708 4207 3911 4276 ἄκρων
3940 4212 4060 4263 αὑ-

2457 4310 2594 4346 των.

2530 4384 2745 4438 Τούτων
2762 4385 2817 4438 δὲ
2836 4385 2941 4438 τῶν
2975 4385 3148 4454 λόγων
3168 4386 3479 4453 ἀκούοντες,
3500 4389 3639 4459 τάχα
3664 4397 3887 4461 τοιαύτῃ
3917 4395 4063 4464 χρὴ·

772 4444 874 4499 hac
919 4444 1230 4501 defensione
1260 4450 1520 4505 adversus
1553 4468 1650 4508 nos
1683 4464 1937 4526 utuntur;
1968 4475 2028 4515 se
2074 4463 2188 4517 inec
2215 4462 2350 4518 festa

779 4534 1044 4554 _A._.____
1108 4537 1148 4554 ,ί
1226 4553 1230 4554 ν
1406 4542 1416 4552 .
1595 4545 1607 4554 .
1748 4545 1761 4554 .

3047 4444 3057 4454 ,
3437 4444 3477 4453 -ι
3570 4444 3600 4459 ι.
3860 4444 3887 4461 ιι
3917 4444 4031 4464 ι-ιηο

2459 4492 2639 4529 σονται
2696 4476 2833 4547 πρὸς
2889 4478 3034 4545 ἡμᾶς
3096 4478 3452 4548 άντιρρήσει·
3502 4480 3583 4532 ὅτι
3639 4481 3748 4534 τῶν
3803 4485 4061 4554 ἀρχαίων

773 4534 1072 4600 celebrare,
1108 4537 1159 4590 in
1190 4542 1509 4598 memoriam
1536 4545 1949 4616 miraculorum,
1981 4562 2035 4606 et
2067 4554 2118 4607 in
2150 4554 2355 4623 gratia-

772 4639 892 4678 rum
941 4627 1207 4681 actionem
1266 4645 1363 4699 pro
1399 4633 1678 4689 beneliciis
1728 4642 1965 4710 acceptis
2006 4643 2071 4697 ad
2117 4658 2354 4701 montem

773 4712 943 4781 Sinai,
976 4726 1031 4770 et
1069 4721 1304 4786 quando.
1355 4721 1479 4776 dum
1519 4723 1601 4778 lex
1631 4724 1882 4797 ferretur,
1924 4734 2049 4787 tuba
2097 4736 2353 4791 insonuit.

768 4800 880 4857 Nec
940 4806 1377 4865 animadvertunt
1433 4813 1623 4879 Stulti,
1688 4817 1848 4871 etiam
1916 4822 1971 4876 in
2022 4820 2360 4892 legislatione

772 4896 954 4950 tubam
1012 4898 1078 4951 ad
1135 4900 1339 4971 aliquid
1396 4904 1538 4960 aliud
1585 4907 1999 4977 signiﬁcandum
2058 4916 2353 4973 adhibitam

769 5001 909 5042 esse.
940 4986 1074 5043 Nam
1111 5006 1231 5045 cum
1263 4994 1352 5062 qui
1384 4994 1553 5065 legem
1599 5013 1695 5068 pro
1746 5002 1922 5066 regula
1956 5006 2079 5061 vita;
2115 5019 2261 5064 recte
2291 5026 2357 5066 ac

771 5077 966 5133 decore
993 5083 1377 5150 componenda:
1405 5088 1623 5158 accipit,
1675 5091 1862 5147 timere
1904 5095 2095 5151 debeat
2137 5113 2355 5168 poenam

771 5181 835 5222 ex
894 5172 1323 5237 transgressione
1358 5192 1372 5227 :
1412 5175 1530 5229 ideo
1594 5177 1737 5235 Deus
1801 5196 2067 5254 praecepta
2116 5189 2240 5243 vita:
2300 5192 2352 5245 in

772 5258 965 5314 tabulis
1011 5260 1233 5331 lapideis
1285 5276 1506 5322 exarata
1551 5270 1861 5329 hominibus
1904 5279 2104 5339 sedens,
2158 5284 2342 5335 statim

768 5362 952 5403 vocem
982 5354 1121 5406 tubae
1146 5358 1393 5424 apposuit
1435 5359 1503 5425 ",
1546 5371 1601 5416 ut
1629 5373 1775 5420 esset
1808 5367 2119 5437 symbolum
2163 5388 2346 5428 resur-

767 5439 1023 5495 rectionis
1062 5457 1127 5496 ex
1158 5447 1405 5517 mortuis,
1440 5457 1503 5504 ut
1547 5455 1923 5511 mandatorum
1970 5459 2214 5530 discipuli
2249 5480 2347 5534 per

768 5535 1217 5589 resurrectionem
1244 5538 1596 5609 subsequenti
1616 5542 1820 5611 judicio
1846 5547 1897 5602 in
1927 5562 2158 5607 mentem
2192 5570 2346 5615 revo-

2458 4568 2797 4640 μεμνημένοι
2823 4568 3139 4639 θαυμάτων,
3168 4568 3275 4621 τῶν
3300 4569 3396 4622 τοῦ
3429 4571 3563 4625 Θεοῦ
3592 4573 3925 4644 εὐεργεσιῶν
3956 4596 4063 4647 χα-

2458 4661 2713 4730 ριστήρια
2733 4659 2906 4712 ταῦτα
2931 4662 3300 4732 προσάγουσιν
3315 4662 3457 4735 ὑπὲρ
3477 4665 3571 4717 τοῦ
3592 4665 3750 4736 ὅρους
3777 4668 3930 4732 Σινά,
3960 4674 4061 4725 καὶ

2453 4748 2552 4818 τῆς
2592 4747 2893 4816 σάλπιγγος
2925 4750 3025 4819 τῆς
3046 4751 3332 4822 ὴχησάσης
3355 4752 3414 4805 ὲν
3459 4756 3525 4824 τῇ
3558 4754 3701 4807 δόσει
3736 4754 3827 4808 τοῦ
3851 4759 4058 4828 νόμου.

2456 4839 2570 4890 Ούκ
2593 4838 2739 4890 ἴσασι
2768 4839 2823 4891 δὲ
2862 4841 2909 4891 οί
2938 4842 3354 4913 ματαιὸφρονες,
3382 4843 3465 4896 ὃτι
3494 4845 3586 4897 καὶ
3613 4845 3782 4917 τότεὴ
3811 4847 4062 4920 σάλπιγξ

2455 4928 2703 4992 τυπικῶς
2744 4929 3069 5002 παρελήφθη
3124 4931 3403 5003 διδομένου
3452 4934 3544 4987 τοῦ
3592 4936 3778 5007 νόμου.
3824 4937 4059 5014 Ἐπειδὴ

2454 5018 2563 5089 γὰρ
2586 5020 2613 5071 ὁ
2642 5019 2802 5090 νόμον
2831 5020 3127 5090 λαμϐάνων
3165 5024 3245 5087 είς
3274 5025 3475 5079 κανόνα
3507 5024 3623 5095 βίου
3658 5028 3754 5079 καὶ
3783 5026 4063 5084 εὔτακτον

2455 5109 2751 5175 πολιτείαν,
2784 5112 2991 5180 ὀφείλει
3034 5115 3332 5169 δεδοικέναι
3382 5117 3480 5187 τὴν
3520 5122 3584 5171 ὲκ
3623 5108 3721 5190 τῆς
3754 5123 4061 5192 παρακοῆς

2453 5202 2728 5271 τιμωρίαν
2748 5220 2759 5231 ’
2794 5201 2881 5254 διὰ
2912 5204 3072 5257 τοῦτο
3098 5207 3126 5257 ὁ
3161 5205 3293 5266 Θεὸς
3320 5208 3387 5260 τὰ
3411 5209 3510 5279 τῆς
3539 5207 3684 5279 ζωῆς
3713 5210 3873 5279 ἡμῶν
3906 5231 4061 5285 παρα

2455 5292 2777 5362 αγγέλματα
2836 5293 3091 5365 ἔγγραφα
3154 5302 3266 5361 τοῖς
3323 5299 3631 5371 ἀνθρώποις
3696 5303 4012 5367 ἐκπέμπων
4042 5346 4056 5367 ,

2456 5382 2617 5445 εὐθὺς
2672 5386 2980 5455 προσέθηκε
3033 5387 3125 5438 καὶ
3183 5389 3285 5458 τὴν
3344 5392 3528 5465 φωνὴν
3570 5394 3669 5462 τῆς
3718 5392 4056 5462 σάλπιγγος,

2459 5474 2723 5544 σύμϐολον
2753 5477 2852 5546 τῆς
2880 5479 2942 5529 ὲκ
2973 5478 3183 5548 νεκρῶν
3206 5480 3579 5547 ἀναστάσεως,
3612 5484 3697 5536 ἵνα
3727 5484 3776 5536 οἱ
3803 5483 4059 5556 μαθηταὶ

2456 5563 2563 5615 τῶν
2593 5566 3057 5636 προσταγμάτων,
3087 5568 3175 5622 διὰ
3215 5570 3313 5639 τῆς
3347 5572 3699 5637 ἀναστάσεως
3728 5574 3829 5644 τὴν
3860 5577 4057 5635 κρίσιν

874 5732 919 5763 ’⁸
952 5733 1121 5792 chit.
1156 5754 1263 5809 xw,
1297 5740 1386 5795 29.
1465 5746 1508 5775 ’⁷
1544 5742 1720 5803 lCor.
1754 5766 1840 5817 xv,
1872 5754 1959 5809 5:2.
2034 5756 2077 5785 "
2110 5756 2297 5812 Manli.
2344 5776 2354 5809 ν

2453 5765 2607 5827 .·,51.
2695 5766 2737 5795 ’9
2780 5763 2949 5822 Exod.
2990 5784 3098 5834 λιν,
3138 5769 3217 5823 19.
