4216 6324
121 395 211 451 ιιι
1173 395 1453 455 IIOMILIA
1476 402 1639 463 XVII.
1674 403 1743 461 IN
1775 402 2066 461 EUMDEM
2100 401 2295 457 PSAL.
2333 399 2399 457 γ.

3280 402 3386 461 648

126 506 398 580 διτοίησας.
446 508 513 565 '0
541 511 845 577 ,ϐασιλεύς
870 528 1012 582 μου·
1041 511 1121 565 ὅτι
1160 512 1235 576 ὡς
1275 513 1527 584 βασιλεὺς
1574 534 1744 587 πορη

1808 517 1949 586 quod
2006 527 2260 587 tanquam
2310 530 2399 570 rex
2438 527 2523 569 me
2576 528 2833 583 purpura,
2900 515 3070 581 gratia
3112 515 3385 584 videlicet,

128 598 290 672 φύραν
318 617 411 671 με,
440 602 544 672 τὴν
569 604 726 673 χάριν
756 602 1033 667 ὲνέδυσας.
1073 603 1137 656 '0
1171 605 1315 670 Θεός
1332 622 1473 674 μου·
1504 607 1584 660 ὅτι
1619 624 1709 677 μοι

1818 607 2055 661 induisti.
2088 608 2226 663 Deus
2254 622 2396 660 meus
2427 623 2446 662 :
2475 606 2725 673 quoniam
2768 606 2895 660 mihi
2935 607 3101 663 caelos
3129 616 3385 677 tanquam

126 694 239 755 τοὺς
284 695 553 765 οὐρανοὺς
601 695 677 759 ὡς
726 695 856 758 Θεὸς
916 694 1154 766 ἦνοιξας,
1199 697 1433 751 καὶτῶν
1472 700 1707 769 ἐπουρα-

125 784 240 839 νίων
268 801 363 839 σου
391 785 615 853 ἀγαθῶν
642 786 863 857 μέτοχον
894 788 1177 859 ἐποίησας.
1207 788 1316 841 Καί
1336 805 1417 842 σοι
1452 790 1704 860 πρέπειή

125 873 239 938 δόξα
266 876 360 927 καὶ
393 876 452 929 τὸ
484 877 701 946 κράτος,
736 876 852 947 ἃμα
876 876 953 946 τῷ
990 878 1130 949 ἁγίῳ
1162 880 1255 931 καὶ
1282 879 1529 950 ζωοποιῷ
1580 897 1707 933 σαυ-

128 966 206 1021 τοῦ
230 967 533 1038 Πνεύματι,
562 969 661 1023 νῦν
696 972 787 1023 καὶ
816 973 895 1034 είς
917 972 1043 1035 τοὺς
1072 950 1459 1041 ἀτελευτήτους
1503 972 1705 1037 αἰῶνας

128 1056 221 1111 τῶν
252 1058 489 1113 αἰώνων.
530 1060 588 1110 ’A
597 1061 721 1125 μὴν.

861 1154 961 1206 lZ'.

199 1242 299 1305 Εἰς
326 1240 437 1295 τὸν
457 1241 646 1296 αὐτὸν
682 1247 723 1295 ε’
760 1243 1026 1312 ψαλμὸν,
1058 1245 1280 1308 ἄλλως.
1319 1245 1510 1313 Λόγος
1542 1242 1605 1315 γ’.

188 1332 401 1403 Ὠσπερ
428 1335 479 1387 οἱ
528 1333 656 1406 παρ’
682 1336 812 1406 ἡμῖν
863 1336 1232 1408 λαμπρότεροι
1278 1337 1524 1407 νυμφίοι,
1563 1337 1701 1409 μετὰ

129 1423 207 1475 τὸν
223 1422 467 1495 θάλαμον
489 1426 585 1479 καὶ
604 1425 703 1497 τὴν
726 1428 910 1498 κοίτην
940 1429 1291 1490 ἀναστάντες,
1310 1430 1430 1492 ταῖς
1458 1429 1699 1498 νύοιφαις

137 1514 558 1570 ὃποδεικνύουσιν
597 1517 688 1571 τὸν
730 1517 957 1571 πλοῦτον
984 1520 1077 1571 καὶ
1100 1520 1198 1591 τὴν
1223 1518 1583 1590 κληρονομίαν
1601 1521 1698 1587 τὴν

136 1605 403 1675 πατρῴαν·
436 1606 612 1671 οὕτως
639 1610 668 1661 6
691 1608 924 1679 Χριστος
950 1609 978 1661 6
1012 1610 1302 1680 μονογενὴς
1326 1609 1575 1679 νυμφίος,
1606 1610 1697 1663 καὶ

134 1695 213 1749 τοῦ
245 1698 458 1769 Πατρδς
486 1698 837 1771 κληρονόμος,
898 1700 1035 1770 μετὰ
1084 1702 1176 1754 τὸν
1226 1700 1451 1755 θάνατον
1492 1702 1583 1754 καὶ
1608 1701 1697 1754 τὸν

132 1789 285 1858 τάφον
312 1786 553 1856 ἀναστὰς
580 1795 643 1846 ὲκ
675 1792 905 1864 νεκρῶν,
946 1796 1011 1865 τῇ
1052 1792 1218 1847 αὐτοῦ
1255 1793 1439 1864 νύμφῃ
1476 1796 1541 1865 τῇ
1578 1794 1698 1846 Ἐκ-

1816 697 1957 753 Dens
1991 698 2270 767 aperuisti,
2310 710 2500 766 meque
2527 694 2700 750 fecisti
2733 698 2991 752 bonorum
3029 708 3241 752 tuorum
3273 713 3385 755 etn-

1815 789 2026 843 lestimn
2070 789 2408 857 participem.
2448 788 2621 855 Atque
2648 797 2699 839 te
2739 790 2888 842 decet
2920 789 3086 857 gloria
3113 798 3166 843 et
3212 790 3382 859 impe-

1816 880 1975 945 rium,
2012 898 2112 932 una
2142 895 2262 935 cum
2308 888 2495 933 sancto
2527 888 2581 933 et
2622 879 2831 931 vivilieo
2869 891 2957 933 tuo
2983 880 3208 949 Spiritu,
3245 896 3385 935 nunc

1811 980 1864 1022 et
1896 970 1948 1021 in
1978 970 2184 1023 inlinita
2217 969 2411 1023 saecula
2437 968 2778 1023 Str-culorum.
2807 971 2995 1024 Amen.

2516 1143 2673 1199 XVII.

1808 1230 1876 1286 1η
1906 1234 2138 1286 eumdem
2169 1235 2409 1303 quintum
2443 1236 2724 1303 psalmum,
2765 1237 2939 1292 aliter.
2978 1240 3161 1292 Uratio
3204 1240 3382 1296 tertia.

1880 1324 2342 1391 Quemadmodum
2369 1328 2509 1382 inter
2535 1344 2631 1384 nos
2650 1333 2829 1398 sponsi
2854 1331 3196 1395 illustriores,
3215 1344 3245 1385 e
3268 1332 3387 1386 tha-

1806 1416 1949 1472 lamo
1986 1426 2039 1470 et
2062 1418 2228 1473 cubili
2259 1434 2379 1473 cum
2407 1423 2764 1487 surrexerint,
2808 1424 3019 1491 sponsis
3060 1424 3171 1479 suis
3204 1431 3388 1479 osten-

1806 1510 1939 1562 dunt
1969 1510 2187 1566 divitias
2220 1519 2273 1565 et
2303 1520 2582 1580 paternam
2630 1513 2994 1569 haereditatem
3031 1516 3149 1571 :sic
3198 1517 3388 1586 unige-

1804 1600 1951 1656 nitus
1988 1616 2225 1670 sponsus
2266 1602 2544 1668 Christus,
2596 1612 2760 1673 atque
2804 1604 2980 1661 Patris
3032 1607 3223 1670 nonres,
3270 1616 3389 1677 post

1805 1703 2033 1747 mortem
2062 1704 2113 1749 et
2142 1695 2471 1764 sepulturam
2514 1713 2811 1766 exsurgens
2838 1715 2867 1753 a
2896 1701 3144 1767 mortuis,
3175 1716 3387 1770 sponsa:

1805 1800 1917 1838 sua:
1947 1785 2200 1839 Ecclesia:
2222 1788 2457 1841 ostendit
2504 1788 2719 1843 divitias
2757 1796 2810 1843 et
2856 1790 3247 1856 haereditatem,
3285 1792 3389 1847 hoc

133 1880 316 1952 κλησίᾳ
375 1881 579 1948 ἔδειξεν
630 1884 721 1938 τὸν
769 1883 997 1938 πλοῦτον
1040 1885 1135 1938 καὶ
1182 1884 1281 1954 τὴν
1317 1885 1702 1956 κληρονομίαν,
1740 1884 1744 1933 l

1807 1884 1906 1939 est,
1975 1875 2321 1946 Evangelium
2363 1892 2425 1931 ac
2488 1892 2732 1949 regnum.
2781 1879 2913 1946 Quia
2969 1896 3097 1951 ergo
3131 1885 3184 1935 in
3229 1881 3387 1949 ﬁnem

134 1974 395 2027 τουτέστιν
418 1974 479 2027 τὺ
502 1975 833 2044 Εὐαγγὲλιω
856 1975 951 2028 καί
977 1976 1075 2045 τὴν
1103 1974 1395 2045 βασιλείαν.
1434 1976 1588 2029 Ἐπεὶ
1612 1971 1703 2030 οὖν

135 2064 210 2129 είς
249 2064 311 2117 τὸ
345 2064 543 2132 τέλος,
580 2067 1005 2137 τελευτήσαντος
1029 2066 1124 2119 τοῦ
1152 2066 1404 2135 νυμφίου,
1442 2066 1703 2137 κληρονο-

140 2156 221 2225 μεῖ
266 2156 299 2223 ἡ
349 2153 559 2225 νύμφη·
599 2156 687 2209 διὰ
730 2156 907 2219 τοῦτο,
955 2159 1057 2221 Εἰς
1085 2156 1151 2209 τὸ
1193 2155 1385 2222 τέλος,
1415 2156 1566 2224 ὑπὲρ
1594 2155 1703 2223 τῆς

140 2247 641 2315 κλιιρονομούσης,
669 2250 697 2301 6
726 2248 891 2302 Δαὸὶδ
922 2248 1230 2318 ἐπέγραψεν
1250 2250 1347 2319 τὴν
1366 2247 1701 2319 ψαλμῳδίαν.

141 2336 250 2388 ὐτε
276 2337 385 2408 γὰρ
423 2337 485 2390 τὸ
510 2338 660 2403 τέλος
688 2340 783 2393 καὶ
830 2341 859 2392 6
894 2341 949 2393 ὲν
984 2342 1147 2411 σαρκὶ
1178 2340 1406 2404 Θάνατος
1437 2339 1530 2394 τοῦ
1569 2341 1704 2410 Χρι-

142 2426 252 2478 στοῦ
293 2427 575 2500 ἐτελέσθη,
610 2430 732 2484 τότε
766 2433 844 2494 εὶς
875 2432 973 2496 τὰς
1003 2432 1173 2504 νομὰς
1201 2434 1297 2503 τῆς
1337 2433 1703 2503 κληρονομίας

139 2516 165 2585 ὴ
191 2516 366 2588 νύμφη
392 2518 595 2591 ἐκλήθη
621 2520 779 2592 αὕτη.
810 2522 907 2576 Διὰ
928 2522 1000 2587 τί,
1025 2524 1210 2592 φησιν,
1240 2523 1559 2595 ἐσταυρώθη
1589 2522 1700 2592 (98)

143 2603 169 2672 l,
198 2606 461 2678 παρεδόοη
508 2609 537 2661 6
563 2609 835 2680 Χριστόςς
881 2610 1196 2679 Ἀλιαρτίαν
1247 2613 1359 2664 οὐκ
1390 2611 1699 2678 ἐποίησεν,

142 2696 268 2751 οὐδὲ
292 2698 472 2765 δόλος
498 2700 720 2768 ηὑρέθη
741 2701 810 2754 ἐν
829 2698 910 2765 τῷ
928 2703 1177 2769 στόματι
1194 2702 1400 2756 αὐτοῦ.
1429 2731 1500 2742 --
1525 2702 1703 2770 ’Υπὲρ

144 2785 241 2856 τῆς
285 2792 799 2860 κληρονομούσης.
839 2823 910 2833 -
954 2792 1159 2859 Καθὼς
1208 2793 1305 2847 καί
1372 2796 1405 2847 ὀ
1448 2792 1702 2862 Χριστὸς

143 2877 441 2949 ἠγάπησεν
472 2881 586 2950 τὴν
626 2883 1015 2948 Ἐκκλησίαν,
1061 2882 1160 2937 καί
1193 2883 1532 2950 παρέδωκεν
1565 2884 1702 2937 ἐαυ-

144 2970 238 3023 τὸν
264 2971 417 3040 ὑπὲρ
445 2972 655 3041 αὐτῆς.
705 2973 842 3026 Ἀλλ’
872 2974 1057 3045 ἐπειδὴ
1086 2977 1117 3043 ἡ
1148 2973 1429 3046 άντίζηλος
1462 2975 1630 3045 αὐτῆς
1666 2977 1697 3046 ἡ

144 3061 422 3133 Συναγωγὴ
456 3063 644 3134 ῆριζεν
670 3063 758 3117 διὰ
791 3063 888 3135 τὴν
912 3065 1295 3135 κληρονομίαν,
1333 3065 1532 3135 βιϐλίον
1569 3067 1703 3119 ἀπο-

146 3154 343 3207 στασίου
382 3155 642 3217 λαόοὗσα,
687 3155 763 3219 ὡς
805 3156 1135 3226 κληρονόμος
1176 3157 1450 3221 ἐδικάζετο
1488 3157 1601 3226 (99)
1632 3160 1698 3229 τῇ

1807 1976 2021 2019 mortuo
2050 1981 2269 2033 sponso,
2312 1966 2676 2021 ltmreditatem
2718 1971 2864 2038 capit
2907 1986 3133 2040 sponsa:
3160 1974 3385 2038 idcirco,

1809 2053 1876 2107 In
1897 2056 2076 2123 ﬁnem,
2104 2074 2196 2125 pro
2217 2073 2276 2111 ea
2308 2074 2424 2128 qua:
2456 2059 2811 2113 hwreditatem
2839 2063 3190 2130 consequitur,
3222 2061 3387 2115 David

1805 2148 2015 2214 psalmo
2048 2148 2258 2205 titulum
2294 2148 2439 2205 fecit.
2472 2148 2572 2205 Ubi
2602 2152 2745 2204 enim
2776 2150 2899 2205 linis
2925 2163 2976 2208 et
3003 2152 3202 2208 Christi
3242 2168 3389 2207 tnnrs

1807 2254 1901 2306 per
1934 2254 2151 2294 carnem
2180 2238 2322 2293 facta
2357 2243 2595 2307 advenit,
2633 2253 2759 2299 tunc
2797 2246 2849 2297 in
2879 2244 3017 2299 bona
3061 2244 3388 2299 hmrcditatis

1806 2328 1924 2395 ipsa
1954 2339 2141 2382 vocata
2177 2339 2259 2383 est
2297 2316 2729 2399 sponsannam
2763 2336 2831 2389 ob
2868 2350 3003 2401 rem,
3035 2336 3229 2405 inquit,
3259 2352 3385 2389 crn-

1803 2421 1993 2476 cilixus
2054 2430 2147 2475 aut
2191 2423 2419 2477 traditus
2473 2426 2900 2481 luitChristus?
2954 2427 3238 2481 Peccatum
3286 2444 3388 2483 non

1804 2511 1950 2580 fecit,
1969 2527 2059 2565 nec
2086 2513 2321 2566 inventus
2334 2524 2407 2566 est
2430 2512 2581 2567 dolus
2600 2515 2653 2568 in
2684 2531 2771 2568 ore
2797 2515 2910 2585 ejus
2942 2514 3169 2569 ‘.—Pro
3184 2534 3243 2569 ea
3272 2533 3389 2589 qua:

1803 2604 2159 2657 hereditatem
2212 2606 2635 2674 consequitur.—
2657 2606 2805 2660 Sicut
2851 2616 2897 2661 et
2927 2606 3163 2662 Christus
3206 2608 3389 2661 dilexit

1804 2692 2119 2761 Ecclesiam,
2164 2706 2211 2749 et
2251 2696 2586 2764 semetipsum
2628 2700 2851 2752 tradidit
2883 2716 2978 2767 pro
3018 2715 3079 2752 ea
3106 2699 3150 2753 '.
3194 2699 3388 2753 Verum

1803 2787 2057 2853 quoniam
2103 2801 2200 2854 pro
2249 2787 2564 2841 haereditate
2603 2789 2962 2844 contendebat
3006 2790 3195 2844 aztttnla
3246 2791 3389 2846 illius

1804 2877 2087 2947 Synagoga
2107 2919 2121 2943 ,
2152 2892 2271 2945 qua:
2300 2877 2537 2931 libellum
2565 2881 2772 2948 repudii
2804 2890 3116 2950 acceperat,
3142 2893 3193 2936 et
3224 2883 3385 2937 veluti

1816 2970 1988 3023 ltmres
2045 2968 2286 3037 litigabat
2328 2978 2512 3023 contra
2558 2970 2859 3025 Ecclesiam
2892 2974 3079 3035 ,venit
3129 2975 3384 3043 propheta

1805 3065 2059 3126 tanquam
2110 3056 2434 3123 causidicus,
2500 3059 2694 3114 reeitat
2732 3060 3012 3130 repudium
3066 3061 3385 3133 Syttagngtt'.

1804 3146 2012 3203 invenit
2056 3149 2468 3218 suscriptiOnem
2517 3151 2605 3205 Dei
2637 3167 2755 3221 quas
2822 3154 2935 3207 hac
2988 3153 3228 3208 continet
3265 3170 3280 3208 :
3319 3153 3391 3209 Et

154 3243 451 3316 Ἐκκλησία·
493 3209 659 3316 ἦλθεν
711 3209 759 3299 6'
780 3209 1071 3319 προφήτης
1094 3209 1169 3310 ῶς
1192 3209 1701 3316 δικολόγοςδάναγιῖ
1728 3212 1744 3266 ⁴

1805 3239 1916 3292 lucc
1949 3256 2051 3293 non
2082 3256 2215 3293 uxor
2267 3257 2402 3308 mea,
2450 3251 2497 3296 et
2533 3259 2625 3312 ego
2660 3259 2762 3297 non
2802 3245 2879 3297 uir
2906 3246 3021 3310 eius
3052 3246 3104 3312 ⁸;
3134 3258 3184 3300 et
3212 3264 3226 3300 :
3258 3243 3387 3301 Dedi

142 3335 324 3391 νὼσκει
365 3339 429 3391 τὸ
460 3339 603 3392 κατὰ
642 3340 741 3410 τῆς
776 3341 1103 3411 Συναγωγῆς
1136 3341 1481 3395 ἀποστάσιον.
1533 3334 1705 3413 Εὗρεν

142 3426 233 3496 τὴν
256 3427 575 3500 ὑπογραφὴν
608 3428 699 3481 τοῦ
731 3428 864 3482 Θεοῦ
894 3431 1273 3501 περιέχουσαν·
1310 3430 1419 3484 Kal
1450 3430 1600 3499 αὕτη
1632 3433 1704 3486 οὑ

144 3518 282 3585 γυνή
330 3537 469 3588 μου,
516 3520 679 3589 κάγὼ
714 3522 824 3575 οὐκ
865 3521 1021 3589 ἀνὴρ
1065 3521 1274 3590 αὐτῆς·
1321 3522 1436 3583 καὶ,
1472 3522 1707 3577 Ἔδωκα

144 3608 281 3677 αὐτῇ
311 3610 555 3674 βιϐλίον
578 3610 958 3665 ἀποστασίου
999 3613 1086 3676 εὶς
1120 3612 1229 3676 τὰς
1257 3610 1458 3679 χείοας
1492 3611 1703 3681 αὐτῆς.

155 3698 524 3769 Ἀναγινώσκει
544 3701 638 3755 καὶ
652 3701 713 3754 τὸ
740 3700 1012 3772 προικῷον
1027 3704 1126 3772 τῆς
1166 3700 1513 3771 Ἐκκλησίαν
1546 3694 1705 3775 εὗρεν

144 3788 226 3841 τὸν
255 3791 479 3861 νυμφίον
508 3792 604 3845 καὶ
624 3790 723 3863 τὴν
750 3791 988 3862 νύμφην·
1028 3791 1090 3844 Ὃ
1118 3790 1275 3860 ἔχων
1300 3791 1414 3860 τὴν
1463 3794 1706 3861 νύμφην

144 3886 383 3952 νυμφίος
419 3884 613 3939 ἐστίν.
667 3886 821 3940 Ἐπεὶ
857 3880 969 3947 οὖν,
1002 3884 1079 3949 ὼς
1122 3884 1289 3938 αὐτοῦ
1342 3885 1706 3950 ἀποθανόντος

146 3975 227 4029 τοῦ
258 3978 511 4047 νυμφίου,
546 3977 824 4042 ὶδικάζετο
868 3980 902 4048 ἡ
954 3977 1252 4048 Συναγωγὴ
1301 3980 1366 4048 τῇ
1411 3978 1705 4051 Ἐκκλησία

146 4066 372 4137 περὶτῆς
405 4066 790 4138 κληρονομίας,
821 4066 1022 4137 ἀνέστη
1048 4066 1279 4138 Χριστὸς
1310 4068 1338 4119 6
1370 4066 1463 4120 τοῦ
1492 4067 1705 4139 Πατρδς

146 4156 481 4227 κληρονόμος·
520 4157 615 4210 καὶ
638 4157 793 4227 ὑπὲρ
820 4156 932 4226 τῆς
966 4159 1463 4227 κληρονομούσης
1487 4158 1704 4229 νύμφης

145 4246 308 4318 δέησις
336 4246 484 4317 αὑτῷ
517 4247 721 4311 εὐθέως
753 4248 1117 4320 προσηνέχθη.
1144 4251 1245 4315 Εις
1283 4249 1345 4301 τὸ
1377 4250 1551 4315 τέλος
1571 4248 1700 4320 γὰρ,

147 4338 314 4407 φησὶν,
348 4338 501 4406 ὑπὲρ
537 4336 648 4405 τῆς
689 4339 1207 4407 κληρονομούσης,
1246 4337 1324 4409 τῷ
1362 4339 1699 4410 κληρονόμῳ.

147 4428 231 4491 Τίς
256 4430 288 4499 ὴ
317 4427 763 4500 κληρονομοῦσα;
802 4428 867 4481 Ἠ
900 4427 1158 4492 ἑξ,ὲθνῶν
1200 4429 1505 4499 Ἐκκλησία
1542 4429 1705 4499 Λέγει

1806 3332 1854 3383 ei
1879 3331 2111 3385 libellum
2140 3334 2343 3403 repudii
2371 3335 2425 3388 in
2458 3334 2694 3389 manibus
2730 3337 2875 3391 illius
2907 3338 2949 3391 ⁷.
2989 3336 3196 3393 Recitat
3226 3339 3386 3393 etiam

1806 3422 1983 3477 dotale
2013 3422 2295 3490 Ecclesiae;
2334 3435 2526 3494 nactus
2558 3436 2642 3480 est
2689 3441 2944 3496 spensum
2988 3438 3040 3482 et
3086 3444 3337 3498 sponsam
3374 3475 3385 3489 .

1809 3509 1914 3575 Qui
1946 3510 2097 3564 habet
2147 3528 2413 3578 sponsam,
2460 3529 2676 3582 sponsus
2715 3526 2787 3569 est
2834 3517 2874 3569 ³.
2930 3500 3066 3584 Quia
3123 3518 3286 3585 igitur
3333 3528 3385 3574 ιιι

1806 3612 1924 3670 post
1952 3613 2177 3657 mortem
2212 3604 2381 3673 ipsius
2424 3606 2627 3674 sponsi,
2675 3606 2823 3661 litem
2856 3610 3103 3663 movebat
3131 3610 3385 3667 Ecclesia

1808 3694 2087 3764 Synagoga
2118 3695 2185 3749 ob
2218 3696 2611 3764 hmreditatem,
2648 3699 2947 3753 resurrexit
2989 3699 3238 3755 Christus
3275 3701 3383 3756 ha:-

1809 3800 1893 3840 res
1922 3784 2120 3849 Patris,
2162 3793 2216 3839 et
2265 3801 2361 3855 pro
2390 3801 2584 3856 sponsa
2634 3804 2749 3855 qum
2800 3788 3155 3843 hereditatem
3204 3807 3378 3849 conse-

1808 3880 2016 3949 quitur,
2046 3880 2147 3950 ipsi
2185 3882 2365 3935 statim
2409 3882 2601 3937 oblataz
2642 3892 2770 3935 sunt
2809 3896 3018 3951 preces.
3077 3885 3164 3936 Ait
3197 3886 3339 3938 enim
3371 3908 3388 3942 ~.

1803 3969 1871 4023 In
1900 3970 2076 4038 ﬁnem,
2115 3987 2206 4039 pro
2236 3988 2297 4025 ea
2328 3987 2443 4040 quce
2474 3972 2830 4026 [nereditatem
2876 3981 3232 4041 consequitur,
3271 3975 3387 4030 latc-

1804 4059 1940 4115 redi.
1998 4058 2251 4125 Quanam
2288 4070 2369 4114 est
2406 4076 2529 4130 quae
2566 4061 2929 4116 ltrereditatem
2992 4065 3386 4134 eonsequiturl

1810 4151 2046 4205 Ecclesia
2078 4167 2142 4206 ex
2177 4154 2447 4221 gentibus.
2478 4152 2614 4207 Dicit
2651 4152 2848 4210 Paulus
2877 4165 3053 4225 gentes
3080 4172 3189 4210 esse
3219 4164 3382 4210 cohae-

1806 4243 1949 4297 rcdes
1980 4252 2027 4296 et
2063 4244 2453 4308 concorporales
2475 4250 2518 4298 ’.
2551 4275 2623 4287 —
2652 4244 2901 4300 Heredes
2940 4246 3063 4311 Dei,
3095 4246 3389 4303 cohwredes

1806 4346 1977 4387 autem
2007 4331 2206 4389 Christi
2233 4335 2297 4389 ⁸⁸.
2336 4335 2593 4401 Quaenam
2636 4347 2719 4390 est
2769 4337 3091 4391 haereditas?
3142 4328 3386 4409 Regnum

1807 4428 2087 4482 caelorum.
2152 4424 2356 4491 Venite,
2402 4427 2661 4481 benedicti
2716 4428 2895 4483 Patris
2948 4431 3084 4496 mei,
3135 4433 3389 4501 possideto

146 4515 337 4582 Παῦλος
358 4514 510 4571 εἶναι
543 4518 613 4571 τὰ
651 4518 793 4585 ἔθνη
822 4519 1288 4587 συνκληρονόμα
1322 4520 1420 4572 καὶ
1456 4520 1702 4574 σύσσω-
1735 4533 1744 4586 1

1805 4528 2045 4588 paratum
2099 4518 2243 4573 vobis
2280 4532 2495 4585 regnum
2546 4517 2611 4573 “.
2656 4518 2913 4583 Qumnam
2964 4529 3045 4574 est
3106 4519 3389 4577 abdicata!

144 4623 233 4674 μα.
271 4637 339 4649 -
362 4609 734 4677 κληρονόμοι
766 4609 933 4674 Θεοῦ,
963 4610 1441 4679 συγκληρονόμοι
1474 4609 1541 4663 δὲ
1569 4613 1703 4677 Χρι-

146 4696 302 4753 στοῦ.
326 4700 421 4761 Τίς
460 4701 491 4767 ἡ
522 4699 891 4769 κληρονομίας
931 4700 996 4752 Ἠ
1030 4700 1136 4752 τῶν
1164 4700 1406 4771 οὐρανῶν
1438 4701 1701 4769 βασιλεία.

147 4788 326 4856 Δεῦτε,
357 4793 412 4844 οι
442 4790 835 4859 εὐλογημένοι
870 4788 975 4843 τοῦ
1008 4791 1236 4855 Πατρός
1256 4806 1396 4858 μου,
1423 4794 1707 4859 κληρονο-

208 4924 229 4955 ⁸
256 4923 274 4977 l
300 4925 443 4980 Petr.
475 4940 536 4989 ll,
575 4925 667 4979 22.
766 4926 789 4957 ⁸
820 4925 1017 4995 Ephes.
1044 4940 1099 4987 v,
1131 4924 1229 4995 25.
1326 4924 1346 4955 ⁸
1376 4923 1498 4980 Ose.
1550 4940 1611 4990 ιι,
1645 4926 1698 4979 2.

1810 4608 2091 4679 Synagoga
2121 4618 2173 4664 et
2198 4607 2427 4678 populus
2458 4607 2597 4677 ejus.
2627 4608 2821 4679 Ejicite
2854 4611 3099 4664 ancillam
3134 4620 3182 4666 et
3216 4612 3389 4680 ﬁlium

1810 4702 1946 4771 ejus.
2002 4698 2127 4754 Non
2170 4701 2307 4756 enim
2353 4701 2517 4756 htcres
2547 4703 2643 4755 erit
2688 4702 2831 4769 ﬁlius
2874 4702 3081 4755 ancilla:
3120 4718 3237 4755 cum
3274 4696 3388 4771 ﬁlio

1813 4794 1989 4847 liberte
2019 4792 2084 4843 ¹³.
2116 4790 2333 4848 Ιιιᾱαιιιε
2360 4794 2530 4847 instar
2559 4790 2991 4873 ebartophylacis
3027 4806 3120 4847 seu
3170 4793 3388 4850 charta-

1805 4928 1825 4959 ⁷
1857 4924 2057 4982 Jerem.
2104 4942 2188 4992 ιιι,
2239 4926 2293 4981 8.
2404 4929 2603 4982 ‘Joan.
2643 4940 2725 4991 ιιι,
2761 4923 2853 4979 29.
2928 4925 2949 4956 ⁸
2976 4924 3171 4995 Ephes.
3204 4943 3286 4993 tn,
3329 4927 3392 4984 6.

150 4992 187 5024 ¹⁶
214 4995 363 5050 Rom.
398 5010 519 5054 vm.
558 4996 642 5049 1⁵1.
723 4996 765 5028 ¹¹
797 4992 985 5050 Matth.
1016 5011 1141 5055 xxv.
1171 4994 1260 5048 54.
1339 4995 1381 5025 ¹¹
1419 4995 1593 5050 Galat.
1632 5012 1703 5063 tv,
1732 4996 1819 5051 50.

210 5112 317 5183 (98)
384 5112 1265 5183 'Eatavpéﬂn.“Crueilixionem
1338 5111 1703 5183 A'l'beodoritus

150 5190 271 5256 ιιι-ιιι.
297 5182 367 5234 De
393 5182 670 5256 charitnte,
706 5181 757 5239 ι.
785 5182 877 5256 I_V,
900 5199 951 5252 p.
978 5182 1099 5256 689,
1124 5181 1375 5251 exprimit
1399 5184 1600 5250 phrasi,
1626 5185 1703 5256 τῷ

153 5247 293 5321 ικρίῳ
316 5252 752 5322 προσηλωθῆναι.
784 5247 950 5322 Cujus
980 5247 1212 5321 priorem
1238 5247 1418 5305 vocem
1448 5267 1567 5306 eum
1599 5247 1701 5309 non

150 5331 385 5392 caperent
406 5322 637 5389 imperiti
664 5325 1046 5392 esseriptores,
1077 5322 1269 5389 inepta:
1298 5322 1511 5376 lectioni
1541 5325 1703 5377 libro-

153 5401 253 5442 rum
279 5390 569 5463 editorum,
612 5393 691 5463 τῷ
744 5390 875 5462 ἰδίῳ,
917 5394 1099 5463 locum
1136 5393 1351 5463 dedere,
1387 5392 1429 5443 si
1487 5407 1589 5445 non
1621 5403 1707 5447 est

155 5460 383 5529 utendum
407 5460 713 5529 operarum,
748 5475 803 5513 nt
828 5460 1054 5516 videtur.
1076 5461 1228 5529 Apud
1262 5460 1700 5529 Chrysostomum

154 5525 339 5604 Savilii,
359 5539 409 5604 _t.
443 5525 556 5593 νιι,
590 5546 641 5599 p.
676 5525 1203 5604 295._\51t6p§WOV_TD
1225 5525 1582 5604 ὀλιγοχρόνιον
1606 5531 1704 5601 τῆς

157 5596 327 5672 ξενίας
357 5599 566 5670 ίστριον
631 5602 711 5655 vel
742 5596 962 5672 ίούριον,
989 5596 1701 5672 "emendandutii'suspicor,

160 5664 334 5735 ίκριον,
374 5664 464 5739 aui
491 5670 685 5738 ἰκρίον.
729 5664 838 5724 Sed
874 5682 926 5723 et
960 5671 1239 5739 insigniter
1272 5664 1590 5735 depravatus
1621 5682 1704 5725 est

160 5746 328 5790 Versus
382 5738 606 5792 Joannis
654 5740 1039 5803 Eni-imitensis,
1070 5738 1147 5807 7p.
1184 5739 1269 5800 70,
1321 5738 1616 5808 σταυροῦσί
1642 5758 1701 5793 τε

158 5808 284 5873 τρεῖς
309 5808 499 5878 ἄνδρες
528 5810 677 5881 ὁμῶς
716 5810 983 5880 Ἀνδρέαν,
1017 5825 1135 5863 cum
1161 5809 1389 5878 genuina
1424 5807 1582 5863 lectio
1611 5811 1697 5876 sit,

1810 5112 2124 5187 σταυροῢᾳσε
2130 5112 2365 5183 Πατρεῖς
2417 5113 2607 5187 ἄνδρες
2637 5113 2820 5187 ὠμῶς
2844 5113 3112 5187 Ἂνδρὲαν.
3159 5113 3385 5187 Cruciﬁ-

1809 5180 2365 5255 gunteirifatrenses
2401 5180 3311 5255 ιῃιάείίιειςᾎηάνεαιᾱαρυειοίιιιη.

1882 5252 1993 5324 (99)
2034 5250 2375 5325 Ἐδιθιᾴςζᾎήτοζ
2433 5252 2777 5325 Eloquenter,
2830 5265 2888 5307 nt
2915 5250 3116 5320 omnia,
3154 5254 3387 5325 Chryse.

1812 5322 2022 5379 stentus
2044 5322 2227 5393 Itomil.
2262 5324 2295 5375 5
2341 5322 2417 5376 De
2467 5323 2789 5393 ptenitentia,
2824 5325 3093 5379 disserens
3123 5322 3393 5393 praelec-

1814 5407 2034 5465 mosyna
2068 5408 2151 5465 ex
2197 5392 2452 5465 Proverb.
2481 5409 2593 5465 xix,
2644 5393 2729 5465 Π)
2758 5395 2786 5446 ὁ
2819 5392 3097 5465 χρεώστης
3126 5392 3131 5393 ⁷
3157 5392 3388 5465 αίδεῖται

1810 5462 1900 5515 τὸν
1929 5462 2267 5534 δανείσαντα,
2297 5462 2325 5513 6
2385 5462 2578 5534 κριτὴς
2604 5462 2664 5515 οὐ
2699 5462 3022 5516 δυσωέιείται
3049 5462 3140 5515 τὸν
3168 5462 3381 5527 δικαζό-

1814 5549 1994 5600 μενον.
2030 5531 2317 5601 Enimvero
2357 5531 2637 5586 sententia:
2684 5534 2945 5601 elegantia
2979 5534 3383 5595 obscurabitur,

1811 5599 1853 5655 Si
1887 5599 2260 5671 δανειζόμενον
2309 5601 2565 5654 librorum
2615 5599 2946 5669 vulgaturum
2981 5611 3272 5667 remaneat,
3329 5610 3389 5656 ut

1810 5672 1966 5725 facile
1988 5681 2224 5724 attentus
2247 5672 2413 5725 lector
2443 5672 2825 5739 deprehendet.
2870 5671 3085 5723 Debitor
3112 5683 3383 5724 ueneratur

1809 5741 2166 5809 fenerantem,
2213 5741 2382 5809 judex
2442 5758 2543 5795 non
2598 5741 2811 5810 suspicit
2865 5758 2979 5794 eum
3033 5742 3120 5807 qui
3167 5740 3386 5807 judica-

1811 5820 1912 5863 tur.
