4216 6324
794 420 895 477 ‘97

2074 425 2129 479 S.
2171 419 2445 477 ASTERII
2485 419 2788 475 AMASENI

3960 424 4075 482 ηε

798 546 929 599 Inini
979 544 1146 600 nostri
1198 542 1321 599 .Iesu
1358 543 1589 609 Christi;
1618 546 1701 600 cui
1745 545 1913 616 gloria
1951 555 2003 602 et
2062 546 2367 616 imperium,

2475 546 2714 608 ἅπαντες
2765 543 3047 615 χαίροντες
3087 544 3178 597 καὶ
3232 544 3687 616 εὐφραινόμενοι·
3739 545 3920 616 χάριτι
3978 548 4078 600 καὶ

799 653 939 692 nunc
975 649 1027 693 ct
1057 638 1107 691 in
1141 636 1347 691 inﬁnita
1379 637 1577 692 saecula
1607 638 1949 695 saeCulorutn.
1983 640 2174 695 Amen.

1485 900 1665 958 XVIII.

803 991 863 1046 In
910 992 1147 1047 eumdem
1190 992 1428 1063 quintum
1474 993 1758 1061 psalmum,
1808 990 1916 1045 alio
1957 992 2131 1046 modo.
2185 990 2373 1047 Oratio

1481 1073 1690 1131 quarta.

864 1152 923 1208 2.
974 1149 1143 1206 Verba
1191 1167 1305 1205 mea
1361 1152 1575 1205 auribus
1628 1151 1852 1220 percipe,
1888 1148 2127 1205 Domine.
2185 1149 2375 1219 Qualia

800 1246 990 1308 verba,
1021 1243 1335 1313 Propheta?
1372 1242 1513 1298 Deus
1550 1242 1695 1297 enim
1745 1243 1893 1298 novit
1922 1258 2006 1309 ea,
2037 1243 2199 1297 etiam
2222 1250 2378 1298 ante-

798 1347 962 1403 quam
996 1332 1065 1388 de
1118 1331 1222 1386 illis
1257 1331 1597 1400 cogitaveris.
1648 1330 1757 1386 Nos
1791 1345 1921 1401 ergo
1976 1333 2139 1398 doce,
2193 1332 2377 1401 qualia

797 1428 965 1479 verba.
996 1426 1103 1479 Deo
1131 1425 1196 1478 ad
1242 1423 1601 1494 placationem
1657 1426 1963 1494 protuleris,
2010 1436 2067 1479 ut
2110 1440 2209 1481 nos
2238 1439 2376 1494 quo-

796 1533 902 1587 que
938 1499 1127 1587 Iisdem
1174 1525 1411 1570 utamur.
1468 1515 1661 1583 Qualia
1711 1515 1926 1571 verba?
1972 1518 2109 1573 Audi
2162 1532 2282 1587 qua
2321 1517 2375 1572 in

798 1611 1072 1682 proposito
1097 1609 1307 1680 psalmo
1334 1610 1622 1673 habentur,
1675 1624 1797 1678 qum
1848 1610 1956 1665 Deo
2004 1610 2219 1675 dicens.
2264 1618 2374 1664 tum

803 1687 1066 1774 meipsum
1105 1704 1377 1765 moderor,
1404 1710 1519 1755 tum
1551 1701 1699 1755 illum
1728 1700 1905 1765 ﬂecto,
1954 1710 2066 1755 tum
2099 1703 2376 1759 auditores

801 1800 1085 1854 admoneo.
1120 1797 1239 1853 Dixi
1282 1798 1453 1853 infra:
1490 1797 1542 1853 5.
1568 1796 1841 1864 Quoniam
1873 1813 1977 1851 non
2017 1796 2157 1851 Deus
2202 1795 2376 1851 uolens

2481 637 2861 707 φιλανθρωπίᾳ
2884 636 2979 689 τοῦ
3006 637 3214 709 Κυρίου
3245 636 3402 709 ήμῶν
3445 637 3620 710 Ἰησοῦ
3650 638 3890 710 Χριστοῦ
3913 655 3928 669 ⁸
3954 630 4005 705 ᾧ
4043 639 4073 708 II

2477 726 2606 793 δόξα
2638 728 2732 780 καὶ
2761 726 2822 780 τὸ
2857 727 3077 798 κράτος,
3114 724 3209 781 νῦν
3254 728 3349 780 καὶ
3383 729 3462 791 είς
3506 729 3634 792 τοὺς
3676 728 4075 799 ἀτελευτήτους

2478 818 2681 882 αἰῶνας
2708 819 2817 871 τῶν
2847 816 3080 872 αἰώνων.
3124 819 3317 889 Ἀμήν.

3218 912 3328 965 IH'.

2572 1002 2677 1068 Είς
2710 999 2815 1055 τόν
2837 1000 3028 1054 αὐτὸν
3059 998 3103 1054 ε’
3133 1001 3403 1071 ψαλμὸν,
3427 999 3653 1069 ἄλλως.
3680 1004 3870 1072 Λόγος
3903 999 3975 1054 δ’.

2551 1159 2628 1215 B’.
2652 1158 2730 1213 Τὰ
2739 1156 2980 1227 ῥήματά
2993 1174 3114 1226 μου
3131 1156 3429 1218 ἐνώτισαι,
3452 1156 3650 1223 Κύριε.
3665 1154 3802 1208 Ποῖα
3821 1155 4073 1225 ῥήματα,

2479 1250 2764 1323 προφῆτα;
2808 1249 2865 1301 Ὀ
2896 1248 2994 1318 μὲν
3020 1246 3131 1317 γὰρ
3158 1245 3292 1310 Θεὸς
3313 1242 3455 1300 οἶδεν
3483 1246 3622 1299 αὐτὰ
3645 1245 3732 1299 καὶ
3769 1246 3898 1317 πρὶν
3924 1242 4075 1297 αὐτά

2477 1338 2813 1410 ὲνθυμηθῇς.
2861 1338 3043 1409 Ἣμᾶς
3080 1333 3173 1391 οὖν
3216 1336 3457 1402 δίδαξον,·
3493 1339 3625 1391 ποῖα
3666 1338 3886 1409 ῥήματα
3928 1335 4073 1406 πρὸς

2476 1430 2793 1502 δυσώπησιν
2822 1429 2901 1500 τῷ
2932 1428 3052 1498 Θεῷ
3083 1430 3489 1501 προσήνεγκας,
3518 1429 3607 1483 ἵνα
3632 1429 3726 1482 καὶ
3762 1429 3920 1497 ἡμεῖς
3952 1429 4073 1489 τοῖς

2478 1524 2663 1586 αὐτοῖς
2710 1520 3069 1593 χρησώμεθα.
3118 1519 3256 1573 Ποῖα
3301 1522 3555 1593 Mutata;
3609 1521 3877 1573 ’Ἄκουσον
3906 1518 3977 1570 τὰ
4010 1519 4071 1570 ἑν

2478 1614 2558 1687 τῷ
2585 1615 2939 1686 προκειμένῳ
2986 1613 3219 1684 ψαλμῷ,
3268 1614 3412 1685 ἆπερ
3449 1612 3623 1681 λέγων
3661 1611 3739 1681 τῷ
3779 1609 3928 1681 Θεῷ,
3972 1611 4072 1664 καὶ

2479 1706 2715 1778 ἐμαυτὸν
2757 1705 3105 1777 σωφρονίζω,
3150 1706 3245 1758 καὶ
3295 1705 3459 1760 αὑτὸν
3492 1702 3757 1765 δυσωπῶ,
3804 1703 3899 1755 καὶ
3941 1702 4071 1766 τοὺς

2478 1797 2777 1861 ἀκούοντας
2820 1797 3077 1851 νουθετῶ.
3118 1793 3286 1850 Εἶπον
3321 1795 3710 1857 ὑποκαταϐὰς*
3758 1795 3885 1845 ’Ότι
3930 1793 4072 1859 οὐχὶ

798 1892 1130 1962 iniquitatem
1158 1898 1213 1943 tu
1246 1906 1318 1945 es.
1353 1888 1419 1944 Ει
1437 1903 1608 1960 quare
1638 1889 1718 1944 sic
1741 1888 1969 1945 dixisti?
2001 1888 2137 1955 Quia
2178 1888 2374 1957 iniqui—

2482 1889 2628 1956 Θεὸς
2652 1889 2848 1944 θέλων
2873 1890 3125 1958 ἀνομίαν
3158 1887 3240 1942 σὺ
3262 1885 3333 1944 εἷ.
3356 1888 3468 1941 Καὶ
3495 1886 3581 1940 διὰ
3607 1888 3659 1940 τί
3679 1885 3851 1949 οὕτως
3875 1879 4071 1947 εἷπαςς

797 1990 954 2034 tatem
1008 1981 1129 2034 odio
1172 1980 1332 2034 habui
1373 1991 1422 2036 et
1467 1982 1798 2035 abominatus
1827 1999 1943 2035 sum
1970 1982 2034 2035 ”.
2081 1980 2198 2035 Non
2230 1983 2374 2037 enim

795 2071 1116 2142 simpliciter
1168 2072 1329 2126 verba
1390 2074 1788 2142 pronuntiavit,
1830 2082 1894 2128 rut
1949 2073 2223 2142 plerique;
2279 2072 2373 2128 scd

796 2166 945 2232 prius
968 2180 1027 2219 ea
1055 2180 1115 2219 re
1158 2151 1271 2234 ipsa
1298 2165 1539 2219 exhibuit
1566 2182 1579 2231 ;
1631 2166 1819 2235 sicque
1871 2165 2208 2221 conﬁdenter
2241 2168 2375 2219 dixit

796 2257 955 2313 Deo:
999 2255 1169 2311 Verba
1202 2273 1316 2311 mea
1367 2257 1585 2311 auribus
1640 2258 1866 2326 percipe,
1926 2256 2163 2310 Domine.
2214 2257 2370 2310 Dixi:

794 2348 846 2401 ϐ.
882 2346 1004 2401 Non
1032 2347 1286 2401 habitabit
1304 2346 1465 2415 juxta
1510 2358 1559 2401 te
1601 2348 1885 2418 malignus.
1930 2347 2079 2403 Cur?
2105 2348 2239 2415 Quia
2274 2347 2371 2403 bo-

797 2450 898 2491 nus
934 2436 1139 2490 visione
1164 2435 1374 2490 Domini
1428 2437 1671 2504 apparui.
1718 2436 1842 2491 Ideo
1877 2447 1929 2491 et
1982 2437 2289 2492 declinante
2344 2453 2373 2491 a

796 2544 881 2583 me
912 2527 1053 2583 man
1088 2542 1193 2582 non
1222 2527 1618 2598 cognoscebam
1647 2526 1712 2579 “.
1751 2527 1865 2581 Dixi
1895 2547 1905 2581 :
1942 2527 2064 2581 Non
2097 2544 2374 2597 permane-

798 2621 918 2675 bunt
950 2619 1136 2688 injusti
1188 2626 1311 2673 ante
1352 2619 1532 2672 oculos
1564 2629 1701 2672 tuos.
1740 2620 1800 2673 Et
1836 2634 1997 2688 quam
2030 2618 2100 2673 ob
2131 2636 2241 2674 rem
2269 2621 2374 2675 hoc

796 2713 978 2767 dicere
1010 2726 1173 2766 ausus
1205 2711 1298 2765 es?
1344 2711 1609 2776 Quoniam
1666 2712 1875 2781 iniquos
1929 2714 2050 2766 odio
2100 2713 2282 2779 habui,
2314 2722 2373 2767 at

795 2805 956 2874 legem
981 2813 1126 2856 luunt
1157 2802 1318 2855 dilexi
1347 2801 1411 2855 “.
1436 2801 1534 2867 Qui
1566 2812 1743 2855 autem
1778 2802 1974 2870 injuste
1996 2812 2216 2872 agentes
2234 2804 2370 2870 odit,

795 2910 1067 2965 nunquam
1127 2908 1258 2949 sane
1305 2892 1683 2963 cooperabitnr
1732 2892 2028 2961 injustitiis.
2082 2894 2202 2956 Dixi
2247 2914 2260 2950 :
2315 2896 2370 2952 7.

796 2987 969 3044 Odisti
994 3002 1168 3040 omnes
1217 2987 1304 3056 qui
1343 2992 1628 3054 operantur
1656 2984 1997 3053 iniquitatem.
2035 2986 2172 3051 Quid
2207 3002 2372 3059 ergo,

794 3081 909 3149 ipse
944 3094 1049 3134 non
1074 3079 1253 3147 inique
1283 3076 1477 3148 egisti?
1523 3074 1628 3131 Sed
1654 3084 1769 3145 post
1798 3086 2070 3144 peractam
2117 3079 2375 3149 iniquita-

794 3182 900 3225 tem
936 3171 1257 3240 deprecatus
1309 3183 1426 3223 sum
1461 3186 1474 3223 ε
1512 3168 1748 3237 Amplius
1792 3168 1908 3223 lava
1945 3186 2027 3224 me
2079 3172 2144 3225 ab
2174 3172 2375 3243 iniqui-

2489 1982 2709 2053 Ἐπειδὴ
2759 1981 3017 2050 ἀνομίαν
3064 1964 3333 2049 ἐμίσησα
3372 1979 3473 2034 καὶ
3520 1976 3961 2045 ἐϐδελυξάμην.
3989 1976 4069 2030 Οὐ

2471 2073 2588 2144 γάρ
2630 2072 2819 2136 ἁπλῶς
2851 2072 2921 2125 τὰ
2968 2072 3191 2143 ῥήματα
3236 2072 3444 2141 ἔλεγεν,
3487 2072 3561 2135 ὡς
3595 2075 3643 2124 οἱ
3676 2070 3895 2124 πολλοί·
3931 2068 4071 2125 ἀλλὰ

2480 2161 2695 2234 πρῶτον
2730 2162 2869 2215 αὐτά
2905 2160 3103 2225 ἔδειξεν
3140 2162 3463 2232 πραγματν
3495 2161 3589 2213 καλ⁹
3630 2160 3805 2223 οὕτως
3842 2160 4069 2233 θαρρῶν

2478 2254 2633 2311 εἶπεν
2671 2256 2749 2327 τῷ
2780 2256 2929 2328 Θεῷ*
2967 2254 3045 2310 Τὰ
3084 2254 3327 2324 ῥήματά
3362 2271 3482 2323 μου
3528 2254 3829 2317 ἐνώτισαι,
3864 2256 4066 2322 Κύριε.

2477 2344 2645 2401 Εἶπον
2665 2364 2678 2376 °
2703 2350 2785 2401 Οὐ
2819 2344 3177 2414 παροικήσει
3201 2362 3300 2399 σοι
3327 2344 3831 2420 ποτηρευόμενος.
3854 2343 3953 2397 Διά
3978 2344 4066 2407 τίς

2488 2438 2705 2509 Ἐπειδὴ
2739 2438 2941 2507 ἀγαθὸς
2966 2440 3034 2509 τῇ
3062 2438 3250 2509 ὁράσει
3282 2438 3492 2510 Κυρίου
3531 2437 3777 2507 πέφιιιινα⁹
3803 2436 3871 2490 δι’
3908 2437 3938 2489 ὸ
3971 2438 4070 2492 καὶ

2467 2531 2810 2594 ἐκκλίνοντος
2844 2532 2939 2585 ἀπ’
2979 2530 3113 2601 ἐμοῦ
3150 2528 3246 2582 τοῦ
3292 2528 3555 2601 πονηροῦ,
3601 2530 3701 2583 οὐκ
3740 2530 4064 2598 ἐγίνωσκον.

2476 2618 2643 2675 Εἶπον
2665 2637 2679 2652 ⁸
2699 2624 2781 2675 Οὐ
2810 2620 3201 2690 διαμενοῦσιν
3231 2618 3564 2689 παράνομοι
3597 2622 3911 2674 κατέναντι
3945 2618 4068 2673 τῶν

2476 2711 2801 2783 ὀφθαλμῶν
2826 2725 2961 2766 σου.
2994 2713 3106 2768 Καὶ
3134 2712 3223 2765 διὰ
3241 2713 3295 2765 τί
3326 2712 3485 2766 τοῦτο
3510 2714 3684 2765 εἰπεῖν
3712 2712 4063 2782 ἐθάρρησαςς

2490 2804 2708 2876 Ἐπειδὴ
2737 2805 3127 2874 παρανόμους
3148 2803 3435 2873 ἐμίσησα,
3471 2803 3581 2858 τὸν
3617 2804 3687 2857 δὲ
3719 2806 3911 2874 νόμον
3943 2818 4068 2858 σου

2472 2896 2785 2969 ἠγάπησα.
2825 2897 2884 2951 '0
2916 2896 2974 2951 δὲ
3011 2896 3467 2968 παρανομοῦντας
3521 2896 3696 2967 μισῶν
3724 2896 3823 2948 οὐκ
3854 2895 3921 2949 ἂν
3953 2911 4068 2948 πα-

2476 2989 2765 3061 ρανομίαις
2796 2990 3109 3062 συνεργήσῃ
3135 2988 3285 3043 ποτέ.
3322 2984 3521 3042 Εῐπσνυ
3562 2988 3895 3057 Ἐμίσησας
3912 2986 4069 3040 πάν-

2474 3098 2583 3149 τας
2612 3082 2756 3148 τοὺς
2771 3078 3203 3150 ὲργηαζὸμένους
3227 3079 3345 3149 τὴν
3364 3079 3642 3148 ἀνομίαν.
3667 3078 3732 3131 Τί
3753 3073 3867 3141 οὖν,
3898 3077 4066 3141 αὐτὸς

2474 3174 2573 3227 οὐκ
2597 3172 2912 3244 ὴνόμησας;
2943 3170 3103 3224 Ἀλλὰ
3131 3172 3411 3242 ἀνομήσας
3436 3170 3682 3241 ἐδεήθην·
3718 3166 4069 3224 Ἐπιπλεῖον

794 3273 899 3318 tate
924 3279 1038 3317 mea
1062 3263 1127 3317 δ’.
1161 3262 1277 3316 Dixi
1308 3282 1321 3317 :
1350 3261 1545 3316 Perdes
1573 3277 1748 3318 omnes
1788 3264 1877 3333 qui
1921 3263 2205 3334 loquuntur
2227 3281 2374 3320 meu-

2476 3263 2718 3319 πλῦνόν
2746 3279 2823 3332 με
2858 3261 2979 3317 ἀπὸ
3027 3260 3138 3328 τῆς
3170 3261 3425 3330 ἀνομίας
3476 3277 3618 3330 μου.
3677 3255 3878 3314 Εἶπονο
3933 3259 4065 3313 Ἀπ-

792 3356 1029 3410 decium.
1085 3352 1351 3410 Caeterum
1407 3355 1497 3423 qui
1538 3366 1762 3411 noverat
1798 3357 1975 3426 perire
2032 3358 2369 3424 mendacem,

790 3462 899 3502 non
951 3446 1243 3501 maculavit
1277 3446 1561 3501 mendacio
1594 3448 1828 3517 linguam
1879 3463 2052 3515 suam,
2090 3463 2191 3505 nec
2221 3465 2373 3503 Incn-

792 3536 977 3593 tiendo
1055 3537 1181 3591 fecit
1223 3550 1340 3589 eam
1415 3537 1517 3592 iter
1568 3540 1902 3607 perditionis.
1938 3539 2132 3596 Dixit:
2185 3539 2372 3596 Virum

790 3628 1109 3697 sanguinum
1137 3637 1187 3682 et
1228 3627 1466 3682 dolorum
1508 3629 1841 3685 abominatur
1881 3630 2156 3687 Dominus.
2196 3632 2375 3703 Atque

794 3718 1076 3783 dolosum,
1140 3719 1315 3774 virum
1376 3720 1696 3790 sanguinum
1760 3721 2067 3791 appellavit.
2133 3722 2249 3790 Qua
2303 3724 2376 3779 de

793 3808 994 3867 causa?
1043 3810 1309 3877 Quoniam
1359 3813 1576 3869 dolosus
1627 3823 1705 3870 tot
1750 3816 2030 3881 interﬁcit,
2086 3829 2216 3889 quot
2248 3820 2373 3875 dolo

793 3901 1013 3971 decipit.
1044 3899 1179 3955 Nam
1223 3902 1459 3971 dolosus,
1506 3902 1633 3959 dum
1686 3906 1830 3962 aliud
1875 3918 2099 3979 apparet
2126 3919 2183 3964 et
2226 3911 2372 3966 aliud

792 3991 1027 4057 exsistit,
1058 3993 1318 4048 mentitur
1354 4010 1469 4051 ore.
1504 3995 1577 4052 Os
1601 4008 1774 4053 autem
1802 4000 1942 4070 quod
1974 4002 2251 4067 mentitur,
2278 4018 2367 4056 oe-

792 4087 919 4138 cidit
940 4086 1171 4139 animam
1198 4084 1265 4139 “.

866 4244 1000 4310 Quia
1024 4246 1191 4314 igitur
1216 4247 1517 4323 huiusmodi
1554 4250 1713 4306 verba
1745 4250 2083 4321 loquebatur,
2106 4272 2225 4327 quas
2258 4258 2371 4311 ido.

795 4346 895 4386 nea
942 4345 1185 4390 erantet
1227 4338 1401 4407 ipsum
1436 4336 1649 4393 ellicere
1688 4338 1917 4407 justum,
1953 4352 2008 4396 et
2059 4341 2227 4397 Deum
2259 4346 2374 4412 pla-

793 4439 940 4490 care,
972 4438 1026 4481 et
1049 4432 1331 4485 audientes
1363 4433 1601 4496 erudire,
1657 4443 1947 4504 eapropter
1989 4436 2157 4491 dixit:
2206 4436 2372 4491 Verba

795 4535 913 4573 mea
955 4521 1172 4576 auribus
1226 4525 1452 4593 percipe,
1498 4523 1752 4594 Domine;
1809 4529 2039 4600 intellige
2088 4532 2373 4585 clamorem

2476 3354 2642 3421 ολεῖς
2693 3352 2927 3418 πάντας
2973 3351 3116 3418 τοὺς
3144 3351 3488 3417 λαλοῦντας
3511 3351 3577 3404 τὸ
3606 3350 3855 3419 ψεῦδος.
3914 3350 3975 3403 '0
4009 3349 4069 3403 δὲ

2474 3447 2651 3511 εἰδὼς,
2681 3447 2761 3501 ὅτι
2781 3443 3154 3515 όψευδόμενος
3178 3442 3498 3506 ἀπόλλυται,
3529 3442 3629 3495 οὐκ
3656 3444 3723 3496 ἂν
3752 3444 3854 3514 τὴν
3881 3442 4065 3510 γλῶσ-

2477 3557 2576 3593 σαν
2622 3536 2788 3591 αὑτοῦ
2844 3536 2923 3607 τῷ
2961 3536 3148 3606 ψεύδει
3171 3535 3495 3598 ἐσπίλωσεν,
3539 3533 3659 3587 οὐδὲ
3688 3534 3755 3587 ἂν
3787 3534 4066 3597 ἀπωλείας

2472 3632 2592 3686 ὁδὸν
2621 3632 2825 3702 ταύτην
2837 3629 3098 3701 ἐποίησεν
3119 3628 3466 3701 ψευδόμενος.
3494 3625 3661 3682 Εἶπεν
3680 3642 3695 3657 ·
3726 3628 3956 3697 Ἄνδρα
3980 3631 4065 3685 al-

2470 3720 2676 3791 μάτων
2704 3719 2802 3773 καὶ
2842 3719 3052 3773 δόλιον
3082 3719 3502 3785 ,βδελύσσεται
3541 3721 3781 3789 Κύριος.
3819 3721 3930 3772 Καὶ
3971 3719 4063 3772 τὸν

2473 3812 2645 3865 δόλιον
2696 3810 2865 3881 ἄνδρα
2896 3808 3143 3880 αἱμάτων
3181 3808 3461 3863 ἐκάλεσεν.
3512 3808 3609 3862 Διά
3637 3809 3723 3873 τίς
3770 3809 3991 3879 Ἐπειδὴ
4037 3812 4065 3862 ὁ

2473 3902 2647 3965 δόλιος
2686 3901 2977 3964 τοσούτους
3009 3898 3248 3970 φονεύει,
3298 3900 3456 3962 ὅσους
3486 3897 3808 3952 δολιεὺεται.
3859 3900 3917 3951 Ὀ
3954 3900 4065 3970 γὰρ

2472 3994 2668 4058 δόλιος,
2702 3992 2829 4047 ἀλλο
2855 3991 3179 4062 φαινόμενος
3228 3990 3323 4045 καὶ
3352 3988 3480 4042 ἄλλο
3500 3989 3805 4058 γινόμενος,
3835 3986 3916 4059 τῷ
3943 3989 4062 4041 στό-

2478 4103 2610 4158 ματι
2636 4084 2914 4154 ψεύδεται.
2943 4083 3142 4152 Στόμα
3161 4080 3229 4134 δὲ
3269 4078 3804 4148 καταψευδόμενον
3832 4079 4063 4148 ἀναιρεῖ

2474 4175 2709 4246 ψυχήν.

2559 4267 2711 4320 Ἐπεὶ
2748 4261 2842 4320 οὖν
2873 4263 3102 4318 τοιαῦτα
3129 4262 3307 4317 ἐλάλει
3350 4263 3591 4334 ῥήματα,
3624 4261 3767 4333 ἆπερ
3796 4256 3865 4330 ἦν
3901 4261 4062 4314 ἰκανὰ

2477 4359 2571 4412 καὶ
2606 4358 2769 4411 αὐτὸν
2808 4356 3124 4419 δικαιῶσαι,
3156 4353 3252 4407 καὶ
3280 4352 3411 4406 Θεὸν
3438 4353 3778 4423 δυσωπῆσαι,
3812 4353 3905 4405 καὶ
3936 4355 4062 4413 τοὺς

2474 4448 2772 4510 ἀκούοντας
2809 4444 3116 4509 παιδεῦσαι,
3158 4443 3248 4497 διὰ
3288 4443 3447 4497 τοῦτο
3476 4440 3662 4496 εἶπεν·
3704 4444 3781 4497 Τὰ
3818 4443 4062 4512 ῥήματά

2468 4557 2589 4609 μου
2620 4538 2918 4601 ἑνώτισαι,
2936 4537 3110 4604 Κύριε
3132 4550 3146 4563 ·
3173 4535 3360 4601 σύνες
3384 4533 3496 4603 τῆς
3526 4533 3794 4604 κραυγῆς
3820 4552 3963 4603 μου.
3998 4535 4061 4587 Τί

795 4626 988 4668 meum.
1021 4610 1161 4680 Quid
1194 4616 1369 4678 enim,
1435 4618 1587 4671 turba
1638 4627 1692 4672 ct
1744 4620 2003 4675 tumultus
2057 4625 2368 4686 erat-circa

2475 4634 2583 4702 γὰρ
2620 4626 2749 4702 ἆρα,
2788 4629 2948 4700 ὄχλος
2979 4628 3072 4681 καὶ
3102 4625 3329 4697 θόρυϐος
3355 4621 3423 4697 ἦν
3470 4626 3596 4697 περὶ
3633 4626 3725 4679 τὸν
3760 4626 3891 4678 Θεὸν
3912 4666 3926 4689 ,
3968 4628 4059 4679 καὶ

798 4701 989 4770 Deum,
1022 4715 1077 4759 et
1110 4706 1335 4776 indiguit
1368 4706 1650 4777 Pr0phetae
1684 4709 1953 4767 clamore?
1974 4711 2109 4767 Nam
2145 4716 2236 4783 qui
2276 4716 2364 4771 hic

2476 4724 2707 4797 ἔχρῃζεν
2732 4722 2835 4791 τῆς
2856 4719 2952 4773 τοῦ
2976 4721 3258 4791 προφήτου
3284 4718 3533 4791 κραυγῆς
3555 4734 3569 4782 ;
3594 4718 3658 4770 Ol
3682 4716 3791 4786 γὰρ
3817 4712 3920 4770 ὧδε
3949 4722 4057 4780 τοῖς

797 4796 1059 4850 accedunt
1094 4797 1159 4851 ad
1189 4798 1465 4865 prmsides,
1498 4801 1621 4869 quia
1659 4803 1837 4857 sciunt
1867 4804 1993 4859 hinc
2016 4807 2235 4874 quidem
2258 4811 2365 4861 cir-

797 4898 1169 4958 cumstrepere
1211 4906 1304 4945 eos
1342 4892 1433 4961 qui
1478 4894 1531 4947 in
1565 4894 1757 4962 plateis
1791 4907 1933 4963 sunt,
1985 4898 2204 4955 aliunde
2240 4916 2366 4957 vero

796 4982 1016 5036 lictores
1047 4982 1385 5048 tumultuari,
1417 4992 1540 5038 ante
1576 4985 1809 5043 clamare
1855 5004 2156 5058 praecones,
2193 4994 2365 5062 Ipsum

794 5068 1076 5136 praesidem
1106 5070 1322 5125 excelso
1364 5071 1487 5126 duci
1531 5074 1795 5138 vehiculo.
1836 5092 1901 5133 ac
1946 5081 1998 5134 in
2035 5081 2200 5137 multa
2231 5083 2370 5139 divi-

796 5173 910 5213 sum
952 5167 1183 5213 mentem
1242 5159 1468 5227 habere;
1505 5174 1560 5215 et
1604 5173 1825 5233 propter
1878 5169 1992 5223 hzec
2040 5173 2223 5226 omnia
2274 5175 2366 5243 qui

796 5248 1018 5319 supplex
1055 5260 1160 5312 est,
1190 5252 1399 5321 cogitur
1420 5254 1571 5308 adire
1596 5271 1716 5310 cum
1756 5258 2010 5315 clamore.
2040 5263 2191 5329 Quod
2214 5265 2256 5320 si
2284 5268 2367 5318 ni-

798 5339 873 5394 hil
905 5338 1011 5393 tale
1048 5341 1189 5394 circa
1228 5340 1392 5396 Deum
1424 5356 1528 5408 est,
1570 5359 1674 5414 qua
1708 5349 1916 5403 ratione
1947 5350 2211 5420 Propheta
2248 5354 2362 5410 cla-

798 5448 951 5487 mans
994 5432 1381 5503 eloquebatur?
1435 5437 1627 5493 Verum
1682 5442 1771 5510 qui
1824 5443 1949 5497 alibi
2012 5447 2197 5500 di\it:
2248 5448 2367 5516 Ipse

796 5528 933 5577 enim
975 5525 1116 5579 novit
1165 5528 1470 5581 abscondita
1519 5533 1689 5583 cordis
1724 5533 1810 5601 “;
1862 5548 1949 5590 et:
1998 5537 2366 5606 Imperfectum

798 5632 967 5669 meum
995 5617 1233 5670 uiderunt
1260 5620 1401 5671 oeuli
1430 5623 1505 5674 tui
1528 5624 1600 5677 ul:
1632 5637 1854 5681 noverat
1879 5644 1982 5685 non
2011 5646 2169 5701 egere
2197 5633 2362 5689 Deum

869 5755 911 5827 ξ’
942 5752 1078 5827 PsaI.
1109 5769 1298 5816 cxvm,
1348 5756 1464 5810 165.
1542 5762 1587 5793 ⁵ο
1616 5761 1730 5817 Psal
1784 5782 1830 5827 (‘,
1878 5772 1915 5823 ἰ.

802 5821 846 5853 ⁸³
866 5824 1005 5880 Psal.
1046 5839 1211 5880 cum
1230 5843 1306 5888 Ill,
1352 5830 1429 5880 lu.

2472 4816 2734 4886 ἄρχουσιν
2771 4812 3235 4883 προσερχόμενοι,
3280 4807 3470 4879 ἐπειδὴ
3511 4808 3751 4870 οἴδασιν,
3788 4808 3870 4861 ὅτι
3910 4808 4058 4861 ἔνθεν

2481 4908 2578 4979 μὲν
2616 4906 2667 4959 οἱ
2698 4906 2755 4958 ὲν
2784 4905 2907 4966 ταῖς
2955 4903 3182 4973 ἀγοραῖς
3219 4900 3593 4973 πριήχοῦσιν,
3622 4899 3887 4971 ἑτέρωθεν
3921 4900 3975 4953 δὲ
4014 4904 4059 4954 οι

2482 4996 2769 5069 ῥαϐδοῦχοι
2811 4992 3160 5063 θορυϐοῦσιν,
3199 4992 3507 5064 ἔμπροσθεν
3554 4994 3602 5045 οἱ
3642 4994 3881 5065 κήρυκες
3923 4997 4033 5063 κρά

2476 5088 2680 5153 ξουσιν,
2707 5087 2871 5150 αὐτὸς
2890 5088 2918 5139 ὁ
2944 5084 3126 5157 ἄρχων
3159 5085 3251 5137 ἐπὶ
3278 5081 3483 5153 ὑψηλοῦ
3510 5084 3787 5155 ὀχήματος
3814 5086 3903 5137 καὶ
3936 5088 4049 5154 πετὲ

2477 5180 2647 5233 πολλὰ
2677 5177 2788 5249 ἔχει
2820 5176 2918 5248 τὴν
2950 5175 3190 5231 διάνοιαν
3211 5192 3223 5204 '
3255 5174 3348 5228 καὶ
3371 5173 3458 5227 διὰ
3486 5174 3659 5227 ταῦτα
3683 5176 3861 5227 πάντα
3891 5178 3919 5228 ὁ
3948 5180 4051 5227 ix:-

2475 5292 2575 5343 της
2603 5270 2973 5339 ἀναγκάζεται
2997 5267 3136 5339 μετά
3160 5266 3410 5338 κραυγῆς
3445 5265 3719 5319 ποιεῖσθαι
3741 5267 3842 5336 τὴν
3888 5270 4051 5337 προσ.

2474 5366 2610 5417 οδον.
2649 5364 2711 5416 Ei
2738 5362 2793 5414 δὲ
2822 5359 2973 5414 οὐδὲν
3007 5356 3249 5411 τοιοῦτον
3274 5356 3405 5426 περὶ
3428 5354 3520 5407 τὸν
3531 5355 3684 5418 Θεὸν,
3716 5356 3835 5418 πῶς
3860 5356 4007 5422 αὐτῷ
4028 5357 4053 5407 ὁ
4148 5414 4149 5443 1

2476 5457 2758 5525 προφήτης
2783 5450 3001 5520 κράζων
3018 5449 3289 5517 διελέγετο
3310 5466 3323 5513 ;
3363 5447 3503 5501 Ἀλλ’
3525 5449 3553 5501 ὁ
3576 5448 3634 5501 ὲν
3654 5446 3835 5510 ἄλλοις
3857 5448 4051 5499 εἰπών·

2476 5548 2665 5613 Αὐτὸς
2694 5549 2803 5617 γὰρ
2832 5544 3114 5615 γινώσκει
3147 5540 3218 5595 τὰ
3250 5541 3470 5610 κρύφια
3492 5540 3602 5609 τῆς
3634 5540 3886 5608 καρδίας
3904 5558 3916 5571 ·
3943 5544 4049 5605 καὶ,
4146 5596 4147 5601 η

2480 5640 2549 5693 Τὸ
2596 5636 3041 5707 ἀκατέργαστόν
3084 5650 3203 5702 μου
3248 5628 3413 5687 εἶδον
3449 5636 3502 5687 οι
3551 5633 3853 5702 ὀφθαλμοί
3900 5648 4047 5687 σου·

1997 5770 2036 5802 δ’
2085 5771 2222 5826 Ps.:|.
2258 5790 2374 5829 cut

2479 5775 2595 5829 ll3.
2680 5776 2721 5807 δ’
2747 5772 2887 5827 Psal.
2929 5787 2981 5838 ι,
3012 5768 3062 5820 4.
3110 5768 3299 5838 "Sap.
3337 5784 3375 5831 ι,
3403 5767 3489 5822 ll.
3532 5763 3747 5821 “Psal.
3781 5780 3933 5833 sun,
3963 5764 4042 5817 ‘22.
