4216 6324
792 416 893 473 ϐίὶἹ

2072 421 2127 475 S.
2169 415 2442 473 ASTERII
2482 416 2784 472 AMASENI

3955 421 4069 478 ΗΒ

797 542 926 594 utiui
977 541 1145 595 nostri
1196 539 1318 594 Jesu
1356 539 1587 606 Christi;
1616 542 1699 596 cui
1744 542 1911 612 gloria
1949 551 2001 597 et
2061 543 2364 612 imperium,

2474 543 2710 604 ἅπαντες
2762 539 3043 611 χαίροντες
3085 539 3175 593 καὶ
3229 541 3684 612 εὐφραινόμενοι·
3738 542 3919 612 χάριτι
3970 544 4072 596 καὶ

797 649 937 687 nunc
973 645 1025 688 et
1055 633 1105 686 in
1140 632 1344 687 inﬁnita
1377 633 1574 688 smcula
1605 635 1948 690 smeulorum.
1983 636 2171 690 Amen.

1484 897 1663 953 XVIII.

801 988 860 1042 iu
909 989 1144 1042 eumdem
1188 989 1426 1058 quintum
1473 990 1756 1056 psalmum,
1807 987 1914 1040 alio
1955 988 2128 1041 modo.
2183 986 2370 1043 Oratio

1479 1070 1688 1127 quarta.

863 1148 921 1203 2.
973 1145 1141 1201 Verba
1189 1164 1302 1200 mea
1360 1149 1573 1200 auribus
1626 1148 1850 1216 percipe,
1887 1145 2124 1200 Domine.
2184 1145 2372 1214 Qualia

799 1242 988 1303 verba,
1020 1239 1332 1309 Propheta?
1371 1239 1510 1294 Dens
1548 1239 1692 1293 enim
1743 1240 1890 1294 novit
1920 1254 2003 1305 ca,
2036 1239 2196 1293 etiam
2221 1247 2375 1293 ante-

796 1342 960 1398 quam
995 1327 1063 1382 de
1117 1327 1221 1381 illis
1255 1328 1595 1395 cogitaveris.
1646 1326 1755 1382 Nos
1789 1342 1919 1396 ergo
1974 1329 2136 1393 doce,
2191 1327 2374 1397 qualia

795 1423 963 1474 verba
995 1422 1108 1474 Deo
1129 1421 1194 1472 ad
1242 1419 1598 1489 placatiouem
1655 1421 1961 1489 protuleris,
2008 1432 2064 1475 ιιι
2108 1436 2206 1476 nos
2236 1435 2374 1490 quo-

795 1529 900 1582 que
937 1495 1126 1583 Iisdem
1173 1521 1409 1565 utamur.
1467 1511 1658 1579 Qualia
1709 1512 1923 1566 verba?
1970 1514 2106 1568 Audi
2159 1528 2278 1582 quae
2319 1513 2372 1566 in

796 1607 1070 1676 proposito
1096 1605 1306 1676 psalmo
1333 1606 1620 1668 habentur,
1674 1620 1794 1674 quas
1846 1606 1953 1660 Deo
2002 1606 2216 1670 dicens,
2261 1615 2371 1659 tum

802 1682 1064 1769 tneipsum
1103 1701 1375 1760 moderor,
1403 1707 1517 1750 tum
1549 1697 1696 1751 illum
1726 1697 1902 1761 ﬂecto,
1951 1707 2062 1751 tum
2096 1699 2373 1754 auditores

799 1795 1084 1849 admoneo.
1119 1794 1238 1849 Dixi
1281 1794 1452 1848 infra:
1488 1794 1539 1849 ὕ.
1565 1793 1838 1860 .Quoniam
1871 1809 1974 1847 non
2015 1792 2155 1847 Deus
2199 1792 2373 1847 uolens

2479 633 2857 702 φιλανθρωπίᾳ
2882 633 2975 684 τοῦ
3003 633 3210 704 Κυρίου
3244 633 3399 704 ἡμῶν
3442 633 3617 705 Ἰησοῦ
3647 634 3887 706 Χριστοῦ
3912 652 3926 665 ο
4037 637 4067 704 ὴ

2475 723 2603 789 δόξα
2635 725 2729 776 καὶ
2759 722 2819 775 τὸ
2854 724 3074 794 κράτος,
3111 721 3205 776 νῦν
3251 724 3346 776 καὶ
3380 726 3459 787 εἰς
3504 725 3631 787 τοὺς
3674 724 4069 794 ἀτελευτήτους

2475 814 2678 878 αἰῶνας
2706 815 2814 866 τῶν
2845 813 3077 868 αἰώνων.
3121 815 3314 884 Ἀμήν.

3215 909 3325 960 lIi'.

2570 999 2674 1063 Εἰς
2707 996 2812 1051 τὸν
2835 997 3025 1050 αὑτὸν
3057 995 3099 1050 ε’
3130 997 3399 1066 ψαλμὸν,
3425 995 3650 1065 ἄλλως.
3678 1000 3868 1068 Λόγος
3902 995 3971 1050 δ’.

2549 1155 2624 1210 B'.
2650 1154 2727 1209 Τὰ
2737 1152 2976 1223 ῥήματά
2991 1171 3111 1222 μου
3129 1153 3425 1214 ὲνώτισαι,
3449 1152 3647 1219 Κύριε.
3662 1151 3798 1204 Ποῖα
3819 1151 4070 1221 ῥήματα,

2477 1246 2761 1319 προφῆτα;
2805 1246 2862 1297 '0
2893 1244 2990 1314 μὲν
3017 1242 3127 1313 γὰρ
3155 1242 3289 1306 Θεὸς
3310 1239 3452 1296 οἶδεν
3481 1242 3619 1295 αὐτὰ
3643 1242 3729 1295 καὶ
3767 1243 3896 1313 πρὶν
3925 1239 4072 1292 αὐτὰ

2475 1334 2810 1406 ὲνθυμηθῇς.
2858 1333 3039 1404 Ἡμᾶς
3077 1330 3170 1387 οὖν
3213 1333 3454 1398 δίδαξον,’
3491 1336 3622 1388 ποῖα
3665 1335 3885 1405 ῥήματα
3928 1332 4070 1402 πρὸς

2475 1427 2790 1497 δυσώπησιν
2820 1425 2898 1496 τῷ
2929 1425 3048 1494 Θεῷ
3080 1427 3486 1497 προσήνεγκας,
3515 1426 3604 1479 ἵνα
3629 1426 3724 1478 καὶ
3761 1426 3919 1494 ἡμεῖς
3953 1426 4070 1486 τοῖς

2476 1519 2661 1582 αὐτοῖς
2708 1517 3065 1589 χρησώμεθα.
3116 1517 3252 1569 Ποῖα
3299 1519 3552 1588 ρήματας
3607 1518 3874 1570 Ἀκουσον
3905 1514 3975 1566 τὰ
4009 1515 4070 1566 ὲν

2475 1611 2556 1682 τῷ
2584 1611 2935 1680 προκειμένῳ
2984 1609 3216 1680 ψαλμῷ,
3265 1611 3410 1681 ἆπερ
3447 1609 3620 1678 λέγων
3659 1608 3736 1677 τῷ
3777 1606 3926 1677 Θεῷ,
3972 1607 4071 1660 καὶ

2477 1702 2712 1773 ἐμαυτὸν
2755 1701 3103 1772 σωφρονίζει),
3147 1703 3242 1754 καὶ
3292 1701 3456 1756 αὑτὸν
3490 1699 3754 1761 δυσωπῶ,
3801 1700 3895 1751 καὶ
3939 1698 4070 1761 τοὺς

2476 1794 2774 1857 ἀκούοντας
2819 1793 3074 1846 νουθετῶ.
3115 1789 3282 1846 Εἶπον
3319 1792 3706 1853 ὑποκαταϐὰς·
3756 1791 3882 1841 ’Ὁτι
3928 1789 4071 1855 οὐκὶ

797 1888 1128 1958 iniquitatem
1157 1895 1211 1939 tu
1244 1902 1316 1940 es.
1352 1884 1416 1939 Ει
1437 1900 1605 1956 quare
1636 1886 1714 1940 sic
1739 1885 1965 1940 dixisti?
1998 1885 2134 1952 Quia
2175 1885 2371 1952 iniqui-

2480 1885 2625 1952 Θεὸς
2650 1885 2845 1939 θέλων
2871 1887 3122 1954 ἀνομίαν
3156 1883 3238 1938 σὺ
3259 1881 3331 1940 εἷ.
3354 1885 3465 1937 Καὶ
3493 1883 3578 1936 διὰ
3604 1885 3655 1935 τί
3676 1881 3847 1944 οὕτως
3871 1876 4070 1942 sine;

796 1987 952 2029 tatem
1007 1978 1127 2030 odio
1172 1977 1330 2031 Itabui
1373 1988 1420 2032 et
1466 1978 1794 2031 abominatus
1825 1995 1940 2030 sum
1968 1978 2030 2030 ”.
2079 1977 2195 2030 Non
2228 1979 2371 2032 enim

793 2068 1114 2137 simpliciter
1167 2069 1328 2122 verba
1388 2070 1784 2138 pronuntiavit,
1836 2079 1890 2123 ut
1946 2070 2220 2138 plerique;
2277 2069 2370 2124 sed

795 2161 944 2228 prius
968 2177 1026 2214 ea
1054 2176 1112 2214 rc
1157 2147 1269 2229 ipsa
1297 2162 1576 2225 exhibuit;
1629 2161 1815 2230 sicque
1868 2161 2206 2216 conﬁdenter
2239 2165 2372 2215 dixit

795 2253 953 2308 Deo:
998 2251 1167 2306 Verba
1200 2269 1313 2306 mea
1366 2253 1582 2307 auribus
1637 2255 1862 2322 percipe,
1924 2252 2161 2306 Domine.
2211 2253 2366 2306 Dixi:

793 2344 844 2397 6.
881 2343 1002 2397 Non
1030 2343 1284 2396 habitabit
1302 2342 1463 2412 juxta
1509 2355 1556 2396 te
1599 2345 1882 2414 malignus.
1929 2344 2076 2398 Cur?
2102 2345 2236 2410 Quia
2273 2344 2368 2398 bo-

796 2447 896 2487 nus
932 2433 1137 2486 visione
1162 2432 1371 2486 Domini
1426 2433 1668 2500 apparui.
1717 2433 1840 2487 Ideo
1875 2443 1926 2486 et
1980 2434 2286 2488 declinante
2341 2449 2370 2487 a

794 2541 879 2579 me
910 2523 1050 2578 malo
1086 2539 1190 2578 non
1221 2523 1615 2594 cognoscebam
1644 2523 1710 2574 ‘°.
1749 2524 1862 2577 Dixi
1892 2543 1902 2576 :
1941 2524 2061 2577 Non
2095 2541 2372 2593 permane-

796 2618 916 2670 bunt
948 2615 1134 2684 injttsti
1187 2623 1308 2670 ante
1351 2616 1528 2668 oculos
1563 2625 1699 2668 tuos.
1739 2616 1798 2668 Et
1834 2630 1995 2684 quam
2029 2615 2098 2668 ob
2129 2632 2239 2670 rem
2267 2617 2370 2672 hoc

793 2710 974 2764 dicere
1008 2723 1171 2762 ausus
1203 2707 1296 2762 es?
1343 2708 1606 2772 Quoniam
1665 2709 1872 2778 iniquos
1927 2711 2047 2762 odio
2098 2710 2279 2774 habui,
2312 2719 2370 2763 at

793 2803 954 2870 legem
979 2810 1124 2852 tuam
1156 2799 1316 2851 dilexi
1346 2799 1409 2851 “.
1434 2798 1531 2863 Qui
1565 2808 1741 2850 autem
1777 2798 1972 2866 injuste
1994 2807 2213 2868 agentes
2232 2801 2367 2866 odit,

793 2907 1065 2962 nunquam
1126 2906 1255 2945 sane
1303 2889 1680 2959 cooperabitur
1730 2889 2025 2956 injustitiis.
2082 2890 2199 2951 Dixi
2245 2911 2257 2945 τ
2313 2892 2367 2948 7.

794 2984 966 3040 Odisti
992 3000 1166 3037 omnes
1216 2984 1301 3052 qui
1341 2989 1625 3050 operantur
1654 2981 1995 3049 iniquitatem.
2034 2983 2170 3046 Quid
2205 2999 2369 3054 ergo,

792 3078 906 3145 ipse
943 3091 1046 3130 non
1073 3076 1250 3142 inique
1281 3073 1475 3144 egisti?
1522 3071 1625 3126 Sed
1653 3081 1766 3140 post
1796 3083 2067 3140 peractam
2115 3075 2372 3143 iniquita-

792 3179 898 3221 tem
935 3168 1254 3236 deprecatus
1308 3179 1423 3218 sum
1459 3182 1472 3218 ;
1511 3164 1745 3232 Amplius
1790 3164 1905 3218 lava
1943 3181 2024 3219 me
2077 3168 2141 3220 ab
2171 3169 2371 3239 iniqui-

2487 1978 2706 2049 Ἐπειδὴ
2757 1978 3014 2046 ἀνομίαν
3061 1960 3330 2045 ἐμίσησα
3371 1975 3469 2030 καὶ
3518 1973 3960 2041 ἐϐδελυξάμην.
3989 1972 4068 2025 Οὐ

2470 2071 2584 2140 γὰρ
2629 2069 2816 2132 ἁπλῶς
2849 2068 2918 2121 τὰ
2965 2069 3187 2139 ῥήματα
3233 2069 3441 2136 ἔλεγεν,
3485 2069 3558 2132 ὡς
3592 2071 3639 2120 οἱ
3674 2068 3891 2120 ’πολλοί⁸
3929 2065 4071 2121 ἀλλὰ.

2478 2157 2693 2230 πρῶτον
2729 2159 2866 2211 αὐτὰ
2903 2157 3101 2222 ἔδειξεν
3138 2161 3460 2228 πραγματιο
3493 2158 3586 2209 καλ¹
3628 2157 3800 2219 οὕτως
3839 2156 4069 2229 θαρρῶν

2476 2251 2630 2307 εἶπεν
2669 2252 2747 2324 τῷ
2777 2252 2926 2323 Θεῷο
2965 2250 3041 2306 Τὰ
3082 2251 3324 2320 ῥήματά
3360 2267 3479 2319 μου
3525 2250 3824 2312 ἐνώτισαι,
3860 2252 4066 2319 Κύριε.

2475 2340 2642 2397 Εἶπον
2664 2361 2675 2372 ·
2701 2346 2782 2397 Οὐ
2817 2341 3172 2408 παροικήσει
3199 2359 3297 2394 σοι
3325 2341 3826 2416 ποντιρευόμετὋς.
3850 2340 3950 2394 Διὰ
3979 2342 4033 2394 τε
4053 2360 4066 2404 ;

2485 2435 2702 2504 Ἐπειδὴ
2737 2434 2938 2503 ἀγαθὸς
2964 2437 3030 2504 τῇ
3060 2435 3247 2504 ὁράσει
3280 2435 3488 2505 Κυρίου
3529 2433 3773 2504 πέφηνω
3800 2433 3867 2485 δι’
3905 2433 3935 2485 ὃ
3971 2435 4071 2488 καὶ

2465 2527 2807 2590 ἐκκλίνοντος
2842 2527 2936 2580 ἀπ’
2977 2527 3110 2596 ἐμοῦ
3148 2524 3243 2578 τοῦ
3289 2525 3551 2596 πονηροῦ,
3598 2527 3696 2578 οὐκ
3737 2527 4065 2594 ἐγίνωσκον.

2474 2615 2640 2670 Εἶπον
2663 2634 2676 2648 °
2698 2620 2778 2670 Οὐ
2808 2616 3198 2686 διαμενοῦσιν
3229 2615 3559 2685 παράνομοι
3594 2618 3906 2669 κατέναντι
3944 2615 4070 2669 τῶν

2474 2707 2798 2779 ὀφθαλμῶν
2824 2721 2958 2761 σου.
2991 2709 3102 2764 Καὶ
3132 2707 3220 2761 διὰ
3239 2710 3291 2760 τί
3324 2709 3481 2761 τοῦτο
3509 2711 3680 2761 εἰπεῖν
3708 2708 4026 2779 ἐθάρρησας
4050 2724 4064 2771 ;

2487 2801 2705 2872 Ἐπειδὴ
2735 2801 3123 2868 παρανόμους
3146 2799 3432 2868 ἐμίσησα,
3469 2799 3578 2852 τόν
3615 2799 3682 2852 δὲ
3717 2802 3907 2869 νόμον
3943 2814 4068 2854 σου

2471 2892 2782 2965 ἠγάπησα.
2823 2893 2881 2946 '0
2915 2892 2970 2946 δὲ
3009 2891 3463 2963 παρανομοῦντας
3519 2892 3693 2962 μισῶν
3721 2892 3819 2943 οὐκ
3851 2891 3918 2944 ἂν
3952 2907 4069 2944 πα-

2474 2985 2762 3057 ρανομίαις
2794 2985 3105 3057 συνεργὴσῃ
3133 2984 3283 3037 ποτέ.
3319 2980 3518 3036 Εἶπον·
3559 2984 3892 3052 Ἐμίσησας
3909 2982 4071 3036 πάν-

2472 3093 2578 3143 τας
2609 3078 2753 3143 τοὺς
2769 3074 3200 3146 ἐργαᾷθμένους
3226 3075 3342 3144 τὴν
3361 3075 3639 3144 ἀνομίαν.
3665 3075 3728 3126 Τί
3751 3071 3865 3137 οὖν,
3896 3074 4068 3139 αὐτὸς

2472 3170 2571 3222 οὐκ
2595 3168 2908 3239 ὴνόμησας;
2941 3166 3100 3220 Ἀλλὰ
3127 3168 3408 3238 ἀνομήσας
3434 3167 3679 3237 ἐδεήθην·
3715 3163 4072 3219 Ἐπιπλεῖον

791 3270 897 3314 tate
922 3275 1035 3313 mea
1061 3260 1124 3313 δ’.
1159 3259 1274 3312 Dixi
1307 3279 1319 3313 :
1348 3257 1543 3311 Perdes
1571 3273 1745 3313 omnes
1785 3260 1874 3329 qui
1919 3259 2202 3330 loquuntur
2225 3277 2371 3314 men-

2474 3260 2715 3314 πλῦνον
2743 3275 2820 3327 με
2855 3256 2975 3312 ἀπὸ
3025 3257 3134 3324 τῆς
3168 3257 3422 3326 ἀνομίας
3474 3273 3616 3325 μου.
3676 3251 3876 3309 Εἶπον·
3931 3256 4068 3308 Ἀπ-

791 3353 1026 3405 decium.
1083 3349 1348 3405 Caeterum
1405 3351 1494 3419 qui
1537 3362 1760 3406 noverat
1796 3353 1972 3421 perire
2029 3354 2366 3420 mendacem,

789 3458 896 3497 non
949 3443 1240 3497 maculavit
1275 3443 1558 3496 mendacio
1592 3444 1826 3512 linguam
1877 3459 2048 3511 suam,
2087 3459 2188 3500 nec
2219 3461 2371 3498 mcu-

791 3533 974 3587 tiendo
1054 3533 1179 3586 fecit
1221 3547 1338 3585 eam
1414 3534 1515 3587 iter
1566 3535 1899 3602 perditionis.
1935 3535 2129 3591 Dixit:
2183 3536 2370 3591 Virum

789 3625 1106 3692 eanguinum
1135 3633 1184 3677 et
1227 3623 1463 3678 dolorum
1506 3625 1838 3680 abominetur
1878 3627 2153 3682 Dominus.
2194 3629 2373 3698 Atque

792 3715 1073 3778 dolosum,
1139 3715 1313 3769 virum
1375 3717 1694 3786 sanguinum
1759 3718 2063 3787 appellavit.
2131 3719 2246 3786 Qua
2301 3721 2374 3774 de

791 3804 992 3862 causa?
1041 3806 1307 3873 Quoniam
1358 3809 1574 3865 dolosus
1625 3819 1702 3866 tot
1748 3812 2026 3877 interﬁcit,
2084 3825 2213 3884 quot
2246 3817 2370 3872 dolo

791 3897 1010 3967 decipit.
1043 3896 1177 3951 Nam
1221 3898 1457 3966 dolosus,
1505 3898 1631 3954 dum
1684 3902 1827 3958 aliud
1873 3915 2096 3974 apparet
2124 3915 2180 3960 et
2225 3908 2369 3962 aliud

791 3987 1025 4052 exsisdt,
1057 3990 1316 4044 mentitur
1353 4006 1466 4046 ore.
1503 3991 1575 4047 οε
1599 4004 1771 4048 autem
1800 3997 1938 4064 quod
1971 3997 2248 4063 mentitur,
2277 4015 2365 4052 oc-

790 4083 917 4134 cidit
939 4083 1169 4136 nnimam
1197 4081 1263 4135 “.

864 4241 998 4307 Quia
1023 4244 1188 4310 igitur
1215 4243 1514 4318 lmjnsmodi
1551 4246 1711 4300 verba
1744 4246 2080 4316 loquebatur,
2104 4268 2223 4322 qua:
2256 4254 2368 4306 ido-

793 4343 893 4382 nea
941 4343 1098 4384 erant
1128 4342 1183 4386 et
1226 4334 1397 4402 ipsum
1434 4331 1646 4388 ellicere
1687 4334 1914 4402 justum,
1951 4348 2004 4391 et
2056 4337 2224 4393 Deum
2257 4342 2371 4407 pla-

791 4437 938 4487 care,
969 4435 1024 4478 et
1047 4429 1328 4481 audientes
1361 4428 1598 4491 erudire,
1656 4438 1944 4500 eapropter
1986 4433 2154 4487 dixit:
2205 4432 2369 4487 Veiba

793 4532 911 4569 mea
953 4518 1169 4572 auribus
1224 4522 1448 4590 percipe,
1495 4519 1750 4590 Domine;
1807 4525 2036 4596 intellige
2085 4529 2369 4581 clamorem

2474 3351 2639 3416 ολεῖς
2691 3349 2925 3414 πάντας
2970 3347 3114 3413 τοὺς
3142 3347 3485 3412 λαλοῦντας
3509 3347 3573 3400 τὸ
3603 3346 3852 3414 ψεῦδος.
3912 3347 3976 3399 ⁸0
4011 3346 4071 3399 δὲ

2472 3443 2648 3505 εὶδὼς,
2679 3443 2759 3496 ὅτι
2778 3439 3150 3511 όψευδόμενος
3176 3438 3495 3502 ἀπόλλυται,
3527 3439 3626 3491 οὐκ
3655 3441 3720 3492 ἂν
3750 3439 3850 3510 τὴν
3880 3438 4068 3506 γλῶσ-

2475 3553 2572 3589 σαν
2621 3532 2785 3587 αὑτοῦ
2842 3532 2920 3603 τῷ
2959 3532 3144 3602 ψεύδει
3169 3531 3492 3594 ὲσπίλωσεν,
3537 3529 3657 3583 οὐδὲ
3685 3531 3752 3583 ἂν
3784 3531 4070 3594 ἀπωλείας

2470 3629 2589 3681 ὁδὸν
2619 3629 2822 3698 ταύτην
2836 3626 3095 3697 ἐποίησεν
3116 3625 3464 3696 ψευδόμενος.
3492 3621 3659 3677 Εἶπεν
3679 3639 3692 3653 ·
3724 3624 3955 3693 Ἀνδρα
3981 3629 4070 3681 αἶ’

2467 3716 2673 3787 μάτων
2702 3716 2798 3769 καὶ
2840 3715 3049 3768 δόλιον
3079 3716 3499 3780 ,βδελύσσεται
3539 3718 3779 3784 Κύριος.
3815 3717 3928 3768 Καὶ
3973 3717 4068 3769 τὸν

2470 3808 2642 3861 δόλιον
2694 3806 2861 3877 ἄνδρα
2894 3805 3139 3876 αἱμάτων
3179 3804 3458 3858 ἐκάλεσεν.
3510 3803 3606 3856 Διὰ
3635 3805 3720 3869 τί;
3767 3806 3995 3876 Ἐπειδὴ
4042 3811 4070 3859 ὁ

2471 3899 2644 3960 δόλιος
2684 3898 2973 3960 τοσούτους
3007 3895 3244 3966 φονεύει,
3295 3896 3454 3957 ὅσους
3486 3894 3804 3948 δολιεύεται.
3856 3897 3914 3947 '0
3956 3897 4071 3967 γὰρ

2469 3990 2665 4054 δόλιος,
2699 3988 2826 4043 ἄλλο
2852 3987 3176 4058 φαινόμενος
3226 3986 3319 4040 καὶ
3349 3985 3476 4038 ἄλλο
3499 3985 3802 4054 γινόμενος,
3832 3983 3913 4054 τῷ
3944 3987 4068 4038 στόο

2477 4099 2607 4153 ματι
2634 4081 2910 4150 ψεύδεται.
2939 4080 3138 4148 Στόμα
3159 4077 3226 4130 δὲ
3267 4074 3801 4144 καταψευδόμενον
3828 4076 4069 4145 ἀναιρεῖ

2471 4171 2706 4241 ψυχήν.

2556 4263 2708 4316 Ἐπεὶ
2745 4258 2838 4316 οὖν
2871 4259 3099 4314 τοιαῦτα
3127 4258 3304 4313 ἐλάλει
3347 4260 3588 4330 ῥήματα,
3624 4258 3765 4330 ἆπερ
3795 4253 3863 4327 ἦν
3899 4258 4069 4312 ἱκανὰ

2475 4355 2568 4407 καὶ
2603 4354 2766 4407 αὑτὸν
2805 4352 3120 4414 δικαιῶσαι,
3154 4350 3248 4403 καὶ
3278 4349 3408 4402 Θεὸν
3437 4351 3776 4420 δυσωπῆσαι,
3810 4350 3904 4402 καὶ
3937 4354 4068 4411 τοὺς

2473 4444 2769 4506 ἀκούοντας
2807 4441 3112 4505 παιδεῦσαι,
3156 4440 3245 4494 διὰ
3286 4440 3444 4493 τοῦτο
3473 4437 3660 4493 εἶπενο
3704 4441 3779 4494 Τὰ
3816 4441 4068 4510 ῥήματά

2467 4554 2587 4605 μου
2619 4535 2914 4597 ἑνώτισαι,
2933 4534 3107 4601 Κύριε
3130 4547 3143 4560 ⁸
3171 4532 3357 4597 σύνες
3382 4531 3493 4599 τῆς
3523 4531 3792 4601 κραυγῆς
3817 4550 3965 4600 μου.
4003 4534 4066 4585 Ti

793 4623 986 4664 meum.
1020 4607 1158 4675 Quid
1192 4613 1366 4674 enim,
1432 4615 1585 4667 turba
1635 4624 1689 4668 et
1742 4617 2000 4670 tumultus
2054 4622 2366 4682 eratcirca

2474 4631 2581 4698 γὰρ
2618 4623 2746 4698 ἆρα,
2786 4626 2944 4697 ὄχλος
2977 4625 3069 4677 καὶ
3099 4622 3326 4694 θόρυϐος
3353 4619 3420 4694 ἦν
3467 4623 3593 4694 περὶ
3631 4623 3723 4674 τὸν
3759 4623 3926 4687 Θεὸν,
3971 4627 4066 4676 καὶ

797 4698 986 4767 Deum,
1021 4711 1075 4755 et
1107 4702 1333 4772 indiguit
1366 4702 1646 4773 Propheta:
1681 4706 1950 4762 clamore?
1972 4707 2106 4763 Nam
2142 4712 2233 4780 qui
2275 4713 2361 4767 hic

795 4792 1057 4846 accedunt
1093 4793 1155 4845 ad
1187 4795 1462 4861 prmsides,
1495 4797 1617 4864 quia
1657 4799 1834 4852 sciunt
1864 4801 1989 4855 hinc
2013 4803 2232 4871 quidem
2256 4808 2362 4857 cir-

795 4894 1166 4954 cumstrepere
1209 4902 1301 4941 eos
1340 4888 1430 4957 qui
1476 4891 1528 4942 in
1562 4891 1753 4958 plateis
1789 4904 1930 4959 sunt,
1982 4895 2200 4952 aliunde
2237 4913 2364 4953 vero

793 4978 1014 5031 lictores
1045 4978 1382 5044 tumultuari,
1414 4989 1536 5034 ante
1573 4982 1806 5039 clamare
1852 5000 2152 5054 praecones,
2191 4991 2362 5058 ipsum

792 5063 1074 5132 praesidem
1104 5066 1320 5121 excelso
1362 5067 1484 5122 duci
1528 5071 1791 5134 vehiculo,
1833 5089 1898 5129 ac
1944 5078 1995 5130 in
2033 5079 2196 5133 multa
2229 5080 2366 5135 divi-

794 5169 907 5209 sum
949 5163 1180 5208 mentem
1240 5155 1466 5223 habere;
1503 5171 1557 5211 et
1602 5171 1821 5229 propter
1875 5165 1989 5219 hrec
2037 5169 2219 5222 omnia
2271 5171 2363 5239 qui

793 5244 1014 5315 supplex
1053 5257 1157 5308 est,
1188 5249 1397 5316 cogitur
1418 5251 1567 5304 adire
1593 5268 1713 5306 cum
1754 5255 2006 5311 clamore.
2037 5260 2188 5324 Quod
2211 5262 2252 5315 si
2281 5264 2364 5314 ni-

796 5337 870 5390 hil
903 5335 1008 5389 tale
1045 5339 1186 5390 circa
1226 5337 1389 5392 Deum
1421 5353 1525 5403 est,
1568 5356 1671 5410 qua
1705 5345 1912 5399 ratione
1944 5347 2207 5416 Propheta
2246 5351 2358 5406 cla-

796 5445 947 5484 mans
992 5429 1377 5500 eloquebatur?
1433 5434 1624 5488 Verum
1680 5439 1769 5506 qui
1822 5439 1946 5494 alibi
2009 5443 2193 5496 di\it:
2244 5444 2363 5511 Ipse

794 5525 930 5574 enim
973 5522 1113 5575 norit
1163 5524 1466 5576 abscondita
1517 5529 1686 5579 cordis
1721 5530 1807 5597 “;
1858 5544 1946 5586 et:
1995 5534 2362 5601 [nipe-"Ic'tlil’u

796 5629 963 5665 meum
992 5614 1230 5667 viderunt
1257 5617 1398 5667 oculi
1428 5619 1502 5670 tui
1526 5621 1597 5673 "5:
1629 5633 1851 5678 noverat
1877 5641 1978 5680 non
2009 5642 2165 5698 egere
2193 5629 2359 5686 Deum

866 5751 908 5823 f9
939 5749 1074 5804 Psal.
1106 5765 1294 5813 cxvttt,
1344 5753 1461 5806 165.
1540 5757 1726 5813 “Puni
1781 5778 1827 5823 (ι,
1876 5769 1912 5819 ε,

800 5818 843 5847 ⁸⁵
864 5820 1002 5876 Psal.
1044 5836 1208 5876 cum
1228 5840 1302 5884 Ill,
1349 5827 1426 5876 it).

2475 4721 2704 4793 ἔχρῃζεν
2731 4719 2832 4787 τῆς
2855 4716 2949 4770 τοῦ
2974 4718 3255 4788 προφήτου
3282 4715 3530 4788 κραυγῆς
3554 4731 3567 4778 ;
3592 4716 3655 4767 Ol
3679 4714 3788 4783 γὰρ
3815 4709 3921 4767 ὧδε
3951 4721 4064 4778 τοῖς

2472 4812 2731 4882 ἄρχουσιν
2769 4809 3232 4879 προσερχόμενοι,
3277 4805 3467 4876 ἐπειδὴ
3509 4805 3748 4866 οἴδασιν,
3787 4805 3868 4857 ὅτι
3912 4805 4064 4859 evom-

2480 4905 2577 4974 μὲν
2615 4903 2665 4954 οἱ
2697 4903 2754 4953 ὲν
2783 4902 2904 4962 ταῖς
2953 4901 3178 4969 ἀγοραῖς
3217 4897 3589 4970 ττεριηχοῦσιν,
3620 4896 3887 4967 ἑτέρωθεν
3922 4899 3978 4951 δὲ
4019 4903 4064 4951 οξ

2480 4991 2766 5064 ῥαϐδοῦχοι
2810 4988 3157 5059 θορυϐοῦσιν,
3196 4990 3504 5060 ἔμπροσθεν
3553 4991 3600 5042 οἱ
3641 4991 3880 5060 κήρυκες
3925 4997 4039 5060 κρα

2474 5085 2678 5149 ζουσιν,
2706 5082 2868 5145 αὐτὸς
2889 5085 2916 5135 ό
2943 5081 3123 5154 ἄρχων
3157 5082 3247 5133 ἐπὶ
3275 5078 3480 5149 ὑψηλοῦ
3509 5080 3783 5151 ὀχήματος
3811 5083 3904 5133 καὶ
3938 5088 4056 5151 πείξ

2475 5175 2646 5228 πολλὰ
2676 5173 2786 5244 ἔχει
2818 5172 2916 5242 τὴν
2948 5172 3187 5226 διάνοιαν
3209 5189 3220 5200 ·
3252 5171 3345 5224 καὶ
3369 5170 3455 5224 διὰ
3484 5170 3656 5223 ταῦτα
3681 5175 3858 5224 πάντα
3892 5176 3920 5226 ό
3951 5177 4057 5226 Ξκς-

2473 5287 2572 5338 της
2602 5266 2971 5335 ἀναγκάζεται
2996 5263 3133 5334 μετὰ
3159 5264 3407 5334 κραυγῆς
3443 5262 3715 5316 ποιεῖσθαι
3738 5265 3837 5332 τὴν
3890 5269 4058 5335 πρόσ-

2471 5362 2608 5413 οδον.
2647 5361 2710 5411 Εἰ
2737 5358 2791 5409 δὲ
2821 5355 2972 5410 οὐδὲν
3006 5353 3246 5406 τοιοῦτον
3273 5353 3402 5422 περὶ
3427 5351 3517 5404 τὸν
3529 5353 3680 5415 Θεὸν,
3713 5353 3830 5414 πῶς
3857 5354 4011 5421 αὺτῷ
4035 5356 4061 5405 ό

2474 5453 2756 5521 προφήτης
2782 5446 2998 5516 κράζων
3017 5445 3287 5512 διελέγετο
3308 5463 3321 5509 ;
3361 5443 3500 5497 Ἀλλ’
3523 5447 3550 5496 ὁ
3573 5445 3631 5496 ὲν
3650 5443 3828 5505 ἄλλοις
3855 5446 4027 5497 εἰπών
4050 5464 4058 5474 ·

2475 5545 2663 5608 ,Αἰ-τός
2693 5546 2801 5613 γὰρ
2831 5540 3112 5612 γινώσκει
3146 5537 3216 5590 τὰ
3247 5538 3467 5606 κρύφια
3491 5537 3598 5604 τῆς
3631 5536 3884 5604 καρδίας
3905 5556 3918 5568 ο
3947 5543 4058 5602 καί,

2479 5637 2547 5690 Τό
2595 5633 3039 5703 ἀκατέργαστόν
3082 5646 3200 5698 μου
3246 5625 3409 5682 εἶδον
3447 5633 3499 5682 at
3549 5630 3848 5698 ὀφθαλμοί
3901 5646 4055 5684 σοιε·

1995 5767 2032 5798 ⁸⁸
2082 5769 2219 5823 ΡςυΙ.
2256 5787 2372 5825 cui

2481 5773 2577 5825 115
2678 5773 2718 5804 δ’
2746 5769 2883 5824 Psal.
2928 5784 2979 5833 ι,
3011 5765 3060 5816 ’t.
3109 5764 3296 5834 “Sap.
3335 5764 3486 5828 1,“.
3529 5763 3576 5800 δι
3601 5760 3742 5816 Ρετιι.
3775 5775 3934 5829 xuii,
3968 5763 4051 5816 92.
