  <div class='ocr_page' id='page_1' title='image "/cluster/home/n/w/nwhite01/storage/ocr_20150623/40/pst.000005712373/243.png"; bbox 0 0 4216 6324; ppageno 0'>
   <div class='ocr_carea' id='block_1_1' title="bbox 725 396 831 452">
    <p class='ocr_par' dir='ltr' id='par_1_1' title="bbox 725 396 831 452">
     <span class='ocr_line' id='line_1_1' title="bbox 725 396 831 452; baseline -0.028 0"><span class='ocrx_word' id='word_1_1' title='bbox 725 396 831 452; x_wconf 70' lang='grc' dir='ltr'>ιιις</span> 
     </span>
    </p>
   </div>
   <div class='ocr_carea' id='block_1_2' title="bbox 1998 389 2724 452">
    <p class='ocr_par' dir='ltr' id='par_1_2' title="bbox 1998 389 2724 452">
     <span class='ocr_line' id='line_1_2' title="bbox 1998 389 2724 452; baseline 0 -4"><span class='ocrx_word' id='word_1_2' title='bbox 1998 399 2066 452; x_wconf 81' lang='lat' dir='ltr'><strong>S.</strong></span> <span class='ocrx_word' id='word_1_3' title='bbox 2101 389 2377 445; x_wconf 69' lang='lat' dir='ltr'><strong>AbTERZl</strong></span> <span class='ocrx_word' id='word_1_4' title='bbox 2426 389 2724 448; x_wconf 68' lang='lat' dir='ltr'><strong>AMASE&#39;XI</strong></span> 
     </span>
    </p>
   </div>
   <div class='ocr_carea' id='block_1_3' title="bbox 3893 398 3997 450">
    <p class='ocr_par' dir='ltr' id='par_1_3' title="bbox 3893 398 3997 450">
     <span class='ocr_line' id='line_1_3' title="bbox 3893 398 3997 450; baseline 0.019 -2"><span class='ocrx_word' id='word_1_5' title='bbox 3893 398 3997 450; x_wconf 65' lang='lat'><strong>456</strong></span> 
     </span>
    </p>
   </div>
   <div class='ocr_carea' id='block_1_4' title="bbox 721 507 2308 584">
    <p class='ocr_par' dir='ltr' id='par_1_4' title="bbox 721 507 2304 579">
     <span class='ocr_line' id='line_1_4' title="bbox 721 507 2304 579; baseline 0 -19"><span class='ocrx_word' id='word_1_6' title='bbox 721 521 829 576; x_wconf 87' lang='lat' dir='ltr'><strong>que</strong></span> <span class='ocrx_word' id='word_1_7' title='bbox 885 507 952 563; x_wconf 90' lang='lat' dir='ltr'><strong>ob</strong></span> <span class='ocrx_word' id='word_1_8' title='bbox 1000 508 1457 574; x_wconf 86' lang='lat' dir='ltr'><strong>inobedicutiam,</strong></span> <span class='ocrx_word' id='word_1_9' title='bbox 1520 523 1642 564; x_wconf 87' lang='lat' dir='ltr'><strong>cum</strong></span> <span class='ocrx_word' id='word_1_10' title='bbox 1696 509 2025 579; x_wconf 80' lang='lat' dir='ltr'><strong>deliquerit,</strong></span> <span class='ocrx_word' id='word_1_11' title='bbox 2061 510 2304 564; x_wconf 83' lang='lat' dir='ltr'><strong>immittit</strong></span> 
     </span>
    </p>
   </div>
   <div class='ocr_carea' id='block_1_5' title="bbox 2406 507 3995 584">
    <p class='ocr_par' dir='ltr' id='par_1_5' title="bbox 2412 510 3995 584">
     <span class='ocr_line' id='line_1_5' title="bbox 2412 510 3995 584; baseline 0.003 -23"><span class='ocrx_word' id='word_1_12' title='bbox 2412 510 2613 583; x_wconf 82' lang='grc' dir='ltr'>ακοὴν,</span> <span class='ocrx_word' id='word_1_13' title='bbox 2649 512 3029 584; x_wconf 77' lang='grc' dir='ltr'>ἁμαρτήσαντι</span> <span class='ocrx_word' id='word_1_14' title='bbox 3097 512 3316 580; x_wconf 76' lang='grc' dir='ltr'>ἐπάγων</span> <span class='ocrx_word' id='word_1_15' title='bbox 3350 511 3447 577; x_wconf 76' lang='grc' dir='ltr'>τὰς</span> <span class='ocrx_word' id='word_1_16' title='bbox 3481 513 3690 576; x_wconf 79' lang='grc' dir='ltr'>νόσους,</span> <span class='ocrx_word' id='word_1_17' title='bbox 3715 514 3878 577; x_wconf 74' lang='grc' dir='ltr'>αὐτὸς</span> <span class='ocrx_word' id='word_1_18' title='bbox 3913 515 3995 566; x_wconf 77' lang='grc' dir='ltr'>διὰ</span> 
     </span>
    </p>
   </div>
   <div class='ocr_carea' id='block_1_6' title="bbox 719 599 2305 671">
    <p class='ocr_par' dir='ltr' id='par_1_6' title="bbox 719 599 2305 671">
     <span class='ocr_line' id='line_1_6' title="bbox 719 599 2305 671; baseline 0.001 -18"><span class='ocrx_word' id='word_1_19' title='bbox 719 602 941 653; x_wconf 81' lang='lat' dir='ltr'><strong>morbos</strong></span> <span class='ocrx_word' id='word_1_20' title='bbox 961 639 976 663; x_wconf 93' lang='lat'><strong>,</strong></span> <span class='ocrx_word' id='word_1_21' title='bbox 1024 601 1137 670; x_wconf 82' lang='lat' dir='ltr'><strong>ipse</strong></span> <span class='ocrx_word' id='word_1_22' title='bbox 1172 616 1267 668; x_wconf 87' lang='lat' dir='ltr'><strong>per</strong></span> <span class='ocrx_word' id='word_1_23' title='bbox 1300 599 1538 670; x_wconf 80' lang='lat' dir='ltr'><strong>Moysem</strong></span> <span class='ocrx_word' id='word_1_24' title='bbox 1568 603 1873 669; x_wconf 76' lang='lat' dir='ltr'><strong>Israelitico</strong></span> <span class='ocrx_word' id='word_1_25' title='bbox 1900 601 2102 671; x_wconf 79' lang='lat' dir='ltr'><strong>populo</strong></span> <span class='ocrx_word' id='word_1_26' title='bbox 2123 601 2256 654; x_wconf 78' lang='lat' dir='ltr'><strong>dixit</strong></span> <span class='ocrx_word' id='word_1_27' title='bbox 2294 623 2305 655; x_wconf 85' lang='lat'><strong>:</strong></span> 
     </span>
    </p>
   </div>
   <div class='ocr_carea' id='block_1_7' title="bbox 721 691 2312 758">
    <p class='ocr_par' dir='ltr' id='par_1_7' title="bbox 721 691 2312 758">
     <span class='ocr_line' id='line_1_7' title="bbox 721 691 2312 758; baseline 0 -11"><span class='ocrx_word' id='word_1_28' title='bbox 721 691 782 747; x_wconf 84' lang='lat' dir='ltr'><strong>Si</strong></span> <span class='ocrx_word' id='word_1_29' title='bbox 805 694 995 746; x_wconf 75' lang='lat' dir='ltr'><strong>auditu</strong></span> <span class='ocrx_word' id='word_1_30' title='bbox 1035 693 1268 746; x_wconf 79' lang='lat' dir='ltr'><strong>audieris</strong></span> <span class='ocrx_word' id='word_1_31' title='bbox 1302 709 1476 747; x_wconf 83' lang='lat' dir='ltr'><strong>vocem</strong></span> <span class='ocrx_word' id='word_1_32' title='bbox 1502 693 1712 748; x_wconf 77' lang='lat' dir='ltr'><strong>Domini</strong></span> <span class='ocrx_word' id='word_1_33' title='bbox 1739 695 1832 748; x_wconf 82' lang='lat' dir='ltr'><strong>Dei</strong></span> <span class='ocrx_word' id='word_1_34' title='bbox 1855 697 1955 758; x_wconf 88' lang='lat' dir='ltr'><strong>tui,</strong></span> <span class='ocrx_word' id='word_1_35' title='bbox 1979 704 2027 748; x_wconf 87' lang='lat' dir='ltr'><strong>et</strong></span> <span class='ocrx_word' id='word_1_36' title='bbox 2047 695 2312 747; x_wconf 80' lang='lat' dir='ltr'><strong>custodie-</strong></span> 
     </span>
    </p>
   </div>
   <div class='ocr_carea' id='block_1_8' title="bbox 720 783 2312 857">
    <p class='ocr_par' dir='ltr' id='par_1_8' title="bbox 720 783 2312 857">
     <span class='ocr_line' id='line_1_8' title="bbox 720 783 2312 857; baseline 0.003 -23"><span class='ocrx_word' id='word_1_37' title='bbox 720 783 793 836; x_wconf 86' lang='lat' dir='ltr'><strong>ris</strong></span> <span class='ocrx_word' id='word_1_38' title='bbox 843 785 1094 837; x_wconf 84' lang='lat' dir='ltr'><strong>mandata</strong></span> <span class='ocrx_word' id='word_1_39' title='bbox 1150 788 1297 854; x_wconf 87' lang='lat' dir='ltr'><strong>ejus,</strong></span> <span class='ocrx_word' id='word_1_40' title='bbox 1348 802 1552 841; x_wconf 85' lang='lat' dir='ltr'><strong>onmem</strong></span> <span class='ocrx_word' id='word_1_41' title='bbox 1603 787 1878 852; x_wconf 83' lang='lat' dir='ltr'><strong>morbum,</strong></span> <span class='ocrx_word' id='word_1_42' title='bbox 1937 802 2092 857; x_wconf 82' lang='lat' dir='ltr'><strong>quem</strong></span> <span class='ocrx_word' id='word_1_43' title='bbox 2155 787 2312 838; x_wconf 87' lang='lat' dir='ltr'><strong>intuli</strong></span> 
     </span>
    </p>
   </div>
   <div class='ocr_carea' id='block_1_9' title="bbox 719 869 2311 945">
    <p class='ocr_par' dir='ltr' id='par_1_9' title="bbox 719 869 2311 945">
     <span class='ocr_line' id='line_1_9' title="bbox 719 869 2311 945; baseline 0.002 -21"><span class='ocrx_word' id='word_1_44' title='bbox 719 869 1012 940; x_wconf 52' lang='lat' dir='ltr'><strong>ﬁgyptiis,</strong></span> <span class='ocrx_word' id='word_1_45' title='bbox 1035 889 1144 926; x_wconf 83' lang='lat' dir='ltr'><strong>non</strong></span> <span class='ocrx_word' id='word_1_46' title='bbox 1169 875 1415 928; x_wconf 77' lang='lat' dir='ltr'><strong>inducam</strong></span> <span class='ocrx_word' id='word_1_47' title='bbox 1453 892 1609 943; x_wconf 87' lang='lat' dir='ltr'><strong>super</strong></span> <span class='ocrx_word' id='word_1_48' title='bbox 1641 886 1707 929; x_wconf 88' lang='lat' dir='ltr'><strong>te.</strong></span> <span class='ocrx_word' id='word_1_49' title='bbox 1747 874 1858 945; x_wconf 79' lang='lat' dir='ltr'><strong>Ego</strong></span> <span class='ocrx_word' id='word_1_50' title='bbox 1888 876 2028 929; x_wconf 88' lang='lat' dir='ltr'><strong>enim</strong></span> <span class='ocrx_word' id='word_1_51' title='bbox 2059 891 2176 928; x_wconf 88' lang='lat' dir='ltr'><strong>sum</strong></span> <span class='ocrx_word' id='word_1_52' title='bbox 2203 875 2311 927; x_wconf 90' lang='lat' dir='ltr'><strong>Do-</strong></span> 
     </span>
    </p>
   </div>
   <div class='ocr_carea' id='block_1_10' title="bbox 720 962 2311 1022">
    <p class='ocr_par' dir='ltr' id='par_1_10' title="bbox 720 962 2311 1022">
     <span class='ocr_line' id='line_1_10' title="bbox 720 962 2311 1022; baseline 0.004 -8"><span class='ocrx_word' id='word_1_53' title='bbox 720 962 895 1017; x_wconf 79' lang='lat' dir='ltr'><strong>minus</strong></span> <span class='ocrx_word' id='word_1_54' title='bbox 923 980 1119 1018; x_wconf 87' lang='lat' dir='ltr'><strong>sanans</strong></span> <span class='ocrx_word' id='word_1_55' title='bbox 1155 979 1202 1019; x_wconf 83' lang='lat' dir='ltr'><strong>te</strong></span> <span class='ocrx_word' id='word_1_56' title='bbox 1228 967 1268 1020; x_wconf 72' lang='grc'><strong>⁸.</strong></span> <span class='ocrx_word' id='word_1_57' title='bbox 1302 965 1550 1022; x_wconf 85' lang='lat' dir='ltr'><strong>Dicendo</strong></span> <span class='ocrx_word' id='word_1_58' title='bbox 1605 976 1784 1020; x_wconf 84' lang='lat' dir='ltr'><strong>autem</strong></span> <span class='ocrx_word' id='word_1_59' title='bbox 1819 982 1834 1022; x_wconf 90' lang='lat'><strong>:</strong></span> <span class='ocrx_word' id='word_1_60' title='bbox 1869 965 1928 1021; x_wconf 82' lang='lat' dir='ltr'><strong>Si</strong></span> <span class='ocrx_word' id='word_1_61' title='bbox 1980 968 2172 1020; x_wconf 82' lang='lat' dir='ltr'><strong>auditu</strong></span> <span class='ocrx_word' id='word_1_62' title='bbox 2211 985 2311 1020; x_wconf 87' lang='lat' dir='ltr'><strong>au-</strong></span> 
     </span>
    </p>
   </div>
   <div class='ocr_carea' id='block_1_11' title="bbox 716 1053 2306 1122">
    <p class='ocr_par' dir='ltr' id='par_1_11' title="bbox 716 1053 2306 1122">
     <span class='ocr_line' id='line_1_11' title="bbox 716 1053 2306 1122; baseline 0.003 -18"><span class='ocrx_word' id='word_1_63' title='bbox 716 1053 913 1118; x_wconf 83' lang='lat' dir='ltr'><strong>dieris,</strong></span> <span class='ocrx_word' id='word_1_64' title='bbox 966 1069 1070 1108; x_wconf 77' lang='lat' dir='ltr'><strong>non</strong></span> <span class='ocrx_word' id='word_1_65' title='bbox 1119 1057 1369 1109; x_wconf 77' lang='lat' dir='ltr'><strong>inducam</strong></span> <span class='ocrx_word' id='word_1_66' title='bbox 1420 1057 1513 1109; x_wconf 80' lang='lat' dir='ltr'><strong>tibi</strong></span> <span class='ocrx_word' id='word_1_67' title='bbox 1560 1060 1838 1121; x_wconf 87' lang='lat' dir='ltr'><strong>morbum;</strong></span> <span class='ocrx_word' id='word_1_68' title='bbox 1893 1057 2306 1122; x_wconf 72' lang='lat' dir='ltr'><strong>demonstravit,</strong></span> 
     </span>
    </p>
   </div>
   <div class='ocr_carea' id='block_1_12' title="bbox 723 1139 2309 1214">
    <p class='ocr_par' dir='ltr' id='par_1_12' title="bbox 723 1139 2309 1214">
     <span class='ocr_line' id='line_1_12' title="bbox 723 1139 2309 1214; baseline 0.004 -22"><span class='ocrx_word' id='word_1_69' title='bbox 723 1139 886 1195; x_wconf 72' lang='lat' dir='ltr'><strong>Deum</strong></span> <span class='ocrx_word' id='word_1_70' title='bbox 931 1144 1149 1198; x_wconf 81' lang='lat' dir='ltr'><strong>morbos</strong></span> <span class='ocrx_word' id='word_1_71' title='bbox 1188 1145 1486 1198; x_wconf 88' lang='lat' dir='ltr'><strong>immittere</strong></span> <span class='ocrx_word' id='word_1_72' title='bbox 1530 1157 1751 1214; x_wconf 89' lang='lat' dir='ltr'><strong>pr0pter</strong></span> <span class='ocrx_word' id='word_1_73' title='bbox 1801 1145 2222 1200; x_wconf 87' lang='lat' dir='ltr'><strong>inobedientiam</strong></span> <span class='ocrx_word' id='word_1_74' title='bbox 2255 1155 2309 1199; x_wconf 90' lang='lat' dir='ltr'><strong>ct</strong></span> 
     </span>
    </p>
   </div>
   <div class='ocr_carea' id='block_1_13' title="bbox 718 1232 2304 1307">
    <p class='ocr_par' dir='ltr' id='par_1_13' title="bbox 718 1232 2304 1307">
     <span class='ocr_line' id='line_1_13' title="bbox 718 1232 2304 1307; baseline 0.001 -19"><span class='ocrx_word' id='word_1_75' title='bbox 718 1232 933 1288; x_wconf 88' lang='lat' dir='ltr'><strong>delicta.</strong></span> <span class='ocrx_word' id='word_1_76' title='bbox 973 1233 1185 1291; x_wconf 79' lang='lat' dir='ltr'><strong>Etenim</strong></span> <span class='ocrx_word' id='word_1_77' title='bbox 1225 1235 1461 1307; x_wconf 66' lang='lat' dir='ltr'><strong>Egvptii</strong></span> <span class='ocrx_word' id='word_1_78' title='bbox 1491 1281 1504 1303; x_wconf 89' lang='lat'><strong>,</strong></span> <span class='ocrx_word' id='word_1_79' title='bbox 1580 1234 2019 1307; x_wconf 83' lang='lat' dir='ltr'><strong>quandoquidem</strong></span> <span class='ocrx_word' id='word_1_80' title='bbox 2053 1234 2166 1292; x_wconf 89' lang='lat' dir='ltr'><strong>Deo</strong></span> <span class='ocrx_word' id='word_1_81' title='bbox 2200 1252 2304 1291; x_wconf 89' lang='lat' dir='ltr'><strong>non</strong></span> 
     </span>
    </p>
   </div>
   <div class='ocr_carea' id='block_1_14' title="bbox 717 1323 2309 1395">
    <p class='ocr_par' dir='ltr' id='par_1_14' title="bbox 717 1323 2309 1395">
     <span class='ocr_line' id='line_1_14' title="bbox 717 1323 2309 1395; baseline 0.004 -17"><span class='ocrx_word' id='word_1_82' title='bbox 717 1323 1184 1394; x_wconf 68' lang='lat' dir='ltr'><strong>obtemperarunt,</strong></span> <span class='ocrx_word' id='word_1_83' title='bbox 1224 1336 1284 1392; x_wconf 82' lang='lat' dir='ltr'><strong>et</strong></span> <span class='ocrx_word' id='word_1_84' title='bbox 1311 1327 1583 1384; x_wconf 84' lang='lat' dir='ltr'><strong>lsraeiitas</strong></span> <span class='ocrx_word' id='word_1_85' title='bbox 1618 1343 1723 1385; x_wconf 89' lang='lat' dir='ltr'><strong>non</strong></span> <span class='ocrx_word' id='word_1_86' title='bbox 1755 1329 2074 1395; x_wconf 81' lang='lat' dir='ltr'><strong>emiserunt,</strong></span> <span class='ocrx_word' id='word_1_87' title='bbox 2107 1329 2309 1385; x_wconf 84' lang='lat' dir='ltr'><strong>idcirco</strong></span> 
     </span>
    </p>
   </div>
   <div class='ocr_carea' id='block_1_15' title="bbox 715 1418 1416 1487">
    <p class='ocr_par' dir='ltr' id='par_1_15' title="bbox 715 1418 1416 1487">
     <span class='ocr_line' id='line_1_15' title="bbox 715 1418 1416 1487; baseline 0.003 -17"><span class='ocrx_word' id='word_1_88' title='bbox 715 1426 1116 1485; x_wconf 68' lang='lat' dir='ltr'><strong>aegrotaveruut</strong></span> <span class='ocrx_word' id='word_1_89' title='bbox 1152 1418 1416 1487; x_wconf 80' lang='lat' dir='ltr'><strong>correpti.</strong></span> 
     </span>
    </p>
   </div>
   <div class='ocr_carea' id='block_1_16' title="bbox 785 1507 2306 1578">
    <p class='ocr_par' dir='ltr' id='par_1_16' title="bbox 785 1507 2306 1578">
     <span class='ocr_line' id='line_1_16' title="bbox 785 1507 2306 1578; baseline 0.002 -17"><span class='ocrx_word' id='word_1_90' title='bbox 785 1507 855 1561; x_wconf 84' lang='lat' dir='ltr'><strong>Et</strong></span> <span class='ocrx_word' id='word_1_91' title='bbox 889 1507 1081 1573; x_wconf 84' lang='lat' dir='ltr'><strong>David,</strong></span> <span class='ocrx_word' id='word_1_92' title='bbox 1113 1510 1338 1578; x_wconf 82' lang='lat' dir='ltr'><strong>quando</strong></span> <span class='ocrx_word' id='word_1_93' title='bbox 1365 1511 1568 1565; x_wconf 80' lang='lat' dir='ltr'><strong>auditis</strong></span> <span class='ocrx_word' id='word_1_94' title='bbox 1591 1510 1899 1566; x_wconf 82' lang='lat' dir='ltr'><strong>mandatis:</strong></span> <span class='ocrx_word' id='word_1_95' title='bbox 1928 1510 2052 1565; x_wconf 81' lang='lat' dir='ltr'><strong>Non</strong></span> <span class='ocrx_word' id='word_1_96' title='bbox 2077 1512 2306 1566; x_wconf 68' lang='lat' dir='ltr'><strong>uicena-</strong></span> 
     </span>
    </p>
   </div>
   <div class='ocr_carea' id='block_1_17' title="bbox 719 1599 2310 1671">
    <p class='ocr_par' dir='ltr' id='par_1_17' title="bbox 719 1599 2310 1671">
     <span class='ocr_line' id='line_1_17' title="bbox 719 1599 2310 1671; baseline 0.003 -20"><span class='ocrx_word' id='word_1_97' title='bbox 719 1601 850 1652; x_wconf 83' lang='lat' dir='ltr'><strong>berts</strong></span> <span class='ocrx_word' id='word_1_98' title='bbox 875 1639 892 1663; x_wconf 93' lang='lat'><strong>,</strong></span> <span class='ocrx_word' id='word_1_99' title='bbox 926 1615 1028 1652; x_wconf 74' lang='lat' dir='ltr'><strong>nou</strong></span> <span class='ocrx_word' id='word_1_100' title='bbox 1057 1601 1266 1653; x_wconf 79' lang='lat' dir='ltr'><strong>occides</strong></span> <span class='ocrx_word' id='word_1_101' title='bbox 1295 1599 1342 1669; x_wconf 80' lang='grc'><strong>⁸,</strong></span> <span class='ocrx_word' id='word_1_102' title='bbox 1369 1601 1720 1671; x_wconf 80' lang='lat' dir='ltr'><strong>ccutempsit,</strong></span> <span class='ocrx_word' id='word_1_103' title='bbox 1746 1600 1869 1656; x_wconf 88' lang='lat' dir='ltr'><strong>ideo</strong></span> <span class='ocrx_word' id='word_1_104' title='bbox 1898 1615 1994 1670; x_wconf 87' lang='lat' dir='ltr'><strong>per</strong></span> <span class='ocrx_word' id='word_1_105' title='bbox 2009 1601 2310 1670; x_wconf 86' lang='lat' dir='ltr'><strong>correptio-</strong></span> 
     </span>
    </p>
   </div>
   <div class='ocr_carea' id='block_1_18' title="bbox 716 1689 2304 1761">
    <p class='ocr_par' dir='ltr' id='par_1_18' title="bbox 716 1689 2304 1761">
     <span class='ocr_line' id='line_1_18' title="bbox 716 1689 2304 1761; baseline 0 -17"><span class='ocrx_word' id='word_1_106' title='bbox 716 1705 839 1746; x_wconf 88' lang='lat' dir='ltr'><strong>nem</strong></span> <span class='ocrx_word' id='word_1_107' title='bbox 873 1690 1048 1746; x_wconf 77' lang='lat' dir='ltr'><strong>iactus</strong></span> <span class='ocrx_word' id='word_1_108' title='bbox 1072 1705 1158 1746; x_wconf 73' lang='lat' dir='ltr'><strong>est</strong></span> <span class='ocrx_word' id='word_1_109' title='bbox 1188 1691 1458 1746; x_wconf 82' lang='lat' dir='ltr'><strong>inﬁrmus.</strong></span> <span class='ocrx_word' id='word_1_110' title='bbox 1490 1689 1816 1748; x_wconf 82' lang='lat' dir='ltr'><strong>Putruerunt</strong></span> <span class='ocrx_word' id='word_1_111' title='bbox 1845 1694 1991 1746; x_wconf 88' lang='lat' dir='ltr'><strong>enim</strong></span> <span class='ocrx_word' id='word_1_112' title='bbox 2012 1731 2026 1756; x_wconf 90' lang='lat'><strong>,</strong></span> <span class='ocrx_word' id='word_1_113' title='bbox 2059 1693 2234 1761; x_wconf 90' lang='lat' dir='ltr'><strong>inquit</strong></span> <span class='ocrx_word' id='word_1_114' title='bbox 2261 1693 2304 1758; x_wconf 78' lang='grc'>⁸,</span> 
     </span>
    </p>
   </div>
   <div class='ocr_carea' id='block_1_19' title="bbox 713 1785 2308 1860">
    <p class='ocr_par' dir='ltr' id='par_1_19' title="bbox 713 1785 2308 1860">
     <span class='ocr_line' id='line_1_19' title="bbox 713 1785 2308 1860; baseline 0 -22"><span class='ocrx_word' id='word_1_115' title='bbox 713 1793 763 1842; x_wconf 85' lang='lat' dir='ltr'><strong>et</strong></span> <span class='ocrx_word' id='word_1_116' title='bbox 799 1794 1064 1860; x_wconf 73' lang='lat' dir='ltr'><strong>corrupta:</strong></span> <span class='ocrx_word' id='word_1_117' title='bbox 1111 1793 1234 1839; x_wconf 87' lang='lat' dir='ltr'><strong>sunt</strong></span> <span class='ocrx_word' id='word_1_118' title='bbox 1283 1785 1556 1839; x_wconf 86' lang='lat' dir='ltr'><strong>cicatrices</strong></span> <span class='ocrx_word' id='word_1_119' title='bbox 1585 1801 1712 1841; x_wconf 80' lang='lat' dir='ltr'><strong>mea:</strong></span> <span class='ocrx_word' id='word_1_120' title='bbox 1755 1802 1786 1839; x_wconf 92' lang='lat' dir='ltr'><strong>a</strong></span> <span class='ocrx_word' id='word_1_121' title='bbox 1828 1785 1964 1855; x_wconf 75' lang='lat' dir='ltr'><strong>facie</strong></span> <span class='ocrx_word' id='word_1_122' title='bbox 1992 1786 2308 1853; x_wconf 67' lang='lat' dir='ltr'><strong>insipientia</strong></span> 
     </span>
    </p>
   </div>
   <div class='ocr_carea' id='block_1_20' title="bbox 2411 600 3994 675">
    <p class='ocr_par' dir='ltr' id='par_1_20' title="bbox 2411 600 3994 675">
     <span class='ocr_line' id='line_1_20' title="bbox 2411 600 3994 675; baseline 0.003 -21"><span class='ocrx_word' id='word_1_123' title='bbox 2411 600 2692 662; x_wconf 82' lang='grc' dir='ltr'><strong>Μωῡσέως</strong></span> <span class='ocrx_word' id='word_1_124' title='bbox 2724 601 2908 671; x_wconf 77' lang='grc' dir='ltr'>ἔλεγεν</span> <span class='ocrx_word' id='word_1_125' title='bbox 2939 602 3017 673; x_wconf 80' lang='grc' dir='ltr'>τῷ</span> <span class='ocrx_word' id='word_1_126' title='bbox 3045 604 3285 675; x_wconf 85' lang='grc' dir='ltr'><strong>.Ἰραὴλ·</strong></span> <span class='ocrx_word' id='word_1_127' title='bbox 3365 605 3500 658; x_wconf 76' lang='grc' dir='ltr'><strong>Ἐὰν</strong></span> <span class='ocrx_word' id='word_1_128' title='bbox 3536 606 3688 672; x_wconf 51' lang='grc' dir='ltr'><strong>ἀκοῇ</strong></span> <span class='ocrx_word' id='word_1_129' title='bbox 3725 606 3994 672; x_wconf 75' lang='grc' dir='ltr'><strong>ἀκούσης</strong></span> 
     </span>
    </p>
   </div>
   <div class='ocr_carea' id='block_1_21' title="bbox 2411 689 3999 763">
    <p class='ocr_par' dir='ltr' id='par_1_21' title="bbox 2411 689 3999 763">
     <span class='ocr_line' id='line_1_21' title="bbox 2411 689 3999 763; baseline 0.003 -20"><span class='ocrx_word' id='word_1_130' title='bbox 2411 689 2522 758; x_wconf 84' lang='grc' dir='ltr'>τῆς</span> <span class='ocrx_word' id='word_1_131' title='bbox 2552 692 2757 760; x_wconf 66' lang='grc' dir='ltr'>φωνῆς</span> <span class='ocrx_word' id='word_1_132' title='bbox 2801 695 3019 761; x_wconf 82' lang='grc' dir='ltr'><strong>Κυρίου</strong></span> <span class='ocrx_word' id='word_1_133' title='bbox 3063 695 3172 748; x_wconf 79' lang='grc' dir='ltr'>τοῦ</span> <span class='ocrx_word' id='word_1_134' title='bbox 3205 695 3351 748; x_wconf 84' lang='grc' dir='ltr'>Θεοῦ</span> <span class='ocrx_word' id='word_1_135' title='bbox 3383 713 3526 757; x_wconf 89' lang='grc' dir='ltr'>σου,</span> <span class='ocrx_word' id='word_1_136' title='bbox 3575 695 3670 747; x_wconf 71' lang='grc' dir='ltr'>καί</span> <span class='ocrx_word' id='word_1_137' title='bbox 3721 695 3999 763; x_wconf 65' lang='grc' dir='ltr'><strong>φυλάξῃς</strong></span> 
     </span>
    </p>
   </div>
   <div class='ocr_carea' id='block_1_22' title="bbox 2410 779 3998 854">
    <p class='ocr_par' dir='ltr' id='par_1_22' title="bbox 2410 779 3998 854">
     <span class='ocr_line' id='line_1_22' title="bbox 2410 779 3998 854; baseline 0.004 -23"><span class='ocrx_word' id='word_1_138' title='bbox 2410 779 2517 844; x_wconf 83' lang='grc' dir='ltr'>τὰς</span> <span class='ocrx_word' id='word_1_139' title='bbox 2563 779 2818 847; x_wconf 76' lang='grc' dir='ltr'>ἐντολὰς</span> <span class='ocrx_word' id='word_1_140' title='bbox 2862 782 3070 847; x_wconf 84' lang='grc' dir='ltr'>αὑτοῦ,</span> <span class='ocrx_word' id='word_1_141' title='bbox 3108 783 3316 838; x_wconf 79' lang='grc' dir='ltr'>πᾶσαν</span> <span class='ocrx_word' id='word_1_142' title='bbox 3339 787 3548 847; x_wconf 85' lang='grc' dir='ltr'>νόσον,</span> <span class='ocrx_word' id='word_1_143' title='bbox 3578 784 3658 850; x_wconf 77' lang='grc' dir='ltr'><strong>ἣν</strong></span> <span class='ocrx_word' id='word_1_144' title='bbox 3694 783 3998 854; x_wconf 72' lang='grc' dir='ltr'><strong>ἐπήγαγον</strong></span> 
     </span>
    </p>
   </div>
   <div class='ocr_carea' id='block_1_23' title="bbox 2410 869 3998 943">
    <p class='ocr_par' dir='ltr' id='par_1_23' title="bbox 2410 869 3998 943">
     <span class='ocr_line' id='line_1_23' title="bbox 2410 869 3998 943; baseline 0.004 -22"><span class='ocrx_word' id='word_1_145' title='bbox 2410 869 2536 934; x_wconf 80' lang='grc' dir='ltr'>τοῖς</span> <span class='ocrx_word' id='word_1_146' title='bbox 2559 873 2939 940; x_wconf 73' lang='grc' dir='ltr'>Αἰγυπτίοις,</span> <span class='ocrx_word' id='word_1_147' title='bbox 2995 874 3107 926; x_wconf 80' lang='grc' dir='ltr'><strong>οὐκ</strong></span> <span class='ocrx_word' id='word_1_148' title='bbox 3152 873 3352 938; x_wconf 73' lang='grc' dir='ltr'><em>ἐπάξω</em></span> <span class='ocrx_word' id='word_1_149' title='bbox 3411 875 3509 928; x_wconf 77' lang='grc' dir='ltr'><strong>ἐπὶ</strong></span> <span class='ocrx_word' id='word_1_150' title='bbox 3555 876 3650 930; x_wconf 88' lang='grc' dir='ltr'><strong>σέ.</strong></span> <span class='ocrx_word' id='word_1_151' title='bbox 3694 875 3844 943; x_wconf 73' lang='grc' dir='ltr'><strong>Ἐγὼ</strong></span> <span class='ocrx_word' id='word_1_152' title='bbox 3887 874 3998 943; x_wconf 75' lang='grc' dir='ltr'><strong>γάρ</strong></span> 
     </span>
    </p>
   </div>
   <div class='ocr_carea' id='block_1_24' title="bbox 2410 963 3996 1035">
    <p class='ocr_par' dir='ltr' id='par_1_24' title="bbox 2410 963 3996 1035">
     <span class='ocr_line' id='line_1_24' title="bbox 2410 963 3996 1035; baseline 0.006 -23"><span class='ocrx_word' id='word_1_153' title='bbox 2410 963 2525 1029; x_wconf 77' lang='grc' dir='ltr'>ειμι</span> <span class='ocrx_word' id='word_1_154' title='bbox 2572 963 2786 1031; x_wconf 82' lang='grc' dir='ltr'>Κύριος</span> <span class='ocrx_word' id='word_1_155' title='bbox 2835 968 2868 1018; x_wconf 87' lang='grc' dir='ltr'><strong><em>ό</em></strong></span> <span class='ocrx_word' id='word_1_156' title='bbox 2913 965 3158 1033; x_wconf 72' lang='grc' dir='ltr'>ἰώμενός</span> <span class='ocrx_word' id='word_1_157' title='bbox 3193 981 3286 1020; x_wconf 88' lang='grc' dir='ltr'>σε.</span> <span class='ocrx_word' id='word_1_158' title='bbox 3336 965 3518 1019; x_wconf 84' lang='grc' dir='ltr'><strong>Εἰπὼν</strong></span> <span class='ocrx_word' id='word_1_159' title='bbox 3547 968 3624 1029; x_wconf 81' lang='grc' dir='ltr'><strong>δὲ,</strong></span> <span class='ocrx_word' id='word_1_160' title='bbox 3675 969 3809 1021; x_wconf 78' lang='grc' dir='ltr'><strong>Ἐὰν</strong></span> <span class='ocrx_word' id='word_1_161' title='bbox 3840 966 3996 1035; x_wconf 77' lang='grc' dir='ltr'>ἀκοῇ</span> 
     </span>
    </p>
   </div>
   <div class='ocr_carea' id='block_1_25' title="bbox 2408 1052 3998 1124">
    <p class='ocr_par' dir='ltr' id='par_1_25' title="bbox 2408 1052 3998 1124">
     <span class='ocr_line' id='line_1_25' title="bbox 2408 1052 3998 1124; baseline 0.004 -19"><span class='ocrx_word' id='word_1_162' title='bbox 2408 1052 2700 1122; x_wconf 77' lang='grc' dir='ltr'><strong>ἀκούσῃς,</strong></span> <span class='ocrx_word' id='word_1_163' title='bbox 2726 1057 2798 1108; x_wconf 85' lang='grc' dir='ltr'>οὺ</span> <span class='ocrx_word' id='word_1_164' title='bbox 2815 1055 2902 1124; x_wconf 80' lang='grc' dir='ltr'><strong>μὴ</strong></span> <span class='ocrx_word' id='word_1_165' title='bbox 2925 1059 3115 1110; x_wconf 86' lang='grc' dir='ltr'>νόσον</span> <span class='ocrx_word' id='word_1_166' title='bbox 3128 1058 3330 1121; x_wconf 73' lang='grc' dir='ltr'><strong>ἐπάξω</strong></span> <span class='ocrx_word' id='word_1_167' title='bbox 3369 1075 3496 1111; x_wconf 82' lang='grc' dir='ltr'>σοι·</span> <span class='ocrx_word' id='word_1_168' title='bbox 3534 1058 3753 1123; x_wconf 79' lang='grc' dir='ltr'>ἔδειξεν,</span> <span class='ocrx_word' id='word_1_169' title='bbox 3788 1060 3870 1112; x_wconf 81' lang='grc' dir='ltr'><strong>ὅτι</strong></span> <span class='ocrx_word' id='word_1_170' title='bbox 3900 1059 3998 1118; x_wconf 78' lang='grc' dir='ltr'>τὰς</span> 
     </span>
    </p>
   </div>
   <div class='ocr_carea' id='block_1_26' title="bbox 2409 1145 3993 1223">
    <p class='ocr_par' dir='ltr' id='par_1_26' title="bbox 2409 1145 3993 1223">
     <span class='ocr_line' id='line_1_26' title="bbox 2409 1145 3993 1223; baseline 0.005 -26"><span class='ocrx_word' id='word_1_171' title='bbox 2409 1145 2597 1200; x_wconf 77' lang='grc' dir='ltr'>νόσους</span> <span class='ocrx_word' id='word_1_172' title='bbox 2618 1147 2863 1216; x_wconf 80' lang='grc' dir='ltr'>ὲπὰγειὸ</span> <span class='ocrx_word' id='word_1_173' title='bbox 2885 1149 3014 1213; x_wconf 84' lang='grc' dir='ltr'><strong>Θεὸς</strong></span> <span class='ocrx_word' id='word_1_174' title='bbox 3042 1150 3129 1202; x_wconf 81' lang='grc' dir='ltr'><strong>διὰ</strong></span> <span class='ocrx_word' id='word_1_175' title='bbox 3162 1149 3448 1221; x_wconf 76' lang='grc' dir='ltr'>παρακοὴν</span> <span class='ocrx_word' id='word_1_176' title='bbox 3475 1152 3568 1204; x_wconf 69' lang='grc' dir='ltr'>καὶ</span> <span class='ocrx_word' id='word_1_177' title='bbox 3596 1155 3993 1223; x_wconf 71' lang='grc' dir='ltr'>ἁμαρτήματα.</span> 
     </span>
    </p>
   </div>
   <div class='ocr_carea' id='block_1_27' title="bbox 2409 1230 3996 1314">
    <p class='ocr_par' dir='ltr' id='par_1_27' title="bbox 2409 1230 3996 1314">
     <span class='ocr_line' id='line_1_27' title="bbox 2409 1230 3996 1314; baseline 0.002 -23"><span class='ocrx_word' id='word_1_178' title='bbox 2409 1239 2521 1291; x_wconf 73' lang='grc' dir='ltr'><strong>Καὶ</strong></span> <span class='ocrx_word' id='word_1_179' title='bbox 2553 1230 2663 1312; x_wconf 78' lang='grc' dir='ltr'>γὰρ</span> <span class='ocrx_word' id='word_1_180' title='bbox 2699 1242 2748 1293; x_wconf 80' lang='lat' dir='ltr'><strong>oi</strong></span> <span class='ocrx_word' id='word_1_181' title='bbox 2778 1241 3088 1310; x_wconf 73' lang='grc' dir='ltr'>Αἰγύπτιοι,</span> <span class='ocrx_word' id='word_1_182' title='bbox 3131 1242 3321 1312; x_wconf 73' lang='grc' dir='ltr'>ἐπειδὴ</span> <span class='ocrx_word' id='word_1_183' title='bbox 3360 1242 3454 1294; x_wconf 83' lang='grc' dir='ltr'>τοῦ</span> <span class='ocrx_word' id='word_1_184' title='bbox 3492 1241 3627 1294; x_wconf 86' lang='grc' dir='ltr'>Θεοῦ</span> <span class='ocrx_word' id='word_1_185' title='bbox 3659 1246 3996 1314; x_wconf 76' lang='grc' dir='ltr'>παρήκουον,</span> 
     </span>
    </p>
   </div>
   <div class='ocr_carea' id='block_1_28' title="bbox 2408 1330 3997 1404">
    <p class='ocr_par' dir='ltr' id='par_1_28' title="bbox 2408 1330 3997 1404">
     <span class='ocr_line' id='line_1_28' title="bbox 2408 1330 3997 1404; baseline 0.004 -22"><span class='ocrx_word' id='word_1_186' title='bbox 2408 1331 2504 1384; x_wconf 71' lang='grc' dir='ltr'>καὶ</span> <span class='ocrx_word' id='word_1_187' title='bbox 2546 1330 2636 1385; x_wconf 74' lang='grc' dir='ltr'>τὸν</span> <span class='ocrx_word' id='word_1_188' title='bbox 2674 1332 2891 1404; x_wconf 77' lang='grc' dir='ltr'>Ἰσραὴλ</span> <span class='ocrx_word' id='word_1_189' title='bbox 2925 1333 3025 1386; x_wconf 79' lang='grc' dir='ltr'><strong>οὐκ</strong></span> <span class='ocrx_word' id='word_1_190' title='bbox 3057 1333 3406 1401; x_wconf 55' lang='lat' dir='ltr'><strong>dissuasum,</strong></span> <span class='ocrx_word' id='word_1_191' title='bbox 3441 1334 3530 1387; x_wconf 86' lang='grc' dir='ltr'><strong>διὰ</strong></span> <span class='ocrx_word' id='word_1_192' title='bbox 3575 1334 3735 1388; x_wconf 83' lang='grc' dir='ltr'>τοῦτο</span> <span class='ocrx_word' id='word_1_193' title='bbox 3778 1337 3997 1388; x_wconf 70' lang='grc' dir='ltr'>ἐνόσουν</span> 
     </span>
    </p>
   </div>
   <div class='ocr_carea' id='block_1_29' title="bbox 2407 1422 2805 1490">
    <p class='ocr_par' dir='ltr' id='par_1_29' title="bbox 2407 1422 2805 1490">
     <span class='ocr_line' id='line_1_29' title="bbox 2407 1422 2805 1490; baseline 0.008 -16"><span class='ocrx_word' id='word_1_194' title='bbox 2407 1422 2805 1490; x_wconf 83' lang='grc' dir='ltr'>παιδευόμενοι.</span> 
     </span>
    </p>
   </div>
   <div class='ocr_carea' id='block_1_30' title="bbox 2477 1515 3996 1588">
    <p class='ocr_par' dir='ltr' id='par_1_30' title="bbox 2477 1515 3996 1588">
     <span class='ocr_line' id='line_1_30' title="bbox 2477 1515 3996 1588; baseline 0.003 -20"><span class='ocrx_word' id='word_1_195' title='bbox 2477 1515 2585 1568; x_wconf 78' lang='grc' dir='ltr'><strong>Καὶ</strong></span> <span class='ocrx_word' id='word_1_196' title='bbox 2616 1516 2644 1567; x_wconf 99' lang='lat'><strong>6</strong></span> <span class='ocrx_word' id='word_1_197' title='bbox 2671 1515 2855 1579; x_wconf 79' lang='grc' dir='ltr'><strong>Δαϐὶδ,</strong></span> <span class='ocrx_word' id='word_1_198' title='bbox 2885 1516 3070 1588; x_wconf 75' lang='grc' dir='ltr'>ἐπειδὴ</span> <span class='ocrx_word' id='word_1_199' title='bbox 3098 1515 3358 1580; x_wconf 78' lang='grc' dir='ltr'>ἀκούσας.</span> <span class='ocrx_word' id='word_1_200' title='bbox 3413 1520 3492 1571; x_wconf 83' lang='grc' dir='ltr'><strong>Οὐ</strong></span> <span class='ocrx_word' id='word_1_201' title='bbox 3514 1519 3884 1587; x_wconf 81' lang='grc' dir='ltr'><strong>μοιχεύσεις,</strong></span> <span class='ocrx_word' id='word_1_202' title='bbox 3923 1522 3996 1573; x_wconf 81' lang='grc' dir='ltr'>οὐ</span> 
     </span>
    </p>
   </div>
   <div class='ocr_carea' id='block_1_31' title="bbox 2406 1601 3994 1676">
    <p class='ocr_par' dir='ltr' id='par_1_31' title="bbox 2406 1601 3994 1676">
     <span class='ocr_line' id='line_1_31' title="bbox 2406 1601 3994 1676; baseline 0.004 -24"><span class='ocrx_word' id='word_1_203' title='bbox 2406 1601 2728 1668; x_wconf 75' lang='grc' dir='ltr'><strong>φονεύσεις</strong></span> <span class='ocrx_word' id='word_1_204' title='bbox 2749 1641 2762 1666; x_wconf 89' lang='grc'><strong>,</strong></span> <span class='ocrx_word' id='word_1_205' title='bbox 2799 1605 3165 1674; x_wconf 84' lang='grc' dir='ltr'><strong>παρήκουσεν,</strong></span> <span class='ocrx_word' id='word_1_206' title='bbox 3192 1603 3280 1657; x_wconf 82' lang='grc' dir='ltr'><strong>διὰ</strong></span> <span class='ocrx_word' id='word_1_207' title='bbox 3299 1603 3458 1658; x_wconf 81' lang='grc' dir='ltr'>τοῦτο</span> <span class='ocrx_word' id='word_1_208' title='bbox 3491 1605 3800 1668; x_wconf 72' lang='grc' dir='ltr'>παιδευθεὶς</span> <span class='ocrx_word' id='word_1_209' title='bbox 3834 1608 3994 1676; x_wconf 80' lang='grc' dir='ltr'>ἠσθέ-</span> 
     </span>
    </p>
   </div>
   <div class='ocr_carea' id='block_1_32' title="bbox 2407 1689 3995 1764">
    <p class='ocr_par' dir='ltr' id='par_1_32' title="bbox 2407 1689 3995 1764">
     <span class='ocr_line' id='line_1_32' title="bbox 2407 1689 3995 1764; baseline 0.006 -23"><span class='ocrx_word' id='word_1_210' title='bbox 2407 1705 2589 1758; x_wconf 84' lang='grc' dir='ltr'>νησεν.</span> <span class='ocrx_word' id='word_1_211' title='bbox 2619 1689 3015 1758; x_wconf 82' lang='grc' dir='ltr'>Προσώζεσαν</span> <span class='ocrx_word' id='word_1_212' title='bbox 3042 1692 3152 1763; x_wconf 84' lang='grc' dir='ltr'><strong>γὰρ</strong></span> <span class='ocrx_word' id='word_1_213' title='bbox 3194 1694 3291 1746; x_wconf 78' lang='grc' dir='ltr'>καί</span> <span class='ocrx_word' id='word_1_214' title='bbox 3338 1693 3664 1761; x_wconf 71' lang='grc' dir='ltr'>ὲσὰπησαν</span> <span class='ocrx_word' id='word_1_215' title='bbox 3693 1699 3747 1748; x_wconf 90' lang='grc' dir='ltr'><strong>οί</strong></span> <span class='ocrx_word' id='word_1_216' title='bbox 3788 1696 3995 1764; x_wconf 70' lang='grc' dir='ltr'><strong>μώλω-</strong></span> 
     </span>
    </p>
   </div>
   <div class='ocr_carea' id='block_1_33' title="bbox 2409 1779 3993 1855">
    <p class='ocr_par' dir='ltr' id='par_1_33' title="bbox 2409 1779 3993 1855">
     <span class='ocr_line' id='line_1_33' title="bbox 2409 1779 3993 1855; baseline 0.006 -23"><span class='ocrx_word' id='word_1_217' title='bbox 2409 1779 2517 1846; x_wconf 80' lang='grc' dir='ltr'><strong>πές</strong></span> <span class='ocrx_word' id='word_1_218' title='bbox 2541 1798 2694 1850; x_wconf 82' lang='grc' dir='ltr'>μου,</span> <span class='ocrx_word' id='word_1_219' title='bbox 2732 1783 2895 1853; x_wconf 77' lang='grc' dir='ltr'>φησὶν</span> <span class='ocrx_word' id='word_1_220' title='bbox 2915 1824 2930 1848; x_wconf 88' lang='grc'><strong>,</strong></span> <span class='ocrx_word' id='word_1_221' title='bbox 2963 1784 3082 1838; x_wconf 78' lang='grc' dir='ltr'><strong>ἀπὸ</strong></span> <span class='ocrx_word' id='word_1_222' title='bbox 3114 1785 3437 1853; x_wconf 75' lang='grc' dir='ltr'><strong>προσώπου</strong></span> <span class='ocrx_word' id='word_1_223' title='bbox 3485 1785 3595 1852; x_wconf 84' lang='grc' dir='ltr'>τῆς</span> <span class='ocrx_word' id='word_1_224' title='bbox 3638 1787 3993 1855; x_wconf 61' lang='grc' dir='ltr'>ἀφροσύνης</span> 
     </span>
    </p>
   </div>
   <div class='ocr_carea' id='block_1_34' title="bbox 714 1862 2308 1948">
    <p class='ocr_par' dir='ltr' id='par_1_34' title="bbox 714 1876 2303 1948">
     <span class='ocr_line' id='line_1_34' title="bbox 714 1876 2303 1948; baseline 0.003 -20"><span class='ocrx_word' id='word_1_225' title='bbox 714 1891 862 1931; x_wconf 71' lang='lat' dir='ltr'><strong>inea.</strong></span> <span class='ocrx_word' id='word_1_226' title='bbox 921 1876 1060 1942; x_wconf 85' lang='lat' dir='ltr'><strong>Quia</strong></span> <span class='ocrx_word' id='word_1_227' title='bbox 1097 1890 1232 1946; x_wconf 75' lang='lat' dir='ltr'><strong>ergo</strong></span> <span class='ocrx_word' id='word_1_228' title='bbox 1307 1877 1375 1931; x_wconf 87' lang='lat' dir='ltr'><strong>ab</strong></span> <span class='ocrx_word' id='word_1_229' title='bbox 1427 1877 1739 1932; x_wconf 75' lang='lat' dir='ltr'><strong>hominibus</strong></span> <span class='ocrx_word' id='word_1_230' title='bbox 1786 1878 2109 1948; x_wconf 75' lang='lat' dir='ltr'><strong>castigatum</strong></span> <span class='ocrx_word' id='word_1_231' title='bbox 2140 1879 2303 1932; x_wconf 84' lang='lat' dir='ltr'><strong>homo</strong></span> 
     </span>
    </p>
   </div>
   <div class='ocr_carea' id='block_1_35' title="bbox 2406 1862 3992 1948">
    <p class='ocr_par' dir='ltr' id='par_1_35' title="bbox 2406 1868 3992 1947">
     <span class='ocr_line' id='line_1_35' title="bbox 2406 1868 3992 1947; baseline 0.006 -24"><span class='ocrx_word' id='word_1_232' title='bbox 2406 1887 2539 1940; x_wconf 84' lang='grc' dir='ltr'>μου.</span> <span class='ocrx_word' id='word_1_233' title='bbox 2591 1872 2744 1925; x_wconf 75' lang='grc' dir='ltr'>Ἐπεὶ</span> <span class='ocrx_word' id='word_1_234' title='bbox 2775 1868 2868 1926; x_wconf 82' lang='grc' dir='ltr'><strong>οὖν</strong></span> <span class='ocrx_word' id='word_1_235' title='bbox 2911 1874 3002 1927; x_wconf 82' lang='grc' dir='ltr'><strong>τὸν</strong></span> <span class='ocrx_word' id='word_1_236' title='bbox 3037 1875 3188 1943; x_wconf 76' lang='grc' dir='ltr'>παρὰ</span> <span class='ocrx_word' id='word_1_237' title='bbox 3221 1874 3528 1947; x_wconf 81' lang='grc' dir='ltr'>ἀνθρώπων</span> <span class='ocrx_word' id='word_1_238' title='bbox 3567 1877 3928 1932; x_wconf 72' lang='grc' dir='ltr'><strong>παιδευθέντα</strong></span> <span class='ocrx_word' id='word_1_239' title='bbox 3964 1882 3992 1931; x_wconf 89' lang='lat'><strong>6</strong></span> 
     </span>
    </p>
   </div>
   <div class='ocr_carea' id='block_1_36' title="bbox 713 1969 2299 2038">
    <p class='ocr_par' dir='ltr' id='par_1_36' title="bbox 713 1969 2299 2038">
     <span class='ocr_line' id='line_1_36' title="bbox 713 1969 2299 2038; baseline -0.001 -16"><span class='ocrx_word' id='word_1_240' title='bbox 713 1982 912 2023; x_wconf 86' lang='lat' dir='ltr'><strong>sanare</strong></span> <span class='ocrx_word' id='word_1_241' title='bbox 939 1979 1148 2038; x_wconf 83' lang='lat' dir='ltr'><strong>potest;</strong></span> <span class='ocrx_word' id='word_1_242' title='bbox 1187 1983 1215 2023; x_wconf 66' lang='grc' dir='ltr'>δ</span> <span class='ocrx_word' id='word_1_243' title='bbox 1253 1969 1363 2025; x_wconf 91' lang='lat' dir='ltr'><strong>Deo</strong></span> <span class='ocrx_word' id='word_1_244' title='bbox 1393 1981 1572 2024; x_wconf 85' lang='lat' dir='ltr'><strong>autem</strong></span> <span class='ocrx_word' id='word_1_245' title='bbox 1611 1978 1940 2038; x_wconf 86' lang='lat' dir='ltr'><strong>correptum,</strong></span> <span class='ocrx_word' id='word_1_246' title='bbox 1976 1985 2082 2025; x_wconf 91' lang='lat' dir='ltr'><strong>non</strong></span> <span class='ocrx_word' id='word_1_247' title='bbox 2116 1971 2299 2033; x_wconf 84' lang='lat' dir='ltr'><strong>homo,</strong></span> 
     </span>
    </p>
   </div>
   <div class='ocr_carea' id='block_1_37' title="bbox 714 2061 2302 2131">
    <p class='ocr_par' dir='ltr' id='par_1_37' title="bbox 714 2061 2302 2131">
     <span class='ocr_line' id='line_1_37' title="bbox 714 2061 2302 2131; baseline 0.001 -18"><span class='ocrx_word' id='word_1_248' title='bbox 714 2075 820 2115; x_wconf 82' lang='lat' dir='ltr'><strong>nou</strong></span> <span class='ocrx_word' id='word_1_249' title='bbox 865 2061 1125 2131; x_wconf 76' lang='lat' dir='ltr'><strong>angelus,</strong></span> <span class='ocrx_word' id='word_1_250' title='bbox 1183 2061 1313 2116; x_wconf 88' lang='lat' dir='ltr'><strong>sed&#39;</strong></span> <span class='ocrx_word' id='word_1_251' title='bbox 1338 2062 1487 2116; x_wconf 88' lang='lat' dir='ltr'><strong>solus</strong></span> <span class='ocrx_word' id='word_1_252' title='bbox 1527 2061 1669 2117; x_wconf 89' lang='lat' dir='ltr'><strong>Deus</strong></span> <span class='ocrx_word' id='word_1_253' title='bbox 1728 2072 1883 2116; x_wconf 88' lang='lat' dir='ltr'><strong>sanat</strong></span> <span class='ocrx_word' id='word_1_254' title='bbox 1927 2071 1980 2116; x_wconf 91' lang='lat' dir='ltr'><strong>et</strong></span> <span class='ocrx_word' id='word_1_255' title='bbox 2015 2072 2211 2116; x_wconf 83' lang='lat' dir='ltr'><strong>curat:</strong></span> <span class='ocrx_word' id='word_1_256' title='bbox 2243 2061 2302 2115; x_wconf 86' lang='lat' dir='ltr'><strong>Si</strong></span> 
     </span>
    </p>
   </div>
   <div class='ocr_carea' id='block_1_38' title="bbox 713 2152 2302 2222">
    <p class='ocr_par' dir='ltr' id='par_1_38' title="bbox 713 2152 2302 2222">
     <span class='ocr_line' id='line_1_38' title="bbox 713 2152 2302 2222; baseline 0.001 -18"><span class='ocrx_word' id='word_1_257' title='bbox 713 2153 849 2204; x_wconf 80' lang='lat' dir='ltr'><strong>enim</strong></span> <span class='ocrx_word' id='word_1_258' title='bbox 886 2153 1172 2215; x_wconf 72' lang='lat' dir='ltr'><strong>peccaverit</strong></span> <span class='ocrx_word' id='word_1_259' title='bbox 1220 2153 1298 2206; x_wconf 80' lang='lat' dir='ltr'><strong>vir</strong></span> <span class='ocrx_word' id='word_1_260' title='bbox 1333 2152 1388 2206; x_wconf 90' lang='lat' dir='ltr'><strong>in</strong></span> <span class='ocrx_word' id='word_1_261' title='bbox 1437 2153 1638 2216; x_wconf 83' lang='lat' dir='ltr'><strong>virum,</strong></span> <span class='ocrx_word' id='word_1_262' title='bbox 1676 2162 1725 2206; x_wconf 90' lang='lat' dir='ltr'><strong>et</strong></span> <span class='ocrx_word' id='word_1_263' title='bbox 1769 2153 1986 2206; x_wconf 78' lang='lat' dir='ltr'><strong>orabunt</strong></span> <span class='ocrx_word' id='word_1_264' title='bbox 2024 2170 2120 2222; x_wconf 89' lang='lat' dir='ltr'><strong>pro</strong></span> <span class='ocrx_word' id='word_1_265' title='bbox 2147 2169 2206 2207; x_wconf 88' lang='lat' dir='ltr'><strong>eo</strong></span> <span class='ocrx_word' id='word_1_266' title='bbox 2234 2154 2302 2206; x_wconf 87' lang='lat' dir='ltr'><strong>ad</strong></span> 
     </span>
    </p>
   </div>
   <div class='ocr_carea' id='block_1_39' title="bbox 715 2242 2301 2312">
    <p class='ocr_par' dir='ltr' id='par_1_39' title="bbox 715 2242 2301 2312">
     <span class='ocr_line' id='line_1_39' title="bbox 715 2242 2301 2312; baseline 0 -15"><span class='ocrx_word' id='word_1_267' title='bbox 715 2242 998 2297; x_wconf 84' lang='lat' dir='ltr'><strong>Dominum</strong></span> <span class='ocrx_word' id='word_1_268' title='bbox 1022 2242 1078 2309; x_wconf 72' lang='grc' dir='ltr'>’ς</span> <span class='ocrx_word' id='word_1_269' title='bbox 1119 2243 1163 2297; x_wconf 87' lang='lat' dir='ltr'><strong>si</strong></span> <span class='ocrx_word' id='word_1_270' title='bbox 1197 2242 1363 2312; x_wconf 78' lang='lat' dir='ltr'><strong>judes</strong></span> <span class='ocrx_word' id='word_1_271' title='bbox 1389 2247 1579 2298; x_wconf 87' lang='lat' dir='ltr'><strong>mortis</strong></span> <span class='ocrx_word' id='word_1_272' title='bbox 1609 2245 1938 2299; x_wconf 85' lang='lat' dir='ltr'><strong>sententiam</strong></span> <span class='ocrx_word' id='word_1_273' title='bbox 1973 2244 2174 2308; x_wconf 89' lang='lat' dir='ltr'><strong>tulerit,</strong></span> <span class='ocrx_word' id='word_1_274' title='bbox 2209 2259 2301 2297; x_wconf 79' lang='lat' dir='ltr'><strong>rex</strong></span> 
     </span>
    </p>
   </div>
   <div class='ocr_carea' id='block_1_40' title="bbox 715 2335 2305 2405">
    <p class='ocr_par' dir='ltr' id='par_1_40' title="bbox 715 2335 2305 2405">
     <span class='ocr_line' id='line_1_40' title="bbox 715 2335 2305 2405; baseline 0.001 -17"><span class='ocrx_word' id='word_1_275' title='bbox 715 2335 978 2390; x_wconf 83' lang='lat' dir='ltr'><strong>rescindit</strong></span> <span class='ocrx_word' id='word_1_276' title='bbox 1016 2335 1382 2401; x_wconf 86' lang='lat' dir='ltr'><strong>sententiam;</strong></span> <span class='ocrx_word' id='word_1_277' title='bbox 1415 2335 1459 2389; x_wconf 88' lang='lat' dir='ltr'><strong>si</strong></span> <span class='ocrx_word' id='word_1_278' title='bbox 1495 2351 1588 2389; x_wconf 80' lang='lat' dir='ltr'><strong>rex</strong></span> <span class='ocrx_word' id='word_1_279' title='bbox 1639 2337 2091 2405; x_wconf 80' lang='lat' dir='ltr'><strong>pmnuntiaverit,</strong></span> <span class='ocrx_word' id='word_1_280' title='bbox 2128 2337 2305 2390; x_wconf 87' lang='lat' dir='ltr'><strong>nullus</strong></span> 
     </span>
    </p>
   </div>
   <div class='ocr_carea' id='block_1_41' title="bbox 713 2418 2302 2496">
    <p class='ocr_par' dir='ltr' id='par_1_41' title="bbox 713 2418 2302 2496">
     <span class='ocr_line' id='line_1_41' title="bbox 713 2418 2302 2496; baseline 0 -16"><span class='ocrx_word' id='word_1_281' title='bbox 713 2426 981 2495; x_wconf 72' lang='lat' dir='ltr'><strong>abrOgare</strong></span> <span class='ocrx_word' id='word_1_282' title='bbox 1029 2434 1207 2496; x_wconf 81' lang='lat' dir='ltr'><strong>potest</strong></span> <span class='ocrx_word' id='word_1_283' title='bbox 1251 2449 1262 2480; x_wconf 86' lang='lat'><strong>:</strong></span> <span class='ocrx_word' id='word_1_284' title='bbox 1313 2425 1482 2480; x_wconf 85' lang='lat' dir='ltr'><strong>David</strong></span> <span class='ocrx_word' id='word_1_285' title='bbox 1527 2425 1813 2481; x_wconf 87' lang='lat' dir='ltr'><strong>Dominum</strong></span> <span class='ocrx_word' id='word_1_286' title='bbox 1854 2418 1943 2496; x_wconf 86' lang='lat' dir='ltr'><strong>qui</strong></span> <span class='ocrx_word' id='word_1_287' title='bbox 1978 2429 2302 2481; x_wconf 87' lang='lat' dir='ltr'><strong>verberave-</strong></span> 
     </span>
    </p>
   </div>
   <div class='ocr_carea' id='block_1_42' title="bbox 716 2516 2299 2587">
    <p class='ocr_par' dir='ltr' id='par_1_42' title="bbox 716 2516 2299 2587">
     <span class='ocr_line' id='line_1_42' title="bbox 716 2516 2299 2587; baseline -0.001 -15"><span class='ocrx_word' id='word_1_288' title='bbox 716 2525 823 2582; x_wconf 73' lang='lat' dir='ltr'><strong>rat,</strong></span> <span class='ocrx_word' id='word_1_289' title='bbox 855 2518 970 2572; x_wconf 73' lang='lat' dir='ltr'><strong>ﬁeri</strong></span> <span class='ocrx_word' id='word_1_290' title='bbox 1004 2518 1105 2587; x_wconf 81' lang='lat' dir='ltr'><strong>ipsi</strong></span> <span class='ocrx_word' id='word_1_291' title='bbox 1136 2517 1402 2573; x_wconf 87' lang='lat' dir='ltr'><strong>medicum</strong></span> <span class='ocrx_word' id='word_1_292' title='bbox 1439 2518 1711 2572; x_wconf 90' lang='lat' dir='ltr'><strong>bortatur.</strong></span> <span class='ocrx_word' id='word_1_293' title='bbox 1733 2516 1878 2573; x_wconf 82' lang='lat' dir='ltr'><strong>Sana</strong></span> <span class='ocrx_word' id='word_1_294' title='bbox 1911 2533 2023 2584; x_wconf 87' lang='lat' dir='ltr'><strong>me,</strong></span> <span class='ocrx_word' id='word_1_295' title='bbox 2059 2518 2299 2583; x_wconf 81' lang='lat' dir='ltr'><strong>Domine,</strong></span> 
     </span>
    </p>
   </div>
   <div class='ocr_carea' id='block_1_43' title="bbox 712 2608 2304 2678">
    <p class='ocr_par' dir='ltr' id='par_1_43' title="bbox 712 2608 2304 2678">
     <span class='ocr_line' id='line_1_43' title="bbox 712 2608 2304 2678; baseline 0.001 -17"><span class='ocrx_word' id='word_1_296' title='bbox 712 2610 960 2678; x_wconf 80' lang='lat' dir='ltr'><strong>quoniam</strong></span> <span class='ocrx_word' id='word_1_297' title='bbox 1005 2611 1323 2663; x_wconf 77' lang='lat' dir='ltr'><strong>conturbata</strong></span> <span class='ocrx_word' id='word_1_298' title='bbox 1367 2621 1488 2662; x_wconf 86' lang='lat' dir='ltr'><strong>sunt</strong></span> <span class='ocrx_word' id='word_1_299' title='bbox 1536 2626 1657 2663; x_wconf 89' lang='lat' dir='ltr'><strong>ossa</strong></span> <span class='ocrx_word' id='word_1_300' title='bbox 1695 2626 1828 2664; x_wconf 89' lang='lat' dir='ltr'><strong>mea.</strong></span> <span class='ocrx_word' id='word_1_301' title='bbox 1869 2610 2005 2665; x_wconf 84' lang='lat' dir='ltr'><strong>Ossa</strong></span> <span class='ocrx_word' id='word_1_302' title='bbox 2065 2608 2304 2678; x_wconf 74' lang='lat' dir='ltr'><strong>appellat</strong></span> 
     </span>
    </p>
   </div>
   <div class='ocr_carea' id='block_1_44' title="bbox 717 2700 2302 2771">
    <p class='ocr_par' dir='ltr' id='par_1_44' title="bbox 717 2700 2302 2771">
     <span class='ocr_line' id='line_1_44' title="bbox 717 2700 2302 2771; baseline 0 -18"><span class='ocrx_word' id='word_1_303' title='bbox 717 2715 821 2754; x_wconf 89' lang='lat' dir='ltr'><strong>non</strong></span> <span class='ocrx_word' id='word_1_304' title='bbox 851 2702 1097 2768; x_wconf 87' lang='lat' dir='ltr'><strong>corporis</strong></span> <span class='ocrx_word' id='word_1_305' title='bbox 1123 2741 1138 2767; x_wconf 97' lang='lat'><strong>,</strong></span> <span class='ocrx_word' id='word_1_306' title='bbox 1177 2703 1271 2754; x_wconf 87' lang='lat' dir='ltr'><strong>sed</strong></span> <span class='ocrx_word' id='word_1_307' title='bbox 1313 2701 1522 2756; x_wconf 67' lang='lat' dir='ltr'><strong>ialidas</strong></span> <span class='ocrx_word' id='word_1_308' title='bbox 1563 2700 1948 2771; x_wconf 74' lang='lat' dir='ltr'><strong>cogitationum</strong></span> <span class='ocrx_word' id='word_1_309' title='bbox 1975 2700 2152 2763; x_wconf 86' lang='lat' dir='ltr'><strong>vires,</strong></span> <span class='ocrx_word' id='word_1_310' title='bbox 2182 2713 2302 2769; x_wconf 81' lang='lat' dir='ltr'><strong>qua:</strong></span> 
     </span>
    </p>
   </div>
   <div class='ocr_carea' id='block_1_45' title="bbox 717 2779 2303 2860">
    <p class='ocr_par' dir='ltr' id='par_1_45' title="bbox 717 2779 2303 2860">
     <span class='ocr_line' id='line_1_45' title="bbox 717 2779 2303 2860; baseline 0 -16"><span class='ocrx_word' id='word_1_311' title='bbox 717 2800 775 2844; x_wconf 88' lang='lat' dir='ltr'><strong>ut</strong></span> <span class='ocrx_word' id='word_1_312' title='bbox 807 2789 1006 2844; x_wconf 80' lang='lat' dir='ltr'><strong>ﬂuctus</strong></span> <span class='ocrx_word' id='word_1_313' title='bbox 1053 2779 1394 2845; x_wconf 69' lang='lat' dir='ltr'><strong>conturbata:</strong></span> <span class='ocrx_word' id='word_1_314' title='bbox 1420 2791 1670 2857; x_wconf 80' lang='lat' dir='ltr'><strong>fuerant,</strong></span> <span class='ocrx_word' id='word_1_315' title='bbox 1711 2791 1902 2860; x_wconf 89' lang='lat' dir='ltr'><strong>spiritu</strong></span> <span class='ocrx_word' id='word_1_316' title='bbox 1927 2790 2303 2845; x_wconf 82' lang='lat' dir='ltr'><strong>fornicationis</strong></span> 
     </span>
    </p>
   </div>
   <div class='ocr_carea' id='block_1_46' title="bbox 717 2881 2302 2951">
    <p class='ocr_par' dir='ltr' id='par_1_46' title="bbox 717 2881 2302 2951">
     <span class='ocr_line' id='line_1_46' title="bbox 717 2881 2302 2951; baseline 0.001 -17"><span class='ocrx_word' id='word_1_317' title='bbox 717 2883 955 2951; x_wconf 67' lang='lat' dir='ltr'><strong>agitatae.</strong></span> <span class='ocrx_word' id='word_1_318' title='bbox 995 2882 1464 2948; x_wconf 81' lang='lat' dir='ltr'><strong>Quemadmodum</strong></span> <span class='ocrx_word' id='word_1_319' title='bbox 1514 2883 1660 2935; x_wconf 88' lang='lat' dir='ltr'><strong>enim</strong></span> <span class='ocrx_word' id='word_1_320' title='bbox 1709 2883 1764 2936; x_wconf 90' lang='lat' dir='ltr'><strong>in</strong></span> <span class='ocrx_word' id='word_1_321' title='bbox 1815 2883 1952 2936; x_wconf 88' lang='lat' dir='ltr'><strong>mari</strong></span> <span class='ocrx_word' id='word_1_322' title='bbox 1994 2881 2206 2936; x_wconf 91' lang='lat' dir='ltr'><strong>initium</strong></span> <span class='ocrx_word' id='word_1_323' title='bbox 2236 2896 2302 2936; x_wconf 87' lang='lat' dir='ltr'><strong>ac</strong></span> 
     </span>
    </p>
   </div>
   <div class='ocr_carea' id='block_1_47' title="bbox 715 2972 2298 3040">
    <p class='ocr_par' dir='ltr' id='par_1_47' title="bbox 715 2972 2298 3040">
     <span class='ocr_line' id='line_1_47' title="bbox 715 2972 2298 3040; baseline -0.001 -13"><span class='ocrx_word' id='word_1_324' title='bbox 715 2974 863 3028; x_wconf 89' lang='lat' dir='ltr'><strong>velut</strong></span> <span class='ocrx_word' id='word_1_325' title='bbox 893 2974 1172 3029; x_wconf 88' lang='lat' dir='ltr'><strong>meditatio</strong></span> <span class='ocrx_word' id='word_1_326' title='bbox 1215 2973 1620 3040; x_wconf 73' lang='lat' dir='ltr'><strong>naufragiorum</strong></span> <span class='ocrx_word' id='word_1_327' title='bbox 1673 2983 1756 3026; x_wconf 86' lang='lat' dir='ltr'><strong>est</strong></span> <span class='ocrx_word' id='word_1_328' title='bbox 1797 2972 2052 3028; x_wconf 87' lang='lat' dir='ltr'><strong>fluctuum</strong></span> <span class='ocrx_word' id='word_1_329' title='bbox 2109 2973 2298 3028; x_wconf 82' lang='lat' dir='ltr'><strong>turba-</strong></span> 
     </span>
    </p>
   </div>
   <div class='ocr_carea' id='block_1_48' title="bbox 719 3059 2301 3133">
    <p class='ocr_par' dir='ltr' id='par_1_48' title="bbox 719 3059 2301 3133">
     <span class='ocr_line' id='line_1_48' title="bbox 719 3059 2301 3133; baseline 0 -15"><span class='ocrx_word' id='word_1_330' title='bbox 719 3067 826 3125; x_wconf 83' lang='lat' dir='ltr'><strong>tio;</strong></span> <span class='ocrx_word' id='word_1_331' title='bbox 867 3066 946 3120; x_wconf 87' lang='lat' dir='ltr'><strong>sic</strong></span> <span class='ocrx_word' id='word_1_332' title='bbox 979 3066 1035 3119; x_wconf 88' lang='lat' dir='ltr'><strong>in</strong></span> <span class='ocrx_word' id='word_1_333' title='bbox 1067 3065 1251 3118; x_wconf 83' lang='lat' dir='ltr'><strong>anima</strong></span> <span class='ocrx_word' id='word_1_334' title='bbox 1284 3059 1622 3133; x_wconf 74' lang='lat' dir='ltr'><strong>principium</strong></span> <span class='ocrx_word' id='word_1_335' title='bbox 1673 3064 1964 3130; x_wconf 89' lang='lat' dir='ltr'><strong>adulterii,</strong></span> <span class='ocrx_word' id='word_1_336' title='bbox 1995 3064 2301 3119; x_wconf 79' lang='lat' dir='ltr'><strong>fornicatio-</strong></span> 
     </span>
    </p>
   </div>
   <div class='ocr_carea' id='block_1_49' title="bbox 717 3157 2296 3228">
    <p class='ocr_par' dir='ltr' id='par_1_49' title="bbox 717 3157 2296 3228">
     <span class='ocr_line' id='line_1_49' title="bbox 717 3157 2296 3228; baseline -0.003 -13"><span class='ocrx_word' id='word_1_337' title='bbox 717 3161 822 3224; x_wconf 85' lang='lat' dir='ltr'><strong>nis,</strong></span> <span class='ocrx_word' id='word_1_338' title='bbox 852 3159 1086 3228; x_wconf 77' lang='lat' dir='ltr'><strong>peccati,</strong></span> <span class='ocrx_word' id='word_1_339' title='bbox 1107 3169 1192 3213; x_wconf 86' lang='lat' dir='ltr'><strong>est</strong></span> <span class='ocrx_word' id='word_1_340' title='bbox 1224 3157 1568 3226; x_wconf 65' lang='lat' dir='ltr'><strong>cogitationis</strong></span> <span class='ocrx_word' id='word_1_341' title='bbox 1590 3159 1756 3218; x_wconf 86' lang='lat' dir='ltr'><strong>animi</strong></span> <span class='ocrx_word' id='word_1_342' title='bbox 1786 3159 2028 3213; x_wconf 79' lang='lat' dir='ltr'><strong>turbatio</strong></span> <span class='ocrx_word' id='word_1_343' title='bbox 2056 3173 2296 3212; x_wconf 74' lang='lat' dir='ltr'><strong>cteuosa.</strong></span> 
     </span>
    </p>
   </div>
   <div class='ocr_carea' id='block_1_50' title="bbox 722 3248 2299 3318">
    <p class='ocr_par' dir='ltr' id='par_1_50' title="bbox 722 3248 2299 3318">
     <span class='ocr_line' id='line_1_50' title="bbox 722 3248 2299 3318; baseline -0.001 -14"><span class='ocrx_word' id='word_1_344' title='bbox 722 3250 902 3304; x_wconf 79' lang='lat' dir='ltr'><strong>Primo</strong></span> <span class='ocrx_word' id='word_1_345' title='bbox 934 3262 1167 3315; x_wconf 84' lang='lat' dir='ltr'><strong>namque</strong></span> <span class='ocrx_word' id='word_1_346' title='bbox 1213 3248 1396 3302; x_wconf 85' lang='lat' dir='ltr'><strong>anima</strong></span> <span class='ocrx_word' id='word_1_347' title='bbox 1447 3249 1696 3316; x_wconf 82' lang='lat' dir='ltr'><strong>turpibus</strong></span> <span class='ocrx_word' id='word_1_348' title='bbox 1725 3248 2009 3313; x_wconf 80' lang='lat' dir='ltr'><strong>desideriis</strong></span> <span class='ocrx_word' id='word_1_349' title='bbox 2045 3259 2299 3318; x_wconf 82' lang='lat' dir='ltr'><strong>tauquam</strong></span> 
     </span>
    </p>
   </div>
   <div class='ocr_carea' id='block_1_51' title="bbox 716 3338 2304 3408">
    <p class='ocr_par' dir='ltr' id='par_1_51' title="bbox 716 3338 2304 3408">
     <span class='ocr_line' id='line_1_51' title="bbox 716 3338 2304 3408; baseline -0.002 -12"><span class='ocrx_word' id='word_1_350' title='bbox 716 3354 876 3396; x_wconf 73' lang='lat' dir='ltr'><strong>emno</strong></span> <span class='ocrx_word' id='word_1_351' title='bbox 905 3340 1167 3401; x_wconf 82' lang='lat' dir='ltr'><strong>inficitur,</strong></span> <span class='ocrx_word' id='word_1_352' title='bbox 1194 3341 1380 3408; x_wconf 86' lang='lat' dir='ltr'><strong>sicque</strong></span> <span class='ocrx_word' id='word_1_353' title='bbox 1413 3340 1642 3393; x_wconf 89' lang='lat' dir='ltr'><strong>incurrit</strong></span> <span class='ocrx_word' id='word_1_354' title='bbox 1679 3341 1731 3393; x_wconf 91' lang='lat' dir='ltr'><strong>in</strong></span> <span class='ocrx_word' id='word_1_355' title='bbox 1766 3338 2139 3394; x_wconf 88' lang='lat' dir='ltr'><strong>fornicationis</strong></span> <span class='ocrx_word' id='word_1_356' title='bbox 2173 3357 2304 3393; x_wconf 86' lang='lat' dir='ltr'><strong>nau-</strong></span> 
     </span>
    </p>
   </div>
   <div class='ocr_carea' id='block_1_52' title="bbox 717 3429 2300 3502">
    <p class='ocr_par' dir='ltr' id='par_1_52' title="bbox 717 3429 2300 3502">
     <span class='ocr_line' id='line_1_52' title="bbox 717 3429 2300 3502; baseline -0.001 -16"><span class='ocrx_word' id='word_1_357' title='bbox 717 3435 971 3502; x_wconf 58' lang='grc' dir='ltr'>πεδίων.</span> <span class='ocrx_word' id='word_1_358' title='bbox 1014 3431 1156 3486; x_wconf 78' lang='lat' dir='ltr'><strong>Hinc</strong></span> <span class='ocrx_word' id='word_1_359' title='bbox 1182 3441 1393 3500; x_wconf 80' lang='lat' dir='ltr'><strong>spectat</strong></span> <span class='ocrx_word' id='word_1_360' title='bbox 1420 3429 1714 3487; x_wconf 73' lang='lat' dir='ltr'><strong>aﬂectuutn</strong></span> <span class='ocrx_word' id='word_1_361' title='bbox 1743 3431 1988 3496; x_wconf 83' lang='lat' dir='ltr'><strong>delicias,</strong></span> <span class='ocrx_word' id='word_1_362' title='bbox 2024 3431 2171 3486; x_wconf 85' lang='lat' dir='ltr'><strong>illinc</strong></span> <span class='ocrx_word' id='word_1_363' title='bbox 2195 3433 2300 3486; x_wconf 87' lang='lat' dir='ltr'><strong>tui-</strong></span> 
     </span>
    </p>
   </div>
   <div class='ocr_carea' id='block_1_53' title="bbox 719 3522 2300 3592">
    <p class='ocr_par' dir='ltr' id='par_1_53' title="bbox 719 3522 2300 3592">
     <span class='ocr_line' id='line_1_53' title="bbox 719 3522 2300 3592; baseline -0.001 -15"><span class='ocrx_word' id='word_1_364' title='bbox 719 3539 817 3577; x_wconf 75' lang='lat' dir='ltr'><strong>nas</strong></span> <span class='ocrx_word' id='word_1_365' title='bbox 845 3524 960 3578; x_wconf 87' lang='lat' dir='ltr'><strong>Dei.</strong></span> <span class='ocrx_word' id='word_1_366' title='bbox 992 3523 1102 3578; x_wconf 88' lang='lat' dir='ltr'><strong>Sed</strong></span> <span class='ocrx_word' id='word_1_367' title='bbox 1126 3527 1272 3578; x_wconf 85' lang='lat' dir='ltr'><strong>sicut</strong></span> <span class='ocrx_word' id='word_1_368' title='bbox 1307 3531 1484 3577; x_wconf 60' lang='lat' dir='ltr'><strong>nauta</strong></span> <span class='ocrx_word' id='word_1_369' title='bbox 1523 3537 1588 3576; x_wconf 89' lang='lat' dir='ltr'><strong>ac</strong></span> <span class='ocrx_word' id='word_1_370' title='bbox 1621 3522 2032 3592; x_wconf 73' lang='lat' dir='ltr'><strong>gubernatores,</strong></span> <span class='ocrx_word' id='word_1_371' title='bbox 2061 3539 2181 3577; x_wconf 89' lang='lat' dir='ltr'><strong>cum</strong></span> <span class='ocrx_word' id='word_1_372' title='bbox 2219 3524 2300 3576; x_wconf 83' lang='lat' dir='ltr'><strong>vi-</strong></span> 
     </span>
    </p>
   </div>
   <div class='ocr_carea' id='block_1_54' title="bbox 718 3597 2301 3683">
    <p class='ocr_par' dir='ltr' id='par_1_54' title="bbox 718 3597 2301 3683">
     <span class='ocr_line' id='line_1_54' title="bbox 718 3597 2301 3683; baseline -0.003 -13"><span class='ocrx_word' id='word_1_373' title='bbox 718 3617 900 3670; x_wconf 89' lang='lat' dir='ltr'><strong>derint</strong></span> <span class='ocrx_word' id='word_1_374' title='bbox 944 3617 1013 3671; x_wconf 87' lang='lat' dir='ltr'><strong>ab</strong></span> <span class='ocrx_word' id='word_1_375' title='bbox 1051 3616 1296 3670; x_wconf 84' lang='lat' dir='ltr'><strong>adversis</strong></span> <span class='ocrx_word' id='word_1_376' title='bbox 1347 3615 1524 3668; x_wconf 83' lang='lat' dir='ltr'><strong>ventis</strong></span> <span class='ocrx_word' id='word_1_377' title='bbox 1572 3627 1723 3668; x_wconf 89' lang='lat' dir='ltr'><strong>mare</strong></span> <span class='ocrx_word' id='word_1_378' title='bbox 1781 3613 2022 3683; x_wconf 86' lang='lat' dir='ltr'><strong>incipere</strong></span> <span class='ocrx_word' id='word_1_379' title='bbox 2075 3597 2301 3677; x_wconf 80' lang='lat' dir='ltr'><strong>turbari,</strong></span> 
     </span>
    </p>
   </div>
   <div class='ocr_carea' id='block_1_55' title="bbox 715 3703 2304 3773">
    <p class='ocr_par' dir='ltr' id='par_1_55' title="bbox 715 3703 2304 3773">
     <span class='ocr_line' id='line_1_55' title="bbox 715 3703 2304 3773; baseline -0.003 -12"><span class='ocrx_word' id='word_1_380' title='bbox 715 3706 1006 3761; x_wconf 72' lang='lat' dir='ltr'><strong>confestim</strong></span> <span class='ocrx_word' id='word_1_381' title='bbox 1057 3719 1176 3758; x_wconf 84' lang='lat' dir='ltr'><strong>sine</strong></span> <span class='ocrx_word' id='word_1_382' title='bbox 1227 3704 1492 3760; x_wconf 86' lang='lat' dir='ltr'><strong>dilatione</strong></span> <span class='ocrx_word' id='word_1_383' title='bbox 1542 3705 1609 3758; x_wconf 86' lang='lat' dir='ltr'><strong>ad</strong></span> <span class='ocrx_word' id='word_1_384' title='bbox 1659 3713 1847 3772; x_wconf 88' lang='lat' dir='ltr'><strong>portus</strong></span> <span class='ocrx_word' id='word_1_385' title='bbox 1880 3703 2190 3773; x_wconf 86' lang='lat' dir='ltr'><strong>appellunt,</strong></span> <span class='ocrx_word' id='word_1_386' title='bbox 2221 3704 2304 3757; x_wconf 86' lang='lat' dir='ltr'><strong>vi-</strong></span> 
     </span>
    </p>
   </div>
   <div class='ocr_carea' id='block_1_56' title="bbox 719 3795 2302 3865">
    <p class='ocr_par' dir='ltr' id='par_1_56' title="bbox 719 3795 2302 3865">
     <span class='ocr_line' id='line_1_56' title="bbox 719 3795 2302 3865; baseline -0.001 -14"><span class='ocrx_word' id='word_1_387' title='bbox 719 3807 948 3865; x_wconf 83' lang='lat' dir='ltr'><strong>tantque</strong></span> <span class='ocrx_word' id='word_1_388' title='bbox 990 3795 1329 3864; x_wconf 84' lang='lat' dir='ltr'><strong>periculutn;</strong></span> <span class='ocrx_word' id='word_1_389' title='bbox 1364 3804 1522 3849; x_wconf 81' lang='lat' dir='ltr'><strong>extra</strong></span> <span class='ocrx_word' id='word_1_390' title='bbox 1573 3803 1757 3848; x_wconf 88' lang='lat' dir='ltr'><strong>autem</strong></span> <span class='ocrx_word' id='word_1_391' title='bbox 1813 3797 1856 3848; x_wconf 90' lang='lat' dir='ltr'><strong>si</strong></span> <span class='ocrx_word' id='word_1_392' title='bbox 1907 3795 2302 3864; x_wconf 87' lang='lat' dir='ltr'><strong>permanserint</strong></span> 
     </span>
    </p>
   </div>
   <div class='ocr_carea' id='block_1_57' title="bbox 719 3889 2305 3961">
    <p class='ocr_par' dir='ltr' id='par_1_57' title="bbox 719 3889 2305 3961">
     <span class='ocr_line' id='line_1_57' title="bbox 719 3889 2305 3961; baseline 0 -18"><span class='ocrx_word' id='word_1_393' title='bbox 719 3891 1096 3961; x_wconf 83' lang='lat' dir='ltr'><strong>periclitantur</strong></span> <span class='ocrx_word' id='word_1_394' title='bbox 1130 3908 1143 3943; x_wconf 89' lang='lat'><strong>:</strong></span> <span class='ocrx_word' id='word_1_395' title='bbox 1189 3891 1262 3943; x_wconf 87' lang='lat' dir='ltr'><strong>ita</strong></span> <span class='ocrx_word' id='word_1_396' title='bbox 1313 3890 1429 3958; x_wconf 88' lang='lat' dir='ltr'><strong>ipse</strong></span> <span class='ocrx_word' id='word_1_397' title='bbox 1471 3899 1526 3943; x_wconf 93' lang='lat' dir='ltr'><strong>tu</strong></span> <span class='ocrx_word' id='word_1_398' title='bbox 1565 3891 1995 3958; x_wconf 87' lang='lat' dir='ltr'><strong>quotiescunque</strong></span> <span class='ocrx_word' id='word_1_399' title='bbox 2023 3889 2305 3957; x_wconf 79' lang='lat' dir='ltr'><strong>cogitatio-</strong></span> 
     </span>
    </p>
   </div>
   <div class='ocr_carea' id='block_1_58' title="bbox 720 3981 2306 4051">
    <p class='ocr_par' dir='ltr' id='par_1_58' title="bbox 720 3981 2306 4051">
     <span class='ocr_line' id='line_1_58' title="bbox 720 3981 2306 4051; baseline -0.002 -14"><span class='ocrx_word' id='word_1_400' title='bbox 720 3984 879 4038; x_wconf 82' lang='lat' dir='ltr'><strong>nibus</strong></span> <span class='ocrx_word' id='word_1_401' title='bbox 907 3981 1146 4037; x_wconf 87' lang='lat' dir='ltr'><strong>turbaris</strong></span> <span class='ocrx_word' id='word_1_402' title='bbox 1174 3996 1271 4051; x_wconf 88' lang='lat' dir='ltr'><strong>per</strong></span> <span class='ocrx_word' id='word_1_403' title='bbox 1304 3982 1599 4050; x_wconf 85' lang='lat' dir='ltr'><strong>voluptatis</strong></span> <span class='ocrx_word' id='word_1_404' title='bbox 1633 3991 1826 4036; x_wconf 74' lang='lat' dir='ltr'><strong>ventos</strong></span> <span class='ocrx_word' id='word_1_405' title='bbox 1849 4023 1864 4046; x_wconf 90' lang='lat'><strong>,</strong></span> <span class='ocrx_word' id='word_1_406' title='bbox 1901 3981 2046 4036; x_wconf 87' lang='lat' dir='ltr'><strong>illico</strong></span> <span class='ocrx_word' id='word_1_407' title='bbox 2081 3983 2147 4035; x_wconf 90' lang='lat' dir='ltr'><strong>ad</strong></span> <span class='ocrx_word' id='word_1_408' title='bbox 2180 3997 2306 4051; x_wconf 90' lang='lat' dir='ltr'><strong>por-</strong></span> 
     </span>
    </p>
   </div>
   <div class='ocr_carea' id='block_1_59' title="bbox 723 4073 2305 4141">
    <p class='ocr_par' dir='ltr' id='par_1_59' title="bbox 723 4073 2305 4141">
     <span class='ocr_line' id='line_1_59' title="bbox 723 4073 2305 4141; baseline -0.004 -9"><span class='ocrx_word' id='word_1_409' title='bbox 723 4085 836 4132; x_wconf 81' lang='lat' dir='ltr'><strong>tutn</strong></span> <span class='ocrx_word' id='word_1_410' title='bbox 871 4073 1132 4128; x_wconf 73' lang='lat' dir='ltr'><strong>Ecclesia:</strong></span> <span class='ocrx_word' id='word_1_411' title='bbox 1165 4088 1348 4129; x_wconf 90' lang='lat' dir='ltr'><strong>curre.</strong></span> <span class='ocrx_word' id='word_1_412' title='bbox 1397 4073 1508 4127; x_wconf 89' lang='lat' dir='ltr'><strong>Illic</strong></span> <span class='ocrx_word' id='word_1_413' title='bbox 1548 4074 1733 4127; x_wconf 83' lang='lat' dir='ltr'><strong>audies</strong></span> <span class='ocrx_word' id='word_1_414' title='bbox 1767 4073 1833 4126; x_wconf 90' lang='lat' dir='ltr'><strong>de</strong></span> <span class='ocrx_word' id='word_1_415' title='bbox 1876 4077 2224 4141; x_wconf 86' lang='lat' dir='ltr'><strong>temperantia</strong></span> <span class='ocrx_word' id='word_1_416' title='bbox 2251 4083 2305 4127; x_wconf 90' lang='lat' dir='ltr'><strong>et</strong></span> 
     </span>
    </p>
   </div>
   <div class='ocr_carea' id='block_1_60' title="bbox 722 4163 2308 4234">
    <p class='ocr_par' dir='ltr' id='par_1_60' title="bbox 722 4163 2308 4234">
     <span class='ocr_line' id='line_1_60' title="bbox 722 4163 2308 4234; baseline -0.003 -14"><span class='ocrx_word' id='word_1_417' title='bbox 722 4167 974 4220; x_wconf 85' lang='lat' dir='ltr'><strong>castitate</strong></span> <span class='ocrx_word' id='word_1_418' title='bbox 996 4181 1063 4220; x_wconf 79' lang='lat' dir='ltr'><strong>ex</strong></span> <span class='ocrx_word' id='word_1_419' title='bbox 1093 4163 1392 4234; x_wconf 86' lang='lat' dir='ltr'><strong>Scripturis</strong></span> <span class='ocrx_word' id='word_1_420' title='bbox 1421 4171 1477 4217; x_wconf 89' lang='lat' dir='ltr'><strong>et</strong></span> <span class='ocrx_word' id='word_1_421' title='bbox 1502 4164 1817 4218; x_wconf 89' lang='lat' dir='ltr'><strong>doctoribus</strong></span> <span class='ocrx_word' id='word_1_422' title='bbox 1841 4202 1855 4227; x_wconf 90' lang='lat'><strong>,</strong></span> <span class='ocrx_word' id='word_1_423' title='bbox 1893 4165 2034 4232; x_wconf 88' lang='lat' dir='ltr'><strong>quod</strong></span> <span class='ocrx_word' id='word_1_424' title='bbox 2079 4163 2308 4233; x_wconf 78' lang='lat' dir='ltr'><strong>fornica-</strong></span> 
     </span>
    </p>
   </div>
   <div class='ocr_carea' id='block_1_61' title="bbox 723 4255 2303 4325">
    <p class='ocr_par' dir='ltr' id='par_1_61' title="bbox 723 4255 2303 4325">
     <span class='ocr_line' id='line_1_61' title="bbox 723 4255 2303 4325; baseline -0.003 -14"><span class='ocrx_word' id='word_1_425' title='bbox 723 4270 860 4311; x_wconf 82' lang='lat' dir='ltr'><strong>tores</strong></span> <span class='ocrx_word' id='word_1_426' title='bbox 896 4268 943 4310; x_wconf 73' lang='grc' dir='ltr'><strong>οι</strong></span> <span class='ocrx_word' id='word_1_427' title='bbox 987 4257 1255 4309; x_wconf 82' lang='lat' dir='ltr'><strong>adulteros</strong></span> <span class='ocrx_word' id='word_1_428' title='bbox 1299 4256 1561 4324; x_wconf 81' lang='lat' dir='ltr'><strong>judicabit</strong></span> <span class='ocrx_word' id='word_1_429' title='bbox 1591 4255 1819 4321; x_wconf 75' lang='lat' dir='ltr'><strong>Deus&#39;;</strong></span> <span class='ocrx_word' id='word_1_430' title='bbox 1875 4255 2018 4325; x_wconf 87' lang='lat' dir='ltr'><strong>quod</strong></span> <span class='ocrx_word' id='word_1_431' title='bbox 2070 4255 2303 4308; x_wconf 79' lang='lat' dir='ltr'><strong>honora-</strong></span> 
     </span>
    </p>
   </div>
   <div class='ocr_carea' id='block_1_62' title="bbox 722 4347 2305 4417">
    <p class='ocr_par' dir='ltr' id='par_1_62' title="bbox 722 4347 2305 4417">
     <span class='ocr_line' id='line_1_62' title="bbox 722 4347 2305 4417; baseline 0 -15"><span class='ocrx_word' id='word_1_432' title='bbox 722 4350 824 4402; x_wconf 69' lang='grc' dir='ltr'>Μία</span> <span class='ocrx_word' id='word_1_433' title='bbox 861 4348 1223 4412; x_wconf 86' lang='lat' dir='ltr'><strong>eonnubium;</strong></span> <span class='ocrx_word' id='word_1_434' title='bbox 1294 4348 1436 4417; x_wconf 89' lang='lat' dir='ltr'><strong>quod</strong></span> <span class='ocrx_word' id='word_1_435' title='bbox 1473 4362 1578 4400; x_wconf 91' lang='lat' dir='ltr'><strong>non</strong></span> <span class='ocrx_word' id='word_1_436' title='bbox 1620 4349 1802 4416; x_wconf 80' lang='lat' dir='ltr'><strong>nuptis</strong></span> <span class='ocrx_word' id='word_1_437' title='bbox 1848 4357 1902 4402; x_wconf 83' lang='lat' dir='ltr'><strong>et</strong></span> <span class='ocrx_word' id='word_1_438' title='bbox 1948 4347 2123 4402; x_wconf 87' lang='lat' dir='ltr'><strong>viduis</strong></span> <span class='ocrx_word' id='word_1_439' title='bbox 2172 4348 2305 4402; x_wconf 82' lang='lat' dir='ltr'><strong>dicit</strong></span> 
     </span>
    </p>
   </div>
   <div class='ocr_carea' id='block_1_63' title="bbox 721 4437 2302 4527">
    <p class='ocr_par' dir='ltr' id='par_1_63' title="bbox 721 4437 2302 4527">
     <span class='ocr_line' id='line_1_63' title="bbox 721 4437 2302 4527; baseline -0.001 -35"><span class='ocrx_word' id='word_1_440' title='bbox 721 4439 1044 4506; x_wconf 78' lang='lat' dir='ltr'><strong>Apostolus:</strong></span> <span class='ocrx_word' id='word_1_441' title='bbox 1070 4437 1279 4492; x_wconf 88' lang='lat' dir='ltr'><strong>Bonum</strong></span> <span class='ocrx_word' id='word_1_442' title='bbox 1303 4447 1377 4491; x_wconf 92' lang='lat' dir='ltr'><strong>est</strong></span> <span class='ocrx_word' id='word_1_443' title='bbox 1405 4439 1510 4492; x_wconf 77' lang='lat' dir='ltr'><strong>illis</strong></span> <span class='ocrx_word' id='word_1_444' title='bbox 1533 4441 1578 4492; x_wconf 88' lang='lat' dir='ltr'><strong>si</strong></span> <span class='ocrx_word' id='word_1_445' title='bbox 1607 4440 1680 4493; x_wconf 89' lang='lat' dir='ltr'><strong>sic</strong></span> <span class='ocrx_word' id='word_1_446' title='bbox 1703 4441 2080 4504; x_wconf 77' lang='lat' dir='ltr'><strong>permanserint</strong></span> <span class='ocrx_word' id='word_1_447' title='bbox 2103 4441 2232 4492; x_wconf 85' lang='lat' dir='ltr'><strong>sicut</strong></span> <span class='ocrx_word' id='word_1_448' title='bbox 2255 4450 2302 4527; x_wconf 75' lang='lat' dir='ltr'><strong>et</strong></span> 
     </span>
    </p>
   </div>
   <div class='ocr_carea' id='block_1_64' title="bbox 2404 1958 3992 2036">
    <p class='ocr_par' dir='ltr' id='par_1_64' title="bbox 2404 1958 3992 2036">
     <span class='ocr_line' id='line_1_64' title="bbox 2404 1958 3992 2036; baseline 0.004 -24"><span class='ocrx_word' id='word_1_449' title='bbox 2404 1958 2537 2024; x_wconf 81' lang='grc' dir='ltr'>Θεὸς</span> <span class='ocrx_word' id='word_1_450' title='bbox 2557 1959 2600 1992; x_wconf 70' lang='grc'><strong><em>³³</em></strong></span> <span class='ocrx_word' id='word_1_451' title='bbox 2639 1961 2895 2017; x_wconf 72' lang='grc' dir='ltr'>ἰάσασθαι</span> <span class='ocrx_word' id='word_1_452' title='bbox 2918 1963 3164 2016; x_wconf 75' lang='grc' dir='ltr'>δύναταιο</span> <span class='ocrx_word' id='word_1_453' title='bbox 3193 1963 3286 2016; x_wconf 88' lang='grc' dir='ltr'><strong>τὸν</strong></span> <span class='ocrx_word' id='word_1_454' title='bbox 3313 1964 3370 2018; x_wconf 78' lang='grc' dir='ltr'><strong>δὲ</strong></span> <span class='ocrx_word' id='word_1_455' title='bbox 3401 1963 3550 2036; x_wconf 80' lang='grc' dir='ltr'>παρὰ</span> <span class='ocrx_word' id='word_1_456' title='bbox 3581 1963 3674 2016; x_wconf 80' lang='grc' dir='ltr'>τοῦ</span> <span class='ocrx_word' id='word_1_457' title='bbox 3702 1963 3836 2017; x_wconf 80' lang='grc' dir='ltr'>Θεοῦ</span> <span class='ocrx_word' id='word_1_458' title='bbox 3867 1982 3992 2018; x_wconf 85' lang='grc' dir='ltr'>παι-</span> 
     </span>
    </p>
   </div>
   <div class='ocr_carea' id='block_1_65' title="bbox 2401 2051 3990 2128">
    <p class='ocr_par' dir='ltr' id='par_1_65' title="bbox 2401 2051 3990 2128">
     <span class='ocr_line' id='line_1_65' title="bbox 2401 2051 3990 2128; baseline 0.005 -24"><span class='ocrx_word' id='word_1_459' title='bbox 2401 2051 2676 2120; x_wconf 83' lang='grc' dir='ltr'>δευθέντα,</span> <span class='ocrx_word' id='word_1_460' title='bbox 2703 2056 2804 2107; x_wconf 78' lang='grc' dir='ltr'><strong>οὐκ</strong></span> <span class='ocrx_word' id='word_1_461' title='bbox 2837 2056 3144 2126; x_wconf 75' lang='grc' dir='ltr'>ἄνθρωπος,</span> <span class='ocrx_word' id='word_1_462' title='bbox 3175 2057 3276 2110; x_wconf 70' lang='grc' dir='ltr'>οὐκ</span> <span class='ocrx_word' id='word_1_463' title='bbox 3303 2057 3556 2124; x_wconf 78' lang='grc' dir='ltr'>ἄγγελος,</span> <span class='ocrx_word' id='word_1_464' title='bbox 3596 2058 3732 2111; x_wconf 83' lang='grc' dir='ltr'>ἀλλὰ</span> <span class='ocrx_word' id='word_1_465' title='bbox 3766 2059 3932 2128; x_wconf 82' lang='grc' dir='ltr'><strong>μόνος</strong></span> <span class='ocrx_word' id='word_1_466' title='bbox 3961 2060 3990 2112; x_wconf 85' lang='lat'><strong>6</strong></span> 
     </span>
    </p>
   </div>
   <div class='ocr_carea' id='block_1_66' title="bbox 2404 2144 3989 2220">
    <p class='ocr_par' dir='ltr' id='par_1_66' title="bbox 2404 2144 3989 2220">
     <span class='ocr_line' id='line_1_66' title="bbox 2404 2144 3989 2220; baseline 0.005 -23"><span class='ocrx_word' id='word_1_467' title='bbox 2404 2144 2535 2208; x_wconf 82' lang='grc' dir='ltr'><strong>Θεὸς</strong></span> <span class='ocrx_word' id='word_1_468' title='bbox 2571 2148 2714 2199; x_wconf 82' lang='grc' dir='ltr'>ίᾶται</span> <span class='ocrx_word' id='word_1_469' title='bbox 2760 2147 2852 2202; x_wconf 76' lang='grc' dir='ltr'>καὶ</span> <span class='ocrx_word' id='word_1_470' title='bbox 2900 2147 3190 2219; x_wconf 80' lang='grc' dir='ltr'><strong>θεραπεύει</strong></span> <span class='ocrx_word' id='word_1_471' title='bbox 3212 2166 3226 2178; x_wconf 79' lang='grc' dir='ltr'><strong><em>ο</em></strong></span> <span class='ocrx_word' id='word_1_472' title='bbox 3287 2149 3420 2203; x_wconf 84' lang='grc' dir='ltr'><strong>Ἐὰν</strong></span> <span class='ocrx_word' id='word_1_473' title='bbox 3453 2151 3562 2219; x_wconf 79' lang='grc' dir='ltr'>γὰρ</span> <span class='ocrx_word' id='word_1_474' title='bbox 3583 2149 3811 2220; x_wconf 75' lang='grc' dir='ltr'>ἁμάρτῃ</span> <span class='ocrx_word' id='word_1_475' title='bbox 3831 2151 3989 2220; x_wconf 78' lang='grc' dir='ltr'><strong>ἀνὴρ</strong></span> 
     </span>
    </p>
   </div>
   <div class='ocr_carea' id='block_1_67' title="bbox 2405 2237 3992 2311">
    <p class='ocr_par' dir='ltr' id='par_1_67' title="bbox 2405 2237 3992 2311">
     <span class='ocr_line' id='line_1_67' title="bbox 2405 2237 3992 2311; baseline 0.004 -21"><span class='ocrx_word' id='word_1_476' title='bbox 2405 2240 2493 2301; x_wconf 86' lang='grc' dir='ltr'><strong>είς</strong></span> <span class='ocrx_word' id='word_1_477' title='bbox 2541 2237 2757 2306; x_wconf 80' lang='grc' dir='ltr'>ἄνδρα,</span> <span class='ocrx_word' id='word_1_478' title='bbox 2806 2239 2904 2292; x_wconf 77' lang='grc' dir='ltr'><strong>καὶ</strong></span> <span class='ocrx_word' id='word_1_479' title='bbox 2948 2241 3385 2307; x_wconf 82' lang='grc' dir='ltr'>προσεύξονται</span> <span class='ocrx_word' id='word_1_480' title='bbox 3440 2243 3570 2308; x_wconf 73' lang='grc' dir='ltr'>περὶ</span> <span class='ocrx_word' id='word_1_481' title='bbox 3615 2244 3800 2296; x_wconf 82' lang='grc' dir='ltr'>αὑτοῦ</span> <span class='ocrx_word' id='word_1_482' title='bbox 3839 2244 3992 2311; x_wconf 72' lang='grc' dir='ltr'>πρὸς</span> 
     </span>
    </p>
   </div>
   <div class='ocr_carea' id='block_1_68' title="bbox 2405 2330 3992 2402">
    <p class='ocr_par' dir='ltr' id='par_1_68' title="bbox 2405 2330 3992 2402">
     <span class='ocr_line' id='line_1_68' title="bbox 2405 2330 3992 2402; baseline 0.003 -19"><span class='ocrx_word' id='word_1_483' title='bbox 2405 2332 2626 2398; x_wconf 79' lang='grc' dir='ltr'><strong>Κύριον</strong></span> <span class='ocrx_word' id='word_1_484' title='bbox 2646 2347 2658 2362; x_wconf 88' lang='grc'><strong>·</strong></span> <span class='ocrx_word' id='word_1_485' title='bbox 2691 2330 2785 2385; x_wconf 76' lang='grc' dir='ltr'>ἐὰν</span> <span class='ocrx_word' id='word_1_486' title='bbox 2819 2331 3001 2401; x_wconf 74' lang='grc' dir='ltr'>ἄρχων</span> <span class='ocrx_word' id='word_1_487' title='bbox 3034 2332 3305 2400; x_wconf 80' lang='grc' dir='ltr'>ἀπόφασιν</span> <span class='ocrx_word' id='word_1_488' title='bbox 3347 2332 3420 2402; x_wconf 83' lang='grc' dir='ltr'><strong>δῷ</strong></span> <span class='ocrx_word' id='word_1_489' title='bbox 3447 2335 3526 2397; x_wconf 86' lang='grc' dir='ltr'><strong>είς</strong></span> <span class='ocrx_word' id='word_1_490' title='bbox 3557 2334 3805 2399; x_wconf 79' lang='grc' dir='ltr'>θάνατον,</span> <span class='ocrx_word' id='word_1_491' title='bbox 3858 2337 3992 2389; x_wconf 72' lang='grc' dir='ltr'>ἁναο</span> 
     </span>
    </p>
   </div>
   <div class='ocr_carea' id='block_1_69' title="bbox 2403 2422 3991 2495">
    <p class='ocr_par' dir='ltr' id='par_1_69' title="bbox 2403 2422 3991 2495">
     <span class='ocr_line' id='line_1_69' title="bbox 2403 2422 3991 2495; baseline 0.004 -20"><span class='ocrx_word' id='word_1_492' title='bbox 2403 2423 2593 2493; x_wconf 80' lang='grc' dir='ltr'>τρέπει</span> <span class='ocrx_word' id='word_1_493' title='bbox 2627 2422 2880 2492; x_wconf 79' lang='grc' dir='ltr'>βασιλεὺς</span> <span class='ocrx_word' id='word_1_494' title='bbox 2921 2423 3019 2493; x_wconf 77' lang='grc' dir='ltr'>τὴν</span> <span class='ocrx_word' id='word_1_495' title='bbox 3049 2423 3325 2491; x_wconf 74' lang='grc' dir='ltr'>ἀπόφασιν</span> <span class='ocrx_word' id='word_1_496' title='bbox 3346 2442 3357 2454; x_wconf 89' lang='grc'><strong>·</strong></span> <span class='ocrx_word' id='word_1_497' title='bbox 3391 2425 3485 2478; x_wconf 74' lang='grc' dir='ltr'><strong>ἐὰν</strong></span> <span class='ocrx_word' id='word_1_498' title='bbox 3509 2428 3537 2478; x_wconf 91' lang='lat'><strong>6</strong></span> <span class='ocrx_word' id='word_1_499' title='bbox 3570 2425 3818 2495; x_wconf 83' lang='grc' dir='ltr'>βασιλεὺς</span> <span class='ocrx_word' id='word_1_500' title='bbox 3855 2430 3991 2482; x_wconf 78' lang='grc' dir='ltr'><strong>ἀπο-</strong></span> 
     </span>
    </p>
   </div>
   <div class='ocr_carea' id='block_1_70' title="bbox 2405 2513 3993 2589">
    <p class='ocr_par' dir='ltr' id='par_1_70' title="bbox 2405 2513 3993 2589">
     <span class='ocr_line' id='line_1_70' title="bbox 2405 2513 3993 2589; baseline 0.003 -22"><span class='ocrx_word' id='word_1_501' title='bbox 2405 2517 2664 2584; x_wconf 77' lang='grc' dir='ltr'>φήνηται,</span> <span class='ocrx_word' id='word_1_502' title='bbox 2690 2514 2864 2576; x_wconf 79' lang='grc' dir='ltr'>οὐδεὶς</span> <span class='ocrx_word' id='word_1_503' title='bbox 2899 2513 3201 2584; x_wconf 76' lang='grc' dir='ltr'>ἀνατρέψαι</span> <span class='ocrx_word' id='word_1_504' title='bbox 3233 2515 3453 2568; x_wconf 74' lang='grc' dir='ltr'>δύναται</span> <span class='ocrx_word' id='word_1_505' title='bbox 3473 2532 3486 2546; x_wconf 75' lang='grc'><strong><em>⁸</em></strong></span> <span class='ocrx_word' id='word_1_506' title='bbox 3518 2520 3545 2569; x_wconf 90' lang='lat'><strong>6</strong></span> <span class='ocrx_word' id='word_1_507' title='bbox 3574 2517 3735 2569; x_wconf 77' lang='grc' dir='ltr'><strong>Δαὸὶδ</strong></span> <span class='ocrx_word' id='word_1_508' title='bbox 3763 2518 3853 2570; x_wconf 81' lang='grc' dir='ltr'><strong>τὸν</strong></span> <span class='ocrx_word' id='word_1_509' title='bbox 3895 2537 3993 2589; x_wconf 84' lang='grc' dir='ltr'>μα-</span> 
     </span>
    </p>
   </div>
   <div class='ocr_carea' id='block_1_71' title="bbox 2403 2602 3988 2682">
    <p class='ocr_par' dir='ltr' id='par_1_71' title="bbox 2403 2602 3988 2682">
     <span class='ocr_line' id='line_1_71' title="bbox 2403 2602 3988 2682; baseline 0.006 -24"><span class='ocrx_word' id='word_1_510' title='bbox 2403 2608 2656 2670; x_wconf 79' lang='grc' dir='ltr'>στίξαντα</span> <span class='ocrx_word' id='word_1_511' title='bbox 2681 2607 2956 2678; x_wconf 83' lang='grc' dir='ltr'>Δεσπότην</span> <span class='ocrx_word' id='word_1_512' title='bbox 2988 2607 3171 2677; x_wconf 75' lang='grc' dir='ltr'>ἰατρὸν</span> <span class='ocrx_word' id='word_1_513' title='bbox 3197 2608 3448 2674; x_wconf 74' lang='grc' dir='ltr'>γενᾶσθαι</span> <span class='ocrx_word' id='word_1_514' title='bbox 3489 2610 3638 2679; x_wconf 79' lang='grc' dir='ltr'>αὐτῷ</span> <span class='ocrx_word' id='word_1_515' title='bbox 3660 2602 3988 2682; x_wconf 79' lang='grc' dir='ltr'>παρακαλεῖ.</span> 
     </span>
    </p>
   </div>
   <div class='ocr_carea' id='block_1_72' title="bbox 2407 2697 3993 2769">
    <p class='ocr_par' dir='ltr' id='par_1_72' title="bbox 2407 2697 3993 2769">
     <span class='ocr_line' id='line_1_72' title="bbox 2407 2697 3993 2769; baseline 0.003 -18"><span class='ocrx_word' id='word_1_516' title='bbox 2407 2699 2602 2751; x_wconf 79' lang='grc' dir='ltr'>Ἰασαι</span> <span class='ocrx_word' id='word_1_517' title='bbox 2622 2708 2714 2762; x_wconf 88' lang='grc' dir='ltr'><strong>με,</strong></span> <span class='ocrx_word' id='word_1_518' title='bbox 2747 2698 2935 2764; x_wconf 72' lang='grc' dir='ltr'><strong>1(ύριιε,</strong></span> <span class='ocrx_word' id='word_1_519' title='bbox 2965 2697 3054 2749; x_wconf 88' lang='grc' dir='ltr'>ὅτι</span> <span class='ocrx_word' id='word_1_520' title='bbox 3082 2697 3376 2766; x_wconf 78' lang='grc' dir='ltr'><strong>ἐταράχθη</strong></span> <span class='ocrx_word' id='word_1_521' title='bbox 3401 2697 3472 2751; x_wconf 79' lang='grc' dir='ltr'>τὰ</span> <span class='ocrx_word' id='word_1_522' title='bbox 3496 2697 3646 2752; x_wconf 81' lang='grc' dir='ltr'>ὀστᾶ</span> <span class='ocrx_word' id='word_1_523' title='bbox 3655 2717 3796 2769; x_wconf 80' lang='grc' dir='ltr'>μου.</span> <span class='ocrx_word' id='word_1_524' title='bbox 3828 2702 3993 2755; x_wconf 76' lang='grc' dir='ltr'>Ὀστᾶ</span> 
     </span>
    </p>
   </div>
   <div class='ocr_carea' id='block_1_73' title="bbox 2401 2785 3992 2861">
    <p class='ocr_par' dir='ltr' id='par_1_73' title="bbox 2401 2785 3992 2861">
     <span class='ocr_line' id='line_1_73' title="bbox 2401 2785 3992 2861; baseline 0.005 -25"><span class='ocrx_word' id='word_1_525' title='bbox 2401 2785 2457 2839; x_wconf 83' lang='grc' dir='ltr'><strong>δὲ</strong></span> <span class='ocrx_word' id='word_1_526' title='bbox 2484 2787 2649 2853; x_wconf 81' lang='grc' dir='ltr'>λέγει,</span> <span class='ocrx_word' id='word_1_527' title='bbox 2676 2791 2737 2844; x_wconf 77' lang='grc' dir='ltr'><strong>οὐ</strong></span> <span class='ocrx_word' id='word_1_528' title='bbox 2771 2789 2836 2844; x_wconf 80' lang='grc' dir='ltr'><strong>τὰ</strong></span> <span class='ocrx_word' id='word_1_529' title='bbox 2868 2785 2961 2838; x_wconf 75' lang='grc' dir='ltr'>τοῦ</span> <span class='ocrx_word' id='word_1_530' title='bbox 2991 2786 3266 2856; x_wconf 85' lang='grc' dir='ltr'>σώματος,</span> <span class='ocrx_word' id='word_1_531' title='bbox 3300 2788 3435 2841; x_wconf 80' lang='grc' dir='ltr'>ἀλλὰ</span> <span class='ocrx_word' id='word_1_532' title='bbox 3459 2789 3559 2852; x_wconf 74' lang='grc' dir='ltr'>τὰς</span> <span class='ocrx_word' id='word_1_533' title='bbox 3585 2790 3808 2861; x_wconf 78' lang='grc' dir='ltr'>ἰσχυρὰς</span> <span class='ocrx_word' id='word_1_534' title='bbox 3837 2791 3992 2844; x_wconf 75' lang='grc' dir='ltr'>δυνάι</span> 
     </span>
    </p>
   </div>
   <div class='ocr_carea' id='block_1_74' title="bbox 2406 2877 3991 2952">
    <p class='ocr_par' dir='ltr' id='par_1_74' title="bbox 2406 2877 3991 2952">
     <span class='ocr_line' id='line_1_74' title="bbox 2406 2877 3991 2952; baseline 0.002 -22"><span class='ocrx_word' id='word_1_535' title='bbox 2406 2895 2525 2949; x_wconf 87' lang='grc' dir='ltr'>μεις</span> <span class='ocrx_word' id='word_1_536' title='bbox 2566 2878 2674 2930; x_wconf 85' lang='grc' dir='ltr'><strong>τῶν</strong></span> <span class='ocrx_word' id='word_1_537' title='bbox 2718 2877 3030 2951; x_wconf 84' lang='grc' dir='ltr'><strong>λογισμῶν,</strong></span> <span class='ocrx_word' id='word_1_538' title='bbox 3063 2878 3263 2941; x_wconf 83' lang='grc' dir='ltr'>αἵτινες</span> <span class='ocrx_word' id='word_1_539' title='bbox 3307 2879 3381 2941; x_wconf 81' lang='grc' dir='ltr'><strong>ὡς</strong></span> <span class='ocrx_word' id='word_1_540' title='bbox 3416 2879 3638 2949; x_wconf 80' lang='grc' dir='ltr'>κύματα</span> <span class='ocrx_word' id='word_1_541' title='bbox 3680 2881 3991 2952; x_wconf 76' lang='grc' dir='ltr'>ἐταράχθη-</span> 
     </span>
    </p>
   </div>
   <div class='ocr_carea' id='block_1_75' title="bbox 2403 2968 3988 3043">
    <p class='ocr_par' dir='ltr' id='par_1_75' title="bbox 2403 2968 3988 3043">
     <span class='ocr_line' id='line_1_75' title="bbox 2403 2968 3988 3043; baseline 0.002 -21"><span class='ocrx_word' id='word_1_542' title='bbox 2403 2985 2524 3030; x_wconf 86' lang='grc' dir='ltr'>σαν,</span> <span class='ocrx_word' id='word_1_543' title='bbox 2555 2970 2827 3040; x_wconf 83' lang='grc' dir='ltr'>πνεύματι</span> <span class='ocrx_word' id='word_1_544' title='bbox 2850 2970 3106 3041; x_wconf 80' lang='grc' dir='ltr'>πορνείας</span> <span class='ocrx_word' id='word_1_545' title='bbox 3128 2968 3600 3039; x_wconf 77' lang='grc' dir='ltr'>κλυδωνιζόμεναι,</span> <span class='ocrx_word' id='word_1_546' title='bbox 3640 2971 3852 3042; x_wconf 80' lang='grc' dir='ltr'>Ὠσπερ</span> <span class='ocrx_word' id='word_1_547' title='bbox 3880 2973 3988 3043; x_wconf 74' lang='grc' dir='ltr'><strong>γὰρ</strong></span> 
     </span>
    </p>
   </div>
   <div class='ocr_carea' id='block_1_76' title="bbox 2407 3058 3987 3133">
    <p class='ocr_par' dir='ltr' id='par_1_76' title="bbox 2407 3058 3987 3133">
     <span class='ocr_line' id='line_1_76' title="bbox 2407 3058 3987 3133; baseline 0.001 -21"><span class='ocrx_word' id='word_1_548' title='bbox 2407 3062 2464 3112; x_wconf 85' lang='grc' dir='ltr'>ὲν</span> <span class='ocrx_word' id='word_1_549' title='bbox 2500 3059 2746 3133; x_wconf 75' lang='grc' dir='ltr'>θαλάσσῃ</span> <span class='ocrx_word' id='word_1_550' title='bbox 2771 3058 2912 3130; x_wconf 83' lang='grc' dir='ltr'>ἁρχὴ</span> <span class='ocrx_word' id='word_1_551' title='bbox 2942 3061 3034 3111; x_wconf 71' lang='grc' dir='ltr'>καὶ</span> <span class='ocrx_word' id='word_1_552' title='bbox 3060 3060 3255 3130; x_wconf 81' lang='grc' dir='ltr'><strong>μελέτη</strong></span> <span class='ocrx_word' id='word_1_553' title='bbox 3280 3059 3390 3113; x_wconf 84' lang='grc' dir='ltr'>τῶν</span> <span class='ocrx_word' id='word_1_554' title='bbox 3420 3061 3692 3129; x_wconf 72' lang='grc' dir='ltr'>ναυαγίων</span> <span class='ocrx_word' id='word_1_555' title='bbox 3714 3065 3741 3115; x_wconf 88' lang='lat'><strong>6</strong></span> <span class='ocrx_word' id='word_1_556' title='bbox 3762 3063 3872 3115; x_wconf 83' lang='grc' dir='ltr'><strong>τῶν</strong></span> <span class='ocrx_word' id='word_1_557' title='bbox 3895 3080 3987 3114; x_wconf 75' lang='grc' dir='ltr'><strong>κυ-</strong></span> 
     </span>
    </p>
   </div>
   <div class='ocr_carea' id='block_1_77' title="bbox 2408 3151 3988 3225">
    <p class='ocr_par' dir='ltr' id='par_1_77' title="bbox 2408 3151 3988 3225">
     <span class='ocr_line' id='line_1_77' title="bbox 2408 3151 3988 3225; baseline 0.001 -19"><span class='ocrx_word' id='word_1_558' title='bbox 2408 3155 2592 3222; x_wconf 81' lang='grc' dir='ltr'><strong>μάτων</strong></span> <span class='ocrx_word' id='word_1_559' title='bbox 2614 3155 2846 3222; x_wconf 81' lang='grc' dir='ltr'>τάραχος</span> <span class='ocrx_word' id='word_1_560' title='bbox 2867 3168 2881 3182; x_wconf 78' lang='grc' dir='ltr'><strong><em>ο</em></strong></span> <span class='ocrx_word' id='word_1_561' title='bbox 2907 3151 3078 3216; x_wconf 73' lang='grc' dir='ltr'>οὕτως</span> <span class='ocrx_word' id='word_1_562' title='bbox 3101 3155 3159 3205; x_wconf 79' lang='grc' dir='ltr'><strong>ἐν</strong></span> <span class='ocrx_word' id='word_1_563' title='bbox 3175 3156 3239 3223; x_wconf 85' lang='grc' dir='ltr'>τῇ</span> <span class='ocrx_word' id='word_1_564' title='bbox 3265 3153 3408 3222; x_wconf 73' lang='grc' dir='ltr'>ψυχῇ</span> <span class='ocrx_word' id='word_1_565' title='bbox 3433 3155 3574 3225; x_wconf 83' lang='grc' dir='ltr'><strong>ἀρχὴ</strong></span> <span class='ocrx_word' id='word_1_566' title='bbox 3601 3156 3865 3224; x_wconf 78' lang='grc' dir='ltr'><strong>μοιχείας,</strong></span> <span class='ocrx_word' id='word_1_567' title='bbox 3897 3158 3988 3208; x_wconf 77' lang='grc' dir='ltr'>καὶ</span> 
     </span>
    </p>
   </div>
   <div class='ocr_carea' id='block_1_78' title="bbox 2403 3243 3990 3317">
    <p class='ocr_par' dir='ltr' id='par_1_78' title="bbox 2403 3243 3990 3317">
     <span class='ocr_line' id='line_1_78' title="bbox 2403 3243 3990 3317; baseline 0.003 -21"><span class='ocrx_word' id='word_1_568' title='bbox 2403 3243 2680 3314; x_wconf 80' lang='grc' dir='ltr'>πορνείας.</span> <span class='ocrx_word' id='word_1_569' title='bbox 2709 3246 2801 3298; x_wconf 74' lang='grc' dir='ltr'>καὶ</span> <span class='ocrx_word' id='word_1_570' title='bbox 2823 3245 3118 3316; x_wconf 86' lang='grc' dir='ltr'>ἁμαρτίας,</span> <span class='ocrx_word' id='word_1_571' title='bbox 3147 3247 3173 3298; x_wconf 84' lang='lat'><strong>6</strong></span> <span class='ocrx_word' id='word_1_572' title='bbox 3199 3245 3293 3298; x_wconf 80' lang='grc' dir='ltr'><strong>τοῦ</strong></span> <span class='ocrx_word' id='word_1_573' title='bbox 3330 3246 3590 3316; x_wconf 85' lang='grc' dir='ltr'>λογισμοῦ</span> <span class='ocrx_word' id='word_1_574' title='bbox 3625 3250 3720 3317; x_wconf 83' lang='grc' dir='ltr'>τῆς</span> <span class='ocrx_word' id='word_1_575' title='bbox 3749 3247 3990 3308; x_wconf 74' lang='grc' dir='ltr'>διανοίας</span> 
     </span>
    </p>
   </div>
   <div class='ocr_carea' id='block_1_79' title="bbox 2406 3335 3989 3411">
    <p class='ocr_par' dir='ltr' id='par_1_79' title="bbox 2406 3335 3989 3411">
     <span class='ocr_line' id='line_1_79' title="bbox 2406 3335 3989 3411; baseline 0.002 -24"><span class='ocrx_word' id='word_1_576' title='bbox 2406 3335 2744 3407; x_wconf 78' lang='grc' dir='ltr'>βορϐορώδης</span> <span class='ocrx_word' id='word_1_577' title='bbox 2764 3338 3021 3407; x_wconf 86' lang='grc' dir='ltr'>τάραχος.</span> <span class='ocrx_word' id='word_1_578' title='bbox 3041 3338 3261 3409; x_wconf 83' lang='grc' dir='ltr'>Πρῶτον</span> <span class='ocrx_word' id='word_1_579' title='bbox 3283 3338 3390 3410; x_wconf 77' lang='grc' dir='ltr'>γὰρ</span> <span class='ocrx_word' id='word_1_580' title='bbox 3413 3342 3444 3410; x_wconf 76' lang='grc' dir='ltr'><strong>η</strong></span> <span class='ocrx_word' id='word_1_581' title='bbox 3465 3339 3609 3409; x_wconf 70' lang='grc' dir='ltr'>ψυχὴ</span> <span class='ocrx_word' id='word_1_582' title='bbox 3635 3339 3989 3411; x_wconf 77' lang='grc' dir='ltr'>βορϐοροῦται</span> 
     </span>
    </p>
   </div>
   <div class='ocr_carea' id='block_1_80' title="bbox 2403 3428 3987 3499">
    <p class='ocr_par' dir='ltr' id='par_1_80' title="bbox 2403 3428 3987 3499">
     <span class='ocr_line' id='line_1_80' title="bbox 2403 3428 3987 3499; baseline 0.003 -20"><span class='ocrx_word' id='word_1_583' title='bbox 2403 3431 2521 3490; x_wconf 85' lang='grc' dir='ltr'>ταῖς</span> <span class='ocrx_word' id='word_1_584' title='bbox 2549 3430 2798 3498; x_wconf 73' lang='grc' dir='ltr'>αἰσχραῖς</span> <span class='ocrx_word' id='word_1_585' title='bbox 2823 3428 3162 3499; x_wconf 82' lang='grc' dir='ltr'>ἐπιθυμίαις,</span> <span class='ocrx_word' id='word_1_586' title='bbox 3191 3430 3286 3481; x_wconf 70' lang='grc' dir='ltr'>καὶ</span> <span class='ocrx_word' id='word_1_587' title='bbox 3319 3429 3490 3494; x_wconf 75' lang='grc' dir='ltr'>οὕτως</span> <span class='ocrx_word' id='word_1_588' title='bbox 3520 3432 3785 3499; x_wconf 76' lang='grc' dir='ltr'>ἐμπίπτει</span> <span class='ocrx_word' id='word_1_589' title='bbox 3819 3435 3900 3495; x_wconf 82' lang='grc' dir='ltr'><strong>είς</strong></span> <span class='ocrx_word' id='word_1_590' title='bbox 3929 3433 3987 3483; x_wconf 79' lang='grc' dir='ltr'><strong>τὸ</strong></span> 
     </span>
    </p>
   </div>
   <div class='ocr_carea' id='block_1_81' title="bbox 2402 3514 3986 3592">
    <p class='ocr_par' dir='ltr' id='par_1_81' title="bbox 2402 3514 3986 3592">
     <span class='ocr_line' id='line_1_81' title="bbox 2402 3514 3986 3592; baseline 0.002 -21"><span class='ocrx_word' id='word_1_591' title='bbox 2402 3519 2502 3588; x_wconf 69' lang='grc' dir='ltr'>τῆς</span> <span class='ocrx_word' id='word_1_592' title='bbox 2518 3521 2773 3591; x_wconf 83' lang='grc' dir='ltr'>πορνείας</span> <span class='ocrx_word' id='word_1_593' title='bbox 2790 3522 3065 3588; x_wconf 83' lang='grc' dir='ltr'>ναυάγιον.</span> <span class='ocrx_word' id='word_1_594' title='bbox 3086 3514 3275 3573; x_wconf 85' lang='grc' dir='ltr'>Ἔνθεν</span> <span class='ocrx_word' id='word_1_595' title='bbox 3294 3522 3396 3592; x_wconf 75' lang='grc' dir='ltr'><strong>ὁρᾷ</strong></span> <span class='ocrx_word' id='word_1_596' title='bbox 3415 3523 3481 3574; x_wconf 81' lang='grc' dir='ltr'>τὰ</span> <span class='ocrx_word' id='word_1_597' title='bbox 3505 3522 3632 3591; x_wconf 75' lang='grc' dir='ltr'>ἡδέα</span> <span class='ocrx_word' id='word_1_598' title='bbox 3644 3521 3749 3572; x_wconf 80' lang='grc' dir='ltr'><strong>τῶν</strong></span> <span class='ocrx_word' id='word_1_599' title='bbox 3775 3523 3986 3580; x_wconf 81' lang='grc' dir='ltr'>παθῶν.</span> 
     </span>
    </p>
   </div>
   <div class='ocr_carea' id='block_1_82' title="bbox 2405 3611 3998 3683">
    <p class='ocr_par' dir='ltr' id='par_1_82' title="bbox 2405 3611 3998 3683">
     <span class='ocr_line' id='line_1_82' title="bbox 2405 3611 3998 3683; baseline 0.001 -19"><span class='ocrx_word' id='word_1_600' title='bbox 2405 3611 2612 3664; x_wconf 73' lang='grc' dir='ltr'>ἐκεῖθεν</span> <span class='ocrx_word' id='word_1_601' title='bbox 2642 3611 2741 3675; x_wconf 81' lang='grc' dir='ltr'>τὰς</span> <span class='ocrx_word' id='word_1_602' title='bbox 2771 3614 2995 3676; x_wconf 76' lang='grc' dir='ltr'>ἀπειλὰς</span> <span class='ocrx_word' id='word_1_603' title='bbox 3029 3613 3120 3665; x_wconf 79' lang='grc' dir='ltr'>τοῦ</span> <span class='ocrx_word' id='word_1_604' title='bbox 3160 3613 3316 3667; x_wconf 80' lang='grc' dir='ltr'>Θεοῦ.</span> <span class='ocrx_word' id='word_1_605' title='bbox 3379 3615 3516 3665; x_wconf 81' lang='grc' dir='ltr'>Ἀλλ’</span> <span class='ocrx_word' id='word_1_606' title='bbox 3547 3614 3735 3683; x_wconf 80' lang='grc' dir='ltr'>ὥσπερ</span> <span class='ocrx_word' id='word_1_607' title='bbox 3768 3618 3816 3667; x_wconf 80' lang='grc' dir='ltr'>οξ</span> <span class='ocrx_word' id='word_1_608' title='bbox 3854 3616 3954 3668; x_wconf 73' lang='grc' dir='ltr'>ναῦ</span> <span class='ocrx_word' id='word_1_609' title='bbox 3981 3615 3998 3654; x_wconf 78' lang='grc'><strong>-’</strong></span> 
     </span>
    </p>
   </div>
   <div class='ocr_carea' id='block_1_83' title="bbox 2405 3704 3992 3774">
    <p class='ocr_par' dir='ltr' id='par_1_83' title="bbox 2405 3704 3992 3774">
     <span class='ocr_line' id='line_1_83' title="bbox 2405 3704 3992 3774; baseline 0.001 -18"><span class='ocrx_word' id='word_1_610' title='bbox 2405 3720 2492 3757; x_wconf 84' lang='grc' dir='ltr'><strong>ται</strong></span> <span class='ocrx_word' id='word_1_611' title='bbox 2527 3705 2621 3756; x_wconf 73' lang='grc' dir='ltr'>καὶ</span> <span class='ocrx_word' id='word_1_612' title='bbox 2654 3705 2703 3756; x_wconf 81' lang='grc' dir='ltr'>οἱ</span> <span class='ocrx_word' id='word_1_613' title='bbox 2740 3704 3086 3774; x_wconf 77' lang='grc' dir='ltr'>κυὸερνῆται,</span> <span class='ocrx_word' id='word_1_614' title='bbox 3119 3705 3195 3757; x_wconf 76' lang='grc' dir='ltr'>ὅτ’</span> <span class='ocrx_word' id='word_1_615' title='bbox 3231 3704 3296 3757; x_wconf 82' lang='grc' dir='ltr'><strong>ἂν</strong></span> <span class='ocrx_word' id='word_1_616' title='bbox 3333 3705 3547 3757; x_wconf 68' lang='grc' dir='ltr'>εἴδωσιν</span> <span class='ocrx_word' id='word_1_617' title='bbox 3589 3705 3694 3756; x_wconf 80' lang='grc' dir='ltr'>ὑπὸ</span> <span class='ocrx_word' id='word_1_618' title='bbox 3729 3707 3992 3758; x_wconf 75' lang='grc' dir='ltr'>ἐναντίων</span> 
     </span>
    </p>
   </div>
   <div class='ocr_carea' id='block_1_84' title="bbox 2405 3795 3989 3870">
    <p class='ocr_par' dir='ltr' id='par_1_84' title="bbox 2405 3795 3989 3870">
     <span class='ocr_line' id='line_1_84' title="bbox 2405 3795 3989 3870; baseline 0 -22"><span class='ocrx_word' id='word_1_619' title='bbox 2405 3795 2618 3870; x_wconf 79' lang='grc' dir='ltr'>ἀνέμων</span> <span class='ocrx_word' id='word_1_620' title='bbox 2666 3795 2976 3866; x_wconf 76' lang='grc' dir='ltr'>ἀρχομένην</span> <span class='ocrx_word' id='word_1_621' title='bbox 3014 3795 3377 3866; x_wconf 81' lang='grc' dir='ltr'>ταράττεσθαι</span> <span class='ocrx_word' id='word_1_622' title='bbox 3417 3795 3724 3860; x_wconf 82' lang='grc' dir='ltr'>θάλασσαν,</span> <span class='ocrx_word' id='word_1_623' title='bbox 3777 3797 3989 3866; x_wconf 74' lang='grc' dir='ltr'>ταχέως</span> 
     </span>
    </p>
   </div>
   <div class='ocr_carea' id='block_1_85' title="bbox 2407 3889 3992 3958">
    <p class='ocr_par' dir='ltr' id='par_1_85' title="bbox 2407 3889 3992 3958">
     <span class='ocr_line' id='line_1_85' title="bbox 2407 3889 3992 3958; baseline -0.001 -17"><span class='ocrx_word' id='word_1_624' title='bbox 2407 3889 2501 3941; x_wconf 79' lang='grc' dir='ltr'>καὶ</span> <span class='ocrx_word' id='word_1_625' title='bbox 2534 3889 2915 3958; x_wconf 81' lang='grc' dir='ltr'>ἀνυπερθέτως</span> <span class='ocrx_word' id='word_1_626' title='bbox 2960 3889 3052 3941; x_wconf 78' lang='grc' dir='ltr'><strong>ὲπὶ</strong></span> <span class='ocrx_word' id='word_1_627' title='bbox 3096 3891 3220 3951; x_wconf 82' lang='grc' dir='ltr'>τοὺς</span> <span class='ocrx_word' id='word_1_628' title='bbox 3253 3889 3480 3958; x_wconf 83' lang='grc' dir='ltr'>λιμένας</span> <span class='ocrx_word' id='word_1_629' title='bbox 3519 3890 3861 3958; x_wconf 84' lang='grc' dir='ltr'>μεταίρουσιν</span> <span class='ocrx_word' id='word_1_630' title='bbox 3894 3890 3992 3941; x_wconf 75' lang='grc' dir='ltr'><strong>καὶ</strong></span> 
     </span>
    </p>
   </div>
   <div class='ocr_carea' id='block_1_86' title="bbox 2404 3980 3986 4050">
    <p class='ocr_par' dir='ltr' id='par_1_86' title="bbox 2404 3980 3986 4050">
     <span class='ocr_line' id='line_1_86' title="bbox 2404 3980 3986 4050; baseline 0.001 -18"><span class='ocrx_word' id='word_1_631' title='bbox 2404 3980 2496 4032; x_wconf 82' lang='grc' dir='ltr'><strong>τὸν</strong></span> <span class='ocrx_word' id='word_1_632' title='bbox 2525 3981 2767 4034; x_wconf 81' lang='grc' dir='ltr'>κίνδυνον</span> <span class='ocrx_word' id='word_1_633' title='bbox 2796 3981 3153 4050; x_wconf 80' lang='grc' dir='ltr'>ἐκφεύγουσιν</span> <span class='ocrx_word' id='word_1_634' title='bbox 3178 4019 3193 4045; x_wconf 89' lang='grc'><strong>,</strong></span> <span class='ocrx_word' id='word_1_635' title='bbox 3226 3980 3330 4043; x_wconf 77' lang='grc' dir='ltr'><strong>ἔξω</strong></span> <span class='ocrx_word' id='word_1_636' title='bbox 3351 3981 3407 4034; x_wconf 77' lang='grc' dir='ltr'><strong>δὲ</strong></span> <span class='ocrx_word' id='word_1_637' title='bbox 3441 3981 3837 4049; x_wconf 84' lang='grc' dir='ltr'>άπομείναντες</span> <span class='ocrx_word' id='word_1_638' title='bbox 3866 3999 3986 4036; x_wconf 84' lang='grc' dir='ltr'>κιν-</span> 
     </span>
    </p>
   </div>
   <div class='ocr_carea' id='block_1_87' title="bbox 2404 4072 3991 4142">
    <p class='ocr_par' dir='ltr' id='par_1_87' title="bbox 2404 4072 3991 4142">
     <span class='ocr_line' id='line_1_87' title="bbox 2404 4072 3991 4142; baseline 0.002 -17"><span class='ocrx_word' id='word_1_639' title='bbox 2404 4073 2744 4126; x_wconf 77' lang='grc' dir='ltr'>δυνεύουσινο</span> <span class='ocrx_word' id='word_1_640' title='bbox 2806 4073 2974 4136; x_wconf 77' lang='grc' dir='ltr'>οὕτως</span> <span class='ocrx_word' id='word_1_641' title='bbox 3033 4073 3190 4136; x_wconf 75' lang='grc' dir='ltr'>αὐτὸς</span> <span class='ocrx_word' id='word_1_642' title='bbox 3237 4072 3346 4126; x_wconf 85' lang='grc' dir='ltr'>τῶν</span> <span class='ocrx_word' id='word_1_643' title='bbox 3396 4072 3670 4142; x_wconf 82' lang='grc' dir='ltr'>λογισμῶν</span> <span class='ocrx_word' id='word_1_644' title='bbox 3728 4073 3827 4125; x_wconf 83' lang='grc' dir='ltr'>ὑπὸ</span> <span class='ocrx_word' id='word_1_645' title='bbox 3876 4074 3991 4128; x_wconf 82' lang='grc' dir='ltr'><strong>τῶν</strong></span> 
     </span>
    </p>
   </div>
   <div class='ocr_carea' id='block_1_88' title="bbox 2406 4162 3992 4240">
    <p class='ocr_par' dir='ltr' id='par_1_88' title="bbox 2406 4162 3992 4240">
     <span class='ocr_line' id='line_1_88' title="bbox 2406 4162 3992 4240; baseline 0 -24"><span class='ocrx_word' id='word_1_646' title='bbox 2406 4165 2623 4235; x_wconf 84' lang='grc' dir='ltr'>ἀνέμων</span> <span class='ocrx_word' id='word_1_647' title='bbox 2646 4168 2743 4234; x_wconf 85' lang='grc' dir='ltr'>τῆς</span> <span class='ocrx_word' id='word_1_648' title='bbox 2767 4163 3074 4234; x_wconf 79' lang='grc' dir='ltr'>φιληδονίας</span> <span class='ocrx_word' id='word_1_649' title='bbox 3094 4165 3513 4240; x_wconf 71' lang='grc' dir='ltr'>ταραττόμενος,</span> <span class='ocrx_word' id='word_1_650' title='bbox 3545 4165 3756 4232; x_wconf 83' lang='grc' dir='ltr'>ταχέως</span> <span class='ocrx_word' id='word_1_651' title='bbox 3781 4163 3870 4214; x_wconf 75' lang='grc' dir='ltr'><strong>ἐπὶ</strong></span> <span class='ocrx_word' id='word_1_652' title='bbox 3894 4162 3992 4216; x_wconf 80' lang='grc' dir='ltr'><strong>τὸν</strong></span> 
     </span>
    </p>
   </div>
   <div class='ocr_carea' id='block_1_89' title="bbox 2405 4255 3992 4328">
    <p class='ocr_par' dir='ltr' id='par_1_89' title="bbox 2405 4255 3992 4328">
     <span class='ocr_line' id='line_1_89' title="bbox 2405 4255 3992 4328; baseline -0.001 -19"><span class='ocrx_word' id='word_1_653' title='bbox 2405 4256 2598 4328; x_wconf 82' lang='grc' dir='ltr'>λιμένα</span> <span class='ocrx_word' id='word_1_654' title='bbox 2631 4257 2731 4328; x_wconf 83' lang='grc' dir='ltr'>τῆς</span> <span class='ocrx_word' id='word_1_655' title='bbox 2773 4255 3098 4327; x_wconf 78' lang='grc' dir='ltr'>Ἐκκλησίας</span> <span class='ocrx_word' id='word_1_656' title='bbox 3126 4257 3320 4326; x_wconf 82' lang='grc' dir='ltr'>δράμε.</span> <span class='ocrx_word' id='word_1_657' title='bbox 3361 4255 3603 4318; x_wconf 78' lang='grc' dir='ltr'>Ἀκούεις</span> <span class='ocrx_word' id='word_1_658' title='bbox 3629 4255 3757 4325; x_wconf 77' lang='grc' dir='ltr'>περὶ</span> <span class='ocrx_word' id='word_1_659' title='bbox 3779 4272 3992 4324; x_wconf 60' lang='grc' dir='ltr'>σωφρο-</span> 
     </span>
    </p>
   </div>
   <div class='ocr_carea' id='block_1_90' title="bbox 2408 4345 4004 4420">
    <p class='ocr_par' dir='ltr' id='par_1_90' title="bbox 2408 4345 4004 4420">
     <span class='ocr_line' id='line_1_90' title="bbox 2408 4345 4004 4420; baseline -0.001 -19"><span class='ocrx_word' id='word_1_660' title='bbox 2408 4348 2572 4420; x_wconf 83' lang='grc' dir='ltr'>σύνης</span> <span class='ocrx_word' id='word_1_661' title='bbox 2592 4349 2686 4402; x_wconf 71' lang='grc' dir='ltr'><strong>καὶ</strong></span> <span class='ocrx_word' id='word_1_662' title='bbox 2715 4347 2933 4417; x_wconf 84' lang='grc' dir='ltr'>ἁγνείας</span> <span class='ocrx_word' id='word_1_663' title='bbox 2957 4348 3064 4400; x_wconf 83' lang='grc' dir='ltr'><strong>ἀπὸ</strong></span> <span class='ocrx_word' id='word_1_664' title='bbox 3087 4347 3194 4400; x_wconf 85' lang='grc' dir='ltr'><strong>τῶν</strong></span> <span class='ocrx_word' id='word_1_665' title='bbox 3219 4347 3452 4417; x_wconf 76' lang='grc' dir='ltr'>Γραφῶν</span> <span class='ocrx_word' id='word_1_666' title='bbox 3477 4347 3573 4399; x_wconf 71' lang='grc' dir='ltr'><strong>καὶ</strong></span> <span class='ocrx_word' id='word_1_667' title='bbox 3597 4346 3707 4398; x_wconf 82' lang='grc' dir='ltr'>τῶν</span> <span class='ocrx_word' id='word_1_668' title='bbox 3731 4345 4004 4399; x_wconf 82' lang='grc' dir='ltr'>διδασκά-’</span> 
     </span>
    </p>
   </div>
   <div class='ocr_carea' id='block_1_91' title="bbox 2405 4437 3990 4509">
    <p class='ocr_par' dir='ltr' id='par_1_91' title="bbox 2405 4437 3990 4509">
     <span class='ocr_line' id='line_1_91' title="bbox 2405 4437 3990 4509; baseline -0.002 -16"><span class='ocrx_word' id='word_1_669' title='bbox 2405 4440 2532 4505; x_wconf 84' lang='grc' dir='ltr'>λων,</span> <span class='ocrx_word' id='word_1_670' title='bbox 2559 4441 2643 4493; x_wconf 85' lang='grc' dir='ltr'><strong>ὅτι</strong></span> <span class='ocrx_word' id='word_1_671' title='bbox 2669 4441 2940 4507; x_wconf 83' lang='grc' dir='ltr'>Πόρνους</span> <span class='ocrx_word' id='word_1_672' title='bbox 2981 4440 3076 4492; x_wconf 76' lang='grc' dir='ltr'>καί</span> <span class='ocrx_word' id='word_1_673' title='bbox 3112 4439 3364 4509; x_wconf 84' lang='grc' dir='ltr'>μοιχοὺς</span> <span class='ocrx_word' id='word_1_674' title='bbox 3393 4437 3586 4506; x_wconf 81' lang='grc' dir='ltr'>κρινεῖ</span> <span class='ocrx_word' id='word_1_675' title='bbox 3611 4442 3643 4493; x_wconf 84' lang='grc' dir='ltr'><em>ὀ</em></span> <span class='ocrx_word' id='word_1_676' title='bbox 3677 4440 3817 4503; x_wconf 87' lang='grc' dir='ltr'>Θεός</span> <span class='ocrx_word' id='word_1_677' title='bbox 3841 4454 3854 4467; x_wconf 86' lang='grc'><strong>·</strong></span> <span class='ocrx_word' id='word_1_678' title='bbox 3899 4439 3990 4491; x_wconf 83' lang='grc' dir='ltr'><strong>ὅτι</strong></span> 
     </span>
    </p>
   </div>
   <div class='ocr_carea' id='block_1_92' title="bbox 721 4529 2308 4600">
    <p class='ocr_par' dir='ltr' id='par_1_92' title="bbox 721 4529 2302 4600">
     <span class='ocr_line' id='line_1_92' title="bbox 721 4529 2302 4600; baseline 0.001 -16"><span class='ocrx_word' id='word_1_679' title='bbox 721 4547 814 4600; x_wconf 83' lang='lat' dir='ltr'><strong>ego</strong></span> <span class='ocrx_word' id='word_1_680' title='bbox 861 4531 928 4596; x_wconf 85' lang='lat'><strong>’;</strong></span> <span class='ocrx_word' id='word_1_681' title='bbox 989 4530 1134 4599; x_wconf 77' lang='lat' dir='ltr'><strong>quod</strong></span> <span class='ocrx_word' id='word_1_682' title='bbox 1186 4529 1530 4584; x_wconf 81' lang='lat' dir='ltr'><strong>Adducentur</strong></span> <span class='ocrx_word' id='word_1_683' title='bbox 1587 4534 1692 4599; x_wconf 86' lang='lat' dir='ltr'><strong>regi</strong></span> <span class='ocrx_word' id='word_1_684' title='bbox 1758 4531 2093 4599; x_wconf 79' lang='lat' dir='ltr'><strong>virgines“;</strong></span> <span class='ocrx_word' id='word_1_685' title='bbox 2159 4532 2302 4600; x_wconf 88' lang='lat' dir='ltr'><strong>quod</strong></span> 
     </span>
    </p>
   </div>
   <div class='ocr_carea' id='block_1_93' title="bbox 2406 4529 3990 4600">
    <p class='ocr_par' dir='ltr' id='par_1_93' title="bbox 2407 4529 3990 4600">
     <span class='ocr_line' id='line_1_93' title="bbox 2407 4529 3990 4600; baseline -0.006 -16"><span class='ocrx_word' id='word_1_686' title='bbox 2407 4533 2598 4600; x_wconf 78' lang='grc' dir='ltr'>τίμιος</span> <span class='ocrx_word' id='word_1_687' title='bbox 2619 4535 2652 4587; x_wconf 85' lang='grc' dir='ltr'><strong><em>ό</em></strong></span> <span class='ocrx_word' id='word_1_688' title='bbox 2679 4529 2885 4599; x_wconf 75' lang='grc' dir='ltr'>γάμοςο</span> <span class='ocrx_word' id='word_1_689' title='bbox 2919 4531 2999 4582; x_wconf 59' lang='grc' dir='ltr'>ὅτι</span> <span class='ocrx_word' id='word_1_690' title='bbox 3028 4529 3174 4597; x_wconf 85' lang='grc' dir='ltr'>λέγει</span> <span class='ocrx_word' id='word_1_691' title='bbox 3206 4531 3318 4593; x_wconf 88' lang='grc' dir='ltr'>τοῖς</span> <span class='ocrx_word' id='word_1_692' title='bbox 3338 4530 3574 4600; x_wconf 82' lang='grc' dir='ltr'>ἀγάμοις</span> <span class='ocrx_word' id='word_1_693' title='bbox 3608 4530 3701 4582; x_wconf 80' lang='grc' dir='ltr'>καὶ</span> <span class='ocrx_word' id='word_1_694' title='bbox 3730 4532 3847 4590; x_wconf 84' lang='grc' dir='ltr'>ταῖς</span> <span class='ocrx_word' id='word_1_695' title='bbox 3881 4532 3990 4600; x_wconf 70' lang='grc' dir='ltr'><strong>χή.</strong></span> 
     </span>
    </p>
   </div>
   <div class='ocr_carea' id='block_1_94' title="bbox 721 4620 2300 4692">
    <p class='ocr_par' dir='ltr' id='par_1_94' title="bbox 721 4620 2300 4692">
     <span class='ocr_line' id='line_1_94' title="bbox 721 4620 2300 4692; baseline 0.001 -18"><span class='ocrx_word' id='word_1_696' title='bbox 721 4630 844 4679; x_wconf 84' lang='lat' dir='ltr'><strong>sunt</strong></span> <span class='ocrx_word' id='word_1_697' title='bbox 891 4620 1116 4674; x_wconf 80' lang='lat' dir='ltr'><strong>eunuchi</strong></span> <span class='ocrx_word' id='word_1_698' title='bbox 1167 4621 1255 4690; x_wconf 88' lang='lat' dir='ltr'><strong>qui</strong></span> <span class='ocrx_word' id='word_1_699' title='bbox 1313 4620 1510 4690; x_wconf 86' lang='lat' dir='ltr'><strong>seipsos</strong></span> <span class='ocrx_word' id='word_1_700' title='bbox 1563 4631 1920 4675; x_wconf 76' lang='lat' dir='ltr'><strong>castraverunt</strong></span> <span class='ocrx_word' id='word_1_701' title='bbox 1959 4633 2168 4692; x_wconf 73' lang='lat' dir='ltr'><strong>propter</strong></span> <span class='ocrx_word' id='word_1_702' title='bbox 2215 4639 2300 4676; x_wconf 86' lang='lat' dir='ltr'><strong>re-</strong></span> 
     </span>
    </p>
   </div>
   <div class='ocr_carea' id='block_1_95' title="bbox 721 4711 2300 4783">
    <p class='ocr_par' dir='ltr' id='par_1_95' title="bbox 721 4711 2300 4783">
     <span class='ocr_line' id='line_1_95' title="bbox 721 4711 2300 4783; baseline 0.002 -19"><span class='ocrx_word' id='word_1_703' title='bbox 721 4728 880 4782; x_wconf 82' lang='lat' dir='ltr'><strong>gnum</strong></span> <span class='ocrx_word' id='word_1_704' title='bbox 909 4712 1157 4766; x_wconf 67' lang='lat' dir='ltr'><strong>cartorum</strong></span> <span class='ocrx_word' id='word_1_705' title='bbox 1186 4713 1254 4766; x_wconf 81' lang='lat'><strong>“.</strong></span> <span class='ocrx_word' id='word_1_706' title='bbox 1292 4711 1359 4765; x_wconf 85' lang='lat' dir='ltr'><strong>Et</strong></span> <span class='ocrx_word' id='word_1_707' title='bbox 1391 4721 1516 4766; x_wconf 87' lang='lat' dir='ltr'><strong>ante</strong></span> <span class='ocrx_word' id='word_1_708' title='bbox 1542 4711 1958 4767; x_wconf 77' lang='lat' dir='ltr'><strong>fornicationem</strong></span> <span class='ocrx_word' id='word_1_709' title='bbox 1985 4753 2000 4777; x_wconf 94' lang='lat'><strong>,</strong></span> <span class='ocrx_word' id='word_1_710' title='bbox 2031 4715 2300 4783; x_wconf 80' lang='lat' dir='ltr'><strong>cupidita-</strong></span> 
     </span>
    </p>
   </div>
   <div class='ocr_carea' id='block_1_96' title="bbox 723 4805 2299 4874">
    <p class='ocr_par' dir='ltr' id='par_1_96' title="bbox 723 4805 2299 4874">
     <span class='ocr_line' id='line_1_96' title="bbox 723 4805 2299 4874; baseline 0.001 -14"><span class='ocrx_word' id='word_1_711' title='bbox 723 4815 832 4860; x_wconf 82' lang='lat' dir='ltr'><strong>tem</strong></span> <span class='ocrx_word' id='word_1_712' title='bbox 859 4805 968 4860; x_wconf 89' lang='lat' dir='ltr'><strong>Deo</strong></span> <span class='ocrx_word' id='word_1_713' title='bbox 997 4807 1261 4862; x_wconf 86' lang='lat' dir='ltr'><strong>confitere</strong></span> <span class='ocrx_word' id='word_1_714' title='bbox 1283 4821 1346 4860; x_wconf 85' lang='lat' dir='ltr'><strong>ac</strong></span> <span class='ocrx_word' id='word_1_715' title='bbox 1377 4808 1574 4862; x_wconf 86' lang='lat' dir='ltr'><strong>dicito:</strong></span> <span class='ocrx_word' id='word_1_716' title='bbox 1606 4807 1856 4863; x_wconf 80' lang='lat' dir='ltr'><strong>Miserere</strong></span> <span class='ocrx_word' id='word_1_717' title='bbox 1889 4810 2016 4873; x_wconf 83' lang='lat' dir='ltr'><strong>mei,</strong></span> <span class='ocrx_word' id='word_1_718' title='bbox 2054 4808 2299 4874; x_wconf 84' lang='lat' dir='ltr'><strong>Domine,</strong></span> 
     </span>
    </p>
   </div>
   <div class='ocr_carea' id='block_1_97' title="bbox 723 4895 2303 4963">
    <p class='ocr_par' dir='ltr' id='par_1_97' title="bbox 723 4895 2303 4963">
     <span class='ocr_line' id='line_1_97' title="bbox 723 4895 2303 4963; baseline 0.003 -15"><span class='ocrx_word' id='word_1_719' title='bbox 723 4895 972 4949; x_wconf 79' lang='lat' dir='ltr'><strong>ouonium</strong></span> <span class='ocrx_word' id='word_1_720' title='bbox 1015 4895 1258 4963; x_wconf 77' lang='lat' dir='ltr'><strong>inﬁrmus</strong></span> <span class='ocrx_word' id='word_1_721' title='bbox 1290 4912 1404 4948; x_wconf 85' lang='lat' dir='ltr'><strong>sum</strong></span> <span class='ocrx_word' id='word_1_722' title='bbox 1429 4910 1448 4948; x_wconf 91' lang='lat'><strong>:</strong></span> <span class='ocrx_word' id='word_1_723' title='bbox 1482 4897 1798 4951; x_wconf 83' lang='lat' dir='ltr'><strong>infirmitate</strong></span> <span class='ocrx_word' id='word_1_724' title='bbox 1833 4907 2038 4951; x_wconf 62' lang='lat' dir='ltr'><strong>natura</strong></span> <span class='ocrx_word' id='word_1_725' title='bbox 2069 4899 2303 4952; x_wconf 90' lang='lat' dir='ltr'><strong>circum-</strong></span> 
     </span>
    </p>
   </div>
   <div class='ocr_carea' id='block_1_98' title="bbox 724 4984 2301 5056">
    <p class='ocr_par' dir='ltr' id='par_1_98' title="bbox 724 4984 2301 5056">
     <span class='ocr_line' id='line_1_98' title="bbox 724 4984 2301 5056; baseline 0.004 -19"><span class='ocrx_word' id='word_1_726' title='bbox 724 4985 905 5040; x_wconf 80' lang='lat' dir='ltr'><strong>datus.</strong></span> <span class='ocrx_word' id='word_1_727' title='bbox 947 4984 1097 5040; x_wconf 83' lang='lat' dir='ltr'><strong>Sana</strong></span> <span class='ocrx_word' id='word_1_728' title='bbox 1125 5001 1206 5040; x_wconf 84' lang='lat' dir='ltr'><strong>nte</strong></span> <span class='ocrx_word' id='word_1_729' title='bbox 1225 5025 1240 5048; x_wconf 89' lang='lat'><strong>,</strong></span> <span class='ocrx_word' id='word_1_730' title='bbox 1272 4985 1491 5040; x_wconf 87' lang='lat' dir='ltr'><strong>Domine</strong></span> <span class='ocrx_word' id='word_1_731' title='bbox 1517 5027 1533 5052; x_wconf 94' lang='lat'><strong>,</strong></span> <span class='ocrx_word' id='word_1_732' title='bbox 1577 4989 1826 5056; x_wconf 85' lang='lat' dir='ltr'><strong>quoniam</strong></span> <span class='ocrx_word' id='word_1_733' title='bbox 1851 4990 2162 5042; x_wconf 83' lang='lat' dir='ltr'><strong>conturbata</strong></span> <span class='ocrx_word' id='word_1_734' title='bbox 2182 4999 2301 5043; x_wconf 88' lang='lat' dir='ltr'><strong>sunt</strong></span> 
     </span>
    </p>
   </div>
   <div class='ocr_carea' id='block_1_99' title="bbox 723 5077 2304 5148">
    <p class='ocr_par' dir='ltr' id='par_1_99' title="bbox 723 5077 2304 5148">
     <span class='ocr_line' id='line_1_99' title="bbox 723 5077 2304 5148; baseline 0.004 -20"><span class='ocrx_word' id='word_1_735' title='bbox 723 5091 842 5129; x_wconf 85' lang='lat' dir='ltr'><strong>ossa</strong></span> <span class='ocrx_word' id='word_1_736' title='bbox 868 5092 982 5129; x_wconf 88' lang='lat' dir='ltr'><strong>mea</strong></span> <span class='ocrx_word' id='word_1_737' title='bbox 1003 5091 1024 5131; x_wconf 90' lang='lat'><strong>:</strong></span> <span class='ocrx_word' id='word_1_738' title='bbox 1061 5077 1256 5131; x_wconf 78' lang='lat' dir='ltr'><strong>anima:</strong></span> <span class='ocrx_word' id='word_1_739' title='bbox 1287 5079 1667 5148; x_wconf 71' lang='lat' dir='ltr'><strong>cogitationes,</strong></span> <span class='ocrx_word' id='word_1_740' title='bbox 1702 5093 1822 5147; x_wconf 70' lang='lat' dir='ltr'><strong>quae</strong></span> <span class='ocrx_word' id='word_1_741' title='bbox 1847 5079 1912 5134; x_wconf 90' lang='lat' dir='ltr'><strong>ad</strong></span> <span class='ocrx_word' id='word_1_742' title='bbox 1945 5080 2220 5134; x_wconf 82' lang='lat' dir='ltr'><strong>libidinem</strong></span> <span class='ocrx_word' id='word_1_743' title='bbox 2249 5090 2304 5134; x_wconf 89' lang='lat' dir='ltr'><strong>et</strong></span> 
     </span>
    </p>
   </div>
   <div class='ocr_carea' id='block_1_100' title="bbox 723 5166 2300 5237">
    <p class='ocr_par' dir='ltr' id='par_1_100' title="bbox 723 5166 2300 5237">
     <span class='ocr_line' id='line_1_100' title="bbox 723 5166 2300 5237; baseline 0.003 -19"><span class='ocrx_word' id='word_1_744' title='bbox 723 5175 947 5233; x_wconf 84' lang='lat' dir='ltr'><strong>peccata</strong></span> <span class='ocrx_word' id='word_1_745' title='bbox 998 5166 1272 5234; x_wconf 84' lang='lat' dir='ltr'><strong>captivum</strong></span> <span class='ocrx_word' id='word_1_746' title='bbox 1323 5181 1408 5220; x_wconf 88' lang='lat' dir='ltr'><strong>me</strong></span> <span class='ocrx_word' id='word_1_747' title='bbox 1453 5166 1699 5221; x_wconf 87' lang='lat' dir='ltr'><strong>ducunt:</strong></span> <span class='ocrx_word' id='word_1_748' title='bbox 1739 5167 2004 5233; x_wconf 84' lang='lat' dir='ltr'><strong>Quoniam</strong></span> <span class='ocrx_word' id='word_1_749' title='bbox 2055 5169 2300 5237; x_wconf 85' lang='lat' dir='ltr'><strong>cogitatio</strong></span> 
     </span>
    </p>
   </div>
   <div class='ocr_carea' id='block_1_101' title="bbox 724 5257 2299 5328">
    <p class='ocr_par' dir='ltr' id='par_1_101' title="bbox 724 5257 2299 5328">
     <span class='ocr_line' id='line_1_101' title="bbox 724 5257 2299 5328; baseline 0.003 -19"><span class='ocrx_word' id='word_1_750' title='bbox 724 5258 949 5310; x_wconf 75' lang='lat' dir='ltr'><strong>hominis</strong></span> <span class='ocrx_word' id='word_1_751' title='bbox 976 5257 1308 5328; x_wconf 76' lang='lat' dir='ltr'><strong>conﬁtebitur</strong></span> <span class='ocrx_word' id='word_1_752' title='bbox 1334 5260 1428 5314; x_wconf 84' lang='lat' dir='ltr'><strong>tibi</strong></span> <span class='ocrx_word' id='word_1_753' title='bbox 1448 5262 1512 5313; x_wconf 86' lang='lat'><strong>&quot;.</strong></span> <span class='ocrx_word' id='word_1_754' title='bbox 1531 5260 1797 5316; x_wconf 69' lang='lat' dir='ltr'><strong>Caeterum</strong></span> <span class='ocrx_word' id='word_1_755' title='bbox 1816 5261 1958 5328; x_wconf 88' lang='lat' dir='ltr'><strong>quod</strong></span> <span class='ocrx_word' id='word_1_756' title='bbox 1977 5274 2083 5314; x_wconf 90' lang='lat' dir='ltr'><strong>non</strong></span> <span class='ocrx_word' id='word_1_757' title='bbox 2117 5260 2299 5328; x_wconf 84' lang='lat' dir='ltr'><strong>loqua-</strong></span> 
     </span>
    </p>
   </div>
   <div class='ocr_carea' id='block_1_102' title="bbox 728 5351 2298 5420">
    <p class='ocr_par' dir='ltr' id='par_1_102' title="bbox 728 5351 2298 5420">
     <span class='ocr_line' id='line_1_102' title="bbox 728 5351 2298 5420; baseline -0.001 -16"><span class='ocrx_word' id='word_1_758' title='bbox 728 5359 814 5404; x_wconf 86' lang='lat' dir='ltr'><strong>tur</strong></span> <span class='ocrx_word' id='word_1_759' title='bbox 844 5353 911 5404; x_wconf 90' lang='lat' dir='ltr'><strong>de</strong></span> <span class='ocrx_word' id='word_1_760' title='bbox 935 5351 1148 5404; x_wconf 83' lang='lat' dir='ltr'><strong>ossibus</strong></span> <span class='ocrx_word' id='word_1_761' title='bbox 1171 5352 1416 5420; x_wconf 88' lang='lat' dir='ltr'><strong>corporis</strong></span> <span class='ocrx_word' id='word_1_762' title='bbox 1436 5391 1452 5418; x_wconf 91' lang='lat'><strong>,</strong></span> <span class='ocrx_word' id='word_1_763' title='bbox 1486 5366 1550 5405; x_wconf 89' lang='lat' dir='ltr'><strong>ea</strong></span> <span class='ocrx_word' id='word_1_764' title='bbox 1576 5352 1869 5405; x_wconf 86' lang='lat' dir='ltr'><strong>ostendunt</strong></span> <span class='ocrx_word' id='word_1_765' title='bbox 1908 5365 2028 5420; x_wconf 68' lang='lat' dir='ltr'><strong>quae</strong></span> <span class='ocrx_word' id='word_1_766' title='bbox 2058 5366 2298 5420; x_wconf 89' lang='lat' dir='ltr'><strong>sequun-</strong></span> 
     </span>
    </p>
   </div>
   <div class='ocr_carea' id='block_1_103' title="bbox 725 5441 2299 5513">
    <p class='ocr_par' dir='ltr' id='par_1_103' title="bbox 725 5441 2299 5513">
     <span class='ocr_line' id='line_1_103' title="bbox 725 5441 2299 5513; baseline -0.001 -17"><span class='ocrx_word' id='word_1_767' title='bbox 725 5454 834 5496; x_wconf 91' lang='lat' dir='ltr'><strong>tur.</strong></span> <span class='ocrx_word' id='word_1_768' title='bbox 898 5441 1187 5513; x_wconf 76' lang='lat' dir='ltr'><strong>Subjungit</strong></span> <span class='ocrx_word' id='word_1_769' title='bbox 1224 5445 1414 5499; x_wconf 89' lang='lat' dir='ltr'><strong>enim:</strong></span> <span class='ocrx_word' id='word_1_770' title='bbox 1456 5443 1523 5498; x_wconf 87' lang='lat' dir='ltr'><strong>Et</strong></span> <span class='ocrx_word' id='word_1_771' title='bbox 1569 5444 1750 5498; x_wconf 87' lang='lat' dir='ltr'><strong>anima</strong></span> <span class='ocrx_word' id='word_1_772' title='bbox 1799 5458 1915 5498; x_wconf 88' lang='lat' dir='ltr'><strong>mea</strong></span> <span class='ocrx_word' id='word_1_773' title='bbox 1963 5442 2176 5496; x_wconf 86' lang='lat' dir='ltr'><strong>turbata</strong></span> <span class='ocrx_word' id='word_1_774' title='bbox 2226 5453 2299 5496; x_wconf 89' lang='lat' dir='ltr'><strong>est</strong></span> 
     </span>
    </p>
   </div>
   <div class='ocr_carea' id='block_1_104' title="bbox 724 5534 894 5588">
    <p class='ocr_par' dir='ltr' id='par_1_104' title="bbox 724 5534 894 5588">
     <span class='ocr_line' id='line_1_104' title="bbox 724 5534 894 5588; baseline 0.012 -2"><span class='ocrx_word' id='word_1_775' title='bbox 724 5534 894 5588; x_wconf 72' lang='lat' dir='ltr'><strong>valde.</strong></span> 
     </span>
    </p>
   </div>
   <div class='ocr_carea' id='block_1_105' title="bbox 2412 4620 3986 4694">
    <p class='ocr_par' dir='ltr' id='par_1_105' title="bbox 2412 4620 3986 4694">
     <span class='ocr_line' id='line_1_105' title="bbox 2412 4620 3986 4694; baseline -0.002 -19"><span class='ocrx_word' id='word_1_776' title='bbox 2412 4640 2531 4694; x_wconf 90' lang='grc' dir='ltr'>ραις</span> <span class='ocrx_word' id='word_1_777' title='bbox 2557 4624 2586 4675; x_wconf 93' lang='lat'><strong>6</strong></span> <span class='ocrx_word' id='word_1_778' title='bbox 2623 4622 2939 4684; x_wconf 79' lang='grc' dir='ltr'>Ἀπὸστολος</span> <span class='ocrx_word' id='word_1_779' title='bbox 2963 4639 2976 4651; x_wconf 81' lang='grc'><em>’</em></span> <span class='ocrx_word' id='word_1_780' title='bbox 3000 4620 3202 4676; x_wconf 79' lang='grc' dir='ltr'><strong>Καλὸν</strong></span> <span class='ocrx_word' id='word_1_781' title='bbox 3226 4620 3430 4685; x_wconf 83' lang='grc' dir='ltr'>αὐτοῖς</span> <span class='ocrx_word' id='word_1_782' title='bbox 3452 4621 3622 4674; x_wconf 82' lang='grc' dir='ltr'>ἐστιν</span> <span class='ocrx_word' id='word_1_783' title='bbox 3648 4620 3756 4673; x_wconf 78' lang='grc' dir='ltr'><strong>ἐὰν</strong></span> <span class='ocrx_word' id='word_1_784' title='bbox 3770 4620 3986 4688; x_wconf 82' lang='grc' dir='ltr'>μείνω-</span> 
     </span>
    </p>
   </div>
   <div class='ocr_carea' id='block_1_106' title="bbox 2407 4710 3993 4784">
    <p class='ocr_par' dir='ltr' id='par_1_106' title="bbox 2407 4710 3993 4784">
     <span class='ocr_line' id='line_1_106' title="bbox 2407 4710 3993 4784; baseline -0.001 -18"><span class='ocrx_word' id='word_1_785' title='bbox 2407 4729 2514 4766; x_wconf 86' lang='grc' dir='ltr'><strong>σιν</strong></span> <span class='ocrx_word' id='word_1_786' title='bbox 2555 4714 2634 4779; x_wconf 84' lang='grc' dir='ltr'>ὼς</span> <span class='ocrx_word' id='word_1_787' title='bbox 2679 4711 2870 4779; x_wconf 75' lang='grc' dir='ltr'><strong>κάγώ’</strong></span> <span class='ocrx_word' id='word_1_788' title='bbox 2907 4713 2988 4764; x_wconf 89' lang='grc' dir='ltr'>ὅτι</span> <span class='ocrx_word' id='word_1_789' title='bbox 3030 4711 3566 4784; x_wconf 37' lang='grc' dir='ltr'>,Ἀπενεχθήσονται</span> <span class='ocrx_word' id='word_1_790' title='bbox 3613 4710 3692 4776; x_wconf 80' lang='grc' dir='ltr'>τῷ</span> <span class='ocrx_word' id='word_1_791' title='bbox 3733 4712 3993 4776; x_wconf 62' lang='grc' dir='ltr'>,βασιλεῖ</span> 
     </span>
    </p>
   </div>
   <div class='ocr_carea' id='block_1_107' title="bbox 2408 4802 3994 4872">
    <p class='ocr_par' dir='ltr' id='par_1_107' title="bbox 2408 4802 3994 4872">
     <span class='ocr_line' id='line_1_107' title="bbox 2408 4802 3994 4872; baseline -0.001 -17"><span class='ocrx_word' id='word_1_792' title='bbox 2408 4803 2686 4872; x_wconf 77' lang='grc' dir='ltr'>παρθένοι</span> <span class='ocrx_word' id='word_1_793' title='bbox 2705 4820 2717 4832; x_wconf 85' lang='grc'><strong>·</strong></span> <span class='ocrx_word' id='word_1_794' title='bbox 2751 4805 2832 4856; x_wconf 79' lang='grc' dir='ltr'><strong>ὅτι</strong></span> <span class='ocrx_word' id='word_1_795' title='bbox 2862 4802 3037 4857; x_wconf 73' lang='grc' dir='ltr'>Εἰσὶν</span> <span class='ocrx_word' id='word_1_796' title='bbox 3066 4804 3344 4871; x_wconf 84' lang='grc' dir='ltr'>εὐνοῦχοι</span> <span class='ocrx_word' id='word_1_797' title='bbox 3375 4804 3590 4869; x_wconf 79' lang='grc' dir='ltr'>οἵτινες</span> <span class='ocrx_word' id='word_1_798' title='bbox 3616 4802 3994 4868; x_wconf 77' lang='grc' dir='ltr'>εὐνούχισαν</span> 
     </span>
    </p>
   </div>
   <div class='ocr_carea' id='block_1_108' title="bbox 2406 4890 3990 4960">
    <p class='ocr_par' dir='ltr' id='par_1_108' title="bbox 2406 4890 3990 4960">
     <span class='ocr_line' id='line_1_108' title="bbox 2406 4890 3990 4960; baseline -0.001 -14"><span class='ocrx_word' id='word_1_799' title='bbox 2406 4894 2660 4959; x_wconf 76' lang='grc' dir='ltr'>ἑαυτοὺς</span> <span class='ocrx_word' id='word_1_800' title='bbox 2703 4893 2800 4946; x_wconf 75' lang='grc' dir='ltr'><strong>διὰ</strong></span> <span class='ocrx_word' id='word_1_801' title='bbox 2853 4893 2966 4960; x_wconf 81' lang='grc' dir='ltr'><strong>τὴν</strong></span> <span class='ocrx_word' id='word_1_802' title='bbox 3003 4894 3331 4958; x_wconf 73' lang='grc' dir='ltr'>βασιλείαν</span> <span class='ocrx_word' id='word_1_803' title='bbox 3380 4892 3499 4946; x_wconf 83' lang='grc' dir='ltr'><strong>τῶν</strong></span> <span class='ocrx_word' id='word_1_804' title='bbox 3545 4890 3832 4958; x_wconf 77' lang='grc' dir='ltr'>οὐρανῶν.</span> <span class='ocrx_word' id='word_1_805' title='bbox 3869 4892 3990 4945; x_wconf 67' lang='grc' dir='ltr'><strong>Καὶ</strong></span> 
     </span>
    </p>
   </div>
   <div class='ocr_carea' id='block_1_109' title="bbox 2407 4982 3991 5056">
    <p class='ocr_par' dir='ltr' id='par_1_109' title="bbox 2407 4982 3991 5056">
     <span class='ocr_line' id='line_1_109' title="bbox 2407 4982 3991 5056; baseline -0.001 -18"><span class='ocrx_word' id='word_1_806' title='bbox 2407 4986 2513 5056; x_wconf 81' lang='grc' dir='ltr'>πρὸ</span> <span class='ocrx_word' id='word_1_807' title='bbox 2545 4987 2643 5055; x_wconf 84' lang='grc' dir='ltr'>τῆς</span> <span class='ocrx_word' id='word_1_808' title='bbox 2671 4987 2926 5054; x_wconf 83' lang='grc' dir='ltr'>πορνείας</span> <span class='ocrx_word' id='word_1_809' title='bbox 2947 5025 2960 5047; x_wconf 88' lang='grc'><strong>,</strong></span> <span class='ocrx_word' id='word_1_810' title='bbox 2987 4986 3056 5037; x_wconf 83' lang='grc' dir='ltr'>τὰ</span> <span class='ocrx_word' id='word_1_811' title='bbox 3084 4985 3184 5053; x_wconf 78' lang='grc' dir='ltr'><strong>τῆς</strong></span> <span class='ocrx_word' id='word_1_812' title='bbox 3212 4985 3508 5054; x_wconf 78' lang='grc' dir='ltr'>ἐπιθυμίας</span> <span class='ocrx_word' id='word_1_813' title='bbox 3541 4983 3620 5052; x_wconf 85' lang='grc' dir='ltr'>τῷ</span> <span class='ocrx_word' id='word_1_814' title='bbox 3643 4983 3762 5053; x_wconf 84' lang='grc' dir='ltr'><strong>Θεῷ</strong></span> <span class='ocrx_word' id='word_1_815' title='bbox 3794 4982 3991 5050; x_wconf 76' lang='grc' dir='ltr'>ἐξαγο-</span> 
     </span>
    </p>
   </div>
   <div class='ocr_carea' id='block_1_110' title="bbox 2411 5073 3989 5146">
    <p class='ocr_par' dir='ltr' id='par_1_110' title="bbox 2411 5073 3989 5146">
     <span class='ocr_line' id='line_1_110' title="bbox 2411 5073 3989 5146; baseline -0.001 -19"><span class='ocrx_word' id='word_1_816' title='bbox 2411 5077 2606 5146; x_wconf 83' lang='grc' dir='ltr'>ρεύσας</span> <span class='ocrx_word' id='word_1_817' title='bbox 2623 5076 2761 5128; x_wconf 77' lang='grc' dir='ltr'><strong>εἰπέ·</strong></span> <span class='ocrx_word' id='word_1_818' title='bbox 2791 5076 3086 5142; x_wconf 80' lang='grc' dir='ltr'><strong>Ἐλέησόν</strong></span> <span class='ocrx_word' id='word_1_819' title='bbox 3103 5092 3199 5144; x_wconf 80' lang='grc' dir='ltr'><strong>με,</strong></span> <span class='ocrx_word' id='word_1_820' title='bbox 3223 5077 3417 5144; x_wconf 74' lang='grc' dir='ltr'>Κύριε,</span> <span class='ocrx_word' id='word_1_821' title='bbox 3442 5075 3528 5128; x_wconf 84' lang='grc' dir='ltr'>ὅτι</span> <span class='ocrx_word' id='word_1_822' title='bbox 3557 5073 3822 5141; x_wconf 77' lang='grc' dir='ltr'>ἀσθενής</span> <span class='ocrx_word' id='word_1_823' title='bbox 3843 5075 3989 5140; x_wconf 82' lang='grc' dir='ltr'>εΙμι·</span> 
     </span>
    </p>
   </div>
   <div class='ocr_carea' id='block_1_111' title="bbox 2407 5165 3993 5237">
    <p class='ocr_par' dir='ltr' id='par_1_111' title="bbox 2407 5165 3993 5237">
     <span class='ocr_line' id='line_1_111' title="bbox 2407 5165 3993 5237; baseline -0.003 -16"><span class='ocrx_word' id='word_1_824' title='bbox 2407 5167 2689 5221; x_wconf 79' lang='grc' dir='ltr'>ἀσθένειαν</span> <span class='ocrx_word' id='word_1_825' title='bbox 2723 5167 2937 5236; x_wconf 75' lang='grc' dir='ltr'>φύσεως</span> <span class='ocrx_word' id='word_1_826' title='bbox 2986 5167 3384 5237; x_wconf 81' lang='grc' dir='ltr'>περικείμενος.</span> <span class='ocrx_word' id='word_1_827' title='bbox 3432 5168 3622 5218; x_wconf 84' lang='grc' dir='ltr'>Ἵασαί</span> <span class='ocrx_word' id='word_1_828' title='bbox 3651 5182 3746 5235; x_wconf 79' lang='grc' dir='ltr'>με,</span> <span class='ocrx_word' id='word_1_829' title='bbox 3783 5165 3993 5231; x_wconf 77' lang='grc' dir='ltr'>Κύριε,</span> 
     </span>
    </p>
   </div>
   <div class='ocr_carea' id='block_1_112' title="bbox 2407 5253 3994 5326">
    <p class='ocr_par' dir='ltr' id='par_1_112' title="bbox 2407 5253 3994 5326">
     <span class='ocr_line' id='line_1_112' title="bbox 2407 5253 3994 5326; baseline -0.004 -16"><span class='ocrx_word' id='word_1_830' title='bbox 2407 5258 2494 5310; x_wconf 79' lang='grc' dir='ltr'>ὅτι</span> <span class='ocrx_word' id='word_1_831' title='bbox 2527 5257 2822 5325; x_wconf 79' lang='grc' dir='ltr'>ἐταράχθη</span> <span class='ocrx_word' id='word_1_832' title='bbox 2852 5256 2924 5308; x_wconf 87' lang='grc' dir='ltr'>τὰ</span> <span class='ocrx_word' id='word_1_833' title='bbox 2952 5254 3104 5310; x_wconf 81' lang='grc' dir='ltr'>ὀστᾶ</span> <span class='ocrx_word' id='word_1_834' title='bbox 3119 5274 3237 5324; x_wconf 82' lang='grc' dir='ltr'>μου</span> <span class='ocrx_word' id='word_1_835' title='bbox 3261 5274 3274 5286; x_wconf 86' lang='grc'><strong>·</strong></span> <span class='ocrx_word' id='word_1_836' title='bbox 3305 5256 3374 5308; x_wconf 81' lang='grc' dir='ltr'>τὰ</span> <span class='ocrx_word' id='word_1_837' title='bbox 3402 5259 3496 5326; x_wconf 80' lang='grc' dir='ltr'><strong>τῆς</strong></span> <span class='ocrx_word' id='word_1_838' title='bbox 3527 5255 3702 5324; x_wconf 76' lang='grc' dir='ltr'>ψυχῆς</span> <span class='ocrx_word' id='word_1_839' title='bbox 3730 5253 3994 5320; x_wconf 75' lang='grc' dir='ltr'>ἐνθύμια,</span> 
     </span>
    </p>
   </div>
   <div class='ocr_carea' id='block_1_113' title="bbox 2409 5343 3992 5418">
    <p class='ocr_par' dir='ltr' id='par_1_113' title="bbox 2409 5343 3992 5418">
     <span class='ocr_line' id='line_1_113' title="bbox 2409 5343 3992 5418; baseline -0.008 -15"><span class='ocrx_word' id='word_1_840' title='bbox 2409 5353 2489 5412; x_wconf 84' lang='grc' dir='ltr'><strong>είς</strong></span> <span class='ocrx_word' id='word_1_841' title='bbox 2541 5350 2827 5417; x_wconf 80' lang='grc' dir='ltr'>ἀσέλγειαν</span> <span class='ocrx_word' id='word_1_842' title='bbox 2876 5349 2970 5401; x_wconf 80' lang='grc' dir='ltr'>καὶ</span> <span class='ocrx_word' id='word_1_843' title='bbox 3024 5348 3296 5418; x_wconf 81' lang='grc' dir='ltr'>ἁμαρτίας</span> <span class='ocrx_word' id='word_1_844' title='bbox 3355 5363 3420 5415; x_wconf 86' lang='grc' dir='ltr'><strong>με</strong></span> <span class='ocrx_word' id='word_1_845' title='bbox 3480 5343 3992 5415; x_wconf 75' lang='grc' dir='ltr'>αἰχμαλωτίζονταο</span> 
     </span>
    </p>
   </div>
   <div class='ocr_carea' id='block_1_114' title="bbox 2411 5432 3994 5511">
    <p class='ocr_par' dir='ltr' id='par_1_114' title="bbox 2411 5432 3994 5511">
     <span class='ocr_line' id='line_1_114' title="bbox 2411 5432 3994 5511; baseline -0.009 -15"><span class='ocrx_word' id='word_1_846' title='bbox 2411 5445 2538 5496; x_wconf 74' lang='grc' dir='ltr'>Ὀτι</span> <span class='ocrx_word' id='word_1_847' title='bbox 2561 5442 2842 5511; x_wconf 76' lang='grc' dir='ltr'>ἐνθύμιον</span> <span class='ocrx_word' id='word_1_848' title='bbox 2856 5441 3168 5506; x_wconf 81' lang='grc' dir='ltr'>ἀνθρώπου</span> <span class='ocrx_word' id='word_1_849' title='bbox 3191 5436 3702 5506; x_wconf 67' lang='grc' dir='ltr'>ἐξομολογήσεται</span> <span class='ocrx_word' id='word_1_850' title='bbox 3716 5451 3833 5487; x_wconf 87' lang='grc' dir='ltr'>σοι.</span> <span class='ocrx_word' id='word_1_851' title='bbox 3859 5432 3994 5483; x_wconf 80' lang='grc' dir='ltr'>’Ὁτι</span> 
     </span>
    </p>
   </div>
   <div class='ocr_carea' id='block_1_115' title="bbox 2412 5524 3995 5605">
    <p class='ocr_par' dir='ltr' id='par_1_115' title="bbox 2412 5524 3995 5605">
     <span class='ocr_line' id='line_1_115' title="bbox 2412 5524 3995 5605; baseline -0.006 -18"><span class='ocrx_word' id='word_1_852' title='bbox 2412 5535 2468 5587; x_wconf 80' lang='grc' dir='ltr'><strong>δὲ</strong></span> <span class='ocrx_word' id='word_1_853' title='bbox 2498 5533 2625 5605; x_wconf 80' lang='grc' dir='ltr'>περὶ</span> <span class='ocrx_word' id='word_1_854' title='bbox 2648 5532 2755 5585; x_wconf 81' lang='grc' dir='ltr'><strong>τῶν</strong></span> <span class='ocrx_word' id='word_1_855' title='bbox 2780 5530 2981 5605; x_wconf 65' lang='grc' dir='ltr'>ρστέων</span> <span class='ocrx_word' id='word_1_856' title='bbox 3019 5530 3079 5582; x_wconf 85' lang='grc' dir='ltr'><strong>οὐ</strong></span> <span class='ocrx_word' id='word_1_857' title='bbox 3122 5529 3268 5597; x_wconf 76' lang='grc' dir='ltr'>λέγει</span> <span class='ocrx_word' id='word_1_858' title='bbox 3295 5527 3386 5581; x_wconf 79' lang='grc' dir='ltr'>τοῦ</span> <span class='ocrx_word' id='word_1_859' title='bbox 3421 5527 3704 5599; x_wconf 83' lang='grc' dir='ltr'>σώματος,</span> <span class='ocrx_word' id='word_1_860' title='bbox 3742 5524 3888 5593; x_wconf 79' lang='grc' dir='ltr'><strong>δηλοῖ</strong></span> <span class='ocrx_word' id='word_1_861' title='bbox 3918 5525 3995 5577; x_wconf 70' lang='grc' dir='ltr'>τὰ</span> 
     </span>
    </p>
   </div>
   <div class='ocr_carea' id='block_1_116' title="bbox 727 5624 2589 5699">
    <p class='ocr_par' dir='ltr' id='par_1_116' title="bbox 727 5624 2589 5699">
     <span class='ocr_line' id='line_1_116' title="bbox 727 5624 2589 5699; baseline -0.001 -19"><span class='ocrx_word' id='word_1_862' title='bbox 727 5628 876 5697; x_wconf 75' lang='grc' dir='ltr'>ἑξῆς·</span> <span class='ocrx_word' id='word_1_863' title='bbox 935 5628 1132 5699; x_wconf 67' lang='grc' dir='ltr'>ἐπάγει</span> <span class='ocrx_word' id='word_1_864' title='bbox 1183 5627 1324 5699; x_wconf 83' lang='grc' dir='ltr'>γάρ·</span> <span class='ocrx_word' id='word_1_865' title='bbox 1388 5628 1496 5682; x_wconf 83' lang='lat' dir='ltr'><strong>Kal</strong></span> <span class='ocrx_word' id='word_1_866' title='bbox 1538 5629 1576 5696; x_wconf 78' lang='grc' dir='ltr'><strong>ἠ</strong></span> <span class='ocrx_word' id='word_1_867' title='bbox 1629 5630 1800 5699; x_wconf 68' lang='grc' dir='ltr'><strong>ψυχή</strong></span> <span class='ocrx_word' id='word_1_868' title='bbox 1839 5647 1959 5699; x_wconf 83' lang='grc' dir='ltr'>μου</span> <span class='ocrx_word' id='word_1_869' title='bbox 2009 5628 2306 5699; x_wconf 80' lang='grc' dir='ltr'>ἐταράχθη</span> <span class='ocrx_word' id='word_1_870' title='bbox 2335 5624 2589 5699; x_wconf 63' lang='grc' dir='ltr'>σφόδρα.</span> 
     </span>
    </p>
   </div>
   <div class='ocr_carea' id='block_1_117' title="bbox 785 5785 3988 5857">
    <p class='ocr_par' dir='ltr' id='par_1_117' title="bbox 785 5785 3988 5857">
     <span class='ocr_line' id='line_1_117' title="bbox 785 5785 3988 5857; baseline -0.001 -12"><span class='ocrx_word' id='word_1_871' title='bbox 785 5789 808 5822; x_wconf 74' lang='grc'><strong>⁸</strong></span> <span class='ocrx_word' id='word_1_872' title='bbox 835 5790 1003 5846; x_wconf 78' lang='lat' dir='ltr'><strong>Exod.</strong></span> <span class='ocrx_word' id='word_1_873' title='bbox 1045 5808 1131 5856; x_wconf 81' lang='lat' dir='ltr'><strong>xv,</strong></span> <span class='ocrx_word' id='word_1_874' title='bbox 1154 5793 1243 5846; x_wconf 74' lang='lat'><strong>26.</strong></span> <span class='ocrx_word' id='word_1_875' title='bbox 1285 5794 1304 5824; x_wconf 83' lang='lat'><strong>&#39;</strong></span> <span class='ocrx_word' id='word_1_876' title='bbox 1336 5791 1502 5845; x_wconf 80' lang='lat' dir='ltr'><strong>Exod.</strong></span> <span class='ocrx_word' id='word_1_877' title='bbox 1533 5808 1624 5854; x_wconf 77' lang='lat' dir='ltr'><strong>sx,</strong></span> <span class='ocrx_word' id='word_1_878' title='bbox 1657 5793 1740 5854; x_wconf 74' lang='grc' dir='ltr'><strong>Η.</strong></span> <span class='ocrx_word' id='word_1_879' title='bbox 1774 5792 1860 5847; x_wconf 78' lang='grc'><strong>15.</strong></span> <span class='ocrx_word' id='word_1_880' title='bbox 1911 5792 1931 5822; x_wconf 78' lang='grc'>⁸</span> <span class='ocrx_word' id='word_1_881' title='bbox 1960 5791 2100 5845; x_wconf 85' lang='lat' dir='ltr'><strong>Psal.</strong></span> <span class='ocrx_word' id='word_1_882' title='bbox 2150 5807 2356 5857; x_wconf 71' lang='lat' dir='ltr'><strong>xxxvii,</strong></span> <span class='ocrx_word' id='word_1_883' title='bbox 2380 5792 2441 5844; x_wconf 91' lang='lat'><strong>.6.</strong></span> <span class='ocrx_word' id='word_1_884' title='bbox 2515 5793 2533 5821; x_wconf 84' lang='lat'><strong>&#39;</strong></span> <span class='ocrx_word' id='word_1_885' title='bbox 2565 5789 2581 5844; x_wconf 89' lang='grc' dir='ltr'><strong>ι</strong></span> <span class='ocrx_word' id='word_1_886' title='bbox 2615 5789 2743 5852; x_wconf 67' lang='lat' dir='ltr'><strong>non.</strong></span> <span class='ocrx_word' id='word_1_887' title='bbox 2786 5806 2840 5850; x_wconf 87' lang='grc' dir='ltr'><strong>ιι,</strong></span> <span class='ocrx_word' id='word_1_888' title='bbox 2865 5789 2954 5843; x_wconf 73' lang='lat'><strong>‘25.</strong></span> <span class='ocrx_word' id='word_1_889' title='bbox 3027 5792 3048 5821; x_wconf 82' lang='grc'><em>³</em></span> <span class='ocrx_word' id='word_1_890' title='bbox 3072 5790 3232 5848; x_wconf 81' lang='lat' dir='ltr'><strong>Hebr.</strong></span> <span class='ocrx_word' id='word_1_891' title='bbox 3267 5803 3382 5854; x_wconf 80' lang='lat' dir='ltr'><strong>mi,</strong></span> <span class='ocrx_word' id='word_1_892' title='bbox 3411 5786 3463 5840; x_wconf 72' lang='grc' dir='ltr'>ι.</span> <span class='ocrx_word' id='word_1_893' title='bbox 3541 5788 3561 5818; x_wconf 86' lang='grc'>⁹</span> <span class='ocrx_word' id='word_1_894' title='bbox 3602 5785 3760 5842; x_wconf 84' lang='lat' dir='ltr'><strong>lCor.</strong></span> <span class='ocrx_word' id='word_1_895' title='bbox 3793 5802 3890 5856; x_wconf 80' lang='lat' dir='ltr'><strong>vn,</strong></span> <span class='ocrx_word' id='word_1_896' title='bbox 3927 5787 3988 5844; x_wconf 86' lang='lat'><strong>8.</strong></span> 
     </span>
    </p>
   </div>
   <div class='ocr_carea' id='block_1_118' title="bbox 730 5859 2447 5929">
    <p class='ocr_par' dir='ltr' id='par_1_118' title="bbox 730 5859 2447 5929">
     <span class='ocr_line' id='line_1_118' title="bbox 730 5859 2447 5929; baseline -0.001 -14"><span class='ocrx_word' id='word_1_897' title='bbox 730 5860 774 5896; x_wconf 84' lang='lat'>“</span> <span class='ocrx_word' id='word_1_898' title='bbox 797 5859 937 5916; x_wconf 84' lang='lat' dir='ltr'><strong>Psal.</strong></span> <span class='ocrx_word' id='word_1_899' title='bbox 967 5879 1109 5926; x_wconf 73' lang='lat' dir='ltr'><strong>sLtv,</strong></span> <span class='ocrx_word' id='word_1_900' title='bbox 1147 5864 1231 5918; x_wconf 81' lang='grc'><strong>15.</strong></span> <span class='ocrx_word' id='word_1_901' title='bbox 1313 5866 1350 5895; x_wconf 75' lang='grc'>³⁸</span> <span class='ocrx_word' id='word_1_902' title='bbox 1380 5861 1566 5920; x_wconf 76' lang='lat' dir='ltr'><strong>Maltlt.</strong></span> <span class='ocrx_word' id='word_1_903' title='bbox 1607 5880 1718 5924; x_wconf 82' lang='lat' dir='ltr'><strong>xix,</strong></span> <span class='ocrx_word' id='word_1_904' title='bbox 1745 5863 1832 5917; x_wconf 71' lang='grc' dir='ltr'>ιι.</span> <span class='ocrx_word' id='word_1_905' title='bbox 1915 5860 2121 5918; x_wconf 83' lang='lat' dir='ltr'><strong>&quot;Psul.</strong></span> <span class='ocrx_word' id='word_1_906' title='bbox 2162 5878 2321 5929; x_wconf 73' lang='lat' dir='ltr'><strong>uxr,</strong></span> <span class='ocrx_word' id='word_1_907' title='bbox 2363 5863 2447 5917; x_wconf 78' lang='lat' dir='ltr'><strong>ii.</strong></span> 
     </span>
    </p>
   </div>
   <div class='ocr_carea' id='block_1_119' title="bbox 2535 5859 2983 5930">
    <p class='ocr_par' dir='ltr' id='par_1_119' title="bbox 2535 5859 2983 5930">
     <span class='ocr_line' id='line_1_119' title="bbox 2535 5859 2983 5930; baseline 0.002 -18"><span class='ocrx_word' id='word_1_908' title='bbox 2535 5863 2574 5893; x_wconf 79' lang='lat'>&quot;</span> <span class='ocrx_word' id='word_1_909' title='bbox 2612 5859 2648 5912; x_wconf 75' lang='grc' dir='ltr'>ί.</span> <span class='ocrx_word' id='word_1_910' title='bbox 2684 5860 2983 5930; x_wconf 70' lang='grc' dir='ltr'>ἅνθρωπος.</span> 
     </span>
    </p>
   </div>
  </div>
