4216 6324
189 406 274 461 461
1347 400 1625 454 ΙΙΟΜΙΙΛΛ
1669 400 1776 452 XXI

1868 400 1903 451 Ν
1941 399 2135 455 ΡδᾹῑι.
2177 400 2280 454 VII.

189 516 318 581 οἶνος
362 518 423 570 οὐ
458 519 597 586 ταχυ
633 518 957 580 ἀλλοιοῦται,
994 518 1111 571 οὔτε

187 607 321 673 οἶνος
359 609 664 680 ἀμφίϐολος
706 610 922 677 γείτων·
956 608 1127 673 οὕτως
1176 612 1205 662 6
1240 610 1470 674 παλαιὸς
1512 609 1665 678 φίλος
1697 609 1771 672 ὡς

186 698 323 766 οἶνος
356 703 703 774 προπάλαιος
744 702 1027 772 εὐφραίνει
1070 704 1162 757 τὸν
1191 703 1403 774 ἔχοντα.
1431 705 1540 757 Καὶ
1578 702 1769 756 τούτου

188 795 398 865 μάρτυς
455 797 489 864 ἡ
534 794 654 848 Θεία
703 794 917 865 Γραφήο
967 792 1140 860 Oli-oc
1190 793 1346 859 νέος,
1391 795 1569 863 φίλος
1611 794 1768 859 νέος·

184 887 288 939 ἐὰν
314 885 384 939 δὲ
414 885 748 955 πωαιωθῇ,
767 889 894 956 μετ’
920 889 1305 957 εὐφροσύνης
1333 886 1519 942 αὐτὸν
1543 888 1769 941 πίεσαι.

185 978 398 1049 Ὥσπερ
450 979 508 1032 δὲ
550 981 578 1032 6
611 979 894 1048 πυρέττων
927 981 1021 1033 καὶ
1057 980 1362 1052 φρενητιῶν
1398 980 1490 1033 τὸν
1542 977 1771 1032 παλαιὸν

184 1063 323 1123 οἶνον
357 1071 435 1134 ὡς
469 1070 727 1141 πολέμιον
754 1072 1180 1144 ἀποστρέφεται,
1216 1074 1244 1125 6
1280 1072 1336 1126 δὲ
1370 1071 1627 1141 ὑγιαίνων
1680 1069 1773 1123 καὶ

187 1162 503 1233 ἐρρωμένος
530 1162 627 1234 τὴν
650 1164 879 1236 καρδίαν
940 1165 1309 1235 εὐφραίνεται·
1352 1164 1446 1217 καὶ
1477 1158 1639 1227 οἶνος
1664 1160 1773 1232 γὰρ

184 1253 493 1321 εὐφραίνει
540 1253 794 1323 καρδίαν
834 1253 1169 1323 ἀνθρώπου·
1205 1254 1379 1319 οὕτως
1416 1257 1444 1308 ὁ
1473 1253 1645 1308 νοσῶν
1676 1254 1772 1326 τὴν

184 1343 376 1414 φρένα,
416 1346 512 1398 καὶ
561 1349 626 1417 τῇ
670 1346 837 1418 κακίᾳ
882 1347 1184 1420 πυρέττων,
1233 1349 1323 1402 τὸν
1357 1351 1582 1421 ἀρχαῖον
1624 1347 1772 1418 φίλον

186 1437 377 1505 φεύγει
404 1439 482 1502 ὼς
514 1438 791 1510 πολέμιον·
816 1440 915 1495 όδὲ
938 1442 1195 1510 ὑγιαίνων
1222 1444 1319 1511 τὴν
1351 1442 1658 1512 συνείδησιν
1694 1442 1769 1506 ὡς

185 1529 474 1600 δευτέρους
514 1533 704 1600 γονέας
756 1534 847 1587 καὶ
895 1534 1158 1604 ἀδελφοὺς
1195 1537 1321 1598 τοὺς
1351 1535 1536 1603 φίλους
1569 1535 1773 1603 λογίζε-

186 1640 293 1678 ται.

253 1712 422 1767 Ὅθεν
483 1716 572 1768 τὸν
630 1717 800 1769 Χουσὶ
856 1719 1010 1786 φίλον
1050 1721 1145 1771 καὶ
1178 1721 1524 1791 ἀρχιεταῖρον
1569 1720 1773 1800 ἄνωθεν

189 1806 275 1859 καὶ
301 1806 547 1878 ἐξαρχῆς
571 1804 735 1879 εἶχεν,
762 1808 920 1863 τοῦτο
950 1810 1145 1880 λέγων·
1179 1812 1243 1865 El
1275 1815 1303 1865 6
1338 1812 1509 1883 μέγας
1533 1813 1772 1883 Μωῦσῆς

184 1898 473 1971 ἅνθρωπος
519 1900 614 1954 τοῦ
654 1901 788 1955 Θεοῦ
833 1904 926 1956 καὶ
974 1903 1094 1967 θεὸς
1124 1905 1342 1976 Φαραὼ,
1379 1905 1470 1959 τὸν
1498 1904 1646 1971 ξένον
1680 1909 1773 1959 καὶ

186 1991 313 2045 ίδιον
350 1993 444 2045 τὸν
488 1992 674 2065 Ἰοθὼρ
706 1994 1009 2064 σύμϐουλον
1036 1995 1212 2067 ἔσχενο
1245 1998 1335 2052 τὸν
1362 1998 1532 2065 ξένον,
1564 1998 1654 2052 διὰ
1674 1998 1773 2069 τὴν

186 2084 509 2155 θρησκείαν,
547 2085 637 2139 καὶ
696 2086 845 2151 ίδιον,
891 2085 979 2140 διὰ
1029 2088 1129 2158 τὴν
1167 2090 1505 2158 συγγένειαψ
1554 2091 1774 2161 καὶνούχ

187 2176 631 2247 ύπερηφάνησεν,
662 2178 783 2230 οὐδὲ
814 2175 986 2230 εἶπεν·
1020 2180 1176 2247 ΔἘγὼ
1214 2180 1272 2232 οὐ
1304 2179 1488 2251 χρῄζω
1523 2181 1624 2252 τῆς
1655 2181 1774 2236 τού·

184 2284 270 2319 του
302 2267 554 2338 γνώμης·
575 2271 602 2322 ὁ
627 2269 758 2332 Θεὸς
792 2287 878 2338 μοι
913 2268 1196 2340 ἐλάλησεν,
1239 2272 1569 2346 ἐπαιδεύθην
1609 2288 1761 2348 πασῃ

189 2358 347 2429 σοφίᾳ
377 2358 712 2425 Αἰγυπτίων,
750 2360 844 2412 καὶ
872 2360 990 2423 πῶς
1018 2359 1205 2413 τοῦτον
1232 2364 1579 2436 γνωμοδότην
1606 2365 1773 2437 ληρο-

189 2467 315 2517 μαι;
368 2450 507 2503 Ἀλλ’
536 2451 689 2504 οὐδὲν
715 2451 919 2505 τούτων
940 2448 1110 2519 εἶπεν,
1146 2454 1375 2525 ἐπείσθη
1408 2456 1464 2510 δὲ
1491 2458 1569 2529 τῷ
1595 2458 1773 2524 καλῶς

188 2540 632 2610 συμϐουλεύοντι,
677 2542 853 2607 εἰδὼς,
890 2543 972 2596 ὅτι
1012 2546 1392 2612 συμϐουλίας
1426 2548 1629 2601 ἀκούει
1671 2564 1775 2601 σο-

187 2631 316 2702 φός.
354 2633 466 2687 Καὶ
492 2632 679 2704 ὥσπερ
706 2634 798 2686 ἐπὶ
831 2634 928 2704 τῆς
958 2636 1184 2707 ἀγορᾶς,
1222 2637 1449 2707 ἱματίων
1474 2643 1774 2710 προκειμέ..

187 2742 308 2788 νων,
339 2726 368 2777 6
402 2724 627 2796 χρυσίον
664 2724 737 2795 μὴ
762 2725 920 2795 ἔχων,
953 2726 1237 2797 δοκιμάζει
1268 2729 1425 2799 μόνον
1454 2730 1520 2783 τὰ
1547 2730 1775 2801 ἐνδύμα-

186 2834 269 2873 τα.
306 2818 402 2870 καὶ
452 2815 639 2869 σκυλεῖ
668 2817 866 2880 ταῦτα,
905 2817 1222 2888 ἐνδυόμενος
1257 2821 1349 2873 καὶ
1382 2822 1771 2891 ἀποδυόμενος,

188 2909 278 2959 καὶ
308 2909 405 2962 ὅλα
437 2911 613 2980 φορεῖ,
642 2908 734 2961 καὶ
757 2910 880 2962 οὐδὲ
905 2910 962 2964 ἓν
992 2912 1119 2979 παρ’
1152 2911 1328 2981 ἑαυτῷ
1358 2917 1567 2984 κρατεῖο
1600 2915 1773 2980 οὕτως

188 3002 214 3051 6
247 2999 540 3070 λεγόμενος
569 3000 740 3069 φίλος,
778 3001 851 3071 μὴ
884 3000 1021 3071 ἔχων
1050 3002 1250 3071 χρυσὸν
1279 3003 1498 3074 δόκιμον
1524 3004 1621 3075 τὴν
1653 3023 1775 3058 συν-

188 3090 411 3160 είδησιν,
449 3091 526 3153 ὡς
580 3093 637 3144 ἐν
684 3092 858 3163 ἀγορᾷ
889 3091 967 3163 τῷ
1016 3092 1116 3162 βίῳ
1158 3094 1367 3159 πάντας
1408 3096 1651 3149 ἐνδύεται
1683 3098 1775 3150 καὶ

3340 399 3445 453 είΰῖ

1163 521 1443 589 τρέπεται,
1486 521 1513 572 ὁ
1554 518 1610 572 δὲ
1655 517 1772 580 νέος

1884 527 1966 571 tus
2008 520 2190 573 vinum
2222 535 2327 574 non
2377 518 2531 573 farilc
2559 524 2844 585 alteratur,
2877 530 3050 585 neque
3085 515 3334 579 vertitur,
3368 516 3446 569 vi-

1877 627 2000 664 num
2038 627 2167 666 vero
2194 627 2389 666 novum
2416 621 2498 666 est
2528 626 2726 680 auceps
2749 611 2961 666 vicinus
2986 627 3000 664 :
3032 611 3107 663 ita
3132 615 3286 662 vetus
3318 608 3448 662 ami-

1875 717 1970 756 cus
2005 711 2257 771 tanquam
2284 705 2467 757 vinum
2494 714 2760 758 vetustum
2794 703 3028 759 Imtiiicat
3068 717 3190 756 eum
3236 703 3324 771 qui
3354 703 3449 754 ha-

1876 795 1987 849 bet.
2023 793 2187 862 Cujus
2221 797 2298 852 rei
2328 796 2607 864 Scriptura
2647 796 2799 850 testis
2831 805 2913 851 est
2948 813 2961 850 :
3015 795 3201 848 Vinum
3237 809 3448 855 novum,

1874 886 2075 939 amicus
2099 902 2302 952 novus;
2336 887 2382 941 si
2408 897 2582 939 autem
2620 886 3001 950 inveteraverit,
3040 901 3156 939 cum
3189 884 3452 939 suavi/ate

1876 974 2015 1029 bibes
2048 975 2182 1029 iilud
2208 977 2269 1030 ‘°.
2318 977 2486 1032 Porro
2526 977 2667 1031 sicut
2698 978 2788 1046 qui
2822 976 2972 1032 febre
2998 977 3226 1043 labOrat,
3260 986 3452 1045 estque

1877 1067 2242 1133 phreneticus,
2279 1069 2461 1123 vinum
2497 1079 2655 1124 vetus
2694 1077 2753 1123 ut
2798 1067 2898 1123 sibi
2941 1068 3224 1123 adversum
3277 1068 3449 1133 vitat;

1875 1160 1965 1228 qui
2017 1170 2192 1216 autem
2244 1177 2408 1217 sanus
2455 1159 2773 1230 validusqne
2827 1169 2930 1223 cst,
2979 1174 3072 1227 per
3106 1159 3232 1212 illud
3289 1161 3453 1214 corde

1876 1252 2207 1320 delectatur;
2248 1256 2448 1310 etenim
2496 1256 2672 1309 vinum
2712 1253 2947 1323 la'tiﬁcat
2976 1251 3316 1307 cor/taminia
3370 1254 3448 1304 “:

1876 1344 1956 1398 sic
1986 1360 2128 1415 aeger
2174 1356 2355 1401 mente
2380 1389 2395 1411 ,
2433 1357 2487 1402 et
2538 1347 2759 1401 malitiae
2794 1345 2941 1401 febre
2987 1344 3260 1407 detentus,
3315 1343 3454 1396 anti-

1876 1452 2039 1506 quum
2077 1438 2308 1493 amicum
2334 1438 2469 1508 fugit
2497 1439 2646 1493 velut
2677 1440 2889 1493 hostem
2917 1456 2931 1503 ;
2965 1435 3297 1491 conscientia
3324 1448 3456 1489 vero

1877 1545 2040 1584 sanus
2089 1529 2260 1584 instar
2284 1530 2640 1585 secundorum
2664 1543 2949 1600 parentum
2978 1540 3030 1583 et
3063 1528 3291 1582 fratrum
3322 1529 3454 1580 ami~

1875 1634 1968 1673 cos
1998 1620 2166 1674 ducit.

1950 1710 2104 1765 Unde
2150 1712 2314 1765 David
2351 1711 2513 1766 Chusi
2562 1711 2795 1767 amicum
2833 1722 2887 1766 et
2936 1711 3231 1781 principem
3279 1712 3454 1765 socio-

1880 1816 1995 1853 rum
2026 1801 2154 1856 olim
2204 1811 2258 1856 et
2300 1803 2368 1856 ab
2416 1803 2569 1857 initio
2609 1802 2819 1869 habuit,
2850 1803 2954 1857 hoc
2981 1818 3163 1859 secum
3198 1802 3408 1857 locutus
3441 1822 3453 1855 :

1808 1866 1845 1918 Β
1878 1893 1932 1947 Si
1981 1910 2206 1964 magnus
2254 1895 2448 1960 Moses,
2482 1897 2640 1949 homo
2690 1898 2777 1952 Dei
2830 1913 2893 1952 ac
2933 1900 3063 1953 deus
3114 1897 3456 1960 Pharaonis,

1877 1996 2193 2039 extraneum
2237 1996 2293 2041 et
2328 1988 2604 2058 proprium
2642 1986 2923 2043 Jothorem
2973 1990 3160 2044 habuit
3202 1990 3458 2044 consilia-

1881 2074 2037 2133 rium.
2078 2085 2396 2130 extraneum
2430 2080 2499 2132 ob
2534 2076 2871 2147 religionem,
2920 2080 3194 2149 proprium
3242 2082 3310 2134 ob
3343 2079 3459 2134 atii-

1879 2162 2133 2229 uitatem;
2179 2177 2275 2217 nec
2306 2165 2536 2233 superbe
2566 2180 2623 2220 se
2653 2168 2842 2235 gessit,
2894 2182 3069 2236 neque
3112 2168 3249 2222 dixit
3280 2187 3291 2221 :
3348 2167 3457 2239 Ego

1878 2269 1980 2309 non
2018 2255 2230 2326 indigeo
2256 2256 2372 2325 ejus
2404 2259 2668 2323 consilio;
2698 2260 2838 2315 Deus
2863 2276 3073 2315 mecum
3112 2261 3324 2316 locutus
3353 2274 3458 2321 esu

1876 2350 2097 2403 edoctus
2148 2364 2264 2404 sum
2304 2365 2521 2405 onmem
2571 2353 2897 2421 sapientiam
2950 2354 3361 2426 Egyptiorum;
3407 2368 3460 2409 ct

1876 2456 1982 2510 quo
2026 2442 2183 2494 modo
2232 2443 2374 2497 hunc
2404 2444 2614 2497 consilii
2658 2447 2901 2499 datorem
2950 2449 3270 2502 assumant?
3316 2450 3458 2503 Nihil

1879 2535 2101 2588 istorum
2149 2536 2306 2599 dixit,
2354 2537 2447 2589 sed
2490 2539 2780 2592 obsecutus
2823 2551 2906 2594 est
2941 2551 3085 2595 recte
3118 2544 3418 2597 CODStlit‘ltli
3444 2584 3457 2603 ,

1877 2638 2076 2689 gnarus
2120 2625 2259 2692 quod
2290 2626 2510 2679 consilia
2560 2631 2707 2679 mutit
2744 2632 2949 2696 sapiens
2989 2632 3055 2685 ".
3112 2632 3177 2686 Et
3217 2634 3353 2687 sicut
3407 2635 3462 2689 in

1879 2712 2013 2779 foro,
2045 2715 2135 2769 ubi
2178 2728 2357 2771 vestes
2397 2724 2655 2787 exposita:
2691 2731 2836 2785 sunt,
2886 2724 2973 2792 qui
3028 2725 3308 2792 pecuniam
3356 2738 3461 2779 non

1878 2807 2058 2869 habet,
2088 2808 2276 2876 probat
2322 2811 2493 2863 solum
2533 2812 2865 2879 indumenta,
2897 2830 3067 2885 caque
3098 2818 3336 2886 deponit,
3380 2819 3460 2871 in-

1878 2898 1993 2951 duit
2024 2914 2082 2951 se
2122 2909 2284 2968 atque
2315 2903 2483 2967 exuit,
2544 2914 2596 2956 ct
2635 2906 2817 2958 omnia
2868 2916 3063 2975 gestat,
3125 2909 3328 2963 nullum
3382 2918 3464 2964 ta-

1881 3006 1999 3044 men
2048 2995 2242 3047 tetiuct
2271 2996 2408 3063 apud
2449 3011 2545 3050 se:
2598 2999 2675 3050 sic
2710 3000 2800 3065 qui
2845 3000 3045 3053 dicitur
3088 3002 3314 3067 amicus,
3363 3017 3461 3055 nec

1880 3082 2041 3137 habet
2100 3085 2320 3152 probam
2370 3088 2651 3155 pecuniam
2715 3092 3136 3159 conscientiam,
3194 3094 3340 3147 velut
3408 3098 3459 3148 in

188 3182 500 3247 ἀποδύεται,
568 3184 777 3246 πάντας
824 3183 1102 3249 ἀλλάσσει,
1149 3186 1244 3238 καὶ
1289 3186 1409 3239 οὐδὲ
1455 3188 1548 3241 ἕνα
1600 3193 1774 3260 φορεῖ.

1884 3174 2021 3240 foro,
2082 3177 2131 3228 in
2165 3177 2270 3229 vita
2304 3192 2493 3232 omnes
2527 3179 2699 3232 induit
2736 3196 2800 3235 ac
2836 3185 3003 3249 exuit,
3036 3200 3225 3241 omnes
3266 3196 3461 3250 mutat,

202 3275 336 3327 Ἀλλ’
380 3277 481 3328 οὐκ
514 3271 654 3347 ἦσαν
698 3276 929 3329 τοιοῦτοι
961 3276 1103 3345 φίλοι
1142 3279 1170 3330 6
1213 3277 1383 3330 Χουσὶ
1422 3280 1515 3331 καὶ
1543 3281 1570 3332 6
1595 3280 1777 3345 Δαὸὶδ,

189 3367 308 3419 οὐδὲ
340 3367 399 3419 τὸ
426 3367 625 3438 πικρὸν
663 3366 756 3420 τοῦ
780 3367 934 3420 δόλου
963 3368 1221 3439 ποτήριον
1264 3369 1514 3440 ἀλλήλοις
1549 3372 1779 3442 προέπι-

190 3474 299 3519 νον,
348 3458 469 3510 esse
521 3457 621 3527 τὴν
674 3459 948 3529 μάχαιραν
1006 3458 1099 3511 τοῦ
1125 3458 1319 3528 φθόνου
1392 3460 1514 3513 καθ’
1572 3462 1779 3515 ἑαυτῶν

190 3547 413 3613 ὣῖξμνειν⁵
449 3550 604 3602 αὐτοὶ
633 3549 689 3602 δὲ
722 3552 778 3603 ὲν
803 3551 1015 3612 ἑαυτοῖς
1045 3552 1274 3615 ἑαυτοὺς
1311 3552 1661 3623 κεράσαντες,
1686 3555 1782 3609 καὶ

190 3642 289 3705 τὰς
336 3641 428 3694 δύο
477 3641 656 3711 ψυχάς
695 3642 824 3711 μίαν
872 3645 939 3713 τῇ
979 3642 1217 3697 διαθέσει
1254 3644 1546 3709 δείξαντες,
1593 3644 1781 3719 ὥσπερ

190 3734 290 3803 τῆς
318 3734 641 3803 εὐημερίας,
682 3731 824 3785 οὕτω
867 3735 959 3787 καὶ
982 3735 1081 3805 τῆς
1114 3734 1491 3807 ταλαιπωρίας
1531 3739 1782 3792 κοινωνοὶ

192 3826 449 3892 ἐγίνοντο.
474 3824 622 3879 Μίαν
655 3824 764 3896 γὰρ
790 3824 1067 3895 περῶντες
1091 3824 1184 3877 τοῦ
1219 3825 1335 3895 βίου
1362 3827 1658 3894 θάλασσαν,
1689 3831 1781 3882 καὶ

194 3919 276 3978 εἰς
308 3916 364 3969 τὸ
396 3916 530 3971 αὐτὸ
571 3915 777 3984 σκάφος
818 3916 919 3986 τῆς
959 3916 1316 3989 συνειδήσεως
1369 3917 1643 3982 πλέοντες,
1689 3921 1780 3971 καὶ

192 4008 293 4077 τὴν
344 4008 598 4061 εὑπλοῖαν
666 4008 759 4060 καὶ
816 4007 908 4059 τὸν
966 4008 1211 4079 χειμῶνα
1271 4010 1532 4073 ὡσαύτως
1579 4011 1780 4081 ὑπέμε-

194 4116 305 4151 νον.

274 4192 517 4260 Ψαλμύς
548 4189 628 4256 τῷ
657 4191 853 4255 Δαόὶδ,
886 4191 959 4245 ὃν
976 4186 1134 4262 ᾖσεν
1160 4191 1241 4256 τῷ
1268 4195 1463 4261 Κυρίῳ
1487 4193 1638 4261 ὑπὲρ
1665 4194 1782 4247 τῶν

192 4280 390 4345 λόγων
423 4280 615 4332 Χουσὶ
631 4279 786 4333 ὐἱοῦ
824 4281 1075 4349 ’1εμενεί.
1123 4282 1231 4334 Καὶ
1288 4281 1377 4334 διά
1433 4283 1485 4335 τί
1526 4284 1666 4356 ᾠδὴν
1706 4284 1782 4354 τῷ

196 4373 384 4442 Κυρίῳ
416 4374 443 4424 6
486 4372 651 4425 Δαϐὶδ
699 4373 838 4443 ὑπὲρ
876 4372 971 4425 τοῦ
1012 4374 1181 4427 Χουσὶ
1210 4374 1543 4445 ἀνέπεμψεν,
1580 4377 1647 4428 δι’
1676 4375 1783 4427 ὀλί-

194 4479 308 4529 γων
344 4463 563 4532 ἴδωμεν.
607 4464 667 4515 Ὀ
700 4464 812 4527 υἱὸς
856 4464 1019 4518 αὐτοῦ
1085 4445 1403 4537 ’Λϐεσαλῗομ
1444 4469 1564 4520 κατ’
1616 4468 1780 4521 αὑτοῦ

1889 3267 2471 3338 neminemqucgestat.
2492 3270 2684 3325 Verum
2712 3289 2815 3326 non
2839 3275 3102 3344 ejusmodi
3122 3287 3275 3330 erant
3299 3280 3459 3332 amici

1886 3357 2047 3410 Chusi
2075 3368 2128 3411 et
2156 3358 2342 3425 David,
2372 3375 2547 3429 neque
2570 3377 2815 3417 amarum
2849 3366 2953 3418 doli
2992 3366 3215 3421 calicem
3246 3369 3345 3421 sibi
3380 3370 3461 3422 iu-

1885 3448 2055 3503 vicem
2087 3451 2527 3519 propinaverant,
2574 3469 2746 3523 neque
2778 3455 2990 3511 invidia:
3026 3458 3258 3527 giadium
3302 3476 3461 3517 acue-

1889 3553 2010 3595 raut
2042 3553 2231 3596 contra
2268 3558 2357 3611 se;
2403 3546 2495 3599 sed
2536 3546 2637 3614 ipsi
2673 3549 2798 3602 dum
2844 3551 2895 3602 in
2928 3552 3235 3622 semetipsis
3270 3566 3463 3609 attem-

1885 3644 2076 3701 perant
2133 3647 2232 3697 se,
2297 3636 2536 3706 duasque
2587 3639 2795 3694 animas
2852 3657 2946 3705 per
2995 3642 3244 3699 affectum
3299 3665 3461 3703 unam

1887 3726 2201 3789 ostendunt,
2236 3736 2294 3780 ιιι
2332 3731 2727 3796 prosperitatis.
2761 3733 2839 3787 sic
2861 3745 2915 3787 et
2946 3734 3276 3794 infelicitatis
3317 3744 3446 3794 socii

1883 3825 2056 3869 erant.
2097 3816 2272 3872 Unum
2309 3820 2453 3872 enim
2488 3822 2806 3876 emetientes
2844 3823 2966 3879 vitae
2998 3841 3168 3891 mare,
3199 3843 3262 3882 ac
3288 3830 3339 3881 in
3369 3845 3459 3883 ea.

1885 3911 2004 3964 dem
2045 3910 2168 3963 navi
2211 3912 2555 3967 conscientia:
2606 3915 2939 3983 navigantes,
2982 3933 3103 3971 cum
3145 3936 3458 3989 prosperam

1887 4003 2304 4073 navigationem,
2363 4012 2472 4056 tum
2527 4014 2908 4075 tempestatem
2970 4010 3171 4077 pariter
3221 4002 3459 4066 sustine.-

1884 4096 2035 4150 bant.

1956 4185 2203 4239 Psalmus
2246 4185 2438 4249 David,
2482 4202 2632 4254 quem
2672 4191 2900 4241 cantavit
2948 4190 3173 4243 Domino
3217 4209 3310 4260 pro
3351 4211 3457 4248 ver-

1886 4280 1961 4332 bis
2007 4278 2168 4333 Clausi
2210 4279 2310 4346 ﬁlii
2349 4278 2565 4333 Jemini.
2607 4280 2670 4333 Et
2704 4297 2873 4350 quare
2915 4286 3185 4339 canticmn
3234 4286 3459 4339 Domino

1883 4371 2126 4426 emiserit
2171 4370 2336 4425 David
2377 4386 2473 4440 pro
2510 4371 2694 4436 Chusi,
2739 4375 2923 4441 paucis
2954 4375 3251 4431 videamus.
3291 4375 3460 4429 Filius

1886 4461 2001 4530 ejus
2028 4462 2280 4517 Absalom
2317 4464 2572 4517 adversus
2603 4478 2725 4517 eum
2754 4466 3095 4533 tyrannidem
3132 4469 3358 4536 arripuit
3388 4470 3456 4521 ".

195 4554 579 4626 ἐτυράννησεν.
625 4557 895 4626 Φιλήμασι
936 4557 1044 4630 γὰρ
1084 4560 1175 4611 καὶ
1212 4559 1565 4629 περιπλοκαῖς
1606 4578 1776 4628 σαγη-

1884 4554 2097 4610 Osculis
2143 4555 2287 4610 enim
2334 4565 2388 4609 et
2437 4554 2770 4623 amplexibus
2826 4556 3066 4625 singulos
3120 4559 3374 4624 irretitos,
3427 4579 3456 4614 a

195 4646 365 4698 νεύων
399 4648 633 4701 ἕκαστον
674 4648 806 4716 (:19),
834 4650 933 4718 τῆς
967 4649 1059 4702 τοῦ
1092 4650 1298 4721 πατρὸς
1325 4650 1504 4718 φιλίας
1531 4651 1658 4713 τοὺς
1692 4652 1778 4718 φί-

194 4738 323 4799 λους
344 4738 687 4800 ἀπέσπασεν,
714 4738 805 4790 τὸν
837 4739 985 4792 δόλον
1014 4739 1089 4801 ὡς
1124 4739 1230 4804 ίξὸν
1259 4740 1459 4810 φέρων,
1499 4741 1592 4792 καὶ
1613 4741 1673 4792 τὸ
1696 4742 1779 4809 φί-

194 4832 349 4901 λημα
381 4831 702 4901 ἄγκιστρον,
733 4830 825 4883 καὶ
875 4830 1065 4899 δέλεαρ
1100 4832 1198 4901 τὴν
1230 4830 1536 4893 κολακείαν,
1585 4832 1676 4882 καὶ
1707 4831 1781 4883 δί-

196 4942 337 4977 κτυα
360 4925 571 4995 πλάνης
592 4922 690 4985 τὰς
714 4922 1061 4993 περιπλοκάς.
1101 4923 1253 4975 Ἐπεὶ
1277 4918 1369 4975 οὖν
1388 4922 1592 4985 πάντας
1612 4922 1781 4985 οὕτως

194 5018 291 5069 ἕνα
338 5015 457 5068 καθ’
488 5016 587 5069 ’ἐνα
630 5015 755 5077 τοὺς
789 5012 975 5081 φίλους
1023 5012 1117 5063 τοῦ
1148 5011 1311 5063 Δαϐὶδ
1362 5012 1703 5082 ἀπεσύλησεν
1755 5016 1782 5064 ὀ

208 5106 549 5176 ’Λϐεσαλὼμ,
591 5103 803 5167 ὁπλίζει
841 5103 1023 5156 λοιπὸν
1048 5102 1398 5164 αύτοὺςκατά
1434 5102 1525 5154 τοῦ
1557 5103 1779 5172 πατρὸς,

199 5198 566 5267 συκοφαντίας
579 5196 834 5267 αὐτῷκαὶ
855 5193 1105 5256 διαϐολὰς
1134 5195 1372 5263 ράπτων.
1386 5195 1649 5257 Ἕκαστος
1676 5194 1780 5265 γὰρ

196 5294 271 5355 ὡς
320 5291 423 5360 υἱῷ
456 5289 550 5343 τοῦ
589 5289 770 5353 Δαϐὶδ,
804 5289 895 5341 καὶ
933 5287 1006 5349 ὡς
1039 5284 1237 5355 μᾶλλον
1266 5285 1332 5336 τὰ
1362 5286 1480 5337 κατ’
1513 5285 1672 5337 αὐτὸν
1703 5288 1783 5337 εἰ·

196 5385 331 5445 δέτι,
370 5383 654 5435 ἐπίστευεν
688 5378 1131 5447 συκοφαντοῦντι.
1177 5376 1331 5431 Ἐπεὶ
1360 5373 1451 5429 οὖν
1482 5378 1618 5449 μετά
1649 5378 1783 5431 πάν-

270 5548 316 5574 ²⁰
365 5544 527 5597 Et‘cli.
587 5560 663 5602 Ix,
710 5543 794 5595 15.
873 5542 1237 5604 “Psal.cm,
1276 5539 1358 5590 15.

268 5690 388 5758 (59)
429 5689 787 5759 Σαγηνεύων
825 5687 1102 5742 ἕκαστον.
1136 5689 1462 5759 Σαγηνεύειν
1491 5688 1624 5759 πρὸς
1652 5687 1775 5759 ἀλη-

200 5757 356 5820 θείας
392 5761 710 5825 ἐπίγνωσιν,
743 5758 877 5809 dixit
914 5759 1145 5826 Cyrillus
1188 5757 1343 5813 Alex.
1396 5757 1609 5815 Dialqu
1656 5758 1688 5808 '5
1720 5761 1780 5809 de

201 5842 389 5883 sanrm
421 5828 701 5891 Trinitate,
733 5844 785 5895 (ι.
839 5826 958 5879 497.
1006 5828 1061 5880 lit
1104 5845 1205 5880 non
1261 5840 1436 5882 autem
1480 5826 1778 5879 σαλινεύειν

1464 5541 1504 5570 ²²
1543 5540 1700 5594 Prov.
1761 5557 1869 5605 xu,
1908 5542 1990 5594 1:3.

1886 4646 2055 4715 patris
2086 4647 2319 4700 amicitia
2351 4647 2556 4701 amicos
2600 4647 2847 4714 retraxit,
2885 4649 3125 4704 fraudem
3180 4652 3347 4704 instar
3381 4654 3457 4704 vi-

1887 4741 1961 4792 sci
2022 4738 2219 4803 ferens,
2271 4737 2510 4791 osculum
2568 4739 2739 4791 instar
2791 4738 2958 4804 hami,
3010 4740 3297 4795 blanditias
3344 4744 3460 4796 vitro.

1888 4845 2048 4891 escae.
2085 4830 2365 4900 amplexus
2390 4832 2532 4884 velut
2560 4830 2691 4884 retia
2719 4832 2941 4885 erroris.
2978 4831 3266 4900 Postquam
3298 4835 3459 4902 igitur

1888 4923 2143 4976 Ahsalem
2204 4923 2279 4976 sic
2338 4937 2528 4976 omnes
2588 4922 2803 4975 Davidis
2864 4924 3067 4978 amicos
3122 4940 3283 4977 uumu
3343 4937 3462 4993 post

1890 5014 2053 5067 alium
2102 5015 2451 5084 abripuisset,
2488 5016 2597 5084 jam
2647 5023 2821 5068 armat
2865 5030 2958 5069 eos
2991 5026 3179 5069 contra
3216 5026 3460 5085 patrem,

1891 5108 1974 5159 cui
2017 5108 2313 5161 calumnias
2342 5118 2395 5162 et
2435 5107 2844 5161 criminationes
2882 5108 3113 5161 cousuit.
3163 5106 3463 5176 Unusquis-

1891 5213 1995 5267 que
2024 5199 2166 5253 enim
2210 5206 2265 5251 ut.
2316 5199 2423 5253 ﬁlio
2468 5197 2709 5263 Davidis,
2750 5206 2913 5265 utque
2946 5199 3033 5266 qui
3067 5199 3236 5267 magis
3284 5214 3462 5253 mores

1893 5290 2033 5344 illius
2068 5301 2439 5357 cognosceret,
2481 5293 2738 5346 credebat
2789 5291 3160 5346 calumnianti.
3194 5290 3290 5344 Uhi
3335 5306 3464 5360 ergo

1894 5399 2017 5436 cum
2076 5384 2287 5437 caneris
2338 5383 2744 5449 Achitopheletn
2813 5400 3025 5452 quoque
3092 5384 3462 5437 mnsiliariltnt

2086 5542 2128 5572 ²³
2156 5540 2199 5594 ll
2234 5540 2364 5611 Reg.
2406 5558 2471 5595 xv
2497 5584 2510 5608 ,
2545 5541 2578 5593 2
2619 5558 2739 5610 sqq.

1890 5697 1981 5740 aut
2028 5686 2296 5740 σαλεύειν.
2339 5686 2406 5741 Ut
2463 5686 2683 5756 Dialogo
2728 5686 2761 5739 4
2792 5701 2841 5753 p.
2874 5684 2977 5739 5:28
3020 5680 3468 5751 σεσαγηνευμὲνα

1891 5760 1968 5821 εἰς
2001 5758 2291 5824 ἐπίγνωσιν
2325 5757 2416 5809 τοῦ
2450 5756 2597 5809 Υίοῦ.
