4216 6324
176 392 268 448 $69

178 507 412 562 πάντων
479 503 599 557 τῶν
646 504 873 572 ἐχθρῶν
924 505 1125 558 αὐτοῦ.

180 599 413 653 πάντων
462 595 583 649 τῶν
630 596 968 650 διωκόντων
1012 614 1110 667 με,
1166 597 1261 650 καὶ
1298 597 1486 665 ῥῦσαί
1526 614 1620 666 με.
1676 627 1744 637 --

182 686 383 743 Σῶσόν
421 704 519 756 με,
568 686 693 757 ἄρτι
752 686 1109 758 διωκόμενον⁸
1167 687 1355 754 ῥῦσαι
1392 705 1490 756 με,
1545 687 1743 757 μηκέτι

181 781 266 833 ὑπ’
297 778 482 832 αὐτῶν
518 777 939 848 πολεμούμενον,
970 779 1081 830 Καὶ⁸
1107 779 1191 842 σὺ,
1222 772 1266 832 ὧ
1294 778 1743 848 προσφιλέστατε,

179 872 296 938 λέγε
318 870 408 925 ἀεὶ
438 869 518 939 τῷ
543 869 661 940 Θεῷ
695 870 1155 942 προσευχόμενος·
1179 872 1354 938 Κύριε
1386 873 1418 923 o'
1439 869 1582 935 Θεός
1605 887 1742 937 μου,

178 963 270 1015 ἐπὶ
300 961 403 1014 σοὶ
436 960 693 1027 ἤλπισα,
724 959 932 1015 σῶσόν
946 977 1023 1029 με
1045 976 1057 989 ο
1097 961 1183 1013 ἴνα
1212 977 1269 1014 σε
1303 961 1366 1013 ἐκ
1400 960 1618 1012 πάντων
1641 959 1747 1012 τῶν

178 1051 480 1105 διωκόντων
527 1048 779 1121 ῥύσηται.
823 1052 1002 1118 Κύριε
1050 1053 1083 1103 ὁ
1124 1053 1267 1115 Θεός
1303 1066 1447 1118 μου,
1494 1048 1594 1100 ἐπὶ
1647 1050 1747 1103 σοὶ

179 1137 431 1206 ἤλπισα,
460 1137 667 1193 σῶσόν
685 1155 782 1208 με.
813 1138 924 1191 Καὶ
960 1139 1105 1202 τίνες
1129 1140 1177 1191 oi
1200 1137 1519 1202 διώκοντεςς
1554 1136 1750 1207 Alcon.

178 1227 282 1290 τῶς
316 1228 416 1298 μὲν
450 1230 715 1299 αἰρετικοὶ
744 1227 839 1279 καὶ
874 1226 1073 1290 πάντες
1101 1229 1150 1281 υἱ
1178 1228 1403 1298 πονηροὶ
1430 1227 1524 1278 καὶ
1555 1225 1752 1295 βάσκα-

179 1334 256 1369 νοι
286 1316 592 1387 ἄνθρωποι·
628 1316 835 1387 νοητῶς
862 1316 918 1370 δὲ
950 1316 1233 1371 διώκουσιν
1269 1319 1302 1388 ή
1335 1315 1560 1386 πορνεία
1595 1316 1686 1369 καὶ
1715 1318 1748 1386 ἠ

181 1408 414 1476 μοιχεία,
447 1408 596 1479 καὶὴ
628 1408 889 1478 ἁμαρτία,
917 1409 1012 1462 καὶ
1038 1409 1071 1477 ή
1104 1407 1348 1461 ἀσέϐεια.
1388 1408 1452 1461 Εί
1489 1406 1562 1478 μὴ
1596 1406 1749 1460 ἐδίω-

178 1510 270 1546 κεν
295 1496 329 1564 ἡ
369 1495 606 1564 μοιχεία,
634 1496 727 1548 καὶ
750 1497 779 1548 6
808 1495 940 1557 Θεὸς
974 1494 1066 1547 τὸν
1090 1494 1418 1565 διωκόμενον
1453 1496 1517 1547 ἐκ
1546 1494 1749 1565 ταύτης

177 1584 388 1655 ἐρύετο,
423 1586 525 1637 οὐκ
551 1586 617 1639 ἂν
657 1587 686 1638 6
721 1585 1131 1656 Παροιμιαστὴς
1160 1585 1343 1652 ἔλεγεν
1365 1602 1377 1615 '
1413 1585 1563 1637 Εἰπὲ
1637 1583 1750 1652 τὴν

177 1677 398 1745 σοφίαν
434 1676 561 1744 σὴν
591 1675 867 1745 ἀδελφὴν
917 1671 1090 1739 εἶναι,
1130 1677 1229 1729 ἵνα
1251 1690 1325 1729 σε
1347 1676 1603 1743 ρύσητιιι
1631 1676 1746 1728 ἀπὸ

176 1766 463 1836 γυναικὸς
494 1768 815 1834 ἀλλοτρίας
834 1766 944 1842 ’καὶ
975 1765 1267 1833 πονηρᾶς·
1313 1765 1505 1836 ῥύεται·
1525 1756 1634 1835 γάρ
1664 1781 1747 1826 τις

174 1857 266 1909 τὸν
307 1856 659 1926 διωκόμενον.
694 1857 757 1909 Ei
912 1856 1188 1927 ἐδίωκενὴ
1226 1856 1428 1919 ἀδικία,
1468 1856 1567 1907 οὐκ
1609 1854 1674 1907 ἂν
1719 1854 1747 1905 6
1782 1839 1821 1892 Β

183 1947 482 2017 Προφήτης
528 1946 738 2014 ἔλεγεν⁸
788 1947 921 1999 Ἀπὸ
957 1946 1177 2014 ἀνδρὸς
1211 1945 1422 1999 ἀδίκου
1443 1944 1631 2013 ῥῦσαί
1649 1960 1744 2013 με.

177 2036 241 2088 El
272 2034 347 2105 μὴ
383 2035 606 2088 ἐδίωκεν
631 2037 658 2088 6
692 2036 870 2101 φόνος,
900 2037 1001 2088 οὐκ
1026 2036 1091 2089 ἂν
1119 2031 1299 2088 εἷπεψ
1353 2035 1561 2089 Ῥὗσαί
1582 2051 1657 2104 με
1683 2034 1750 2097 ἐξ

176 2126 462 2194 αἱμάτων,
550 2126 748 2196 Θεός,ι5
773 2126 917 2192 Θεὸς
939 2125 1048 2195 τῆς
1077 2128 1371 2195 σωτηρίας
1387 2144 1526 2194 μου.
1545 2125 1753 2179 Σῶσόν

176 2232 251 2281 με
280 2216 349 2267 ἐκ
395 2216 642 2269 πάντων
667 2215 788 2270 τῶν
816 2216 1147 2270 διωκόντων
1171 2234 1269 2285 με,
1312 2217 1409 2270 καί
1436 2216 1625 2284 ῥῦσαί
1655 2232 1750 2284 με.

178 2303 242 2355 Ei
280 2304 356 2373 μὴ
392 2302 614 2357 ἐδίωκεν
647 2306 679 2374 ἡ
718 2305 982 2375 ἁμαρτία,
1029 2306 1129 2358 οὐκ
1160 2306 1225 2359 ἂν
1254 2309 1285 2376 η
1317 2305 1505 2377 Γραφὴ
1532 2305 1606 2369 ὡς
1656 2306 1757 2375 μή·

178 2391 284 2461 ςήρ
310 2391 631 2463 ἐνουθέτησε
650 2410 664 2422 ·
702 2392 941 2456 Τέκνον,
966 2395 1047 2460 ὡς
1073 2393 1191 2447 ἀπὸ
1219 2393 1541 2461 προσώπου
1569 2394 1758 2463 ὄφεως

180 2484 334 2552 φύγε
360 2482 478 2536 ἀπὸ
510 2484 622 2552 τῆς
651 2485 956 2553 ἁμαρτίας.
989 2486 1051 2538 Et
1076 2486 1150 2556 μὴ
1182 2486 1403 2538 ἐδίωκον
1433 2487 1488 2538 αἱ
1519 2486 1757 2555 ἀνομίαι,

183 2574 280 2624 καὶ
313 2573 729 2644 κατελάμϐανον
750 2575 843 2629 τὸν
866 2575 1050 2646 ἀργῶς
1085 2575 1220 2642 πρὸς
1250 2576 1449 2645 ἀρετὰς
1477 2576 1759 2647 τρέχοντα,

187 2667 291 2718 οὐκ
314 2665 383 2718 ἂν
406 2668 434 2719 6
462 2666 626 2719 Aa6‘t6
653 2666 860 2735 ἔλεγεν,
885 2668 966 2719 ὃτι
992 2667 1336 2720 Κατέλαϐόν
1350 2684 1426 2735 με
1444 2669 1503 2720 αἱ
1528 2667 1765 2735 ἀνομίαι

184 2774 330 2826 μου,
356 2756 458 2809 καὶ
483 2760 595 2811 οὐκ
617 2758 932 2825 ἠδυνήθην
952 2758 1059 2811 τοῦ
1077 2756 1353 2821 βλέπειν.
1383 2758 1566 2822 Θέλεις
1588 2757 1765 2821 καλῶς

190 2843 411 2913 φεύγων
450 2845 524 2915 μὴ
570 2846 983 2916 καταληφθῆναι
1028 2847 1132 2899 ὑπὸ
1181 2846 1288 2899 τῶν
1336 2847 1550 2911 κακῶν;
1604 2847 1766 2915 Λέγει

189 2952 275 2987 σοι
304 2939 337 3006 ἡ
367 2937 557 3007 Γραφή
580 2955 593 2967 ·
622 2937 720 3005 Μὴ
753 2938 910 2991 ποίει
934 2938 1108 3001 κακὰ,
1142 2939 1240 2993 καί
1265 2941 1335 2990 οὐ
1369 2937 1454 3004 μή
1492 2952 1566 2991 σε
1592 2954 1768 2990 κατα-

188 3029 347 3096 λάϐῃ
399 3027 575 3080 κακά.
622 3028 840 3097 Ἐπειδὴ
883 3029 991 3097 γάρ
1032 3030 1179 3081 ἐστιν
1231 3029 1444 3099 πνεῦμα
1491 3029 1766 3099 πορνείας,

189 3118 289 3171 καὶ
341 3117 563 3187 πνεῦμα
615 3118 895 3199 μοιχείας·
949 3118 1163 3189 πνεῦμα
1211 3120 1486 3190 πορνείας,
1529 3121 1657 3191 περὶ
1706 3113 1767 3172 οὗ

1272 469 1279 475 ¹
1330 388 1611 446 llOMlLlA
1651 389 1790 443 XXI.
1832 388 1896 443 ΙΝ
1935 388 2123 446 PSAL.
2156 389 2265 444 VII.

1179 535 1243 544 --
1297 503 1504 558 Σὼσόν
1542 522 1618 573 με
1673 505 1741 557 ἐκ
1771 510 1816 567 Λ
1846 506 1937 558 bus
1957 508 2380 576 persequentibus
2403 522 2502 570 me,
2524 518 2570 560 et
2594 506 2755 561 libera
2786 523 2882 560 me.
2920 505 3174 560 «Saluum
3195 518 3273 556 nte
3304 505 3407 571 fur,

3306 387 3411 444 4170

1847 609 2005 663 quem
2060 598 2219 650 modo
2252 595 2618 664 insectantur;
2674 598 2837 651 libera
2884 613 2996 664 me,
3042 597 3131 665 qui
3178 597 3441 652 nonduuu

1849 686 1914 738 ah
1943 685 2045 739 illis
2072 686 2367 740 debellatus
2400 701 2540 740 sum.
2587 687 2651 740 Et
2694 698 2770 751 tu,
2816 702 2849 741 o
2875 685 3213 746 charissimc,
3250 682 3413 736 dicito

1849 789 2058 843 semper
2092 778 2201 832 Deo
2244 778 2294 831 in
2328 778 2576 847 precibus
2614 794 2628 832 :
2662 779 2891 833 Domine‘
2918 777 3058 831 Deus
3090 791 3255 838 meus,
3286 775 3337 826 in
3367 784 3414 825 te

1848 869 2084 934 speravi;
2115 869 2312 923 salvum
2339 886 2419 924 me
2457 870 2542 937 fac
2575 884 2592 923 :
2625 885 2731 939 quo
2759 880 2809 924 te
2847 871 2915 924 ab
2953 868 3201 923 omnibus
3227 878 3411 933 persc-

1849 957 2136 1026 qrentibus
2162 958 2371 1014 liberet.
2397 961 2613 1014 Domine
2648 960 2784 1014 Deus
2824 976 2987 1024 meus,
3016 960 3073 1011 in
3110 968 3158 1011 te
3189 955 3412 1016 speravi,

1850 1048 2049 1100 saluum
2080 1065 2160 1102 me
2192 1051 2298 1117 fac.
2335 1050 2560 1115 Quinam
2597 1049 3033 1119 persequuntur?
3082 1045 3417 1103 Sensihilitcr

1850 1136 2062 1203 quidem
2100 1138 2358 1202 lueretici,
2405 1154 2701 1209 omnesque
2749 1138 2872 1192 n=ali
2923 1152 2986 1191 ac
3038 1135 3202 1190 invidi
3246 1132 3415 1188 homi-

1852 1241 1982 1291 nes;
2040 1228 2448 1298 intelligibiliter
2494 1245 2620 1285 vero
2659 1236 3055 1300 persequuntur
3110 1224 3413 1279 furuicatio.

1852 1316 2194 1382 adulterium,
2235 1332 2534 1388 peceatum,
2564 1321 2832 1389 impietas.
2867 1318 2975 1373 Nisi
3006 1322 3419 1386 persequeretur

1853 1408 2106 1473 moeehia,
2137 1422 2191 1464 et
2216 1411 2356 1466 Deus
2384 1413 2759 1483 persecutione
2793 1420 3044 1465 vexatum
3072 1422 3134 1463 ex
3163 1421 3225 1461 ea
3248 1405 3423 1485 eripe—

1854 1508 1971 1562 ret,
2038 1497 2451 1555 Proveihiorum
2518 1512 2705 1557 auctor
2779 1515 2883 1553 non
2945 1497 3250 1567 scripsisset
3279 1486 3303 1549 ε’
3326 1493 3421 1548 Dic

1850 1589 2165 1655 sapientium
2221 1602 2364 1643 tuam
2397 1609 2627 1645 sororem
2671 1607 2800 1654 esse,
2842 1600 2896 1641 ut
2937 1598 2984 1641 te
3023 1588 3207 1653 eripiat
3243 1601 3273 1637 a
3308 1599 3424 1635 mu-

1850 1678 1977 1731 liere
2021 1679 2192 1732 aliena
2226 1691 2274 1734 et
2322 1683 2463 1734 mala
2512 1682 2555 1713 ³⁷
2589 1700 2601 1733 :
2633 1682 2793 1749 eripit
2839 1679 2980 1734 enim
3017 1676 3138 1744 quis
3172 1690 3295 1729 eum
3334 1688 3428 1742 qui

1854 1768 2283 1831 persecutionem
2308 1771 2527 1838 patitur.
2556 1769 2665 1823 Nisi
2704 1778 3119 1837 persequeretur
3146 1761 3427 1832 iniquitas,

1852 1869 1954 1908 non
1994 1857 2216 1912 dixisset
2248 1860 2511 1928 Pr0pheta
2544 1879 2556 1913 :
2588 1861 2629 1911 A
2678 1860 2788 1913 viro
2834 1860 3013 1926 iniquo
3046 1858 3185 1922 eripe
3230 1870 3310 1908 me
3358 1852 3423 1911 ³⁸.

1851 1942 1906 1997 Si
1945 1962 2051 1998 non
2100 1959 2514 2017 persequeretur
2547 1950 2755 2014 caedes,
2807 1965 2911 2003 non
2969 1947 3374 2017 pronuntiasset
3412 1962 3425 1995 :

1850 2033 2037 2087 Libera
2062 2053 2140 2090 me
2170 2039 2233 2090 de
2261 2040 2627 2109 sanguinibus,
2658 2037 2957 2105 Deus,Deus
2981 2037 3170 2091 salutis
3194 2051 3316 2088 mea:
3348 2035 3394 2065 “
3413 2072 3425 2084 .

1853 2124 2066 2179 Salvum
2114 2141 2192 2178 me
2237 2127 2321 2193 fac
2364 2143 2428 2180 ea:
2470 2127 2728 2179 omnibus.
2764 2124 3185 2194 persequentibus
3243 2138 3342 2185 nte,
3383 2135 3428 2173 et

1854 2213 2014 2265 libera
2052 2229 2150 2267 me.
2194 2211 2305 2266 Nisi
2338 2214 2767 2281 persecutionem
2800 2213 3099 2266 concitaret
3129 2218 3428 2279 peccatum,

1857 2318 2127 2370 nunquam
2162 2304 2441 2373 Scriptura
2471 2303 2614 2358 velut
2649 2312 2820 2357 mater
2876 2302 3275 2355 admonuisset:
3302 2296 3431 2352 Fili.

1856 2395 2006 2463 quasi
2033 2411 2065 2449 a
2103 2397 2237 2464 {acie
2264 2396 2466 2449 colubri
2491 2398 2612 2465 fuge
2639 2413 2669 2448 α
2695 2405 2904 2462 peccato
2940 2389 3152 2446 “.Nisi
3192 2392 3434 2456 inseque-

1864 2496 2048 2540 rentur
2112 2488 2379 2541 hominem
2430 2488 2742 2555 iniquitates
2794 2496 2848 2540 et
2916 2480 3430 2552 comprehenderent

1864 2593 1983 2633 cum
2016 2579 2105 2648 qui
2137 2578 2372 2647 segniter
2408 2578 2475 2631 ad
2527 2580 2758 2631 virtutes
2793 2578 2994 2645 pergit,
3034 2588 3136 2627 non
3167 2572 3281 2624 inec
3312 2584 3434 2638 pro,

1867 2669 2076 2724 tulisset
2092 2669 2263 2739 David
2285 2687 2297 2722 :
2321 2668 2833 2736 Comprelientlerunt
2858 2681 2937 2717 me
2963 2663 3267 2731 iniquitates
3285 2674 3436 2715 mea'.

1865 2771 1912 2815 et
1948 2776 2049 2813 non
2078 2762 2224 2830 potui
2250 2769 2305 2813 ut
2333 2760 2558 2814 viderem
2604 2758 2671 2815 “.
2703 2754 2867 2812 Visne
2900 2754 3156 2823 prmclare
3187 2749 3438 2819 fugiendo

1870 2864 1972 2903 non
2013 2848 2396 2917 comprehendi
2447 2863 2477 2901 a
2531 2843 2718 2899 malis?
2770 2844 2934 2898 Docet
3001 2854 3051 2895 te
3109 2841 3433 2908 Scriptura:

1872 2936 2001 2991 Noli
2035 2939 2209 3006 facere
2237 2938 2411 3001 mala;
2458 2948 2504 2991 et
2536 2953 2639 2991 non
2679 2946 2727 2989 te
2770 2932 3151 3003 appro/tendent
3194 2929 3334 2982 maia
3371 2926 3433 2978 ⁸³.

1873 3027 2317 3098 Quandoquidem
2372 3028 2516 3082 enim
2553 3036 2636 3081 est
2686 3027 2911 3096 spiritus
2947 3021 3341 3082 fornicationis,
3388 3030 3438 3069 ιιι

1876 3120 2094 3187 spiritus
2155 3117 2693 3188 mtechiaazsmritus
2748 3114 3150 3175 fornicationis,
3208 3111 3276 3164 de
3333 3125 3439 3177 quo

202 3207 365 3277 Ὠσηέ
397 3183 583 3276 λέγει’
616 3183 937 3277 iur-stipare
982 3183 1264 3278 πορνείας
1286 3183 1727 3279 ’ἐπλανήθησαν
1749 3228 1762 3241 ο

1872 3210 2009 3266 Osee
2033 3212 2146 3265 ait:
2178 3209 2382 3279 Spiritu
2439 3210 2800 3279 {ornicationis
2832 3208 3032 3261 seducti
3073 3217 3190 3258 sunt
3223 3204 3298 3270 ⁶⁸;
3332 3204 3441 3271 ερξο

190 3298 418 3371 πνεῦμα
464 3299 744 3369 μοιχείαςο
773 3298 883 3352 Καὶ
923 3299 1280 3368 ἐμοίχευσεν
1324 3298 1431 3353 τὸν
1458 3300 1631 3355 λίθον
1667 3301 1767 3353 καὶ

189 3390 259 3445 τὸ
296 3390 520 3457 ξύλον,
561 3389 649 3443 διὰ
679 3389 748 3442 τὰ
782 3392 841 3444 ἐν
886 3390 1070 3453 αὐτοῖς
1105 3385 1411 3461 ὀρχούμενα
1445 3390 1733 3461 πνεύματα
1753 3408 1765 3420 '

191 3482 293 3533 καὶ
328 3478 547 3551 πνεῦμα
581 3479 962 3549 φιλαργυρίας,
1012 3480 1073 3532 τὸ
1121 3479 1306 3547 λέγον·
1359 3481 1549 3535 Ταῦτα
1578 3481 1771 3535 πάντα

192 3586 299 3625 σοι
325 3571 518 3635 δώσω,
551 3570 660 3624 ἐὰν
688 3570 894 3624 πεσὼν
927 3569 1363 3639 προσκυνήσῃς
1391 3587 1512 3640 μοι·
1544 3571 1773 3624 ἕκαστον

192 3662 308 3719 τῶν
341 3660 595 3731 πονηρῶν
628 3660 953 3731 πνευμάτων
989 3661 1078 3713 ἀεὶ
1118 3659 1469 3731 ἐπιτηροῦσιν
1501 3660 1601 3729 τὴν
1645 3660 1775 3713 sxa-

197 3768 327 3805 στου
355 3751 473 3806 ὁδόν
493 3768 508 3782 ·
544 3753 639 3805 καὶ
670 3752 862 3804 ὁποίαν
891 3752 969 3813 είς
1002 3751 1120 3803 ὁδὸν
1154 3751 1427 3823 ἁμαρτίας
1454 3750 1682 3815 νεύσεις,
1715 3753 1776 3804 τὸ

197 3843 423 3913 πνεῦμα
441 3844 542 3913 τῆς
570 3842 848 3913 ἁμαρτίας
876 3843 1052 3895 ἐκεῖνό
1085 3860 1143 3895 σε
1169 3840 1352 3895 διώκει
1376 3842 1469 3894 καὶ
1498 3843 1776 3914 συντρέχει

195 3933 279 4004 τῷ
316 3934 702 4004 ἁμαρτάνοντι.
756 3931 818 3984 '0
860 3932 1061 3994 Ἰούδας
1099 3933 1190 3984 ἐπὶ
1220 3932 1581 4003 φιλαργυρίαν
1613 3932 1776 3985 ὥδευ-

199 4042 319 4085 σεν,
348 4027 442 4078 καὶ
470 4028 499 4077 ὁ
541 4024 784 4088 διάϐολος
812 4024 960 4095 αὑτῷ
1003 4023 1090 4077 διὰ
1116 4023 1475 4095 φιλαργυρίας
1515 4025 1613 4095 τὴν
1644 4042 1778 4097 προ-

196 4114 385 4167 δοσίαν
406 4113 655 4168 ἐνέϐαλεν
675 4131 697 4144 ’π
739 4114 850 4168 Τοῦ
881 4112 1165 4168 διαϐόλου
1194 4112 1309 4181 ἤδη
1321 4114 1716 4182 ἐμϐεϐηκότος
1733 4113 1779 4145 ³⁸

208 4204 304 4268 εις
360 4202 475 4269 τὴν
502 4201 781 4279 θιαρδίαν
823 4200 1009 4254 Ἰούδα
1073 4200 1339 4267 Σίμωνος
1379 4200 1779 4266 Ἰσκαριώτου,

199 4293 309 4347 ἵνα
350 4293 539 4347 αὑτὸν
586 4290 851 4361 παραδῷ.
900 4292 989 4353 Ὠς
1024 4289 1135 4360 γὰρ
1167 4289 1280 4361 ἐὰν,
1303 4290 1431 4360 περὶ
1466 4290 1781 4358 φιλοσοφίαν

200 4384 541 4455 ἀσχοληθῇς,
593 4385 623 4435 6
665 4382 955 4451 φιλόσοφος
1003 4381 1339 4452 συμπράττει
1390 4397 1494 4445 σοι,
1546 4381 1639 4433 καὶ
1688 4381 1782 4434 ἐὰν

1873 3303 2010 3357 ritus
2038 3302 2281 3356 mtechiat
2305 3320 2318 3355 :
2349 3302 2417 3354 Et
2447 3303 2697 3355 nitechata
2728 3312 2800 3354 est
2829 3298 3050 3366 lapidem
3074 3308 3119 3353 et
3148 3294 3437 3365 lignum“;

1873 3399 2090 3459 propter
2136 3391 2361 3460 spiritus
2408 3391 2497 3459 qui
2543 3393 2595 3443 in
2634 3390 2739 3443 illis
2793 3389 3051 3442 insultant
3082 3406 3093 3440 :
3126 3395 3180 3439 et
3224 3386 3444 3454 spiritus

1875 3481 2132 3543 avaritiaz,
2161 3480 2252 3550 qui
2281 3479 2415 3535 dicit
2447 3500 2459 3535 :
2488 3468 2617 3535 Hicce
2653 3481 2833 3533 omnia
2860 3479 2957 3532 tibi
2986 3479 3142 3542 dabo,
3178 3478 3222 3531 si
3252 3476 3441 3529 cadens

1876 3571 2176 3625 adoraveris
2208 3588 2286 3626 me
2318 3573 2364 3604 "
2393 3591 2405 3625 :
2434 3572 2629 3642 singuli
2662 3572 2922 3625 malorum
2970 3571 3251 3638 spirituum
3305 3582 3443 3622 sem-

1876 3674 1973 3729 per
2003 3661 2262 3731 cujusque
2302 3662 2530 3715 hominis
2578 3662 2717 3715 viam
2749 3661 3043 3715 observant
3072 3679 3085 3713 :
3120 3669 3173 3714 et
3214 3659 3278 3712 ad
3314 3674 3446 3727 qna—

1878 3754 2197 3824 lemcunque
2245 3756 2451 3824 peccati
2494 3756 2633 3809 viam
2685 3771 2897 3833 vergas,
2947 3756 3168 3825 spiritus
3204 3756 3290 3809 ille
3325 3771 3447 3825 pen

1879 3843 1984 3897 cati
2018 3852 2069 3897 te
2102 3844 2457 3912 persequitur,
2485 3846 2863 3913 concurritque
2887 3845 3150 3912 peccanti.
3187 3843 3353 3899 Judas
3381 3848 3445 3898 ad

1880 3934 2161 3987 avaritiam
2193 3935 2439 3997 tetendit,
2469 3944 2522 3987 et
2552 3934 2797 3989 diabolus
2829 3934 2877 3988 ei
2907 3949 3001 4003 per
3033 3934 3312 3987 avaritiam
3341 3936 3412 3989 im

1882 4024 2026 4079 misit
2052 4024 2411 4092 proditionem
2444 4044 2456 4078 :
2490 4026 2621 4079 Cum
2649 4025 2889 4079 diabolus
2913 4026 3026 4096 jam
3056 4026 3353 4080 immisisset
3396 4027 3448 4078 in

1882 4131 1972 4168 cor
2002 4113 2161 4169 Iuda:
2211 4113 2438 4170 Simonis
2487 4115 2782 4182 Iscariotte,
2837 4127 2892 4169 ut
2945 4117 3172 4171 traderet
3227 4134 3342 4170 eum
3373 4117 3442 4169 ⁸⁸.

1886 4203 2036 4257 Sicut
2059 4204 2203 4257 enim
2234 4204 2277 4258 si
2306 4206 2586 4274 occuperis
2608 4205 2747 4260 circa
2774 4206 3189 4275 pliilOSOphiam,
3215 4208 3451 4278 philoso-

1884 4296 2022 4363 phus
2050 4294 2264 4363 adjuvat
2301 4304 2381 4361 te;
2426 4297 2468 4349 si
2502 4295 2644 4350 circa
2680 4298 2967 4364 poeticam,
3001 4308 3191 4371 poeta;
3235 4299 3279 4352 si
3304 4299 3449 4353 circa

1887 4385 2364 4451 architectonicen,
2417 4388 2743 4442 architectus
2780 4406 2791 4441 :
2827 4389 2897 4441 ita
2947 4390 2989 4443 si
3033 4383 3365 4458 propendeas
3398 4391 3448 4443 iu

202 4476 338 4546 περὶ
372 4472 661 4543 ποιητικὴν
690 4474 725 4532 ό
752 4470 1001 4541 ποιητὴς,
1042 4470 1136 4523 καὶ
1177 4470 1270 4531 ἐὰν
1303 4470 1431 4541 περὶ
1466 4469 1781 4538 τεκτονικὴν

1847 4512 1856 4551 ,
1891 4476 2321 4541 fornicationem,
2364 4478 2587 4545 spiritus
2614 4479 2989 4534 fornicationis
3014 4482 3291 4535 concurrit
3320 4481 3409 4533 tibi
3435 4498 3447 4541 ;

201 4571 230 4621 6
258 4566 467 4619 τέκτων
483 4582 497 4595 ·
515 4563 687 4627 οὕτως
703 4563 797 4616 ἐὰν
821 4564 950 4634 περὶ
974 4562 1229 4633 πορνείαν
1245 4561 1460 4631 νεύσῃς,
1486 4560 1545 4613 τὸ
1565 4560 1780 4631 πνεῦμα

202 4657 309 4727 τῆς
347 4656 603 4725 πορνείας
640 4654 921 4724 συντρέχει
956 4670 1037 4705 σοι
1060 4670 1073 4683 ’
1121 4651 1215 4704 ἐὰν
1267 4652 1393 4720 περῖ⁹
1426 4650 1777 4721 ζηλοτυπίαν,

203 4746 268 4798 τὸ
304 4744 525 4815 πνεῦμα
548 4744 647 4813 τῆς
664 4742 991 4813 ζηλοτυπίας
1036 4741 1262 4794 ἀνάπτει
1288 4757 1365 4793 σε.
1399 4739 1557 4801 Ἐὰν,
1596 4741 1780 4809 φησὶν,

206 4837 456 4904 γένηται
484 4835 638 4904 γυνὴ
667 4832 1175 4902 ζηλοτυπουμένη.
1205 4832 1302 4885 καὶ
1328 4833 1474 4899 ἔλθῃ
1506 4829 1585 4896 τῷ
1613 4831 1784 4899 ἀνδρὶ

205 4926 403 4995 αὐτῆς
430 4927 667 4996 πνεῦμα
706 4925 1031 4993 ζηλώσεως.
1074 4926 1199 4977 Ἐὰν
1225 4925 1281 4978 δὲ
1314 4924 1440 4994 περὶ
1468 4923 1786 4992 φιλοσοφίαν

206 5020 465 5090 οὐράνιον
508 5018 621 5088 (57)
646 5017 967 5090 άνανεύσῃς,
1008 5017 1067 5070 τὺ
1102 5017 1315 5087 πνεῦμα
1349 5016 1449 5084 τῆς
1483 5016 1673 5084 σοφίας
1707 5032 1787 5067 σοι

208 5107 650 5162 ἐπαναπαύεται·
682 5106 776 5160 ἐὰν
806 5110 932 5177 περὶ
960 5107 1195 5170 σύνεσιν,
1227 5107 1287 5159 τὸ
1311 5104 1526 5174 πνεῦμα
1542 5105 1639 5173 τῆς
1665 5122 1787 5156 συν⁹

208 5198 402 5260 έσεως.
453 5196 564 5250 Καὶ
637 5198 1161 5263 ἐπαναπαύσεται,
1213 5196 1408 5266 φησιν,
1462 5194 1554 5246 ἐπ’
1603 5196 1789 5275 αὐτὸν

1888 4568 1930 4620 si
1965 4567 2015 4620 iu
2047 4568 2389 4637 zelotypiam,
2419 4569 2640 4637 spiritus
2681 4570 2955 4640 zelotypiae
3005 4571 3237 4624 incendit
3265 4580 3334 4627 te.
3368 4569 3447 4631 Si,

1890 4658 2080 4728 inquit,
2113 4660 2300 4713 mulier
2327 4676 2417 4729 per
2463 4661 2768 4729 zelotypiam
2809 4668 3044 4728 suspecta
3082 4660 3236 4729 fuerit
3282 4662 3448 4725 impu-

1892 4748 2104 4811 dicitiae,
2130 4765 2192 4801 ac
2219 4750 2407 4802 venerit
2425 4750 2537 4803 uiro
2553 4748 2664 4815 ejus
2685 4748 2894 4815 spiritus
2919 4747 3184 4815 zelotypia:
3210 4745 3275 4799 ⁸⁷ε.
3302 4745 3449 4811 Quod

1891 4841 1935 4893 si
1965 4840 2031 4893 ad
2079 4840 2369 4909 cmleslem,
2409 4828 2799 4908 philosophiam
2848 4837 3194 4907 suspexeris,
3237 4837 3455 4904 spiritus

1891 4932 2170 5000 sapientia:
2216 4932 2503 5000 requiescit
2548 4945 2709 5001 super
2763 4941 2843 4997 te;
2891 4931 2934 4984 si
2983 4930 3047 4983 ad
3102 4928 3452 4982 intellectum.

1895 5015 2119 5091 spiritus
2154 5022 2476 5076 intellectus.
2512 5022 2576 5075 Et
2603 5022 2897 5090 requiescet,
2939 5021 3131 5087 inquit,
3158 5034 3311 5086 super
3338 5034 3455 5071 eum

1893 5113 2106 5178 spiritus
2154 5113 2424 5180 sapientia:
2466 5123 2511 5164 et
2556 5111 2867 5175 intellectus,
2920 5110 3134 5177 spiritus
3178 5107 3380 5161 consilii
3410 5118 3454 5157 et

1894 5202 2237 5269 fortitudinis,
2299 5203 2509 5270 spiritus
2565 5201 2793 5255 scientia:
2834 5210 2881 5252 et
2942 5200 3180 5267 pietatis;
3244 5197 3457 5253 spiritus

284 5336 333 5367 ³⁸
347 5334 516 5406 Forte
541 5334 956 5406 ἐμϐεϐληκότος.
1017 5336 1058 5406 f7
1088 5336 1247 5390 Prov.
1278 5351 1377 5406 vn.
1401 5334 1455 5406 4.
1490 5336 1533 5406 ’ξ’
1554 5335 1691 5389 Psal.
1720 5351 1783 5389 cx

1847 5354 1939 5399 ns,
1965 5334 2018 5406 2-
2043 5334 2102 5406 _'_’
2126 5333 2263 5388 Psal.
2292 5350 2343 5395 L,
2375 5332 2457 5406 l6.
2501 5333 2553 5406 ἔξ
2579 5330 2949 5406 lic-elisam}.
3014 5330 3068 5406 ,ξ’
3093 5328 3243 5406 _l_‘sa|.
3271 5340 3456 5406 suis.

216 5406 305 5461 l3.

288 5535 405 5607 (57)
474 5537 849 5607 Φιλοσοφίαν
919 5538 1217 5607 οὐράνιον.
1303 5535 1501 5607 Nomen
1570 5538 1784 5604 φιλοσο-

212 5605 353 5674 φίας
388 5616 451 5658 et
490 5606 861 5674 philosophias.
900 5609 965 5662 de
990 5605 1197 5674 pietate
1246 5614 1298 5660 et
1338 5605 1596 5672 religione
1636 5623 1791 5659 usur-

211 5683 351 5742 pant
376 5682 485 5726 tam
522 5675 684 5744 sacri,
715 5691 877 5744 quam
900 5678 1106 5744 profani
1143 5678 1454 5743 scriptores.
1483 5685 1539 5726 ut
1564 5693 1590 5727 u
1620 5676 1792 5730 doctis

212 5743 357 5796 viris
388 5757 529 5809 saepe
568 5743 667 5797 fuit
704 5743 1084 5803 observatum;
1120 5755 1171 5798 et
1202 5744 1661 5815 philosouhiarum
1700 5760 1791 5798 seu

390 5404 435 5435 η
476 5396 638 5459 ΕεέΙί.
667 5396 776 5469 vn,
807 5407 858 5462 l.
920 5396 976 5437 ’⁸⁸
1000 5405 1123 5461 Ose.
1158 5421 1230 5471 tv,
1264 5404 1342 5458 I2.
1421 5404 1466 5435 “
1503 5404 1698 5459 Jerem.
1732 5421 1809 5469 ιιι,
1838 5408 1890 5461 9.
1929 5396 1935 5399 ’
1969 5404 2011 5434 ⁸³
2043 5402 2224 5457 Matth.
2263 5419 2333 5466 IV,
2368 5404 2419 5459 9‘.
2498 5402 2542 5433 “
2568 5401 2721 5455 Joau.
2757 5398 2933 5463 xui,2.
3013 5399 3054 5428 ⁸⁷
3091 5398 3243 5449 Num.
3285 5412 3336 5459 ν,
3370 5396 3455 5446 Μ.

1896 5548 2161 5593 sectarum
2224 5536 2563 5591 Judaiearum
2617 5535 2817 5586 metitio
2871 5533 2928 5586 lit
2990 5546 3082 5599 per
3133 5529 3457 5597 Joscphum;

1898 5611 2037 5674 apud
2070 5623 2227 5674 quem
2260 5609 2323 5659 ad
2358 5607 2513 5659 tinem
2541 5620 2658 5671 cap.
2689 5603 2745 5665 2,
2782 5602 2873 5654 lih.
2916 5617 3040 5655 xt'tu
3088 5601 3338 5668 .‘lntiquit.
3370 5615 3459 5667 φι-

1899 5678 2140 5746 λοσόφων
2178 5677 2312 5729 male
2341 5675 2538 5731 editqu
2568 5683 2863 5744 comparet.
