4216 6324
189 380 285 443 477
1440 392 1786 448 APPENDIX
1830 394 1920 448 AD
1962 397 2334 455 ASTERIUM.

3329 401 3430 456 478

190 503 620 572 μαρτυροῦμεν.
667 504 880 566 Εὐθέως
929 508 962 574 ἡ
1015 505 1316 560 Σουσάνναο
1352 509 1526 575 Κύριε
1560 514 1591 563 ό
1626 510 1768 574 Θεός

1879 529 2053 569 sermo
2092 518 2319 572 veritate
2353 519 2576 582 nitatur,
2615 520 2774 574 audi:
2819 518 3175 583 Exclamavit,
3222 519 3430 587 inquit:

192 589 373 653 μου,εί
402 587 667 654 ἐποίησα
690 587 886 642 τοῦτο.
905 589 965 650 Εἰ
989 590 1240 661 ἀληθεύει
1260 594 1436 656 πολιὰ,
1465 595 1558 648 καὶ
1578 595 1766 663 νεότης

192 678 505 746 σφάλλεται.
543 678 650 731 Καὶ
681 679 762 732 δτι
796 678 998 751 ἀληθὴς
1045 683 1072 733 6
1120 681 1293 750 λόγος,
1329 682 1591 737 ἄκουσον·
1635 684 1768 738 Ἀν-

190 770 463 836 adducar,
493 769 679 838 φησὶν,
710 771 746 838 ἠ
786 770 1125 839 Σουσάννα,
1169 774 1267 829 καὶ
1300 775 1770 840 ἀναστενάξασα

191 856 354 913 εἶπεν
372 877 386 889 ·
416 861 478 913 Ὀ
499 859 642 926 Θεὸς
662 864 695 914 ό
709 859 960 930 αἰώνιος,
980 865 1012 916 ό
1034 865 1152 918 τῶν
1174 865 1452 932 κρυπτῶν
1472 865 1764 935 γνώστης,

192 955 222 1004 d
249 951 423 1017 εἰδὼς
455 953 529 1005 τὰ
553 952 748 1007 πάντα
775 954 919 1021 πρὶν
968 955 1285 1025 γεγέσεως,
1311 957 1391 1010 σὺ
1421 958 1764 1022 ἐπίστασαι,

192 1041 276 1094 ὅτι
310 1042 515 1110 ψευδῆ
536 1060 657 1110 μου
683 1045 1236 1115 καταμαρτυροῦσιν
1260 1061 1272 1074 ⁸
1330 1048 1428 1101 καὶ
1460 1047 1587 1102 ἰδοὺ
1621 1049 1768 1102 ἀπο-

192 1133 436 1198 θνήσκω
486 1137 572 1205 μὴ
614 1137 925 1205 ποιήσασα
959 1140 1183 1208 μηδέν.
1210 1171 1279 1180 -
1309 1145 1482 1211 Κύριε
1532 1147 1565 1198 ό
1627 1145 1769 1210 Θεός

192 1244 322 1293 μου,
353 1231 406 1280 ει
438 1229 696 1297 ἐποίησα
719 1231 913 1285 τοῦτο.
943 1232 1095 1285 Ἐπεὶ
1124 1228 1215 1287 οὖν
1244 1235 1276 1305 ἡ
1309 1237 1644 1304 συκοφαντία
1671 1237 1770 1308 τὴν

191 1317 483 1388 τυραννίδα
531 1320 821 1386 ὲνδέδυται,
872 1324 966 1376 καὶ
1021 1325 1317 1396 ἀναπτεροῖ
1369 1327 1628 1391 πολλάκις
1673 1329 1770 1394 τὰς

192 1411 298 1463 τῶν
332 1411 542 1466 πολλῶν
571 1414 756 1479 ἀκοάς,
789 1415 883 1469 ἐὰν
919 1420 1354 1491 συκοφαντηθῇς,
1387 1421 1574 1494 ἐπειδὴ
1610 1422 1769 1491 μόνος

191 1506 377 1556 πεῖσαι
410 1505 618 1569 πάντας
654 1508 755 1560 οὐκ
789 1509 1015 1579 ίσχύεις,
1045 1511 1179 1580 ἄφες
1209 1513 1442 1578 πάντας,
1479 1515 1573 1568 καὶ
1593 1516 1767 1586 δράμε

192 1595 328 1664 πρὸς
355 1597 446 1648 τὸν
480 1597 658 1667 μόνον.
692 1601 785 1652 καὶ
818 1601 1070 1674 μάρτυρα
1094 1604 1257 1658 αὐτὸν
1284 1605 1385 1674 τῆς
1410 1608 1508 1676 σῆς
1535 1606 1768 1678 άθωότη-

1864 605 2111 660 Susanna
2140 651 2153 672 ,
2205 620 2250 662 et
2295 610 2637 679 ingemiscens
2689 611 2822 663 dixit
2871 610 2959 661 ⁵⁸ε
3016 609 3153 662 Deus
3201 617 3389 660 a‘terne
3417 645 3432 671 ,

1864 699 1951 766 qui
1995 698 2421 754 abscu'nditarum
2448 717 2499 754 es
2527 703 2779 769 coynilor,
2821 702 2910 771 qui
2952 702 3089 753 nosti
3132 700 3306 752 omnia
3341 716 3436 750 an-

1868 801 2073 862 tequam
2115 794 2280 861 ﬁant,
2328 805 2384 848 lu
2428 796 2530 848 scis
2572 796 2814 865 quoniam
2857 795 3052 863 falsum
3084 793 3435 848 testimonium

1867 882 2040 950 ferunt
2067 890 2249 937 contra
2287 902 2410 950 me;
2439 895 2485 939 et
2530 901 2643 939 ecce
2680 886 2900 949 morior,
2957 902 3073 938 cum
3130 883 3259 938 nihil
3302 882 3430 951 {ece-

1869 975 1986 1028 rim.
2011 1003 2076 1012 —
2102 973 2318 1028 Domine
2349 975 2488 1030 Deus
2524 992 2688 1040 meus,
2722 976 2766 1028 si
2797 975 2898 1044 feci
2927 976 3086 1028 istud.
3118 975 3281 1044 igitur
3310 972 3437 1041 quia

1870 1065 2138 1120 calumnia
2179 1067 2522 1136 tyrannidem
2546 1069 2750 1130 induit,
2787 1083 2851 1122 ac
2903 1080 3272 1133 saepenumero
3304 1078 3436 1118 con-

1871 1155 2002 1211 citat
2032 1156 2321 1210 multorum
2351 1171 2510 1211 aures
2538 1176 2551 1224 ;
2584 1158 2628 1212 si
2659 1157 2982 1211 calumniam
3012 1170 3207 1225 passus
3238 1154 3402 1207 fueris
3422 1191 3437 1215 ,

1872 1246 2304 1316 quandoquidem
2347 1248 2491 1302 solus
2538 1247 2793 1302 omnibus
2835 1245 3165 1315 persuadere
3201 1257 3305 1296 non
3339 1256 3438 1292 va-

1869 1337 1976 1402 les,
2015 1337 2197 1406 linque
2230 1354 2446 1405 omnes,
2482 1349 2535 1393 et
2571 1339 2637 1392 ad
2668 1339 2839 1393 solum
2869 1353 3063 1402 curre;
3097 1347 3330 1402 eumque
3365 1340 3440 1384 te-

1870 1439 2007 1484 stem
2041 1429 2364 1484 innocentiae
2390 1440 2493 1488 tuae
2525 1431 2569 1483 si
2598 1430 2878 1485 vocaveris
2899 1468 2915 1492 ,
2948 1427 3189 1482 invenies
3213 1416 3441 1479 succur-

1869 1529 2076 1574 reutem
2098 1520 2215 1583 tibi,
2236 1530 2292 1574 ut
2307 1520 2568 1574 Susanna:
2603 1519 2928 1588 aclosepho.
2949 1518 3025 1572 Illi
3052 1517 3298 1572 convenit
3320 1515 3441 1582 glo-

1869 1609 1970 1666 ria.
1992 1609 2165 1662 honor
2193 1618 2246 1664 et
2283 1609 2549 1676 adoratio,
2577 1609 2628 1662 in
2655 1608 2852 1662 saecula
2876 1605 3216 1662 saeculorum.
3247 1605 3437 1656 Amen.

193 1705 278 1752 τος
302 1690 504 1756 καλῶν,
541 1694 794 1764 εὑρήσεις
821 1695 1117 1764 βοηθοῦντά
1144 1715 1244 1763 σοι,
1276 1699 1351 1762 ὡς
1381 1702 1445 1770 τῇ
1477 1701 1747 1773 Σουσάννα
1784 1701 1977 1770 καὶτῷ
2021 1703 2239 1773 Ἰωσήφ.
2272 1697 2343 1772 τῼ
2373 1703 2573 1771 πρέπει
2599 1701 2743 1765 δόξα,
2762 1700 2894 1769 τιμὴ
2931 1698 3024 1751 καὶ
3052 1695 3440 1768 προσκύνησιςο

191 1781 266 1843 είς
296 1784 422 1844 τοὺς
453 1783 654 1847 αίῶνας
681 1785 790 1838 τῶν
821 1786 1056 1842 αἰώνων.
1107 1788 1297 1858 Ἀμήν.

256 1952 306 1982 ⁸³
349 1952 481 2012 Dan.
519 1970 640 2019 xm,
673 1957 774 2020 42,
811 1959 897 2012 45.

204 2163 328 2177 ———

2315 2143 3429 2178 w

814 2372 1600 2500 APPENDIX
1694 2369 1900 2498 AD
1997 2367 2858 2501 ASTERIUM.

620 2784 822 2896 EK
907 2785 1208 2898 ΤΩΝ
1287 2779 2390 2903 ΑΜΦΙΑΟΧΕΙΩΝ
2468 2774 3024 2895 ΦΩΤΙΟΥ

929 2999 1130 3054 ΠΟΣΟῙ
1168 2998 1481 3054 ΑΣΤΕΡΙΟΙ
1518 2998 1869 3064 ΓΕΓΟΝΑΣΙ,
1911 3000 2037 3054 ΚΑΙ
2077 2998 2185 3052 ΤΙΣ
2224 2999 2272 3050 Η
2310 2991 2481 3049 ΔΟΞΑ
2516 2989 2762 3046 ΑΥΤΩΝ.

938 3338 1101 3426 EX
1174 3339 1592 3428 ΡΗΟΤΠ
1663 3337 2710 3429 A-MPHILOCHIANIS

823 3532 984 3602 Quot
1025 3531 1252 3592 Asterii
1291 3531 1548 3605 fuerint,
1583 3548 1655 3592 ac
1689 3545 1878 3609 quam
1917 3528 2009 3589 illi
2052 3527 2422 3606 opinionem
2459 3496 2814 3588 habuerint.

258 3865 619 3935 Συνήκμασαν
667 3866 763 3935 μὲν
815 3867 1077 3936 Ἀστέριοι
1103 3867 1216 3933 δύο,
1251 3869 1279 3921 ὅ
1317 3885 1375 3920 τε
1413 3869 1512 3938 τῆς
1554 3870 1764 3942 Ἀρείου

1937 3870 2147 3924 Pariter
2176 3867 2390 3935 quidem
2438 3864 2739 3918 ﬂoruerunt
2769 3858 2963 3912 Asturii
3013 3857 3118 3911 duo
3149 3875 3162 3911 :
3195 3857 3241 3915 is
3285 3856 3444 3911 uimi-

191 3956 392 4027 λύσσης
434 3956 801 4028 ὑπασπιστὴς,
835 3958 930 4011 καὶ
975 3959 1003 4010 ό
1046 3957 1152 4010 τῶν
1199 3958 1437 4011 εὐσεϐῶν
1489 3960 1770 4030 δογμάτων

190 4048 474 4119 τρόφιμος,
508 4048 566 4112 ὃς
599 4049 690 4101 καὶ
716 4048 803 4118 οτῷ
846 4050 1066 4121 μεγάλῳ
1100 4050 1198 4121 μὲν
1243 4050 1516 4121 Ἰουλιανῷ
1550 4052 1769 4121 φοιτῶν,

190 4142 299 4203 τοῖς
331 4140 638 4210 μοναδικοῖς
676 4141 988 4213 ὲγυμνάσθη
1033 4141 1423 4212 παλαίσμασιν,
1455 4142 1534 4195 ἔτι
1563 4144 1622 4195 τὸ
1653 4160 1771 4213 μει-

195 4232 380 4300 ράκιον
411 4230 640 4298 διεξιών·
670 4230 893 4304 ὕστερον
919 4233 976 4287 δὲ
1002 4233 1097 4286 καὶ
1125 4233 1291 4305 μονῆς
1319 4235 1624 4305 άσκητικῆς
1641 4235 1773 4288 καθ·-

192 4322 436 4392 ηγήσατο
463 4337 475 4349 ·
531 4313 591 4372 οὗ
637 4322 733 4374 καὶ
760 4321 1007 4393 μαθητὴς
1044 4324 1179 4394 μετὰ
1218 4323 1312 4377 καὶ
1356 4323 1528 4378 ἄλλων
1563 4323 1770 4377 πολλῶν

193 4416 480 4485 ἐπισήμων
500 4415 707 4486 ἀνδρῶν
725 4416 1090 4486 ἐχρημάτισεν
1108 4416 1135 4467 6
1158 4415 1322 4468 πολυθ
1334 4416 1590 4487 ρύλλητος
1619 4417 1772 4469 Ἀκά-

194 4520 306 4568 utor;
334 4506 363 4557 6
390 4505 654 4576 Βερῤοίας
677 4521 690 4535 ⁸
718 4506 746 4557 ὁ
772 4505 828 4559 δὲ
855 4507 951 4578 τῆς
997 4507 1338 4577 Ἀρειανικῆς
1360 4507 1622 4577 αἱρέσεως
1653 4509 1773 4577 ἐρα-

197 4594 346 4664 στὴς,
381 4593 699 4667 σοφιστικὴν
722 4595 820 4666 μὲν
851 4597 915 4648 ἐκ
946 4596 1081 4648 νέων
1111 4597 1412 4667 μετήρχετο
1443 4596 1658 4666 τέχνην,
1681 4599 1774 4650 καὶ

193 4686 256 4754 τῇ
280 4684 392 4738 τῶν
441 4683 710 4756 Ἐλλήνων
754 4684 1124 4756 άνετέθραπτο
1172 4684 1382 4756 πλάνῃσ
1435 4684 1529 4752 ὀψὲ
1577 4683 1634 4736 δὲ
1680 4683 1771 4736 τὸν

195 4764 619 4846 Χριστιανισμδν
653 4775 1110 4846 ὑποκρινάμενος,
1137 4777 1216 4839 είς
1258 4775 1354 4846 τὴν
1403 4775 1510 4828 τῶν
1558 4775 1772 4845 Ἀρεια-

196 4864 299 4918 νῶν
334 4865 594 4918 ἀπέκλινε
626 4867 817 4936 μοῖραν
841 4883 853 4896 ·
880 4866 974 4919 καὶ
994 4867 1023 4918 ό
1049 4865 1146 4936 μὲν
1168 4865 1322 4936 δίκην
1345 4866 1541 4918 ἔδωκεν
1568 4867 1624 4918 ὲν
1661 4867 1778 4917 ’Λν-

197 4957 401 5028 τιοχείᾳ
441 4958 541 5028 τῆς
582 4956 878 5010 ἀκολάστου
909 4955 1180 5029 γλώσσης,
1221 4956 1380 5027 ἔργον
1416 4955 1652 5024 γεγονὼς
1678 4957 1777 5026 τῆς

209 5046 493 5099 Ἰουλιανοῦ
523 5046 618 5099 τοῦ
651 5045 954 5116 θαυμασίου
985 5047 1292 5117 προσευχῆς
1315 5063 1326 5075 ’
1352 5048 1380 5099 6
1403 5047 1481 5111 δὲ,
1516 5046 1605 5100 τὸν
1633 5047 1776 5098 ὅσιον

197 5135 273 5196 είς
316 5135 417 5204 τὴν
462 5135 583 5186 κατ’
627 5135 790 5189 αὐτοῦ
828 5134 1040 5188 δικαίαν
1090 5137 1359 5208 τιμωρίαν
1401 5136 1772 5206 διανέστησεν·

201 5225 391 5296 ἕτερος.
414 5221 507 5277 οὖν
541 5226 602 5277 τὸ
633 5225 855 5297 θρέμμα
893 5227 988 5297 τῆς
1021 5225 1346 5296 ὀρθοδοξίας,
1381 5229 1474 5280 καὶ
1519 5227 1702 5298 ἕτερος
1752 5228 1780 5278 ὁ

197 5315 300 5384 τῆς
325 5316 532 5385 πλάνης
560 5315 753 5386 κῆρυξ.
782 5317 919 5369 Ἀλλ’
932 5318 1038 5371 οὐδ’
1059 5320 1087 5371 6
1108 5319 1206 5388 τὴν
1231 5318 1493 5388 ἔκφρασιν
1520 5320 1618 5388 τῆς
1641 5319 1779 5389 μάρ-

200 5423 357 5478 τυρος
391 5407 680 5476 Εὑφημίας
711 5409 1111 5480 ἀναταξάμενος
1149 5412 1326 5462 κοινόν
1357 5428 1409 5461 τι
1459 5411 1611 5480 φέρει
1644 5409 1778 5478 πρὸς

198 5499 286 5551 τὸν
313 5499 413 5568 τῆς
457 5499 770 5562 δυσσεϐείας
815 5502 1164 5571 ὐπέρμαχον’
1216 5501 1431 5571 πρῶτον
1478 5503 1573 5571 μὲν
1617 5501 1676 5565 ἐξ
1707 5493 1781 5554 ὧν

202 5588 391 5643 θᾶττον
421 5593 449 5643 ὁ
483 5589 748 5661 δυσσεϐὴς
779 5593 1002 5645 ἀπέτισε
1043 5595 1141 5663 τὴν
1163 5593 1317 5663 δίκην
1373 5593 1403 5645 6
1439 5592 1547 5664 γὰρ
1574 5595 1671 5663 τῆς
1700 5596 1778 5646 εί-

205 5681 436 5751 ρημένης
465 5680 671 5742 εἰκόνος
708 5680 1119 5752 λογογραφήσας
1162 5683 1259 5755 τὴν
1291 5683 1571 5753 ἔκφρασιν,
1618 5683 1692 5745 ὡς
1724 5682 1778 5734 ἔν

202 5782 334 5822 τισιν
373 5770 541 5824 αὑτοῦ
572 5770 677 5823 τῶν
711 5771 881 5836 λόγων
917 5774 1291 5840 διαλαμϐάνει,
1328 5777 1404 5838 είς
1443 5774 1574 5832 βαθὺ
1610 5775 1782 5841 γῆρας

1880 3976 1996 4016 rum
2020 3961 2108 4028 qui
2138 3957 2460 4011 Arianorum
2498 3953 2699 4007 furoris
2728 3952 2905 4004 fautor
2937 3965 2999 4003 ac
3026 3949 3277 4004 defensor
3304 3950 3442 4015 fuit;

1879 4067 1943 4106 ac
1973 4051 2062 4118 qui
2099 4049 2307 4118 piorum
2346 4046 2652 4114 dogmatum
2683 4043 2894 4098 exstitit
2942 4041 3189 4095 alumnus
3223 4040 3355 4110 :qui
3391 4048 3447 4095 et

1878 4140 2055 4209 magni
2092 4135 2294 4191 Juliani
2340 4134 2660 4203 discipulus,
2701 4148 2730 4187 a
2759 4132 2950 4202 puerili
2985 4141 3146 4186 ωιιιιε
3169 4133 3218 4209 in
3259 4145 3449 4184 mona-

1878 4229 2031 4284 stica:
2091 4227 2213 4280 vita:
2291 4223 2542 4293 palaestra
2594 4237 2715 4276 sese
2763 4221 3052 4275 exercuit:
3091 4230 3272 4288 postea
3322 4234 3450 4272 vero

1882 4321 2045 4376 etiam
2101 4307 2474 4387 religiosorum
2521 4313 2850 4368 monasterio
2907 4311 3121 4380 pra-fuit
3152 4326 3164 4360 :
3199 4310 3349 4378 cujus
3397 4321 3450 4363 et

1881 4410 2199 4480 discipulus,
2255 4418 2450 4477 prater
2499 4405 2683 4471 plures
2725 4403 2860 4457 alios
2913 4401 3234 4469 conspicuos
3287 4401 3449 4463 viros,

1878 4500 2337 4556 celebratissimus
2390 4497 2478 4551 ille
2526 4495 2755 4550 Acacius
2808 4494 3084 4548 Berrhmae
3115 4490 3253 4546 't‘uit.
3282 4491 3450 4544 Porro

1877 4593 2090 4647 Arianae
2141 4590 2229 4645 ille
2283 4589 2504 4643 haeresis
2543 4586 2861 4651 admirator,
2893 4601 2922 4638 a
2957 4598 3124 4651 puero
3164 4599 3227 4638 ac
3277 4582 3448 4636 adole-

1878 4684 2080 4737 scentia
2099 4681 2151 4734 in
2171 4679 2446 4749 gentilium
2467 4693 2650 4733 errore
2669 4678 2947 4740 educatus,
2973 4675 3324 4744 sophisticam
3358 4687 3448 4727 co-

1878 4773 2005 4838 luit;
2052 4772 2375 4840 demumque
2422 4770 2670 4825 simulato
2715 4766 3154 4828 Christianismo,
3209 4766 3261 4817 in
3304 4765 3463 4818 Aria-

1883 4879 2078 4920 norum
2111 4873 2321 4932 partem
2353 4861 2572 4917 deﬂexit
2600 4878 2613 4914 :
2646 4871 2808 4929 atque
2836 4859 2882 4913 is
2910 4857 3123 4926 quidem
3155 4856 3450 4917 Antiochiae

1882 4970 2071 5026 pcenas
2110 4955 2258 5011 dedit
2290 4954 2602 5023 petulantia:
2637 4953 2854 5021 linguae,
2889 4949 3228 5005 admirabilis
3254 4946 3450 5000 Juliani

1882 5049 2128 5118 precibus
2156 5037 2500 5110 exstinctus;
2553 5042 2688 5100 alter
2723 5059 2867 5107 vero,
2906 5043 3077 5096 virum
3112 5050 3355 5095 sanctum
3387 5037 3451 5088 ad

1874 5136 2074 5206 justam
2108 5136 2399 5189 vindictam
2436 5133 2770 5202 provocavit.
2812 5131 2966 5184 Alius
2990 5145 3120 5198 ergo
3153 5136 3233 5181 est
3267 5125 3455 5179 ortho-

1882 5225 2033 5279 doxa;-
2084 5222 2204 5277 iidei
2254 5221 2526 5286 alumnus,
2580 5220 2823 5281 aliusque
2878 5217 3082 5271 erroris
3149 5229 3346 5283 praeco.
3385 5213 3448 5263 At

1883 5327 2057 5382 neque
2120 5313 2186 5376 is,
2237 5311 2329 5380 qui
2387 5311 2694 5379 Euphemiae
2747 5307 3001 5376 martyris
3055 5304 3452 5360 enarrationem

1885 5405 2204 5474 composuit,
2237 5417 2523 5456 commune
2566 5399 2763 5468 aliquid
2801 5399 2961 5451 habet
2997 5412 3117 5451 cum
3162 5393 3451 5462 impietatis

1885 5497 2092 5549 vindice
2129 5513 2140 5547 :
2176 5494 2406 5562 primum
2443 5492 2687 5559 quidem,
2716 5490 2858 5559 quod
2905 5488 3097 5554 impius
3151 5485 3237 5538 ille
3295 5483 3452 5537 citius

1885 5601 2072 5654 plenas
2105 5584 2395 5642 exsolvet-it
2430 5601 2442 5636 :
2479 5598 2605 5635 nam
2638 5583 2725 5650 qui
2757 5580 2989 5649 praefatae
3024 5576 3273 5646 imaginis
3304 5586 3467 5629 enat:

1885 5679 2148 5732 rationem
2173 5689 2420 5731 sermone
2448 5682 2764 5742 prosecutus
2791 5681 2893 5734 est,
2924 5681 2980 5724 ut
3010 5671 3120 5738 ipse
3149 5670 3200 5722 in
3226 5667 3451 5736 quibus-

1889 5772 2009 5826 dam
2052 5770 2356 5824 orationum
2409 5781 2622 5821 suarum
2677 5765 2806 5818 locis
2842 5762 3076 5825 disserit,
3113 5760 3176 5813 ad
3213 5758 3448 5825 decrepi-
