4216 6324
725 310 833 368 ΠΟ

1754 313 2097 372 NEMESIUS
2134 313 2507 376 EPISCOPUS
2534 317 2915 374 EMESENUS.

3886 324 3996 381 480

730 442 839 485 tam
871 438 1202 486 senectutem
1246 430 1511 499 pervenit.
1543 429 1698 498 item,
1727 432 1862 486 alter
1890 434 2105 501 quidem
2137 434 2293 487 Aria-

2408 435 2502 488 τοῦ
2537 436 2653 505 βίον
2690 438 3054 506 κατήντησεν·
3085 435 3354 505 δεύτερον,
3383 442 3412 495 ὁ
3452 434 3553 505 μὲν
3578 436 3674 505 τῆς
3727 438 3991 506 ’Λρῑιανι-

730 537 925 576 norum
951 521 1133 577 furore
1160 520 1352 591 plenus
1386 532 1550 576 crat:
1575 524 1663 579 hic
1703 538 1833 578 vero
1862 525 1913 576 in
1953 524 2069 577 suis
2104 533 2305 577 tracta-

728 614 894 681 tibus,
929 627 1048 682 qua:
1072 622 1196 667 sunt
1227 611 1348 666 ﬁdei
1378 613 1691 668 orthodoxae
1720 614 1954 668 docetac
1971 612 2132 667 tradit
2158 629 2303 679 ;non

729 715 907 760 antem
960 703 1103 773 quod
1138 701 1232 756 Dei
1271 702 1443 759 Filius
1477 721 1543 759 ac
1594 704 1828 764 Verbum
1875 719 1938 758 ex
1995 705 2160 759 nihilo
2210 707 2300 769 sit,

728 793 804 845 uti
836 793 1059 846 insanus
1112 792 1201 846 ille
1252 790 1703 861 blaspbetnusque
1729 794 1974 848 Asterius
2008 796 2173 863 :quin
2212 811 2306 865 po-

728 887 833 939 tius
867 899 1079 953 semper
1097 899 1237 948 esse,
1252 899 1316 939 ac
1341 867 1553 953 semper
1574 884 1719 937 Patri
1744 885 2101 951 coexsistere,
2137 888 2300 939 Deum

724 976 965 1038 tradens.
1001 977 1223 1030 asserit.
1260 975 1462 1041 Tertio,
1495 976 1741 1030 Asterius
1772 976 1859 1030 ille
1882 978 2167 1030 haereticus
2195 991 2299 1030 non

721 1068 874 1122 urbis
923 1068 1191 1131 Amasear,
1230 1066 1322 1121 sed
1372 1067 1594 1120 alterius
1628 1067 1907 1136 cujusdam
1962 1064 2102 1119 haud
2138 1065 2296 1134 longe

718 1157 1008 1211 Antiochia
1046 1158 1414 1227 episcopatum
1464 1158 1759 1227 impietatis
1789 1158 2043 1210 mercede
2074 1170 2102 1209 a
2130 1157 2294 1211 sociis

719 1248 991 1303 hmreticis
1046 1249 1298 1317 accepit:
1333 1248 1475 1303 unde
1536 1248 1699 1302 etiam
1748 1246 2046 1302 accersitus
2102 1246 2299 1301 Antio-

717 1338 894 1392 chiam
952 1339 1249 1407 impietatis
1284 1338 1529 1393 subsidio
1558 1353 1587 1391 a
1627 1353 1735 1393 suae
1768 1346 1930 1392 secta:
1963 1338 2297 1401 hominibus,

717 1427 1053 1483 admirabilis
1113 1425 1313 1482 Juliani
1372 1429 1643 1498 precibus,
1681 1428 1757 1483 uti
1816 1443 2002 1481 sumus
2063 1426 2294 1494 praefati,

717 1520 1014 1575 miserabili
1042 1520 1189 1575 exitu
1234 1521 1402 1574 vitain
1439 1520 1630 1573 ﬁnivit.
1667 1518 1965 1583 Plaeterca,
1998 1519 2134 1572 alter
2172 1522 2298 1588 qut-

717 1610 836 1664 dem
866 1624 1083 1678 gregem
1121 1610 1301 1675 docet,
1337 1609 1500 1677 inque
1526 1609 1820 1663 virtutibus
1869 1608 2106 1664 studiose
2148 1608 2300 1662 laboo

717 1709 821 1763 rat,
856 1715 920 1755 ac
978 1701 1245 1771 religiosae
1277 1700 1442 1754 totius
1470 1700 1907 1756 conversationis
1933 1715 1999 1753 ac
2032 1700 2158 1754 vitae
2185 1698 2291 1754 do-

2408 528 2510 596 κῆς
2535 526 2738 597 λύσσης
2784 528 3171 599 ἐπεπλήρωτο·
3212 522 3364 591 οὗτος
3414 528 3492 592 δὲ,
3530 530 3589 579 ὲν
3623 533 3732 592 τοὶς
3764 532 3988 596 οἰκείοις

2406 616 2583 685 λόγοις
2610 618 2676 671 τὰ
2705 618 2813 671 τῶν
2844 618 3137 690 ὀρθοδόξων
3170 618 3508 688 δογματίζει,
3543 620 3641 671 οὐκ
3681 620 3745 671 ἐκ
3786 621 3859 691 μὴ
3897 622 3989 675 ὅν-

2406 725 2512 761 των
2555 711 2646 762 τὸν
2676 709 2803 764 Υἱὸν
2854 712 2947 764 καὶ
2993 711 3162 777 Λόγον
3202 711 3297 763 τοῦ
3341 711 3498 774 Θεοῦ,
3546 710 3621 775 ὡς
3660 715 3687 765 ὁ
3733 712 3993 782 μεμηνὼς

2405 798 2705 868 δυσφημῶν
2752 800 3045 869 Ἀστέριος,
3073 799 3161 851 ἀεὶ
3204 799 3261 851 δὲ
3291 798 3419 851 ὅντα
3449 800 3731 866 Θεολογῶν,
3775 802 3864 854 καὶ
3903 802 3993 854 ἀεὶ

2405 890 2631 943 συνόντα
2663 892 2741 960 τῷ
2778 892 2983 961 Πατρί·
3022 892 3225 963 τρίτον,
3260 892 3288 942 ὁ
3344 891 3443 958 μὲν
3492 892 3762 961 tripartito;
3802 892 3991 945 Ἀστέ-

2406 998 2539 1050 ριος,
2587 982 2648 1031 οὐ
2700 983 2798 1050 τῆς
2855 982 3170 1050 Ἀμασείας,
3225 981 3335 1032 ἀλλ’
3373 980 3537 1049 ἄλλης
3584 981 3727 1042 τινὸς
3783 984 3993 1044 πόλεως

2404 1071 2807 1141 πλησιαζούσης
2829 1074 2893 1141 τῇ
2928 1071 3216 1142 Ἀντιόχου,
3235 1070 3421 1140 μισθὸν
3441 1070 3537 1139 τῆς
3559 1070 3813 1134 ἀσεϐείας
3836 1068 3992 1139 παρὰ

2400 1164 2510 1218 τῶν
2547 1164 2979 1235 συναιρεσιωτῶν
3022 1165 3118 1233 τὴν
3180 1164 3484 1233 ἐπισκοπὴν
3532 1162 3751 1231 εἴληφεν
3776 1179 3787 1189 ·
3825 1162 3882 1229 ἐξ
3919 1156 3993 1234 ἧς

2403 1257 2866 1328 καὶκμετάκλητος
2906 1258 2964 1309 ὲν
3007 1258 3307 1326 Ἀντιοχείᾳ
3344 1256 3492 1326 παρὰ
3517 1253 3628 1306 τῶν
3669 1254 3989 1325 ὁμοφρόνων

2400 1345 2639 1414 γεγονὼς
2684 1348 2777 1398 ἐπὶ
2814 1346 3103 1416 συμμαχίᾳ
3147 1345 3241 1398 τοῦ
3275 1344 3702 1414 δυσσεϐήματος,
3737 1347 3858 1407 ταῖς
3890 1343 3987 1397 τοῦ

2400 1439 2704 1508 θαυμασίου
2761 1437 3051 1491 Ἰουλιανοῦ
3102 1439 3465 1507 προσευχαῖς,
3516 1436 3592 1497 ὡς
3636 1435 3986 1504 προείρηται,

2398 1530 2487 1580 τὸν
2520 1527 2634 1596 βίον
2666 1526 2863 1590 ἀθλίως
2898 1525 3291 1594 κατέστρεψεν·
3330 1525 3421 1575 ἐπὶ
3468 1524 3695 1585 τοότοις,
3728 1524 3756 1574 ὁ
3789 1522 3886 1590 μὲν
3908 1522 3986 1574 δι-

2397 1619 2583 1673 δάσκει
2613 1618 2675 1671 τὸ
2719 1619 2991 1688 ποίμνιον,
3018 1619 3110 1670 καὶ
3156 1618 3521 1684 φιλοπονεῖται
3552 1618 3680 1682 περὶ
3722 1613 3837 1666 τῶν
3858 1614 3991 1683 ape-

2396 1711 2527 1775 τῶν,
2564 1712 2781 1779 ἁπάσης
2802 1711 2857 1763 δὲ
2880 1710 3154 1764 δείκνυται
3192 1707 3485 1778 Θεαρέστου
3520 1704 3792 1766 πολιτείας
3822 1719 3992 1758 κατα-

715 1791 972 1846 micilium
1026 1793 1316 1865 proditur:
1350 1805 1579 1861 quorum
1643 1792 1777 1847 nihil
1836 1792 2210 1865 deprehendas
2237 1792 2290 1847 in

2404 1804 2634 1874 γώγιονο
2670 1804 2699 1855 ὁ
2726 1802 2782 1856 δὲ
2812 1803 2962 1856 οὐδὲν
2990 1801 3229 1855 τοιοῦτον
3266 1797 3663 1865 ὲπιγινώσκετα
3682 1844 3695 1859 ,

715 1882 908 1938 altero.

714 2056 3976 2114 Μ

1923 2241 2102 2284 GIRCA
2138 2236 2362 2283 ANNUM
2397 2236 2621 2281 DOMINI
2659 2235 2757 2282 CD.

1781 2544 2064 2720 NE
2096 2542 2935 2721 MESIUS

1465 2861 2289 2955 EPISCOPUS

2442 2857 3205 2952 EMESENUS

2326 3085 2399 3099 ν-ι

1624 3229 2242 3345 ΝΟΤΙΤΙΑ
2289 3229 3084 3348 HISTORICA

1577 3449 1673 3513 (Ex
1697 3448 1993 3503 Bibliotheca
2016 3452 2227 3501 Patrum
2248 3450 2509 3514 Gallsndii,
2536 3455 2573 3501 t.
2598 3448 2708 3513 VII,
2730 3451 2933 3511 Proles.
2957 3462 3005 3512 p.
3030 3444 3129 3515 xl.)

786 3715 828 3771 Ι.
867 3714 1097 3782 Emesa,
1136 3727 1260 3784 qua:
1302 3721 1359 3769 et
1403 3714 1607 3780 Emisa,
1654 3717 1712 3771 in
1753 3716 2030 3775 Phoenicia
2060 3720 2295 3777 secunda
2327 3725 2370 3783 α
2405 3720 2482 3775 De
2508 3730 2702 3774 natura
2725 3719 2975 3783 hominis,
3012 3716 3127 3772 sive
3152 3715 3363 3787 aliquas
3390 3730 3458 3772 ex
3488 3730 3554 3772 eo
3583 3716 3804 3787 eclogas
3831 3720 3998 3777 exhi-

715 3820 1006 3880 eptscOpus
1046 3805 1212 3861 fuisse
1249 3806 1483 3861 traditur
1524 3805 1847 3877 Nemesius;
1888 3810 2049 3881 eique
2089 3811 2143 3866 in
2180 3812 2298 3883 epi-

715 3910 1002 3968 scoporum
1034 3894 1424 3952 Emesenorum
1453 3898 1603 3952 serie
1623 3897 1921 3954 ordinanda
1950 3900 2197 3969 quintum
2221 3901 2301 3956 lo-

715 4005 841 4045 cum
870 3997 1019 4044 recte
1043 3989 1301 4045 tribuisse
1327 3987 1540 4044 videtur
1569 3988 1640 4044 cl.
1672 3988 2000 4060 Lequienlus
2026 3992 2104 4064 (a)
2138 4013 2150 4046 :
2189 4008 2301 4049 me-

718 4080 869 4135 dium
893 4078 1102 4135 scilicet
1124 4078 1513 4155 interihulum
1536 4077 1582 4148 1,
1605 4080 1697 4149 qui
1724 4080 1776 4135 in
1808 4080 2140 4138 Seleuciensi
2169 4099 2297 4139 con-

716 4168 844 4223 cilio
879 4167 1113 4238 Georgio
1134 4158 1531 4235 Alexandrino,
1572 4171 1773 4224 Acacio
1799 4168 2120 4229 Caesariensi
2150 4174 2299 4231 aliis-

716 4271 826 4330 que
856 4258 1124 4314 Arianica:
1169 4256 1419 4315 factionis
1472 4258 1795 4329 praesulibus
1836 4261 2153 4329 adhaerens,
2190 4262 2302 4318 for-

717 4348 879 4404 πηιιώ
900 4348 1137 4417 ipsorum
1163 4348 1285 4403 ιιύοὶ
1315 4348 1669 4416 subscripsit;
1693 4361 1746 4403 et
1772 4347 2083 4419 Cyriacum,
2106 4353 2220 4423 qui,
2244 4361 2304 4408 ut

721 4438 889 4493 relert
918 4435 1191 4493 Palladius
1222 4438 1322 4509 (ὑ),
1356 4437 1578 4494 Joannis
1600 4437 1974 4511 Cbrysostomi
2004 4455 2184 4496 causa:
2206 4458 2303 4513 pa-

718 4528 1009 4585 trocinium
1067 4538 1290 4584 strenue
1349 4534 1605 4600 suscepit.
1662 4531 1738 4586 De
1796 4529 2034 4587 Nemesii
2083 4535 2298 4603 quidem

714 4620 1012 4691 episcopali
1069 4622 1197 4677 sede
1246 4620 1512 4678 Emesena
1538 4661 1553 4687 ,
1593 4629 1648 4677 et
1679 4622 1746 4676 de
1781 4632 2023 4694 tempore
2059 4640 2166 4695 quo
2205 4625 2303 4682 llo-

719 4712 894 4768 ruerit
923 4711 1178 4768 dubitant
1213 4714 1451 4769 nonnulli
1486 4735 1497 4769 :
1528 4715 1657 4784 quin
1681 4724 1735 4770 et
1755 4713 1963 4770 Caveus
1986 4730 2053 4771 eo
2081 4731 2301 4787 proces-

716 4803 874 4863 situt
905 4802 1241 4859 conﬁdenter
1267 4797 1565 4861 asseruerit
1597 4804 1690 4877 (c),
1725 4805 1791 4861 de
1812 4803 2067 4862 Nemesio
2095 4807 2300 4863 incerta

714 4907 837 4948 esse
874 4908 1080 4962 omnta,
1111 4909 1236 4951 cum
1268 4894 1335 4950 de
1368 4910 1434 4951 eo
1452 4896 1628 4976 plane
1653 4897 1851 4971 sileant
1885 4906 2118 4955 veteres.
2153 4900 2221 4954 At
2250 4900 2302 4957 id

721 4986 997 5041 immerito
1044 5002 1177 5044 sane
1220 4990 1653 5058 pronuntiatum.
1692 4991 1910 5047 Nullum
1954 4993 2098 5048 enim
2136 4992 2300 5050 dubi-

718 5076 866 5130 tandi
894 5076 1079 5133 locum
1114 5077 1425 5151 relinquunt
1452 5079 1685 5151 primum
1716 5081 1957 5136 omnium
1990 5084 2300 5155 complures

717 5182 852 5223 mss.
879 5170 1119 5237 codices,
1145 5170 1237 5240 qui
1268 5170 1384 5228 sive
1408 5170 1678 5241 integrum
1708 5174 1946 5228 auctoris
1968 5172 2139 5229 nostri
2163 5188 2299 5245 opus

810 5406 867 5476 α)
906 5407 1176 5478 Lequien._
1198 5406 1293 5478 οη.
1325 5405 1546 5478 σιδήρια
1582 5416 1714 5465 tom.
1741 5407 1806 5470 ll,
1838 5422 1963 5477 pag.
1996 5407 2122 5464 839.

815 5475 867 5547 ὁ)
908 5475 1119 5547 Pallad.
1142 5476 1288 5547 Dial.
1324 5479 1387 5532 de
1429 5475 1530 5531 Vit.
1556 5475 1854 5547 (ξῆν-νιοεῲ
1888 5475 2011 5547 pag.
2040 5478 2159 5537 194.

815 5494 842 5532 a
908 5494 1288 5561 ι²ιδιιιιι.μιιιιτ
1324 5494 1387 5532 ae
1431 5494 1530 5531 ru.
1556 5494 1854 5547 unt-gmw,
1924 5518 1926 5529 .

815 5494 867 5617 εἰ
902 5547 1036 5617 Cas.
1072 5545 1215 5601 Hist.
1248 5546 1378 5615 litt,
1417 5556 1549 5617 tom:
1583 5545 1622 5611 Ι,
1652 5494 1926 5617 pag.?.76p.

794 5614 877 5689 (ά)
917 5616 1134 5672 Hasim.
1169 5618 1305 5689 Opp.
1358 5614 1490 5673 tom.
1525 5614 1589 5681 ll,
1623 5614 1875 5687 pagI153
1897 5619 2030 5673 edit.
2058 5617 2303 5677 Combef.

726 5683 899 5741 Paris.
933 5686 1087 5741 1678.

771 5692 899 5741 aris.
933 5692 1087 5741 i6“.

2404 3811 2587 3876 beant,
2637 3824 2741 3864 non
2773 3807 2947 3864 solum
2988 3805 3223 3861 Nemesii
3260 3820 3456 3860 nomen
3480 3845 3496 3872 ,
3534 3807 3628 3863 sed
3666 3821 3791 3862 eum
3824 3811 3995 3864 etiam

2404 3902 2567 3957 fuisse
2597 3902 2932 3970 episcopum,
2964 3906 3019 3953 et
3050 3899 3260 3953 Emesa:
3293 3898 3510 3967 quidem
3540 3899 3767 3962 sedisse,
3806 3900 3995 3968 palam

2404 3996 2641 4063 produnt
2674 4013 2688 4048 :
2722 4002 2779 4049 ut
2807 4008 2875 4048 ex
2910 4008 3018 4048 uno
3047 4002 3208 4062 atque
3235 3992 3410 4047 altero
3443 3992 3621 4047 indice
3649 3992 3999 4049 Bibliotheca

2404 4085 2837 4139 bibliothecarum
2853 4085 3334 4153 manuscriplorum
3353 4082 3839 4138 Montfaucomanm
3860 4088 3998 4140 satis

2406 4184 2744 4245 compertum
2792 4175 3075 4230 habemus.
3146 4174 3369 4229 Accedit
3430 4182 3690 4243 praeterea
3738 4183 3998 4230 veterum

2406 4270 2733 4337 scriptorum
2794 4266 3290 4322 ecclesiasticarum
3359 4270 3687 4329 auc.oritas,
3760 4263 3994 4320 Maximi

2405 4360 2735 4415 confessoris
2759 4367 2814 4413 et
2839 4358 3111 4412 Anastasii
3140 4357 3383 4421 Sinaitae,
3431 4372 3638 4412 necnon
3670 4356 3838 4411 Mosis
3866 4356 3998 4412 Bar-

2405 4450 2639 4521 Ceplne;
2667 4465 2895 4519 quorum
2933 4450 3004 4503 illi
3035 4449 3236 4503 saeculo
3270 4465 3367 4515 \‘ll,
3407 4449 3495 4504 hic
3537 4459 3712 4503 autem
3749 4464 3809 4502 ιι
3846 4448 4001 4504 desi-

2407 4554 2568 4597 nente
2598 4542 2865 4597 claruisse
2894 4540 3270 4610 perhibentur.
3303 4541 3367 4594 Et
3399 4540 3661 4594 Maximus
3687 4539 3914 4610 quidem
3944 4541 3998 4594 in

2409 4632 2690 4702 Opuscuiis
2726 4632 3032 4701 theologicis
3071 4641 3118 4685 et
3166 4631 3433 4700 potemicis
3469 4631 3575 4684 duo
3622 4629 3738 4683 loca
3785 4629 4007 4697 profert

2408 4721 2761 4785 Nemesiana,
2795 4737 2913 4790 quae
2953 4721 3035 4777 sic
3068 4721 3314 4775 inscribit
3359 4719 3437 4789 (ά)
3477 4742 3497 4777 -.
3542 4720 3649 4773 Τοῦ
3694 4720 3860 4788 ἁγῖου
3894 4722 4004 4774 Ns-

2411 4811 2597 4883 μεσίου
2631 4812 2932 4866 ἐπισκόπου
2993 4812 3245 4882 Ἐμέσης,
3286 4811 3468 4866 Sancti
3501 4809 3734 4865 Nemesii
3766 4814 4002 4881 cpiscoiii

2406 4903 2669 4961 Emessm'.
2712 4904 2897 4973 Neque
2937 4904 3093 4959 aliter
3138 4905 3457 4959 Anastasius
3496 4902 3733 4968 Sinaita,
3782 4906 3883 4972 qui
3935 4920 4001 4959 ex

2406 4996 2643 5052 Nemesii
2668 5010 2833 5064 opere
2858 4997 2965 5049 duo
2998 4996 3123 5050 item
3157 5006 3412 5063 excerpta
3442 4996 3580 5049 bene
3606 4995 3764 5065 longa
3799 4996 3856 5051 in
3887 5012 4001 5049 me-

2408 5082 2553 5143 dium
2588 5087 2863 5141 adducens
2893 5086 2984 5156 (e).
3009 5085 3236 5141 alterum
3271 5086 3345 5140 De
3369 5087 3694 5155 providentia
3731 5088 3824 5156 (ι),
3863 5089 3996 5142 alte-

2411 5192 2530 5232 rum
2564 5176 2641 5230 De
2682 5187 2877 5231 natura
2908 5177 3135 5232 hominis
3159 5176 3233 5247 (α)
3256 5195 3270 5242 ;
3295 5192 3358 5231 ea
3389 5192 3449 5232 se
3472 5166 3834 5248 descripsisse
3869 5193 3999 5249 pro-

2477 5413 2547 5485 (ε)
2576 5412 2776 5488 Anast.
2802 5414 2947 5478 Sin.,
2968 5413 3356 5488 ριιωειιίεινιιε
3376 5424 3431 5488 et
3460 5432 3604 5471 xstv.
3624 5416 3762 5488 Opp.
3783 5416 3995 5482 Grcis».

2408 5482 2538 5553 tom.
2576 5482 2714 5547 XIV,
2746 5494 2886 5553 part.
2918 5500 2977 5545 ll,
3020 5499 3141 5551 pag.
3174 5484 3304 5550 270,
3330 5486 3456 5540 294.

2480 5552 2547 5625 (Γ)
2588 5552 2801 5625 Nemee.
2839 5552 2911 5606 De
2942 5564 3052 5606 nat.
3076 5557 3249 5625 _hom.,
3288 5570 3405 5625 cap.
3440 5556 3523 5610 44,

2481 5622 2555 5694 (g)
2599 5622 2674 5677 Id.
2718 5623 2873 5688 iliitl.,
2917 5637 3035 5692 cap.
3071 5623 3115 5675 ι,
