4216 6324
199 444 297 501 481

1592 435 2054 492 PROLEGOMEN
2065 439 2100 490 Α
2114 478 2125 491 .

3362 442 3469 501 482

198 561 379 615 litetur
404 574 472 612 ex
502 558 747 612 Nemesio
780 559 1016 625 episcopo
1050 555 1322 622 Emesano,
1356 556 1626 626 Νεμεαίου
1657 556 1782 606 ἐπι-
1813 560 1853 614 Α
1887 556 2118 608 omittat.
2170 555 2251 609 Ad
2296 556 2409 610 haec
2448 558 2651 611 nullum
2707 567 2972 614 memorat
3014 569 3290 617 auctorem
3311 601 3324 625 ,
3370 565 3460 630 qui

200 654 403 707 σκόπου
460 650 716 721 Ἐμέσης.
770 648 945 703 Moses
998 663 1125 703 vero
1163 647 1478 717 -Bar-Ceplia
1531 655 1785 701 nunmitta

199 760 263 800 ex
301 744 494 798 eodem
529 756 693 811 opere
722 741 883 795 verba
919 740 1178 804 recitans,
1220 738 1521 793 Neoterium
1554 737 1786 807 philoso-

196 837 361 901 phum
386 830 759 887 Christianum
793 831 1035 883 nominat
1067 827 1169 898 (a),
1206 829 1388 897 operis
1417 828 1595 895 potius
1622 842 1787 896 argu-

199 933 443 979 mentum
478 922 721 986 scilicet,
754 936 916 991 quam
968 921 1207 983 auctoris
1258 919 1575 988 dignitatem
1611 918 1784 986 respi-

198 1017 370 1071 ciens.
411 1014 665 1068 Praesulis
696 1014 910 1067 demum
954 1011 1123 1064 nostri
1158 1011 1441 1075 meminit,
1475 1008 1663 1063 eadem
1703 1008 1785 1060 iu-

199 1115 501 1172 scnptione
525 1118 657 1158 usus
684 1118 788 1172 qua
814 1101 1083 1155 Maximus
1104 1109 1160 1154 et
1182 1098 1526 1161 Anastasius,
1553 1096 1785 1165 scriptor

198 1210 502 1266 anonymus
533 1194 670 1264 apud
705 1191 1169 1247 Moutl‘auconium
1201 1190 1275 1261 (li)
1308 1190 1486 1244 adhuc
1523 1188 1781 1251 ineditus,

199 1289 249 1340 in
282 1285 503 1355 Eclogis
542 1285 732 1339 ordine
776 1283 1120 1353 alphabetico
1167 1282 1412 1352 digestis,
1449 1294 1568 1348 quae
1609 1294 1636 1331 a
1672 1276 1784 1331 Pa-

197 1377 402 1430 rallelis
436 1375 837 1429 Damascenicis
872 1373 1149 1428 diﬂernnt.
1188 1373 1269 1426 Ex
1309 1371 1505 1440 quibus
1538 1384 1667 1439 ergo
1701 1369 1781 1423 in-

200 1470 444 1539 tellvgas,
482 1478 699 1523 rectene
736 1484 803 1521 an
837 1482 1025 1531 secus,
1062 1467 1128 1519 de
1175 1473 1398 1520 auctore
1444 1474 1628 1519 nostro
1678 1462 1784 1518 Ca-

200 1576 329 1614 veus
360 1561 563 1628 aliique
594 1562 927 1614 censuerint.

263 1706 329 1760 11.
374 1706 573 1760 Verum
606 1716 663 1761 ut
696 1721 758 1760 ea
797 1707 973 1761 denuo
1007 1707 1179 1777 magis
1228 1706 1619 1761 conﬁrmentur
1664 1721 1785 1775 quae

200 1800 450 1867 superius
508 1800 686 1852 obiter
749 1809 872 1868 post
929 1799 1281 1867 Lequienium
1346 1798 1664 1867 attigimus,
1717 1798 1784 1850 de

1890 655 2011 712 post
2048 644 2638 713 quadringentesimum
2692 666 2719 701 a
2775 649 2995 705 Christo
3040 666 3239 705 annum
3290 655 3465 708 incla-

1890 736 2078 789 ruerit.
2121 736 2313 792 Omnia
2344 736 2560 791 demum
2595 740 2646 792 in
2679 749 2898 795 auctore
2932 751 3121 796 nostro
3150 743 3193 797 si
3224 745 3461 813 penitius

1889 828 2357 897 introspiciantur,
2393 843 2497 884 non
2528 830 2756 884 suadere
2783 831 2976 897 solum,
3012 833 3107 887 sed
3139 834 3303 888 etiam
3333 850 3462 904 per-

1888 920 2118 974 suadere
2162 919 2434 985 videntur,
2487 919 2684 976 sarculo
2726 935 2784 975 tv
2816 921 3095 979 desinente
3134 926 3307 993 ipsum
3363 924 3463 979 llo-

1890 1022 2082 1064 1⁸111588.

1956 1158 2042 1214 lll.
2080 1156 2265 1230 Neque
2305 1167 2483 1214 tamen
2536 1169 2822 1230 proriterea
2869 1176 2992 1215 cum
3038 1160 3333 1231 Lequienio
3377 1166 3463 1217 al—

1889 1252 2106 1307 lirmare
2150 1252 2347 1315 ausim,
2377 1251 2687 1306 Nemesium
2729 1261 2973 1306 nostrum
3011 1250 3206 1305 Basilio
3240 1270 3283 1307 et
3339 1252 3468 1307 Grc-

1885 1344 2031 1411 gorio
2079 1341 2423 1397 Nazianzeuo
2461 1344 2695 1396 amicitia
2735 1343 3228 1411 conjunctissimum
3277 1343 3465 1411 fuisse,

1884 1431 1970 1483 cui
1993 1445 2191 1498 nempe,
2217 1431 2409 1500 inquit,
2433 1430 2779 1486 Philocaliam
2804 1449 2952 1485 suam
2976 1443 3343 1500 nuncuparunt
3380 1435 3464 1504 (ι).

1887 1521 2042 1575 Aliud
2091 1522 2345 1575 nimirum
2393 1522 2581 1590 agebat
2634 1537 2682 1574 v.
2726 1537 2777 1576 c.
2831 1522 2957 1575 dum
3000 1522 3116 1578 haec
3185 1525 3465 1579 scriberet.

1884 1610 2069 1682 Neque
2099 1613 2241 1666 enim
2277 1610 2524 1666 Nemesio
2555 1612 2840 1679 Emeseno,
2875 1613 2968 1667 sed
3011 1612 3300 1668 Theodoro
3331 1613 3469 1685 Tya-

1887 1704 2041 1759 nensi
2072 1706 2327 1774 episcopo
2365 1720 2395 1759 a
2442 1704 2642 1759 Basilio
2686 1714 2740 1758 et
2767 1704 3030 1775 Gregorio
3064 1703 3231 1759 fuisse
3274 1707 3470 1761 inscri—

1886 1805 2053 1862 ptam,
2087 1794 2167 1847 vel
2213 1795 2391 1863 potius
2436 1796 2502 1849 ad
2534 1798 2680 1849 hunc
2718 1794 3037 1865 simpliciter
3073 1796 3291 1850 missam
3334 1796 3467 1850 Phi-

203 1905 444 1959 tempore
474 1905 582 1958 qzm
622 1890 675 1943 in
722 1891 980 1944 cathedra
1022 1889 1285 1943 Emesena
1344 1888 1543 1942 sederit
1592 1886 1783 1941 Neme—
1817 1908 1857 1961 Β
1887 1885 2133 1938 localiam
2165 1886 2567 1956 Origenianam,
2607 1904 2674 1943 ex
2707 1891 2894 1943 eodem
2937 1887 3286 1943 Naziauzeno
3315 1890 3469 1944 intel-

201 1981 345 2043 sius;
388 1979 685 2033 observare.
725 1980 959 2047 primum
986 1978 1190 2047 iuverit
1225 1994 1345 2033 cum
1381 1979 1589 2032 editore
1635 1975 1780 2031 Oxo-

200 2071 411 2132 uiensi,
451 2072 746 2124 antistitem
800 2080 1044 2125 nostrum
1084 2085 1145 2124 ea
1196 2078 1518 2139 tempestate
1560 2071 1779 2133 vixisse,

202 2178 304 2234 qua
342 2164 599 2217 Ecclesia:
639 2176 825 2231 pacem
859 2162 1151 2216 turbabant
1179 2159 1564 2229 Apollinarius,
1596 2158 1769 2215 Euno-

202 2270 339 2309 nnus
389 2262 554 2321 atque
593 2252 938 2322 Origeuistm.
986 2253 1052 2307 Et
1090 2252 1158 2307 de
1187 2250 1522 2320 Apollinario
1565 2252 1780 2319 quidem

201 2348 359 2403 verba
416 2345 622 2399 faciens
679 2344 965 2399 Nemcsius
1019 2345 1121 2399 sub
1167 2344 1356 2413 'operis
1406 2343 1619 2398 initium
1677 2342 1775 2417 (c),

201 2440 376 2508 ipsum
423 2439 679 2505 deinceps
730 2438 973 2491 studiose
1020 2438 1219 2492 refellit
1261 2437 1358 2507 (ά).
1414 2438 1556 2492 Alibi
1603 2448 1781 2492 autem

202 2541 388 2585 contra
446 2529 771 2584 Ennomium
818 2528 994 2598 palam
1041 2529 1279 2597 disputat
1328 2528 1435 2598 (e);
1490 2543 1649 2597 quem
1702 2530 1786 2581 ni-

206 2623 399 2674 mirum
442 2636 471 2673 a
505 2621 791 2688 przecipuis
825 2621 1000 2688 quarti
1046 2620 1227 2674 saeculi
1265 2619 1522 2674 Ecclesiae
1554 2622 1785 2687 scripto-

209 2712 380 2774 ribus,
421 2709 619 2763 Basilio
643 2712 943 2779 praesertim
974 2721 1029 2763 et
1058 2718 1287 2776 utroque
1309 2708 1595 2778 Gregorio,
1620 2710 1787 2764 fuisse

204 2805 573 2871 impugnatum
597 2815 756 2854 nemo
785 2801 977 2854 nescit.
1021 2799 1450 2870 Origenistarum
1479 2811 1659 2855 autem
1703 2801 1787 2855 in-

202 2892 412 2942 somnia
432 2890 499 2941 de
518 2889 821 2942 animarum
850 2891 1107 2944 descensu
1124 2903 1187 2942 ac
1214 2890 1684 2961 transmigratione
1707 2901 1785 2944 ta—

203 2998 217 3029 ι
236 2982 304 3032 ite
320 2981 933 3048 primum,postmodum
962 2994 1088 3035 vero
1103 2982 1443 3049 apertissime
1466 2985 1671 3051 respuit
1693 2984 1782 3052 (Ι).

203 3071 356 3136 Quod
397 3070 442 3122 si
503 3067 790 3123 Nemcsius
857 3070 983 3124 dum
1047 3071 1334 3124 creationis
1396 3086 1531 3138 opus
1586 3086 1784 3126 secun-

207 3162 332 3213 dum
370 3160 778 3229 Scripturarum
802 3160 1013 3229 eloquia
1042 3174 1303 3215 enarrare
1329 3164 1548 3231 satagit,
1579 3163 1787 3216 anima-

1883 1978 2097 2049 ligiiitus
2128 1977 2241 2049 (in).
2281 1978 2395 2032 Sub
2422 1979 2562 2031 idem
2595 1986 2808 2047 tempus
2841 1983 3118 2034 enimvero
3151 1979 3245 2034 fuit
3281 1979 3471 2035 Neme-

1883 2070 1995 2123 sius
2027 2070 2244 2138 quidam
2277 2069 2522 2139 Gregorii
2558 2068 2889 2123 Nazianzeni
2923 2071 3226 2132 familiaris,
3258 2073 3471 2142 (lappa.

1885 2162 2055 2217 docia:
2095 2160 2381 2230 prmlectns
2422 2172 2583 2229 atque
2615 2178 2642 2215 a
2674 2163 2889 2216 Christo
2916 2162 3123 2216 alienus
3147 2202 3161 2225 ,
3206 2164 3273 2217 ad
3308 2179 3471 2231 quem

1884 2263 2355 2323 exstautquatuor
2401 2254 2643 2324 ejusdem
2695 2252 3025 2311 Nazianzeni
3079 2255 3323 2323 epistolas
3365 2256 3469 2327 (η),

1884 2355 1937 2399 et
1970 2360 2188 2398 carmen
2218 2346 2349 2398 satis
2380 2344 2644 2411 prolixum
2675 2344 2752 2414 (ο)
2780 2360 2885 2413 quo
2930 2346 2999 2399 ab
3026 2345 3351 2401 idololatria:
3385 2363 3474 2402 va-

1889 2436 2061 2489 nitate
2097 2438 2273 2505 ipsnm
2314 2450 2542 2491 avocare
2570 2436 2749 2489 studet
2778 2452 2792 2489 :
2822 2452 2981 2505 quem
3010 2446 3188 2490 tamen
3216 2439 3281 2493 ab
3309 2438 3470 2492 Eme-

1886 2541 2017 2579 seno
2054 2526 2491 2595 distinguendum
2523 2539 2643 2578 esse
2684 2524 2964 2579 Fabricius
3000 2527 3078 2596 (p)
3114 2527 3313 2597 aliique
3348 2544 3474 2583 con-

1890 2617 2138 2670 tendunt.
2170 2617 2327 2684 Atqui
2365 2616 2505 2670 haud
2546 2615 2704 2684 longe
2738 2630 2767 2669 a
2808 2632 2934 2669 vero
2959 2622 3146 2673 abesse
3181 2628 3331 2687 putat
3363 2620 3471 2674 Til-

1889 2708 2179 2762 lemontius
2204 2708 2304 2778 (ᾳ),
2333 2710 2376 2762 si
2408 2710 2529 2778 quis
2556 2707 2863 2763 Nemcsium
2892 2708 3214 2764 Nazianzeni
3240 2712 3473 2765 amicum

1887 2798 1980 2868 qui
2006 2797 2361 2869 Cappadocite
2393 2800 2704 2869 praefectum
2735 2800 2967 2870 agebat,
2999 2799 3121 2855 libri
3153 2800 3232 2854 De
3274 2812 3471 2855 natura

1888 2890 2112 2943 hominis
2138 2899 2413 2945 auctorem
2445 2890 2739 2945 existimet.
2772 2888 2944 2954 Quam
2982 2905 3114 2945 sane
3140 2901 3465 2945 sententiam

1889 2980 1958 3033 ita
1991 2978 2290 3034 luculenter
2320 2980 2539 3048 exponit
2563 2980 2739 3035 editor
2767 2979 3090 3034 Oxoniensis
3125 2978 3196 3051 (ν)
3247 2996 3260 3032 :
3312 2999 3331 3032 ι
3367 2981 3473 3035 Bil-

1890 3070 2263 3141 1ἱυε,›ἰιιψιίι,
2299 3090 2318 3123 ι
2348 3083 2401 3127 et
2424 3073 2513 3125 alii
2539 3072 2779 3125 nonnulli
2806 3073 3030 3125 minime
3058 3072 3349 3127 verisimile
3372 3088 3474 3143 pu-

1893 3168 2028 3225 tant,
2060 3160 2416 3231 Cappadocia:
2448 3164 2787 3232 praefectum,
2818 3163 3088 3218 hominem
3114 3165 3297 3218 saeculi
3326 3167 3474 3220 curis

205 3266 320 3305 rum
354 3252 841 3320 praeexsistentiam
879 3251 1072 3306 doceat
1099 3250 1205 3322 (g),
1230 3268 1353 3308 eum
1379 3254 1593 3307 demum
1630 3268 1785 3309 secu-
1815 3241 1858 3298 C
1893 3250 2165 3304 addictum
2195 3251 2250 3305 et
2281 3267 2309 3305 a
2356 3251 2669 3307 Christiana
2698 3254 2899 3322 pietate
2932 3252 3190 3318 alienum,
3228 3264 3320 3308 aut
3350 3256 3468 3325 epi-

206 3343 317 3395 rius
360 3341 527 3396 fuisse
571 3342 832 3404 locutum,
870 3353 932 3409 ut.
969 3344 1153 3409 phrasi
1201 3342 1594 3414 Augustiniana
1642 3352 1786 3406 utar,

202 3435 632 3489 existimaverim
672 3434 955 3502 equidem;
995 3449 1116 3488 cum
1170 3436 1472 3503 praesertim
1506 3444 1559 3489 et
1588 3450 1653 3488 eo
1700 3449 1788 3488 ve~

207 3538 462 3581 tusttores
498 3525 687 3579 Patres
721 3526 791 3577 ita
840 3540 1055 3592 quoque
1104 3524 1303 3578 fuerint
1347 3524 1535 3583 locuti,
1581 3524 1789 3579 Pierius

202 3620 598 3674 Alexandrinus
627 3618 728 3686 (la),
776 3616 1077 3670 Μριιιοιιιιιε
1105 3615 1166 3683 (i)
1194 3617 1410 3685 aliique.
1443 3614 1617 3668 Aliter
1646 3617 1787 3669 enim

206 3709 389 3774 procul
416 3708 580 3761 dubio
619 3709 925 3760 censuisset
955 3716 1137 3759 noster
1167 3715 1375 3769 auctor,
1411 3721 1472 3756 ac
1505 3706 1790 3776 προῡπάρ-

206 3799 343 3862 ξεως
387 3798 579 3865 dogma
620 3796 1012 3866 Origeniauum
1062 3799 1447 3866 impugnasset.
1488 3800 1529 3852 si
1580 3813 1791 3866 perspe-

212 3902 359 3944 ctum
435 3890 719 3944 lmbuissrt
782 3890 1103 3955 .liujnsmodi
1170 3892 1347 3958 magni
1405 3889 1605 3943 Leonis
1664 3888 1793 3942 elia—

209 3993 317 4035 tum
346 3982 411 4049 (j)
454 3999 467 4033 τ
498 3980 772 4034 Catholica
801 3982 951 4048 ﬁles,
991 3981 1182 4048 inquit,
1212 3990 1512 4034 constanter
1537 3982 1791 4047 prazdicnt

207 4084 367 4141 atque
412 4076 684 4138 tenaciter,
724 4073 863 4141 quod
894 4074 1086 4125 anima:
1126 4072 1416 4134 hominum,
1484 4072 1793 4141 priusquam

206 4165 587 4232 inspirarentui
621 4166 946 4225 corporibus,
996 4182 1095 4216 non
1137 4165 1298 4231 fuere,
1333 4180 1421 4217 nec
1450 4158 1514 4217 ab
1562 4165 1669 4217 alio
1713 4166 1794 4216 in-

208 4266 558 4321 corporantur
613 4258 713 4308 nisi
759 4261 821 4308 ab
856 4256 1038 4323 cpi/ica
1072 4256 1195 4317 Deo,
1241 4258 1327 4324 qui
1362 4268 1404 4308 et
1440 4257 1672 4317 ipsarum
1718 4268 1790 4307 est

208 4358 417 4399 creator
455 4356 502 4401 et
548 4364 849 4415 corporum.
894 4347 1295 4400 Advcrtcndum
1341 4356 1599 4415 praeterea
1654 4346 1793 4400 scri-

210 4440 387 4505 psisse
432 4437 738 4493 Nemesium
800 4449 922 4492 ante
975 4438 1207 4491 Nestorii
1264 4448 1426 4506 atque
1480 4438 1793 4508 EtlyCIlellS

209 4519 481 4597 tempora,
506 4541 562 4582 ut
593 4529 834 4599 pluribus
859 4532 1036 4597 arguit
1059 4529 1233 4583 editor
1257 4528 1583 4584 Osouieusis
1620 4547 1630 4581 :
1661 4530 1788 4596 quin

1895 3354 2118 3408 scopum
2161 3340 2300 3405 lieri,
2331 3349 2425 3393 aut
2467 3341 2665 3395 librum
2699 3342 3004 3397 istiusmodi
3040 3343 3213 3411 qualis
3252 3345 3339 3399 hic
3374 3361 3473 3399 uo-

1893 3442 2005 3487 Siet‘
2030 3440 2114 3485 est
2142 3432 2231 3500 qui
2262 3447 2373 3501 pra:
2401 3433 2649 3488 manibus
2684 3432 2933 3498 habetur,
2973 3435 3275 3501 scripsisse.
3316 3435 3468 3501 Quod

1898 3534 2077 3579 autem
2119 3525 2183 3578 ad
2235 3525 2614 3594 praefecturam
2667 3528 2863 3579 attinet
2907 3534 2959 3578 et
3006 3541 3199 3579 nomen
3255 3526 3477 3581 Christo

1899 3617 2135 3669 nondum
2168 3618 2372 3683 datum,
2408 3616 2564 3671 facile
2592 3619 2697 3670 crit
2738 3632 3032 3685 reponere;
3066 3633 3177 3673 rem
3208 3634 3325 3671 eam
3371 3636 3474 3671 non

1895 3708 2026 3761 adeo
2059 3708 2431 3762 incredibilem
2459 3709 2630 3762 videri
2672 3709 2738 3763 iis
2767 3711 2857 3777 qui
2894 3711 3162 3773 noverint,
3195 3710 3379 3779 quales
3415 3727 3479 3765 ro

1896 3800 2012 3861 ipso
2063 3796 2114 3847 iu
2172 3796 2373 3850 saeculo
2423 3795 2645 3851 fuerunt
2687 3798 3041 3861 Ambrosius,
3087 3798 3368 3853 Nectarius
3423 3811 3476 3851 et

1899 3883 2193 3953 Syuesius.
2244 3900 2367 3939 cum
2406 3886 2473 3939 ad
2511 3889 2668 3941 sedes
2704 3903 2829 3941 suas
2865 3898 3330 3955 promovereutur.
3368 3887 3478 3942 Nec

1897 3986 2044 4029 certe
2079 3976 2357 4031 Nemcsius
2393 3987 2578 4030 noster
2609 3978 2783 4031 sacris
2819 3977 3003 4033 infulis
3036 3979 3287 4048 indignus
3319 3994 3477 4047 pror-

1897 4082 1989 4121 sus
2022 4068 2324 4131 habebitur,
2361 4070 2451 4138 qui
2504 4084 2533 4122 a
2582 4069 2856 4138 Theolngo
2907 4072 3189 4140 Gregorio,
3244 4072 3476 4139 philoso-

1896 4161 2050 4224 phim,
2094 4161 2386 4229 probitatis,
2410 4164 2661 4229 jttstilite,
2699 4166 2947 4217 amicitia?
2983 4154 3198 4218 demum
3236 4167 3477 4229 nomine,

1901 4264 2005 4303 ltOu
2066 4252 2225 4304 modo
2277 4251 2510 4315 laudari,
2556 4256 2647 4306 sed
2696 4268 2817 4307 cum
2859 4257 3203 4309 veneratione
3244 4258 3476 4323 quadam

1899 4341 2099 4408 suspici
2128 4355 2289 4408 atque
2323 4342 2426 4395 coli
2472 4354 2741 4397 meruerat
2783 4363 2794 4397 :
2838 4358 2997 4411 quem
3026 4346 3188 4396 etiam
3220 4355 3478 4412 utcunque

1899 4429 2021 4479 olim
2056 4430 2440 4492 charissimam,
2479 4431 2642 4498 magis
2672 4434 2957 4483 etiamnum
2983 4430 3198 4483 charum
3240 4433 3480 4497 futurum

1900 4521 2113 4588 ejusque
2145 4522 2317 4583 animo
2348 4523 2552 4587 penitus
2597 4536 2689 4573 ceu
2726 4522 2969 4574 columna
3021 4537 3155 4574 (mea
3192 4524 3477 4574 inscriben-

206 4632 265 4674 et
297 4632 430 4673 ante
458 4619 754 4690 Pelagium,
794 4637 916 4673 cum
950 4625 999 4673 in
1029 4620 1232 4688 prolixa
1260 4620 1325 4673 de
1359 4620 1526 4673 libero
1563 4621 1787 4672 arbitrio

1912 4612 2039 4662 dum
2081 4612 2307 4678 SpOndet
2353 4612 2443 4681 (ε),
2482 4611 2669 4680 ἐπειδὴ
2711 4611 2778 4665 ἂν
2807 4613 2963 4683 γένῃ,
3002 4612 3137 4665 Θεοῦ
3172 4614 3261 4665 καὶ
3296 4612 3480 4679 σαφῶς

208 4710 578 4781 disputatione
634 4712 710 4782 (li)
768 4713 1142 4782 Pelagianismi
1194 4714 1520 4766 mentionem
1574 4726 1797 4779 prorsus

282 5017 356 5079 (α)
402 5014 572 5070 Muses
604 5013 687 5076 8.,
739 5014 811 5067 De
848 5014 1058 5081 paruit,
1108 5027 1225 5082 pag.
1264 5010 1331 5064 53
1357 5009 1479 5062 edit.
1517 5011 1790 5079 Antwerp.

280 5156 360 5223 (b)
413 5154 682 5209 Manliano
734 5153 870 5207 Bibi.
909 5152 1097 5213 (Ioisf.,
1135 5166 1251 5219 pag.
1279 5148 1400 5202 412.

284 5222 355 5295 (c)
405 5223 619 5295 ﬁemes.
654 5224 726 5277 De
765 5234 872 5276 nat.
911 5226 1073 5285 hom.,
1105 5238 1220 5289 cap.
1256 5222 1300 5273 1.

303 5299 359 5361 d)
408 5294 481 5346 Μ.
510 5296 618 5347 ιιηιι
655 5335 667 5351 ,
704 5310 749 5346 c.
775 5313 824 5362 ιι.
858 5295 912 5345 ΕΞ.

306 5369 358 5433 e)
403 5362 481 5417 Id.
523 5364 823 5429 ilald.,c.tp.
862 5364 911 5416 5.

312 5437 355 5502 ἶ)
403 5434 667 5487 ιι1.ἱὶ]ίι1..
712 5449 823 5493 Cati.
863 5435 915 5495 ‘2,
953 5433 1004 5485 5.

305 5508 360 5573 gl
397 5504 476 5555 Id.
500 5506 653 5573 ilnil,
695 5518 810 5569 cap.
847 5504 900 5554 ‘2.

281 5569 361 5649 (Ii)
407 5573 547 5629 Pier.
588 5572 739 5626 Alex.
774 5574 915 5638 apud
949 5571 1108 5625 Pbot.
1139 5569 1277 5623 Bibl.
1316 5571 1439 5625 cod.
1469 5581 1619 5631 cxux,
1670 5583 1789 5635 pug.

212 5646 345 5785 23%)
391 5710 870 5785 Μςιῑιοά.-Ο⁸υιιεὶυ.
902 5711 1034 5778 virg.
1074 5718 1213 5763 orat.
1246 5724 1307 5772 ll,
1340 5706 1366 5777 ξ
1394 5708 1451 5761 5.
1489 5706 1573 5777 [Τ.
1630 5705 1788 5760 ΧΗΗ

216 5779 421 5840 ηοὲίτα-
456 5781 571 5834 Bibl
631 5779 770 5850 PR]

286 5855 355 5921 ο)
401 5853 513 5905 ιλνο
556 5852 603 5913 l,
639 5844 775 5918 (ιωδὶ
830 5866 917 5911 Xt',
951 5851 1015 5902 ad
1061 5847 1301 5909 Tutrib.,
1338 5862 1456 5915 cap.
1504 5845 1595 5911 IU,
1629 5844 1764 5913 Opp.

1904 4705 2169 4777 ἡμέτερος
2189 4724 2200 4737 ε
2237 4706 2461 4771 scilicet,
2495 4723 2616 4760 cum
2646 4709 2832 4775 pietati
2863 4707 3187 4761 Christiana:
3214 4722 3271 4761 sc
3306 4717 3475 4761 totum

1904 5022 2036 5068 tom.
2062 5011 2102 5075 l,
2131 5026 2249 5079 pag.
2289 5012 2391 5066 705
2420 5014 2548 5068 edit.
2581 5014 2774 5067 Baller.

1973 5081 2046 5147 (li)
2090 5082 2324 5146 Nemes.,
2354 5099 2473 5150 cap.
2506 5084 2591 5147 59,
2625 5083 2712 5147 40,
2750 5084 2837 5136 44.

1973 5150 2455 5230 (l)_Lequien:.0r.
2503 5153 2722 5230 Christ,
2754 5150 2981 5230 tom."ll,
3018 5166 3137 5220 pag.
3177 5150 3301 5230 διο.

1983 5218 2067 5292 (in)
2094 5220 2267 5292 Greg.
2310 5222 2439 5275 Naz.
2468 5226 2621 5291 epist.
2656 5238 2871 5275 Lxxxvtt
2904 5218 3269 5292 [nuuc‘cxx].

1998 5235 2067 5284 in)
2108 5235 2267 5289 breg.
2310 5235 2439 5275 Νη.
2468 5235 2621 5291 epist.
2656 5238 2871 5275 Lxxxvn
2905 5235 3089 5292 [ιιιιιιρ
3125 5238 3215 5275 cxx
3238 5235 3269 5292 ι.

1971 5235 2048 5362 in)
2091 5290 2161 5343 Id.
2213 5293 2515 5362 epist.‘79.
2568 5293 2690 5357 185,
2746 5292 2864 5356 184,
2915 5290 3018 5346 185
3066 5289 3250 5362 [nunc
3300 5305 3479 5359 cxcw,

1901 5359 2425 5433 cret-ni_,_cc,cm].
2551 5429 2569 5433 _
2916 5429 2945 5433 ι
3069 5359 3085 5362 ⁷
3322 5400 3336 5433 1

1906 5429 2501 5570 10901)]ld.carm.'1.x1
2548 5429 2739 5503 [nunc
2785 5445 2882 5495 vn,
2916 5429 3009 5484 lib.
3045 5446 3104 5496 ιι,
3146 5438 3277 5484 sect.
3321 5430 3378 5489 2,
3428 5446 3480 5497 p.

1972 5568 2066 5635 (p)'
2092 5569 2301 5638 Fabric.
2356 5570 2492 5623 Bibl.
2544 5568 2638 5622 Gr.
2689 5579 2818 5625 tom.
2867 5569 2974 5634 VII,
3030 5584 3149 5638 pag.
3189 5569 3311 5624 549.
3357 5568 3480 5631 [Εηι.

1905 5639 2091 5693 ilarles
2117 5637 2207 5702 IX,
2242 5640 2402 5709 504.]

1971 5710 2046 5775 (qi
2086 5705 2469 5763 'I‘tllemJlé'm.
2521 5711 2667 5774 εδει..
2733 5721 2861 5765 ιοιιι.
2902 5708 2989 5773 IX,
3028 5725 3148 5778 pag.
3187 5709 3312 5775 5-H,
3352 5705 3476 5763 θον.

1975 5782 2044 5845 (ι)
2082 5778 2253 5832 Oxon.
2282 5781 2597 5835 Prmfatad
2632 5782 2841 5835 Nemes.
2874 5794 2992 5847 pag.
3039 5794 3088 5832 ν.

1978 5851 2046 5919 (s)
2090 5848 2252 5920 ϐενε.
2295 5849 2418 5903 Νη.
2451 5853 2606 5922 epist.
2644 5845 3071 5921 ccxxxivﬁiunc
3097 5845 3206 5920 cc].
